  <div class='ocr_page' id='page_1' title='image "/cluster/home/n/w/nwhite01/storage/ocr_20150623/36/nnc1.0022377409/333.png"; bbox 0 0 3898 6222; ppageno 0'>
   <div class='ocr_carea' id='block_1_1' title="bbox 400 309 505 371">
    <p class='ocr_par' dir='ltr' id='par_1_1' title="bbox 400 309 505 371">
     <span class='ocr_line' id='line_1_1' title="bbox 400 309 505 371; baseline 0.019 -2"><span class='ocrx_word' id='word_1_1' title='bbox 400 309 505 371; x_wconf 63' lang='grc' dir='ltr'>ειν)</span> 
     </span>
    </p>
   </div>
   <div class='ocr_carea' id='block_1_2' title="bbox 1621 309 2438 370">
    <p class='ocr_par' dir='ltr' id='par_1_2' title="bbox 1621 309 2438 370">
     <span class='ocr_line' id='line_1_2' title="bbox 1621 309 2438 370; baseline 0.004 -4"><span class='ocrx_word' id='word_1_2' title='bbox 1621 309 1679 367; x_wconf 90' lang='lat' dir='ltr'><strong>S.</strong></span> <span class='ocrx_word' id='word_1_3' title='bbox 1723 309 2051 368; x_wconf 80' lang='lat' dir='ltr'><strong>GREGORII</strong></span> <span class='ocrx_word' id='word_1_4' title='bbox 2091 312 2438 370; x_wconf 84' lang='lat' dir='ltr'><strong>THEOI.OGI</strong></span> 
     </span>
    </p>
   </div>
   <div class='ocr_carea' id='block_1_3' title="bbox 3580 321 3686 382">
    <p class='ocr_par' dir='ltr' id='par_1_3' title="bbox 3580 321 3686 382">
     <span class='ocr_line' id='line_1_3' title="bbox 3580 321 3686 382; baseline 0.019 -2"><span class='ocrx_word' id='word_1_5' title='bbox 3580 321 3686 382; x_wconf 81' lang='lat'><strong>600</strong></span> 
     </span>
    </p>
   </div>
   <div class='ocr_carea' id='block_1_4' title="bbox 398 429 2008 512">
    <p class='ocr_par' dir='ltr' id='par_1_4' title="bbox 398 429 1982 505">
     <span class='ocr_line' id='line_1_4' title="bbox 398 429 1982 505; baseline -0.001 -15"><span class='ocrx_word' id='word_1_6' title='bbox 398 431 540 490; x_wconf 67' lang='lat' dir='ltr'><strong>riam</strong></span> <span class='ocrx_word' id='word_1_7' title='bbox 573 432 920 501; x_wconf 78' lang='lat' dir='ltr'><strong>nominisque</strong></span> <span class='ocrx_word' id='word_1_8' title='bbox 966 429 1269 487; x_wconf 77' lang='lat' dir='ltr'><strong>claritatem</strong></span> <span class='ocrx_word' id='word_1_9' title='bbox 1321 433 1639 503; x_wconf 86' lang='lat' dir='ltr'><strong>parandam,</strong></span> <span class='ocrx_word' id='word_1_10' title='bbox 1680 435 1982 505; x_wconf 72' lang='lat' dir='ltr'><strong>echgitata</strong></span> 
     </span>
    </p>
   </div>
   <div class='ocr_carea' id='block_1_5' title="bbox 2115 429 3685 512">
    <p class='ocr_par' dir='ltr' id='par_1_5' title="bbox 2115 433 3685 512">
     <span class='ocr_line' id='line_1_5' title="bbox 2115 433 3685 512; baseline 0.006 -27"><span class='ocrx_word' id='word_1_11' title='bbox 2115 453 2205 499; x_wconf 65' lang='grc' dir='ltr'>νοις</span> <span class='ocrx_word' id='word_1_12' title='bbox 2258 439 2337 501; x_wconf 83' lang='grc' dir='ltr'><strong>είς</strong></span> <span class='ocrx_word' id='word_1_13' title='bbox 2385 436 2630 502; x_wconf 81' lang='grc' dir='ltr'><strong>εὐδοξίαν</strong></span> <span class='ocrx_word' id='word_1_14' title='bbox 2684 437 2796 508; x_wconf 80' lang='grc'>(19)</span> <span class='ocrx_word' id='word_1_15' title='bbox 2861 438 3152 511; x_wconf 79' lang='grc' dir='ltr'>ἐπενοήθη.</span> <span class='ocrx_word' id='word_1_16' title='bbox 3214 433 3339 492; x_wconf 81' lang='grc' dir='ltr'>Οἷον</span> <span class='ocrx_word' id='word_1_17' title='bbox 3392 437 3685 512; x_wconf 73' lang='grc' dir='ltr'><strong>ὠχρότητα</strong></span> 
     </span>
    </p>
   </div>
   <div class='ocr_carea' id='block_1_6' title="bbox 402 524 1987 595">
    <p class='ocr_par' dir='ltr' id='par_1_6' title="bbox 402 524 1987 595">
     <span class='ocr_line' id='line_1_6' title="bbox 402 524 1987 595; baseline 0.001 -17"><span class='ocrx_word' id='word_1_18' title='bbox 402 530 533 580; x_wconf 81' lang='lat' dir='ltr'><strong>siut.</strong></span> <span class='ocrx_word' id='word_1_19' title='bbox 569 524 735 593; x_wconf 85' lang='lat' dir='ltr'><strong>Cujus</strong></span> <span class='ocrx_word' id='word_1_20' title='bbox 765 524 982 595; x_wconf 80' lang='lat' dir='ltr'><strong>generis</strong></span> <span class='ocrx_word' id='word_1_21' title='bbox 1031 533 1180 591; x_wconf 90' lang='lat' dir='ltr'><strong>sunt,</strong></span> <span class='ocrx_word' id='word_1_22' title='bbox 1223 526 1419 594; x_wconf 84' lang='lat' dir='ltr'><strong>pallor,</strong></span> <span class='ocrx_word' id='word_1_23' title='bbox 1451 525 1639 591; x_wconf 82' lang='lat' dir='ltr'><strong>barba,</strong></span> <span class='ocrx_word' id='word_1_24' title='bbox 1671 537 1854 581; x_wconf 81' lang='lat' dir='ltr'><strong>certus</strong></span> <span class='ocrx_word' id='word_1_25' title='bbox 1900 528 1987 580; x_wconf 91' lang='lat' dir='ltr'><strong>in-</strong></span> 
     </span>
    </p>
   </div>
   <div class='ocr_carea' id='block_1_7' title="bbox 404 616 1989 687">
    <p class='ocr_par' dir='ltr' id='par_1_7' title="bbox 404 616 1989 687">
     <span class='ocr_line' id='line_1_7' title="bbox 404 616 1989 687; baseline 0.002 -17"><span class='ocrx_word' id='word_1_26' title='bbox 404 617 629 672; x_wconf 70' lang='lat' dir='ltr'><strong>cedendi</strong></span> <span class='ocrx_word' id='word_1_27' title='bbox 684 620 899 683; x_wconf 86' lang='lat' dir='ltr'><strong>modus,</strong></span> <span class='ocrx_word' id='word_1_28' title='bbox 944 624 1057 670; x_wconf 86' lang='lat' dir='ltr'><strong>tum</strong></span> <span class='ocrx_word' id='word_1_29' title='bbox 1101 617 1266 671; x_wconf 89' lang='lat' dir='ltr'><strong>etiam</strong></span> <span class='ocrx_word' id='word_1_30' title='bbox 1309 620 1376 672; x_wconf 92' lang='lat' dir='ltr'><strong>ad</strong></span> <span class='ocrx_word' id='word_1_31' title='bbox 1410 616 1735 687; x_wconf 88' lang='lat' dir='ltr'><strong>loquendum</strong></span> <span class='ocrx_word' id='word_1_32' title='bbox 1769 618 1989 673; x_wconf 91' lang='lat' dir='ltr'><strong>minime</strong></span> 
     </span>
    </p>
   </div>
   <div class='ocr_carea' id='block_1_8' title="bbox 406 708 1987 778">
    <p class='ocr_par' dir='ltr' id='par_1_8' title="bbox 406 708 1987 778">
     <span class='ocr_line' id='line_1_8' title="bbox 406 708 1987 778; baseline -0.002 -14"><span class='ocrx_word' id='word_1_33' title='bbox 406 717 715 778; x_wconf 68' lang='lat' dir='ltr'><strong>promptum</strong></span> <span class='ocrx_word' id='word_1_34' title='bbox 747 723 887 770; x_wconf 89' lang='lat' dir='ltr'><strong>esse,</strong></span> <span class='ocrx_word' id='word_1_35' title='bbox 916 708 1009 761; x_wconf 89' lang='lat' dir='ltr'><strong>sed</strong></span> <span class='ocrx_word' id='word_1_36' title='bbox 1041 717 1100 761; x_wconf 92' lang='lat' dir='ltr'><strong>ut</strong></span> <span class='ocrx_word' id='word_1_37' title='bbox 1129 708 1416 776; x_wconf 91' lang='lat' dir='ltr'><strong>plurimum</strong></span> <span class='ocrx_word' id='word_1_38' title='bbox 1454 708 1873 777; x_wconf 81' lang='lat' dir='ltr'><strong>cogitabundnm</strong></span> <span class='ocrx_word' id='word_1_39' title='bbox 1905 717 1987 761; x_wconf 90' lang='lat' dir='ltr'><strong>at-</strong></span> 
     </span>
    </p>
   </div>
   <div class='ocr_carea' id='block_1_9' title="bbox 406 802 1993 873">
    <p class='ocr_par' dir='ltr' id='par_1_9' title="bbox 406 802 1993 873">
     <span class='ocr_line' id='line_1_9' title="bbox 406 802 1993 873; baseline 0.001 -19"><span class='ocrx_word' id='word_1_40' title='bbox 406 816 514 870; x_wconf 90' lang='lat' dir='ltr'><strong>que</strong></span> <span class='ocrx_word' id='word_1_41' title='bbox 549 804 695 858; x_wconf 89' lang='lat' dir='ltr'><strong>intro</strong></span> <span class='ocrx_word' id='word_1_42' title='bbox 742 802 1060 867; x_wconf 63' lang='lat' dir='ltr'><strong>collectum;</strong></span> <span class='ocrx_word' id='word_1_43' title='bbox 1111 804 1163 856; x_wconf 93' lang='lat' dir='ltr'><strong>id</strong></span> <span class='ocrx_word' id='word_1_44' title='bbox 1190 806 1332 873; x_wconf 87' lang='lat' dir='ltr'><strong>quod</strong></span> <span class='ocrx_word' id='word_1_45' title='bbox 1371 803 1522 857; x_wconf 89' lang='lat' dir='ltr'><strong>multi</strong></span> <span class='ocrx_word' id='word_1_46' title='bbox 1555 820 1660 858; x_wconf 90' lang='lat' dir='ltr'><strong>non</strong></span> <span class='ocrx_word' id='word_1_47' title='bbox 1697 814 1843 860; x_wconf 88' lang='lat' dir='ltr'><strong>recte</strong></span> <span class='ocrx_word' id='word_1_48' title='bbox 1872 804 1993 858; x_wconf 90' lang='lat' dir='ltr'><strong>imi-</strong></span> 
     </span>
    </p>
   </div>
   <div class='ocr_carea' id='block_1_10' title="bbox 414 895 1992 965">
    <p class='ocr_par' dir='ltr' id='par_1_10' title="bbox 414 895 1992 965">
     <span class='ocr_line' id='line_1_10' title="bbox 414 895 1992 965; baseline 0.001 -18"><span class='ocrx_word' id='word_1_49' title='bbox 414 904 611 957; x_wconf 86' lang='lat' dir='ltr'><strong>tantes,</strong></span> <span class='ocrx_word' id='word_1_50' title='bbox 634 910 734 949; x_wconf 88' lang='lat' dir='ltr'><strong>nec</strong></span> <span class='ocrx_word' id='word_1_51' title='bbox 758 895 1318 957; x_wconf 79' lang='lat' dir='ltr'><strong>animadvertentes,in</strong></span> <span class='ocrx_word' id='word_1_52' title='bbox 1333 896 1572 951; x_wconf 83' lang='lat' dir='ltr'><strong>odiosam</strong></span> <span class='ocrx_word' id='word_1_53' title='bbox 1590 898 1875 965; x_wconf 82' lang='lat' dir='ltr'><strong>quamdam</strong></span> <span class='ocrx_word' id='word_1_54' title='bbox 1903 897 1992 949; x_wconf 91' lang='lat' dir='ltr'><strong>tri-</strong></span> 
     </span>
    </p>
   </div>
   <div class='ocr_carea' id='block_1_11' title="bbox 412 986 1990 1056">
    <p class='ocr_par' dir='ltr' id='par_1_11' title="bbox 412 986 1990 1056">
     <span class='ocr_line' id='line_1_11' title="bbox 412 986 1990 1056; baseline -0.001 -14"><span class='ocrx_word' id='word_1_55' title='bbox 412 989 613 1043; x_wconf 83' lang='lat' dir='ltr'><strong>stitiam</strong></span> <span class='ocrx_word' id='word_1_56' title='bbox 646 988 967 1042; x_wconf 89' lang='lat' dir='ltr'><strong>inciderunt.</strong></span> <span class='ocrx_word' id='word_1_57' title='bbox 990 987 1163 1042; x_wconf 82' lang='lat' dir='ltr'><strong>Vestis</strong></span> <span class='ocrx_word' id='word_1_58' title='bbox 1179 988 1341 1041; x_wconf 90' lang='lat' dir='ltr'><strong>etiam</strong></span> <span class='ocrx_word' id='word_1_59' title='bbox 1360 1003 1547 1056; x_wconf 81' lang='lat' dir='ltr'><strong>genus,</strong></span> <span class='ocrx_word' id='word_1_60' title='bbox 1572 999 1624 1040; x_wconf 90' lang='lat' dir='ltr'><strong>et</strong></span> <span class='ocrx_word' id='word_1_61' title='bbox 1663 986 1842 1041; x_wconf 80' lang='lat' dir='ltr'><strong>lectuli</strong></span> <span class='ocrx_word' id='word_1_62' title='bbox 1866 1002 1990 1056; x_wconf 87' lang='lat' dir='ltr'><strong>spe-</strong></span> 
     </span>
    </p>
   </div>
   <div class='ocr_carea' id='block_1_12' title="bbox 411 1076 1992 1146">
    <p class='ocr_par' dir='ltr' id='par_1_12' title="bbox 411 1076 1992 1146">
     <span class='ocr_line' id='line_1_12' title="bbox 411 1076 1992 1146; baseline -0.003 -13"><span class='ocrx_word' id='word_1_63' title='bbox 411 1078 729 1141; x_wconf 84' lang='lat' dir='ltr'><strong>cies,etcibi</strong></span> <span class='ocrx_word' id='word_1_64' title='bbox 750 1078 993 1131; x_wconf 87' lang='lat' dir='ltr'><strong>sumendi</strong></span> <span class='ocrx_word' id='word_1_65' title='bbox 1014 1078 1223 1139; x_wconf 86' lang='lat' dir='ltr'><strong>modus;</strong></span> <span class='ocrx_word' id='word_1_66' title='bbox 1248 1092 1476 1146; x_wconf 83' lang='lat' dir='ltr'><strong>quorum</strong></span> <span class='ocrx_word' id='word_1_67' title='bbox 1494 1077 1623 1130; x_wconf 88' lang='lat' dir='ltr'><strong>nihil</strong></span> <span class='ocrx_word' id='word_1_68' title='bbox 1648 1076 1735 1131; x_wconf 91' lang='lat' dir='ltr'><strong>ille</strong></span> <span class='ocrx_word' id='word_1_69' title='bbox 1757 1078 1992 1131; x_wconf 72' lang='lat' dir='ltr'><strong>studiose</strong></span> 
     </span>
    </p>
   </div>
   <div class='ocr_carea' id='block_1_13' title="bbox 414 1166 1995 1237">
    <p class='ocr_par' dir='ltr' id='par_1_13' title="bbox 414 1166 1995 1237">
     <span class='ocr_line' id='line_1_13' title="bbox 414 1166 1995 1237; baseline -0.001 -15"><span class='ocrx_word' id='word_1_70' title='bbox 414 1168 679 1233; x_wconf 75' lang='lat' dir='ltr'><strong>adhibuit,</strong></span> <span class='ocrx_word' id='word_1_71' title='bbox 707 1171 802 1222; x_wconf 89' lang='lat' dir='ltr'><strong>sed</strong></span> <span class='ocrx_word' id='word_1_72' title='bbox 845 1167 1180 1235; x_wconf 86' lang='lat' dir='ltr'><strong>simpliciter,</strong></span> <span class='ocrx_word' id='word_1_73' title='bbox 1237 1177 1291 1222; x_wconf 91' lang='lat' dir='ltr'><strong>et</strong></span> <span class='ocrx_word' id='word_1_74' title='bbox 1327 1177 1486 1236; x_wconf 84' lang='lat' dir='ltr'><strong>prout</strong></span> <span class='ocrx_word' id='word_1_75' title='bbox 1536 1166 1886 1237; x_wconf 83' lang='lat' dir='ltr'><strong>congruebat.</strong></span> <span class='ocrx_word' id='word_1_76' title='bbox 1916 1168 1995 1220; x_wconf 87' lang='lat' dir='ltr'><strong>Ac</strong></span> 
     </span>
    </p>
   </div>
   <div class='ocr_carea' id='block_1_14' title="bbox 414 1259 1994 1328">
    <p class='ocr_par' dir='ltr' id='par_1_14' title="bbox 414 1259 1994 1328">
     <span class='ocr_line' id='line_1_14' title="bbox 414 1259 1994 1328; baseline 0.001 -15"><span class='ocrx_word' id='word_1_77' title='bbox 414 1261 612 1315; x_wconf 91' lang='lat' dir='ltr'><strong>multos</strong></span> <span class='ocrx_word' id='word_1_78' title='bbox 630 1259 741 1328; x_wconf 87' lang='lat' dir='ltr'><strong>jam</strong></span> <span class='ocrx_word' id='word_1_79' title='bbox 776 1259 1003 1314; x_wconf 85' lang='lat' dir='ltr'><strong>Basilius</strong></span> <span class='ocrx_word' id='word_1_80' title='bbox 1020 1261 1197 1328; x_wconf 83' lang='lat' dir='ltr'><strong>specie</strong></span> <span class='ocrx_word' id='word_1_81' title='bbox 1235 1269 1394 1314; x_wconf 89' lang='lat' dir='ltr'><strong>tenus</strong></span> <span class='ocrx_word' id='word_1_82' title='bbox 1412 1261 1593 1313; x_wconf 84' lang='lat' dir='ltr'><strong>videre</strong></span> <span class='ocrx_word' id='word_1_83' title='bbox 1617 1261 1760 1323; x_wconf 89' lang='lat' dir='ltr'><strong>licet,</strong></span> <span class='ocrx_word' id='word_1_84' title='bbox 1786 1269 1994 1314; x_wconf 85' lang='lat' dir='ltr'><strong>statuas</strong></span> 
     </span>
    </p>
   </div>
   <div class='ocr_carea' id='block_1_15' title="bbox 415 1351 1999 1421">
    <p class='ocr_par' dir='ltr' id='par_1_15' title="bbox 415 1351 1999 1421">
     <span class='ocr_line' id='line_1_15' title="bbox 415 1351 1999 1421; baseline -0.002 -13"><span class='ocrx_word' id='word_1_85' title='bbox 415 1354 668 1408; x_wconf 91' lang='lat' dir='ltr'><strong>nimirum</strong></span> <span class='ocrx_word' id='word_1_86' title='bbox 710 1354 760 1406; x_wconf 94' lang='lat' dir='ltr'><strong>in</strong></span> <span class='ocrx_word' id='word_1_87' title='bbox 793 1351 1033 1419; x_wconf 88' lang='lat' dir='ltr'><strong>umbris;</strong></span> <span class='ocrx_word' id='word_1_88' title='bbox 1085 1352 1309 1407; x_wconf 90' lang='lat' dir='ltr'><strong>multum</strong></span> <span class='ocrx_word' id='word_1_89' title='bbox 1348 1354 1490 1407; x_wconf 92' lang='lat' dir='ltr'><strong>enim</strong></span> <span class='ocrx_word' id='word_1_90' title='bbox 1539 1352 1722 1416; x_wconf 81' lang='lat' dir='ltr'><strong>fuerit,</strong></span> <span class='ocrx_word' id='word_1_91' title='bbox 1758 1353 1800 1405; x_wconf 92' lang='lat' dir='ltr'><strong>si</strong></span> <span class='ocrx_word' id='word_1_92' title='bbox 1843 1367 1999 1421; x_wconf 86' lang='lat' dir='ltr'><strong>repe-</strong></span> 
     </span>
    </p>
   </div>
   <div class='ocr_carea' id='block_1_16' title="bbox 416 1445 1994 1515">
    <p class='ocr_par' dir='ltr' id='par_1_16' title="bbox 416 1445 1994 1515">
     <span class='ocr_line' id='line_1_16' title="bbox 416 1445 1994 1515; baseline -0.002 -15"><span class='ocrx_word' id='word_1_93' title='bbox 416 1449 570 1501; x_wconf 88' lang='lat' dir='ltr'><strong>titam</strong></span> <span class='ocrx_word' id='word_1_94' title='bbox 605 1447 772 1501; x_wconf 88' lang='lat' dir='ltr'><strong>eclms</strong></span> <span class='ocrx_word' id='word_1_95' title='bbox 818 1460 1003 1500; x_wconf 88' lang='lat' dir='ltr'><strong>vocem</strong></span> <span class='ocrx_word' id='word_1_96' title='bbox 1038 1462 1159 1502; x_wconf 91' lang='lat' dir='ltr'><strong>esse</strong></span> <span class='ocrx_word' id='word_1_97' title='bbox 1195 1448 1397 1503; x_wconf 82' lang='lat' dir='ltr'><strong>dixero.</strong></span> <span class='ocrx_word' id='word_1_98' title='bbox 1466 1447 1600 1500; x_wconf 84' lang='lat' dir='ltr'><strong>Nam</strong></span> <span class='ocrx_word' id='word_1_99' title='bbox 1650 1445 1762 1510; x_wconf 83' lang='lat' dir='ltr'><strong>illa,</strong></span> <span class='ocrx_word' id='word_1_100' title='bbox 1802 1459 1994 1515; x_wconf 89' lang='lat' dir='ltr'><strong>quam-</strong></span> 
     </span>
    </p>
   </div>
   <div class='ocr_carea' id='block_1_17' title="bbox 417 1538 1997 1610">
    <p class='ocr_par' dir='ltr' id='par_1_17' title="bbox 417 1538 1997 1610">
     <span class='ocr_line' id='line_1_17' title="bbox 417 1538 1997 1610; baseline 0.001 -19"><span class='ocrx_word' id='word_1_101' title='bbox 417 1541 496 1596; x_wconf 81' lang='lat' dir='ltr'><strong>vis</strong></span> <span class='ocrx_word' id='word_1_102' title='bbox 532 1550 860 1610; x_wconf 83' lang='lat' dir='ltr'><strong>postremam</strong></span> <span class='ocrx_word' id='word_1_103' title='bbox 917 1543 1182 1594; x_wconf 80' lang='lat' dir='ltr'><strong>duntaxat</strong></span> <span class='ocrx_word' id='word_1_104' title='bbox 1219 1541 1365 1594; x_wconf 86' lang='lat' dir='ltr'><strong>vocis</strong></span> <span class='ocrx_word' id='word_1_105' title='bbox 1408 1549 1634 1608; x_wconf 90' lang='lat' dir='ltr'><strong>partem,</strong></span> <span class='ocrx_word' id='word_1_106' title='bbox 1687 1538 1997 1606; x_wconf 75' lang='lat' dir='ltr'><strong>expressius</strong></span> 
     </span>
    </p>
   </div>
   <div class='ocr_carea' id='block_1_18' title="bbox 417 1629 1995 1700">
    <p class='ocr_par' dir='ltr' id='par_1_18' title="bbox 417 1629 1995 1700">
     <span class='ocr_line' id='line_1_18' title="bbox 417 1629 1995 1700; baseline -0.001 -18"><span class='ocrx_word' id='word_1_107' title='bbox 417 1643 594 1684; x_wconf 89' lang='lat' dir='ltr'><strong>tamen</strong></span> <span class='ocrx_word' id='word_1_108' title='bbox 619 1629 848 1700; x_wconf 81' lang='lat' dir='ltr'><strong>ellingit:</strong></span> <span class='ocrx_word' id='word_1_109' title='bbox 871 1632 921 1684; x_wconf 90' lang='lat' dir='ltr'><strong>hi</strong></span> <span class='ocrx_word' id='word_1_110' title='bbox 945 1641 1124 1685; x_wconf 91' lang='lat' dir='ltr'><strong>autem</strong></span> <span class='ocrx_word' id='word_1_111' title='bbox 1154 1630 1361 1698; x_wconf 86' lang='lat' dir='ltr'><strong>longius</strong></span> <span class='ocrx_word' id='word_1_112' title='bbox 1389 1630 1456 1684; x_wconf 89' lang='lat' dir='ltr'><strong>ab</strong></span> <span class='ocrx_word' id='word_1_113' title='bbox 1492 1644 1557 1684; x_wconf 87' lang='lat' dir='ltr'><strong>eo</strong></span> <span class='ocrx_word' id='word_1_114' title='bbox 1584 1630 1802 1693; x_wconf 84' lang='lat' dir='ltr'><strong>distant,</strong></span> <span class='ocrx_word' id='word_1_115' title='bbox 1833 1645 1995 1699; x_wconf 87' lang='lat' dir='ltr'><strong>quam</strong></span> 
     </span>
    </p>
   </div>
   <div class='ocr_carea' id='block_1_19' title="bbox 415 1718 1994 1788">
    <p class='ocr_par' dir='ltr' id='par_1_19' title="bbox 415 1718 1994 1788">
     <span class='ocr_line' id='line_1_19' title="bbox 415 1718 1994 1788; baseline -0.003 -15"><span class='ocrx_word' id='word_1_116' title='bbox 415 1729 675 1788; x_wconf 73' lang='lat' dir='ltr'><strong>quantum</strong></span> <span class='ocrx_word' id='word_1_117' title='bbox 731 1722 994 1774; x_wconf 87' lang='lat' dir='ltr'><strong>accedere</strong></span> <span class='ocrx_word' id='word_1_118' title='bbox 1066 1719 1476 1787; x_wconf 88' lang='lat' dir='ltr'><strong>concupiscunt.</strong></span> <span class='ocrx_word' id='word_1_119' title='bbox 1533 1718 1664 1771; x_wconf 86' lang='lat' dir='ltr'><strong>Illud</strong></span> <span class='ocrx_word' id='word_1_120' title='bbox 1701 1734 1831 1771; x_wconf 89' lang='lat' dir='ltr'><strong>vero</strong></span> <span class='ocrx_word' id='word_1_121' title='bbox 1891 1733 1994 1769; x_wconf 89' lang='lat' dir='ltr'><strong>non</strong></span> 
     </span>
    </p>
   </div>
   <div class='ocr_carea' id='block_1_20' title="bbox 2088 525 3687 603">
    <p class='ocr_par' dir='ltr' id='par_1_20' title="bbox 2088 525 3687 603">
     <span class='ocr_line' id='line_1_20' title="bbox 2088 525 3687 603; baseline 0.004 -23"><span class='ocrx_word' id='word_1_122' title='bbox 2088 528 2254 597; x_wconf 83' lang='grc' dir='ltr'>λέγω,</span> <span class='ocrx_word' id='word_1_123' title='bbox 2291 530 2386 582; x_wconf 70' lang='grc' dir='ltr'><strong>καὶ</strong></span> <span class='ocrx_word' id='word_1_124' title='bbox 2418 530 2693 598; x_wconf 84' lang='grc' dir='ltr'><strong>γενειάδα,</strong></span> <span class='ocrx_word' id='word_1_125' title='bbox 2753 532 2847 584; x_wconf 76' lang='grc' dir='ltr'><strong>καὶ</strong></span> <span class='ocrx_word' id='word_1_126' title='bbox 2905 530 3236 603; x_wconf 83' lang='grc' dir='ltr'><strong>βαδίσματος</strong></span> <span class='ocrx_word' id='word_1_127' title='bbox 3277 525 3429 602; x_wconf 82' lang='grc' dir='ltr'>ἦθος,</span> <span class='ocrx_word' id='word_1_128' title='bbox 3486 534 3586 586; x_wconf 74' lang='grc' dir='ltr'><strong>καὶ</strong></span> <span class='ocrx_word' id='word_1_129' title='bbox 3626 535 3687 587; x_wconf 78' lang='grc' dir='ltr'><strong>τὸ</strong></span> 
     </span>
    </p>
   </div>
   <div class='ocr_carea' id='block_1_21' title="bbox 2089 619 3686 695">
    <p class='ocr_par' dir='ltr' id='par_1_21' title="bbox 2089 619 3686 695">
     <span class='ocr_line' id='line_1_21' title="bbox 2089 619 3686 695; baseline 0.004 -24"><span class='ocrx_word' id='word_1_130' title='bbox 2089 619 2221 690; x_wconf 73' lang='grc' dir='ltr'>περὶ</span> <span class='ocrx_word' id='word_1_131' title='bbox 2251 619 2408 689; x_wconf 82' lang='grc' dir='ltr'>λόγον</span> <span class='ocrx_word' id='word_1_132' title='bbox 2442 622 2517 692; x_wconf 85' lang='grc' dir='ltr'>μὴ</span> <span class='ocrx_word' id='word_1_133' title='bbox 2542 622 2851 695; x_wconf 75' lang='grc' dir='ltr'>πρόχειρον,</span> <span class='ocrx_word' id='word_1_134' title='bbox 2890 622 3112 683; x_wconf 77' lang='grc' dir='ltr'><strong>σύννουν</strong></span> <span class='ocrx_word' id='word_1_135' title='bbox 3140 640 3223 684; x_wconf 86' lang='grc' dir='ltr'><strong>τε,</strong></span> <span class='ocrx_word' id='word_1_136' title='bbox 3273 623 3350 686; x_wconf 86' lang='grc' dir='ltr'>ὼς</span> <span class='ocrx_word' id='word_1_137' title='bbox 3385 624 3455 677; x_wconf 84' lang='grc' dir='ltr'>τὰ</span> <span class='ocrx_word' id='word_1_138' title='bbox 3487 624 3686 686; x_wconf 83' lang='grc' dir='ltr'>πολλὰ,</span> 
     </span>
    </p>
   </div>
   <div class='ocr_carea' id='block_1_22' title="bbox 2088 709 3690 785">
    <p class='ocr_par' dir='ltr' id='par_1_22' title="bbox 2088 709 3690 785">
     <span class='ocr_line' id='line_1_22' title="bbox 2088 709 3690 785; baseline 0.003 -23"><span class='ocrx_word' id='word_1_139' title='bbox 2088 709 2185 763; x_wconf 77' lang='grc' dir='ltr'>καὶ</span> <span class='ocrx_word' id='word_1_140' title='bbox 2214 709 2345 762; x_wconf 77' lang='grc' dir='ltr'>εἴσω</span> <span class='ocrx_word' id='word_1_141' title='bbox 2372 712 2722 775; x_wconf 88' lang='grc' dir='ltr'>συννενευκός</span> <span class='ocrx_word' id='word_1_142' title='bbox 2753 711 2865 780; x_wconf 87' lang='grc'>(20)</span> <span class='ocrx_word' id='word_1_143' title='bbox 2890 728 2904 740; x_wconf 82' lang='lat'><strong>&#39;</strong></span> <span class='ocrx_word' id='word_1_144' title='bbox 2946 712 2976 765; x_wconf 87' lang='grc' dir='ltr'><strong>δ</strong></span> <span class='ocrx_word' id='word_1_145' title='bbox 3003 714 3116 775; x_wconf 88' lang='grc' dir='ltr'>τοῖς</span> <span class='ocrx_word' id='word_1_146' title='bbox 3145 711 3358 775; x_wconf 80' lang='grc' dir='ltr'>πολλοῖς</span> <span class='ocrx_word' id='word_1_147' title='bbox 3392 713 3469 785; x_wconf 81' lang='grc' dir='ltr'>μὴ</span> <span class='ocrx_word' id='word_1_148' title='bbox 3502 713 3690 778; x_wconf 83' lang='grc' dir='ltr'>καλῶς</span> 
     </span>
    </p>
   </div>
   <div class='ocr_carea' id='block_1_23' title="bbox 2091 801 3685 877">
    <p class='ocr_par' dir='ltr' id='par_1_23' title="bbox 2091 801 3685 877">
     <span class='ocr_line' id='line_1_23' title="bbox 2091 801 3685 877; baseline 0.003 -22"><span class='ocrx_word' id='word_1_149' title='bbox 2091 801 2355 873; x_wconf 78' lang='grc' dir='ltr'>ζηλωθέν,</span> <span class='ocrx_word' id='word_1_150' title='bbox 2400 804 2538 875; x_wconf 86' lang='grc' dir='ltr'>μηδὲ</span> <span class='ocrx_word' id='word_1_151' title='bbox 2585 805 2777 875; x_wconf 79' lang='grc' dir='ltr'>νοηθὲν</span> <span class='ocrx_word' id='word_1_152' title='bbox 2820 804 2956 874; x_wconf 83' lang='grc'>(21),</span> <span class='ocrx_word' id='word_1_153' title='bbox 3008 804 3402 877; x_wconf 81' lang='grc' dir='ltr'>σκυθρωπότης</span> <span class='ocrx_word' id='word_1_154' title='bbox 3442 808 3685 876; x_wconf 84' lang='grc' dir='ltr'>ἐγένετο.</span> 
     </span>
    </p>
   </div>
   <div class='ocr_carea' id='block_1_24' title="bbox 2095 890 3691 969">
    <p class='ocr_par' dir='ltr' id='par_1_24' title="bbox 2095 890 3691 969">
     <span class='ocr_line' id='line_1_24' title="bbox 2095 890 3691 969; baseline 0.004 -24"><span class='ocrx_word' id='word_1_155' title='bbox 2095 893 2216 946; x_wconf 82' lang='grc' dir='ltr'><strong>Ἔτι</strong></span> <span class='ocrx_word' id='word_1_156' title='bbox 2260 893 2318 946; x_wconf 78' lang='grc' dir='ltr'>δὲ</span> <span class='ocrx_word' id='word_1_157' title='bbox 2357 890 2496 958; x_wconf 76' lang='grc' dir='ltr'>εἶδος</span> <span class='ocrx_word' id='word_1_158' title='bbox 2551 896 2798 966; x_wconf 80' lang='grc' dir='ltr'>ἐσθῆτος,</span> <span class='ocrx_word' id='word_1_159' title='bbox 2850 897 2946 949; x_wconf 76' lang='grc' dir='ltr'>καὶ</span> <span class='ocrx_word' id='word_1_160' title='bbox 2997 898 3296 968; x_wconf 83' lang='grc' dir='ltr'><strong>σκίμποδος</strong></span> <span class='ocrx_word' id='word_1_161' title='bbox 3335 898 3544 969; x_wconf 78' lang='grc' dir='ltr'>σχῆμα,</span> <span class='ocrx_word' id='word_1_162' title='bbox 3593 900 3691 953; x_wconf 70' lang='grc' dir='ltr'>καὶ</span> 
     </span>
    </p>
   </div>
   <div class='ocr_carea' id='block_1_25' title="bbox 2091 981 3688 1061">
    <p class='ocr_par' dir='ltr' id='par_1_25' title="bbox 2091 981 3688 1061">
     <span class='ocr_line' id='line_1_25' title="bbox 2091 981 3688 1061; baseline 0.005 -25"><span class='ocrx_word' id='word_1_163' title='bbox 2091 985 2292 1055; x_wconf 82' lang='grc' dir='ltr'><strong>τρόπος</strong></span> <span class='ocrx_word' id='word_1_164' title='bbox 2332 985 2607 1057; x_wconf 83' lang='grc' dir='ltr'><strong>βρώσεως,</strong></span> <span class='ocrx_word' id='word_1_165' title='bbox 2650 981 2724 1040; x_wconf 84' lang='grc' dir='ltr'><strong>ὧν</strong></span> <span class='ocrx_word' id='word_1_166' title='bbox 2765 989 2917 1042; x_wconf 77' lang='grc' dir='ltr'>οὐδὲν</span> <span class='ocrx_word' id='word_1_167' title='bbox 2966 989 3159 1060; x_wconf 84' lang='grc' dir='ltr'>ἐκείνῳ</span> <span class='ocrx_word' id='word_1_168' title='bbox 3198 989 3289 1043; x_wconf 77' lang='grc' dir='ltr'><strong>διὰ</strong></span> <span class='ocrx_word' id='word_1_169' title='bbox 3326 990 3563 1061; x_wconf 80' lang='grc' dir='ltr'>σπουδῆς</span> <span class='ocrx_word' id='word_1_170' title='bbox 3596 986 3688 1061; x_wconf 77' lang='grc' dir='ltr'>ἦν,</span> 
     </span>
    </p>
   </div>
   <div class='ocr_carea' id='block_1_26' title="bbox 2093 1076 3694 1151">
    <p class='ocr_par' dir='ltr' id='par_1_26' title="bbox 2093 1076 3694 1151">
     <span class='ocr_line' id='line_1_26' title="bbox 2093 1076 3694 1151; baseline 0.004 -23"><span class='ocrx_word' id='word_1_171' title='bbox 2093 1076 2209 1129; x_wconf 82' lang='grc' dir='ltr'>ἀλλ’</span> <span class='ocrx_word' id='word_1_172' title='bbox 2245 1078 2429 1141; x_wconf 82' lang='grc' dir='ltr'>ἁπλῶς</span> <span class='ocrx_word' id='word_1_173' title='bbox 2460 1080 2599 1147; x_wconf 82' lang='grc' dir='ltr'>ἕχον,</span> <span class='ocrx_word' id='word_1_174' title='bbox 2638 1079 2731 1133; x_wconf 76' lang='grc' dir='ltr'>καὶ</span> <span class='ocrx_word' id='word_1_175' title='bbox 2762 1082 3071 1151; x_wconf 80' lang='grc' dir='ltr'><strong>συμπῖπτον</strong></span> <span class='ocrx_word' id='word_1_176' title='bbox 3106 1082 3219 1151; x_wconf 86' lang='grc'>(22)</span> <span class='ocrx_word' id='word_1_177' title='bbox 3255 1082 3331 1145; x_wconf 85' lang='grc' dir='ltr'>ὡς</span> <span class='ocrx_word' id='word_1_178' title='bbox 3367 1081 3546 1151; x_wconf 75' lang='grc' dir='ltr'>ἔτυχε.</span> <span class='ocrx_word' id='word_1_179' title='bbox 3576 1084 3694 1135; x_wconf 75' lang='grc' dir='ltr'><strong>Καὶ</strong></span> 
     </span>
    </p>
   </div>
   <div class='ocr_carea' id='block_1_27' title="bbox 2095 1166 3694 1242">
    <p class='ocr_par' dir='ltr' id='par_1_27' title="bbox 2095 1166 3694 1242">
     <span class='ocr_line' id='line_1_27' title="bbox 2095 1166 3694 1242; baseline 0.004 -24"><span class='ocrx_word' id='word_1_180' title='bbox 2095 1166 2323 1229; x_wconf 69' lang='grc' dir='ltr'>πολλοὺς</span> <span class='ocrx_word' id='word_1_181' title='bbox 2348 1167 2412 1220; x_wconf 80' lang='grc' dir='ltr'>ἂν</span> <span class='ocrx_word' id='word_1_182' title='bbox 2443 1168 2571 1231; x_wconf 78' lang='grc' dir='ltr'>ἴδοις</span> <span class='ocrx_word' id='word_1_183' title='bbox 2600 1168 2914 1233; x_wconf 84' lang='grc' dir='ltr'>Βασιλείους</span> <span class='ocrx_word' id='word_1_184' title='bbox 2945 1170 3073 1241; x_wconf 84' lang='grc' dir='ltr'>ἄχρι</span> <span class='ocrx_word' id='word_1_185' title='bbox 3106 1169 3197 1223; x_wconf 81' lang='grc' dir='ltr'>τοῦ</span> <span class='ocrx_word' id='word_1_186' title='bbox 3227 1172 3528 1242; x_wconf 84' lang='grc' dir='ltr'>ὁρωμένου,</span> <span class='ocrx_word' id='word_1_187' title='bbox 3557 1172 3694 1234; x_wconf 74' lang='grc' dir='ltr'>τοὺς</span> 
     </span>
    </p>
   </div>
   <div class='ocr_carea' id='block_1_28' title="bbox 2094 1257 3691 1334">
    <p class='ocr_par' dir='ltr' id='par_1_28' title="bbox 2094 1257 3691 1334">
     <span class='ocr_line' id='line_1_28' title="bbox 2094 1257 3691 1334; baseline 0.004 -26"><span class='ocrx_word' id='word_1_188' title='bbox 2094 1257 2153 1309; x_wconf 90' lang='grc' dir='ltr'><strong>ἐν</strong></span> <span class='ocrx_word' id='word_1_189' title='bbox 2186 1259 2307 1319; x_wconf 91' lang='grc' dir='ltr'>ταῖς</span> <span class='ocrx_word' id='word_1_190' title='bbox 2338 1260 2517 1321; x_wconf 87' lang='grc' dir='ltr'>σκιαῖς</span> <span class='ocrx_word' id='word_1_191' title='bbox 2560 1258 2671 1329; x_wconf 79' lang='grc'>(25)</span> <span class='ocrx_word' id='word_1_192' title='bbox 2719 1260 3080 1330; x_wconf 78' lang='grc' dir='ltr'>ἀνδριάντας·’</span> <span class='ocrx_word' id='word_1_193' title='bbox 3140 1260 3274 1313; x_wconf 86' lang='grc' dir='ltr'>πολὺ</span> <span class='ocrx_word' id='word_1_194' title='bbox 3332 1262 3440 1334; x_wconf 78' lang='grc' dir='ltr'>γὰρ</span> <span class='ocrx_word' id='word_1_195' title='bbox 3486 1263 3691 1323; x_wconf 86' lang='grc' dir='ltr'>εἰπεῖν,</span> 
     </span>
    </p>
   </div>
   <div class='ocr_carea' id='block_1_29' title="bbox 2094 1348 3690 1424">
    <p class='ocr_par' dir='ltr' id='par_1_29' title="bbox 2094 1348 3690 1424">
     <span class='ocr_line' id='line_1_29' title="bbox 2094 1348 3690 1424; baseline 0.004 -25"><span class='ocrx_word' id='word_1_196' title='bbox 2094 1348 2176 1400; x_wconf 82' lang='grc' dir='ltr'>ὅτι</span> <span class='ocrx_word' id='word_1_197' title='bbox 2211 1349 2303 1401; x_wconf 78' lang='grc' dir='ltr'>καὶ</span> <span class='ocrx_word' id='word_1_198' title='bbox 2339 1350 2399 1401; x_wconf 88' lang='grc' dir='ltr'>τὸ</span> <span class='ocrx_word' id='word_1_199' title='bbox 2426 1350 2527 1418; x_wconf 81' lang='grc' dir='ltr'>τῆς</span> <span class='ocrx_word' id='word_1_200' title='bbox 2558 1350 2727 1420; x_wconf 72' lang='grc' dir='ltr'>ἠχοῦς</span> <span class='ocrx_word' id='word_1_201' title='bbox 2753 1352 3146 1423; x_wconf 61' lang='grc' dir='ltr'>ὑστερόφωνον.</span> <span class='ocrx_word' id='word_1_202' title='bbox 3183 1353 3397 1422; x_wconf 79' lang='grc' dir='ltr'>Ἐκείνη</span> <span class='ocrx_word' id='word_1_203' title='bbox 3433 1352 3531 1423; x_wconf 83' lang='grc' dir='ltr'>μὲν</span> <span class='ocrx_word' id='word_1_204' title='bbox 3552 1354 3690 1424; x_wconf 77' lang='grc' dir='ltr'>γὰρ,</span> 
     </span>
    </p>
   </div>
   <div class='ocr_carea' id='block_1_30' title="bbox 2096 1438 3692 1515">
    <p class='ocr_par' dir='ltr' id='par_1_30' title="bbox 2096 1438 3692 1515">
     <span class='ocr_line' id='line_1_30' title="bbox 2096 1438 3692 1515; baseline 0.004 -25"><span class='ocrx_word' id='word_1_205' title='bbox 2096 1441 2145 1490; x_wconf 84' lang='grc' dir='ltr'>εἰ</span> <span class='ocrx_word' id='word_1_206' title='bbox 2181 1440 2273 1491; x_wconf 74' lang='grc' dir='ltr'><strong>καὶ</strong></span> <span class='ocrx_word' id='word_1_207' title='bbox 2302 1438 2369 1491; x_wconf 77' lang='grc' dir='ltr'><strong>τὰ</strong></span> <span class='ocrx_word' id='word_1_208' title='bbox 2399 1440 2678 1493; x_wconf 85' lang='grc' dir='ltr'>τελευταῖα</span> <span class='ocrx_word' id='word_1_209' title='bbox 2717 1442 2817 1511; x_wconf 80' lang='grc' dir='ltr'>τῆς</span> <span class='ocrx_word' id='word_1_210' title='bbox 2846 1443 3050 1515; x_wconf 80' lang='grc' dir='ltr'><strong>φωνῆς,</strong></span> <span class='ocrx_word' id='word_1_211' title='bbox 3085 1442 3199 1496; x_wconf 81' lang='grc' dir='ltr'>ἀλλ’</span> <span class='ocrx_word' id='word_1_212' title='bbox 3233 1438 3328 1497; x_wconf 78' lang='grc' dir='ltr'><strong>οὖν</strong></span> <span class='ocrx_word' id='word_1_213' title='bbox 3360 1444 3692 1515; x_wconf 79' lang='grc' dir='ltr'>ἐναργέστε-</span> 
     </span>
    </p>
   </div>
   <div class='ocr_carea' id='block_1_31' title="bbox 2101 1531 3691 1607">
    <p class='ocr_par' dir='ltr' id='par_1_31' title="bbox 2101 1531 3691 1607">
     <span class='ocr_line' id='line_1_31' title="bbox 2101 1531 3691 1607; baseline 0.006 -27"><span class='ocrx_word' id='word_1_214' title='bbox 2101 1545 2192 1599; x_wconf 90' lang='grc' dir='ltr'>ρον</span> <span class='ocrx_word' id='word_1_215' title='bbox 2226 1531 2580 1601; x_wconf 77' lang='grc' dir='ltr'><strong>ὑποκρίνεται</strong></span> <span class='ocrx_word' id='word_1_216' title='bbox 2607 1550 2619 1562; x_wconf 92' lang='grc'><strong>·</strong></span> <span class='ocrx_word' id='word_1_217' title='bbox 2644 1535 2692 1586; x_wconf 88' lang='grc' dir='ltr'>οί</span> <span class='ocrx_word' id='word_1_218' title='bbox 2723 1533 2779 1586; x_wconf 81' lang='grc' dir='ltr'>δὲ</span> <span class='ocrx_word' id='word_1_219' title='bbox 2824 1534 3010 1588; x_wconf 87' lang='grc' dir='ltr'>πλεῖον</span> <span class='ocrx_word' id='word_1_220' title='bbox 3048 1537 3316 1605; x_wconf 81' lang='grc' dir='ltr'><strong>ἀπέχουσι</strong></span> <span class='ocrx_word' id='word_1_221' title='bbox 3343 1536 3436 1588; x_wconf 76' lang='grc' dir='ltr'>τοῦ</span> <span class='ocrx_word' id='word_1_222' title='bbox 3469 1535 3691 1607; x_wconf 79' lang='grc' dir='ltr'>ἀνδρὸς,</span> 
     </span>
    </p>
   </div>
   <div class='ocr_carea' id='block_1_32' title="bbox 2098 1621 3696 1696">
    <p class='ocr_par' dir='ltr' id='par_1_32' title="bbox 2098 1621 3696 1696">
     <span class='ocr_line' id='line_1_32' title="bbox 2098 1621 3696 1696; baseline 0.004 -23"><span class='ocrx_word' id='word_1_223' title='bbox 2098 1621 2131 1691; x_wconf 83' lang='grc' dir='ltr'>ἢ</span> <span class='ocrx_word' id='word_1_224' title='bbox 2178 1622 2301 1674; x_wconf 86' lang='grc' dir='ltr'>ὅσον</span> <span class='ocrx_word' id='word_1_225' title='bbox 2346 1622 2667 1692; x_wconf 77' lang='grc' dir='ltr'><strong>πλησιάζειν</strong></span> <span class='ocrx_word' id='word_1_226' title='bbox 2707 1625 3089 1696; x_wconf 78' lang='grc' dir='ltr'>ἐπιθυμοῦσιν.</span> <span class='ocrx_word' id='word_1_227' title='bbox 3135 1628 3342 1681; x_wconf 83' lang='grc' dir='ltr'>Ἐκεῖνο</span> <span class='ocrx_word' id='word_1_228' title='bbox 3384 1627 3441 1680; x_wconf 78' lang='grc' dir='ltr'>δὲ</span> <span class='ocrx_word' id='word_1_229' title='bbox 3475 1629 3577 1680; x_wconf 77' lang='grc' dir='ltr'>οὐκ</span> <span class='ocrx_word' id='word_1_230' title='bbox 3608 1627 3696 1684; x_wconf 69' lang='grc' dir='ltr'>ἔτι</span> 
     </span>
    </p>
   </div>
   <div class='ocr_carea' id='block_1_33' title="bbox 2104 1714 3694 1789">
    <p class='ocr_par' dir='ltr' id='par_1_33' title="bbox 2104 1714 3694 1789">
     <span class='ocr_line' id='line_1_33' title="bbox 2104 1714 3694 1789; baseline 0.006 -25"><span class='ocrx_word' id='word_1_231' title='bbox 2104 1714 2318 1784; x_wconf 69' lang='grc' dir='ltr'>μικρὸν,</span> <span class='ocrx_word' id='word_1_232' title='bbox 2363 1714 2499 1768; x_wconf 83' lang='grc' dir='ltr'>ἀλλὰ</span> <span class='ocrx_word' id='word_1_233' title='bbox 2529 1721 2626 1769; x_wconf 66' lang='grc' dir='ltr'><strong>κα)⁴</strong></span> <span class='ocrx_word' id='word_1_234' title='bbox 2667 1717 2926 1787; x_wconf 82' lang='grc' dir='ltr'>μέγιστον</span> <span class='ocrx_word' id='word_1_235' title='bbox 2974 1721 3054 1781; x_wconf 88' lang='grc' dir='ltr'><strong>είς</strong></span> <span class='ocrx_word' id='word_1_236' title='bbox 3094 1719 3404 1789; x_wconf 84' lang='grc' dir='ltr'>φιλοτιμίαν</span> <span class='ocrx_word' id='word_1_237' title='bbox 3437 1720 3694 1782; x_wconf 80' lang='grc' dir='ltr'><strong>εἰκότως,</strong></span> 
     </span>
    </p>
   </div>
   <div class='ocr_carea' id='block_1_34' title="bbox 414 1791 2008 1883">
    <p class='ocr_par' dir='ltr' id='par_1_34' title="bbox 414 1809 1994 1880">
     <span class='ocr_line' id='line_1_34' title="bbox 414 1809 1994 1880; baseline 0.002 -19"><span class='ocrx_word' id='word_1_238' title='bbox 414 1812 526 1880; x_wconf 89' lang='lat' dir='ltr'><strong>jam</strong></span> <span class='ocrx_word' id='word_1_239' title='bbox 563 1810 735 1880; x_wconf 87' lang='lat' dir='ltr'><strong>parvi,</strong></span> <span class='ocrx_word' id='word_1_240' title='bbox 771 1811 865 1864; x_wconf 91' lang='lat' dir='ltr'><strong>sed</strong></span> <span class='ocrx_word' id='word_1_241' title='bbox 902 1811 1123 1863; x_wconf 84' lang='lat' dir='ltr'><strong>maximi</strong></span> <span class='ocrx_word' id='word_1_242' title='bbox 1150 1811 1311 1865; x_wconf 89' lang='lat' dir='ltr'><strong>etiam</strong></span> <span class='ocrx_word' id='word_1_243' title='bbox 1371 1810 1623 1863; x_wconf 87' lang='lat' dir='ltr'><strong>momenti</strong></span> <span class='ocrx_word' id='word_1_244' title='bbox 1657 1810 1719 1862; x_wconf 93' lang='lat' dir='ltr'><strong>ad</strong></span> <span class='ocrx_word' id='word_1_245' title='bbox 1770 1809 1994 1880; x_wconf 49' lang='lat' dir='ltr'><strong>gloriam</strong></span> 
     </span>
    </p>
   </div>
   <div class='ocr_carea' id='block_1_35' title="bbox 2115 1791 3701 1883">
    <p class='ocr_par' dir='ltr' id='par_1_35' title="bbox 2115 1804 3701 1883">
     <span class='ocr_line' id='line_1_35' title="bbox 2115 1804 3701 1883; baseline 0.004 -27"><span class='ocrx_word' id='word_1_246' title='bbox 2115 1804 2157 1857; x_wconf 78' lang='grc' dir='ltr'><strong>τὸ</strong></span> <span class='ocrx_word' id='word_1_247' title='bbox 2182 1808 2364 1875; x_wconf 77' lang='grc' dir='ltr'>τυχεῖν</span> <span class='ocrx_word' id='word_1_248' title='bbox 2397 1808 2590 1879; x_wconf 80' lang='grc' dir='ltr'>ἐκείνῳ</span> <span class='ocrx_word' id='word_1_249' title='bbox 2615 1809 2745 1861; x_wconf 84' lang='grc' dir='ltr'>ποτὲ</span> <span class='ocrx_word' id='word_1_250' title='bbox 2783 1809 3211 1880; x_wconf 77' lang='grc' dir='ltr'>πλησιάσαντας,</span> <span class='ocrx_word' id='word_1_251' title='bbox 3251 1811 3283 1883; x_wconf 81' lang='grc' dir='ltr'><strong>ἥ</strong></span> <span class='ocrx_word' id='word_1_252' title='bbox 3316 1810 3701 1881; x_wconf 75' lang='grc' dir='ltr'>θεραπεύσαν-</span> 
     </span>
    </p>
   </div>
   <div class='ocr_carea' id='block_1_36' title="bbox 421 1899 2008 1973">
    <p class='ocr_par' dir='ltr' id='par_1_36' title="bbox 421 1900 1996 1965">
     <span class='ocr_line' id='line_1_36' title="bbox 421 1900 1996 1965; baseline -0.001 -13"><span class='ocrx_word' id='word_1_253' title='bbox 421 1902 563 1954; x_wconf 88' lang='lat' dir='ltr'><strong>haud</strong></span> <span class='ocrx_word' id='word_1_254' title='bbox 613 1900 884 1954; x_wconf 88' lang='lat' dir='ltr'><strong>immerito</strong></span> <span class='ocrx_word' id='word_1_255' title='bbox 944 1901 1308 1965; x_wconf 77' lang='lat' dir='ltr'><strong>existimatur,</strong></span> <span class='ocrx_word' id='word_1_256' title='bbox 1362 1900 1803 1955; x_wconf 86' lang='lat' dir='ltr'><strong>consuetudinem</strong></span> <span class='ocrx_word' id='word_1_257' title='bbox 1873 1914 1996 1953; x_wconf 90' lang='lat' dir='ltr'><strong>cum</strong></span> 
     </span>
    </p>
   </div>
   <div class='ocr_carea' id='block_1_37' title="bbox 2115 1899 3702 1973">
    <p class='ocr_par' dir='ltr' id='par_1_37' title="bbox 2115 1899 3702 1973">
     <span class='ocr_line' id='line_1_37' title="bbox 2115 1899 3702 1973; baseline 0.003 -25"><span class='ocrx_word' id='word_1_258' title='bbox 2115 1914 2215 1960; x_wconf 79' lang='grc' dir='ltr'>τας,</span> <span class='ocrx_word' id='word_1_259' title='bbox 2250 1899 2284 1969; x_wconf 76' lang='grc' dir='ltr'>ἦ</span> <span class='ocrx_word' id='word_1_260' title='bbox 2326 1917 2379 1951; x_wconf 90' lang='grc' dir='ltr'><strong>τι</strong></span> <span class='ocrx_word' id='word_1_261' title='bbox 2429 1901 2571 1953; x_wconf 76' lang='grc' dir='ltr'>κατὰ</span> <span class='ocrx_word' id='word_1_262' title='bbox 2620 1900 2896 1972; x_wconf 82' lang='grc' dir='ltr'>παιδιὰνῆ</span> <span class='ocrx_word' id='word_1_263' title='bbox 2948 1901 3183 1973; x_wconf 84' lang='grc' dir='ltr'>σπουδὴν</span> <span class='ocrx_word' id='word_1_264' title='bbox 3214 1902 3559 1973; x_wconf 75' lang='grc' dir='ltr'>εἰρημένονῆ</span> <span class='ocrx_word' id='word_1_265' title='bbox 3594 1919 3702 1953; x_wconf 85' lang='grc' dir='ltr'>πε-</span> 
     </span>
    </p>
   </div>
   <div class='ocr_carea' id='block_1_38' title="bbox 419 1989 1999 2060">
    <p class='ocr_par' dir='ltr' id='par_1_38' title="bbox 419 1989 1999 2060">
     <span class='ocr_line' id='line_1_38' title="bbox 419 1989 1999 2060; baseline -0.002 -15"><span class='ocrx_word' id='word_1_266' title='bbox 419 2006 483 2047; x_wconf 92' lang='lat' dir='ltr'><strong>eo</strong></span> <span class='ocrx_word' id='word_1_267' title='bbox 518 1991 803 2060; x_wconf 87' lang='lat' dir='ltr'><strong>aliquando</strong></span> <span class='ocrx_word' id='word_1_268' title='bbox 834 1990 1109 2054; x_wconf 87' lang='lat' dir='ltr'><strong>habuisse,</strong></span> <span class='ocrx_word' id='word_1_269' title='bbox 1143 2000 1235 2043; x_wconf 91' lang='lat' dir='ltr'><strong>aut</strong></span> <span class='ocrx_word' id='word_1_270' title='bbox 1262 2004 1387 2042; x_wconf 89' lang='lat' dir='ltr'><strong>eum</strong></span> <span class='ocrx_word' id='word_1_271' title='bbox 1420 1989 1672 2052; x_wconf 84' lang='lat' dir='ltr'><strong>coluisse,</strong></span> <span class='ocrx_word' id='word_1_272' title='bbox 1707 1998 1797 2041; x_wconf 87' lang='lat' dir='ltr'><strong>aut</strong></span> <span class='ocrx_word' id='word_1_273' title='bbox 1841 1990 1999 2058; x_wconf 85' lang='lat' dir='ltr'><strong>quid-</strong></span> 
     </span>
    </p>
   </div>
   <div class='ocr_carea' id='block_1_39' title="bbox 423 2080 1999 2150">
    <p class='ocr_par' dir='ltr' id='par_1_39' title="bbox 423 2080 1999 2150">
     <span class='ocr_line' id='line_1_39' title="bbox 423 2080 1999 2150; baseline -0.003 -15"><span class='ocrx_word' id='word_1_274' title='bbox 423 2082 564 2150; x_wconf 88' lang='lat' dir='ltr'><strong>piam</strong></span> <span class='ocrx_word' id='word_1_275' title='bbox 602 2083 669 2135; x_wconf 88' lang='lat' dir='ltr'><strong>ab</strong></span> <span class='ocrx_word' id='word_1_276' title='bbox 706 2096 770 2135; x_wconf 90' lang='lat' dir='ltr'><strong>eo</strong></span> <span class='ocrx_word' id='word_1_277' title='bbox 796 2081 920 2149; x_wconf 85' lang='lat' dir='ltr'><strong>joco</strong></span> <span class='ocrx_word' id='word_1_278' title='bbox 951 2080 1033 2134; x_wconf 87' lang='lat' dir='ltr'><strong>vel</strong></span> <span class='ocrx_word' id='word_1_279' title='bbox 1072 2080 1216 2135; x_wconf 91' lang='lat' dir='ltr'><strong>serio</strong></span> <span class='ocrx_word' id='word_1_280' title='bbox 1246 2080 1450 2133; x_wconf 91' lang='lat' dir='ltr'><strong>dictum</strong></span> <span class='ocrx_word' id='word_1_281' title='bbox 1484 2090 1576 2132; x_wconf 88' lang='lat' dir='ltr'><strong>aut</strong></span> <span class='ocrx_word' id='word_1_282' title='bbox 1607 2080 1825 2139; x_wconf 80' lang='lat' dir='ltr'><strong>factum,</strong></span> <span class='ocrx_word' id='word_1_283' title='bbox 1885 2097 1999 2133; x_wconf 88' lang='lat' dir='ltr'><strong>mo-</strong></span> 
     </span>
    </p>
   </div>
   <div class='ocr_carea' id='block_1_40' title="bbox 424 2170 1998 2239">
    <p class='ocr_par' dir='ltr' id='par_1_40' title="bbox 424 2170 1998 2239">
     <span class='ocr_line' id='line_1_40' title="bbox 424 2170 1998 2239; baseline -0.001 -14"><span class='ocrx_word' id='word_1_284' title='bbox 424 2172 649 2227; x_wconf 81' lang='lat' dir='ltr'><strong>nimenti</strong></span> <span class='ocrx_word' id='word_1_285' title='bbox 679 2171 796 2225; x_wconf 91' lang='lat' dir='ltr'><strong>loco</strong></span> <span class='ocrx_word' id='word_1_286' title='bbox 825 2171 1001 2237; x_wconf 83' lang='lat' dir='ltr'><strong>ferre;</strong></span> <span class='ocrx_word' id='word_1_287' title='bbox 1038 2172 1487 2239; x_wconf 85' lang='lat' dir='ltr'><strong>quemadmodum</strong></span> <span class='ocrx_word' id='word_1_288' title='bbox 1517 2170 1683 2239; x_wconf 79' lang='lat' dir='ltr'><strong>83o</strong></span> <span class='ocrx_word' id='word_1_289' title='bbox 1722 2171 1831 2238; x_wconf 82' lang='lat' dir='ltr'><strong>ipse</strong></span> <span class='ocrx_word' id='word_1_290' title='bbox 1862 2186 1998 2239; x_wconf 82' lang='lat' dir='ltr'><strong>quo-</strong></span> 
     </span>
    </p>
   </div>
   <div class='ocr_carea' id='block_1_41' title="bbox 421 2258 1990 2332">
    <p class='ocr_par' dir='ltr' id='par_1_41' title="bbox 421 2258 1990 2332">
     <span class='ocr_line' id='line_1_41' title="bbox 421 2258 1990 2332; baseline 0.001 -19"><span class='ocrx_word' id='word_1_291' title='bbox 421 2278 526 2332; x_wconf 83' lang='lat' dir='ltr'><strong>que</strong></span> <span class='ocrx_word' id='word_1_292' title='bbox 584 2275 669 2314; x_wconf 89' lang='lat' dir='ltr'><strong>me</strong></span> <span class='ocrx_word' id='word_1_293' title='bbox 719 2263 822 2315; x_wconf 88' lang='lat' dir='ltr'><strong>hoc</strong></span> <span class='ocrx_word' id='word_1_294' title='bbox 866 2260 1082 2315; x_wconf 88' lang='lat' dir='ltr'><strong>nomine</strong></span> <span class='ocrx_word' id='word_1_295' title='bbox 1128 2274 1266 2327; x_wconf 82' lang='lat' dir='ltr'><strong>sa-pe</strong></span> <span class='ocrx_word' id='word_1_296' title='bbox 1315 2258 1605 2329; x_wconf 76' lang='lat' dir='ltr'><strong>gloriatum</strong></span> <span class='ocrx_word' id='word_1_297' title='bbox 1657 2273 1778 2313; x_wconf 90' lang='lat' dir='ltr'><strong>esse</strong></span> <span class='ocrx_word' id='word_1_298' title='bbox 1816 2261 1928 2313; x_wconf 86' lang='lat' dir='ltr'><strong>scio</strong></span> <span class='ocrx_word' id='word_1_299' title='bbox 1974 2276 1990 2314; x_wconf 85' lang='lat'><strong>:</strong></span> 
     </span>
    </p>
   </div>
   <div class='ocr_carea' id='block_1_42' title="bbox 2098 1987 3699 2064">
    <p class='ocr_par' dir='ltr' id='par_1_42' title="bbox 2098 1987 3699 2064">
     <span class='ocr_line' id='line_1_42' title="bbox 2098 1987 3699 2064; baseline 0.003 -24"><span class='ocrx_word' id='word_1_300' title='bbox 2098 1990 2435 2059; x_wconf 82' lang='grc' dir='ltr'>πραγμένον,</span> <span class='ocrx_word' id='word_1_301' title='bbox 2471 1991 2659 2063; x_wconf 78' lang='grc' dir='ltr'>φέρειν</span> <span class='ocrx_word' id='word_1_302' title='bbox 2689 1992 3165 2063; x_wconf 80' lang='grc' dir='ltr'>ἀπομνημόνευμα</span> <span class='ocrx_word' id='word_1_303' title='bbox 3198 1994 3309 2063; x_wconf 68' lang='grc'>(24)</span> <span class='ocrx_word' id='word_1_304' title='bbox 3332 2010 3345 2023; x_wconf 77' lang='grc' dir='ltr'>ο</span> <span class='ocrx_word' id='word_1_305' title='bbox 3372 1993 3562 2064; x_wconf 83' lang='grc' dir='ltr'>ὥσπερ</span> <span class='ocrx_word' id='word_1_306' title='bbox 3596 1987 3699 2045; x_wconf 77' lang='grc' dir='ltr'>οὖν</span> 
     </span>
    </p>
   </div>
   <div class='ocr_carea' id='block_1_43' title="bbox 2097 2079 3699 2155">
    <p class='ocr_par' dir='ltr' id='par_1_43' title="bbox 2097 2079 3699 2155">
     <span class='ocr_line' id='line_1_43' title="bbox 2097 2079 3699 2155; baseline 0.002 -22"><span class='ocrx_word' id='word_1_307' title='bbox 2097 2080 2252 2149; x_wconf 78' lang='grc' dir='ltr'><strong>κάγὼ</strong></span> <span class='ocrx_word' id='word_1_308' title='bbox 2292 2082 2551 2147; x_wconf 82' lang='grc' dir='ltr'>πολλάκις</span> <span class='ocrx_word' id='word_1_309' title='bbox 2583 2079 2702 2137; x_wconf 77' lang='grc' dir='ltr'>οἶδα</span> <span class='ocrx_word' id='word_1_310' title='bbox 2749 2085 3267 2155; x_wconf 83' lang='grc' dir='ltr'>καλλωπισάμενος·</span> <span class='ocrx_word' id='word_1_311' title='bbox 3318 2085 3441 2138; x_wconf 74' lang='grc' dir='ltr'>ἐπεὶ</span> <span class='ocrx_word' id='word_1_312' title='bbox 3483 2084 3578 2137; x_wconf 75' lang='grc' dir='ltr'><strong>καὶ</strong></span> <span class='ocrx_word' id='word_1_313' title='bbox 3623 2085 3699 2137; x_wconf 75' lang='grc' dir='ltr'><strong>τά</strong></span> 
     </span>
    </p>
   </div>
   <div class='ocr_carea' id='block_1_44' title="bbox 2098 2175 3700 2249">
    <p class='ocr_par' dir='ltr' id='par_1_44' title="bbox 2098 2175 3700 2249">
     <span class='ocr_line' id='line_1_44' title="bbox 2098 2175 3700 2249; baseline 0.003 -23"><span class='ocrx_word' id='word_1_314' title='bbox 2098 2175 2352 2245; x_wconf 86' lang='grc' dir='ltr'>πάρεργα</span> <span class='ocrx_word' id='word_1_315' title='bbox 2398 2176 2490 2229; x_wconf 79' lang='grc' dir='ltr'><strong>τοῦ</strong></span> <span class='ocrx_word' id='word_1_316' title='bbox 2527 2177 2739 2246; x_wconf 72' lang='grc' dir='ltr'>ἀνδρὸς,</span> <span class='ocrx_word' id='word_1_317' title='bbox 2775 2177 2885 2230; x_wconf 79' lang='grc' dir='ltr'><strong>τῶν</strong></span> <span class='ocrx_word' id='word_1_318' title='bbox 2920 2178 3266 2248; x_wconf 78' lang='grc' dir='ltr'>πονουμένων</span> <span class='ocrx_word' id='word_1_319' title='bbox 3314 2177 3522 2249; x_wconf 78' lang='grc' dir='ltr'>ἑτέροις</span> <span class='ocrx_word' id='word_1_320' title='bbox 3554 2175 3700 2231; x_wconf 77' lang='grc' dir='ltr'>πολὺ</span> 
     </span>
    </p>
   </div>
   <div class='ocr_carea' id='block_1_45' title="bbox 2102 2264 3012 2340">
    <p class='ocr_par' dir='ltr' id='par_1_45' title="bbox 2102 2264 3012 2340">
     <span class='ocr_line' id='line_1_45' title="bbox 2102 2264 3012 2340; baseline 0.004 -23"><span class='ocrx_word' id='word_1_321' title='bbox 2102 2264 2405 2337; x_wconf 83' lang='grc' dir='ltr'>τιμιώτερα</span> <span class='ocrx_word' id='word_1_322' title='bbox 2434 2269 2526 2319; x_wconf 77' lang='grc' dir='ltr'>καὶ</span> <span class='ocrx_word' id='word_1_323' title='bbox 2552 2268 3012 2340; x_wconf 69' lang='grc' dir='ltr'>περιφανέστερα.</span> 
     </span>
    </p>
   </div>
   <div class='ocr_carea' id='block_1_46' title="bbox 419 2352 3701 2431">
    <p class='ocr_par' dir='ltr' id='par_1_46' title="bbox 419 2352 3701 2431">
     <span class='ocr_line' id='line_1_46' title="bbox 419 2352 3701 2431; baseline 0.003 -27"><span class='ocrx_word' id='word_1_324' title='bbox 419 2355 676 2425; x_wconf 82' lang='lat' dir='ltr'><strong>quoniam</strong></span> <span class='ocrx_word' id='word_1_325' title='bbox 713 2369 834 2423; x_wconf 75' lang='lat' dir='ltr'><strong>qua:</strong></span> <span class='ocrx_word' id='word_1_326' title='bbox 887 2354 954 2407; x_wconf 93' lang='lat' dir='ltr'><strong>ab</strong></span> <span class='ocrx_word' id='word_1_327' title='bbox 1009 2354 1097 2408; x_wconf 93' lang='lat' dir='ltr'><strong>illo</strong></span> <span class='ocrx_word' id='word_1_328' title='bbox 1149 2353 1296 2407; x_wconf 86' lang='lat' dir='ltr'><strong>velut</strong></span> <span class='ocrx_word' id='word_1_329' title='bbox 1344 2352 1519 2406; x_wconf 82' lang='lat' dir='ltr'><strong>obiter</strong></span> <span class='ocrx_word' id='word_1_330' title='bbox 1575 2352 1795 2419; x_wconf 76' lang='lat' dir='ltr'><strong>fiebant,</strong></span> <span class='ocrx_word' id='word_1_331' title='bbox 1869 2353 2037 2409; x_wconf 90' lang='lat' dir='ltr'><strong>multo</strong></span> <span class='ocrx_word' id='word_1_332' title='bbox 2112 2364 2485 2427; x_wconf 70' lang='lat' dir='ltr'><strong>prmstantiora</strong></span> <span class='ocrx_word' id='word_1_333' title='bbox 2530 2376 2691 2430; x_wconf 84' lang='lat' dir='ltr'><strong>atque</strong></span> <span class='ocrx_word' id='word_1_334' title='bbox 2752 2363 3047 2415; x_wconf 81' lang='lat' dir='ltr'><strong>illustriora</strong></span> <span class='ocrx_word' id='word_1_335' title='bbox 3096 2370 3273 2426; x_wconf 89' lang='lat' dir='ltr'><strong>erant,</strong></span> <span class='ocrx_word' id='word_1_336' title='bbox 3311 2378 3471 2431; x_wconf 88' lang='lat' dir='ltr'><strong>quam</strong></span> <span class='ocrx_word' id='word_1_337' title='bbox 3518 2376 3583 2415; x_wconf 85' lang='lat' dir='ltr'><strong>ea</strong></span> <span class='ocrx_word' id='word_1_338' title='bbox 3640 2362 3701 2416; x_wconf 83' lang='lat' dir='ltr'><strong>in</strong></span> 
     </span>
    </p>
   </div>
   <div class='ocr_carea' id='block_1_47' title="bbox 422 2445 1078 2516">
    <p class='ocr_par' dir='ltr' id='par_1_47' title="bbox 422 2445 1078 2516">
     <span class='ocr_line' id='line_1_47' title="bbox 422 2445 1078 2516; baseline -0.002 -17"><span class='ocrx_word' id='word_1_339' title='bbox 422 2447 619 2516; x_wconf 81' lang='lat' dir='ltr'><strong>quibus</strong></span> <span class='ocrx_word' id='word_1_340' title='bbox 651 2446 740 2499; x_wconf 91' lang='lat' dir='ltr'><strong>alii</strong></span> <span class='ocrx_word' id='word_1_341' title='bbox 781 2445 1078 2499; x_wconf 88' lang='lat' dir='ltr'><strong>elaborant.</strong></span> 
     </span>
    </p>
   </div>
   <div class='ocr_carea' id='block_1_48' title="bbox 493 2536 2006 2603">
    <p class='ocr_par' dir='ltr' id='par_1_48' title="bbox 493 2536 2006 2603">
     <span class='ocr_line' id='line_1_48' title="bbox 493 2536 2006 2603; baseline 0.001 -12"><span class='ocrx_word' id='word_1_342' title='bbox 493 2537 773 2593; x_wconf 79' lang='lat' dir='ltr'><strong>LXXVIII.</strong></span> <span class='ocrx_word' id='word_1_343' title='bbox 795 2536 928 2591; x_wconf 86' lang='lat' dir='ltr'><strong>Cum</strong></span> <span class='ocrx_word' id='word_1_344' title='bbox 963 2546 1142 2589; x_wconf 87' lang='lat' dir='ltr'><strong>autem</strong></span> <span class='ocrx_word' id='word_1_345' title='bbox 1174 2550 1336 2589; x_wconf 91' lang='lat' dir='ltr'><strong>cursu</strong></span> <span class='ocrx_word' id='word_1_346' title='bbox 1377 2547 1770 2603; x_wconf 86' lang='lat' dir='ltr'><strong>consummato,</strong></span> <span class='ocrx_word' id='word_1_347' title='bbox 1806 2553 1869 2591; x_wconf 89' lang='lat' dir='ltr'><strong>ac</strong></span> <span class='ocrx_word' id='word_1_348' title='bbox 1902 2537 2006 2592; x_wconf 89' lang='lat' dir='ltr'><strong>Iide</strong></span> 
     </span>
    </p>
   </div>
   <div class='ocr_carea' id='block_1_49' title="bbox 423 2628 2003 2695">
    <p class='ocr_par' dir='ltr' id='par_1_49' title="bbox 423 2628 2003 2695">
     <span class='ocr_line' id='line_1_49' title="bbox 423 2628 2003 2695; baseline -0.005 -7"><span class='ocrx_word' id='word_1_349' title='bbox 423 2641 634 2688; x_wconf 80' lang='lat' dir='ltr'><strong>servata</strong></span> <span class='ocrx_word' id='word_1_350' title='bbox 673 2631 743 2695; x_wconf 84' lang='lat'><strong>&quot;,</strong></span> <span class='ocrx_word' id='word_1_351' title='bbox 814 2628 1181 2685; x_wconf 88' lang='lat' dir='ltr'><strong>dissolutionis</strong></span> <span class='ocrx_word' id='word_1_352' title='bbox 1259 2629 1525 2683; x_wconf 85' lang='lat' dir='ltr'><strong>desiderio</strong></span> <span class='ocrx_word' id='word_1_353' title='bbox 1592 2640 1866 2683; x_wconf 87' lang='lat' dir='ltr'><strong>teneretur</strong></span> <span class='ocrx_word' id='word_1_354' title='bbox 1914 2630 2003 2693; x_wconf 79' lang='grc'><strong>’⁷,</strong></span> 
     </span>
    </p>
   </div>
   <div class='ocr_carea' id='block_1_50' title="bbox 427 2722 2002 2795">
    <p class='ocr_par' dir='ltr' id='par_1_50' title="bbox 427 2722 2002 2795">
     <span class='ocr_line' id='line_1_50' title="bbox 427 2722 2002 2795; baseline -0.004 -16"><span class='ocrx_word' id='word_1_355' title='bbox 427 2738 741 2795; x_wconf 87' lang='lat' dir='ltr'><strong>tempusque</strong></span> <span class='ocrx_word' id='word_1_356' title='bbox 769 2736 1093 2776; x_wconf 88' lang='lat' dir='ltr'><strong>coronarum</strong></span> <span class='ocrx_word' id='word_1_357' title='bbox 1126 2722 1375 2785; x_wconf 86' lang='lat' dir='ltr'><strong>instaret,</strong></span> <span class='ocrx_word' id='word_1_358' title='bbox 1408 2730 1569 2789; x_wconf 86' lang='lat' dir='ltr'><strong>atque</strong></span> <span class='ocrx_word' id='word_1_359' title='bbox 1626 2722 1753 2774; x_wconf 91' lang='lat' dir='ltr'><strong>illud</strong></span> <span class='ocrx_word' id='word_1_360' title='bbox 1788 2722 2002 2789; x_wconf 85' lang='lat' dir='ltr'><strong>quidem</strong></span> 
     </span>
    </p>
   </div>
   <div class='ocr_carea' id='block_1_51' title="bbox 428 2812 2007 2876">
    <p class='ocr_par' dir='ltr' id='par_1_51' title="bbox 428 2812 2007 2876">
     <span class='ocr_line' id='line_1_51' title="bbox 428 2812 2007 2876; baseline -0.004 -5"><span class='ocrx_word' id='word_1_361' title='bbox 428 2834 533 2871; x_wconf 86' lang='lat' dir='ltr'><strong>non</strong></span> <span class='ocrx_word' id='word_1_362' title='bbox 564 2816 859 2870; x_wconf 85' lang='lat' dir='ltr'><strong>audivisset</strong></span> <span class='ocrx_word' id='word_1_363' title='bbox 888 2831 900 2867; x_wconf 91' lang='lat'>:</span> <span class='ocrx_word' id='word_1_364' title='bbox 947 2813 1179 2865; x_wconf 77' lang='lat' dir='ltr'><strong>Ascende</strong></span> <span class='ocrx_word' id='word_1_365' title='bbox 1217 2822 1465 2876; x_wconf 79' lang='lat' dir='ltr'><strong>montem,</strong></span> <span class='ocrx_word' id='word_1_366' title='bbox 1491 2822 1536 2863; x_wconf 87' lang='lat' dir='ltr'><strong>et</strong></span> <span class='ocrx_word' id='word_1_367' title='bbox 1574 2828 1771 2865; x_wconf 85' lang='lat' dir='ltr'><strong>morere</strong></span> <span class='ocrx_word' id='word_1_368' title='bbox 1795 2812 1869 2875; x_wconf 70' lang='lat'><strong>’3;</strong></span> <span class='ocrx_word' id='word_1_369' title='bbox 1916 2826 2007 2865; x_wconf 82' lang='lat' dir='ltr'><strong>ve-</strong></span> 
     </span>
    </p>
   </div>
   <div class='ocr_carea' id='block_1_52' title="bbox 427 2904 2006 2975">
    <p class='ocr_par' dir='ltr' id='par_1_52' title="bbox 427 2904 2006 2975">
     <span class='ocr_line' id='line_1_52' title="bbox 427 2904 2006 2975; baseline -0.004 -12"><span class='ocrx_word' id='word_1_370' title='bbox 427 2924 571 2974; x_wconf 90' lang='lat' dir='ltr'><strong>rum,</strong></span> <span class='ocrx_word' id='word_1_371' title='bbox 613 2907 840 2969; x_wconf 82' lang='lat' dir='ltr'><strong>Morere,</strong></span> <span class='ocrx_word' id='word_1_372' title='bbox 872 2916 1037 2975; x_wconf 87' lang='lat' dir='ltr'><strong>atque</strong></span> <span class='ocrx_word' id='word_1_373' title='bbox 1091 2905 1159 2957; x_wconf 88' lang='lat' dir='ltr'><strong>ad</strong></span> <span class='ocrx_word' id='word_1_374' title='bbox 1193 2919 1292 2957; x_wconf 89' lang='lat' dir='ltr'><strong>nos</strong></span> <span class='ocrx_word' id='word_1_375' title='bbox 1345 2904 1575 2956; x_wconf 72' lang='lat' dir='ltr'><strong>ascende</strong></span> <span class='ocrx_word' id='word_1_376' title='bbox 1608 2920 1620 2957; x_wconf 95' lang='lat'>:</span> <span class='ocrx_word' id='word_1_377' title='bbox 1660 2904 1747 2956; x_wconf 90' lang='lat' dir='ltr'><strong>hic</strong></span> <span class='ocrx_word' id='word_1_378' title='bbox 1795 2919 2006 2972; x_wconf 87' lang='lat' dir='ltr'><strong>quoque</strong></span> 
     </span>
    </p>
   </div>
   <div class='ocr_carea' id='block_1_53' title="bbox 429 2995 2005 3065">
    <p class='ocr_par' dir='ltr' id='par_1_53' title="bbox 429 2995 2005 3065">
     <span class='ocr_line' id='line_1_53' title="bbox 429 2995 2005 3065; baseline -0.004 -12"><span class='ocrx_word' id='word_1_379' title='bbox 429 3000 749 3055; x_wconf 83' lang='lat' dir='ltr'><strong>miraculum</strong></span> <span class='ocrx_word' id='word_1_380' title='bbox 801 2999 933 3062; x_wconf 89' lang='lat' dir='ltr'><strong>edit,</strong></span> <span class='ocrx_word' id='word_1_381' title='bbox 984 2996 1353 3065; x_wconf 88' lang='lat' dir='ltr'><strong>superioribus</strong></span> <span class='ocrx_word' id='word_1_382' title='bbox 1403 2996 1815 3063; x_wconf 85' lang='lat' dir='ltr'><strong>batnlquaquam</strong></span> <span class='ocrx_word' id='word_1_383' title='bbox 1868 2995 2005 3048; x_wconf 82' lang='lat' dir='ltr'><strong>infe-</strong></span> 
     </span>
    </p>
   </div>
   <div class='ocr_carea' id='block_1_54' title="bbox 433 3087 1998 3151">
    <p class='ocr_par' dir='ltr' id='par_1_54' title="bbox 433 3087 1998 3151">
     <span class='ocr_line' id='line_1_54' title="bbox 433 3087 1998 3151; baseline -0.004 -6"><span class='ocrx_word' id='word_1_384' title='bbox 433 3093 563 3146; x_wconf 88' lang='lat' dir='ltr'><strong>rius.</strong></span> <span class='ocrx_word' id='word_1_385' title='bbox 596 3089 729 3143; x_wconf 83' lang='lat' dir='ltr'><strong>Nam</strong></span> <span class='ocrx_word' id='word_1_386' title='bbox 782 3105 902 3142; x_wconf 88' lang='lat' dir='ltr'><strong>cum</strong></span> <span class='ocrx_word' id='word_1_387' title='bbox 944 3087 1113 3142; x_wconf 79' lang='lat' dir='ltr'><strong>ferme</strong></span> <span class='ocrx_word' id='word_1_388' title='bbox 1152 3097 1394 3141; x_wconf 90' lang='lat' dir='ltr'><strong>mortuus</strong></span> <span class='ocrx_word' id='word_1_389' title='bbox 1432 3097 1485 3140; x_wconf 91' lang='lat' dir='ltr'><strong>et</strong></span> <span class='ocrx_word' id='word_1_390' title='bbox 1530 3088 1796 3140; x_wconf 82' lang='lat' dir='ltr'><strong>exanimis</strong></span> <span class='ocrx_word' id='word_1_391' title='bbox 1834 3097 1998 3151; x_wconf 87' lang='lat' dir='ltr'><strong>esset,</strong></span> 
     </span>
    </p>
   </div>
   <div class='ocr_carea' id='block_1_55' title="bbox 2175 2537 3701 2610">
    <p class='ocr_par' dir='ltr' id='par_1_55' title="bbox 2175 2537 3701 2610">
     <span class='ocr_line' id='line_1_55' title="bbox 2175 2537 3701 2610; baseline 0.001 -19"><span class='ocrx_word' id='word_1_392' title='bbox 2175 2537 2302 2592; x_wconf 84' lang='lat' dir='ltr'><strong>OH&#39;.</strong></span> <span class='ocrx_word' id='word_1_393' title='bbox 2346 2539 2500 2592; x_wconf 74' lang='grc' dir='ltr'>Ἐπεὶ</span> <span class='ocrx_word' id='word_1_394' title='bbox 2523 2538 2581 2591; x_wconf 83' lang='grc' dir='ltr'>δὲ</span> <span class='ocrx_word' id='word_1_395' title='bbox 2614 2539 2703 2592; x_wconf 84' lang='grc' dir='ltr'>τὸν</span> <span class='ocrx_word' id='word_1_396' title='bbox 2738 2538 2936 2610; x_wconf 86' lang='grc' dir='ltr'>δρόμον</span> <span class='ocrx_word' id='word_1_397' title='bbox 2970 2539 3218 2601; x_wconf 77' lang='grc' dir='ltr'>τελέσας,</span> <span class='ocrx_word' id='word_1_398' title='bbox 3255 2539 3351 2590; x_wconf 77' lang='grc' dir='ltr'>κα).</span> <span class='ocrx_word' id='word_1_399' title='bbox 3376 2538 3474 2609; x_wconf 76' lang='grc' dir='ltr'>τὴν</span> <span class='ocrx_word' id='word_1_400' title='bbox 3509 2538 3701 2593; x_wconf 78' lang='grc' dir='ltr'>πίστιν</span> 
     </span>
    </p>
   </div>
   <div class='ocr_carea' id='block_1_56' title="bbox 2100 2629 3702 2703">
    <p class='ocr_par' dir='ltr' id='par_1_56' title="bbox 2100 2629 3702 2703">
     <span class='ocr_line' id='line_1_56' title="bbox 2100 2629 3702 2703; baseline 0 -20"><span class='ocrx_word' id='word_1_401' title='bbox 2100 2632 2368 2702; x_wconf 79' lang='grc' dir='ltr'>τηρήσας,</span> <span class='ocrx_word' id='word_1_402' title='bbox 2418 2631 2602 2684; x_wconf 87' lang='grc' dir='ltr'>ἐπόθει</span> <span class='ocrx_word' id='word_1_403' title='bbox 2648 2631 2745 2703; x_wconf 81' lang='grc' dir='ltr'>τὴν</span> <span class='ocrx_word' id='word_1_404' title='bbox 2786 2631 3046 2684; x_wconf 83' lang='grc' dir='ltr'>ἀνάλυσιν</span> <span class='ocrx_word' id='word_1_405' title='bbox 3079 2630 3213 2701; x_wconf 78' lang='grc'>(25),</span> <span class='ocrx_word' id='word_1_406' title='bbox 3248 2631 3342 2684; x_wconf 78' lang='grc' dir='ltr'>καὶ</span> <span class='ocrx_word' id='word_1_407' title='bbox 3376 2632 3404 2682; x_wconf 86' lang='grc' dir='ltr'>ὁ</span> <span class='ocrx_word' id='word_1_408' title='bbox 3441 2629 3552 2683; x_wconf 83' lang='grc' dir='ltr'><strong>τῶν</strong></span> <span class='ocrx_word' id='word_1_409' title='bbox 3577 2647 3702 2683; x_wconf 85' lang='grc' dir='ltr'>στε-</span> 
     </span>
    </p>
   </div>
   <div class='ocr_carea' id='block_1_57' title="bbox 2103 2715 3697 2793">
    <p class='ocr_par' dir='ltr' id='par_1_57' title="bbox 2103 2715 3697 2793">
     <span class='ocr_line' id='line_1_57' title="bbox 2103 2715 3697 2793; baseline -0.001 -17"><span class='ocrx_word' id='word_1_410' title='bbox 2103 2724 2286 2791; x_wconf 82' lang='grc' dir='ltr'>φάνων</span> <span class='ocrx_word' id='word_1_411' title='bbox 2314 2715 2617 2793; x_wconf 75' lang='grc' dir='ltr'>ἐνειστήκει</span> <span class='ocrx_word' id='word_1_412' title='bbox 2658 2722 2865 2793; x_wconf 83' lang='grc' dir='ltr'>καιρὸς,</span> <span class='ocrx_word' id='word_1_413' title='bbox 2900 2724 3123 2775; x_wconf 72' lang='grc' dir='ltr'>κάκεῖνο</span> <span class='ocrx_word' id='word_1_414' title='bbox 3164 2723 3262 2792; x_wconf 84' lang='grc' dir='ltr'>μὲν</span> <span class='ocrx_word' id='word_1_415' title='bbox 3299 2724 3400 2775; x_wconf 77' lang='grc' dir='ltr'><strong>οὐκ</strong></span> <span class='ocrx_word' id='word_1_416' title='bbox 3428 2723 3697 2790; x_wconf 67' lang='grc' dir='ltr'>ἤκουσενο</span> 
     </span>
    </p>
   </div>
   <div class='ocr_carea' id='block_1_58' title="bbox 2104 2813 3698 2880">
    <p class='ocr_par' dir='ltr' id='par_1_58' title="bbox 2104 2813 3698 2880">
     <span class='ocr_line' id='line_1_58' title="bbox 2104 2813 3698 2880; baseline 0 -13"><span class='ocrx_word' id='word_1_417' title='bbox 2104 2817 2210 2879; x_wconf 84' lang='grc' dir='ltr'><strong>Εἰς</strong></span> <span class='ocrx_word' id='word_1_418' title='bbox 2250 2816 2317 2866; x_wconf 82' lang='grc' dir='ltr'>τὸ</span> <span class='ocrx_word' id='word_1_419' title='bbox 2366 2814 2504 2880; x_wconf 82' lang='grc' dir='ltr'>ὅρος</span> <span class='ocrx_word' id='word_1_420' title='bbox 2555 2813 2829 2880; x_wconf 78' lang='grc' dir='ltr'>ἀνάϐηθι,</span> <span class='ocrx_word' id='word_1_421' title='bbox 2867 2814 2964 2865; x_wconf 80' lang='grc' dir='ltr'>καὶ</span> <span class='ocrx_word' id='word_1_422' title='bbox 3020 2815 3307 2868; x_wconf 71' lang='grc' dir='ltr'>τελεύτα·</span> <span class='ocrx_word' id='word_1_423' title='bbox 3357 2813 3585 2867; x_wconf 78' lang='grc' dir='ltr'>τελεύτα</span> <span class='ocrx_word' id='word_1_424' title='bbox 3615 2813 3698 2877; x_wconf 86' lang='grc' dir='ltr'>δὲ,</span> 
     </span>
    </p>
   </div>
   <div class='ocr_carea' id='block_1_59' title="bbox 2104 2905 3703 2976">
    <p class='ocr_par' dir='ltr' id='par_1_59' title="bbox 2104 2905 3703 2976">
     <span class='ocr_line' id='line_1_59' title="bbox 2104 2905 3703 2976; baseline -0.001 -17"><span class='ocrx_word' id='word_1_425' title='bbox 2104 2907 2198 2959; x_wconf 74' lang='grc' dir='ltr'><strong>καὶ</strong></span> <span class='ocrx_word' id='word_1_426' title='bbox 2228 2906 2486 2959; x_wconf 74' lang='grc' dir='ltr'>ἀνάϐαινε</span> <span class='ocrx_word' id='word_1_427' title='bbox 2520 2905 2655 2976; x_wconf 84' lang='grc' dir='ltr'>πρὸς</span> <span class='ocrx_word' id='word_1_428' title='bbox 2677 2907 2825 2974; x_wconf 81' lang='grc' dir='ltr'>ἡμᾶς</span> <span class='ocrx_word' id='word_1_429' title='bbox 2848 2922 2862 2934; x_wconf 72' lang='grc' dir='ltr'><strong><em>ο</em></strong></span> <span class='ocrx_word' id='word_1_430' title='bbox 2892 2905 3301 2976; x_wconf 84' lang='grc' dir='ltr'>θαυματουργεῖ</span> <span class='ocrx_word' id='word_1_431' title='bbox 3331 2923 3384 2958; x_wconf 88' lang='grc' dir='ltr'><strong>τι</strong></span> <span class='ocrx_word' id='word_1_432' title='bbox 3413 2905 3703 2958; x_wconf 78' lang='grc' dir='ltr'>κάνταῦθα</span> 
     </span>
    </p>
   </div>
   <div class='ocr_carea' id='block_1_60' title="bbox 2103 2997 3705 3070">
    <p class='ocr_par' dir='ltr' id='par_1_60' title="bbox 2103 2997 3705 3070">
     <span class='ocr_line' id='line_1_60' title="bbox 2103 2997 3705 3070; baseline 0 -20"><span class='ocrx_word' id='word_1_433' title='bbox 2103 2998 2214 3051; x_wconf 84' lang='grc' dir='ltr'>τῶν</span> <span class='ocrx_word' id='word_1_434' title='bbox 2244 2998 2655 3070; x_wconf 76' lang='grc' dir='ltr'>προειρημένων</span> <span class='ocrx_word' id='word_1_435' title='bbox 2682 2999 2781 3050; x_wconf 73' lang='grc' dir='ltr'><strong>οὐκ</strong></span> <span class='ocrx_word' id='word_1_436' title='bbox 2819 2997 3057 3051; x_wconf 79' lang='grc' dir='ltr'>ἔλαττον.</span> <span class='ocrx_word' id='word_1_437' title='bbox 3101 2998 3314 3069; x_wconf 81' lang='grc' dir='ltr'>Νεκρὺς</span> <span class='ocrx_word' id='word_1_438' title='bbox 3352 2997 3463 3068; x_wconf 82' lang='grc' dir='ltr'>γὰρ</span> <span class='ocrx_word' id='word_1_439' title='bbox 3491 2997 3568 3050; x_wconf 84' lang='grc' dir='ltr'><strong>ὣν</strong></span> 
     </span>
    </p>
   </div>
   <div class='ocr_carea' id='block_1_61' title="bbox 2110 3086 3703 3158">
    <p class='ocr_par' dir='ltr' id='par_1_61' title="bbox 2110 3086 3703 3158">
     <span class='ocr_line' id='line_1_61' title="bbox 2110 3086 3703 3158; baseline -0.001 -18"><span class='ocrx_word' id='word_1_440' title='bbox 2110 3087 2315 3158; x_wconf 82' lang='grc' dir='ltr'>σχεδὸν,</span> <span class='ocrx_word' id='word_1_441' title='bbox 2347 3088 2440 3142; x_wconf 75' lang='grc' dir='ltr'>καὶ</span> <span class='ocrx_word' id='word_1_442' title='bbox 2474 3089 2695 3150; x_wconf 84' lang='grc' dir='ltr'>ἄπνους,</span> <span class='ocrx_word' id='word_1_443' title='bbox 2730 3087 2825 3140; x_wconf 75' lang='grc' dir='ltr'>καὶ</span> <span class='ocrx_word' id='word_1_444' title='bbox 2859 3088 2920 3139; x_wconf 79' lang='grc' dir='ltr'>τὸ</span> <span class='ocrx_word' id='word_1_445' title='bbox 2952 3086 3044 3139; x_wconf 75' lang='grc' dir='ltr'>τοῦ</span> <span class='ocrx_word' id='word_1_446' title='bbox 3080 3088 3194 3158; x_wconf 86' lang='grc' dir='ltr'>βίου</span> <span class='ocrx_word' id='word_1_447' title='bbox 3237 3087 3487 3140; x_wconf 86' lang='grc' dir='ltr'>πλεῖστον</span> <span class='ocrx_word' id='word_1_448' title='bbox 3524 3104 3703 3140; x_wconf 89' lang='grc' dir='ltr'>κατα-</span> 
     </span>
    </p>
   </div>
   <div class='ocr_carea' id='block_1_62' title="bbox 433 3146 2008 3252">
    <p class='ocr_par' dir='ltr' id='par_1_62' title="bbox 433 3179 2008 3252">
     <span class='ocr_line' id='line_1_62' title="bbox 433 3179 2008 3252; baseline -0.003 -15"><span class='ocrx_word' id='word_1_449' title='bbox 433 3184 774 3252; x_wconf 71' lang='lat' dir='ltr'><strong>maximaque</strong></span> <span class='ocrx_word' id='word_1_450' title='bbox 805 3196 867 3234; x_wconf 86' lang='lat' dir='ltr'><strong>ex</strong></span> <span class='ocrx_word' id='word_1_451' title='bbox 909 3191 1061 3249; x_wconf 87' lang='lat' dir='ltr'><strong>parte</strong></span> <span class='ocrx_word' id='word_1_452' title='bbox 1100 3180 1204 3232; x_wconf 90' lang='lat' dir='ltr'><strong>vita</strong></span> <span class='ocrx_word' id='word_1_453' title='bbox 1252 3179 1584 3247; x_wconf 81' lang='lat' dir='ltr'><strong>perfunctus,</strong></span> <span class='ocrx_word' id='word_1_454' title='bbox 1641 3179 1785 3232; x_wconf 75' lang='lat' dir='ltr'><strong>circa</strong></span> <span class='ocrx_word' id='word_1_455' title='bbox 1826 3189 2008 3233; x_wconf 85' lang='lat' dir='ltr'><strong>extre-</strong></span> 
     </span>
    </p>
   </div>
   <div class='ocr_carea' id='block_1_63' title="bbox 2115 3146 3705 3252">
    <p class='ocr_par' dir='ltr' id='par_1_63' title="bbox 2115 3177 3705 3250">
     <span class='ocr_line' id='line_1_63' title="bbox 2115 3177 3705 3250; baseline -0.001 -19"><span class='ocrx_word' id='word_1_456' title='bbox 2115 3178 2395 3244; x_wconf 86' lang='grc' dir='ltr'>λελοιπὼς,</span> <span class='ocrx_word' id='word_1_457' title='bbox 2424 3178 2783 3249; x_wconf 77' lang='grc' dir='ltr'>εὐτονώτερος</span> <span class='ocrx_word' id='word_1_458' title='bbox 2824 3178 3035 3247; x_wconf 90' lang='grc' dir='ltr'>γίνεται</span> <span class='ocrx_word' id='word_1_459' title='bbox 3074 3179 3200 3250; x_wconf 79' lang='grc' dir='ltr'>περὶ</span> <span class='ocrx_word' id='word_1_460' title='bbox 3232 3178 3356 3242; x_wconf 83' lang='grc' dir='ltr'>τοὺς</span> <span class='ocrx_word' id='word_1_461' title='bbox 3390 3177 3705 3249; x_wconf 83' lang='grc' dir='ltr'>ἐξιτηρίους</span> 
     </span>
    </p>
   </div>
   <div class='ocr_carea' id='block_1_64' title="bbox 432 3272 2010 3339">
    <p class='ocr_par' dir='ltr' id='par_1_64' title="bbox 432 3272 2010 3339">
     <span class='ocr_line' id='line_1_64' title="bbox 432 3272 2010 3339; baseline -0.004 -8"><span class='ocrx_word' id='word_1_462' title='bbox 432 3292 549 3332; x_wconf 82' lang='lat' dir='ltr'><strong>mos</strong></span> <span class='ocrx_word' id='word_1_463' title='bbox 583 3290 861 3331; x_wconf 87' lang='lat' dir='ltr'><strong>sermones</strong></span> <span class='ocrx_word' id='word_1_464' title='bbox 915 3274 1187 3328; x_wconf 85' lang='lat' dir='ltr'><strong>robustior</strong></span> <span class='ocrx_word' id='word_1_465' title='bbox 1214 3273 1293 3335; x_wconf 84' lang='lat' dir='ltr'><strong>Iit,</strong></span> <span class='ocrx_word' id='word_1_466' title='bbox 1329 3281 1385 3324; x_wconf 90' lang='lat' dir='ltr'><strong>ut</strong></span> <span class='ocrx_word' id='word_1_467' title='bbox 1416 3287 1537 3325; x_wconf 89' lang='lat' dir='ltr'><strong>cum</strong></span> <span class='ocrx_word' id='word_1_468' title='bbox 1582 3273 1800 3339; x_wconf 85' lang='lat' dir='ltr'><strong>pictatis</strong></span> <span class='ocrx_word' id='word_1_469' title='bbox 1833 3272 2010 3325; x_wconf 80' lang='lat' dir='ltr'><strong>verbis</strong></span> 
     </span>
    </p>
   </div>
   <div class='ocr_carea' id='block_1_65' title="bbox 432 3364 2013 3435">
    <p class='ocr_par' dir='ltr' id='par_1_65' title="bbox 432 3364 2013 3435">
     <span class='ocr_line' id='line_1_65' title="bbox 432 3364 2013 3435; baseline -0.004 -11"><span class='ocrx_word' id='word_1_470' title='bbox 432 3372 770 3435; x_wconf 83' lang='lat' dir='ltr'><strong>abscederet,</strong></span> <span class='ocrx_word' id='word_1_471' title='bbox 802 3385 862 3421; x_wconf 89' lang='lat' dir='ltr'><strong>ac</strong></span> <span class='ocrx_word' id='word_1_472' title='bbox 899 3366 1223 3422; x_wconf 79' lang='lat' dir='ltr'><strong>ﬁdelissimis</strong></span> <span class='ocrx_word' id='word_1_473' title='bbox 1270 3366 1384 3420; x_wconf 89' lang='lat' dir='ltr'><strong>suis</strong></span> <span class='ocrx_word' id='word_1_474' title='bbox 1416 3366 1710 3419; x_wconf 84' lang='lat' dir='ltr'><strong>cultoribus</strong></span> <span class='ocrx_word' id='word_1_475' title='bbox 1740 3365 1808 3419; x_wconf 90' lang='lat' dir='ltr'><strong>ad</strong></span> <span class='ocrx_word' id='word_1_476' title='bbox 1841 3364 2013 3419; x_wconf 89' lang='lat' dir='ltr'><strong>eccle-</strong></span> 
     </span>
    </p>
   </div>
   <div class='ocr_carea' id='block_1_66' title="bbox 434 3457 2010 3532">
    <p class='ocr_par' dir='ltr' id='par_1_66' title="bbox 434 3457 2010 3532">
     <span class='ocr_line' id='line_1_66' title="bbox 434 3457 2010 3532; baseline -0.005 -13"><span class='ocrx_word' id='word_1_477' title='bbox 434 3463 687 3520; x_wconf 79' lang='lat' dir='ltr'><strong>siasticos</strong></span> <span class='ocrx_word' id='word_1_478' title='bbox 710 3462 906 3532; x_wconf 79' lang='lat' dir='ltr'><strong>gradus</strong></span> <span class='ocrx_word' id='word_1_479' title='bbox 958 3459 1320 3530; x_wconf 80' lang='lat' dir='ltr'><strong>provehendis</strong></span> <span class='ocrx_word' id='word_1_480' title='bbox 1381 3474 1597 3511; x_wconf 90' lang='lat' dir='ltr'><strong>manum</strong></span> <span class='ocrx_word' id='word_1_481' title='bbox 1645 3467 1698 3511; x_wconf 83' lang='lat' dir='ltr'><strong>et</strong></span> <span class='ocrx_word' id='word_1_482' title='bbox 1749 3457 2010 3524; x_wconf 83' lang='lat' dir='ltr'><strong>Spiritum</strong></span> 
     </span>
    </p>
   </div>
   <div class='ocr_carea' id='block_1_67' title="bbox 435 3550 2011 3626">
    <p class='ocr_par' dir='ltr' id='par_1_67' title="bbox 435 3550 2011 3626">
     <span class='ocr_line' id='line_1_67' title="bbox 435 3550 2011 3626; baseline -0.004 -16"><span class='ocrx_word' id='word_1_483' title='bbox 435 3556 736 3626; x_wconf 69' lang='lat' dir='ltr'><strong>prmberct;</strong></span> <span class='ocrx_word' id='word_1_484' title='bbox 781 3563 839 3605; x_wconf 92' lang='lat' dir='ltr'><strong>ut</strong></span> <span class='ocrx_word' id='word_1_485' title='bbox 874 3568 941 3606; x_wconf 92' lang='lat' dir='ltr'><strong>ne</strong></span> <span class='ocrx_word' id='word_1_486' title='bbox 974 3551 1212 3605; x_wconf 90' lang='lat' dir='ltr'><strong>sacrario</strong></span> <span class='ocrx_word' id='word_1_487' title='bbox 1249 3550 1649 3612; x_wconf 85' lang='lat' dir='ltr'><strong>Iraudarentur,</strong></span> <span class='ocrx_word' id='word_1_488' title='bbox 1684 3565 1816 3618; x_wconf 87' lang='lat' dir='ltr'><strong>quos</strong></span> <span class='ocrx_word' id='word_1_489' title='bbox 1846 3550 2011 3604; x_wconf 84' lang='lat' dir='ltr'><strong>disci-</strong></span> 
     </span>
    </p>
   </div>
   <div class='ocr_carea' id='block_1_68' title="bbox 437 3640 2012 3717">
    <p class='ocr_par' dir='ltr' id='par_1_68' title="bbox 437 3640 2012 3717">
     <span class='ocr_line' id='line_1_68' title="bbox 437 3640 2012 3717; baseline -0.004 -17"><span class='ocrx_word' id='word_1_490' title='bbox 437 3647 591 3717; x_wconf 83' lang='lat' dir='ltr'><strong>pulos</strong></span> <span class='ocrx_word' id='word_1_491' title='bbox 619 3656 780 3715; x_wconf 88' lang='lat' dir='ltr'><strong>atque</strong></span> <span class='ocrx_word' id='word_1_492' title='bbox 811 3644 863 3698; x_wconf 92' lang='lat' dir='ltr'><strong>in</strong></span> <span class='ocrx_word' id='word_1_493' title='bbox 889 3642 1192 3698; x_wconf 89' lang='lat' dir='ltr'><strong>sacerdotio</strong></span> <span class='ocrx_word' id='word_1_494' title='bbox 1221 3642 1497 3711; x_wconf 83' lang='lat' dir='ltr'><strong>adjutores</strong></span> <span class='ocrx_word' id='word_1_495' title='bbox 1528 3640 1805 3696; x_wconf 87' lang='lat' dir='ltr'><strong>habuerat.</strong></span> <span class='ocrx_word' id='word_1_496' title='bbox 1845 3640 1924 3694; x_wconf 86' lang='lat' dir='ltr'><strong>Ad</strong></span> <span class='ocrx_word' id='word_1_497' title='bbox 1952 3655 2012 3693; x_wconf 90' lang='lat' dir='ltr'><strong>ea</strong></span> 
     </span>
    </p>
   </div>
   <div class='ocr_carea' id='block_1_69' title="bbox 439 3732 2018 3807">
    <p class='ocr_par' dir='ltr' id='par_1_69' title="bbox 439 3732 2018 3807">
     <span class='ocr_line' id='line_1_69' title="bbox 439 3732 2018 3807; baseline -0.003 -20"><span class='ocrx_word' id='word_1_498' title='bbox 439 3753 558 3802; x_wconf 84' lang='lat' dir='ltr'><strong>quae</strong></span> <span class='ocrx_word' id='word_1_499' title='bbox 580 3746 896 3807; x_wconf 87' lang='lat' dir='ltr'><strong>sequuntur,</strong></span> <span class='ocrx_word' id='word_1_500' title='bbox 928 3733 1189 3803; x_wconf 78' lang='lat' dir='ltr'><strong>gravatim</strong></span> <span class='ocrx_word' id='word_1_501' title='bbox 1219 3733 1455 3800; x_wconf 90' lang='lat' dir='ltr'><strong>quidem,</strong></span> <span class='ocrx_word' id='word_1_502' title='bbox 1482 3732 1574 3787; x_wconf 91' lang='lat' dir='ltr'><strong>sed</strong></span> <span class='ocrx_word' id='word_1_503' title='bbox 1600 3740 1776 3785; x_wconf 91' lang='lat' dir='ltr'><strong>tamen</strong></span> <span class='ocrx_word' id='word_1_504' title='bbox 1808 3746 1866 3785; x_wconf 90' lang='lat' dir='ltr'><strong>se</strong></span> <span class='ocrx_word' id='word_1_505' title='bbox 1888 3746 2018 3784; x_wconf 84' lang='lat' dir='ltr'><strong>con-</strong></span> 
     </span>
    </p>
   </div>
   <div class='ocr_carea' id='block_1_70' title="bbox 440 3826 2015 3896">
    <p class='ocr_par' dir='ltr' id='par_1_70' title="bbox 440 3826 2015 3896">
     <span class='ocr_line' id='line_1_70' title="bbox 440 3826 2015 3896; baseline -0.004 -9"><span class='ocrx_word' id='word_1_506' title='bbox 440 3835 580 3889; x_wconf 79' lang='lat' dir='ltr'><strong>feret</strong></span> <span class='ocrx_word' id='word_1_507' title='bbox 607 3826 802 3893; x_wconf 72' lang='lat' dir='ltr'><strong>oratio,</strong></span> <span class='ocrx_word' id='word_1_508' title='bbox 845 3829 968 3884; x_wconf 89' lang='lat' dir='ltr'><strong>licet</strong></span> <span class='ocrx_word' id='word_1_509' title='bbox 995 3829 1115 3883; x_wconf 87' lang='lat' dir='ltr'><strong>aliis</strong></span> <span class='ocrx_word' id='word_1_510' title='bbox 1152 3829 1327 3896; x_wconf 88' lang='lat' dir='ltr'><strong>potius</strong></span> <span class='ocrx_word' id='word_1_511' title='bbox 1364 3843 1523 3896; x_wconf 91' lang='lat' dir='ltr'><strong>quam</strong></span> <span class='ocrx_word' id='word_1_512' title='bbox 1549 3827 1700 3881; x_wconf 87' lang='lat' dir='ltr'><strong>nobis</strong></span> <span class='ocrx_word' id='word_1_513' title='bbox 1726 3828 1810 3880; x_wconf 90' lang='lat' dir='ltr'><strong>hic</strong></span> <span class='ocrx_word' id='word_1_514' title='bbox 1838 3841 2015 3880; x_wconf 90' lang='lat' dir='ltr'><strong>sermo</strong></span> 
     </span>
    </p>
   </div>
   <div class='ocr_carea' id='block_1_71' title="bbox 441 3919 2015 3989">
    <p class='ocr_par' dir='ltr' id='par_1_71' title="bbox 441 3919 2015 3989">
     <span class='ocr_line' id='line_1_71' title="bbox 441 3919 2015 3989; baseline -0.004 -13"><span class='ocrx_word' id='word_1_515' title='bbox 441 3923 744 3978; x_wconf 74' lang='lat' dir='ltr'><strong>conveniat.</strong></span> <span class='ocrx_word' id='word_1_516' title='bbox 763 3922 871 3975; x_wconf 84' lang='lat' dir='ltr'><strong>Nec</strong></span> <span class='ocrx_word' id='word_1_517' title='bbox 892 3922 1034 3974; x_wconf 88' lang='lat' dir='ltr'><strong>enim</strong></span> <span class='ocrx_word' id='word_1_518' title='bbox 1056 3921 1106 3973; x_wconf 91' lang='lat' dir='ltr'><strong>in</strong></span> <span class='ocrx_word' id='word_1_519' title='bbox 1126 3919 1310 3974; x_wconf 91' lang='lat' dir='ltr'><strong>dolore</strong></span> <span class='ocrx_word' id='word_1_520' title='bbox 1330 3920 1693 3989; x_wconf 89' lang='lat' dir='ltr'><strong>philosophari</strong></span> <span class='ocrx_word' id='word_1_521' title='bbox 1712 3934 1869 3989; x_wconf 91' lang='lat' dir='ltr'><strong>queo,</strong></span> <span class='ocrx_word' id='word_1_522' title='bbox 1889 3919 2015 3981; x_wconf 87' lang='lat' dir='ltr'><strong>etsi,</strong></span> 
     </span>
    </p>
   </div>
   <div class='ocr_carea' id='block_1_72' title="bbox 444 4006 2019 4085">
    <p class='ocr_par' dir='ltr' id='par_1_72' title="bbox 444 4006 2019 4085">
     <span class='ocr_line' id='line_1_72' title="bbox 444 4006 2019 4085; baseline -0.005 -18"><span class='ocrx_word' id='word_1_523' title='bbox 444 4023 501 4071; x_wconf 81' lang='lat' dir='ltr'><strong>ut</strong></span> <span class='ocrx_word' id='word_1_524' title='bbox 520 4015 948 4085; x_wconf 82' lang='lat' dir='ltr'><strong>Philosopbarer,</strong></span> <span class='ocrx_word' id='word_1_525' title='bbox 970 4010 1318 4064; x_wconf 76' lang='lat' dir='ltr'><strong>vehementer</strong></span> <span class='ocrx_word' id='word_1_526' title='bbox 1333 4009 1721 4071; x_wconf 88' lang='lat' dir='ltr'><strong>contenderim,</strong></span> <span class='ocrx_word' id='word_1_527' title='bbox 1736 4008 1858 4061; x_wconf 90' lang='lat' dir='ltr'><strong>dum</strong></span> <span class='ocrx_word' id='word_1_528' title='bbox 1889 4006 2019 4061; x_wconf 92' lang='lat' dir='ltr'><strong>mihi</strong></span> 
     </span>
    </p>
   </div>
   <div class='ocr_carea' id='block_1_73' title="bbox 444 4099 2024 4163">
    <p class='ocr_par' dir='ltr' id='par_1_73' title="bbox 444 4099 2024 4163">
     <span class='ocr_line' id='line_1_73' title="bbox 444 4099 2024 4163; baseline -0.008 0"><span class='ocrx_word' id='word_1_529' title='bbox 444 4111 496 4163; x_wconf 92' lang='lat' dir='ltr'><strong>in</strong></span> <span class='ocrx_word' id='word_1_530' title='bbox 534 4109 714 4163; x_wconf 92' lang='lat' dir='ltr'><strong>animo</strong></span> <span class='ocrx_word' id='word_1_531' title='bbox 738 4113 981 4160; x_wconf 87' lang='lat' dir='ltr'><strong>versatur</strong></span> <span class='ocrx_word' id='word_1_532' title='bbox 1011 4116 1299 4156; x_wconf 84' lang='lat' dir='ltr'><strong>commune</strong></span> <span class='ocrx_word' id='word_1_533' title='bbox 1352 4101 1755 4162; x_wconf 82' lang='lat' dir='ltr'><strong>detrimentum,</strong></span> <span class='ocrx_word' id='word_1_534' title='bbox 1788 4109 1841 4153; x_wconf 92' lang='lat' dir='ltr'><strong>et</strong></span> <span class='ocrx_word' id='word_1_535' title='bbox 1886 4099 2024 4153; x_wconf 82' lang='lat' dir='ltr'><strong>cala-</strong></span> 
     </span>
    </p>
   </div>
   <div class='ocr_carea' id='block_1_74' title="bbox 442 4190 2018 4265">
    <p class='ocr_par' dir='ltr' id='par_1_74' title="bbox 442 4190 2018 4265">
     <span class='ocr_line' id='line_1_74' title="bbox 442 4190 2018 4265; baseline -0.006 -10"><span class='ocrx_word' id='word_1_536' title='bbox 442 4200 602 4255; x_wconf 79' lang='lat' dir='ltr'><strong>mitas</strong></span> <span class='ocrx_word' id='word_1_537' title='bbox 638 4214 725 4261; x_wconf 90' lang='lat' dir='ltr'><strong>ea,</strong></span> <span class='ocrx_word' id='word_1_538' title='bbox 777 4210 894 4265; x_wconf 70' lang='lat' dir='ltr'><strong>qum</strong></span> <span class='ocrx_word' id='word_1_539' title='bbox 924 4194 1237 4249; x_wconf 90' lang='lat' dir='ltr'><strong>universum</strong></span> <span class='ocrx_word' id='word_1_540' title='bbox 1286 4202 1550 4245; x_wconf 87' lang='lat' dir='ltr'><strong>terrarum</strong></span> <span class='ocrx_word' id='word_1_541' title='bbox 1588 4192 1773 4244; x_wconf 90' lang='lat' dir='ltr'><strong>orbem</strong></span> <span class='ocrx_word' id='word_1_542' title='bbox 1805 4190 2018 4245; x_wconf 88' lang='lat' dir='ltr'><strong>invasit.</strong></span> 
     </span>
    </p>
   </div>
   <div class='ocr_carea' id='block_1_75' title="bbox 512 4279 2021 4348">
    <p class='ocr_par' dir='ltr' id='par_1_75' title="bbox 512 4279 2021 4348">
     <span class='ocr_line' id='line_1_75' title="bbox 512 4279 2021 4348; baseline -0.005 -8"><span class='ocrx_word' id='word_1_543' title='bbox 512 4283 751 4340; x_wconf 76' lang='lat' dir='ltr'><strong>LXXIX.</strong></span> <span class='ocrx_word' id='word_1_544' title='bbox 780 4282 1004 4338; x_wconf 87' lang='lat' dir='ltr'><strong>Jacebat</strong></span> <span class='ocrx_word' id='word_1_545' title='bbox 1060 4281 1149 4337; x_wconf 93' lang='lat' dir='ltr'><strong>ille</strong></span> <span class='ocrx_word' id='word_1_546' title='bbox 1202 4290 1474 4334; x_wconf 81' lang='lat' dir='ltr'><strong>extremos</strong></span> <span class='ocrx_word' id='word_1_547' title='bbox 1523 4280 1745 4348; x_wconf 87' lang='lat' dir='ltr'><strong>spiritus</strong></span> <span class='ocrx_word' id='word_1_548' title='bbox 1796 4279 2021 4344; x_wconf 82' lang='lat' dir='ltr'><strong>ducens,</strong></span> 
     </span>
    </p>
   </div>
   <div class='ocr_carea' id='block_1_76' title="bbox 444 4369 2024 4446">
    <p class='ocr_par' dir='ltr' id='par_1_76' title="bbox 444 4369 2024 4446">
     <span class='ocr_line' id='line_1_76' title="bbox 444 4369 2024 4446; baseline -0.003 -17"><span class='ocrx_word' id='word_1_549' title='bbox 444 4385 608 4446; x_wconf 86' lang='lat' dir='ltr'><strong>atque</strong></span> <span class='ocrx_word' id='word_1_550' title='bbox 635 4392 664 4429; x_wconf 90' lang='lat' dir='ltr'><strong>a</strong></span> <span class='ocrx_word' id='word_1_551' title='bbox 698 4375 905 4430; x_wconf 68' lang='lat' dir='ltr'><strong>caalesti</strong></span> <span class='ocrx_word' id='word_1_552' title='bbox 941 4376 1131 4438; x_wconf 90' lang='lat' dir='ltr'><strong>choro,</strong></span> <span class='ocrx_word' id='word_1_553' title='bbox 1185 4374 1251 4427; x_wconf 91' lang='lat' dir='ltr'><strong>ad</strong></span> <span class='ocrx_word' id='word_1_554' title='bbox 1281 4386 1441 4440; x_wconf 91' lang='lat' dir='ltr'><strong>quem</strong></span> <span class='ocrx_word' id='word_1_555' title='bbox 1465 4369 1787 4440; x_wconf 89' lang='lat' dir='ltr'><strong>jampridem</strong></span> <span class='ocrx_word' id='word_1_556' title='bbox 1836 4371 2024 4425; x_wconf 85' lang='lat' dir='ltr'><strong>oculo-</strong></span> 
     </span>
    </p>
   </div>
   <div class='ocr_carea' id='block_1_77' title="bbox 446 4459 2023 4531">
    <p class='ocr_par' dir='ltr' id='par_1_77' title="bbox 446 4459 2023 4531">
     <span class='ocr_line' id='line_1_77' title="bbox 446 4459 2023 4531; baseline -0.005 -8"><span class='ocrx_word' id='word_1_557' title='bbox 446 4484 568 4523; x_wconf 93' lang='lat' dir='ltr'><strong>rum</strong></span> <span class='ocrx_word' id='word_1_558' title='bbox 607 4468 778 4523; x_wconf 88' lang='lat' dir='ltr'><strong>aciem</strong></span> <span class='ocrx_word' id='word_1_559' title='bbox 814 4467 1147 4529; x_wconf 87' lang='lat' dir='ltr'><strong>intendebat,</strong></span> <span class='ocrx_word' id='word_1_560' title='bbox 1176 4464 1467 4531; x_wconf 81' lang='lat' dir='ltr'><strong>expetitus.</strong></span> <span class='ocrx_word' id='word_1_561' title='bbox 1501 4459 1681 4514; x_wconf 86' lang='lat' dir='ltr'><strong>Ell&#39;usa</strong></span> <span class='ocrx_word' id='word_1_562' title='bbox 1710 4470 1888 4515; x_wconf 91' lang='lat' dir='ltr'><strong>autem</strong></span> <span class='ocrx_word' id='word_1_563' title='bbox 1918 4462 2023 4515; x_wconf 75' lang='lat' dir='ltr'><strong>cir-</strong></span> 
     </span>
    </p>
   </div>
   <div class='ocr_carea' id='block_1_78' title="bbox 444 4552 2021 4620">
    <p class='ocr_par' dir='ltr' id='par_1_78' title="bbox 444 4552 2021 4620">
     <span class='ocr_line' id='line_1_78' title="bbox 444 4552 2021 4620; baseline -0.005 -7"><span class='ocrx_word' id='word_1_564' title='bbox 444 4575 567 4613; x_wconf 81' lang='lat' dir='ltr'><strong>cmn</strong></span> <span class='ocrx_word' id='word_1_565' title='bbox 601 4574 722 4613; x_wconf 90' lang='lat' dir='ltr'><strong>eum</strong></span> <span class='ocrx_word' id='word_1_566' title='bbox 776 4567 895 4611; x_wconf 89' lang='lat' dir='ltr'><strong>erat</strong></span> <span class='ocrx_word' id='word_1_567' title='bbox 933 4565 1040 4610; x_wconf 90' lang='lat' dir='ltr'><strong>tota</strong></span> <span class='ocrx_word' id='word_1_568' title='bbox 1106 4555 1317 4618; x_wconf 87' lang='lat' dir='ltr'><strong>civitas,</strong></span> <span class='ocrx_word' id='word_1_569' title='bbox 1358 4553 1623 4620; x_wconf 88' lang='lat' dir='ltr'><strong>jacturam</strong></span> <span class='ocrx_word' id='word_1_570' title='bbox 1682 4552 1820 4605; x_wconf 90' lang='lat' dir='ltr'><strong>hanc</strong></span> <span class='ocrx_word' id='word_1_571' title='bbox 1853 4568 2021 4620; x_wconf 67' lang='lat' dir='ltr'><strong>arger-</strong></span> 
     </span>
    </p>
   </div>
   <div class='ocr_carea' id='block_1_79' title="bbox 447 4642 2010 4713">
    <p class='ocr_par' dir='ltr' id='par_1_79' title="bbox 447 4642 2010 4713">
     <span class='ocr_line' id='line_1_79' title="bbox 447 4642 2010 4713; baseline -0.008 -8"><span class='ocrx_word' id='word_1_572' title='bbox 447 4652 584 4705; x_wconf 91' lang='lat' dir='ltr'><strong>rime</strong></span> <span class='ocrx_word' id='word_1_573' title='bbox 618 4649 818 4713; x_wconf 73' lang='lat' dir='ltr'><strong>ferens,</strong></span> <span class='ocrx_word' id='word_1_574' title='bbox 851 4663 916 4703; x_wconf 90' lang='lat' dir='ltr'><strong>ac</strong></span> <span class='ocrx_word' id='word_1_575' title='bbox 954 4646 1270 4708; x_wconf 86' lang='lat' dir='ltr'><strong>discessum,</strong></span> <span class='ocrx_word' id='word_1_576' title='bbox 1311 4643 1532 4713; x_wconf 89' lang='lat' dir='ltr'><strong>perinde</strong></span> <span class='ocrx_word' id='word_1_577' title='bbox 1564 4651 1621 4693; x_wconf 93' lang='lat' dir='ltr'><strong>ut</strong></span> <span class='ocrx_word' id='word_1_578' title='bbox 1652 4642 2010 4711; x_wconf 85' lang='lat' dir='ltr'><strong>tyrannidem,</strong></span> 
     </span>
    </p>
   </div>
   <div class='ocr_carea' id='block_1_80' title="bbox 2109 3270 3707 3343">
    <p class='ocr_par' dir='ltr' id='par_1_80' title="bbox 2109 3270 3707 3343">
     <span class='ocr_line' id='line_1_80' title="bbox 2109 3270 3707 3343; baseline 0.001 -20"><span class='ocrx_word' id='word_1_579' title='bbox 2109 3271 2216 3324; x_wconf 83' lang='grc' dir='ltr'><strong>τῶν</strong></span> <span class='ocrx_word' id='word_1_580' title='bbox 2246 3270 2439 3340; x_wconf 88' lang='grc' dir='ltr'>λόγων,</span> <span class='ocrx_word' id='word_1_581' title='bbox 2483 3272 2569 3324; x_wconf 86' lang='grc' dir='ltr'>ἵνα</span> <span class='ocrx_word' id='word_1_582' title='bbox 2600 3273 2714 3333; x_wconf 88' lang='grc' dir='ltr'>τοῖς</span> <span class='ocrx_word' id='word_1_583' title='bbox 2759 3273 2858 3342; x_wconf 80' lang='grc' dir='ltr'>τῆς</span> <span class='ocrx_word' id='word_1_584' title='bbox 2917 3270 3199 3333; x_wconf 76' lang='grc' dir='ltr'>εὐσεϐείας</span> <span class='ocrx_word' id='word_1_585' title='bbox 3240 3270 3553 3343; x_wconf 81' lang='grc' dir='ltr'>συναπέλθῃ</span> <span class='ocrx_word' id='word_1_586' title='bbox 3599 3273 3707 3343; x_wconf 72' lang='grc' dir='ltr'><strong>ρήο</strong></span> 
     </span>
    </p>
   </div>
   <div class='ocr_carea' id='block_1_81' title="bbox 2114 3362 3709 3435">
    <p class='ocr_par' dir='ltr' id='par_1_81' title="bbox 2114 3362 3709 3435">
     <span class='ocr_line' id='line_1_81' title="bbox 2114 3362 3709 3435; baseline -0.001 -20"><span class='ocrx_word' id='word_1_587' title='bbox 2114 3381 2269 3433; x_wconf 90' lang='grc' dir='ltr'>μασι,</span> <span class='ocrx_word' id='word_1_588' title='bbox 2302 3366 2396 3417; x_wconf 78' lang='grc' dir='ltr'>καὶ</span> <span class='ocrx_word' id='word_1_589' title='bbox 2418 3364 2772 3435; x_wconf 79' lang='grc' dir='ltr'>χειροτονίαις</span> <span class='ocrx_word' id='word_1_590' title='bbox 2800 3363 2909 3415; x_wconf 86' lang='grc' dir='ltr'><strong>τῶν</strong></span> <span class='ocrx_word' id='word_1_591' title='bbox 2932 3364 3319 3433; x_wconf 87' lang='grc' dir='ltr'>γνησιωτάτων</span> <span class='ocrx_word' id='word_1_592' title='bbox 3344 3362 3512 3416; x_wconf 75' lang='grc' dir='ltr'>αὑτοῦ</span> <span class='ocrx_word' id='word_1_593' title='bbox 3540 3362 3709 3432; x_wconf 85' lang='grc' dir='ltr'>θερα-</span> 
     </span>
    </p>
   </div>
   <div class='ocr_carea' id='block_1_82' title="bbox 2112 3454 3706 3526">
    <p class='ocr_par' dir='ltr' id='par_1_82' title="bbox 2112 3454 3706 3526">
     <span class='ocr_line' id='line_1_82' title="bbox 2112 3454 3706 3526; baseline -0.001 -19"><span class='ocrx_word' id='word_1_594' title='bbox 2112 3455 2349 3516; x_wconf 85' lang='grc' dir='ltr'>πευτῶν,</span> <span class='ocrx_word' id='word_1_595' title='bbox 2382 3456 2480 3525; x_wconf 80' lang='grc' dir='ltr'>τὴν</span> <span class='ocrx_word' id='word_1_596' title='bbox 2512 3458 2667 3524; x_wconf 88' lang='grc' dir='ltr'>χεῖρα</span> <span class='ocrx_word' id='word_1_597' title='bbox 2699 3454 2881 3507; x_wconf 80' lang='grc' dir='ltr'>δίδωσι</span> <span class='ocrx_word' id='word_1_598' title='bbox 2912 3456 3006 3507; x_wconf 76' lang='grc' dir='ltr'>καὶ</span> <span class='ocrx_word' id='word_1_599' title='bbox 3034 3454 3095 3507; x_wconf 83' lang='grc' dir='ltr'>τὸ</span> <span class='ocrx_word' id='word_1_600' title='bbox 3138 3454 3365 3525; x_wconf 75' lang='grc' dir='ltr'>Πνεῦμα</span> <span class='ocrx_word' id='word_1_601' title='bbox 3388 3472 3401 3484; x_wconf 89' lang='grc'><strong>·</strong></span> <span class='ocrx_word' id='word_1_602' title='bbox 3443 3454 3586 3507; x_wconf 80' lang='grc' dir='ltr'>ὥστε</span> <span class='ocrx_word' id='word_1_603' title='bbox 3623 3456 3706 3526; x_wconf 75' lang='grc' dir='ltr'>μὴ</span> 
     </span>
    </p>
   </div>
   <div class='ocr_carea' id='block_1_83' title="bbox 2114 3545 3708 3618">
    <p class='ocr_par' dir='ltr' id='par_1_83' title="bbox 2114 3545 3708 3618">
     <span class='ocr_line' id='line_1_83' title="bbox 2114 3545 3708 3618; baseline -0.001 -20"><span class='ocrx_word' id='word_1_604' title='bbox 2114 3546 2459 3616; x_wconf 78' lang='grc' dir='ltr'>ζημιωθῆναι</span> <span class='ocrx_word' id='word_1_605' title='bbox 2486 3547 2546 3599; x_wconf 84' lang='grc' dir='ltr'>τὸ</span> <span class='ocrx_word' id='word_1_606' title='bbox 2589 3546 2740 3615; x_wconf 79' lang='grc' dir='ltr'>βῆμα</span> <span class='ocrx_word' id='word_1_607' title='bbox 2782 3547 2892 3618; x_wconf 84' lang='grc'>(26)</span> <span class='ocrx_word' id='word_1_608' title='bbox 2923 3548 3048 3608; x_wconf 82' lang='grc' dir='ltr'>τοὺς</span> <span class='ocrx_word' id='word_1_609' title='bbox 3075 3546 3284 3599; x_wconf 83' lang='grc' dir='ltr'>ἐκείνου</span> <span class='ocrx_word' id='word_1_610' title='bbox 3314 3545 3585 3617; x_wconf 78' lang='grc' dir='ltr'>μαθητὰς,</span> <span class='ocrx_word' id='word_1_611' title='bbox 3608 3547 3708 3598; x_wconf 73' lang='grc' dir='ltr'><strong>καὶ</strong></span> 
     </span>
    </p>
   </div>
   <div class='ocr_carea' id='block_1_84' title="bbox 2114 3635 3708 3708">
    <p class='ocr_par' dir='ltr' id='par_1_84' title="bbox 2114 3635 3708 3708">
     <span class='ocr_line' id='line_1_84' title="bbox 2114 3635 3708 3708; baseline -0.001 -20"><span class='ocrx_word' id='word_1_612' title='bbox 2114 3637 2211 3707; x_wconf 81' lang='grc' dir='ltr'>τῆς</span> <span class='ocrx_word' id='word_1_613' title='bbox 2241 3636 2540 3708; x_wconf 78' lang='grc' dir='ltr'>ἱερωσύνης</span> <span class='ocrx_word' id='word_1_614' title='bbox 2573 3638 2970 3708; x_wconf 86' lang='grc' dir='ltr'>συλλήπτορας.</span> <span class='ocrx_word' id='word_1_615' title='bbox 3006 3637 3129 3699; x_wconf 87' lang='grc' dir='ltr'>Τοῖς</span> <span class='ocrx_word' id='word_1_616' title='bbox 3156 3636 3212 3688; x_wconf 83' lang='grc' dir='ltr'>δὲ</span> <span class='ocrx_word' id='word_1_617' title='bbox 3251 3636 3377 3705; x_wconf 77' lang='grc' dir='ltr'><strong>ἑξῆς</strong></span> <span class='ocrx_word' id='word_1_618' title='bbox 3402 3637 3553 3687; x_wconf 82' lang='grc' dir='ltr'>ὀκνεῖ</span> <span class='ocrx_word' id='word_1_619' title='bbox 3603 3635 3708 3704; x_wconf 83' lang='grc' dir='ltr'><strong>μὲν</strong></span> 
     </span>
    </p>
   </div>
   <div class='ocr_carea' id='block_1_85' title="bbox 2116 3728 3710 3801">
    <p class='ocr_par' dir='ltr' id='par_1_85' title="bbox 2116 3728 3710 3801">
     <span class='ocr_line' id='line_1_85' title="bbox 2116 3728 3710 3801; baseline -0.003 -18"><span class='ocrx_word' id='word_1_620' title='bbox 2116 3729 2431 3799; x_wconf 81' lang='grc' dir='ltr'>προσελθεῖν</span> <span class='ocrx_word' id='word_1_621' title='bbox 2478 3732 2504 3783; x_wconf 79' lang='grc' dir='ltr'>ὁ</span> <span class='ocrx_word' id='word_1_622' title='bbox 2548 3729 2725 3797; x_wconf 83' lang='grc' dir='ltr'>λόγος,</span> <span class='ocrx_word' id='word_1_623' title='bbox 2777 3728 3148 3801; x_wconf 77' lang='grc' dir='ltr'>προσϐήσεται</span> <span class='ocrx_word' id='word_1_624' title='bbox 3190 3728 3302 3798; x_wconf 85' lang='grc'>(27)</span> <span class='ocrx_word' id='word_1_625' title='bbox 3341 3728 3398 3780; x_wconf 82' lang='grc' dir='ltr'>δὲ</span> <span class='ocrx_word' id='word_1_626' title='bbox 3443 3728 3617 3797; x_wconf 84' lang='grc' dir='ltr'>ὅμως,</span> <span class='ocrx_word' id='word_1_627' title='bbox 3655 3729 3710 3780; x_wconf 70' lang='grc' dir='ltr'>εξ</span> 
     </span>
    </p>
   </div>
   <div class='ocr_carea' id='block_1_86' title="bbox 2117 3819 3712 3891">
    <p class='ocr_par' dir='ltr' id='par_1_86' title="bbox 2117 3819 3712 3891">
     <span class='ocr_line' id='line_1_86' title="bbox 2117 3819 3712 3891; baseline 0 -19"><span class='ocrx_word' id='word_1_628' title='bbox 2117 3821 2211 3872; x_wconf 67' lang='grc' dir='ltr'>καὶ</span> <span class='ocrx_word' id='word_1_629' title='bbox 2239 3820 2416 3883; x_wconf 81' lang='grc' dir='ltr'>ἄλλοις</span> <span class='ocrx_word' id='word_1_630' title='bbox 2445 3821 2644 3891; x_wconf 82' lang='grc' dir='ltr'>μᾶλλον</span> <span class='ocrx_word' id='word_1_631' title='bbox 2674 3820 2828 3891; x_wconf 77' lang='grc' dir='ltr'><strong>ἡμῶν</strong></span> <span class='ocrx_word' id='word_1_632' title='bbox 2853 3828 3074 3891; x_wconf 72' lang='grc' dir='ltr'>πρέπων</span> <span class='ocrx_word' id='word_1_633' title='bbox 3101 3822 3129 3873; x_wconf 86' lang='grc' dir='ltr'>ὁ</span> <span class='ocrx_word' id='word_1_634' title='bbox 3148 3820 3323 3888; x_wconf 82' lang='grc' dir='ltr'>λόγος.</span> <span class='ocrx_word' id='word_1_635' title='bbox 3352 3819 3428 3872; x_wconf 78' lang='grc' dir='ltr'><strong>Οὐ</strong></span> <span class='ocrx_word' id='word_1_636' title='bbox 3458 3820 3569 3890; x_wconf 76' lang='grc' dir='ltr'><strong>γὰρ</strong></span> <span class='ocrx_word' id='word_1_637' title='bbox 3596 3819 3712 3889; x_wconf 76' lang='grc' dir='ltr'><strong>ἔχω</strong></span> 
     </span>
    </p>
   </div>
   <div class='ocr_carea' id='block_1_87' title="bbox 2121 3910 3712 3982">
    <p class='ocr_par' dir='ltr' id='par_1_87' title="bbox 2121 3910 3712 3982">
     <span class='ocr_line' id='line_1_87' title="bbox 2121 3910 3712 3982; baseline -0.001 -19"><span class='ocrx_word' id='word_1_638' title='bbox 2121 3912 2430 3980; x_wconf 61' lang='grc' dir='ltr'>φιλοσοφεῖν</span> <span class='ocrx_word' id='word_1_639' title='bbox 2474 3914 2531 3964; x_wconf 84' lang='grc' dir='ltr'><strong>ἐν</strong></span> <span class='ocrx_word' id='word_1_640' title='bbox 2581 3911 2659 3982; x_wconf 78' lang='grc' dir='ltr'>τῷ</span> <span class='ocrx_word' id='word_1_641' title='bbox 2698 3913 2878 3973; x_wconf 80' lang='grc' dir='ltr'>πάθει,</span> <span class='ocrx_word' id='word_1_642' title='bbox 2932 3911 3025 3964; x_wconf 76' lang='grc' dir='ltr'>καὶ</span> <span class='ocrx_word' id='word_1_643' title='bbox 3070 3913 3119 3963; x_wconf 80' lang='grc' dir='ltr'>εἰ</span> <span class='ocrx_word' id='word_1_644' title='bbox 3160 3911 3363 3981; x_wconf 76' lang='grc' dir='ltr'>σφόδρα</span> <span class='ocrx_word' id='word_1_645' title='bbox 3396 3910 3712 3980; x_wconf 70' lang='grc' dir='ltr'>φιλοσοφεῖν</span> 
     </span>
    </p>
   </div>
   <div class='ocr_carea' id='block_1_88' title="bbox 2121 4001 3712 4079">
    <p class='ocr_par' dir='ltr' id='par_1_88' title="bbox 2121 4001 3712 4079">
     <span class='ocr_line' id='line_1_88' title="bbox 2121 4001 3712 4079; baseline 0 -23"><span class='ocrx_word' id='word_1_646' title='bbox 2121 4004 2448 4067; x_wconf 79' lang='grc' dir='ltr'>ἐσπούδακα,</span> <span class='ocrx_word' id='word_1_647' title='bbox 2485 4004 2585 4073; x_wconf 82' lang='grc' dir='ltr'>τῆς</span> <span class='ocrx_word' id='word_1_648' title='bbox 2611 4004 2795 4072; x_wconf 76' lang='grc' dir='ltr'>κοινῆς</span> <span class='ocrx_word' id='word_1_649' title='bbox 2827 4004 3175 4079; x_wconf 79' lang='grc' dir='ltr'>μεμνημένος</span> <span class='ocrx_word' id='word_1_650' title='bbox 3218 4002 3445 4074; x_wconf 75' lang='grc' dir='ltr'>ζημίας.</span> <span class='ocrx_word' id='word_1_651' title='bbox 3479 4004 3575 4056; x_wconf 74' lang='grc' dir='ltr'>καὶ</span> <span class='ocrx_word' id='word_1_652' title='bbox 3609 4001 3712 4057; x_wconf 76' lang='grc' dir='ltr'><strong>τοῦ</strong></span> 
     </span>
    </p>
   </div>
   <div class='ocr_carea' id='block_1_89' title="bbox 2123 4096 3201 4169">
    <p class='ocr_par' dir='ltr' id='par_1_89' title="bbox 2123 4096 3201 4169">
     <span class='ocr_line' id='line_1_89' title="bbox 2123 4096 3201 4169; baseline 0.002 -20"><span class='ocrx_word' id='word_1_653' title='bbox 2123 4098 2484 4167; x_wconf 79' lang='grc' dir='ltr'>κατασχόντος</span> <span class='ocrx_word' id='word_1_654' title='bbox 2512 4098 2715 4160; x_wconf 87' lang='grc' dir='ltr'>πάθους</span> <span class='ocrx_word' id='word_1_655' title='bbox 2740 4099 2840 4169; x_wconf 81' lang='grc' dir='ltr'><strong>τὴν</strong></span> <span class='ocrx_word' id='word_1_656' title='bbox 2862 4096 3201 4167; x_wconf 79' lang='grc' dir='ltr'>οἰκουμένην.</span> 
     </span>
    </p>
   </div>
   <div class='ocr_carea' id='block_1_90' title="bbox 2195 4277 3713 4350">
    <p class='ocr_par' dir='ltr' id='par_1_90' title="bbox 2195 4277 3713 4350">
     <span class='ocr_line' id='line_1_90' title="bbox 2195 4277 3713 4350; baseline 0.001 -20"><span class='ocrx_word' id='word_1_657' title='bbox 2195 4277 2314 4330; x_wconf 80' lang='grc' dir='ltr'><strong>ΟΘ’.</strong></span> <span class='ocrx_word' id='word_1_658' title='bbox 2352 4278 2570 4330; x_wconf 87' lang='grc' dir='ltr'>’Έκειτο</span> <span class='ocrx_word' id='word_1_659' title='bbox 2607 4278 2705 4349; x_wconf 81' lang='grc' dir='ltr'>μὲν</span> <span class='ocrx_word' id='word_1_660' title='bbox 2731 4282 2758 4332; x_wconf 86' lang='grc' dir='ltr'>ὁ</span> <span class='ocrx_word' id='word_1_661' title='bbox 2785 4280 2923 4350; x_wconf 76' lang='grc' dir='ltr'>ἀνὴρ</span> <span class='ocrx_word' id='word_1_662' title='bbox 2957 4278 3025 4331; x_wconf 76' lang='grc' dir='ltr'><strong>τὰ</strong></span> <span class='ocrx_word' id='word_1_663' title='bbox 3062 4280 3345 4331; x_wconf 87' lang='grc' dir='ltr'>τελευταῖα</span> <span class='ocrx_word' id='word_1_664' title='bbox 3384 4278 3587 4343; x_wconf 85' lang='grc' dir='ltr'>πνέων,</span> <span class='ocrx_word' id='word_1_665' title='bbox 3614 4280 3713 4332; x_wconf 80' lang='grc' dir='ltr'>και</span> 
     </span>
    </p>
   </div>
   <div class='ocr_carea' id='block_1_91' title="bbox 2128 4368 3712 4441">
    <p class='ocr_par' dir='ltr' id='par_1_91' title="bbox 2128 4368 3712 4441">
     <span class='ocr_line' id='line_1_91' title="bbox 2128 4368 3712 4441; baseline 0 -20"><span class='ocrx_word' id='word_1_666' title='bbox 2128 4368 2279 4438; x_wconf 76' lang='grc' dir='ltr'>παρὰ</span> <span class='ocrx_word' id='word_1_667' title='bbox 2312 4369 2409 4439; x_wconf 77' lang='grc' dir='ltr'>τῆς</span> <span class='ocrx_word' id='word_1_668' title='bbox 2441 4369 2551 4422; x_wconf 80' lang='grc' dir='ltr'>ἄνω</span> <span class='ocrx_word' id='word_1_669' title='bbox 2588 4372 2949 4441; x_wconf 73' lang='grc' dir='ltr'>χοροστασίαις</span> <span class='ocrx_word' id='word_1_670' title='bbox 2984 4368 3429 4440; x_wconf 75' lang='grc' dir='ltr'>ἐπιζητούμενος,</span> <span class='ocrx_word' id='word_1_671' title='bbox 3473 4370 3615 4441; x_wconf 80' lang='grc' dir='ltr'>πρὸς</span> <span class='ocrx_word' id='word_1_672' title='bbox 3643 4370 3712 4440; x_wconf 79' lang='grc' dir='ltr'><strong>ἣν</strong></span> 
     </span>
    </p>
   </div>
   <div class='ocr_carea' id='block_1_92' title="bbox 2054 4459 3715 4549">
    <p class='ocr_par' dir='ltr' id='par_1_92' title="bbox 2054 4459 3715 4549">
     <span class='ocr_line' id='line_1_92' title="bbox 2054 4459 3715 4549; baseline 0.004 -39"><span class='ocrx_word' id='word_1_673' title='bbox 2054 4494 2098 4549; x_wconf 74' lang='lat' dir='ltr'><strong>D</strong></span> <span class='ocrx_word' id='word_1_674' title='bbox 2129 4460 2193 4511; x_wconf 82' lang='grc' dir='ltr'>ὲκ</span> <span class='ocrx_word' id='word_1_675' title='bbox 2230 4459 2473 4523; x_wconf 86' lang='grc' dir='ltr'>πλείονος</span> <span class='ocrx_word' id='word_1_676' title='bbox 2525 4460 2784 4515; x_wconf 76' lang='grc' dir='ltr'>ἔϐλεπεν·</span> <span class='ocrx_word' id='word_1_677' title='bbox 2843 4465 3055 4531; x_wconf 79' lang='grc' dir='ltr'>ἐγχεῖτο</span> <span class='ocrx_word' id='word_1_678' title='bbox 3105 4463 3216 4531; x_wconf 87' lang='grc'>(28)</span> <span class='ocrx_word' id='word_1_679' title='bbox 3267 4463 3323 4515; x_wconf 84' lang='grc' dir='ltr'><strong>δέ</strong></span> <span class='ocrx_word' id='word_1_680' title='bbox 3368 4463 3498 4533; x_wconf 77' lang='grc' dir='ltr'>περὶ</span> <span class='ocrx_word' id='word_1_681' title='bbox 3546 4462 3715 4516; x_wconf 78' lang='grc' dir='ltr'>αὐτὸν</span> 
     </span>
    </p>
   </div>
   <div class='ocr_carea' id='block_1_93' title="bbox 2132 4551 3713 4623">
    <p class='ocr_par' dir='ltr' id='par_1_93' title="bbox 2132 4551 3713 4623">
     <span class='ocr_line' id='line_1_93' title="bbox 2132 4551 3713 4623; baseline 0.002 -22"><span class='ocrx_word' id='word_1_682' title='bbox 2132 4552 2281 4603; x_wconf 73' lang='grc' dir='ltr'>πᾶσα</span> <span class='ocrx_word' id='word_1_683' title='bbox 2326 4553 2358 4622; x_wconf 82' lang='grc' dir='ltr'>ἡ</span> <span class='ocrx_word' id='word_1_684' title='bbox 2406 4551 2579 4615; x_wconf 85' lang='grc' dir='ltr'>πόλις,</span> <span class='ocrx_word' id='word_1_685' title='bbox 2633 4554 2728 4623; x_wconf 74' lang='grc' dir='ltr'><strong>τὴν</strong></span> <span class='ocrx_word' id='word_1_686' title='bbox 2779 4553 2980 4622; x_wconf 79' lang='grc' dir='ltr'>ζημίαν</span> <span class='ocrx_word' id='word_1_687' title='bbox 3027 4553 3089 4604; x_wconf 69' lang='grc' dir='ltr'><strong>οὗ</strong></span> <span class='ocrx_word' id='word_1_688' title='bbox 3137 4553 3411 4622; x_wconf 69' lang='grc' dir='ltr'>φέροντες,</span> <span class='ocrx_word' id='word_1_689' title='bbox 3468 4554 3564 4606; x_wconf 75' lang='grc' dir='ltr'>καὶ</span> <span class='ocrx_word' id='word_1_690' title='bbox 3611 4555 3713 4623; x_wconf 76' lang='grc' dir='ltr'>τῆς</span> 
     </span>
    </p>
   </div>
   <div class='ocr_carea' id='block_1_94' title="bbox 2123 4643 3714 4715">
    <p class='ocr_par' dir='ltr' id='par_1_94' title="bbox 2123 4643 3714 4715">
     <span class='ocr_line' id='line_1_94' title="bbox 2123 4643 3714 4715; baseline 0.004 -20"><span class='ocrx_word' id='word_1_691' title='bbox 2123 4643 2408 4714; x_wconf 82' lang='grc' dir='ltr'>ἐκδημίας,</span> <span class='ocrx_word' id='word_1_692' title='bbox 2439 4644 2515 4707; x_wconf 86' lang='grc' dir='ltr'>ὠς</span> <span class='ocrx_word' id='word_1_693' title='bbox 2542 4644 2873 4715; x_wconf 77' lang='grc' dir='ltr'>τυραννίδος,</span> <span class='ocrx_word' id='word_1_694' title='bbox 2918 4645 3313 4709; x_wconf 76' lang='grc' dir='ltr'>καταϐοῶντες,</span> <span class='ocrx_word' id='word_1_695' title='bbox 3346 4646 3438 4698; x_wconf 80' lang='grc' dir='ltr'>καὶ</span> <span class='ocrx_word' id='word_1_696' title='bbox 3475 4645 3580 4714; x_wconf 76' lang='grc' dir='ltr'>τῆς</span> <span class='ocrx_word' id='word_1_697' title='bbox 3610 4646 3714 4714; x_wconf 74' lang='grc' dir='ltr'><strong>ψυ-</strong></span> 
     </span>
    </p>
   </div>
   <div class='ocr_carea' id='block_1_95' title="bbox 516 4755 2133 4826">
    <p class='ocr_par' dir='ltr' id='par_1_95' title="bbox 516 4755 2133 4826">
     <span class='ocr_line' id='line_1_95' title="bbox 516 4755 2133 4826; baseline -0.002 -10"><span class='ocrx_word' id='word_1_698' title='bbox 516 4760 562 4793; x_wconf 83' lang='grc'><strong>⁷⁸</strong></span> <span class='ocrx_word' id='word_1_699' title='bbox 592 4762 634 4816; x_wconf 90' lang='lat' dir='ltr'><strong>ll</strong></span> <span class='ocrx_word' id='word_1_700' title='bbox 664 4760 804 4815; x_wconf 85' lang='lat' dir='ltr'><strong>Tim.</strong></span> <span class='ocrx_word' id='word_1_701' title='bbox 832 4777 906 4825; x_wconf 87' lang='lat' dir='ltr'><strong>tv,</strong></span> <span class='ocrx_word' id='word_1_702' title='bbox 940 4759 986 4813; x_wconf 82' lang='grc' dir='ltr'><strong>Ἰ,</strong></span> <span class='ocrx_word' id='word_1_703' title='bbox 1058 4759 1103 4790; x_wconf 79' lang='grc'>⁷⁷</span> <span class='ocrx_word' id='word_1_704' title='bbox 1134 4756 1360 4826; x_wconf 82' lang='lat' dir='ltr'><strong>Philipp.</strong></span> <span class='ocrx_word' id='word_1_705' title='bbox 1393 4755 1540 4822; x_wconf 73' lang='lat' dir='ltr'><strong>t,‘25.</strong></span> <span class='ocrx_word' id='word_1_706' title='bbox 1600 4756 1645 4787; x_wconf 81' lang='grc'><strong>⁷⁸</strong></span> <span class='ocrx_word' id='word_1_707' title='bbox 1678 4758 1828 4811; x_wconf 80' lang='lat' dir='ltr'><strong>Deut.</strong></span> <span class='ocrx_word' id='word_1_708' title='bbox 1852 4756 2133 4824; x_wconf 66' lang='lat' dir='ltr'><strong>xxxn,49.</strong></span> 
     </span>
    </p>
   </div>
   <div class='ocr_carea' id='block_1_96' title="bbox 521 4893 2028 4987">
    <p class='ocr_par' dir='ltr' id='par_1_96' title="bbox 521 4893 2028 4987">
     <span class='ocr_line' id='line_1_96' title="bbox 521 4893 2028 4987; baseline 0 0"><span class='ocrx_word' id='word_1_709' title='bbox 521 4901 634 4987; x_wconf 57' lang='lat'><strong>{19.)</strong></span> <span class='ocrx_word' id='word_1_710' title='bbox 664 4902 780 4987; x_wconf 56' lang='grc' dir='ltr'>ξίς.</span> <span class='ocrx_word' id='word_1_711' title='bbox 794 4896 1111 4987; x_wconf 57' lang='grc' dir='ltr'><strong>,εὺδοξξίίῖἶι</strong></span> <span class='ocrx_word' id='word_1_712' title='bbox 1134 4906 1260 4987; x_wconf 48' lang='lat' dir='ltr'><strong>ﬁli&quot;:</strong></span> <span class='ocrx_word' id='word_1_713' title='bbox 1272 4893 1549 4987; x_wconf 62' lang='lat' dir='ltr'><strong>.S.‘_&#39;f._‘.’.&#39;.i.{&#39;3.</strong></span> <span class='ocrx_word' id='word_1_714' title='bbox 1564 4894 1731 4987; x_wconf 63' lang='lat' dir='ltr'><strong>fl&#39;l‘f‘.“</strong></span> <span class='ocrx_word' id='word_1_715' title='bbox 1740 4894 1892 4987; x_wconf 54' lang='grc' dir='ltr'><strong>31ἓῖ</strong></span> <span class='ocrx_word' id='word_1_716' title='bbox 1898 4894 2028 4987; x_wconf 60' lang='lat' dir='ltr'><strong>li‘?‘</strong></span> 
     </span>
    </p>
   </div>
   <div class='ocr_carea' id='block_1_97' title="bbox 451 4965 2030 5034">
    <p class='ocr_par' dir='ltr' id='par_1_97' title="bbox 451 4965 2030 5034">
     <span class='ocr_line' id='line_1_97' title="bbox 451 4965 2030 5034; baseline -0.008 -5"><span class='ocrx_word' id='word_1_717' title='bbox 451 4965 575 5029; x_wconf 81' lang='lat' dir='ltr'><strong>telis</strong></span> <span class='ocrx_word' id='word_1_718' title='bbox 603 4965 918 5031; x_wconf 82' lang='lat' dir='ltr'><strong>balbutietn,</strong></span> <span class='ocrx_word' id='word_1_719' title='bbox 960 4980 1015 5021; x_wconf 88' lang='lat' dir='ltr'><strong>et</strong></span> <span class='ocrx_word' id='word_1_720' title='bbox 1056 4967 1295 5019; x_wconf 82' lang='lat' dir='ltr'><strong>Platonis</strong></span> <span class='ocrx_word' id='word_1_721' title='bbox 1326 4966 1703 5034; x_wconf 72' lang='lat' dir='ltr'><strong>gibbositatem</strong></span> <span class='ocrx_word' id='word_1_722' title='bbox 1740 4965 2030 5018; x_wconf 89' lang='lat' dir='ltr'><strong>imitaban-</strong></span> 
     </span>
    </p>
   </div>
   <div class='ocr_carea' id='block_1_98' title="bbox 494 5060 557 5099">
    <p class='ocr_par' dir='ltr' id='par_1_98' title="bbox 494 5060 557 5099">
     <span class='ocr_line' id='line_1_98' title="bbox 494 5060 557 5099; baseline -0.032 0"><span class='ocrx_word' id='word_1_723' title='bbox 494 5060 557 5099; x_wconf 76' lang='lat' dir='ltr'><strong>ll&#39;.</strong></span> 
     </span>
    </p>
   </div>
   <div class='ocr_carea' id='block_1_99' title="bbox 453 5056 2031 5239">
    <p class='ocr_par' dir='ltr' id='par_1_99' title="bbox 453 5056 2031 5239">
     <span class='ocr_line' id='line_1_99' title="bbox 453 5056 2031 5239; baseline -0.004 -74"><span class='ocrx_word' id='word_1_724' title='bbox 453 5056 637 5239; x_wconf 60' lang='grc' dir='ltr'>ω’(εξο)</span> <span class='ocrx_word' id='word_1_725' title='bbox 664 5109 1098 5171; x_wconf 77' lang='grc' dir='ltr'>Συννενευκός.</span> <span class='ocrx_word' id='word_1_726' title='bbox 1130 5104 1221 5159; x_wconf 92' lang='lat' dir='ltr'><strong>Sic</strong></span> <span class='ocrx_word' id='word_1_727' title='bbox 1262 5102 1443 5173; x_wconf 91' lang='lat' dir='ltr'><strong>plures</strong></span> <span class='ocrx_word' id='word_1_728' title='bbox 1482 5102 1675 5173; x_wconf 81' lang='lat' dir='ltr'><strong>Regg.,</strong></span> <span class='ocrx_word' id='word_1_729' title='bbox 1717 5102 1822 5158; x_wconf 90' lang='lat' dir='ltr'><strong>duo</strong></span> <span class='ocrx_word' id='word_1_730' title='bbox 1862 5103 2031 5159; x_wconf 90' lang='lat' dir='ltr'><strong>Coisl.</strong></span> 
     </span>
     <span class='ocr_line' id='line_1_100' title="bbox 454 5175 1216 5239; baseline -0.016 -1"><span class='ocrx_word' id='word_1_731' title='bbox 454 5195 509 5239; x_wconf 82' lang='lat' dir='ltr'><strong>et</strong></span> <span class='ocrx_word' id='word_1_732' title='bbox 582 5197 659 5234; x_wconf 70' lang='grc' dir='ltr'>ιη’.</span> <span class='ocrx_word' id='word_1_733' title='bbox 684 5181 740 5233; x_wconf 89' lang='lat' dir='ltr'><strong>In</strong></span> <span class='ocrx_word' id='word_1_734' title='bbox 762 5181 873 5239; x_wconf 72' lang='grc' dir='ltr'>ρὰ..</span> <span class='ocrx_word' id='word_1_735' title='bbox 907 5175 1216 5239; x_wconf 84' lang='grc' dir='ltr'>συννευκός.</span> 
     </span>
    </p>
   </div>
   <div class='ocr_carea' id='block_1_100' title="bbox 454 5175 1216 5244">
    <p class='ocr_par' dir='ltr' id='par_1_100' title="bbox 454 5175 1216 5244">
     <span class='ocr_line' id='line_1_101' title="bbox 454 5175 1216 5244; baseline -0.01 -5"><span class='ocrx_word' id='word_1_736' title='bbox 454 5195 509 5239; x_wconf 82' lang='lat' dir='ltr'><strong>et</strong></span> <span class='ocrx_word' id='word_1_737' title='bbox 532 5175 659 5239; x_wconf 57' lang='lat' dir='ltr'><strong>tm.</strong></span> <span class='ocrx_word' id='word_1_738' title='bbox 684 5181 740 5233; x_wconf 91' lang='lat' dir='ltr'><strong>lu</strong></span> <span class='ocrx_word' id='word_1_739' title='bbox 762 5181 873 5244; x_wconf 75' lang='lat' dir='ltr'><strong>ed.,</strong></span> <span class='ocrx_word' id='word_1_740' title='bbox 907 5175 1216 5244; x_wconf 76' lang='grc' dir='ltr'>συννευκός.</span> 
     </span>
    </p>
   </div>
   <div class='ocr_carea' id='block_1_101' title="bbox 526 5237 2033 5325">
    <p class='ocr_par' dir='ltr' id='par_1_101' title="bbox 526 5237 2033 5325">
     <span class='ocr_line' id='line_1_102' title="bbox 526 5237 2033 5325; baseline -0.009 -17"><span class='ocrx_word' id='word_1_741' title='bbox 526 5237 637 5325; x_wconf 67' lang='grc'>(21)</span> <span class='ocrx_word' id='word_1_742' title='bbox 659 5250 826 5325; x_wconf 69' lang='grc' dir='ltr'>Μηδὲ</span> <span class='ocrx_word' id='word_1_743' title='bbox 852 5237 1092 5325; x_wconf 36' lang='lat' dir='ltr'><strong>manage:</strong></span> <span class='ocrx_word' id='word_1_744' title='bbox 1116 5237 1242 5299; x_wconf 73' lang='lat' dir='ltr'><strong>llaec</strong></span> <span class='ocrx_word' id='word_1_745' title='bbox 1266 5246 1461 5300; x_wconf 89' lang='lat' dir='ltr'><strong>desunt</strong></span> <span class='ocrx_word' id='word_1_746' title='bbox 1489 5244 1541 5298; x_wconf 93' lang='lat' dir='ltr'><strong>in</strong></span> <span class='ocrx_word' id='word_1_747' title='bbox 1567 5242 1810 5313; x_wconf 91' lang='lat' dir='ltr'><strong>pluribus</strong></span> <span class='ocrx_word' id='word_1_748' title='bbox 1838 5245 2033 5314; x_wconf 78' lang='lat' dir='ltr'><strong>Regg.,</strong></span> 
     </span>
    </p>
   </div>
   <div class='ocr_carea' id='block_1_102' title="bbox 459 5319 1309 5392">
    <p class='ocr_par' dir='ltr' id='par_1_102' title="bbox 459 5319 1309 5392">
     <span class='ocr_line' id='line_1_103' title="bbox 459 5319 1309 5392; baseline -0.013 -12"><span class='ocrx_word' id='word_1_749' title='bbox 459 5319 625 5380; x_wconf 70' lang='lat' dir='ltr'><strong>Coisl.</strong></span> <span class='ocrx_word' id='word_1_750' title='bbox 662 5322 711 5384; x_wconf 79' lang='grc'>1,</span> <span class='ocrx_word' id='word_1_751' title='bbox 743 5319 1309 5392; x_wconf 42' lang='grc' dir='ltr'>ΟιινγεηΡειςιηειο.</span> 
     </span>
    </p>
   </div>
   <div class='ocr_carea' id='block_1_103' title="bbox 530 5384 2039 5467">
    <p class='ocr_par' dir='ltr' id='par_1_103' title="bbox 530 5384 2039 5467">
     <span class='ocr_line' id='line_1_104' title="bbox 530 5384 2039 5467; baseline -0.005 -22"><span class='ocrx_word' id='word_1_752' title='bbox 530 5392 644 5467; x_wconf 71' lang='grc'>(22)</span> <span class='ocrx_word' id='word_1_753' title='bbox 676 5384 981 5467; x_wconf 56' lang='grc' dir='ltr'><strong>Ἥκω-’καὶ</strong></span> <span class='ocrx_word' id='word_1_754' title='bbox 1010 5385 1378 5467; x_wconf 64' lang='grc' dir='ltr'>συμπῖπτον.</span> <span class='ocrx_word' id='word_1_755' title='bbox 1411 5386 1501 5467; x_wconf 84' lang='lat' dir='ltr'><strong>Sic</strong></span> <span class='ocrx_word' id='word_1_756' title='bbox 1533 5385 1700 5467; x_wconf 57' lang='lat' dir='ltr'><strong>Rege.</strong></span> <span class='ocrx_word' id='word_1_757' title='bbox 1728 5401 1778 5448; x_wconf 87' lang='lat' dir='ltr'><strong>a,</strong></span> <span class='ocrx_word' id='word_1_758' title='bbox 1810 5384 1921 5453; x_wconf 90' lang='lat' dir='ltr'><strong>bm,</strong></span> <span class='ocrx_word' id='word_1_759' title='bbox 1945 5385 2039 5453; x_wconf 84' lang='lat' dir='ltr'><strong>pb,</strong></span> 
     </span>
    </p>
   </div>
   <div class='ocr_carea' id='block_1_104' title="bbox 460 5455 1827 5528">
    <p class='ocr_par' dir='ltr' id='par_1_104' title="bbox 460 5455 1827 5528">
     <span class='ocr_line' id='line_1_105' title="bbox 460 5455 1827 5528; baseline -0.01 -7"><span class='ocrx_word' id='word_1_760' title='bbox 460 5455 566 5521; x_wconf 74' lang='lat' dir='ltr'><strong>duo</strong></span> <span class='ocrx_word' id='word_1_761' title='bbox 596 5455 785 5524; x_wconf 66' lang='lat' dir='ltr'><strong>Coisl.,</strong></span> <span class='ocrx_word' id='word_1_762' title='bbox 813 5471 920 5515; x_wconf 92' lang='lat' dir='ltr'><strong>etc.</strong></span> <span class='ocrx_word' id='word_1_763' title='bbox 949 5460 1004 5513; x_wconf 90' lang='lat' dir='ltr'><strong>In</strong></span> <span class='ocrx_word' id='word_1_764' title='bbox 1042 5455 1152 5520; x_wconf 89' lang='lat' dir='ltr'><strong>ed.,</strong></span> <span class='ocrx_word' id='word_1_765' title='bbox 1181 5455 1321 5526; x_wconf 80' lang='grc' dir='ltr'>ἔχων</span> <span class='ocrx_word' id='word_1_766' title='bbox 1350 5460 1443 5510; x_wconf 75' lang='grc' dir='ltr'>καὶ</span> <span class='ocrx_word' id='word_1_767' title='bbox 1476 5457 1827 5528; x_wconf 64' lang='grc' dir='ltr'>συμπίπτων.</span> 
     </span>
    </p>
   </div>
   <div class='ocr_carea' id='block_1_105' title="bbox 530 5526 1928 5602">
    <p class='ocr_par' dir='ltr' id='par_1_105' title="bbox 530 5526 1928 5602">
     <span class='ocr_line' id='line_1_106' title="bbox 530 5526 1928 5602; baseline -0.009 -15"><span class='ocrx_word' id='word_1_768' title='bbox 530 5533 644 5602; x_wconf 80' lang='grc'>(25)</span> <span class='ocrx_word' id='word_1_769' title='bbox 676 5530 894 5595; x_wconf 76' lang='grc' dir='ltr'>Σκιαῒς.</span> <span class='ocrx_word' id='word_1_770' title='bbox 930 5529 1061 5602; x_wconf 69' lang='lat' dir='ltr'><strong>Reg.</strong></span> <span class='ocrx_word' id='word_1_771' title='bbox 1094 5544 1147 5590; x_wconf 93' lang='lat' dir='ltr'><strong>a,</strong></span> <span class='ocrx_word' id='word_1_772' title='bbox 1177 5531 1423 5602; x_wconf 78' lang='grc' dir='ltr'>σκηναῖς,</span> <span class='ocrx_word' id='word_1_773' title='bbox 1460 5526 1882 5602; x_wconf 50' lang='lat' dir='ltr'><strong>(tabernaculis.</strong></span> <span class='ocrx_word' id='word_1_774' title='bbox 1910 5542 1928 5575; x_wconf 67' lang='grc' dir='ltr'><strong>ι</strong></span> 
     </span>
    </p>
   </div>
   <div class='ocr_carea' id='block_1_106' title="bbox 534 5570 2036 5676">
    <p class='ocr_par' dir='ltr' id='par_1_106' title="bbox 534 5570 2036 5676">
     <span class='ocr_line' id='line_1_107' title="bbox 534 5570 2036 5676; baseline -0.009 -19"><span class='ocrx_word' id='word_1_775' title='bbox 534 5570 648 5674; x_wconf 64' lang='grc' dir='ltr'><strong>ὶΞῖ)</strong></span> <span class='ocrx_word' id='word_1_776' title='bbox 676 5570 1244 5676; x_wconf 50' lang='grc' dir='ltr'><strong>ῖὶἇέᾆῖῥὴᾆὶέιέεὲξιιᾶξ</strong></span> <span class='ocrx_word' id='word_1_777' title='bbox 1254 5570 2036 5676; x_wconf 54' lang='grc' dir='ltr'><strong>’ᾕέέῖ’μὶιζ“’ὀ’τξρξὶῦᾖξλόἷιὲῦ,μα.</strong></span> 
     </span>
    </p>
   </div>
   <div class='ocr_carea' id='block_1_107' title="bbox 535 5668 2037 5746">
    <p class='ocr_par' dir='ltr' id='par_1_107' title="bbox 535 5668 2037 5746">
     <span class='ocr_line' id='line_1_108' title="bbox 535 5668 2037 5746; baseline -0.006 -18"><span class='ocrx_word' id='word_1_778' title='bbox 535 5668 1040 5746; x_wconf 19' lang='grc' dir='ltr'>(25))ᾼΥάλυᾉσινς.</span> <span class='ocrx_word' id='word_1_779' title='bbox 1081 5668 1184 5746; x_wconf 34' lang='lat' dir='ltr'><strong>.S‘ic</strong></span> <span class='ocrx_word' id='word_1_780' title='bbox 1225 5668 1469 5736; x_wconf 87' lang='lat' dir='ltr'><strong>plerique</strong></span> <span class='ocrx_word' id='word_1_781' title='bbox 1519 5670 1678 5721; x_wconf 90' lang='lat' dir='ltr'><strong>codd.</strong></span> <span class='ocrx_word' id='word_1_782' title='bbox 1734 5668 1824 5722; x_wconf 87' lang='lat' dir='ltr'><strong>Sic</strong></span> <span class='ocrx_word' id='word_1_783' title='bbox 1874 5668 2037 5722; x_wconf 82' lang='lat' dir='ltr'><strong>etiam</strong></span> 
     </span>
    </p>
   </div>
   <div class='ocr_carea' id='block_1_108' title="bbox 466 5738 1724 5817">
    <p class='ocr_par' dir='ltr' id='par_1_108' title="bbox 466 5738 1724 5817">
     <span class='ocr_line' id='line_1_109' title="bbox 466 5738 1724 5817; baseline -0.01 -17"><span class='ocrx_word' id='word_1_784' title='bbox 466 5738 596 5817; x_wconf 66' lang='lat' dir='ltr'><strong>legit</strong></span> <span class='ocrx_word' id='word_1_785' title='bbox 620 5738 740 5799; x_wconf 88' lang='lat' dir='ltr'><strong>Bill.</strong></span> <span class='ocrx_word' id='word_1_786' title='bbox 767 5743 820 5799; x_wconf 92' lang='lat' dir='ltr'><strong>lu</strong></span> <span class='ocrx_word' id='word_1_787' title='bbox 856 5744 971 5809; x_wconf 87' lang='lat' dir='ltr'><strong>ed.,</strong></span> <span class='ocrx_word' id='word_1_788' title='bbox 998 5738 1282 5807; x_wconf 76' lang='grc' dir='ltr'>ἀνάϐασιν,</span> <span class='ocrx_word' id='word_1_789' title='bbox 1321 5758 1341 5790; x_wconf 72' lang='grc' dir='ltr'><strong>ι</strong></span> <span class='ocrx_word' id='word_1_790' title='bbox 1368 5750 1674 5795; x_wconf 85' lang='lat' dir='ltr'><strong>ascensum.</strong></span> <span class='ocrx_word' id='word_1_791' title='bbox 1698 5753 1724 5786; x_wconf 60' lang='grc' dir='ltr'><strong>ι</strong></span> 
     </span>
    </p>
   </div>
   <div class='ocr_carea' id='block_1_109' title="bbox 2200 4892 3716 4965">
    <p class='ocr_par' dir='ltr' id='par_1_109' title="bbox 2200 4892 3716 4965">
     <span class='ocr_line' id='line_1_110' title="bbox 2200 4892 3716 4965; baseline -0.001 -16"><span class='ocrx_word' id='word_1_792' title='bbox 2200 4896 2312 4965; x_wconf 89' lang='grc'>(26)</span> <span class='ocrx_word' id='word_1_793' title='bbox 2350 4897 2530 4949; x_wconf 84' lang='grc' dir='ltr'>Ὥστε</span> <span class='ocrx_word' id='word_1_794' title='bbox 2563 4894 2648 4965; x_wconf 78' lang='grc' dir='ltr'>μὴ</span> <span class='ocrx_word' id='word_1_795' title='bbox 2684 4894 3037 4964; x_wconf 73' lang='grc' dir='ltr'>ζημιωθῆναι</span> <span class='ocrx_word' id='word_1_796' title='bbox 3071 4894 3137 4947; x_wconf 83' lang='grc' dir='ltr'>τὸ</span> <span class='ocrx_word' id='word_1_797' title='bbox 3160 4894 3351 4962; x_wconf 83' lang='grc' dir='ltr'>βῆμα.</span> <span class='ocrx_word' id='word_1_798' title='bbox 3385 4911 3406 4945; x_wconf 70' lang='grc' dir='ltr'>ί</span> <span class='ocrx_word' id='word_1_799' title='bbox 3431 4892 3509 4946; x_wconf 83' lang='lat' dir='ltr'><strong>Ne</strong></span> <span class='ocrx_word' id='word_1_800' title='bbox 3529 4909 3716 4949; x_wconf 87' lang='lat' dir='ltr'><strong>sacra-</strong></span> 
     </span>
    </p>
   </div>
   <div class='ocr_carea' id='block_1_110' title="bbox 2131 4966 3712 5031">
    <p class='ocr_par' dir='ltr' id='par_1_110' title="bbox 2131 4966 3712 5031">
     <span class='ocr_line' id='line_1_111' title="bbox 2131 4966 3712 5031; baseline -0.001 -12"><span class='ocrx_word' id='word_1_801' title='bbox 2131 4968 2290 5031; x_wconf 91' lang='lat' dir='ltr'><strong>rium,</strong></span> <span class='ocrx_word' id='word_1_802' title='bbox 2320 4986 2338 5018; x_wconf 70' lang='grc' dir='ltr'><strong>ι</strong></span> <span class='ocrx_word' id='word_1_803' title='bbox 2372 4971 2423 5019; x_wconf 88' lang='lat' dir='ltr'><strong>id</strong></span> <span class='ocrx_word' id='word_1_804' title='bbox 2456 4977 2559 5031; x_wconf 87' lang='lat' dir='ltr'><strong>est,</strong></span> <span class='ocrx_word' id='word_1_805' title='bbox 2592 4967 2725 5021; x_wconf 88' lang='lat' dir='ltr'><strong>ordo</strong></span> <span class='ocrx_word' id='word_1_806' title='bbox 2769 4966 3122 5019; x_wconf 85' lang='lat' dir='ltr'><strong>sacerdotalis</strong></span> <span class='ocrx_word' id='word_1_807' title='bbox 3161 4976 3215 5017; x_wconf 88' lang='lat' dir='ltr'><strong>et</strong></span> <span class='ocrx_word' id='word_1_808' title='bbox 3238 4966 3438 5026; x_wconf 91' lang='lat' dir='ltr'><strong>clerus,</strong></span> <span class='ocrx_word' id='word_1_809' title='bbox 3477 4981 3497 5012; x_wconf 72' lang='grc' dir='ltr'>ί</span> <span class='ocrx_word' id='word_1_810' title='bbox 3521 4966 3590 5018; x_wconf 91' lang='lat' dir='ltr'><strong>iis</strong></span> <span class='ocrx_word' id='word_1_811' title='bbox 3613 4969 3712 5018; x_wconf 90' lang='lat' dir='ltr'><strong>de-</strong></span> 
     </span>
    </p>
   </div>
   <div class='ocr_carea' id='block_1_111' title="bbox 2130 5034 3715 5104">
    <p class='ocr_par' dir='ltr' id='par_1_111' title="bbox 2130 5034 3715 5104">
     <span class='ocr_line' id='line_1_112' title="bbox 2130 5034 3715 5104; baseline 0.001 -16"><span class='ocrx_word' id='word_1_812' title='bbox 2130 5038 2646 5104; x_wconf 81' lang='lat' dir='ltr'><strong>I‘ramlaretur,quos</strong></span> <span class='ocrx_word' id='word_1_813' title='bbox 2678 5035 2968 5104; x_wconf 85' lang='lat' dir='ltr'><strong>discipulos</strong></span> <span class='ocrx_word' id='word_1_814' title='bbox 3006 5045 3064 5089; x_wconf 91' lang='lat' dir='ltr'><strong>et</strong></span> <span class='ocrx_word' id='word_1_815' title='bbox 3100 5034 3387 5089; x_wconf 86' lang='lat' dir='ltr'><strong>sacerdotii</strong></span> <span class='ocrx_word' id='word_1_816' title='bbox 3431 5035 3715 5103; x_wconf 80' lang='lat' dir='ltr'><strong>adjutores</strong></span> 
     </span>
    </p>
   </div>
   <div class='ocr_carea' id='block_1_112' title="bbox 2132 5105 3712 5163">
    <p class='ocr_par' dir='ltr' id='par_1_112' title="bbox 2132 5105 3712 5163">
     <span class='ocr_line' id='line_1_113' title="bbox 2132 5105 3712 5163; baseline 0.001 -5"><span class='ocrx_word' id='word_1_817' title='bbox 2132 5106 2431 5163; x_wconf 84' lang='lat' dir='ltr'><strong>habuisset.</strong></span> <span class='ocrx_word' id='word_1_818' title='bbox 2457 5127 2474 5160; x_wconf 74' lang='grc' dir='ltr'><strong>ι</strong></span> <span class='ocrx_word' id='word_1_819' title='bbox 2518 5107 2822 5162; x_wconf 89' lang='lat' dir='ltr'><strong>Germanus</strong></span> <span class='ocrx_word' id='word_1_820' title='bbox 2875 5106 2963 5160; x_wconf 91' lang='lat' dir='ltr'><strong>hic</strong></span> <span class='ocrx_word' id='word_1_821' title='bbox 3006 5106 3219 5158; x_wconf 93' lang='lat' dir='ltr'><strong>videtur</strong></span> <span class='ocrx_word' id='word_1_822' title='bbox 3258 5119 3377 5158; x_wconf 89' lang='lat' dir='ltr'><strong>esse</strong></span> <span class='ocrx_word' id='word_1_823' title='bbox 3422 5105 3712 5159; x_wconf 87' lang='lat' dir='ltr'><strong>verborum</strong></span> 
     </span>
    </p>
   </div>
   <div class='ocr_carea' id='block_1_113' title="bbox 2132 5174 3713 5245">
    <p class='ocr_par' dir='ltr' id='par_1_113' title="bbox 2132 5174 3713 5245">
     <span class='ocr_line' id='line_1_114' title="bbox 2132 5174 3713 5245; baseline -0.001 -16"><span class='ocrx_word' id='word_1_824' title='bbox 2132 5176 2377 5245; x_wconf 80' lang='lat' dir='ltr'><strong>Gregorii</strong></span> <span class='ocrx_word' id='word_1_825' title='bbox 2403 5193 2615 5232; x_wconf 88' lang='lat' dir='ltr'><strong>sensus.</strong></span> <span class='ocrx_word' id='word_1_826' title='bbox 2643 5174 2734 5229; x_wconf 91' lang='lat' dir='ltr'><strong>Sic</strong></span> <span class='ocrx_word' id='word_1_827' title='bbox 2754 5176 2916 5229; x_wconf 89' lang='lat' dir='ltr'><strong>etiam</strong></span> <span class='ocrx_word' id='word_1_828' title='bbox 2941 5186 3131 5228; x_wconf 88' lang='lat' dir='ltr'><strong>auctor</strong></span> <span class='ocrx_word' id='word_1_829' title='bbox 3153 5175 3460 5245; x_wconf 61' lang='lat' dir='ltr'><strong>novissima:</strong></span> <span class='ocrx_word' id='word_1_830' title='bbox 3482 5188 3713 5245; x_wconf 4' lang='lat' dir='ltr'><strong>(operum</strong></span> 
     </span>
    </p>
   </div>
   <div class='ocr_carea' id='block_1_114' title="bbox 2140 5242 3711 5315">
    <p class='ocr_par' dir='ltr' id='par_1_114' title="bbox 2140 5242 3711 5315">
     <span class='ocr_line' id='line_1_115' title="bbox 2140 5242 3711 5315; baseline 0 -19"><span class='ocrx_word' id='word_1_831' title='bbox 2140 5242 2322 5300; x_wconf 82' lang='lat' dir='ltr'><strong>Basilii</strong></span> <span class='ocrx_word' id='word_1_832' title='bbox 2344 5248 2597 5300; x_wconf 78' lang='lat' dir='ltr'><strong>editionis</strong></span> <span class='ocrx_word' id='word_1_833' title='bbox 2623 5247 3030 5315; x_wconf 88' lang='lat' dir='ltr'><strong>interpretatur,</strong></span> <span class='ocrx_word' id='word_1_834' title='bbox 3056 5256 3183 5298; x_wconf 90' lang='lat' dir='ltr'><strong>tom.</strong></span> <span class='ocrx_word' id='word_1_835' title='bbox 3211 5245 3271 5297; x_wconf 93' lang='lat' dir='ltr'><strong>Ill</strong></span> <span class='ocrx_word' id='word_1_836' title='bbox 3296 5242 3711 5315; x_wconf 8' lang='lat' dir='ltr'><strong>inBasiI.jVita,</strong></span> 
     </span>
    </p>
   </div>
   <div class='ocr_carea' id='block_1_115' title="bbox 2139 5313 3718 5385">
    <p class='ocr_par' dir='ltr' id='par_1_115' title="bbox 2139 5313 3718 5385">
     <span class='ocr_line' id='line_1_116' title="bbox 2139 5313 3718 5385; baseline 0.001 -18"><span class='ocrx_word' id='word_1_837' title='bbox 2139 5331 2259 5385; x_wconf 76' lang='lat' dir='ltr'><strong>pag.</strong></span> <span class='ocrx_word' id='word_1_838' title='bbox 2292 5319 2414 5371; x_wconf 80' lang='lat' dir='ltr'><strong>I75.</strong></span> <span class='ocrx_word' id='word_1_839' title='bbox 2462 5316 2611 5371; x_wconf 86' lang='lat' dir='ltr'><strong>Hanc</strong></span> <span class='ocrx_word' id='word_1_840' title='bbox 2659 5318 2740 5369; x_wconf 90' lang='lat' dir='ltr'><strong>vir</strong></span> <span class='ocrx_word' id='word_1_841' title='bbox 2768 5313 3009 5370; x_wconf 74' lang='lat' dir='ltr'><strong>sanctus</strong></span> <span class='ocrx_word' id='word_1_842' title='bbox 3044 5317 3348 5369; x_wconf 86' lang='lat' dir='ltr'><strong>cautionem</strong></span> <span class='ocrx_word' id='word_1_843' title='bbox 3381 5313 3602 5385; x_wconf 79' lang='lat' dir='ltr'><strong>habuit,</strong></span> <span class='ocrx_word' id='word_1_844' title='bbox 3646 5330 3718 5369; x_wconf 84' lang='lat' dir='ltr'><strong>ne</strong></span> 
     </span>
    </p>
   </div>
   <div class='ocr_carea' id='block_1_116' title="bbox 2139 5382 3713 5467">
    <p class='ocr_par' dir='ltr' id='par_1_116' title="bbox 2139 5382 3713 5467">
     <span class='ocr_line' id='line_1_117' title="bbox 2139 5382 3713 5467; baseline 0.001 -30"><span class='ocrx_word' id='word_1_845' title='bbox 2139 5382 2360 5441; x_wconf 75' lang='lat' dir='ltr'><strong>idoneos</strong></span> <span class='ocrx_word' id='word_1_846' title='bbox 2410 5389 2708 5467; x_wconf 75' lang='lat' dir='ltr'><strong>ministros,</strong></span> <span class='ocrx_word' id='word_1_847' title='bbox 2752 5386 2912 5467; x_wconf 73' lang='lat' dir='ltr'><strong>longo</strong></span> <span class='ocrx_word' id='word_1_848' title='bbox 2955 5401 3053 5439; x_wconf 91' lang='lat' dir='ltr'><strong>usu</strong></span> <span class='ocrx_word' id='word_1_849' title='bbox 3095 5400 3123 5437; x_wconf 93' lang='lat' dir='ltr'><strong>a</strong></span> <span class='ocrx_word' id='word_1_850' title='bbox 3168 5400 3233 5467; x_wconf 57' lang='lat' dir='ltr'><strong>se</strong></span> <span class='ocrx_word' id='word_1_851' title='bbox 3279 5382 3557 5467; x_wconf 75' lang='lat' dir='ltr'><strong>probatos,</strong></span> <span class='ocrx_word' id='word_1_852' title='bbox 3588 5399 3713 5438; x_wconf 90' lang='lat' dir='ltr'><strong>suc-</strong></span> 
     </span>
    </p>
   </div>
   <div class='ocr_carea' id='block_1_117' title="bbox 2140 5453 3708 5526">
    <p class='ocr_par' dir='ltr' id='par_1_117' title="bbox 2140 5453 3708 5526">
     <span class='ocr_line' id='line_1_118' title="bbox 2140 5453 3708 5526; baseline -0.001 -17"><span class='ocrx_word' id='word_1_853' title='bbox 2140 5472 2322 5512; x_wconf 88' lang='lat' dir='ltr'><strong>cessor</strong></span> <span class='ocrx_word' id='word_1_854' title='bbox 2340 5457 2644 5526; x_wconf 73' lang='lat' dir='ltr'><strong>episc0pus,</strong></span> <span class='ocrx_word' id='word_1_855' title='bbox 2673 5472 2778 5511; x_wconf 89' lang='lat' dir='ltr'><strong>non</strong></span> <span class='ocrx_word' id='word_1_856' title='bbox 2824 5453 2940 5509; x_wconf 89' lang='lat' dir='ltr'><strong>sine</strong></span> <span class='ocrx_word' id='word_1_857' title='bbox 2967 5453 3448 5526; x_wconf 70' lang='lat' dir='ltr'><strong>magnoEcclesia:</strong></span> <span class='ocrx_word' id='word_1_858' title='bbox 3487 5455 3708 5519; x_wconf 88' lang='lat' dir='ltr'><strong>damno,</strong></span> 
     </span>
    </p>
   </div>
   <div class='ocr_carea' id='block_1_118' title="bbox 2141 5525 3224 5595">
    <p class='ocr_par' dir='ltr' id='par_1_118' title="bbox 2141 5525 3224 5595">
     <span class='ocr_line' id='line_1_119' title="bbox 2141 5525 3224 5595; baseline 0 -16"><span class='ocrx_word' id='word_1_859' title='bbox 2141 5525 2465 5592; x_wconf 78' lang='lat' dir='ltr'><strong>removeret,</strong></span> <span class='ocrx_word' id='word_1_860' title='bbox 2498 5528 2639 5595; x_wconf 85' lang='lat' dir='ltr'><strong>quod</strong></span> <span class='ocrx_word' id='word_1_861' title='bbox 2671 5528 2984 5595; x_wconf 83' lang='lat' dir='ltr'><strong>frequenter</strong></span> <span class='ocrx_word' id='word_1_862' title='bbox 3009 5525 3224 5579; x_wconf 89' lang='lat' dir='ltr'><strong>accidit.</strong></span> 
     </span>
    </p>
   </div>
   <div class='ocr_carea' id='block_1_119' title="bbox 2209 5594 3643 5667">
    <p class='ocr_par' dir='ltr' id='par_1_119' title="bbox 2209 5594 3643 5667">
     <span class='ocr_line' id='line_1_120' title="bbox 2209 5594 3643 5667; baseline -0.001 -17"><span class='ocrx_word' id='word_1_863' title='bbox 2209 5596 2322 5665; x_wconf 81' lang='grc'>(27)</span> <span class='ocrx_word' id='word_1_864' title='bbox 2361 5594 2792 5664; x_wconf 67' lang='grc' dir='ltr'>Προσϐήσεται.</span> <span class='ocrx_word' id='word_1_865' title='bbox 2827 5597 2881 5650; x_wconf 94' lang='lat' dir='ltr'><strong>In</strong></span> <span class='ocrx_word' id='word_1_866' title='bbox 2915 5595 3256 5667; x_wconf 85' lang='lat' dir='ltr'><strong>quibusdam,</strong></span> <span class='ocrx_word' id='word_1_867' title='bbox 3282 5594 3643 5667; x_wconf 70' lang='grc' dir='ltr'>προσήσεται,</span> 
     </span>
    </p>
   </div>
   <div class='ocr_carea' id='block_1_120' title="bbox 2210 5662 3268 5740">
    <p class='ocr_par' dir='ltr' id='par_1_120' title="bbox 2210 5662 3268 5740">
     <span class='ocr_line' id='line_1_121' title="bbox 2210 5662 3268 5740; baseline 0 -19"><span class='ocrx_word' id='word_1_868' title='bbox 2210 5662 2322 5740; x_wconf 77' lang='grc'>(28)</span> <span class='ocrx_word' id='word_1_869' title='bbox 2365 5662 2642 5736; x_wconf 76' lang='grc' dir='ltr'>Ἐγχεῐτο.</span> <span class='ocrx_word' id='word_1_870' title='bbox 2670 5668 2727 5723; x_wconf 87' lang='lat' dir='ltr'><strong>In</strong></span> <span class='ocrx_word' id='word_1_871' title='bbox 2757 5662 3047 5734; x_wconf 86' lang='lat' dir='ltr'><strong>nonnullis,</strong></span> <span class='ocrx_word' id='word_1_872' title='bbox 3073 5667 3268 5735; x_wconf 84' lang='grc' dir='ltr'>ἐχεῖτο.</span> 
     </span>
    </p>
   </div>
  </div>
