3898 6222
266 320 370 377 601

1087 327 1345 388 ORATIO
1383 332 1565 392 XLIII.
1608 368 1679 379 --
1714 336 1785 393 ΙΝ
1824 337 2110 398 LAUDEM
2148 339 2399 397 BASILII
2436 340 2676 398 MAGNI.

3422 348 3528 403 602

263 436 373 507 χῆς
396 434 817 508 λαμϐανόμενοι,
848 439 926 505 ὡς
965 442 1241 516 καθεκτῆς
1265 448 1360 501 καὶ
1388 448 1675 522 βιασθῆναι
1704 454 1860 509 δυνα-

1965 472 2247 523 accusans,
2281 456 2507 527 ejusque
2538 460 2796 521 animam,
2840 471 2943 511 nor.
3001 471 3156 512 secus
3199 471 3263 512 ac
3298 458 3345 513 si
3404 462 3534 513 reti-

266 527 464 599 μένης,
492 528 525 599 ἢ
553 531 759 601 χερσὶν,
784 532 817 604 ἢ
852 532 1119 603 δεήσεσιν.
1170 537 1374 591 Ἑποίει
1404 540 1514 611 γὰρ
1543 543 1739 607 αὐτοὺς
1764 545 1858 598 κα)⁸

259 621 628 689 παράφρονας
671 620 733 675 τὸ
772 622 976 686 πάθος’
1010 625 1104 677 καὶ
1137 627 1451 698 προσθεῖναί
1487 648 1539 685 τι
1587 634 1688 704 τῆς
1733 637 1859 689 ἐαυ-

260 710 373 764 τῶν
408 711 519 782 (29)
574 713 719 785 ζωῆς
777 714 1005 779 ἕκαστος
1051 718 1265 789 ἐκείνῳ,
1312 721 1472 794 εἴπερ
1507 721 1620 779 οἶόν
1667 744 1727 780 τε
1764 723 1853 799 ἦν,

264 801 554 873 πρόθυμος
599 799 687 874 ἦν.
740 804 824 868 Ὠς
884 806 942 859 δὲ
997 809 1312 880 ἡττήθησαν
1358 812 1485 880 (ἔδει
1539 816 1649 888 γὰρ
1695 818 1857 873 αὑτὸν

267 892 594 965 ἐλεγχθῆναι
621 895 906 967 ἄνθρωπον
926 897 1100 967 ὄντα),
1118 901 1229 964 καὶ,
1249 906 1354 969 Εἰς
1373 905 1576 974 χεῖράς
1607 925 1724 963 σου
1743 910 1852 981 (50)

268 986 695 1056 παραθήσομαι
722 987 789 1041 τὸ
845 990 1082 1059 πνεῦμὰ
1132 1010 1275 1061 μου,
1320 995 1627 1051 τελευταῖον
1664 998 1853 1065 εἰπὼν,

265 1080 385 1140 τοῖς
423 1078 727 1144 ἀπάγουσιν
776 1080 939 1135 αὑτὸν
988 1083 1239 1151 ἀγγέλοις
1287 1087 1386 1139 οὐκ
1449 1087 1630 1159 ἀηδῶς
1680 1091 1855 1144 ἀναπ-

265 1165 472 1236 έψυξεν
506 1168 639 1237 (διν
675 1168 824 1222 ἐστιν
859 1169 895 1224 ἃ
934 1172 1059 1235 τοὺς
1089 1175 1362 1245 παρόντας
1396 1180 1853 1251 μυσταγωγήσας,

262 1259 364 1312 καὶ
392 1258 633 1328 βελτίους
655 1263 887 1332 ποιήσας
906 1266 1027 1327 ταῖς
1052 1267 1397 1337 ἐπισκήψεσι.
1443 1270 1577 1323 Τότε
1619 1270 1683 1342 δὴ
1722 1271 1854 1326 θαῦ-

263 1366 347 1421 μα
381 1352 593 1420 γίνεται
638 1352 747 1407 τῶν
800 1354 1020 1409 πώποτε
1065 1360 1373 1429 γενομένων
1415 1361 1527 1432 (52)
1567 1363 1859 1434 ὀνομαστό-

259 1459 449 1499 τατον.

335 1710 417 1764 Π⁹.
446 1712 847 1783 Προεκομίζετο
876 1714 975 1783 μὲν
994 1716 1023 1766 ὀ
1063 1715 1239 1783 ἆγιος,
1275 1717 1461 1787 χερσὶν
1492 1719 1659 1786 ἁγίων
1686 1718 1854 1790 ὑψοῦ-

263 1820 459 1873 μενος·
513 1805 715 1876 σπουδὴ
762 1805 806 1858 δ’
852 1802 921 1878 ἦν
975 1809 1209 1880 ἑκάστῳ,
1262 1810 1338 1880 τῷ
1384 1812 1483 1880 μὲν
1543 1814 1851 1885 κρασπέδου
1885 1804 1928 1857 Β

257 1894 546 1960 λαϐέσθαι,
577 1897 654 1968 τῷ
693 1897 750 1949 δὲ
798 1899 909 1966 (55)
973 1902 1150 1964 σκιᾶς,
1185 1900 1263 1972 τῷ
1309 1903 1367 1955 δὲ
1413 1903 1505 1956 τοῦ
1567 1906 1849 1976 ἱεροφόρου

258 1988 581 2059 σκίμποδος,
639 1990 732 2042 καὶ
780 1989 985 2059 ψαῦσαι
1022 1992 1197 2061 μόνον-
1230 1993 1304 2065 (τί
1352 1994 1461 2065 γὰρ
1511 1996 1717 2049 ἐκείνου
1757 1996 1849 2049 τοῦ

258 2081 516 2152 σώματος
576 2082 864 2154 ἱερώτερόν
900 2084 1010 2154 (54)
1058 2101 1117 2137 τε
1149 2085 1244 2137 καὶ
1275 2084 1658 2157 καθαρώτερον
1677 2087 1714 2157 ;)
1774 2087 1852 2158 τῷ

254 2174 320 2227 δὲ
345 2174 454 2226 τῶν
496 2175 739 2243 ἀγόντων
765 2175 938 2228 ἐλθεῖν
966 2176 1215 2246 πλησίον,
1242 2176 1319 2248 τῷ
1348 2176 1405 2229 δὲ
1433 2177 1531 2247 τῆς
1560 2177 1684 2241 θέας
1716 2179 1851 2231 ἀπο-

255 2266 460 2321 λαῦσαι
513 2269 700 2338 μόνης,
736 2267 812 2332 ὥς
860 2286 913 2321 τι
965 2269 1224 2340 κάκείνης
1273 2271 1598 2341 πεμπούσης
1639 2270 1848 2338 ὃφελος.

256 2358 501 2430 Πλήρεις
561 2361 782 2430 ἀγοραὶ,
837 2360 1010 2426 στοαὶ,
1062 2359 1319 2431 διώροφοι
1352 2361 1487 2431 (55),
1533 2361 1849 2433 τριώροφοι,

255 2449 370 2504 τῶν
410 2452 615 2503 ἐκεῖνον
657 2451 1166 2521 παραπεμπόντων,
1213 2451 1678 2523 προηγουμένων,
1720 2455 1850 2506 ἑπο-

259 2541 462 2613 μένων,
498 2542 914 2613 παρεπομένων,
959 2541 1208 2613 ἀλλήλοις
1230 2542 1677 2612 ἐπεμϐαινόντων
1699 2561 1711 2575 ’
1747 2563 1850 2614 μυ-

260 2633 447 2705 ριάδες
479 2633 670 2702 γένους
712 2632 930 2697 παντὸς,
977 2634 1071 2685 καὶ
1104 2632 1321 2703 ἡλικίας
1350 2633 1588 2702 ἁπάσης,
1626 2633 1687 2686 οὐ
1720 2635 1851 2705 πρόο

252 2741 418 2797 τερον
453 2725 871 2796 γινωσκόμεναι.
914 2724 1243 2796 Ψαλμῳδίαι
1286 2718 1505 2795 θρήνοις
1542 2725 1847 2796 ὑπερνικῶ-

258 2832 446 2887 μεναι.
493 2822 587 2869 καὶ
644 2816 707 2868 τὸ
749 2815 1038 2884 φιλόσοφον
1093 2813 1170 2885 τῷ
1215 2813 1376 2868 πάθει
1424 2814 1846 2884 καταλυόμενον.

267 2907 447 2977 Ἀγὼν
480 2908 535 2961 δὲ
570 2910 681 2971 τοῖς
711 2906 1001 2978 ἡμετέροις
1029 2906 1163 2976 πρὸς
1190 2906 1315 2969 τοὺς
1344 2907 1523 2970 ἐκτὸς,
1561 2908 1848 2977 Ἕλληνας,

267 3000 576 3065 Ἰουδαίους,
601 2999 899 3070 ἐπήλυδας·
928 2998 1158 3062 ἐκείνοις
1182 2999 1317 3071 πρὸς
1336 3001 1505 3070 ἡμᾶς,
1526 3000 1672 3063 ὅστις
1689 3001 1849 3053 πλέον

253 3091 747 3161 ἁποκλαυσάμενος
777 3090 913 3159 (56),
970 3090 1213 3155 πλείονος
1266 3092 1509 3163 μετάσχῃ
1561 3093 1662 3161 τῆς
1708 3093 1851 3160 ὡφε-

1956 552 2096 615 neri,
2129 561 2290 620 atque
2327 551 2409 603 vel
2444 553 2711 614 manibus,
2739 550 2822 604 vel
2871 551 3116 617 precibus
3170 551 3283 620 cogi
3330 562 3533 620 posset,

1956 643 2193 711 arripere
2220 642 2460 697 studens.
2499 641 2782 696 Dementes
2814 641 2964 695 enim
3014 655 3110 695 eos
3141 641 3296 695 dolor
3347 641 3536 697 redde-

1955 732 2081 798 bat;
2172 747 2271 787 nec
2343 734 2622 801 quisquam
2703 743 2859 799 erat,
2936 732 3026 801 qui
3125 746 3229 786 non
3299 731 3533 803 aliquam

1955 822 2079 876 vitae
2143 836 2253 875 sua:
2305 832 2534 889 partem,
2602 820 2646 875 si
2729 822 2843 875 ﬁeri
2919 830 3141 891 posset,
3196 821 3337 876 illius
3409 822 3534 877 vitm

1956 913 2152 966 addere
2192 920 2407 980 paratus
2450 925 2610 967 esset.
2650 914 2718 969 Ut
2750 924 2929 967 autem
2961 928 3173 968 cessere
3227 912 3533 984 (oportebat

1955 1005 2098 1059 enim
2135 1020 2255 1058 cum
2290 1005 2569 1059 mortalem
2603 1005 2978 1075 deprehendi),
3017 1007 3131 1076 ipse
3171 1005 3382 1060 tandem
3418 1005 3532 1059 htec

1955 1097 2115 1150 verba
2147 1096 2444 1164 proferens,
2472 1096 2537 1149 In
2571 1113 2757 1150 manus
2807 1106 2923 1149 tua:
2961 1096 3265 1149 commendo
3289 1096 3533 1163 spiritum

1955 1201 2127 1239 meum
2157 1186 2224 1252 τ’,
2264 1185 2407 1239 inter
2433 1186 2675 1256 angelos,
2718 1201 2746 1238 a
2784 1187 2978 1255 quibus
3004 1187 3346 1241 abducendus
3387 1193 3529 1252 erat,

1955 1279 2187 1332 animam
2239 1277 2390 1333 laetus
2430 1279 2744 1342 exhalavit;
2801 1293 2904 1333 non
2960 1287 3086 1332 ante
3142 1285 3318 1332 tamen
3368 1291 3530 1345 quam

1955 1378 2297 1423 sacrosancta
2347 1368 2595 1423 doctrina
2649 1382 2742 1422 eos
2775 1408 2790 1432 ,
2853 1368 2941 1437 qui
2999 1369 3242 1434 aderant,
3285 1366 3530 1421 nonnihil

1955 1459 2318 1526 instruxisset,
2351 1461 2728 1529 extremisque
2765 1459 3017 1527 alloquiis
3046 1459 3292 1512 meliores
3318 1458 3532 1513 ell‘ccis-

1955 1561 2056 1606 set.
2090 1552 2223 1605 Tum
2271 1568 2400 1606 vero
2454 1552 2777 1606 miracnlmn
2835 1550 3097 1614 omnium,
3128 1564 3249 1619 qua:
3300 1564 3531 1618 unquam

1956 1640 2191 1706 fuerunt,
2224 1641 2639 1695 celeberrimum
2674 1639 3009 1709 designatur.

2028 1732 2239 1787 LXXX.
2271 1732 2608 1786 Eﬂ‘erebatur
2639 1733 2723 1784 vir
2756 1740 3000 1795 sanctus,
3033 1738 3341 1784 sanctorum
3371 1727 3530 1796 831

1957 1823 2194 1876 virorum
2237 1824 2483 1877 [nauibus
2516 1821 2690 1876 elatus
2722 1834 2740 1874 :
2794 1821 3162 1889 unusquisque
3196 1827 3373 1872 autem
3401 1835 3533 1885 ope-

1959 1928 2072 1968 ratn
2103 1914 2282 1975 dabat,
2306 1912 2442 1965 alius
2475 1923 2529 1964 ιιι
2557 1911 2823 1963 ﬁmbriam
2847 1909 2915 1976 ⁸ο,
2957 1909 3092 1962 alius
3115 1918 3171 1961 ιιι
3195 1908 3440 1961 umbram
3464 1907 3534 1972 ⁸⁸,

1958 2004 2095 2069 alius
2127 2012 2179 2055 ut
2224 2002 2546 2056 sacriferum
2589 2001 2841 2054 lectulum
2892 2000 3176 2067 arriperet,
3220 2014 3283 2052 ac
3322 1999 3407 2052 vel
3458 2014 3538 2052 so-

1958 2093 2067 2146 Ium
2100 2093 2421 2161 attingeret;
2451 2091 2598 2161 (quid
2646 2091 2788 2144 enim
2812 2090 2900 2143 illo
2931 2104 3156 2159 corpore
3199 2089 3436 2143 sanctius
3483 2101 3540 2142 et.

1957 2185 2199 2255 purius?)
2237 2184 2374 2238 alius
2432 2194 2491 2237 ut
2550 2184 2767 2252 propius
2822 2183 2886 2234 ad
2944 2197 3059 2246 eos,
3091 2182 3180 2249 qui
3215 2194 3411 2249 c0rpus
3453 2176 3539 2234 ie-

1960 2280 2168 2340 rebaut,
2201 2275 2513 2339 accederet;
2549 2273 2688 2326 alius
2711 2281 2767 2324 ut
2803 2284 3025 2341 aspectu
3081 2272 3195 2326 solo
3247 2269 3537 2336 frueretur,

1961 2378 2212 2435 tanquam
2261 2379 2327 2419 eo
2399 2379 2612 2433 quoque
2666 2364 2917 2416 utilitatis
2985 2362 3186 2431 aliquid
3255 2361 3535 2415 aﬂerettle.

1956 2459 2119 2513 Plena
2151 2468 2308 2512 erant
2337 2456 2474 2520 fora,
2504 2457 2766 2526 porticus,
2818 2455 3048 2525 duplicia
3085 2465 3139 2508 et
3192 2453 3421 2523 triplicia
3460 2461 3540 2506 ta-
3629 2478 3637 2485 -

1957 2550 2157 2614 bulata,
2201 2549 2477 2602 hominum
2540 2546 2945 2611 deducentium,
2995 2546 3371 2613 praeeuntium,
3424 2557 3541 2612 pro-

1958 2640 2321 2707 sequentium,
2370 2637 2780 2701 assectantiurn,
2815 2650 2939 2690 sese
3000 2636 3228 2688 invicem
3284 2620 3540 2702 premen-

1960 2730 2128 2791 tium;
2163 2729 2330 2781 multa
2371 2727 2536 2780 millia
2591 2727 2770 2780 omnis
2818 2728 3034 2795 generis
3090 2735 3144 2780 et
3190 2727 3364 2781 aetatis
3414 2735 3540 2779 ante

1957 2836 2079 2874 eum
2111 2822 2251 2873 diem
2307 2818 2604 2889 inCOgnila.
2666 2817 2984 2871 Psalmodize
3033 2818 3321 2887 gemitibus
3379 2817 3538 2871 cede-

1958 2917 2109 2979 bant,
2142 2924 2195 2967 et
2229 2914 2391 2965 animi
2419 2911 2721 2967 constantia
2757 2910 2957 2965 doloris
2989 2910 3360 2979 magnitudine
3387 2908 3536 2964 fran-

1957 3007 2201 3077 gebatur.
2236 3007 2529 3061 Certabant
2559 3007 2729 3058 nostri
2778 3019 2901 3058 cum
2939 3004 3162 3064 exteris,
3198 3019 3320 3057 cum
3362 3002 3539 3057 ethni-

1957 3098 2056 3158 cis,
2089 3094 2307 3157 Judteis,
2339 3095 2591 3161 advenis;
2639 3095 2783 3161 iique
2801 3093 3035 3147 vicissim
3071 3093 3370 3154 nobiscum,
3396 3094 3532 3146 utris

254 3184 431 3247 λείας.
470 3184 651 3255 Πέρας
678 3183 771 3236 τοῦ
801 3184 983 3252 λόγου.
1016 3184 1112 3236 καὶ
1144 3187 1224 3248 εἰς
1259 3184 1500 3237 κίνδυνον
1533 3184 1761 3255 τελευτᾷ
1788 3186 1849 3238 τὸ

1965 3187 2235 3240 uberiores
2290 3186 2539 3254 lacryma:
2580 3183 2888 3238 uberiorem
2951 3181 3233 3234 utilitatem
3261 3178 3533 3233 aﬂ'errent.

255 3274 436 3338 πάθος
465 3276 576 3346 (57)
601 3292 614 3303 ⁸
643 3275 1094 3329 συναπελθουσῶν
1122 3274 1271 3345 αὐτῷ
1294 3275 1482 3345 ψυχῶν
1508 3276 1607 3329 οὐκ
1632 3276 1847 3344 ὀλίγων,

255 3369 325 3421 ὲκ
348 3367 448 3437 τῆς
483 3366 577 3420 τοῦ
618 3366 865 3436 ὠθισμοῦ
900 3366 1021 3436 βίας
1054 3368 1148 3420 καὶ
1179 3367 1595 3437 συγκλονήσεως
1619 3384 1631 3397 ·
1665 3368 1720 3421 αἲ
1758 3369 1852 3422 καὶ

252 3458 355 3514 τοῦ
399 3458 589 3521 τέλους
624 3457 1094 3529 ὲμακαρίσθησαν,
1150 3458 1222 3522 ὡς
1265 3458 1458 3528 ἐκείνῳ
1505 3460 1848 3528 συνέκδημοι,

256 3551 356 3605 καὶ
382 3548 598 3621 θύματα
632 3550 918 3618 ἐπιτάφια,
957 3550 1097 3620 τάχα
1126 3549 1191 3603 ἄν
1221 3567 1307 3612 τις
1337 3551 1481 3603 εἴποι
1513 3551 1623 3603 τῶν
1655 3550 1853 3622 θερμο-

254 3640 457 3712 τὲρων.
487 3638 655 3702 Μόλις
679 3639 792 3708 (58)
837 3639 894 3691 δὲ
938 3637 999 3690 τὸ
1031 3638 1191 3708 σῶμα
1235 3639 1498 3707 διαφυγὸν
1522 3642 1649 3702 τοὺς
1678 3641 1856 3712 ἁρπά-

259 3730 476 3797 ζοντας,
505 3730 600 3783 καὶ
631 3728 863 3797 νικῆσαν
899 3730 1025 3791 τοὺς
1058 3730 1573 3800 προπομπεύοντας,
1608 3729 1750 3783 οὕτω
1776 3731 1855 3801 τῷ

257 3822 421 3891 τάφῳ
457 3821 567 3874 τῶν
621 3819 875 3891 πατέρων
921 3818 1148 3877 δίδοται.
1207 3822 1302 3874 καὶ
1349 3822 1698 3891 προστίθεται
1742 3825 1853 3886 τοῖς

262 3911 504 3981 ἱερεῦσιν
548 3911 577 3962 ὁ
633 3910 924 3980 ἀρχιερεὺς
955 3909 1088 3979 (59),
1124 3913 1235 3973 τοῖς
1274 3913 1506 3984 κήρυξιν
1555 3915 1587 3980 ἡ
1642 3911 1851 3982 μεγάλη

262 4002 439 4073 φωνὴ,
481 4003 577 4056 καὶ
622 4003 736 4064 τοῖς
786 4003 940 4071 ἐμοῖς
969 4002 1101 4055 ὠσὶν
1153 4003 1364 4074 ἕνηχος,
1405 4007 1433 4057 ὁ
1486 4005 1696 4076 μάρτυς
1743 4011 1854 4071 τοῖς

265 4095 523 4166 μάρτυσι.
583 4095 695 4145 Καὶ
739 4092 853 4155 νῦν,
905 4095 933 4145 ό
983 4094 1081 4163 μέν
1115 4096 1264 4149 ἐστιν
1292 4098 1350 4148 ἐν
1397 4098 1664 4167 οὐρανοῖς,
1696 4100 1857 4151 κάκεῖ

260 4180 363 4243 τὰς
391 4179 534 4250 ὑπὲρ
572 4180 750 4249 ἡμῶν,
784 4179 860 4243 ὡς
904 4180 1014 4249 (40)
1054 4178 1226 4251 οἶμαι,
1284 4185 1609 4253 προσφέρων
1643 4186 1851 4251 θυσίας,

263 4273 361 4327 καὶ
390 4271 487 4325 τοῦ
538 4271 669 4326 λαοῦ
703 4273 1139 4342 προσευχόμενος
1174 4275 1283 4343 (AI)
1311 4291 1324 4305 ο
1364 4276 1483 4328 οὐδὲ
1518 4277 1627 4348 γὰρ
1672 4279 1855 4332 ἀπολι-

264 4361 386 4414 πὼν
420 4361 531 4431 (42)
577 4362 746 4432 ἡμᾶς,
799 4361 1146 4415 παντάπασιν
1173 4363 1551 4418 ἀπολέλοιπεν.
1593 4367 1856 4438 Ἦμιθνὴς

261 4448 323 4505 δὲ
355 4450 654 4521 Γρηγόριος
684 4466 775 4503 και
795 4448 1081 4521 ἡμίτομος,
1104 4449 1206 4520 τῆς
1231 4451 1472 4522 μεγάλης
1505 4452 1852 4524 ἀπερρωγὼς

336 4564 383 4597 ⁷ο
418 4563 564 4623 Psal.
598 4578 724 4626 xxx,
751 4562 805 4617 6.
881 4562 927 4593 ⁸ο
954 4563 1086 4617 Luc.
1113 4579 1234 4622 vm.
1255 4564 1345 4618 44.
1417 4564 1460 4596 ⁸¹
1492 4566 1613 4620 Act.
1641 4582 1690 4631 v,
1732 4567 1820 4623 15.

338 4678 453 4746 (29)
502 4676 781 4733 Ἐαυτῶν.
815 4680 988 4743 Pass.,
1021 4679 1237 4732 ἑαυτοῦ.

338 4750 456 4818 (50)
489 4751 590 4814 Εὶς
614 4749 817 4818 χεῖράς
837 4763 974 4811 σου,
999 4759 1102 4802 etc.
1138 4750 1231 4803 Sic
1254 4756 1504 4803 accurate
1530 4750 1669 4817 apud
1690 4748 1845 4805 Nice-

268 4803 384 4875 tarii
431 4803 817 4872 verba'Crieca
846 4803 1251 4887 distinguuntur
1284 4836 1299 4872 :
1339 4836 1357 4868 t
1379 4820 1459 4871 Ad
1512 4803 1837 4886 etItremum,

1958 3277 2206 3345 Denique
2242 3276 2395 3331 dolor
2423 3275 2512 3328 ille
2551 3277 2604 3329 in
2636 3276 2933 3342 periculum
2965 3274 3143 3327 desiit.
3187 3271 3363 3325 Multae
3394 3271 3535 3324 enim

1962 3370 2155 3423 anima:
2191 3382 2257 3421 ex
2291 3369 2338 3419 vi
2368 3366 2726 3435 protrusionis
2759 3375 2813 3419 et
2835 3363 3251 3431 compressionis
3278 3378 3381 3415 una
3415 3377 3536 3413 eum

1958 3477 2022 3515 eo
2044 3468 2424 3526 excesserunt;
2467 3474 2586 3527 quae
2614 3457 2771 3525 hujus
2802 3457 2922 3510 linis
2954 3457 3173 3509 nomine
3204 3454 3384 3507 felices
3410 3468 3539 3523 pran-

1959 3552 2149 3605 dicatte
2184 3561 2328 3615 sunt,
2378 3559 2434 3603 ut
2479 3552 2747 3604 discessus
2799 3549 2970 3617 ipsius
3025 3547 3206 3610 sociae,
3249 3555 3429 3613 atque,
3481 3553 3540 3597 ut

1960 3642 2343 3696 ferventiorum
2400 3642 2666 3710 quispiam
2723 3640 2951 3704 dixerit,
3006 3638 3257 3691 funebres
3288 3636 3535 3690 victimae.

1960 3733 2093 3787 Cum
2127 3743 2304 3786 autem
2345 3746 2540 3799 corpus
2594 3730 2680 3783 \ix
2721 3731 3039 3799 rapientium
3097 3743 3284 3782 manus
3321 3726 3539 3796 ell‘ugis-

1960 3832 2064 3886 set,
2094 3837 2158 3875 ac
2213 3831 2603 3889 prosequentes
2640 3827 2970 3888 superaSset,
3007 3820 3060 3872 in
3117 3827 3401 3886 parentum
3453 3831 3537 3871 se-

1960 3912 2145 3980 pulcro
2200 3911 2449 3963 conditur
2481 3926 2545 3963 ac
2581 3909 2952 3963 sacerdotibus
3001 3910 3339 3963 sacerdotum
3390 3907 3537 3977 prin-

1961 4018 2105 4069 ceps,
2140 4002 2585 4068 praedicatoribus
2612 4016 2804 4069 magna
2839 4015 2961 4061 vox,
3014 4000 3258 4066 meisque
3315 3997 3538 4051 auribus

1962 4093 2237 4154 insonans,
2295 4091 2625 4160 martyribus
2677 4099 2882 4159 martyr
2922 4089 3249 4158 adiungitur.
3300 4089 3368 4139 At
3397 4101 3540 4139 nunc

1962 4183 2049 4236 ille
2078 4185 2295 4252 quidem
2347 4184 2399 4235 in
2441 4182 2592 4235 cwlis
2630 4190 2731 4246 est,
2787 4180 2896 4233 illic
2926 4182 3107 4245 etiam,
3136 4181 3186 4232 ni
3236 4178 3411 4244 fallor,
3459 4191 3540 4231 sa—

1961 4276 2163 4329 criﬁcia
2213 4289 2308 4342 pro
2360 4273 2514 4326 nobis
2562 4270 2818 4332 nﬂ‘erens,
2870 4280 2923 4324 et
2973 4285 3069 4338 pro
3116 4269 3308 4338 pOpuIO
3350 4283 3538 4337 preces

1915 4373 1918 4377 ’
1961 4367 2221 4429 fundens;
2269 4379 2443 4434 neque
2467 4364 2606 4417 enim
2660 4364 2731 4414 ita
2766 4377 2862 4415 nos
2915 4361 3155 4429 reliquit,
3194 4370 3253 4414 ut
3315 4376 3539 4428 prorsus

1962 4455 2258 4524 reliquerit.
2301 4455 2371 4508 At
2402 4469 2502 4523 ego
2533 4454 2703 4507 media
2736 4467 2800 4507 ex
2854 4462 3009 4521 parte
3038 4462 3281 4506 mortuus
3332 4462 3385 4507 et
3426 4453 3538 4508 dis-

2045 4675 2135 4745 51)
2174 4672 2517 4745 Ἱερώτεγοοιρξ
2553 4671 2730 4735 Pass.,
2769 4669 3087 4745 ἁγιώτερον.

2014 4739 2128 4817 (55)
2151 4739 2456 4817 atumem.
2486 4743 2620 4817 Reg.
2653 4745 2720 4809 ph
2754 4739 2990 4817 etIiass.
3029 4739 3388 4817 additnt,_}cai.

2012 4809 2124 4887 (56)
2174 4809 2789 4887 ίΑὲτοᾏξαυσάμρψς.
2856 4811 3186 4887 Sic___p|ure_s
3248 4809 3414 4887 chg.
3474 4819 3538 4887 _et

268 4905 396 4945 cum
440 4887 789 4942 dixissetzln
832 4880 1040 4942 manus—
1069 4897 1189 4942 tuas
1223 4892 1545 4943 cumtnendo
1587 4880 1836 4956 spiritum
1936 4880 2115 4952 Coit»,
2162 4883 2258 4938 Or.
2292 4887 2347 4944 2,
2390 4880 2598 4949 Pass,
2626 4882 2798 4936 Nicet.
2823 4892 2877 4938 et
2924 4880 3110 4935 Billius
3161 4883 3293 4949 ipse.
3330 4881 3385 4933 lu
3420 4883 3533 4944 ed.,

266 4974 470 5040 meum2
504 4960 816 5040 hauds-egre
838 4958 1170 5040 angelorum,
1216 4974 1243 5038 a
1272 4958 1467 5040 quibus
1489 4955 1841 5040 abducendus

1965 4957 2151 5040 ιπο.λαυ
2161 4955 2417 5040 ἰάμενος.

266 5037 410 5091 erat,
453 5029 505 5081 in
534 5025 781 5081 manibus
806 5025 1039 5081 animam
1065 5027 1282 5081 eﬂlavit.
1308 5046 1323 5077 ι
1378 5025 1493 5079 Νοιι
1541 5039 1684 5082 recte
1726 5029 1838 5083 Bil-

2012 5027 2124 5108 (57)
2156 5019 2373 5090 Πάθος.
2418 5022 2616 5088 Nicet.,
2658 5023 2915 5095 πρᾶγμα,
2967 5038 2987 5072 ι
3019 5036 3105 5075 res
3148 5020 3200 5074 in
3231 5019 3534 5088 periculum

268 5099 396 5160 lius,
424 5097 516 5166 qui
558 5097 705 5151 hunc
758 5100 929 5151 locum
978 5097 1058 5150 sic.
1096 5098 1308 5151 reddit:
1340 5114 1357 5147 t
1387 5096 1563 5165 Atque
1607 5099 1723 5167 ipse
1774 5099 1841 5152 ad
1939 5096 2159 5153 desinit.
2187 5114 2205 5146 ι

271 5167 494 5236 angelos
531 5181 659 5232 eos,
704 5182 733 5219 a
773 5168 970 5236 quibus
1012 5167 1399 5227 abducebatnr,
1447 5169 1845 5235 postremishis

271 5238 460 5291 verbis
488 5236 690 5291 habitis
716 5254 729 5289 :
756 5237 812 5290 lu
865 5252 1055 5290 manus
1104 5246 1223 5290 tuas
1250 5237 1567 5289 commendo
1594 5239 1840 5305 spiritum
1938 5236 2070 5298 etc},

271 5306 723 5368 meum,animam
742 5307 894 5360 laetus
909 5306 1228 5369 exhalavit,»
1250 5305 1389 5373 quod
1404 5305 1642 5373 profecto
1663 5324 1689 5359 a
1710 5306 1848 5361 Gre—

2013 5166 2127 5238 (58)
2159 5165 2369 5238 Μόλις.
2439 5162 2682 5228 Quatuor
2720 5161 2911 5232 Regg.,
2963 5162 3067 5216 duo
3116 5158 3306 5223 Coisl.,
3353 5155 3531 5224 0r.2,

2011 5235 2564 5375 (ἕθῖιᾷἇιίῗρχιερεύς.
2613 5299 2783 5375 Regg.
2810 5316 2873 5375 a,_
2909 5299 3034 5375 c,_d
3079 5308 3133 5353 et
3162 5299 3255 5375 0r.
3281 5300 3350 5375 2,
3391 5301 3419 5352 ό
3454 5299 3530 5349 ἱε-

270 5376 620 5450 gorii_t_u_e_nte
646 5376 879 5430 alienum
916 5386 1019 5450 est.
1057 5368 1586 5450 Nonenimjtngelis,
1617 5378 1842 5450 ut_iudi-
1945 5368 2464 5450 pedg'Nicetassie
2485 5368 2748 5450 exponit";
2796 5388 2815 5421 ι
2842 5368 2983 5450 Patri
3026 5373 3314 5437 sacerdoti,
3347 5380 3401 5424 et
3428 5384 3531 5421 avo

271 5440 363 5499 Eat
400 5444 542 5498 Billii
592 5445 986 5516 interpretatio,
1035 5447 1128 5498 sed
1177 5445 1289 5499 Deo
1334 5440 1566 5500 Basilius
1607 5447 1842 5500 animam
1942 5440 2168 5516 iuarlyri
2206 5441 2619 5516 subkMaxirnino
2654 5440 2978 5516 adjungitur.
3008 5458 3027 5490 ι

278 5528 433 5569 suam
472 5515 712 5568 moriens
746 5516 1153 5569 commendavit.

367 5580 460 5654 51)
498 5582 925 5652 Ἀναπέψιυεεν.
959 5584 1140 5654 Forte,
1178 5582 1537 5653 ὲναπέψυξεν.
1566 5584 1723 5640 Ειιιτ.

492 5654 861 5725 Γενρμένων.
887 5653 1087 5725 γδιιιιὶΙη
1128 5654 1631 5725 μνημονευομένων.

347 5715 460 5793 (55)
494 5722 578 5789 Τῷ
605 5715 691 5779 δέ.
730 5725 820 5780 Sic
848 5715 1086 5795 plerique
1105 5715 1260 5781 c'odd'.
1285 5726 1339 5780 ln
1369 5715 1479 5790 edi,
1508 5725 1567 5777 τὸ
1595 5724 1670 5777 δέ.

1943 5656 1997 5720 2,
2022 5650 2480 5725 ὕπερευχόμενος.
2509 5650 2704 5725 In‘edL,

2014 5509 2123 5586 (40)
2157 5515 2271 5578 Ὣς.
2305 5511 2534 5586 Deestin
2570 5509 2665 5564 0r.
2694 5510 2748 5586 ἓ,

2013 5577 2124 5653 (41)
2154 5577 2665 5651 Προσευχόμενος.
2695 5577 2786 5633 Sic
2816 5577 3054 5647 plerique
3086 5581 3240 5637 codd.
3271 5579 3327 5637 In
3355 5578 3532 5638 CoisI.

2026 5653 2480 5699 ὑπεοευνόαενοε.
2509 5651 2565 5699 In
2592 5650 2704 5699 ed..
2728 5647 3153 5699 ποοευγόμενος.

2026 5665 2480 5725 ῡπερευχομενος.
2509 5665 2565 5703 ιιι
2592 5665 2704 5710 ed.,
2728 5666 2769 5701 π
2805 5665 3153 5718 οευχομενος.

2017 5725 2126 5778 (42‘
2174 5719 2518 5778 Ἀπολιπών.
2547 5718 2642 5775 0r.
2667 5718 2725 5779 2.
2756 5669 3090 5774 ἕπολείπων.
