3898 6222
334 324 443 378 603
1544 320 1602 377 S.
1646 316 1873 376 GREGO

2066 311 2363 370 HEOLOGI
3482 297 3605 358 604

334 448 515 492 sectus
543 435 836 507 Gregorius
892 436 1099 509 (utpote
1129 450 1160 489 a
1204 450 1395 504 magno
1429 434 1517 488 illo
1561 434 1707 488 socio
1740 435 1871 488 abru

2062 427 2292 496 ›ζυγίας.
2348 423 2442 477 xui.
2493 420 2605 492 βίον
2658 420 2829 474 ἕλκων
2876 416 3153 489 ὀδυνηρὸν,
3193 414 3288 468 καὶ
3334 412 3446 485 (4⁸5)
3480 416 3601 468 οὐκ

339 540 486 596 plus,
521 538 683 598 atque
717 527 967 583 acerbam
1001 537 1055 583 et
1086 528 1335 582 miseram
1369 527 1531 581 vitam
1558 527 1799 587 trahens.
1853 542 1878 578 υ

2067 519 2291 589 »δρομον,
2314 509 2425 569 οἷον
2470 512 2614 575 εἰκὸς
2642 511 2733 565 τὸν
2776 510 2985 563 ἐκείνου
3026 505 3446 579 κεχωρισμένον,
3485 505 3606 558 οὐκ

340 595 764 683 consentaneum
813 628 895 675 est
929 634 1074 684 eum,
1117 619 1207 688 qui
1241 618 1308 673 ab
1353 634 1419 674 eo
1453 619 1749 686 disjunctus
1796 618 1879 686 sit)

2066 611 2125 662 δα
2151 611 2230 671 είς
2258 607 2286 660 ὃ
2310 606 2646 674 τελευτήσων
2671 600 2806 672 μετὰ
2824 600 2921 671 τὴν
2954 600 3163 653 ἐκείνου
3189 595 3605 664 παιδαγωγίαν⁶

344 710 487 764 haud
517 712 652 774 scio,
687 726 972 780 quemnam
1021 686 1148 778 post
1194 710 1335 763 illius
1371 709 1706 777 disciplinam
1749 707 1883 761 ﬁnen

2104 700 2197 753 xui.
2236 696 2329 753 νῦν
2380 696 2459 748 ἔτι
2513 692 2890 763 νουθετοῦμαι,
2940 691 3034 744 καὶ
3074 686 3604 759 σωφρονίξομαιδιὰ

344 803 663 867 uaneiscar;
707 817 736 854 a
768 816 874 870 quo
913 817 1052 855 nunc
1098 816 1309 870 quoque
1362 815 1456 868 per
1507 807 1795 853 nocturnas
1832 799 1883 851 vi

2063 789 2342 861 ικτερινῶν
2372 787 2568 856 Musoni.
2606 785 2813 837 εἴποτε
2848 782 2940 835 τοῦ
2971 782 3181 842 δέοντος
3206 780 3309 843 ἔξω
3342 779 3602 846 πέσοιμι.

342 893 524 947 siones
569 894 882 958 admoneor,
915 904 969 947 et
1007 893 1261 959 castigor,
1293 891 1336 946 si
1374 892 1589 959 quando
1618 890 1687 944 ab
1737 888 1881 944 olIici

2068 883 2122 935 ui
2162 882 2261 933 οὐκ
2312 879 2421 948 ἐγὼ
2475 879 2571 949 μὲν
2629 875 2772 929 οὕτω
2821 873 3050 943 θρήνους
3100 870 3437 939 ἁναμίγνυμι
3475 869 3604 959 τοῖς

347 997 646 1038 recessero.
681 983 789 1037 Nec
816 998 943 1037 vero
971 999 1067 1051 ego
1093 984 1307 1052 quidem
1339 983 1512 1036 luctus
1539 981 1785 1037 laudibus
1815 981 1881 1034 ad

2061 973 2273 1035 ταίνοις,
2304 973 2397 1024 xui
2424 966 2745 1039 λογογραφῶ
2790 965 2889 1035 τὴν
2928 963 3022 1016 τοῦ
3059 962 3248 1031 ἀνδρὸς
3287 957 3600 1052 πολιτείαν,

342 1072 526 1142 jungo,
558 1080 717 1141 atque
756 1073 898 1127 illius
930 1051 1385 1126 vitamioratione
1419 1073 1604 1142 pingo,
1663 1088 1727 1127 ac
1777 1082 1881 1126 tem

2067 1067 2108 1118 ιὶ
2141 1064 2433 1136 προτίθημι
2466 1062 2542 1131 τῷ
2585 1060 2761 1130 χρόνῳ
2789 1056 2963 1110 κοινὸν
3002 1053 3199 1126 ἀρετῆς
3239 1051 3464 1142 πίνακα,
3492 1063 3606 1142 και

346 1164 460 1229 pori
514 1178 851 1217 communem
893 1164 1112 1219 virtutis
1165 1138 1434 1230 tabulam,
1468 1138 1885 1232 salutiferumqul

2060 1158 2354 1228 ρόγραμμα
2388 1154 2652 1223 σωτήριον
2694 1150 2895 1210 πάσαις
2920 1149 3039 1208 ταῖς
3082 1141 3448 1232 Ἐκκλησίαις,
3481 1138 3598 1232 ψυ-

344 1254 595 1309 omnibus
665 1253 942 1319 Ecclesiis,
992 1256 1347 1325 omnibusque
1399 1256 1681 1309 animabus
1732 1270 1882 1308 exem

2065 1251 2136 1311 ιῖς
2159 1246 2426 1307 ἁπάσαιςο
2455 1244 2592 1314 πρὸς
2619 1242 2676 1294 ὃν
2711 1241 3016 1311 βλέποντες,
3047 1231 3458 1302 ἀπευθυνοῦμεν
3495 1228 3604 1282 τὸν

346 1343 490 1412 plum
525 1360 801 1414 propono;
838 1347 889 1399 in
920 1348 1083 1415 quod,
1120 1323 1275 1401 velut
1310 1348 1363 1400 in
1400 1348 1574 1400 vivam
1627 1348 1885 1414 quamdan

2060 1344 2149 1406 ἴον,
2183 1342 2258 1405 ὼς
2292 1341 2455 1410 νόμον
2485 1337 2756 1407 ἔμψυχον·
2790 1336 2918 1404 ὑμῖν
2947 1332 3003 1385 δὲ
3039 1325 3499 1401 συμϐουλεύσαιμ’
3521 1323 3599 1378 ἂν

348 1433 541 1501 legem,
600 1436 889 1502 intuentes,
936 1439 1098 1491 vitam
1163 1446 1402 1491 nostram
1452 1438 1786 1507 dirigemus:
1819 1452 1887 1490 vo

2059 1435 2140 1486 λλο
2169 1450 2241 1497 τι,
2267 1434 2378 1494 τοῖς
2400 1431 2468 1484 τὰ
2493 1429 2697 1482 ἐκείνου
2730 1423 3154 1494 τετελεσμένοις.
3195 1420 3229 1491 ἢ
3264 1419 3401 1488 πρὸς
3424 1416 3598 1470 αὐτὸν

348 1525 433 1579 bis
469 1535 668 1592 autem,
707 1531 797 1596 qui
835 1531 901 1583 ab
930 1530 1046 1599 ipso
1076 1529 1320 1585 doctrina
1346 1544 1502 1585 sacra
1536 1529 1726 1583 imbuti
1763 1530 1887 1582 estis

2068 1526 2101 1578 ιί
2134 1525 2366 1595 βλέπειν,
2403 1522 2496 1574 καὶ
2515 1521 2589 1583 ὡς
2620 1519 2852 1590 ὁρῶντος
2874 1516 2969 1570 xui
2995 1513 3294 1586 ὁρωμένου,
3321 1509 3398 1580 τῷ
3426 1504 3607 1562 Πνεύ-

347 1617 637 1686 quidquam
693 1620 836 1674 aliud
882 1621 1164 1685 suaserim,
1213 1637 1373 1691 quam
1424 1631 1482 1675 ut
1528 1637 1650 1676 eum
1704 1635 1885 1688 sempe

1073 1621 1164 1685 im,
1213 1637 1373 1691 quam
1424 1631 1482 1675 ut
1528 1637 1650 1676 eum
1704 1635 1917 1688 semper
2020 1612 2612 1689 ματικαταρτίζεσθαι.

348 1706 621 1771 spectetis,
677 1722 762 1769 ac,
815 1717 1068 1777 tanquam
1128 1709 1241 1777 ipse
1291 1707 1455 1778 832
1495 1717 1550 1761 et
1583 1721 1681 1762 vos
1740 1709 1917 1762 videat

349 1802 405 1848 et
434 1809 461 1847 a
506 1797 655 1849 vobis
693 1798 956 1861 videatur,
995 1798 1197 1868 Spiritu
1231 1798 1595 1852 instruamini.
1948 1766 1994 1821 Β

421 1885 659 1941 LXXXI.
688 1889 886 1942 Adeste
911 1888 1043 1956 jam,
1084 1903 1148 1942 ac
1176 1904 1262 1942 me
1295 1888 1694 1951 circumsistite,
1743 1888 1920 1943 omnis

2090 1887 2217 1940 IIA'.
2253 1886 2421 1957 Δεῦρο
2455 1883 2519 1954 δὴ
2559 1881 2670 1951 (44)
2697 1880 3050 1951 περιστάντες
3081 1893 3146 1947 με
3182 1876 3289 1937 πᾶς
3319 1874 3348 1925 ὁ
3381 1869 3602 1923 ἐκείνου

352 1975 494 2031 illius
521 1978 740 2041 chorus,
772 1988 878 2032 tam
908 1980 998 2047 qui
1051 1979 1273 2034 sacrarii
1322 1979 1475 2045 eSIis,
1506 1993 1667 2047 quam
1699 1978 1790 2046 qui
1847 1978 1891 2031 in

2057 1980 2219 2049 ορὸς,
2284 1978 2398 2031 ὅσοι
2447 1976 2542 2028 τοῦ
2596 1975 2836 2045 βήματος
2866 2013 2879 2035 ,
2937 1970 3031 2024 xui.
3069 1971 3184 2022 ὅσοι
3231 1964 3338 2019 τῶν
3395 1962 3549 2016 κάτω
3578 1976 3596 1995 ο

352 2070 566 2126 ferioris
597 2073 831 2138 ordinis;
884 2082 989 2126 tam
1029 2074 1121 2141 qui
1161 2087 1229 2127 ex
1276 2072 1493 2136 nostris,
1522 2084 1682 2141 quam
1714 2071 1804 2139 qui
1851 2085 1891 2124 e1

2061 2085 2132 2120 σοι
2175 2067 2281 2120 τῶν
2336 2064 2617 2136 ἡμετέρων
2653 2103 2667 2127 ,
2712 2062 2807 2115 xui.
2867 2062 2980 2113 ὅσοι
3011 2056 3119 2109 τῶν
3186 2053 3421 2119 ἐξωθεν’
3491 2049 3600 2119 τὴν

352 2160 582 2224 exteris;
643 2164 949 2216 encomium
1000 2177 1209 2217 mecum
1260 2159 1528 2226 coniicite,
1579 2160 1714 2213 alius
1759 2159 1891 2214 alian

2061 2157 2291 2228 ὒτρημίαν
2350 2171 2438 2225 μοι
2487 2152 2916 2224 συνεργάζεσθε,
2966 2149 3123 2212 ἄλλος
3186 2146 3313 2200 ἄλλο
3379 2160 3431 2195 τι
3483 2140 3600 2194 τῶν

352 2253 658 2322 quampiam
694 2253 835 2306 illius
879 2254 1133 2307 virtutem
1157 2259 1502 2320 exponentes,
1530 2258 1582 2305 et
1609 2252 1891 2320 conquiren

2063 2250 2227 2303 ιείνυυ
2287 2245 2464 2301 καλῶν
2518 2243 2858 2314 διηγούμενοι
2911 2240 3006 2294 xui
3048 2237 3336 2310 ζητοῦντες
3363 2233 3475 2301 (45)
3545 2231 3602 2284 οἱ

360 2352 440 2397 les
473 2359 488 2396 :
518 2343 608 2411 qui
637 2344 843 2399 thronis
886 2343 1153 2408 insidetis,
1188 2342 1577 2412 legislatorem;
1628 2342 1720 2411 qui
1772 2358 1899 2396 rem

2064 2341 2127 2393 Iw
2224 2339 2463 2410 θρόνων,
2536 2334 2627 2386 τὸν
2702 2331 3034 2403 νομοθέτην’
3117 2332 3166 2381 οἱ
3245 2327 3344 2395 τῆς
3426 2322 3603 2376 πολι-

354 2432 620 2501 publicam
651 2434 857 2504 geritis,
887 2434 1117 2489 civitatis
1159 2434 1478 2503 principem,
1520 2448 1584 2487 ac
1615 2432 1759 2488 velut
1786 2449 1893 2488 con

2061 2431 2213 2493 είας,
2280 2428 2369 2480 τὸν
2416 2426 2675 2496 πολιστήν
2703 2444 2717 2455 ο
2789 2425 2838 2475 οἱ
2889 2419 2982 2475 τοῦ
3032 2419 3227 2491 δήμου,
3270 2418 3368 2488 τὴν
3430 2414 3600 2468 εὐτα-

353 2524 617 2591 ditorem;
647 2526 859 2593 plebeii,
880 2528 1272 2580 moderatorem
1299 2543 1314 2592 ;
1350 2525 1651 2579 litterarum
1674 2526 1892 2581 studiosi

2061 2525 2141 2577 ίαν
2168 2539 2180 2553 ⁸
2208 2523 2256 2575 οἱ
2296 2520 2422 2590 περὶ
2463 2519 2674 2586 λόγους,
2720 2516 2808 2568 τὸν
2863 2514 3189 2583 παιδευτην·
3229 2511 3286 2563 αἱ
3316 2507 3600 2578 παρθένοι,

355 2625 770 2685 prmceptorem;
809 2616 1064 2686 virgines,
1100 2616 1427 2685 pronubum;
1481 2616 1796 2686 conjugatm,
1824 2633 1890 2686 pu

2063 2615 2113 2667 ὃν
2147 2610 2538 2682 νυμφαγωγόνο
2576 2610 2633 2661 αἱ
2673 2607 2776 2661 ὑπὸ
2823 2605 3007 2674 ζυγὸν,
3051 2605 3141 2656 τὸν
3183 2598 3556 2671 σωφρονιστὴν
3584 2612 3602 2629 ’

355 2706 554 2762 dieitize
582 2707 932 2777 magistrum;
982 2707 1229 2775 solitarii,
1259 2722 1379 2762 eum
1412 2706 1503 2775 qui
1537 2707 1684 2761 vobis
1723 2722 1892 2775 penna

2069 2704 2195 2774 ὶτῆς
2222 2702 2475 2774 ἐρημίας,
2505 2701 2593 2754 τὸν
2623 2699 2902 2768 πτερωτήν
2921 2714 2936 2727 ο
2962 2696 3012 2747 οἱ
3045 2695 3146 2764 τῆς
3178 2691 3476 2763 ἐπιμιξίας,
3505 2687 3608 2742 τὸν

357 2799 616 2867 addebat;
668 2800 987 2867 cmnobiaci,
1031 2799 1304 2868 iudicem;
1365 2798 1675 2867 simplices,
1720 2799 1894 2852 itineri

2067 2795 2285 2863 ικαστήν
2310 2811 2322 2823 ·
2352 2794 2401 2845 οἱ
2430 2792 2529 2861 τῆς
2562 2792 2877 2861 ἁπλότητος,
2911 2790 3003 2842 τὸν
3031 2786 3251 2857 ὁδηγόν·
3278 2786 3325 2836 οἱ
3352 2784 3451 2852 τῆς
3472 2780 3606 2833 θεω-

357 2890 588 2953 ducem;
653 2889 1038 2958 speculatiouis
1085 2893 1348 2948 amantes.
1405 2887 1744 2958 theologum;
1800 2890 1896 2943 bila

2069 2887 2149 2950 ίας
2177 2885 2308 2955 (46),
2340 2885 2432 2938 τὸν
2459 2884 2705 2950 θεολόγον
2728 2899 2743 2914 ⁸
2778 2886 2824 2936 οἱ
2851 2884 2908 2935 ὲν
2942 2880 3190 2951 εὐθυμία,
3227 2877 3317 2929 τὸν
3345 2873 3559 2945 χαλινόν
3585 2889 3602 2904 ·

359 2994 470 3043 res,
501 2979 712 3034 frenum
737 2996 752 3044 ;
785 2980 1108 3043 calamitosi,
1134 2980 1417 3045 solatium;
1445 2994 1629 3043 senes,
1656 2980 1898 3033 baculum

2062 2979 2077 3030 ί
2121 2980 2176 3030 ὲν
2217 2979 2539 3049 συμφοραῖς,
2590 2976 2687 3046 τὴν
2724 2974 3103 3046 παράκλησινο
3139 2972 3237 3042 τὴν
3279 2964 3601 3039 βακτηρίαν,

355 3070 601 3140 juvenes,
636 3070 1020 3141 paedagogum;
1077 3084 1359 3141 pauperes.
1401 3070 1742 3137 largitorem;
1789 3073 1894 3126 loer

2078 3070 2288 3134 ,πολιάο
2319 3069 2417 3137 τὴν
2469 3067 2862 3135 παιδαγωγίαν,
2904 3069 2936 3136 ἡ
2974 3066 3192 3132 νεότης”
3222 3064 3255 3132 ή
3297 3058 3479 3122 πενία,
3509 3055 3606 3109 τδν

362 3121 601 3140 ,ηπ-πη
637 3121 977 3141 τ---ηεο-υ--η
1007 3121 1020 3136 .
1079 3121 1359 3141 τρτ--ην
1402 3121 1742 3137 mur-nm.
1789 3121 1901 3126 ----

362 3161 554 3230 plotes,
589 3161 1037 3229 dispensatorem.
1073 3158 1211 3226 Quin
1250 3159 1380 3212 mibi
1432 3174 1647 3229 quoque
1676 3160 1893 3215 videntu

2073 3121 2315 3233 οριστην·
2407 3121 2656 3228 εὐπορία,
2689 3121 2778 3211 τόν
2814 3121 3369 3225 οίκόνόμονίλοκόῦσί
3395 3163 3483 3217 μοι
3510 3144 3612 3198 καὶ

360 3262 415 3306 et
458 3253 632 3306 vidua:
686 3261 973 3321 patronum
1017 3266 1172 3306 Suum
1224 3250 1538 3316 laudatum,
1593 3259 1649 3305 et
1704 3251 1899 3320 orphan

2072 3254 2194 3325 ἦραι
2220 3252 2310 3304 τὸν
2340 3249 2650 3319 προστάτην
2673 3246 3054 3301 ἐπαινέσεσθαι
3072 3261 3085 3274 ·
3118 3243 3213 3296 xui.
3245 3238 3487 3313 ὀρφανοὶ,
3511 3234 3611 3290 τὸν

368 3352 599 3412 patrem,
628 3350 681 3397 et
711 3357 971 3411 pauperes
1012 3356 1304 3411 pauperum
1338 3352 1659 3407 amatorem,
1698 3353 1753 3396 et
1780 3356 1907 3411 pere

2071 3345 2243 3416 ατέρα
2263 3361 2276 3373 ·
2310 3344 2403 3396 xui.
2445 3341 2670 3411 πτωχοὶ,
2722 3340 2813 3392 τὸν
2848 3338 3185 3409 φιλόπτωχον
3209 3352 3223 3366 ·
3271 3332 3365 3386 xui
3398 3329 3492 3383 τὸν
3519 3346 3610 3398 φι-

361 3430 499 3499 griui
556 3430 896 3499 hospitalem,
923 3439 977 3485 et
1013 3431 1206 3485 fratres
1257 3430 1485 3484 fratrum
1531 3441 1848 3493 amatorem.
1879 3448 1900 3486 ε

2068 3436 2265 3501 όξενον,
2297 3437 2344 3487 οἱ
2376 3433 2549 3497 ξένοιο
2584 3432 2675 3485 xui.
2710 3432 2946 3501 ἀδελφοὶ,
2987 3431 3078 3483 τὸν
3116 3426 3435 3496 φιλάδελφον
3457 3420 3567 3492 (47)
3590 3438 3607 3453 ο

365 3523 687 3588 aegrotantes
714 3519 1016 3583 medicum,
1043 3520 1407 3589 cujuscunque
1434 3519 1665 3575 volueris
1693 3521 1864 3575 morbi
1882 3537 1904 3575 e

2069 3531 2082 3583 ί
2106 3528 2402 3591 νοσοῦντες,
2427 3527 2517 3579 τὸν
2541 3525 2742 3596 ἰατρὸν,
2770 3524 2835 3594 ἣν
2863 3522 3038 3593 βούλει
3058 3521 3209 3575 νόσον
3235 3518 3328 3571 xui.
3346 3514 3608 3584 ἰατρείαν·

365 3608 662 3673 medicinae,
681 3617 732 3664 et
747 3610 863 3665 sani
889 3610 1133 3665 sanitatis
1155 3611 1431 3665 custodem
1453 3628 1469 3678 ;
1499 3626 1687 3666 omnes
1707 3613 1900 3683 deniqu

2068 3621 2461 3690 ίὺγιαίνοντες,
2504 3617 2594 3670 τὸν
2638 3616 2855 3684 φύλακα
2889 3616 2986 3685 τῆς
3035 3612 3252 3680 ὑγείας·
3286 3610 3336 3662 οἰ
3385 3607 3607 3669 πάντες,

365 3715 510 3765 eum,
544 3700 636 3770 qui
673 3702 923 3756 omnibus
953 3701 1131 3755 omnia
1162 3702 1338 3757 factus
1367 3712 1471 3770 est,
1504 3712 1562 3757 ut
1591 3718 1801 3771 omnes,
1843 3720 1904 3760 au

2068 3715 2125 3767 δν
2152 3713 2328 3766 πάντα
2353 3711 2487 3763 πᾶσι
2517 3707 2826 3778 γενόμενον,
2857 3696 2953 3760 ἵνα
2971 3703 3204 3776 κερδάνῃ
3224 3702 3352 3763 τοὺς
3379 3696 3607 3762 πάντας,

366 3800 516 3845 certe
546 3792 1000 3860 quamplurimos.
1044 3792 1404 3849 lucrifaceret.

824 3792 1000 3855 'imos.
1044 3792 1404 3849 lucrifaceret.
2034 3804 2067 3875 ἢ
2097 3802 2363 3863 πλείονας.

441 3882 698 3938 LXXXII.
731 3883 909 3938 Habes
944 3886 1058 3939 haec
1108 3901 1136 3938 a
1173 3886 1347 3949 nobis,
1380 3884 1565 3949 Basili.
1616 3889 1720 3944 hoc
1762 3896 1864 3955 est,
1904 3905 1934 3944 a

2106 3895 2229 3948 IIB'.
2259 3891 2443 3945 Ταῦτά
2477 3908 2558 3943 σοι
2610 3888 2738 3961 παρ’
2786 3886 2964 3958 ἡμῶν,
2997 3878 3042 3938 ὦ
3078 3883 3326 3937 Βασίλειε
3354 3879 3483 3951 (48),
3509 3878 3613 3947 τῆς

368 3974 545 4045 lingua
587 3974 859 4043 quondam
905 3975 999 4028 tibi
1038 3975 1382 4040 suavissima,
1430 3985 1593 4044 atque
1633 3976 1836 4031 honore
1882 3991 1907 4030 e

2075 3986 2259 4056 δίστης
2286 3983 2367 4037 σοί
2401 4000 2528 4036 ποτε
2552 3979 2817 4051 γλώττης,
2850 3977 2943 4032 xui.
2971 3975 3252 4046 ὁμοτίμου,
3279 3973 3374 4026 xui.
3402 3971 3612 4042 ἥλικος.

367 4077 527 4121 aetate
562 4065 778 4135 aequali.
807 4064 938 4131 Quae
958 4065 1003 4120 si
1037 4065 1101 4120 ad
1125 4065 1338 4120 virtutis
1367 4074 1471 4120 tua:
1499 4065 1751 4120 meritum
1776 4080 1905 4136 pr0p

2076 4079 2101 4129 Li
2131 4076 2226 4146 μὲν
2256 4075 2355 4144 τῆς
2396 4072 2551 4139 ἀξίας
2584 4071 2768 4141 ἐγγὺς,
2830 4068 2897 4140 σὴ
2948 4067 3105 4121 τοῦτο
3146 4065 3337 4136 χάρις’
3382 4062 3464 4116 σοὶ
3501 4062 3615 4132 γὰρ

370 4158 723 4223 accesserint,
758 4155 1079 4211 beneﬁcium
1115 4155 1166 4209 id
1207 4164 1355 4208 tuum
1386 4162 1504 4219 est;
1554 4165 1605 4209 te
1636 4156 1781 4210 enim
1839 4157 1909 4211 fre

2076 4168 2276 4237 αρῤῶν,
2320 4165 2409 4218 τὸν
2458 4165 2587 4234 περ).
2649 4160 2743 4215 σοῦ
2792 4160 2947 4229 λόγον
3001 4156 3397 4228 ἐνεστησάμην.
3444 4154 3509 4207 Ei
3555 4152 3615 4206 δὲ

373 4260 480 4312 tus,
521 4250 661 4304 hanc
687 4247 987 4302 orationem
1012 4245 1235 4301 institui.
1273 4243 1370 4299 Sin
1395 4254 1575 4299 autem
1605 4244 1759 4315 longe
1802 4246 1912 4301 infr:

2076 4254 2229 4323 ιόρῤω
2276 4252 2369 4305 καὶ
2401 4250 2551 4322 παρὰ
2586 4249 2719 4303 πολὺ
2763 4249 2862 4319 τῆς
2902 4247 3133 4311 ἐλπίδος,
3160 4246 3211 4299 τί
3243 4246 3349 4316 χρὴ
3399 4243 3615 4304 παθεῖν.

370 4340 686 4410 dignitatem
716 4347 772 4394 et
823 4353 974 4409 spem
1019 4347 1165 4392 tuam
1219 4335 1583 4403 substiterint,
1617 4337 1745 4406 quid
1794 4335 1909 4393 face

2076 4344 2134 4396 ui.
2165 4344 2331 4413 γήρᾳ,
2363 4342 2458 4394 xui.
2508 4340 2669 4408 νόσῳ,
2702 4339 2797 4392 καὶ
2843 4337 2922 4408 τῷ
2965 4336 3043 4407 σῷ
3089 4336 3237 4406 πόθῳ
3266 4333 3615 4407 τετρυχωμέ-

373 4446 511 4499 rem,
540 4432 702 4485 homo
731 4438 787 4485 et
828 4437 1124 4494 senectute,
1154 4437 1209 4484 et
1235 4429 1446 4493 morbo,
1494 4436 1550 4483 et
1602 4428 1679 4483 tui
1731 4429 1912 4485 deside

2081 4450 2163 4495 ους
2190 4432 2334 4500 (49);
2367 4430 2513 4501 Πλὴν
2544 4430 2637 4483 καὶ
2676 4428 2794 4498 Θεῷ
2818 4429 2971 4497 φίλον
3004 4428 3065 4480 τὸ
3093 4426 3238 4480 κατὰ
3262 4427 3506 4496 δύναμιν.
3542 4426 3620 4481 Σὺ

374 4524 454 4578 rio
484 4522 804 4578 confectus?
846 4522 1163 4591 Quanquam
1200 4521 1310 4575 Deo
1343 4534 1556 4590 quoque
1585 4531 1796 4592 gratum
1843 4533 1913 4576 est

2076 4525 2101 4576 ὲ
2135 4525 2279 4594 ἡμᾶς
2304 4520 2624 4584 ὲποπτεύοις
2656 4520 2879 4585 ἄνωθεν,
2912 4513 2956 4572 ὦ
2982 4519 3103 4572 θεία
3126 4518 3219 4571 xui.
3244 4518 3362 4589 ἱερὰ
3384 4517 3615 4589 κεφαλὴ,

371 4617 518 4686 quod
547 4631 644 4685 pro
682 4616 885 4670 viribus
929 4615 1178 4671 efﬁcitur.
1231 4611 1309 4665 Tu
1349 4627 1501 4678 vero,
1530 4627 1743 4668 sacrum
1778 4622 1832 4667 et
1862 4613 1910 4668 di

2079 4614 2141 4667 ui.
2170 4614 2260 4666 τὸν
2281 4611 2561 4684 δεδομένον
2598 4613 2728 4682 ἡμῖν
2754 4609 2908 4682 παρὰ
2942 4610 3076 4663 Θεοῦ
3255 4609 3493 4663 σκόλοπα
3517 4609 3618 4678 τῆς

371 4708 557 4760 vinum
597 4715 780 4774 caput,
803 4720 836 4759 e
861 4705 1000 4759 ctelo
1026 4720 1148 4770 nos,
1174 4718 1378 4773 quaaso,
1409 4703 1635 4772 inspice.
1663 4704 1910 4772 carnisqu

2082 4705 2268 4776 αρκὸς,
2299 4704 2398 4774 τὴν
2437 4703 2711 4773 ἡμετέραν
2753 4700 3144 4769 παιδαγωγίαν,
3178 4701 3211 4772 ἢ
3250 4700 3474 4769 στήσαις
3496 4702 3620 4763 ταῖς

372 4796 674 4859 stimulum,
712 4810 742 4849 a
774 4796 883 4850 Deo
919 4796 1071 4850 nobis
1104 4795 1172 4849 ad
1225 4793 1561 4862 disciplinam
1596 4795 1805 4857 datum,
1857 4808 1911 4846 at:

2082 4794 2273 4849 εαυτοῦ
2301 4793 2634 4865 πρεσϐείαις,
2661 4794 2694 4863 ἢ
2726 4793 2941 4855 πείσαις
2961 4792 3072 4862 (5|)
3101 4790 3381 4863 καρτερῶς
3412 4790 3618 4862 φέρειν’

375 4888 629 4958 precibus
660 4892 767 4941 tuis
797 4886 951 4951 siste,
988 4896 1079 4940 aut
1108 4896 1276 4949 certe.
1312 4897 1369 4939 ut
1413 4900 1536 4939 cum
1588 4882 1715 4938 forti
1767 4885 1912 4938 anim

2083 4889 2138 4940 αὶ
2170 4887 2260 4940 τὸν
2287 4887 2462 4940 πάντα
2496 4885 2607 4955 (5‘2)
2646 4884 2760 4954 βίον
2800 4884 2931 4952 ἡμῖν
2959 4882 3225 4951 διεξάγοις
3273 4881 3405 4952 πρὸς
3445 4879 3506 4933 τὸ
3529 4881 3620 4934 λυ-

376 4978 729 5049 perferanius,
781 4979 1087 5047 persuade:
1127 4986 1288 5047 atque
1336 4988 1549 5031 omnem
1599 4984 1838 5029 nostram
1869 4975 1915 5028 vi

2080 4975 2409 5029 ιτελέστατον
2431 4973 2562 5044 (55).
2593 4972 2658 5026 Εἰ
2683 4971 2737 5024 δὲ
2764 4971 3185 5042 μετασταίημεν,
3226 4972 3407 5035 δέξαιο
3433 4972 3619 5024 κάκεῖ-

379 5080 486 5124 tam
519 5070 586 5124 ad
630 5070 703 5136 id,
739 5071 880 5139 quod
918 5070 1155 5125 maxime
1194 5066 1530 5123 conducibile
1553 5072 1656 5133 est,
1697 5065 1870 5134 dirige

2079 5086 2134 5121 εν
2162 5068 2307 5139 ἡμᾶς
2331 5068 2452 5129 ταῖς
2483 5063 2710 5117 σεαυτοῦ
2744 5061 2852 5134 (54)
2893 5064 3138 5133 σκηναῖς,
3175 5062 3251 5125 ὡς
3278 5062 3342 5115 ἂν
3370 5061 3618 5132 ἀλλήλοις

446 5183 559 5252 (45)
588 5185 717 5239 Καί.
744 5184 896 5239 Pass.
937 5183 1100 5246 addit,
1134 5185 1252 5252 ὼςε

2047 5197 2150 5242 etc.
2182 5185 2238 5238 In
2257 5185 2342 5239 ed.
2368 5193 2421 5237 et
2449 5183 2501 5235 in
2531 5182 2800 5252 nonnullis
2838 5181 3021 5252 eodd..
3049 5181 3473 5252 τετρυχωμένος.

445 5249 558 5328 (δέ)
593 5255 695 5323 Δή.
733 5253 865 5328 Reg.
901 5256 1164 5328 pb_addit,
1193 5249 1304 5328 οὖν.
1426 5324 1450 5328 η
1489 5325 1501 5328 _
1553 5324 1577 5328 _

2118 5257 2229 5328 (50)
2267 5250 2623 5328 Hapﬁpsgﬁ.
2652 5252 2742 5306 Sic
2757 5253 2862 5306 duo
2890 5251 3080 5321 ltegg.,
3103 5249 3198 5306 0r.
3215 5249 3275 5319 ’2,
3300 5249 3477 5312 l’ass..
3505 5260 3616 5308 etc.

445 5321 559 5396 (45)
584 5321 932 5396 Ζητοῦιικιτεςῖζ
968 5323 1023 5377 In
1051 5327 1394 5396 quibusdam,
1420 5324 1723 5396 ζηλοῦντες.

1051 5327 1394 5396 quibusdam,
1420 5324 1723 5396 ζηλοῦντες.
2046 5326 2103 5380 In
2127 5321 2240 5389 ‘edJ,
2276 5321 2404 5392 περ).
2431 5321 2585 5396 Θεοῦ.

471 5388 561 5465 46)
600 5388 1038 5465 acceptam—Reg.
1069 5388 1161 5463 pb,
1188 5388 1485 5462 θεολογίαςξ
1776 5460 1803 5465 __
1894 5460 1917 5465 Α

1906 5460 1917 5465 _
2117 5395 2230 5465 (51)
2268 5396 2332 5448 Ἢ
2350 5388 2610 5465 πείσαις.
2636 5390 2849 5465 C_omb.,
2885 5390 2918 5460 ἦ
2956 5390 3052 5465 καὶ
3089 5388 3185 5465 νῦν
3212 5389 3445 5444 πείσαις.

471 5463 560 5531 47)
593 5459 1124 5535 Τὸνφιλάδελέρονο.
1166 5465 1257 5535 Sic
1282 5459 1517 5534 quinque
1543 5466 1731 5533 ltegg.,
1767 5460 1862 5516 Or.
1889 5460 1945 5526 2,

2116 5459 2228 5535 (59.)
2264 5465 2375 5520 Τὸν·
2404 5461 2619 5515 πάντα.
2653 5460 2866 5523 Comb.,
2909 5459 3012 5514 τὸν
3040 5459 3299 5532 πάροντα,
3337 5478 3354 5509 ι
3378 5473 3615 5528 praesen-

374 5531 532 5589 PaSS.
560 5544 611 5588 et
646 5531 830 5586 Coinb.
875 5531 1032 5588 Decet
1052 5535 1142 5587 τόν
1162 5533 1214 5588 in
1243 5537 1329 5590 ed.
1429 5531 1449 5534 ⁷
1627 5531 1677 5533 “
2048 5531 2172 5589 tem.
2200 5531 2219 5585 ί

415 5649 418 5652 .
440 5604 563 5676 μδ)
689 5605 988 5676 Βασίλειε.
1038 5605 1166 5676 Reg.
1205 5606 1273 5673 pb
1304 5604 1475 5669 addit,
1523 5601 1947 5673 οὐρανοφάντορ,
2118 5604 2230 5676 (55)
2258 5601 2791 5676 Λυσιτεαζέοζτατονε
2827 5597 3024 5676 0r._‘2,
3051 5597 3502 5672 λυσιτελέστερον.

415 5649 418 5652 .
451 5605 563 5671 (48)
594 5605 662 5655 Ὦ
689 5605 988 5658 Βασίλειε.
1038 5605 1166 5673 Reg.
1205 5606 1273 5673 pb
1304 5605 1475 5669 addit,
1523 5605 1924 5673 οὺρανοφάντορ

385 5687 402 5719 ι
433 5670 660 5748 Q_l_lasi_li
683 5674 941 5748 altissime
964 5675 1326 5748 resplegtdeus.
1351 5693 1371 5726 ι
1430 5743 1461 5748 _
1663 5742 1676 5748 _
1776 5741 1806 5748 ﬂ
1847 5741 1857 5748 _
1895 5739 1905 5748 _

1444 5614 1475 5669 ¹ν
1523 5605 1947 5673 οὐρανοφάντορν
2140 5605 2230 5676 55)
2258 5605 2791 5657 Λυσιτελέστατον.
2827 5605 2921 5651 Ur.
2961 5605 2983 5651 τέ

1444 5744 1461 5748 _
1663 5742 1676 5748 _
1776 5741 1806 5748 κ
1847 5741 1857 5748 _
1895 5739 1905 5748 _
2118 5605 2235 5748 (54)
2267 5673 2547 5730 Σεαυτοῦ.
2579 5672 2673 5726 0r.
2694 5671 2748 5736 2,
2772 5668 2983 5725 ἑαυτοῦ.

457 5741 566 5815 (49)
596 5739 1095 5817 Τετρηιχωμένουζε.
1120 5744 1207 5801 Sic
1229 5744 1407 5813 plures
1428 5743 1617 5813 Regg.,
1646 5742 1749 5797 duo
1769 5739 1953 5804 Coisl.,
