3898 6222
255 221 366 281 809

1181 222 1446 279 ORATIO
1485 221 1674 278 λων.
1715 253 1785 263 —
1817 219 1888 276 IN
1928 219 2620 279 NOVAMDOMINICAM.

3430 223 3536 280 6l0

252 345 354 406 ρον
388 325 810 413 (70)·λυόμενος,
857 337 954 390 καὶ
991 337 1290 408 τριήμερος
1341 340 1719 410 ἀνιστάμενος,
1759 337 1854 392 καὶ

1964 337 2104 391 omni
2167 337 2462 406 antiquior,
2509 345 2563 391 et
2622 334 2877 404 templum
2920 348 3110 390 recens
3149 333 3392 402 factum,
3433 354 3541 390 unu

253 422 442 494 μένων
480 427 561 488 εἰς
589 427 718 489 τοὺς
751 426 976 490 αἰῶνας,
1013 429 1080 482 ἵν’
1120 429 1232 498 ἐγὼ
1263 430 1444 494 σωθῶ,
1482 432 1577 485 καὶ
1612 431 1708 484 τοῦ
1745 447 1852 484 πα-

251 513 416 569 λαμιοῦ
451 516 745 589 πτώματος
796 520 1088 591 ἀνακληθῶ
1137 522 1273 592 (71),
1315 523 1408 577 καὶ
1441 525 1686 594 γένωμαι
1726 541 1853 576 και-

253 607 326 678 νὴ
385 610 580 674 κτίσις,
630 611 720 666 διὰ
764 615 864 683 τῆς
923 614 1183 686 τοιαύτης
1249 617 1662 686 φιλανθρωπίας
1719 616 1850 668 ἀνα-

254 699 650 772 πλαττόμενος.
708 703 988 777 Ἐπιζητεῖ
1030 706 1087 759 δὲ
1149 707 1178 759 ὁ
1231 707 1373 770 θεῖος
1414 707 1580 761 Δαὸὶδ
1629 707 1854 778 καρδέαν

254 791 516 864 καθαρὰν
559 796 619 846 ὲν
666 795 846 866 ἑαυτῷ
897 793 1248 867 κτιζομένην,
1290 799 1384 850 καὶ
1434 796 1650 868 πνεῦμα.
1698 795 1855 858 εὐΘὲς

253 883 374 945 τοῖς
397 883 648 950 ὲγκὰτοις
691 885 1166 957 ἐγκαινιζόμενονο
1199 889 1296 958 οὐχ
1329 889 1404 952 ὡς
1425 889 1524 942 οὐκ
1553 888 1714 959 ἔχων,
1749 887 1854 957 (τίς

253 973 396 1044 γὰρ,
433 977 480 1028 εξ
513 976 586 1048 μὴ
621 977 785 1030 Δαδὶδ
805 981 834 1032 ό
863 979 1188 1050 τοσοῦτος-ς)
1213 981 1326 1033 ἀλλ’
1351 982 1428 1045 ὡς
1476 982 1662 1034 καινὸν
1695 981 1856 1050 γινὼ-

257 1081 413 1119 σκων
439 1067 498 1120 τὸ
538 1068 632 1122 νῦν
663 1070 750 1124 ἀεὶ
785 1070 897 1141 (72)
925 1073 1373 1144 προστιθέμενον.
1419 1075 1529 1128 Καὶ
1569 1075 1618 1127 τί
1654 1076 1736 1129 δεῖ
1762 1093 1854 1146 μοι

253 1157 524 1214 πλειόνων
561 1161 902 1230 Ἐγκαινίων,
937 1164 1056 1217 ἐνὸν
1086 1165 1154 1217 τὰ
1183 1165 1426 1236 παρόντα
1452 1167 1737 1238 γνωρίσαι,
1761 1169 1856 1221 καὶ

252 1247 294 1302 ἃ
334 1249 577 1321 σήμερον
611 1253 1055 1325 πανηγυρίζομεν
1082 1256 1217 1325 (75),
1252 1259 1320 1327 τῇ
1365 1255 1473 1328 ζωῇ
1513 1257 1649 1328 μετὰ
1688 1257 1854 1312 θάνα-

252 1357 355 1394 τον
389 1343 821 1414 πλησιάσαντες;
867 1347 1170 1415 Ἐγκαὶνιοι,
1216 1347 1562 1420 Ἐγκαίνιαή
1607 1353 1855 1424 πανήγυ-

257 1449 352 1502 ρις
384 1433 519 1506 (74),
549 1435 789 1505 ἀδελφοί.
817 1437 1074 1507 Λεγέσθω
1097 1440 1206 1510 γὰρ
1230 1441 1490 1504 πολλάκις
1517 1442 1606 1510 ὑφ’
1637 1443 1852 1514 ἡδονῆς.

251 1523 371 1577 Καὶ
427 1525 550 1581 τίνα
591 1527 805 1592 ταῦτα;
843 1531 905 1582 Οἱ
963 1529 1062 1600 μὲν
1101 1531 1328 1596 ειδότες,
1372 1532 1654 1596 διδάξατεο
1710 1535 1759 1587 οἱ
1799 1534 1855 1587 δὲ

252 1616 606 1686 ἀγνοοῦντες,
632 1620 732 1692 τὴν
764 1622 936 1692 ἀκοὴν
965 1623 1362 1692 ἐγκαινίζεσοε.

329 1897 410 1951 Γτ.
451 1896 572 1960 Φῶς
599 1893 670 1970 ἦν
693 1899 807 1965 (τ5)
837 1900 1154 1970 ἀπρόσιτον,
1185 1903 1278 1956 καὶ
1307 1903 1604 1974 ἁδιάδοχον,
1641 1907 1670 1960 ό
1697 1905 1850 1973 Θεὸς,

251 1985 383 2039 οὔτε
406 1986 731 2057 ἀρξάμενον,
765 1987 890 2041 οὔτε
916 1989 1278 2060 παυσόμενον,
1309 1991 1431 2045 οὔτε
1461 1979 1848 2066 μετρούμενον,

252 2077 586 2148 ἀειλαμπὲς,
619 2079 946 2152 τριλαμπὲς,
981 2082 1184 2149 ὀλίγοις
1224 2084 1348 2137 ὅσον
1385 2085 1504 2137 ἐστὶ
1539 2084 1852 2158 θεωρούμε-

253 2184 371 2228 νον.
411 2165 563 2239 οἶμαι
615 2169 692 2234 δὲ,
737 2171 860 2224 οὐδὲ
891 2169 1114 2240 ὀλίγοις.
1149 2174 1260 2225 Καὶ
1293 2173 1448 2242 φῶτα
1485 2173 1733 2247 δεύτερα,
1761 2174 1851 2228 τοῦ

256 2259 480 2330 πρώτου
505 2260 686 2324 Φωτὸς
707 2261 1138 2332 ἁπανγόισματα,
1157 2263 1215 2314 αἱ
1239 2281 1304 2316 πε
1312 2265 1366 2335 pl.
1388 2264 1550 2316 αὑτὸν
1571 2265 1852 2334 δυνάμεις,

255 2353 357 2406 καὶ
381 2353 449 2408 τὰ
469 2353 820 2426 λειτουργικὰ
841 2357 1150 2426 πνεύματα.
1189 2355 1262 2408 Τὸ
1293 2355 1350 2408 δὲ
1375 2359 1504 2425 παρ’
1544 2358 1675 2428 ἡμῖν
1698 2359 1854 2410 τοῦτο

257 2445 400 2516 φῶς,
428 2446 527 2516 οὐχ
557 2445 785 2518 ὕστερον
819 2447 1024 2518 ἤρξατο
1072 2448 1253 2518 μόνον,
1296 2447 1434 2501 ἀλλὰ
1471 2449 1564 2501 καὶ
1592 2449 1745 2502 νυκτὶ¹
1767 2449 1854 2502 τέ-

259 2555 479 2610 μνεται,
531 2539 626 2591 καὶ
681 2539 868 2608 τέμνει
917 2538 1090 2592 νύκτα
1121 2538 1398 2610 ἰσομοιρίᾳ
1437 2537 1572 2609 (76),
1605 2539 1725 2608 ὄψει
1758 2557 1852 2592 πι-

257 2628 506 2692 στευθὲν,
540 2628 634 2681 καὶ
659 2628 782 2699 ἀέρι.
822 2627 986 2698 χυθὲν
1015 2628 1151 2698 (77),
1194 2629 1292 2682 καὶ
1323 2627 1601 2699 λαμϐάνον
1638 2627 1666 2680 ὃ
1697 2627 1854 2680 δίδω-

261 2735 367 2772 σιν.
411 2719 574 2790 Ὀρᾷν
605 2737 666 2773 τε
710 2719 818 2789 γὰρ
847 2719 966 2789 ὕψει
1004 2720 1258 2792 παρέχει,
1289 2720 1383 2774 καὶ
1413 2721 1632 2792 πρῶτον
1661 2721 1855 2791 ὁρᾶται

259 2811 416 2882 παρὰ
470 2811 584 2885 (Ἐ3)
635 2812 734 2882 τῆς
773 2813 969 2882 ὅψεως,
1017 2815 1112 2866 καὶ
1149 2815 1264 2877 τοῖς
1293 2815 1508 2885 ὁρατοῖς
1541 2815 1853 2886 περιρρέον,

259 2904 580 2975 παρρησίαν
635 2903 748 2975 (79)
801 2906 1108 2978 χαρίζεται.
1160 2905 1454 2978 Βουληθεὶς
1496 2905 1606 2978 γὰρ
1663 2909 1692 2960 ὁ
1725 2907 1856 2970 Θεὸς

1955 430 2260 498 eodemque
2287 431 2375 484 die
2401 429 2658 492 solutum,
2691 442 2752 483 ac
2777 427 2936 482 tertio
2963 437 3084 497 post
3107 429 3191 481 die
3218 427 3538 492 excitatum,

1955 527 2116 588 atque
2164 519 2215 572 iu
2271 519 2466 573 saecula
2523 533 2788 583 manens,
2839 527 2896 571 ut
2932 519 3045 586 ipse
3089 517 3317 572 salutem
3349 533 3542 574 conse-

1955 625 2095 678 quar
2115 651 2130 675 ,
2157 622 2318 679 atque
2349 627 2378 664 a
2410 610 2576 665 veteri
2628 609 2778 679 lapsu
2823 625 3082 675 revocer,
3122 625 3186 664 ac
3217 626 3314 680 per
3351 611 3540 680 hujus-

1957 703 2100 756 modi
2153 702 2473 756 beneficium
2521 702 2894 767 instauratus,
2949 717 3088 756 nova
3148 712 3397 756 creatura
3429 699 3544 756 elli-

1955 793 2088 848 ciar.
2125 792 2263 861 Quin
2288 795 2501 847 divinus
2522 808 2738 862 quoque
2763 793 2928 848 David
2969 808 3064 848 cor
3105 795 3364 848 mundum
3399 793 3452 848 in
3482 809 3543 848 se

1957 887 2172 948 creari,
2214 902 2277 940 ac
2326 887 2575 952 spiritum
2617 896 2823 940 rectum
2859 886 2910 938 in
2963 885 3261 940 visceribus
3291 886 3538 940 innovari

1957 978 2191 1046 postulat
2214 978 2282 1045 ’°,
2320 995 2423 1031 non
2459 979 2598 1045 quod
2627 993 2731 1030 non
2772 977 2972 1031 habeat
3023 977 3169 1047 (quis
3200 979 3342 1030 enim
3379 978 3544 1031 habe-

1959 1084 2017 1122 re
2053 1071 2255 1138 possit,
2302 1071 2346 1124 si
2383 1078 2567 1122 tantus
2599 1069 2684 1122 vir
2720 1084 2785 1122 eo
2808 1069 3100 1140 careat?);
3137 1069 3230 1124 sed
3273 1071 3416 1138 quod
3446 1084 3544 1137 pro

1957 1178 2098 1216 novo
2139 1163 2188 1215 id
2221 1163 2418 1224 ducat,
2465 1163 2610 1230 quod
2655 1176 2798 1215 nunc
2843 1161 3086 1230 quotidie
3115 1163 3400 1217 accrescit.
3435 1161 3542 1216 Sed

1957 1255 2086 1321 quid
2127 1254 2254 1306 mihi
2297 1252 2448 1322 plura
2479 1252 2730 1306 Eucatnia
2766 1251 3023 1322 colligere
3045 1267 3266 1334 necesse
3285 1263 3388 1317 est,
3417 1267 3542 1307 eum

1958 1344 2247 1414 praesentia
2275 1343 2556 1398 declarare
2586 1353 2892 1412 promptum
2921 1343 3012 1407 sit,
3055 1357 3252 1412 eaque,
3289 1358 3408 1413 qua:
3442 1343 3542 1397 bo-

1957 1435 2146 1487 dierno
2173 1433 2279 1499 die,
2303 1435 2427 1487 vitae
2454 1443 2574 1502 post
2604 1443 2832 1488 mortem
2862 1431 3124 1500 adiuncti,
3159 1433 3497 1487 celebramus
3521 1431 3546 1484 ἰ)

1956 1527 2233 1591 Eucaenia,
2261 1528 2536 1590 Encasnia,
2568 1529 2672 1584 hoc
2701 1529 2900 1583 festum
2937 1539 3040 1590 est,
3091 1528 3306 1582 fratres.
3341 1525 3543 1582 ldenti~

1959 1619 2080 1673 dem
2110 1621 2256 1672 enim
2295 1622 2396 1674 hoc
2427 1620 2654 1674 verbum
2701 1635 2812 1689 pra:
2843 1619 3117 1688 voluptate
3153 1629 3447 1686 repetatur.
3480 1619 3547 1673 Et

1881 1680 1930 1742 Β
1959 1729 2206 1784 quaenam
2234 1713 2366 1766 illa?
2395 1713 2499 1780 Qui
2537 1712 2691 1767 scitis
2713 1751 2728 1776 ,
2770 1713 2992 1776 docete;
3036 1713 3126 1781 qui
3162 1711 3542 1778 nescitis,-au-

1955 1805 2484 1881 ribusoinrmvemini.

2025 1896 2109 1950 Ill.
2141 1897 2345 1950 Lumen
2371 1905 2486 1950 erat
2518 1894 2895 1950 iuaccessibile
2919 1935 2935 1960 ,
2969 1909 3034 1949 ac
3075 1894 3404 1950 successioni
3443 1895 3544 1949 mi-

1956 1990 2102 2044 nime
2129 1987 2448 2054 Obnoxium,
2483 1987 2647 2054 Deus,
2686 2003 2786 2042 nec
2827 1987 3156 2057 principium
3187 1987 3416 2052 habens,
3444 2001 3544 2041 nec

1957 2081 2116 2135 tinent
2154 2082 2490 2142 habiturum,
2533 2095 2634 2135 nec
2665 2081 2718 2134 in
2749 2079 3144 2136 dimensionem
3172 2080 3396 2143 cadens,
3425 2094 3544 2149 per-

1955 2187 2118 2246 petuo
2151 2176 2362 2246 fulgore
2394 2175 2651 2243 rutilans,
2692 2176 2836 2230 trino
2867 2176 3158 2246 splendore
3199 2177 3428 2240 micans,
3463 2185 3546 2229 at-

1956 2281 2062 2337 que
2104 2267 2410 2338 ejusmodi,
2477 2277 2537 2322 ut
2587 2267 2816 2336 paucis,
2859 2267 2966 2322 itno
2999 2285 3066 2322 ne
3099 2269 3284 2336 paucis
3305 2269 3544 2339 quidem,

1957 2359 2238 2428 perspicua
2294 2357 2366 2413 sit
2415 2358 2590 2425 ipsius
2648 2358 2988 2428 magnitudo.
3055 2358 3306 2412 Secunda
3364 2369 3543 2414 autem

1955 2451 2156 2505 lumina
2185 2490 2200 2514 ,
2257 2450 2526 2519 primique
2580 2449 2828 2503 Luminis
2868 2449 3040 2514 radii,
3105 2449 3332 2505 virtutes
3372 2451 3544 2520 ipsum

1957 2545 2400 2604 circumstantes,
2427 2553 2592 2610 atque
2612 2541 2918 2594 administri
2945 2542 3190 2608 spiritus.
3211 2543 3278 2596 At
3301 2553 3543 2598 nostrum

1957 2634 2136 2688 lumen
2161 2674 2175 2696 ,
2209 2647 2312 2687 non
2363 2633 2524 2686 modo
2555 2633 2735 2686 serius
2775 2645 2952 2685 ortum
2995 2633 3214 2697 habuit,
3255 2634 3347 2688 sed
3379 2635 3543 2689 etiam

1931 2735 2114 2804 .noctc
2143 2727 2428 2789 scinditur,
2460 2734 2782 2793 noctemque
2812 2725 3046 2778 vicissim
3084 2726 3257 2794 a-qnis
3303 2726 3547 2796 partibus

1957 2827 2127 2882 secat,
2153 2815 2322 2869 oculis
2351 2816 2725 2870 concreditum
2753 2854 2768 2875 ,
2810 2830 2872 2869 ac
2909 2829 3002 2882 per
3029 2831 3206 2869 aerem
3238 2817 3438 2884 fusum,
3459 2827 3548 2870 at-

1959 2925 2065 2979 que
2107 2909 2182 2976 id,
2233 2910 2376 2977 quod
2413 2909 2546 2972 dat,
2586 2909 2878 2977 accipiens.
2915 2906 3054 2960 Nam
3093 2909 3264 2964 oculis
3319 2909 3544 2964 liberam

257 2995 415 3049 τόνδε
446 2995 538 3048 τὸν
567 2997 771 3066 κόσμον
799 2996 1190 3067 συστήσασθαι,
1219 2996 1312 3050 τὸν
1342 2996 1403 3061 ἐξ
1429 2997 1640 3066 ὁρατῶν
1670 3014 1730 3050 τε
1759 2997 1854 3050 καὶ

1964 3001 2217 3057 cernendi
2271 3000 2584 3054 facultatem
2636 3000 2874 3069 prarbet,
2917 3011 2973 3055 et
3017 3001 3247 3070 primum
3275 3001 3342 3054 ab
3376 3000 3547 3056 oculis

259 3087 511 3158 ἀοράτων
533 3087 921 3158 συνεστηκότα,
943 3087 1034 3140 τὸν
1068 3086 1244 3158 μέγαν
1278 3088 1373 3141 καὶ
1407 3087 1723 3158 θαυμαστὸν
1751 3089 1855 3158 τῆς

264 3177 685 3252 μεγαλειότητος
723 3178 890 3232 αὐτοῦ
937 3178 1049 3248 (80)
1091 3179 1332 3250 κήρυκα,
1375 3181 1490 3242 τοῖς
1524 3179 1622 3250 μὲν
1655 3178 1857 3242 ἀϊδίοις

261 3271 428 3335 αὑτός
459 3273 578 3324 ἐστι
609 3270 750 3340 φῶς,
781 3273 877 3325 καὶ
903 3273 1003 3324 οὐκ
1037 3271 1166 3324 ἄλλο
1191 3271 1326 3343 (81)·
1361 3270 1433 3345 (τί
1458 3271 1570 3344 γὰρ
1603 3271 1708 3325 ἔδει
1747 3289 1860 3342 φω-

259 3360 356 3426 τὸς
395 3361 646 3434 δευτέρου
673 3365 786 3426 τοῖς
817 3363 878 3414 τὸ
912 3363 1166 3434 μέγιστον
1195 3363 1378 3435 ἔχουσι
1397 3363 1436 3433 ;)
1482 3365 1596 3428 τοῖς
1624 3363 1776 3417 κάτω
1801 3363 1859 3417 δὲ

261 3453 362 3508 καὶ
419 3453 546 3524 περὶ
598 3454 747 3524 ἡμᾶς
797 3451 1020 3526 πρώτην
1073 3453 1345 3525 ἐκλάμπει
1386 3453 1486 3525 τὴν
1533 3453 1624 3507 τοῦ
1681 3453 1860 3523 φωτὸς

261 3545 455 3602 τούτου
493 3547 743 3618 δύναμιν.
789 3549 898 3601 Καὶ
928 3547 1037 3620 γὰρ
1067 3548 1277 3619 ἔπρεπε
1325 3547 1403 3618 τῷ
1441 3548 1664 3620 μεγάλῳ
1718 3549 1858 3619 φωτὶ

262 3643 366 3712 τῆς
419 3639 784 3713 δημιουργίας
845 3643 910 3694 ἐκ
963 3641 1143 3712 φωτὸς
1203 3639 1495 3713 ἄρξασθαι,
1627 3639 1742 3695 λύει
1797 3641 1900 3696 τὸ.

265 3733 481 3799 σκότος,
519 3732 617 3788 καὶ
657 3733 758 3806 τὴν
797 3732 1102 3804 ἐπέχουσαν
1125 3733 1262 3798 τέως
1295 3733 1566 3806 ἀκοσμίαν
1603 3735 1698 3788 καὶ
1725 3735 1855 3788 ἀτα-

265 3823 405 3890 ξίαν.

1957 3093 2218 3158 cernitur,
2247 3094 2517 3163 rebusque
2551 3093 2636 3154 iis,
2669 3109 2786 3162 quae
2817 3097 2917 3149 sttb
2963 3105 3238 3164 aspectum
3267 3095 3434 3166 837
3453 3109 3548 3150 ca-

1957 3183 2111 3248 dunt,
2143 3183 2556 3248 circumfusum,
2600 3184 2852 3237 fiduciam
2879 3185 3051 3240 affert.
3085 3183 3220 3239 Nam
3255 3201 3378 3240 cum
3407 3186 3548 3240 Deus

1958 3272 2102 3328 hunc
2125 3289 2190 3328 ex
2222 3273 2528 3328 visibilibus
2559 3284 2614 3328 et
2639 3275 3004 3331 invisibilibus
3027 3279 3188 3331 rebus
3205 3283 3545 3331 constantem

1958 3367 2252 3430 mundum,
2282 3367 2427 3421 hunc
2452 3405 2468 3432 ,
2503 3367 2724 3436 inquam
2751 3408 2765 3431 ,
2800 3383 3058 3438 magnum
3096 3378 3150 3424 et
3173 3368 3545 3424 admirabilem

1959 3448 2258 3525 maiestatis
2305 3473 2417 3514 suae
2466 3473 2772 3528 praeconem
2799 3499 2814 3526 ,
2861 3460 3068 3529 tingere
3114 3475 3177 3514 ac
3223 3470 3547 3514 construere

1956 3547 2242 3612 voluisset,
2272 3547 2494 3602 aeternis
2519 3549 2740 3611 quidem
2769 3549 2974 3604 nullum
3002 3549 3145 3604 aliud
3177 3549 3356 3604 lumen
3383 3564 3548 3619 (piam

1956 3641 2194 3708 seipsum
2237 3639 2487 3710 praebuit.
2527 3637 2668 3707 Quid
2707 3640 2850 3693 enim
2895 3641 3138 3696 secundo
3175 3639 3382 3696 lumine
3412 3654 3550 3712 opus

1957 3733 2024 3788 iis
2053 3743 2216 3798 erat,
2254 3731 2346 3802 qui
2385 3733 2682 3786 maximum
2722 3731 3039 3788 habebant?
3076 3733 3424 3789 lnferioribus
3448 3748 3548 3788 an-

1960 3833 2065 3878 tem
2097 3833 2261 3893 atque
2291 3824 2544 3888 humanis
2577 3825 2808 3894 primam
2840 3826 3002 3894 hujus
3030 3825 3252 3882 luminis
3281 3825 3388 3878 vim
3423 3841 3550 3895 pro-
3579 3843 3592 3849 ’

267 3921 412 3975 tulit.
440 3921 812 3978 Conveniebat
845 3923 1044 3993 quippe
1081 3939 1280 3996 magno
1303 3921 1544 3988 Lumini,
1570 3923 1847 3993 opificium
1887 3938 2044 3979 suum
2069 3937 2100 3976 a
2136 3921 2337 3976 lumine
2399 3922 2714 3990 auspicari,
2745 3935 2856 3992 quo
2908 3919 3196 3986 tenebras,
3234 3930 3551 3990 vastamque

266 4015 414 4070 illam
448 4029 629 4068 rerum
661 4017 970 4085 congeriem
997 4023 1053 4069 et
1087 4014 1463 4070 confusionem
1487 4015 1670 4070 omnia
1695 4026 2048 4086 occupantem
2071 4055 2087 4080 ,
2127 4012 2289 4067 solvit
2317 4027 2382 4067 ac
2407 4013 2642 4082 depellit.

340 4114 416 4163 A’.
453 4109 556 4163 Καὶ
584 4109 742 4165 τοῦτο
771 4110 872 4164 οὐκ
896 4110 1188 4183 ὀργανικὸν
1227 4111 1322 4164 ἀπ’
1349 4110 1524 4183 ἀρχῆς
1546 4110 1855 4178 ἀναδείξας,

2034 4107 2122 4162 IV.
2149 4105 2264 4163 Nec
2288 4123 2420 4163 vero
2447 4108 2501 4163 id
2540 4107 2861 4178 organicum
2893 4123 2922 4162 a
2947 4106 3244 4178 principio,
3283 4123 3404 4172 nec,
3432 4121 3552 4165 mea

265 4201 388 4256 οὐδὲ
443 4201 688 4271 ἡλιακὸν,
718 4202 794 4267 ὡς
821 4204 850 4256 ό
885 4203 1016 4274 ἐμὸς
1054 4203 1231 4270 λόγος,
1269 4200 1382 4256 ἀλλ’
1417 4199 1731 4272 ἀσώματον,
1767 4203 1862 4256 καὶ

265 4293 491 4364 ἀνήλιον
524 4293 654 4363 (82)·
681 4293 872 4348 ἔπειτα
892 4294 950 4348 δὲ
972 4295 1066 4347 καὶ
1095 4293 1231 4366 ἡλίῳ
1263 4291 1437 4355 δοθὲν,
1463 4291 1862 4361 καταφωτὶξειν

267 4384 455 4438 πᾶσαν
487 4383 587 4454 τὴν
613 4383 962 4455 οἰκουμένην.
1011 4381 1226 4454 Ἐπειδὴ
1260 4382 1370 4453 γὰρ
1401 4382 1515 4445 τοῖς
1554 4379 1732 4445 ἄλλοις
1762 4381 1862 4451 τὴν

269 4477 408 4547 ὓλην
459 4477 905 4549 προῦποστήσας,
965 4475 1302 4548 εἰδοποίησεν
1353 4473 1602 4544 ὕστερον.
1647 4475 1864 4544 ἑκάστῳ

266 4568 448 4636 τάξιν,
485 4569 580 4622 καὶ
612 4569 818 4640 σχῆμα,
845 4569 938 4622 καὶ
975 4567 1208 4640 μέγεοος
1228 4565 1493 4638 περιθεὶς,
1533 4564 1623 4618 ἵνα
1653 4564 1868 4637 θαυμα-

267 4663 554 4736 τουργήσῃ
586 4679 641 4716 τι
669 4659 874 4734 μεῖζον,
907 4658 1141 4714 ἐνταῦθα
1168 4659 1230 4714 τὸ
1257 4655 1398 4724 εἶδος
1434 4659 1532 4729 τῆς
1567 4655 1701 4730 ὕλης
1735 4675 1868 4730 προ-

343 4782 393 4816 ⁸⁸
434 4781 572 4837 Psal.
615 4797 668 4847 ι,
709 4781 800 4836 12.

349 4895 463 4968 (τοι
506 4894 560 4948 Ὁ
583 4891 1200 4968 ψθῃμερόνκΑΙΙιιςΙίι
1247 4891 1313 4945 ad
1352 4892 1468 4968 base
1502 4895 1661 4968 verba
1699 4893 1860 4968 Joan.

273 4963 492 5032 tt,'i9:
533 4984 552 5016 ι
577 4965 784 5019 Solvite
815 4963 1072 5034 templum
1125 4964 1247 5025 hoc,
1278 4973 1332 5016 et
1369 4963 1423 5018 in
1456 4965 1628 5020 tribus
1677 4967 1868 5021 diebus

272 5037 529 5094 excitabo
554 5035 701 5090 illud.
722 5053 742 5086 ι

349 5106 464 5178 (71)
501 5102 857 5174 Ἀνακληθῶ.
884 5103 939 5160 In
958 5103 1300 5174 quibusdam,
1324 5103 1714 5170 ἅνακαινισθῶ,
1739 5123 1759 5157 ι
1786 5106 1872 5160 in-

279 5190 468 5234 πονοι.
499 5195 519 5228 ι

353 5247 468 5314 (72)
505 5246 644 5302 Ἀεί.
699 5245 860 5303 Deest
924 5243 978 5299 in
1028 5245 1267 5316 quinque
1319 5243 1530 5314 Regg.,
1585 5245 1870 5302 duodecim

277 5320 458 5381 Colb.,
485 5316 638 5371 Pass.
649 5356 666 5376 ς
695 5328 800 5372 etc.

353 5387 468 5462 (73)
526 5383 1028 5462 Πανηιῗζϊρίζομεν.
1084 5385 1179 5462 _Sic
1223 5383 1550 5462 Regg._lnn_,
1603 5386 1712 5462 [ιιιεΔ
1759 5401 1866 5442 etc.

279 5455 387 5589 alii
407 5501 424 5521 ,
450 5455 921 5532 ’πανηγυρίζωμεν
940 5497 956 5524 ,
987 5457 1150 5512 male.
1179 5482 1250 5496 —-
1277 5455 1467 5513 Cilmb.
1515 5455 1866 5528 ἑορτάζομεν.

318 5543 444 5586 'nt'r.

318 5543 444 5586 iDl'l'.

327 5599 471 5673 “(74)
509 5599 583 5654 'H
613 5599 970 5673 munire:th
1002 5598 1157 5673 Unus
1186 5596 1362 5666 Colb.,
1389 5599 1422 5670 ἡ
1457 5595 1706 5670 παροῦσα
1733 5612 1872 5654 παν-

281 5669 506 5746 ήγυρις,
539 5687 561 5724 ι
584 5669 823 5742 praesens
852 5669 1136 5726 festivitas.
1171 5688 1191 5722 ι

1957 4201 2178 4274 quidem
2210 4201 2481 4257 sententia
2502 4240 2518 4268 ,
2559 4201 2740 4257 solare
2772 4201 3032 4272 protulit,
3065 4216 3248 4255 verum
3295 4202 3554 4270 incorpo-

1960 4312 2113 4352 reum
2135 4336 2150 4360 ,
2187 4311 2286 4352 nec
2309 4290 2488 4350 a'sole
2513 4297 2878 4364 productum;
2909 4295 3004 4348 sed
3053 4303 3242 4363 postea
3271 4295 3338 4348 ad
3365 4293 3550 4350 orbem

1959 4396 2229 4442 terrarum
2265 4384 2646 4439 illustrandum
2689 4383 2788 4438 soli
2824 4385 3082 4438 traditum
3122 4393 3225 4439 est.
3256 4381 3392 4438 Nam
3427 4399 3553 4440 cum

1962 4479 2015 4535 in
2047 4479 2170 4534 aliis
2197 4479 2360 4533 rebus
2396 4477 2538 4534 hanc
2575 4479 2841 4532 rationem
2869 4479 3158 4544 tenuisset,
3189 4485 3246 4532 ut
3270 4477 3556 4533 materiam

1963 4573 2114 4642 prius
2159 4573 2454 4637 conderet,
2489 4585 2554 4626 ac
2593 4571 2791 4626 deinde
2821 4583 2942 4625 eam
2986 4569 3160 4624 forma
3201 4569 3555 4635 eonvestirer,

1964 4664 2156 4719 ordine
2201 4663 2491 4731 videlicet,
2541 4661 2716 4734 ﬁgura
2763 4677 2828 4718 ac
2864 4661 3236 4733 magnitudine
3267 4661 3560 4730 unicuique

2036 4890 2150 4959 (75)
2200 4889 2332 4957 Φῶς
2384 4888 2488 4960 ἦν.
2537 4887 2776 4958 Nicetas,
2820 4904 2984 4960 quem
3049 4886 3297 4958 sequitur
3345 4885 3559 4956 Billius,

1967 4961 2084 5033 φῶς
2112 4961 2190 5033 ἒν,
2227 4981 2246 5012 ι
2271 4962 2448 5014 lumen
2463 4977 2658 5033 unum.
2691 4980 2710 5014 ι

2040 5032 2152 5098 (76)
2194 5032 2530 5101 Ἰσομοιρίᾳ.
2559 5031 2692 5100 Reg.
2727 5032 2818 5098 ph.
2841 5031 2901 5084 ὲν
2925 5027 3220 5101 ἰσομοιρίᾳξ

2040 5096 2156 5226 gl?)
2181 5096 2421 5158 Χυθέν.’
2456 5096 2702 5169 Quatuor
2731 5096 2926 5172 Regg.,
2989 5096 3394 5164 Passa—Sevi!"
3423 5105 3556 5166 etc.,

2075 5189 2152 5226 εν.

2007 5189 2152 5226 ευεν.

1971 5193 2152 5247 χευεν.

2045 5242 2158 5312 (78)
2181 5241 2366 5312 Παρά.
2407 5239 2504 5298 Or.
2536 5243 2589 5306 Ι,
2618 5238 2726 5296 διά.

2041 5310 2578 5386 (79)-Πὰῤῥιησιαν.
2648 5313 2860 5370 Nicetas
2909 5310 3162 5380 exnonit,
3227 5311 3562 5383 φανέρωσιν,

1975 5403 1995 5438 ι
2019 5383 2532 5440 manifestationeut.
2555 5402 2575 5436 ι

2041 5453 2157 5522 (80)
2180 5453 2401 5512 Αὑτοῦ.
2432 5458 2543 5510 Duo
2579 5453 2758 5516 Colb..
2785 5453 3000 5518 Comb.,
3025 5463 3156 5512 etc..
3189 5451 3408 5508 ἑαυτοῦ.

1973 5525 2162 5652 ἇλέδι)
2185 5525 2403 5594 Ἄλλο.
2432 5523 2570 5581 Tres
2595 5525 2790 5595 Regg.,
2817 5533 3052 5594 quatuor
3073 5523 3228 5578 Colb.
3261 5535 3316 5578 et
3347 5522 3561 5589 Comb,

2071 5612 2151 5652 ος.

2071 5612 2151 5648 ος.

2051 5612 2166 5741 ἓὲἓ)
2189 5667 2298 5722 Καὶ
2325 5665 2598 5735 ἀνήλιον.
2634 5665 2756 5720 Bill.
2793 5685 2811 5719 ι
2848 5675 2900 5722 et
2931 5664 3061 5721 solis
3087 5679 3299 5734 expers.
3333 5682 3352 5716 ι
