  <div class='ocr_page' id='page_1' title='image "/cluster/home/n/w/nwhite01/storage/ocr_20150623/36/nnc1.0022377409/339.png"; bbox 0 0 3898 6222; ppageno 0'>
   <div class='ocr_carea' id='block_1_1' title="bbox 382 228 485 288">
    <p class='ocr_par' dir='ltr' id='par_1_1' title="bbox 382 228 485 288">
     <span class='ocr_line' id='line_1_1' title="bbox 382 228 485 288; baseline -0.029 0"><span class='ocrx_word' id='word_1_1' title='bbox 382 228 485 288; x_wconf 79' lang='lat' dir='ltr'><strong>6H</strong></span> 
     </span>
    </p>
   </div>
   <div class='ocr_carea' id='block_1_2' title="bbox 1594 230 2419 289">
    <p class='ocr_par' dir='ltr' id='par_1_2' title="bbox 1594 230 2419 289">
     <span class='ocr_line' id='line_1_2' title="bbox 1594 230 2419 289; baseline 0.002 -3"><span class='ocrx_word' id='word_1_2' title='bbox 1594 232 1653 287; x_wconf 91' lang='lat' dir='ltr'><strong>S.</strong></span> <span class='ocrx_word' id='word_1_3' title='bbox 1694 230 1977 287; x_wconf 80' lang='lat' dir='ltr'><strong>GREGOR</strong></span> <span class='ocrx_word' id='word_1_4' title='bbox 1990 233 2034 289; x_wconf 87' lang='lat' dir='ltr'><strong>ll</strong></span> <span class='ocrx_word' id='word_1_5' title='bbox 2072 232 2419 289; x_wconf 79' lang='lat' dir='ltr'><strong>THEOLOGI</strong></span> 
     </span>
    </p>
   </div>
   <div class='ocr_carea' id='block_1_3' title="bbox 3533 233 3665 289">
    <p class='ocr_par' dir='ltr' id='par_1_3' title="bbox 3533 233 3665 289">
     <span class='ocr_line' id='line_1_3' title="bbox 3533 233 3665 289; baseline 0.008 -1"><span class='ocrx_word' id='word_1_6' title='bbox 3533 233 3665 289; x_wconf 65' lang='lat'><strong>6!?</strong></span> 
     </span>
    </p>
   </div>
   <div class='ocr_carea' id='block_1_4' title="bbox 380 344 1958 420">
    <p class='ocr_par' dir='ltr' id='par_1_4' title="bbox 380 346 1952 417">
     <span class='ocr_line' id='line_1_4' title="bbox 380 346 1952 417; baseline -0.001 -14"><span class='ocrx_word' id='word_1_7' title='bbox 380 350 458 409; x_wconf 80' lang='lat' dir='ltr'><strong>rei</strong></span> <span class='ocrx_word' id='word_1_8' title='bbox 507 346 805 417; x_wconf 81' lang='lat' dir='ltr'><strong>impositis,</strong></span> <span class='ocrx_word' id='word_1_9' title='bbox 838 346 958 414; x_wconf 85' lang='lat' dir='ltr'><strong>hic,</strong></span> <span class='ocrx_word' id='word_1_10' title='bbox 1014 355 1074 402; x_wconf 88' lang='lat' dir='ltr'><strong>ut</strong></span> <span class='ocrx_word' id='word_1_11' title='bbox 1114 346 1335 415; x_wconf 86' lang='lat' dir='ltr'><strong>majoris</strong></span> <span class='ocrx_word' id='word_1_12' title='bbox 1371 347 1650 417; x_wconf 85' lang='lat' dir='ltr'><strong>cujusdam</strong></span> <span class='ocrx_word' id='word_1_13' title='bbox 1709 350 1952 403; x_wconf 86' lang='lat' dir='ltr'><strong>miraculi</strong></span> 
     </span>
    </p>
   </div>
   <div class='ocr_carea' id='block_1_5' title="bbox 2062 344 3657 420">
    <p class='ocr_par' dir='ltr' id='par_1_5' title="bbox 2062 344 3657 420">
     <span class='ocr_line' id='line_1_5' title="bbox 2062 344 3657 420; baseline 0 -18"><span class='ocrx_word' id='word_1_14' title='bbox 2062 351 2402 420; x_wconf 72' lang='grc' dir='ltr'><strong>’ὑπεστήσατο</strong></span> <span class='ocrx_word' id='word_1_15' title='bbox 2433 344 2593 420; x_wconf 73' lang='grc' dir='ltr'>(εἶδος</span> <span class='ocrx_word' id='word_1_16' title='bbox 2624 348 2732 419; x_wconf 78' lang='grc' dir='ltr'>γὰρ</span> <span class='ocrx_word' id='word_1_17' title='bbox 2761 347 2909 419; x_wconf 82' lang='grc' dir='ltr'>ἡλίου</span> <span class='ocrx_word' id='word_1_18' title='bbox 2941 348 3002 401; x_wconf 86' lang='grc' dir='ltr'><strong>τὸ</strong></span> <span class='ocrx_word' id='word_1_19' title='bbox 3027 347 3163 418; x_wconf 80' lang='grc' dir='ltr'>φῶς)</span> <span class='ocrx_word' id='word_1_20' title='bbox 3189 365 3201 378; x_wconf 77' lang='grc' dir='ltr'><strong>ο</strong></span> <span class='ocrx_word' id='word_1_21' title='bbox 3247 347 3384 418; x_wconf 77' lang='grc' dir='ltr'>μετὰ</span> <span class='ocrx_word' id='word_1_22' title='bbox 3423 347 3481 400; x_wconf 88' lang='grc' dir='ltr'><strong>δε</strong></span> <span class='ocrx_word' id='word_1_23' title='bbox 3513 348 3657 403; x_wconf 78' lang='grc' dir='ltr'>τοῦ·</span> 
     </span>
    </p>
   </div>
   <div class='ocr_carea' id='block_1_6' title="bbox 378 438 1961 510">
    <p class='ocr_par' dir='ltr' id='par_1_6' title="bbox 378 438 1961 510">
     <span class='ocr_line' id='line_1_6' title="bbox 378 438 1961 510; baseline 0 -16"><span class='ocrx_word' id='word_1_24' title='bbox 378 440 653 510; x_wconf 77' lang='lat' dir='ltr'><strong>specimen</strong></span> <span class='ocrx_word' id='word_1_25' title='bbox 683 439 906 504; x_wconf 92' lang='lat' dir='ltr'><strong>ederet,</strong></span> <span class='ocrx_word' id='word_1_26' title='bbox 945 438 1174 493; x_wconf 81' lang='lat' dir='ltr'><strong>formam</strong></span> <span class='ocrx_word' id='word_1_27' title='bbox 1203 441 1426 494; x_wconf 87' lang='lat' dir='ltr'><strong>materia</strong></span> <span class='ocrx_word' id='word_1_28' title='bbox 1469 441 1705 510; x_wconf 84' lang='lat' dir='ltr'><strong>priorem</strong></span> <span class='ocrx_word' id='word_1_29' title='bbox 1735 442 1961 509; x_wconf 92' lang='lat' dir='ltr'><strong>protulit</strong></span> 
     </span>
    </p>
   </div>
   <div class='ocr_carea' id='block_1_7' title="bbox 379 530 1958 605">
    <p class='ocr_par' dir='ltr' id='par_1_7' title="bbox 379 530 1958 605">
     <span class='ocr_line' id='line_1_7' title="bbox 379 530 1958 605; baseline 0.002 -22"><span class='ocrx_word' id='word_1_30' title='bbox 379 532 575 605; x_wconf 83' lang='lat' dir='ltr'><strong>(forma</strong></span> <span class='ocrx_word' id='word_1_31' title='bbox 601 531 744 585; x_wconf 89' lang='lat' dir='ltr'><strong>enim</strong></span> <span class='ocrx_word' id='word_1_32' title='bbox 776 531 905 585; x_wconf 90' lang='lat' dir='ltr'><strong>solis</strong></span> <span class='ocrx_word' id='word_1_33' title='bbox 925 572 941 597; x_wconf 93' lang='lat'><strong>,</strong></span> <span class='ocrx_word' id='word_1_34' title='bbox 972 530 1149 587; x_wconf 86' lang='lat' dir='ltr'><strong>lumen</strong></span> <span class='ocrx_word' id='word_1_35' title='bbox 1175 533 1318 599; x_wconf 89' lang='lat' dir='ltr'><strong>est);</strong></span> <span class='ocrx_word' id='word_1_36' title='bbox 1369 545 1432 586; x_wconf 89' lang='lat' dir='ltr'><strong>ac</strong></span> <span class='ocrx_word' id='word_1_37' title='bbox 1463 540 1645 600; x_wconf 87' lang='lat' dir='ltr'><strong>postea</strong></span> <span class='ocrx_word' id='word_1_38' title='bbox 1678 532 1958 586; x_wconf 88' lang='lat' dir='ltr'><strong>materiam</strong></span> 
     </span>
    </p>
   </div>
   <div class='ocr_carea' id='block_1_8' title="bbox 382 620 1960 687">
    <p class='ocr_par' dir='ltr' id='par_1_8' title="bbox 382 620 1960 687">
     <span class='ocr_line' id='line_1_8' title="bbox 382 620 1960 687; baseline 0.003 -15"><span class='ocrx_word' id='word_1_39' title='bbox 382 620 621 684; x_wconf 76' lang='lat' dir='ltr'><strong>induxit,</strong></span> <span class='ocrx_word' id='word_1_40' title='bbox 654 621 823 675; x_wconf 89' lang='lat' dir='ltr'><strong>solem</strong></span> <span class='ocrx_word' id='word_1_41' title='bbox 872 622 1017 675; x_wconf 89' lang='lat' dir='ltr'><strong>hunc</strong></span> <span class='ocrx_word' id='word_1_42' title='bbox 1069 621 1349 685; x_wconf 89' lang='lat' dir='ltr'><strong>nimirum,</strong></span> <span class='ocrx_word' id='word_1_43' title='bbox 1382 621 1487 676; x_wconf 92' lang='lat' dir='ltr'><strong>diei</strong></span> <span class='ocrx_word' id='word_1_44' title='bbox 1511 621 1760 687; x_wconf 84' lang='lat' dir='ltr'><strong>oculum,</strong></span> <span class='ocrx_word' id='word_1_45' title='bbox 1793 622 1960 677; x_wconf 76' lang='lat' dir='ltr'><strong>labri-</strong></span> 
     </span>
    </p>
   </div>
   <div class='ocr_carea' id='block_1_9' title="bbox 380 711 1963 783">
    <p class='ocr_par' dir='ltr' id='par_1_9' title="bbox 380 711 1963 783">
     <span class='ocr_line' id='line_1_9' title="bbox 380 711 1963 783; baseline 0.001 -16"><span class='ocrx_word' id='word_1_46' title='bbox 380 722 555 768; x_wconf 87' lang='lat' dir='ltr'><strong>catus.</strong></span> <span class='ocrx_word' id='word_1_47' title='bbox 585 711 660 766; x_wconf 90' lang='lat' dir='ltr'><strong>lta</strong></span> <span class='ocrx_word' id='word_1_48' title='bbox 691 724 975 783; x_wconf 88' lang='lat' dir='ltr'><strong>procreato</strong></span> <span class='ocrx_word' id='word_1_49' title='bbox 998 713 1200 769; x_wconf 89' lang='lat' dir='ltr'><strong>lumine</strong></span> <span class='ocrx_word' id='word_1_50' title='bbox 1227 755 1241 780; x_wconf 91' lang='lat'><strong>,</strong></span> <span class='ocrx_word' id='word_1_51' title='bbox 1274 714 1506 783; x_wconf 88' lang='lat' dir='ltr'><strong>primum</strong></span> <span class='ocrx_word' id='word_1_52' title='bbox 1534 715 1788 783; x_wconf 81' lang='lat' dir='ltr'><strong>quiddam</strong></span> <span class='ocrx_word' id='word_1_53' title='bbox 1821 716 1963 770; x_wconf 89' lang='lat' dir='ltr'><strong>inter</strong></span> 
     </span>
    </p>
   </div>
   <div class='ocr_carea' id='block_1_10' title="bbox 381 805 1962 873">
    <p class='ocr_par' dir='ltr' id='par_1_10' title="bbox 381 805 1962 873">
     <span class='ocr_line' id='line_1_10' title="bbox 381 805 1962 873; baseline 0.003 -14"><span class='ocrx_word' id='word_1_54' title='bbox 381 805 499 861; x_wconf 81' lang='lat' dir='ltr'><strong>dies</strong></span> <span class='ocrx_word' id='word_1_55' title='bbox 554 815 891 873; x_wconf 84' lang='lat' dir='ltr'><strong>numeratur,</strong></span> <span class='ocrx_word' id='word_1_56' title='bbox 940 815 994 861; x_wconf 89' lang='lat' dir='ltr'><strong>et</strong></span> <span class='ocrx_word' id='word_1_57' title='bbox 1038 808 1370 870; x_wconf 89' lang='lat' dir='ltr'><strong>secundum,</strong></span> <span class='ocrx_word' id='word_1_58' title='bbox 1419 816 1474 860; x_wconf 87' lang='lat' dir='ltr'><strong>et</strong></span> <span class='ocrx_word' id='word_1_59' title='bbox 1503 807 1717 861; x_wconf 88' lang='lat' dir='ltr'><strong>tertium</strong></span> <span class='ocrx_word' id='word_1_60' title='bbox 1741 847 1756 872; x_wconf 90' lang='lat'><strong>,</strong></span> <span class='ocrx_word' id='word_1_61' title='bbox 1792 822 1855 862; x_wconf 90' lang='lat' dir='ltr'><strong>ac</strong></span> <span class='ocrx_word' id='word_1_62' title='bbox 1883 809 1962 863; x_wconf 88' lang='lat' dir='ltr'><strong>sic</strong></span> 
     </span>
    </p>
   </div>
   <div class='ocr_carea' id='block_1_11' title="bbox 381 898 1961 969">
    <p class='ocr_par' dir='ltr' id='par_1_11' title="bbox 381 898 1961 969">
     <span class='ocr_line' id='line_1_11' title="bbox 381 898 1961 969; baseline 0.001 -18"><span class='ocrx_word' id='word_1_63' title='bbox 381 898 637 969; x_wconf 89' lang='lat' dir='ltr'><strong>deinceps</strong></span> <span class='ocrx_word' id='word_1_64' title='bbox 677 913 848 964; x_wconf 82' lang='lat' dir='ltr'><strong>usque</strong></span> <span class='ocrx_word' id='word_1_65' title='bbox 886 900 953 953; x_wconf 91' lang='lat' dir='ltr'><strong>ad</strong></span> <span class='ocrx_word' id='word_1_66' title='bbox 989 899 1276 968; x_wconf 91' lang='lat' dir='ltr'><strong>septimum</strong></span> <span class='ocrx_word' id='word_1_67' title='bbox 1326 915 1662 969; x_wconf 88' lang='lat' dir='ltr'><strong>operumque</strong></span> <span class='ocrx_word' id='word_1_68' title='bbox 1699 902 1961 955; x_wconf 89' lang='lat' dir='ltr'><strong>cessatio-</strong></span> 
     </span>
    </p>
   </div>
   <div class='ocr_carea' id='block_1_12' title="bbox 381 989 1963 1060">
    <p class='ocr_par' dir='ltr' id='par_1_12' title="bbox 381 989 1963 1060">
     <span class='ocr_line' id='line_1_12' title="bbox 381 989 1963 1060; baseline 0.004 -18"><span class='ocrx_word' id='word_1_69' title='bbox 381 989 467 1043; x_wconf 90' lang='lat' dir='ltr'><strong>nis</strong></span> <span class='ocrx_word' id='word_1_70' title='bbox 488 989 653 1055; x_wconf 91' lang='lat' dir='ltr'><strong>diem,</strong></span> <span class='ocrx_word' id='word_1_71' title='bbox 682 991 878 1060; x_wconf 86' lang='lat' dir='ltr'><strong>quibus</strong></span> <span class='ocrx_word' id='word_1_72' title='bbox 903 1005 987 1055; x_wconf 90' lang='lat' dir='ltr'><strong>ea,</strong></span> <span class='ocrx_word' id='word_1_73' title='bbox 1024 1005 1144 1059; x_wconf 68' lang='lat' dir='ltr'><strong>qua:</strong></span> <span class='ocrx_word' id='word_1_74' title='bbox 1168 1000 1348 1045; x_wconf 88' lang='lat' dir='ltr'><strong>creata</strong></span> <span class='ocrx_word' id='word_1_75' title='bbox 1373 1002 1521 1056; x_wconf 89' lang='lat' dir='ltr'><strong>sunt,</strong></span> <span class='ocrx_word' id='word_1_76' title='bbox 1555 992 1872 1047; x_wconf 91' lang='lat' dir='ltr'><strong>dividuntur</strong></span> <span class='ocrx_word' id='word_1_77' title='bbox 1899 1008 1963 1049; x_wconf 86' lang='lat' dir='ltr'><strong>ac</strong></span> 
     </span>
    </p>
   </div>
   <div class='ocr_carea' id='block_1_13' title="bbox 380 1079 1963 1150">
    <p class='ocr_par' dir='ltr' id='par_1_13' title="bbox 380 1079 1963 1150">
     <span class='ocr_line' id='line_1_13' title="bbox 380 1079 1963 1150; baseline 0.002 -15"><span class='ocrx_word' id='word_1_78' title='bbox 380 1079 806 1150; x_wconf 90' lang='lat' dir='ltr'><strong>distinguuntur,</strong></span> <span class='ocrx_word' id='word_1_79' title='bbox 846 1081 1063 1135; x_wconf 88' lang='lat' dir='ltr'><strong>arcanis</strong></span> <span class='ocrx_word' id='word_1_80' title='bbox 1107 1083 1410 1137; x_wconf 84' lang='lat' dir='ltr'><strong>rationibus</strong></span> <span class='ocrx_word' id='word_1_81' title='bbox 1462 1083 1707 1138; x_wconf 89' lang='lat' dir='ltr'><strong>ordinata</strong></span> <span class='ocrx_word' id='word_1_82' title='bbox 1747 1092 1803 1138; x_wconf 89' lang='lat' dir='ltr'><strong>et</strong></span> <span class='ocrx_word' id='word_1_83' title='bbox 1834 1099 1963 1138; x_wconf 81' lang='lat' dir='ltr'><strong>con-</strong></span> 
     </span>
    </p>
   </div>
   <div class='ocr_carea' id='block_1_14' title="bbox 380 1172 1963 1235">
    <p class='ocr_par' dir='ltr' id='par_1_14' title="bbox 380 1172 1963 1235">
     <span class='ocr_line' id='line_1_14' title="bbox 380 1172 1963 1235; baseline 0.001 -8"><span class='ocrx_word' id='word_1_84' title='bbox 380 1172 595 1235; x_wconf 80' lang='lat' dir='ltr'><strong>stituta,</strong></span> <span class='ocrx_word' id='word_1_85' title='bbox 639 1187 740 1227; x_wconf 86' lang='lat' dir='ltr'><strong>nec</strong></span> <span class='ocrx_word' id='word_1_86' title='bbox 775 1172 1061 1226; x_wconf 80' lang='lat' dir='ltr'><strong>confertim</strong></span> <span class='ocrx_word' id='word_1_87' title='bbox 1096 1174 1149 1227; x_wconf 90' lang='lat' dir='ltr'><strong>in</strong></span> <span class='ocrx_word' id='word_1_88' title='bbox 1193 1190 1373 1228; x_wconf 89' lang='lat' dir='ltr'><strong>rerum</strong></span> <span class='ocrx_word' id='word_1_89' title='bbox 1410 1185 1659 1228; x_wconf 87' lang='lat' dir='ltr'><strong>naturam</strong></span> <span class='ocrx_word' id='word_1_90' title='bbox 1684 1174 1752 1228; x_wconf 85' lang='lat' dir='ltr'><strong>ab</strong></span> <span class='ocrx_word' id='word_1_91' title='bbox 1785 1175 1963 1229; x_wconf 86' lang='lat' dir='ltr'><strong>omni-</strong></span> 
     </span>
    </p>
   </div>
   <div class='ocr_carea' id='block_1_15' title="bbox 378 1262 1963 1335">
    <p class='ocr_par' dir='ltr' id='par_1_15' title="bbox 378 1262 1963 1335">
     <span class='ocr_line' id='line_1_15' title="bbox 378 1262 1963 1335; baseline 0.001 -18"><span class='ocrx_word' id='word_1_92' title='bbox 378 1263 584 1330; x_wconf 78' lang='lat' dir='ltr'><strong>potenti</strong></span> <span class='ocrx_word' id='word_1_93' title='bbox 620 1263 711 1317; x_wconf 91' lang='lat' dir='ltr'><strong>illo</strong></span> <span class='ocrx_word' id='word_1_94' title='bbox 733 1262 914 1319; x_wconf 75' lang='lat' dir='ltr'><strong>Verbo</strong></span> <span class='ocrx_word' id='word_1_95' title='bbox 942 1265 1204 1333; x_wconf 86' lang='lat' dir='ltr'><strong>producta</strong></span> <span class='ocrx_word' id='word_1_96' title='bbox 1226 1304 1242 1329; x_wconf 98' lang='lat'><strong>,</strong></span> <span class='ocrx_word' id='word_1_97' title='bbox 1277 1265 1432 1331; x_wconf 84' lang='lat' dir='ltr'><strong>cujus</strong></span> <span class='ocrx_word' id='word_1_98' title='bbox 1463 1265 1576 1319; x_wconf 88' lang='lat' dir='ltr'><strong>sola</strong></span> <span class='ocrx_word' id='word_1_99' title='bbox 1612 1266 1776 1320; x_wconf 87' lang='lat' dir='ltr'><strong>etiam</strong></span> <span class='ocrx_word' id='word_1_100' title='bbox 1817 1266 1963 1335; x_wconf 88' lang='lat' dir='ltr'><strong>cogi-</strong></span> 
     </span>
    </p>
   </div>
   <div class='ocr_carea' id='block_1_16' title="bbox 382 1352 1959 1425">
    <p class='ocr_par' dir='ltr' id='par_1_16' title="bbox 382 1352 1959 1425">
     <span class='ocr_line' id='line_1_16' title="bbox 382 1352 1959 1425; baseline 0.004 -21"><span class='ocrx_word' id='word_1_101' title='bbox 382 1352 535 1416; x_wconf 93' lang='lat' dir='ltr'><strong>tatio,</strong></span> <span class='ocrx_word' id='word_1_102' title='bbox 561 1352 644 1407; x_wconf 93' lang='lat' dir='ltr'><strong>vel</strong></span> <span class='ocrx_word' id='word_1_103' title='bbox 671 1352 819 1407; x_wconf 90' lang='lat' dir='ltr'><strong>soius</strong></span> <span class='ocrx_word' id='word_1_104' title='bbox 843 1368 1045 1420; x_wconf 88' lang='lat' dir='ltr'><strong>sermo,</strong></span> <span class='ocrx_word' id='word_1_105' title='bbox 1093 1354 1395 1409; x_wconf 80' lang='lat' dir='ltr'><strong>confectum</strong></span> <span class='ocrx_word' id='word_1_106' title='bbox 1431 1369 1566 1424; x_wconf 87' lang='lat' dir='ltr'><strong>opus</strong></span> <span class='ocrx_word' id='word_1_107' title='bbox 1591 1364 1959 1425; x_wconf 55' lang='lat' dir='ltr'><strong>repraesentat.</strong></span> 
     </span>
    </p>
   </div>
   <div class='ocr_carea' id='block_1_17' title="bbox 378 1441 1962 1517">
    <p class='ocr_par' dir='ltr' id='par_1_17' title="bbox 378 1441 1962 1517">
     <span class='ocr_line' id='line_1_17' title="bbox 378 1441 1962 1517; baseline 0.004 -21"><span class='ocrx_word' id='word_1_108' title='bbox 378 1441 533 1509; x_wconf 85' lang='lat' dir='ltr'><strong>Quod</strong></span> <span class='ocrx_word' id='word_1_109' title='bbox 570 1444 615 1498; x_wconf 86' lang='lat' dir='ltr'><strong>si</strong></span> <span class='ocrx_word' id='word_1_110' title='bbox 659 1443 822 1498; x_wconf 86' lang='lat' dir='ltr'><strong>homo</strong></span> <span class='ocrx_word' id='word_1_111' title='bbox 878 1455 1183 1515; x_wconf 87' lang='lat' dir='ltr'><strong>postremus</strong></span> <span class='ocrx_word' id='word_1_112' title='bbox 1225 1457 1441 1501; x_wconf 89' lang='lat' dir='ltr'><strong>creatus</strong></span> <span class='ocrx_word' id='word_1_113' title='bbox 1480 1457 1603 1511; x_wconf 90' lang='lat' dir='ltr'><strong>est,</strong></span> <span class='ocrx_word' id='word_1_114' title='bbox 1650 1448 1810 1517; x_wconf 86' lang='lat' dir='ltr'><strong>idque</strong></span> <span class='ocrx_word' id='word_1_115' title='bbox 1841 1463 1962 1503; x_wconf 87' lang='lat' dir='ltr'><strong>cum</strong></span> 
     </span>
    </p>
   </div>
   <div class='ocr_carea' id='block_1_18' title="bbox 381 1532 1961 1607">
    <p class='ocr_par' dir='ltr' id='par_1_18' title="bbox 381 1532 1961 1607">
     <span class='ocr_line' id='line_1_18' title="bbox 381 1532 1961 1607; baseline 0.003 -19"><span class='ocrx_word' id='word_1_116' title='bbox 381 1532 475 1588; x_wconf 89' lang='lat' dir='ltr'><strong>Dei</strong></span> <span class='ocrx_word' id='word_1_117' title='bbox 507 1550 669 1589; x_wconf 90' lang='lat' dir='ltr'><strong>manu</strong></span> <span class='ocrx_word' id='word_1_118' title='bbox 702 1546 865 1603; x_wconf 92' lang='lat' dir='ltr'><strong>atque</strong></span> <span class='ocrx_word' id='word_1_119' title='bbox 896 1536 1129 1607; x_wconf 85' lang='lat' dir='ltr'><strong>imagine</strong></span> <span class='ocrx_word' id='word_1_120' title='bbox 1152 1546 1376 1592; x_wconf 88' lang='lat' dir='ltr'><strong>ornatus</strong></span> <span class='ocrx_word' id='word_1_121' title='bbox 1399 1538 1497 1598; x_wconf 85' lang='lat' dir='ltr'><strong>sit.</strong></span> <span class='ocrx_word' id='word_1_122' title='bbox 1543 1540 1741 1593; x_wconf 86' lang='lat' dir='ltr'><strong>nemini</strong></span> <span class='ocrx_word' id='word_1_123' title='bbox 1766 1539 1961 1593; x_wconf 91' lang='lat' dir='ltr'><strong>mirum</strong></span> 
     </span>
    </p>
   </div>
   <div class='ocr_carea' id='block_1_19' title="bbox 377 1624 1960 1698">
    <p class='ocr_par' dir='ltr' id='par_1_19' title="bbox 377 1624 1960 1698">
     <span class='ocr_line' id='line_1_19' title="bbox 377 1624 1960 1698; baseline 0.001 -18"><span class='ocrx_word' id='word_1_124' title='bbox 377 1624 553 1680; x_wconf 83' lang='lat' dir='ltr'><strong>videri</strong></span> <span class='ocrx_word' id='word_1_125' title='bbox 585 1626 767 1679; x_wconf 81' lang='lat' dir='ltr'><strong>debet.</strong></span> <span class='ocrx_word' id='word_1_126' title='bbox 808 1625 1242 1682; x_wconf 89' lang='lat' dir='ltr'><strong>Coustruendum</strong></span> <span class='ocrx_word' id='word_1_127' title='bbox 1277 1629 1421 1683; x_wconf 90' lang='lat' dir='ltr'><strong>enim</strong></span> <span class='ocrx_word' id='word_1_128' title='bbox 1472 1629 1662 1698; x_wconf 91' lang='lat' dir='ltr'><strong>prius,</strong></span> <span class='ocrx_word' id='word_1_129' title='bbox 1704 1638 1960 1698; x_wconf 89' lang='lat' dir='ltr'><strong>tanquam</strong></span> 
     </span>
    </p>
   </div>
   <div class='ocr_carea' id='block_1_20' title="bbox 2061 432 3643 513">
    <p class='ocr_par' dir='ltr' id='par_1_20' title="bbox 2061 432 3643 513">
     <span class='ocr_line' id='line_1_20' title="bbox 2061 432 3643 513; baseline -0.001 -19"><span class='ocrx_word' id='word_1_130' title='bbox 2061 458 2124 494; x_wconf 89' lang='grc' dir='ltr'><strong>το</strong></span> <span class='ocrx_word' id='word_1_131' title='bbox 2158 441 2255 513; x_wconf 81' lang='grc' dir='ltr'>τὴν</span> <span class='ocrx_word' id='word_1_132' title='bbox 2287 440 2417 509; x_wconf 81' lang='grc' dir='ltr'>ὓλην</span> <span class='ocrx_word' id='word_1_133' title='bbox 2451 440 2665 509; x_wconf 76' lang='grc' dir='ltr'>ἐπάγει,</span> <span class='ocrx_word' id='word_1_134' title='bbox 2707 440 2798 493; x_wconf 83' lang='grc' dir='ltr'><strong>τὸν</strong></span> <span class='ocrx_word' id='word_1_135' title='bbox 2844 439 3118 510; x_wconf 79' lang='grc' dir='ltr'>ὀφθαλμὸν</span> <span class='ocrx_word' id='word_1_136' title='bbox 3157 439 3257 509; x_wconf 81' lang='grc' dir='ltr'><strong>τῆς</strong></span> <span class='ocrx_word' id='word_1_137' title='bbox 3297 432 3514 510; x_wconf 76' lang='grc' dir='ltr'>ἡμέρας</span> <span class='ocrx_word' id='word_1_138' title='bbox 3554 440 3643 510; x_wconf 79' lang='grc' dir='ltr'><strong>δη</strong></span> 
     </span>
    </p>
   </div>
   <div class='ocr_carea' id='block_1_21' title="bbox 2066 529 3665 602">
    <p class='ocr_par' dir='ltr' id='par_1_21' title="bbox 2066 529 3665 602">
     <span class='ocr_line' id='line_1_21' title="bbox 2066 529 3665 602; baseline 0 -19"><span class='ocrx_word' id='word_1_139' title='bbox 2066 533 2401 602; x_wconf 83' lang='grc' dir='ltr'>μιουργήσας</span> <span class='ocrx_word' id='word_1_140' title='bbox 2446 530 2632 583; x_wconf 88' lang='grc' dir='ltr'>τοῦτον</span> <span class='ocrx_word' id='word_1_141' title='bbox 2680 530 2771 584; x_wconf 85' lang='grc' dir='ltr'><strong>τὸν</strong></span> <span class='ocrx_word' id='word_1_142' title='bbox 2808 530 2975 601; x_wconf 79' lang='grc' dir='ltr'>ἥλιον.</span> <span class='ocrx_word' id='word_1_143' title='bbox 3019 530 3173 583; x_wconf 86' lang='grc' dir='ltr'>Οῦτω</span> <span class='ocrx_word' id='word_1_144' title='bbox 3220 547 3272 582; x_wconf 87' lang='grc' dir='ltr'><strong>τι</strong></span> <span class='ocrx_word' id='word_1_145' title='bbox 3325 529 3544 600; x_wconf 80' lang='grc' dir='ltr'>πρῶτον</span> <span class='ocrx_word' id='word_1_146' title='bbox 3589 530 3665 583; x_wconf 79' lang='grc' dir='ltr'>ὲν</span> 
     </span>
    </p>
   </div>
   <div class='ocr_carea' id='block_1_22' title="bbox 2061 620 3663 695">
    <p class='ocr_par' dir='ltr' id='par_1_22' title="bbox 2061 620 3663 695">
     <span class='ocr_line' id='line_1_22' title="bbox 2061 620 3663 695; baseline -0.001 -19"><span class='ocrx_word' id='word_1_147' title='bbox 2061 624 2295 695; x_wconf 78' lang='grc' dir='ltr'><strong>ἡμέραις</strong></span> <span class='ocrx_word' id='word_1_148' title='bbox 2319 622 2651 695; x_wconf 83' lang='grc' dir='ltr'><strong>ἀριθμεῖται,</strong></span> <span class='ocrx_word' id='word_1_149' title='bbox 2675 622 2769 675; x_wconf 72' lang='grc' dir='ltr'>καὶ</span> <span class='ocrx_word' id='word_1_150' title='bbox 2796 620 3064 694; x_wconf 81' lang='grc' dir='ltr'>δεύτερον,</span> <span class='ocrx_word' id='word_1_151' title='bbox 3101 621 3193 674; x_wconf 76' lang='grc' dir='ltr'><strong>καὶ</strong></span> <span class='ocrx_word' id='word_1_152' title='bbox 3218 622 3417 693; x_wconf 83' lang='grc' dir='ltr'>τρίτον,</span> <span class='ocrx_word' id='word_1_153' title='bbox 3454 623 3552 675; x_wconf 80' lang='grc' dir='ltr'><strong>καὶ</strong></span> <span class='ocrx_word' id='word_1_154' title='bbox 3574 620 3663 675; x_wconf 77' lang='grc' dir='ltr'>τὰ</span> 
     </span>
    </p>
   </div>
   <div class='ocr_carea' id='block_1_23' title="bbox 2063 710 3661 785">
    <p class='ocr_par' dir='ltr' id='par_1_23' title="bbox 2063 710 3661 785">
     <span class='ocr_line' id='line_1_23' title="bbox 2063 710 3661 785; baseline -0.001 -20"><span class='ocrx_word' id='word_1_155' title='bbox 2063 712 2211 781; x_wconf 76' lang='grc' dir='ltr'>ἑξῆς,</span> <span class='ocrx_word' id='word_1_156' title='bbox 2248 714 2375 785; x_wconf 82' lang='grc' dir='ltr'>ἄχρι</span> <span class='ocrx_word' id='word_1_157' title='bbox 2410 714 2507 783; x_wconf 81' lang='grc' dir='ltr'><strong>τῆς</strong></span> <span class='ocrx_word' id='word_1_158' title='bbox 2541 712 2775 782; x_wconf 80' lang='grc' dir='ltr'>ἑϐδόμης</span> <span class='ocrx_word' id='word_1_159' title='bbox 2813 712 2907 765; x_wconf 74' lang='grc' dir='ltr'><strong>καὶ</strong></span> <span class='ocrx_word' id='word_1_160' title='bbox 2948 711 3364 781; x_wconf 84' lang='grc' dir='ltr'>καταπαυσίμου</span> <span class='ocrx_word' id='word_1_161' title='bbox 3407 711 3517 765; x_wconf 85' lang='grc' dir='ltr'>τῶν</span> <span class='ocrx_word' id='word_1_162' title='bbox 3552 710 3661 782; x_wconf 72' lang='grc' dir='ltr'><strong>ἐρ-</strong></span> 
     </span>
    </p>
   </div>
   <div class='ocr_carea' id='block_1_24' title="bbox 2062 798 3658 876">
    <p class='ocr_par' dir='ltr' id='par_1_24' title="bbox 2062 798 3658 876">
     <span class='ocr_line' id='line_1_24' title="bbox 2062 798 3658 876; baseline -0.001 -19"><span class='ocrx_word' id='word_1_163' title='bbox 2062 822 2174 872; x_wconf 91' lang='grc' dir='ltr'><strong>γων</strong></span> <span class='ocrx_word' id='word_1_164' title='bbox 2205 805 2437 876; x_wconf 76' lang='grc' dir='ltr'>ἡμέρας,</span> <span class='ocrx_word' id='word_1_165' title='bbox 2473 798 2560 867; x_wconf 77' lang='grc' dir='ltr'><strong>αἷς</strong></span> <span class='ocrx_word' id='word_1_166' title='bbox 2615 802 3038 873; x_wconf 75' lang='grc' dir='ltr'>καταμερίζεται</span> <span class='ocrx_word' id='word_1_167' title='bbox 3092 802 3160 855; x_wconf 81' lang='grc' dir='ltr'><strong>τὰ</strong></span> <span class='ocrx_word' id='word_1_168' title='bbox 3203 803 3462 871; x_wconf 87' lang='grc' dir='ltr'>γινόμενα</span> <span class='ocrx_word' id='word_1_169' title='bbox 3501 803 3658 869; x_wconf 80' lang='grc'>(85),</span> 
     </span>
    </p>
   </div>
   <div class='ocr_carea' id='block_1_25' title="bbox 2062 892 3661 966">
    <p class='ocr_par' dir='ltr' id='par_1_25' title="bbox 2062 892 3661 966">
     <span class='ocr_line' id='line_1_25' title="bbox 2062 892 3661 966; baseline 0 -20"><span class='ocrx_word' id='word_1_170' title='bbox 2062 894 2238 963; x_wconf 82' lang='grc' dir='ltr'>λόγοις</span> <span class='ocrx_word' id='word_1_171' title='bbox 2268 896 2527 966; x_wconf 75' lang='grc' dir='ltr'>ἀρρήτοις</span> <span class='ocrx_word' id='word_1_172' title='bbox 2557 894 2886 964; x_wconf 81' lang='grc' dir='ltr'><strong>τασσόμενα,</strong></span> <span class='ocrx_word' id='word_1_173' title='bbox 2914 894 3007 947; x_wconf 76' lang='grc' dir='ltr'><strong>καὶ</strong></span> <span class='ocrx_word' id='word_1_174' title='bbox 3036 893 3136 946; x_wconf 78' lang='grc' dir='ltr'>οὐκ</span> <span class='ocrx_word' id='word_1_175' title='bbox 3168 892 3375 963; x_wconf 82' lang='grc' dir='ltr'>ἀθρόως</span> <span class='ocrx_word' id='word_1_176' title='bbox 3396 892 3661 946; x_wconf 79' lang='grc' dir='ltr'>ἀναδιδό-</span> 
     </span>
    </p>
   </div>
   <div class='ocr_carea' id='block_1_26' title="bbox 2066 975 3659 1056">
    <p class='ocr_par' dir='ltr' id='par_1_26' title="bbox 2066 975 3659 1056">
     <span class='ocr_line' id='line_1_26' title="bbox 2066 975 3659 1056; baseline -0.003 -19"><span class='ocrx_word' id='word_1_177' title='bbox 2066 1002 2203 1056; x_wconf 90' lang='grc' dir='ltr'>μενα</span> <span class='ocrx_word' id='word_1_178' title='bbox 2237 985 2316 1055; x_wconf 85' lang='grc' dir='ltr'>τῷ</span> <span class='ocrx_word' id='word_1_179' title='bbox 2348 985 2523 1039; x_wconf 88' lang='grc' dir='ltr'>πάντα</span> <span class='ocrx_word' id='word_1_180' title='bbox 2551 984 2757 1055; x_wconf 80' lang='grc' dir='ltr'><strong>δυνατῷ</strong></span> <span class='ocrx_word' id='word_1_181' title='bbox 2791 985 2969 1054; x_wconf 82' lang='grc' dir='ltr'>Λόγῳ,</span> <span class='ocrx_word' id='word_1_182' title='bbox 3009 983 3104 1035; x_wconf 77' lang='grc' dir='ltr'>καὶ</span> <span class='ocrx_word' id='word_1_183' title='bbox 3133 975 3177 1047; x_wconf 83' lang='grc' dir='ltr'>ᾧ</span> <span class='ocrx_word' id='word_1_184' title='bbox 3203 982 3266 1035; x_wconf 82' lang='grc' dir='ltr'>τὸ</span> <span class='ocrx_word' id='word_1_185' title='bbox 3300 981 3411 1052; x_wconf 71' lang='grc'>(84)</span> <span class='ocrx_word' id='word_1_186' title='bbox 3447 982 3659 1051; x_wconf 79' lang='grc' dir='ltr'>νοῆσαι</span> 
     </span>
    </p>
   </div>
   <div class='ocr_carea' id='block_1_27' title="bbox 2065 1074 3657 1149">
    <p class='ocr_par' dir='ltr' id='par_1_27' title="bbox 2065 1074 3657 1149">
     <span class='ocr_line' id='line_1_27' title="bbox 2065 1074 3657 1149; baseline -0.003 -18"><span class='ocrx_word' id='word_1_187' title='bbox 2065 1078 2245 1149; x_wconf 87' lang='grc' dir='ltr'>μόνον,</span> <span class='ocrx_word' id='word_1_188' title='bbox 2275 1079 2308 1149; x_wconf 80' lang='grc' dir='ltr'><strong>ἢ</strong></span> <span class='ocrx_word' id='word_1_189' title='bbox 2340 1080 2532 1137; x_wconf 86' lang='grc' dir='ltr'>εἰπεῖν,</span> <span class='ocrx_word' id='word_1_190' title='bbox 2564 1077 2724 1148; x_wconf 76' lang='grc' dir='ltr'>ἔργον</span> <span class='ocrx_word' id='word_1_191' title='bbox 2750 1075 2864 1129; x_wconf 76' lang='grc' dir='ltr'>ἐστὶ</span> <span class='ocrx_word' id='word_1_192' title='bbox 2889 1074 3310 1145; x_wconf 81' lang='grc' dir='ltr'>παριστάμενον.</span> <span class='ocrx_word' id='word_1_193' title='bbox 3357 1075 3423 1126; x_wconf 79' lang='lat' dir='ltr'><strong>El.</strong></span> <span class='ocrx_word' id='word_1_194' title='bbox 3452 1074 3511 1127; x_wconf 85' lang='grc' dir='ltr'>δὲ</span> <span class='ocrx_word' id='word_1_195' title='bbox 3547 1090 3657 1126; x_wconf 88' lang='grc' dir='ltr'>τε-</span> 
     </span>
    </p>
   </div>
   <div class='ocr_carea' id='block_1_28' title="bbox 2064 1166 3658 1239">
    <p class='ocr_par' dir='ltr' id='par_1_28' title="bbox 2064 1166 3658 1239">
     <span class='ocr_line' id='line_1_28' title="bbox 2064 1166 3658 1239; baseline -0.003 -17"><span class='ocrx_word' id='word_1_196' title='bbox 2064 1168 2306 1232; x_wconf 88' lang='grc' dir='ltr'>λευταῖος</span> <span class='ocrx_word' id='word_1_197' title='bbox 2358 1172 2387 1223; x_wconf 87' lang='grc' dir='ltr'><strong>ό</strong></span> <span class='ocrx_word' id='word_1_198' title='bbox 2434 1168 2717 1237; x_wconf 73' lang='grc' dir='ltr'>ἄνθρωπος</span> <span class='ocrx_word' id='word_1_199' title='bbox 2776 1166 3076 1239; x_wconf 84' lang='grc' dir='ltr'>ἀνεδείχθη,</span> <span class='ocrx_word' id='word_1_200' title='bbox 3131 1166 3227 1219; x_wconf 78' lang='grc' dir='ltr'>καὶ</span> <span class='ocrx_word' id='word_1_201' title='bbox 3277 1166 3451 1219; x_wconf 88' lang='grc' dir='ltr'>ταῦτα</span> <span class='ocrx_word' id='word_1_202' title='bbox 3492 1166 3658 1237; x_wconf 73' lang='grc' dir='ltr'>χειρὶ</span> 
     </span>
    </p>
   </div>
   <div class='ocr_carea' id='block_1_29' title="bbox 2068 1257 3656 1330">
    <p class='ocr_par' dir='ltr' id='par_1_29' title="bbox 2068 1257 3656 1330">
     <span class='ocr_line' id='line_1_29' title="bbox 2068 1257 3656 1330; baseline -0.001 -17"><span class='ocrx_word' id='word_1_203' title='bbox 2068 1259 2202 1313; x_wconf 84' lang='grc' dir='ltr'>Θεοῦ</span> <span class='ocrx_word' id='word_1_204' title='bbox 2231 1262 2324 1314; x_wconf 76' lang='grc' dir='ltr'>καὶ</span> <span class='ocrx_word' id='word_1_205' title='bbox 2351 1260 2516 1313; x_wconf 78' lang='grc' dir='ltr'>εἰκόνι</span> <span class='ocrx_word' id='word_1_206' title='bbox 2544 1259 2923 1330; x_wconf 82' lang='grc' dir='ltr'>τετιμημένος.</span> <span class='ocrx_word' id='word_1_207' title='bbox 2951 1258 3261 1329; x_wconf 84' lang='grc' dir='ltr'>θαυμαστὸν</span> <span class='ocrx_word' id='word_1_208' title='bbox 3284 1257 3457 1312; x_wconf 81' lang='grc' dir='ltr'>οὐδέν.</span> <span class='ocrx_word' id='word_1_209' title='bbox 3488 1258 3656 1311; x_wconf 86' lang='grc' dir='ltr'>Ἔδει</span> 
     </span>
    </p>
   </div>
   <div class='ocr_carea' id='block_1_30' title="bbox 2061 1349 3654 1423">
    <p class='ocr_par' dir='ltr' id='par_1_30' title="bbox 2061 1349 3654 1423">
     <span class='ocr_line' id='line_1_30' title="bbox 2061 1349 3654 1423; baseline -0.003 -17"><span class='ocrx_word' id='word_1_210' title='bbox 2061 1352 2191 1423; x_wconf 76' lang='grc' dir='ltr'>γὰρ,</span> <span class='ocrx_word' id='word_1_211' title='bbox 2228 1353 2416 1423; x_wconf 80' lang='grc' dir='ltr'>ὥσπερ</span> <span class='ocrx_word' id='word_1_212' title='bbox 2452 1351 2676 1422; x_wconf 77' lang='grc' dir='ltr'>βασιλεί,</span> <span class='ocrx_word' id='word_1_213' title='bbox 2705 1351 3115 1422; x_wconf 77' lang='grc' dir='ltr'>προῦποστῆναι</span> <span class='ocrx_word' id='word_1_214' title='bbox 3146 1350 3216 1403; x_wconf 83' lang='grc' dir='ltr'>τὰ</span> <span class='ocrx_word' id='word_1_215' title='bbox 3246 1349 3511 1419; x_wconf 85' lang='grc' dir='ltr'>βασίλεια,</span> <span class='ocrx_word' id='word_1_216' title='bbox 3546 1350 3654 1402; x_wconf 71' lang='grc' dir='ltr'><strong>καὶ</strong></span> 
     </span>
    </p>
   </div>
   <div class='ocr_carea' id='block_1_31' title="bbox 2061 1443 3654 1515">
    <p class='ocr_par' dir='ltr' id='par_1_31' title="bbox 2061 1443 3654 1515">
     <span class='ocr_line' id='line_1_31' title="bbox 2061 1443 3654 1515; baseline -0.001 -17"><span class='ocrx_word' id='word_1_217' title='bbox 2061 1444 2234 1509; x_wconf 78' lang='grc' dir='ltr'>οὔτως</span> <span class='ocrx_word' id='word_1_218' title='bbox 2263 1444 2580 1514; x_wconf 75' lang='grc' dir='ltr'>εἰσαχθῆναι</span> <span class='ocrx_word' id='word_1_219' title='bbox 2606 1443 2698 1496; x_wconf 81' lang='grc' dir='ltr'><strong>τὸν</strong></span> <span class='ocrx_word' id='word_1_220' title='bbox 2729 1443 2951 1513; x_wconf 85' lang='grc' dir='ltr'>βασιλέα</span> <span class='ocrx_word' id='word_1_221' title='bbox 2978 1447 3140 1496; x_wconf 84' lang='grc' dir='ltr'>πᾶσιν</span> <span class='ocrx_word' id='word_1_222' title='bbox 3177 1443 3278 1514; x_wconf 74' lang='grc' dir='ltr'>ἤδη</span> <span class='ocrx_word' id='word_1_223' title='bbox 3308 1443 3654 1515; x_wconf 79' lang='grc' dir='ltr'>δορυφορού-</span> 
     </span>
    </p>
   </div>
   <div class='ocr_carea' id='block_1_32' title="bbox 2066 1530 3653 1606">
    <p class='ocr_par' dir='ltr' id='par_1_32' title="bbox 2066 1530 3653 1606">
     <span class='ocr_line' id='line_1_32' title="bbox 2066 1530 3653 1606; baseline 0.001 -18"><span class='ocrx_word' id='word_1_224' title='bbox 2066 1552 2243 1606; x_wconf 86' lang='grc' dir='ltr'>μενον.</span> <span class='ocrx_word' id='word_1_225' title='bbox 2280 1536 2342 1587; x_wconf 84' lang='grc' dir='ltr'>Εί</span> <span class='ocrx_word' id='word_1_226' title='bbox 2380 1534 2477 1604; x_wconf 83' lang='grc' dir='ltr'>μὲν</span> <span class='ocrx_word' id='word_1_227' title='bbox 2518 1530 2610 1587; x_wconf 82' lang='grc' dir='ltr'><strong>οὖν</strong></span> <span class='ocrx_word' id='word_1_228' title='bbox 2641 1535 2937 1604; x_wconf 76' lang='grc' dir='ltr'>ἐμείναμεν</span> <span class='ocrx_word' id='word_1_229' title='bbox 2987 1533 3120 1605; x_wconf 88' lang='lat'><strong>(85),</strong></span> <span class='ocrx_word' id='word_1_230' title='bbox 3152 1535 3287 1606; x_wconf 85' lang='grc' dir='ltr'>ὅπερ</span> <span class='ocrx_word' id='word_1_231' title='bbox 3332 1530 3497 1605; x_wconf 80' lang='grc' dir='ltr'>ἦμεν,</span> <span class='ocrx_word' id='word_1_232' title='bbox 3546 1536 3653 1589; x_wconf 75' lang='grc' dir='ltr'>καὶ</span> 
     </span>
    </p>
   </div>
   <div class='ocr_carea' id='block_1_33' title="bbox 2063 1623 3651 1695">
    <p class='ocr_par' dir='ltr' id='par_1_33' title="bbox 2063 1623 3651 1695">
     <span class='ocr_line' id='line_1_33' title="bbox 2063 1623 3651 1695; baseline 0.001 -19"><span class='ocrx_word' id='word_1_233' title='bbox 2063 1623 2160 1695; x_wconf 87' lang='grc' dir='ltr'><strong>τὴν</strong></span> <span class='ocrx_word' id='word_1_234' title='bbox 2212 1623 2431 1694; x_wconf 79' lang='grc' dir='ltr'>ἐντολὴν</span> <span class='ocrx_word' id='word_1_235' title='bbox 2474 1623 2838 1693; x_wconf 80' lang='grc' dir='ltr'>ὲφυλάξαμεν,</span> <span class='ocrx_word' id='word_1_236' title='bbox 2886 1623 3180 1693; x_wconf 82' lang='grc' dir='ltr'>ἐγενόμεθα</span> <span class='ocrx_word' id='word_1_237' title='bbox 3230 1624 3296 1678; x_wconf 83' lang='grc' dir='ltr'>ἂν</span> <span class='ocrx_word' id='word_1_238' title='bbox 3349 1624 3485 1695; x_wconf 78' lang='grc' dir='ltr'>ὅπερ</span> <span class='ocrx_word' id='word_1_239' title='bbox 3537 1625 3651 1678; x_wconf 82' lang='grc' dir='ltr'><strong>οὐκ</strong></span> 
     </span>
    </p>
   </div>
   <div class='ocr_carea' id='block_1_34' title="bbox 379 1694 1958 1788">
    <p class='ocr_par' dir='ltr' id='par_1_34' title="bbox 379 1718 1958 1788">
     <span class='ocr_line' id='line_1_34' title="bbox 379 1718 1958 1788; baseline 0.002 -18"><span class='ocrx_word' id='word_1_240' title='bbox 379 1718 536 1786; x_wconf 83' lang='lat' dir='ltr'><strong>regi,</strong></span> <span class='ocrx_word' id='word_1_241' title='bbox 572 1718 831 1786; x_wconf 80' lang='lat' dir='ltr'><strong>palatium</strong></span> <span class='ocrx_word' id='word_1_242' title='bbox 872 1728 1021 1785; x_wconf 89' lang='lat' dir='ltr'><strong>erat,</strong></span> <span class='ocrx_word' id='word_1_243' title='bbox 1060 1727 1221 1788; x_wconf 90' lang='lat' dir='ltr'><strong>atque</strong></span> <span class='ocrx_word' id='word_1_244' title='bbox 1270 1720 1343 1773; x_wconf 91' lang='lat' dir='ltr'><strong>ita</strong></span> <span class='ocrx_word' id='word_1_245' title='bbox 1386 1736 1480 1773; x_wconf 81' lang='lat' dir='ltr'><strong>rex</strong></span> <span class='ocrx_word' id='word_1_246' title='bbox 1517 1720 1958 1786; x_wconf 86' lang='lat' dir='ltr'><strong>introducendus,</strong></span> 
     </span>
    </p>
   </div>
   <div class='ocr_carea' id='block_1_35' title="bbox 2062 1694 3648 1788">
    <p class='ocr_par' dir='ltr' id='par_1_35' title="bbox 2062 1694 3648 1786">
     <span class='ocr_line' id='line_1_35' title="bbox 2062 1694 3648 1786; baseline 0 -18"><span class='ocrx_word' id='word_1_247' title='bbox 2062 1694 2225 1786; x_wconf 81' lang='grc' dir='ltr'>ἦμεν,</span> <span class='ocrx_word' id='word_1_248' title='bbox 2251 1714 2327 1785; x_wconf 84' lang='grc' dir='ltr'>τῷ</span> <span class='ocrx_word' id='word_1_249' title='bbox 2362 1714 2504 1785; x_wconf 74' lang='grc' dir='ltr'>ξύλῳ</span> <span class='ocrx_word' id='word_1_250' title='bbox 2540 1715 2640 1785; x_wconf 78' lang='grc' dir='ltr'>τῆς</span> <span class='ocrx_word' id='word_1_251' title='bbox 2674 1714 2817 1785; x_wconf 79' lang='grc' dir='ltr'>ζωῆς</span> <span class='ocrx_word' id='word_1_252' title='bbox 2845 1714 3249 1785; x_wconf 85' lang='grc' dir='ltr'>προσελθόντες,</span> <span class='ocrx_word' id='word_1_253' title='bbox 3282 1715 3421 1785; x_wconf 86' lang='grc' dir='ltr'><strong>μετὰ</strong></span> <span class='ocrx_word' id='word_1_254' title='bbox 3451 1694 3512 1768; x_wconf 79' lang='grc' dir='ltr'>τὸ</span> <span class='ocrx_word' id='word_1_255' title='bbox 3542 1714 3648 1782; x_wconf 75' lang='grc' dir='ltr'><strong>ξύ-</strong></span> 
     </span>
    </p>
   </div>
   <div class='ocr_carea' id='block_1_36' title="bbox 376 1809 1968 1880">
    <p class='ocr_par' dir='ltr' id='par_1_36' title="bbox 376 1809 1968 1880">
     <span class='ocr_line' id='line_1_36' title="bbox 376 1809 1968 1880; baseline 0.001 -18"><span class='ocrx_word' id='word_1_256' title='bbox 376 1809 527 1863; x_wconf 92' lang='lat' dir='ltr'><strong>omni</strong></span> <span class='ocrx_word' id='word_1_257' title='bbox 564 1810 675 1879; x_wconf 88' lang='lat' dir='ltr'><strong>jam</strong></span> <span class='ocrx_word' id='word_1_258' title='bbox 705 1826 803 1864; x_wconf 89' lang='lat' dir='ltr'><strong>suo</strong></span> <span class='ocrx_word' id='word_1_259' title='bbox 835 1811 1091 1866; x_wconf 85' lang='lat' dir='ltr'><strong>satellitio</strong></span> <span class='ocrx_word' id='word_1_260' title='bbox 1117 1811 1367 1880; x_wconf 88' lang='lat' dir='ltr'><strong>stipatus.</strong></span> <span class='ocrx_word' id='word_1_261' title='bbox 1392 1810 1546 1877; x_wconf 87' lang='lat' dir='ltr'><strong>Quod</strong></span> <span class='ocrx_word' id='word_1_262' title='bbox 1585 1812 1652 1877; x_wconf 88' lang='lat' dir='ltr'><strong>si,</strong></span> <span class='ocrx_word' id='word_1_263' title='bbox 1678 1812 1820 1880; x_wconf 90' lang='lat' dir='ltr'><strong>quod</strong></span> <span class='ocrx_word' id='word_1_264' title='bbox 1846 1825 1968 1865; x_wconf 89' lang='lat' dir='ltr'><strong>era-</strong></span> 
     </span>
    </p>
   </div>
   <div class='ocr_carea' id='block_1_37' title="bbox 380 1902 1962 1972">
    <p class='ocr_par' dir='ltr' id='par_1_37' title="bbox 380 1902 1962 1972">
     <span class='ocr_line' id='line_1_37' title="bbox 380 1902 1962 1972; baseline 0.003 -21"><span class='ocrx_word' id='word_1_265' title='bbox 380 1915 502 1954; x_wconf 86' lang='lat' dir='ltr'><strong>mus</strong></span> <span class='ocrx_word' id='word_1_266' title='bbox 527 1940 543 1966; x_wconf 92' lang='lat'><strong>,</strong></span> <span class='ocrx_word' id='word_1_267' title='bbox 589 1903 1082 1970; x_wconf 84' lang='lat' dir='ltr'><strong>permansissemus</strong></span> <span class='ocrx_word' id='word_1_268' title='bbox 1108 1944 1123 1969; x_wconf 94' lang='lat'><strong>,</strong></span> <span class='ocrx_word' id='word_1_269' title='bbox 1164 1918 1227 1957; x_wconf 89' lang='lat' dir='ltr'><strong>ac</strong></span> <span class='ocrx_word' id='word_1_270' title='bbox 1274 1913 1543 1972; x_wconf 61' lang='lat' dir='ltr'><strong>praecepto</strong></span> <span class='ocrx_word' id='word_1_271' title='bbox 1575 1902 1962 1971; x_wconf 73' lang='lat' dir='ltr'><strong>paruissrmus,</strong></span> 
     </span>
    </p>
   </div>
   <div class='ocr_carea' id='block_1_38' title="bbox 378 1987 1963 2061">
    <p class='ocr_par' dir='ltr' id='par_1_38' title="bbox 378 1987 1963 2061">
     <span class='ocr_line' id='line_1_38' title="bbox 378 1987 1963 2061; baseline 0.002 -18"><span class='ocrx_word' id='word_1_272' title='bbox 378 1987 556 2044; x_wconf 79' lang='lat' dir='ltr'><strong>eﬂ‘ecti</strong></span> <span class='ocrx_word' id='word_1_273' title='bbox 587 1992 774 2061; x_wconf 86' lang='lat' dir='ltr'><strong>utique</strong></span> <span class='ocrx_word' id='word_1_274' title='bbox 803 1991 1116 2059; x_wconf 81' lang='lat' dir='ltr'><strong>fuissemus,</strong></span> <span class='ocrx_word' id='word_1_275' title='bbox 1144 1993 1286 2061; x_wconf 87' lang='lat' dir='ltr'><strong>quod</strong></span> <span class='ocrx_word' id='word_1_276' title='bbox 1311 2007 1415 2045; x_wconf 93' lang='lat' dir='ltr'><strong>non</strong></span> <span class='ocrx_word' id='word_1_277' title='bbox 1442 2006 1685 2058; x_wconf 84' lang='lat' dir='ltr'><strong>eramus,</strong></span> <span class='ocrx_word' id='word_1_278' title='bbox 1711 2001 1874 2059; x_wconf 88' lang='lat' dir='ltr'><strong>atque</strong></span> <span class='ocrx_word' id='word_1_279' title='bbox 1896 1992 1963 2046; x_wconf 90' lang='lat' dir='ltr'><strong>ad</strong></span> 
     </span>
    </p>
   </div>
   <div class='ocr_carea' id='block_1_39' title="bbox 378 2079 1960 2151">
    <p class='ocr_par' dir='ltr' id='par_1_39' title="bbox 378 2079 1960 2151">
     <span class='ocr_line' id='line_1_39' title="bbox 378 2079 1960 2151; baseline 0.001 -19"><span class='ocrx_word' id='word_1_280' title='bbox 378 2079 585 2151; x_wconf 80' lang='lat' dir='ltr'><strong>lig-num</strong></span> <span class='ocrx_word' id='word_1_281' title='bbox 636 2083 756 2136; x_wconf 61' lang='lat' dir='ltr'><strong>vita“:</strong></span> <span class='ocrx_word' id='word_1_282' title='bbox 799 2092 921 2151; x_wconf 88' lang='lat' dir='ltr'><strong>post</strong></span> <span class='ocrx_word' id='word_1_283' title='bbox 968 2083 1209 2137; x_wconf 62' lang='lat' dir='ltr'><strong>scientiae</strong></span> <span class='ocrx_word' id='word_1_284' title='bbox 1258 2083 1460 2151; x_wconf 90' lang='lat' dir='ltr'><strong>lignum</strong></span> <span class='ocrx_word' id='word_1_285' title='bbox 1520 2083 1960 2137; x_wconf 85' lang='lat' dir='ltr'><strong>accessissemus.</strong></span> 
     </span>
    </p>
   </div>
   <div class='ocr_carea' id='block_1_40' title="bbox 380 2169 1956 2241">
    <p class='ocr_par' dir='ltr' id='par_1_40' title="bbox 380 2169 1956 2241">
     <span class='ocr_line' id='line_1_40' title="bbox 380 2169 1956 2241; baseline 0.001 -17"><span class='ocrx_word' id='word_1_286' title='bbox 380 2169 520 2237; x_wconf 83' lang='lat' dir='ltr'><strong>Quid</strong></span> <span class='ocrx_word' id='word_1_287' title='bbox 566 2182 746 2225; x_wconf 89' lang='lat' dir='ltr'><strong>autem</strong></span> <span class='ocrx_word' id='word_1_288' title='bbox 794 2172 1017 2226; x_wconf 78' lang='lat' dir='ltr'><strong>cﬂ‘ecti?</strong></span> <span class='ocrx_word' id='word_1_289' title='bbox 1056 2172 1434 2237; x_wconf 90' lang='lat' dir='ltr'><strong>lmmortales,</strong></span> <span class='ocrx_word' id='word_1_290' title='bbox 1479 2187 1542 2226; x_wconf 91' lang='lat' dir='ltr'><strong>ac</strong></span> <span class='ocrx_word' id='word_1_291' title='bbox 1597 2173 1704 2225; x_wconf 92' lang='lat' dir='ltr'><strong>Deo</strong></span> <span class='ocrx_word' id='word_1_292' title='bbox 1738 2173 1956 2241; x_wconf 86' lang='lat' dir='ltr'><strong>propius</strong></span> 
     </span>
    </p>
   </div>
   <div class='ocr_carea' id='block_1_41' title="bbox 380 2260 1966 2329">
    <p class='ocr_par' dir='ltr' id='par_1_41' title="bbox 380 2260 1966 2329">
     <span class='ocr_line' id='line_1_41' title="bbox 380 2260 1966 2329; baseline 0.003 -16"><span class='ocrx_word' id='word_1_293' title='bbox 380 2260 637 2329; x_wconf 89' lang='lat' dir='ltr'><strong>adjuncti.</strong></span> <span class='ocrx_word' id='word_1_294' title='bbox 674 2260 939 2327; x_wconf 82' lang='lat' dir='ltr'><strong>Quoniam</strong></span> <span class='ocrx_word' id='word_1_295' title='bbox 980 2272 1159 2315; x_wconf 86' lang='lat' dir='ltr'><strong>autem</strong></span> <span class='ocrx_word' id='word_1_296' title='bbox 1221 2262 1422 2316; x_wconf 82' lang='lat' dir='ltr'><strong>diaboli</strong></span> <span class='ocrx_word' id='word_1_297' title='bbox 1478 2262 1677 2316; x_wconf 80' lang='lat' dir='ltr'><strong>invidia</strong></span> <span class='ocrx_word' id='word_1_298' title='bbox 1726 2278 1870 2316; x_wconf 91' lang='lat' dir='ltr'><strong>mors</strong></span> <span class='ocrx_word' id='word_1_299' title='bbox 1914 2262 1966 2317; x_wconf 92' lang='lat' dir='ltr'><strong>in</strong></span> 
     </span>
    </p>
   </div>
   <div class='ocr_carea' id='block_1_42' title="bbox 379 2353 1965 2423">
    <p class='ocr_par' dir='ltr' id='par_1_42' title="bbox 379 2353 1965 2423">
     <span class='ocr_line' id='line_1_42' title="bbox 379 2353 1965 2423; baseline 0.001 -19"><span class='ocrx_word' id='word_1_300' title='bbox 379 2353 635 2407; x_wconf 89' lang='lat' dir='ltr'><strong>mundum</strong></span> <span class='ocrx_word' id='word_1_301' title='bbox 682 2354 904 2407; x_wconf 89' lang='lat' dir='ltr'><strong>intravit</strong></span> <span class='ocrx_word' id='word_1_302' title='bbox 945 2354 1013 2418; x_wconf 86' lang='grc'><strong>⁹¹,</strong></span> <span class='ocrx_word' id='word_1_303' title='bbox 1060 2354 1444 2422; x_wconf 88' lang='lat' dir='ltr'><strong>hominemque</strong></span> <span class='ocrx_word' id='word_1_304' title='bbox 1486 2369 1583 2423; x_wconf 90' lang='lat' dir='ltr'><strong>per</strong></span> <span class='ocrx_word' id='word_1_305' title='bbox 1624 2353 1865 2407; x_wconf 81' lang='lat' dir='ltr'><strong>fraudem</strong></span> <span class='ocrx_word' id='word_1_306' title='bbox 1900 2354 1965 2406; x_wconf 92' lang='lat' dir='ltr'><strong>il-</strong></span> 
     </span>
    </p>
   </div>
   <div class='ocr_carea' id='block_1_43' title="bbox 377 2443 1961 2512">
    <p class='ocr_par' dir='ltr' id='par_1_43' title="bbox 377 2443 1961 2512">
     <span class='ocr_line' id='line_1_43' title="bbox 377 2443 1961 2512; baseline -0.001 -14"><span class='ocrx_word' id='word_1_307' title='bbox 377 2443 512 2498; x_wconf 79' lang='lat' dir='ltr'><strong>lexit</strong></span> <span class='ocrx_word' id='word_1_308' title='bbox 548 2459 613 2498; x_wconf 89' lang='lat' dir='ltr'><strong>ac</strong></span> <span class='ocrx_word' id='word_1_309' title='bbox 644 2444 1023 2510; x_wconf 88' lang='lat' dir='ltr'><strong>circumvenit,</strong></span> <span class='ocrx_word' id='word_1_310' title='bbox 1061 2444 1270 2498; x_wconf 86' lang='lat' dir='ltr'><strong>idcirco</strong></span> <span class='ocrx_word' id='word_1_311' title='bbox 1308 2445 1451 2499; x_wconf 90' lang='lat' dir='ltr'><strong>Deus</strong></span> <span class='ocrx_word' id='word_1_312' title='bbox 1486 2445 1740 2512; x_wconf 83' lang='lat' dir='ltr'><strong>passione</strong></span> <span class='ocrx_word' id='word_1_313' title='bbox 1775 2454 1961 2498; x_wconf 91' lang='lat' dir='ltr'><strong>nostra</strong></span> 
     </span>
    </p>
   </div>
   <div class='ocr_carea' id='block_1_44' title="bbox 2063 1803 3651 1876">
    <p class='ocr_par' dir='ltr' id='par_1_44' title="bbox 2063 1803 3651 1876">
     <span class='ocr_line' id='line_1_44' title="bbox 2063 1803 3651 1876; baseline 0.002 -19"><span class='ocrx_word' id='word_1_314' title='bbox 2063 1805 2153 1859; x_wconf 93' lang='grc' dir='ltr'><strong>λον</strong></span> <span class='ocrx_word' id='word_1_315' title='bbox 2200 1806 2300 1876; x_wconf 83' lang='grc' dir='ltr'><strong>τῆς</strong></span> <span class='ocrx_word' id='word_1_316' title='bbox 2348 1803 2618 1873; x_wconf 83' lang='grc' dir='ltr'>γνώσεως.</span> <span class='ocrx_word' id='word_1_317' title='bbox 2670 1804 2780 1856; x_wconf 75' lang='grc' dir='ltr'><strong>Καὶ</strong></span> <span class='ocrx_word' id='word_1_318' title='bbox 2823 1805 2876 1856; x_wconf 87' lang='grc' dir='ltr'><strong>τί</strong></span> <span class='ocrx_word' id='word_1_319' title='bbox 2915 1806 3229 1873; x_wconf 89' lang='grc' dir='ltr'>γεγονότες;</span> <span class='ocrx_word' id='word_1_320' title='bbox 3280 1806 3651 1860; x_wconf 81' lang='grc' dir='ltr'>Ἀπαθανατι-</span> 
     </span>
    </p>
   </div>
   <div class='ocr_carea' id='block_1_45' title="bbox 2065 1894 3648 1968">
    <p class='ocr_par' dir='ltr' id='par_1_45' title="bbox 2065 1894 3648 1968">
     <span class='ocr_line' id='line_1_45' title="bbox 2065 1894 3648 1968; baseline 0.001 -19"><span class='ocrx_word' id='word_1_321' title='bbox 2065 1896 2302 1961; x_wconf 86' lang='grc' dir='ltr'>σθέντες,</span> <span class='ocrx_word' id='word_1_322' title='bbox 2356 1896 2449 1950; x_wconf 75' lang='grc' dir='ltr'>καὶ</span> <span class='ocrx_word' id='word_1_323' title='bbox 2485 1894 2605 1965; x_wconf 86' lang='grc' dir='ltr'><strong>Θεῷ</strong></span> <span class='ocrx_word' id='word_1_324' title='bbox 2654 1894 3067 1964; x_wconf 80' lang='grc' dir='ltr'>πλησιάσαντες.</span> <span class='ocrx_word' id='word_1_325' title='bbox 3112 1898 3262 1950; x_wconf 78' lang='grc' dir='ltr'>Ἐπεὶ</span> <span class='ocrx_word' id='word_1_326' title='bbox 3303 1897 3359 1950; x_wconf 81' lang='grc' dir='ltr'>δὲ</span> <span class='ocrx_word' id='word_1_327' title='bbox 3396 1898 3475 1968; x_wconf 84' lang='grc' dir='ltr'>τῷ</span> <span class='ocrx_word' id='word_1_328' title='bbox 3508 1897 3648 1967; x_wconf 83' lang='grc' dir='ltr'>φθό-</span> 
     </span>
    </p>
   </div>
   <div class='ocr_carea' id='block_1_46' title="bbox 2062 1984 3649 2061">
    <p class='ocr_par' dir='ltr' id='par_1_46' title="bbox 2062 1984 3649 2061">
     <span class='ocr_line' id='line_1_46' title="bbox 2062 1984 3649 2061; baseline 0.003 -23"><span class='ocrx_word' id='word_1_329' title='bbox 2062 2003 2137 2056; x_wconf 86' lang='grc' dir='ltr'>νῳ</span> <span class='ocrx_word' id='word_1_330' title='bbox 2164 1986 2275 2055; x_wconf 84' lang='grc'>(86)</span> <span class='ocrx_word' id='word_1_331' title='bbox 2301 1985 2396 2039; x_wconf 89' lang='grc' dir='ltr'><strong>τοῦ</strong></span> <span class='ocrx_word' id='word_1_332' title='bbox 2444 1984 2681 2056; x_wconf 87' lang='grc' dir='ltr'>πονηροῦ</span> <span class='ocrx_word' id='word_1_333' title='bbox 2716 1985 2944 2049; x_wconf 83' lang='grc' dir='ltr'>θάνατος</span> <span class='ocrx_word' id='word_1_334' title='bbox 2994 1988 3073 2050; x_wconf 89' lang='grc' dir='ltr'><strong>είς</strong></span> <span class='ocrx_word' id='word_1_335' title='bbox 3099 1988 3190 2041; x_wconf 83' lang='grc' dir='ltr'><strong>τὸν</strong></span> <span class='ocrx_word' id='word_1_336' title='bbox 3225 1988 3429 2059; x_wconf 88' lang='grc' dir='ltr'>κόσμον</span> <span class='ocrx_word' id='word_1_337' title='bbox 3454 1989 3649 2061; x_wconf 84' lang='grc' dir='ltr'>εἰσῆλ-</span> 
     </span>
    </p>
   </div>
   <div class='ocr_carea' id='block_1_47' title="bbox 2061 2077 3652 2149">
    <p class='ocr_par' dir='ltr' id='par_1_47' title="bbox 2061 2077 3652 2149">
     <span class='ocr_line' id='line_1_47' title="bbox 2061 2077 3652 2149; baseline 0.003 -20"><span class='ocrx_word' id='word_1_338' title='bbox 2061 2077 2143 2143; x_wconf 88' lang='grc' dir='ltr'><strong>θε,</strong></span> <span class='ocrx_word' id='word_1_339' title='bbox 2174 2079 2269 2131; x_wconf 79' lang='grc' dir='ltr'>καὶ</span> <span class='ocrx_word' id='word_1_340' title='bbox 2293 2077 2478 2147; x_wconf 81' lang='grc' dir='ltr'>ὑφεῖλε</span> <span class='ocrx_word' id='word_1_341' title='bbox 2506 2077 2593 2130; x_wconf 85' lang='grc' dir='ltr'>διὰ</span> <span class='ocrx_word' id='word_1_342' title='bbox 2614 2077 2712 2145; x_wconf 81' lang='grc' dir='ltr'><strong>τῆς</strong></span> <span class='ocrx_word' id='word_1_343' title='bbox 2737 2077 2951 2149; x_wconf 78' lang='grc' dir='ltr'><strong>ἀπάτης</strong></span> <span class='ocrx_word' id='word_1_344' title='bbox 2973 2079 3066 2130; x_wconf 82' lang='grc' dir='ltr'><strong>τὸν</strong></span> <span class='ocrx_word' id='word_1_345' title='bbox 3088 2078 3390 2149; x_wconf 79' lang='grc' dir='ltr'>ἄνθρωπον,</span> <span class='ocrx_word' id='word_1_346' title='bbox 3414 2080 3501 2135; x_wconf 81' lang='grc' dir='ltr'>διὰ</span> <span class='ocrx_word' id='word_1_347' title='bbox 3522 2080 3652 2133; x_wconf 81' lang='grc' dir='ltr'>τοῦ·</span> 
     </span>
    </p>
   </div>
   <div class='ocr_carea' id='block_1_48' title="bbox 2060 2168 3649 2241">
    <p class='ocr_par' dir='ltr' id='par_1_48' title="bbox 2060 2168 3649 2241">
     <span class='ocr_line' id='line_1_48' title="bbox 2060 2168 3649 2241; baseline 0.003 -20"><span class='ocrx_word' id='word_1_348' title='bbox 2060 2185 2122 2222; x_wconf 86' lang='grc' dir='ltr'><strong>το</strong></span> <span class='ocrx_word' id='word_1_349' title='bbox 2154 2168 2231 2239; x_wconf 82' lang='grc' dir='ltr'>τῷ</span> <span class='ocrx_word' id='word_1_350' title='bbox 2267 2169 2523 2239; x_wconf 79' lang='grc' dir='ltr'>ἡμετέρῳ</span> <span class='ocrx_word' id='word_1_351' title='bbox 2571 2168 2732 2222; x_wconf 81' lang='grc' dir='ltr'>πάθει</span> <span class='ocrx_word' id='word_1_352' title='bbox 2769 2170 2966 2239; x_wconf 85' lang='grc' dir='ltr'>πάσχει</span> <span class='ocrx_word' id='word_1_353' title='bbox 3005 2169 3158 2233; x_wconf 84' lang='grc' dir='ltr'>Θεὸς,</span> <span class='ocrx_word' id='word_1_354' title='bbox 3211 2171 3502 2241; x_wconf 87' lang='grc' dir='ltr'>γενόμενος</span> <span class='ocrx_word' id='word_1_355' title='bbox 3540 2173 3649 2226; x_wconf 77' lang='grc' dir='ltr'><strong>ἇν-</strong></span> 
     </span>
    </p>
   </div>
   <div class='ocr_carea' id='block_1_49' title="bbox 2065 2257 3649 2331">
    <p class='ocr_par' dir='ltr' id='par_1_49' title="bbox 2065 2257 3649 2331">
     <span class='ocr_line' id='line_1_49' title="bbox 2065 2257 3649 2331; baseline 0.003 -21"><span class='ocrx_word' id='word_1_356' title='bbox 2065 2260 2301 2327; x_wconf 86' lang='grc' dir='ltr'>θρωπος,</span> <span class='ocrx_word' id='word_1_357' title='bbox 2351 2257 2446 2309; x_wconf 74' lang='lat' dir='ltr'><strong>xa‘t</strong></span> <span class='ocrx_word' id='word_1_358' title='bbox 2503 2259 2769 2327; x_wconf 83' lang='grc' dir='ltr'>πτωχεύει</span> <span class='ocrx_word' id='word_1_359' title='bbox 2811 2257 2889 2327; x_wconf 81' lang='grc' dir='ltr'><strong>τῷ</strong></span> <span class='ocrx_word' id='word_1_360' title='bbox 2927 2258 3063 2328; x_wconf 80' lang='grc' dir='ltr'>σὰρξ</span> <span class='ocrx_word' id='word_1_361' title='bbox 3113 2259 3225 2330; x_wconf 87' lang='grc'>(87)</span> <span class='ocrx_word' id='word_1_362' title='bbox 3272 2264 3534 2331; x_wconf 82' lang='grc' dir='ltr'>παγῆναι,</span> <span class='ocrx_word' id='word_1_363' title='bbox 3575 2263 3649 2314; x_wconf 78' lang='grc' dir='ltr'>ἵν’</span> 
     </span>
    </p>
   </div>
   <div class='ocr_carea' id='block_1_50' title="bbox 2063 2348 3654 2421">
    <p class='ocr_par' dir='ltr' id='par_1_50' title="bbox 2063 2348 3654 2421">
     <span class='ocr_line' id='line_1_50' title="bbox 2063 2348 3654 2421; baseline 0.003 -20"><span class='ocrx_word' id='word_1_364' title='bbox 2063 2351 2224 2420; x_wconf 78' lang='grc' dir='ltr'>ἡμεῖς</span> <span class='ocrx_word' id='word_1_365' title='bbox 2257 2350 2322 2419; x_wconf 86' lang='grc' dir='ltr'>τῇ</span> <span class='ocrx_word' id='word_1_366' title='bbox 2363 2348 2571 2402; x_wconf 77' lang='grc' dir='ltr'>ἐκείνου</span> <span class='ocrx_word' id='word_1_367' title='bbox 2608 2350 2853 2419; x_wconf 83' lang='grc' dir='ltr'>πτωχείᾳ</span> <span class='ocrx_word' id='word_1_368' title='bbox 2896 2349 3303 2421; x_wconf 78' lang='grc' dir='ltr'>πλουτήσωμεν.</span> <span class='ocrx_word' id='word_1_369' title='bbox 3360 2352 3654 2406; x_wconf 79' lang='grc' dir='ltr'>Ἐντεῦθεν</span> 
     </span>
    </p>
   </div>
   <div class='ocr_carea' id='block_1_51' title="bbox 2061 2438 3651 2511">
    <p class='ocr_par' dir='ltr' id='par_1_51' title="bbox 2061 2438 3651 2511">
     <span class='ocr_line' id='line_1_51' title="bbox 2061 2438 3651 2511; baseline 0.001 -18"><span class='ocrx_word' id='word_1_370' title='bbox 2061 2439 2308 2504; x_wconf 86' lang='grc' dir='ltr'>θάνατος,</span> <span class='ocrx_word' id='word_1_371' title='bbox 2336 2439 2429 2490; x_wconf 80' lang='grc' dir='ltr'><strong>καὶ</strong></span> <span class='ocrx_word' id='word_1_372' title='bbox 2456 2438 2622 2509; x_wconf 74' lang='grc' dir='ltr'>ταφὴ,</span> <span class='ocrx_word' id='word_1_373' title='bbox 2653 2441 2745 2493; x_wconf 77' lang='grc' dir='ltr'>καὶ</span> <span class='ocrx_word' id='word_1_374' title='bbox 2767 2440 3083 2502; x_wconf 82' lang='grc' dir='ltr'>ἀνάστασις.</span> <span class='ocrx_word' id='word_1_375' title='bbox 3104 2441 3382 2494; x_wconf 73' lang='grc' dir='ltr'>Ἐντεῦθεν</span> <span class='ocrx_word' id='word_1_376' title='bbox 3408 2443 3442 2511; x_wconf 82' lang='grc' dir='ltr'><strong>ἡ</strong></span> <span class='ocrx_word' id='word_1_377' title='bbox 3477 2444 3651 2511; x_wconf 74' lang='grc' dir='ltr'>καινὴ</span> 
     </span>
    </p>
   </div>
   <div class='ocr_carea' id='block_1_52' title="bbox 375 2529 1958 2604">
    <p class='ocr_par' dir='ltr' id='par_1_52' title="bbox 375 2534 1958 2604">
     <span class='ocr_line' id='line_1_52' title="bbox 375 2534 1958 2604; baseline 0 -17"><span class='ocrx_word' id='word_1_378' title='bbox 375 2534 607 2604; x_wconf 89' lang='lat' dir='ltr'><strong>patitur,</strong></span> <span class='ocrx_word' id='word_1_379' title='bbox 646 2537 899 2589; x_wconf 90' lang='lat' dir='ltr'><strong>nimirum</strong></span> <span class='ocrx_word' id='word_1_380' title='bbox 943 2536 1103 2589; x_wconf 86' lang='lat' dir='ltr'><strong>homo</strong></span> <span class='ocrx_word' id='word_1_381' title='bbox 1144 2534 1355 2597; x_wconf 83' lang='lat' dir='ltr'><strong>factus,</strong></span> <span class='ocrx_word' id='word_1_382' title='bbox 1405 2550 1579 2604; x_wconf 88' lang='lat' dir='ltr'><strong>eoque</strong></span> <span class='ocrx_word' id='word_1_383' title='bbox 1624 2536 1958 2603; x_wconf 80' lang='lat' dir='ltr'><strong>paupertatis</strong></span> 
     </span>
    </p>
   </div>
   <div class='ocr_carea' id='block_1_53' title="bbox 2062 2529 3651 2604">
    <p class='ocr_par' dir='ltr' id='par_1_53' title="bbox 2062 2529 3651 2604">
     <span class='ocr_line' id='line_1_53' title="bbox 2062 2529 3651 2604; baseline 0.002 -22"><span class='ocrx_word' id='word_1_384' title='bbox 2062 2530 2254 2592; x_wconf 86' lang='grc' dir='ltr'>κτίσις,</span> <span class='ocrx_word' id='word_1_385' title='bbox 2303 2531 2398 2582; x_wconf 76' lang='grc' dir='ltr'><strong>καὶ</strong></span> <span class='ocrx_word' id='word_1_386' title='bbox 2443 2529 2731 2600; x_wconf 84' lang='grc' dir='ltr'>μεθέορτος</span> <span class='ocrx_word' id='word_1_387' title='bbox 2767 2532 2948 2603; x_wconf 82' lang='grc' dir='ltr'>ἑορτὴ,</span> <span class='ocrx_word' id='word_1_388' title='bbox 2992 2534 3087 2585; x_wconf 75' lang='grc' dir='ltr'><strong>καὶ</strong></span> <span class='ocrx_word' id='word_1_389' title='bbox 3136 2532 3298 2585; x_wconf 72' lang='grc' dir='ltr'>πάλιν</span> <span class='ocrx_word' id='word_1_390' title='bbox 3332 2531 3442 2601; x_wconf 82' lang='grc' dir='ltr'><strong>ἐγὼ</strong></span> <span class='ocrx_word' id='word_1_391' title='bbox 3467 2550 3651 2604; x_wconf 83' lang='grc' dir='ltr'>πανη-</span> 
     </span>
    </p>
   </div>
   <div class='ocr_carea' id='block_1_54' title="bbox 348 2617 1958 2696">
    <p class='ocr_par' dir='ltr' id='par_1_54' title="bbox 348 2617 1958 2696">
     <span class='ocr_line' id='line_1_54' title="bbox 348 2617 1958 2696; baseline 0.001 -19"><span class='ocrx_word' id='word_1_392' title='bbox 348 2617 498 2679; x_wconf 73' lang='grc' dir='ltr'>ἐθεο</span> <span class='ocrx_word' id='word_1_393' title='bbox 544 2626 755 2694; x_wconf 86' lang='lat' dir='ltr'><strong>dejicit,</strong></span> <span class='ocrx_word' id='word_1_394' title='bbox 812 2638 869 2680; x_wconf 92' lang='lat' dir='ltr'><strong>ut</strong></span> <span class='ocrx_word' id='word_1_395' title='bbox 914 2641 1044 2681; x_wconf 90' lang='lat' dir='ltr'><strong>caro</strong></span> <span class='ocrx_word' id='word_1_396' title='bbox 1079 2627 1481 2696; x_wconf 81' lang='lat' dir='ltr'><strong>compingatur,</strong></span> <span class='ocrx_word' id='word_1_397' title='bbox 1516 2641 1621 2695; x_wconf 88' lang='lat' dir='ltr'><strong>quo</strong></span> <span class='ocrx_word' id='word_1_398' title='bbox 1663 2642 1762 2679; x_wconf 87' lang='lat' dir='ltr'><strong>nos</strong></span> <span class='ocrx_word' id='word_1_399' title='bbox 1793 2625 1958 2695; x_wconf 79' lang='lat'><strong>838</strong></span> 
     </span>
    </p>
   </div>
   <div class='ocr_carea' id='block_1_55' title="bbox 2062 2617 3650 2696">
    <p class='ocr_par' dir='ltr' id='par_1_55' title="bbox 2062 2620 3650 2696">
     <span class='ocr_line' id='line_1_55' title="bbox 2062 2620 3650 2696; baseline 0.006 -25"><span class='ocrx_word' id='word_1_400' title='bbox 2062 2620 2340 2691; x_wconf 80' lang='grc' dir='ltr'>γυριστὴς,</span> <span class='ocrx_word' id='word_1_401' title='bbox 2391 2621 2711 2689; x_wconf 79' lang='grc' dir='ltr'>ὲγκαινίζων</span> <span class='ocrx_word' id='word_1_402' title='bbox 2759 2623 2858 2693; x_wconf 78' lang='grc' dir='ltr'>τὴν</span> <span class='ocrx_word' id='word_1_403' title='bbox 2898 2622 3133 2694; x_wconf 76' lang='grc' dir='ltr'>ἐμαυτοῦ</span> <span class='ocrx_word' id='word_1_404' title='bbox 3178 2623 3288 2696; x_wconf 84' lang='grc'>(88)</span> <span class='ocrx_word' id='word_1_405' title='bbox 3342 2625 3650 2696; x_wconf 83' lang='grc' dir='ltr'>σωτηρίαν.</span> 
     </span>
    </p>
   </div>
   <div class='ocr_carea' id='block_1_56' title="bbox 374 2710 3648 2785">
    <p class='ocr_par' dir='ltr' id='par_1_56' title="bbox 374 2710 3648 2785">
     <span class='ocr_line' id='line_1_56' title="bbox 374 2710 3648 2785; baseline 0.001 -17"><span class='ocrx_word' id='word_1_406' title='bbox 374 2716 494 2785; x_wconf 82' lang='lat' dir='ltr'><strong>ejus</strong></span> <span class='ocrx_word' id='word_1_407' title='bbox 544 2723 857 2784; x_wconf 82' lang='lat' dir='ltr'><strong>paupertate</strong></span> <span class='ocrx_word' id='word_1_408' title='bbox 885 2715 1136 2768; x_wconf 89' lang='lat' dir='ltr'><strong>ditemur.</strong></span> <span class='ocrx_word' id='word_1_409' title='bbox 1173 2713 1311 2767; x_wconf 84' lang='lat' dir='ltr'><strong>llinc</strong></span> <span class='ocrx_word' id='word_1_410' title='bbox 1345 2729 1525 2780; x_wconf 88' lang='lat' dir='ltr'><strong>mors,</strong></span> <span class='ocrx_word' id='word_1_411' title='bbox 1557 2723 1607 2767; x_wconf 92' lang='lat' dir='ltr'><strong>et</strong></span> <span class='ocrx_word' id='word_1_412' title='bbox 1651 2714 1949 2782; x_wconf 87' lang='lat' dir='ltr'><strong>sepultura,</strong></span> <span class='ocrx_word' id='word_1_413' title='bbox 1991 2720 2046 2765; x_wconf 89' lang='lat' dir='ltr'><strong>et</strong></span> <span class='ocrx_word' id='word_1_414' title='bbox 2075 2710 2420 2764; x_wconf 85' lang='lat' dir='ltr'><strong>resurrectio.</strong></span> <span class='ocrx_word' id='word_1_415' title='bbox 2458 2710 2591 2763; x_wconf 89' lang='lat' dir='ltr'><strong>Hinc</strong></span> <span class='ocrx_word' id='word_1_416' title='bbox 2628 2726 2764 2764; x_wconf 89' lang='lat' dir='ltr'><strong>nova</strong></span> <span class='ocrx_word' id='word_1_417' title='bbox 2805 2724 3073 2782; x_wconf 84' lang='lat' dir='ltr'><strong>creatura,</strong></span> <span class='ocrx_word' id='word_1_418' title='bbox 3142 2724 3197 2770; x_wconf 92' lang='lat' dir='ltr'><strong>et</strong></span> <span class='ocrx_word' id='word_1_419' title='bbox 3263 2714 3457 2769; x_wconf 80' lang='lat' dir='ltr'><strong>festum</strong></span> <span class='ocrx_word' id='word_1_420' title='bbox 3502 2717 3648 2771; x_wconf 78' lang='lat' dir='ltr'><strong>festo</strong></span> 
     </span>
    </p>
   </div>
   <div class='ocr_carea' id='block_1_57' title="bbox 374 2804 2743 2878">
    <p class='ocr_par' dir='ltr' id='par_1_57' title="bbox 374 2804 2743 2878">
     <span class='ocr_line' id='line_1_57' title="bbox 374 2804 2743 2878; baseline -0.003 -12"><span class='ocrx_word' id='word_1_421' title='bbox 374 2812 693 2875; x_wconf 74' lang='lat' dir='ltr'><strong>succedens,</strong></span> <span class='ocrx_word' id='word_1_422' title='bbox 717 2824 782 2864; x_wconf 90' lang='lat' dir='ltr'><strong>ac</strong></span> <span class='ocrx_word' id='word_1_423' title='bbox 817 2825 1007 2863; x_wconf 88' lang='lat' dir='ltr'><strong>rursus</strong></span> <span class='ocrx_word' id='word_1_424' title='bbox 1034 2824 1133 2878; x_wconf 86' lang='lat' dir='ltr'><strong>ego</strong></span> <span class='ocrx_word' id='word_1_425' title='bbox 1164 2807 1361 2863; x_wconf 80' lang='lat' dir='ltr'><strong>festum</strong></span> <span class='ocrx_word' id='word_1_426' title='bbox 1393 2809 1533 2864; x_wconf 92' lang='lat' dir='ltr'><strong>diem</strong></span> <span class='ocrx_word' id='word_1_427' title='bbox 1563 2810 1728 2878; x_wconf 89' lang='lat' dir='ltr'><strong>agito,</strong></span> <span class='ocrx_word' id='word_1_428' title='bbox 1761 2809 1953 2864; x_wconf 87' lang='lat' dir='ltr'><strong>salutis</strong></span> <span class='ocrx_word' id='word_1_429' title='bbox 1993 2820 2124 2860; x_wconf 66' lang='lat' dir='ltr'><strong>mea:</strong></span> <span class='ocrx_word' id='word_1_430' title='bbox 2160 2804 2409 2857; x_wconf 64' lang='lat' dir='ltr'><strong>Eucmuia</strong></span> <span class='ocrx_word' id='word_1_431' title='bbox 2437 2804 2743 2859; x_wconf 79' lang='lat' dir='ltr'><strong>celebrans.</strong></span> 
     </span>
    </p>
   </div>
   <div class='ocr_carea' id='block_1_58' title="bbox 444 2891 1958 2971">
    <p class='ocr_par' dir='ltr' id='par_1_58' title="bbox 444 2898 1947 2970">
     <span class='ocr_line' id='line_1_58' title="bbox 444 2898 1947 2970; baseline 0.001 -20"><span class='ocrx_word' id='word_1_432' title='bbox 444 2899 512 2957; x_wconf 67' lang='grc' dir='ltr'><strong>ν.</strong></span> <span class='ocrx_word' id='word_1_433' title='bbox 541 2898 677 2965; x_wconf 91' lang='lat' dir='ltr'><strong>Quid</strong></span> <span class='ocrx_word' id='word_1_434' title='bbox 722 2899 907 2969; x_wconf 88' lang='lat' dir='ltr'><strong>igitur,</strong></span> <span class='ocrx_word' id='word_1_435' title='bbox 950 2901 1149 2955; x_wconf 78' lang='lat' dir='ltr'><strong>dixerit</strong></span> <span class='ocrx_word' id='word_1_436' title='bbox 1191 2900 1498 2970; x_wconf 73' lang='lat' dir='ltr'><strong>quispiam!</strong></span> <span class='ocrx_word' id='word_1_437' title='bbox 1546 2900 1733 2956; x_wconf 83' lang='lat' dir='ltr'><strong>Nonne</strong></span> <span class='ocrx_word' id='word_1_438' title='bbox 1773 2915 1947 2969; x_wconf 81' lang='lat' dir='ltr'><strong>prima</strong></span> 
     </span>
    </p>
   </div>
   <div class='ocr_carea' id='block_1_59' title="bbox 2062 2891 3652 2971">
    <p class='ocr_par' dir='ltr' id='par_1_59' title="bbox 2122 2891 3652 2971">
     <span class='ocr_line' id='line_1_59' title="bbox 2122 2891 3652 2971; baseline 0.004 -23"><span class='ocrx_word' id='word_1_439' title='bbox 2122 2898 2197 2950; x_wconf 81' lang='lat' dir='ltr'><strong>E&#39;.</strong></span> <span class='ocrx_word' id='word_1_440' title='bbox 2235 2895 2299 2947; x_wconf 87' lang='grc' dir='ltr'>Τί</span> <span class='ocrx_word' id='word_1_441' title='bbox 2327 2891 2440 2960; x_wconf 78' lang='grc' dir='ltr'>οὖν,</span> <span class='ocrx_word' id='word_1_442' title='bbox 2472 2896 2671 2966; x_wconf 85' lang='grc' dir='ltr'>φησίν;</span> <span class='ocrx_word' id='word_1_443' title='bbox 2710 2897 2820 2967; x_wconf 78' lang='grc' dir='ltr'><strong>Οὐχ</strong></span> <span class='ocrx_word' id='word_1_444' title='bbox 2861 2898 2893 2967; x_wconf 80' lang='grc' dir='ltr'>ἡ</span> <span class='ocrx_word' id='word_1_445' title='bbox 2927 2897 3114 2968; x_wconf 80' lang='grc' dir='ltr'>πρώτη</span> <span class='ocrx_word' id='word_1_446' title='bbox 3147 2900 3399 2971; x_wconf 72' lang='grc' dir='ltr'>Κυριακὴ</span> <span class='ocrx_word' id='word_1_447' title='bbox 3422 2898 3483 2953; x_wconf 73' lang='grc' dir='ltr'>τὸ</span> <span class='ocrx_word' id='word_1_448' title='bbox 3520 2900 3652 2971; x_wconf 80' lang='grc' dir='ltr'><strong>Ἐγ-</strong></span> 
     </span>
    </p>
   </div>
   <div class='ocr_carea' id='block_1_60' title="bbox 376 2984 1958 3063">
    <p class='ocr_par' dir='ltr' id='par_1_60' title="bbox 376 2989 1952 3061">
     <span class='ocr_line' id='line_1_60' title="bbox 376 2989 1952 3061; baseline -0.001 -18"><span class='ocrx_word' id='word_1_449' title='bbox 376 2991 655 3046; x_wconf 84' lang='lat' dir='ltr'><strong>Dominica</strong></span> <span class='ocrx_word' id='word_1_450' title='bbox 692 2989 1004 3045; x_wconf 70' lang='lat' dir='ltr'><strong>Eucaenium</strong></span> <span class='ocrx_word' id='word_1_451' title='bbox 1032 3002 1147 3046; x_wconf 89' lang='lat' dir='ltr'><strong>erat</strong></span> <span class='ocrx_word' id='word_1_452' title='bbox 1168 3029 1183 3055; x_wconf 91' lang='lat'><strong>,</strong></span> <span class='ocrx_word' id='word_1_453' title='bbox 1220 3006 1311 3056; x_wconf 87' lang='lat' dir='ltr'><strong>ea,</strong></span> <span class='ocrx_word' id='word_1_454' title='bbox 1339 2993 1594 3059; x_wconf 88' lang='lat' dir='ltr'><strong>inquam,</strong></span> <span class='ocrx_word' id='word_1_455' title='bbox 1625 3006 1746 3061; x_wconf 63' lang='lat' dir='ltr'><strong>quae</strong></span> <span class='ocrx_word' id='word_1_456' title='bbox 1770 3005 1952 3045; x_wconf 86' lang='lat' dir='ltr'><strong>sacro—</strong></span> 
     </span>
    </p>
   </div>
   <div class='ocr_carea' id='block_1_61' title="bbox 2062 2984 3646 3063">
    <p class='ocr_par' dir='ltr' id='par_1_61' title="bbox 2062 2984 3646 3063">
     <span class='ocr_line' id='line_1_61' title="bbox 2062 2984 3646 3063; baseline 0.003 -22"><span class='ocrx_word' id='word_1_457' title='bbox 2062 2988 2266 3041; x_wconf 86' lang='grc' dir='ltr'>καίνιον</span> <span class='ocrx_word' id='word_1_458' title='bbox 2299 2984 2385 3057; x_wconf 77' lang='grc' dir='ltr'>ἦν,</span> <span class='ocrx_word' id='word_1_459' title='bbox 2437 2990 2468 3057; x_wconf 89' lang='grc' dir='ltr'><strong>ή</strong></span> <span class='ocrx_word' id='word_1_460' title='bbox 2513 2986 2652 3056; x_wconf 77' lang='grc' dir='ltr'>μετὰ</span> <span class='ocrx_word' id='word_1_461' title='bbox 2690 2989 2788 3058; x_wconf 86' lang='grc' dir='ltr'>τὴν</span> <span class='ocrx_word' id='word_1_462' title='bbox 2820 2990 2969 3060; x_wconf 75' lang='grc' dir='ltr'>ἱερὰν</span> <span class='ocrx_word' id='word_1_463' title='bbox 2995 2988 3165 3042; x_wconf 85' lang='grc' dir='ltr'>νύκτα</span> <span class='ocrx_word' id='word_1_464' title='bbox 3197 2991 3290 3043; x_wconf 78' lang='grc' dir='ltr'><strong>καὶ</strong></span> <span class='ocrx_word' id='word_1_465' title='bbox 3315 2990 3646 3063; x_wconf 80' lang='grc' dir='ltr'>δᾳδουχίαν;</span> 
     </span>
    </p>
   </div>
   <div class='ocr_carea' id='block_1_62' title="bbox 376 3080 1951 3151">
    <p class='ocr_par' dir='ltr' id='par_1_62' title="bbox 376 3080 1951 3151">
     <span class='ocr_line' id='line_1_62' title="bbox 376 3080 1951 3151; baseline -0.002 -16"><span class='ocrx_word' id='word_1_466' title='bbox 376 3091 619 3136; x_wconf 88' lang='lat' dir='ltr'><strong>sanctam</strong></span> <span class='ocrx_word' id='word_1_467' title='bbox 662 3080 806 3135; x_wconf 90' lang='lat' dir='ltr'><strong>illam</strong></span> <span class='ocrx_word' id='word_1_468' title='bbox 860 3091 1109 3146; x_wconf 87' lang='lat' dir='ltr'><strong>noctem,</strong></span> <span class='ocrx_word' id='word_1_469' title='bbox 1177 3091 1233 3135; x_wconf 89' lang='lat' dir='ltr'><strong>et</strong></span> <span class='ocrx_word' id='word_1_470' title='bbox 1289 3082 1550 3135; x_wconf 91' lang='lat' dir='ltr'><strong>luminum</strong></span> <span class='ocrx_word' id='word_1_471' title='bbox 1593 3082 1951 3151; x_wconf 88' lang='lat' dir='ltr'><strong>gestationem</strong></span> 
     </span>
    </p>
   </div>
   <div class='ocr_carea' id='block_1_63' title="bbox 377 3169 1955 3242">
    <p class='ocr_par' dir='ltr' id='par_1_63' title="bbox 377 3169 1955 3242">
     <span class='ocr_line' id='line_1_63' title="bbox 377 3169 1955 3242; baseline -0.004 -15"><span class='ocrx_word' id='word_1_472' title='bbox 377 3172 633 3242; x_wconf 81' lang='lat' dir='ltr'><strong>excepit?</strong></span> <span class='ocrx_word' id='word_1_473' title='bbox 663 3171 801 3238; x_wconf 88' lang='lat' dir='ltr'><strong>Quid</strong></span> <span class='ocrx_word' id='word_1_474' title='bbox 857 3172 1023 3241; x_wconf 87' lang='lat' dir='ltr'><strong>igitur</strong></span> <span class='ocrx_word' id='word_1_475' title='bbox 1064 3172 1338 3226; x_wconf 78' lang='lat' dir='ltr'><strong>hodierna:</strong></span> <span class='ocrx_word' id='word_1_476' title='bbox 1385 3170 1681 3224; x_wconf 70' lang='lat' dir='ltr'><strong>Dominicrc</strong></span> <span class='ocrx_word' id='word_1_477' title='bbox 1713 3171 1815 3223; x_wconf 88' lang='lat' dir='ltr'><strong>hoc</strong></span> <span class='ocrx_word' id='word_1_478' title='bbox 1857 3169 1955 3221; x_wconf 92' lang='lat' dir='ltr'><strong>tri-</strong></span> 
     </span>
    </p>
   </div>
   <div class='ocr_carea' id='block_1_64' title="bbox 386 3260 1955 3329">
    <p class='ocr_par' dir='ltr' id='par_1_64' title="bbox 386 3260 1955 3329">
     <span class='ocr_line' id='line_1_64' title="bbox 386 3260 1955 3329; baseline -0.002 -15"><span class='ocrx_word' id='word_1_479' title='bbox 386 3261 528 3325; x_wconf 88' lang='lat' dir='ltr'><strong>buis,</strong></span> <span class='ocrx_word' id='word_1_480' title='bbox 563 3276 596 3314; x_wconf 90' lang='grc' dir='ltr'><strong>ο</strong></span> <span class='ocrx_word' id='word_1_481' title='bbox 624 3260 881 3314; x_wconf 84' lang='lat' dir='ltr'><strong>festorum</strong></span> <span class='ocrx_word' id='word_1_482' title='bbox 919 3274 1129 3323; x_wconf 89' lang='lat' dir='ltr'><strong>amans,</strong></span> <span class='ocrx_word' id='word_1_483' title='bbox 1161 3271 1215 3314; x_wconf 91' lang='lat' dir='ltr'><strong>et</strong></span> <span class='ocrx_word' id='word_1_484' title='bbox 1248 3261 1511 3329; x_wconf 87' lang='lat' dir='ltr'><strong>permulta</strong></span> <span class='ocrx_word' id='word_1_485' title='bbox 1540 3262 1795 3314; x_wconf 78' lang='lat' dir='ltr'><strong>festorum</strong></span> <span class='ocrx_word' id='word_1_486' title='bbox 1823 3273 1955 3327; x_wconf 88' lang='lat' dir='ltr'><strong>gau-</strong></span> 
     </span>
    </p>
   </div>
   <div class='ocr_carea' id='block_1_65' title="bbox 377 3347 1953 3417">
    <p class='ocr_par' dir='ltr' id='par_1_65' title="bbox 377 3347 1953 3417">
     <span class='ocr_line' id='line_1_65' title="bbox 377 3347 1953 3417; baseline -0.003 -14"><span class='ocrx_word' id='word_1_487' title='bbox 377 3348 463 3403; x_wconf 88' lang='lat' dir='ltr'><strong>dia</strong></span> <span class='ocrx_word' id='word_1_488' title='bbox 491 3348 953 3405; x_wconf 85' lang='lat' dir='ltr'><strong>comminiscens?</strong></span> <span class='ocrx_word' id='word_1_489' title='bbox 995 3347 1334 3417; x_wconf 75' lang='lat' dir='ltr'><strong>Respondco.</strong></span> <span class='ocrx_word' id='word_1_490' title='bbox 1381 3347 1473 3401; x_wconf 89' lang='lat' dir='ltr'><strong>Illa</strong></span> <span class='ocrx_word' id='word_1_491' title='bbox 1521 3348 1793 3401; x_wconf 80' lang='lat' dir='ltr'><strong>salutifera</strong></span> <span class='ocrx_word' id='word_1_492' title='bbox 1816 3355 1953 3413; x_wconf 88' lang='lat' dir='ltr'><strong>erat,</strong></span> 
     </span>
    </p>
   </div>
   <div class='ocr_carea' id='block_1_66' title="bbox 375 3439 1957 3508">
    <p class='ocr_par' dir='ltr' id='par_1_66' title="bbox 375 3439 1957 3508">
     <span class='ocr_line' id='line_1_66' title="bbox 375 3439 1957 3508; baseline -0.003 -12"><span class='ocrx_word' id='word_1_493' title='bbox 375 3439 492 3496; x_wconf 64' lang='lat' dir='ltr'><strong>hac</strong></span> <span class='ocrx_word' id='word_1_494' title='bbox 534 3440 725 3494; x_wconf 90' lang='lat' dir='ltr'><strong>salutis</strong></span> <span class='ocrx_word' id='word_1_495' title='bbox 770 3439 955 3493; x_wconf 84' lang='lat' dir='ltr'><strong>Natale</strong></span> <span class='ocrx_word' id='word_1_496' title='bbox 997 3456 1012 3493; x_wconf 87' lang='lat'><strong>:</strong></span> <span class='ocrx_word' id='word_1_497' title='bbox 1055 3439 1143 3492; x_wconf 88' lang='lat' dir='ltr'><strong>illa</strong></span> <span class='ocrx_word' id='word_1_498' title='bbox 1184 3450 1303 3493; x_wconf 91' lang='lat' dir='ltr'><strong>erat</strong></span> <span class='ocrx_word' id='word_1_499' title='bbox 1339 3440 1627 3508; x_wconf 65' lang='lat' dir='ltr'><strong>sepulturae</strong></span> <span class='ocrx_word' id='word_1_500' title='bbox 1678 3449 1733 3494; x_wconf 85' lang='lat' dir='ltr'><strong>et</strong></span> <span class='ocrx_word' id='word_1_501' title='bbox 1774 3454 1957 3493; x_wconf 89' lang='lat' dir='ltr'><strong>resur-</strong></span> 
     </span>
    </p>
   </div>
   <div class='ocr_carea' id='block_1_67' title="bbox 377 3530 1957 3593">
    <p class='ocr_par' dir='ltr' id='par_1_67' title="bbox 377 3530 1957 3593">
     <span class='ocr_line' id='line_1_67' title="bbox 377 3530 1957 3593; baseline -0.004 -6"><span class='ocrx_word' id='word_1_502' title='bbox 377 3532 636 3587; x_wconf 85' lang='lat' dir='ltr'><strong>rectionis</strong></span> <span class='ocrx_word' id='word_1_503' title='bbox 664 3531 955 3585; x_wconf 86' lang='lat' dir='ltr'><strong>conﬁnium</strong></span> <span class='ocrx_word' id='word_1_504' title='bbox 981 3569 995 3593; x_wconf 93' lang='lat'><strong>,</strong></span> <span class='ocrx_word' id='word_1_505' title='bbox 1050 3531 1163 3583; x_wconf 63' lang='lat' dir='ltr'><strong>bare</strong></span> <span class='ocrx_word' id='word_1_506' title='bbox 1197 3530 1445 3583; x_wconf 69' lang='lat' dir='ltr'><strong>secunda:</strong></span> <span class='ocrx_word' id='word_1_507' title='bbox 1476 3530 1693 3585; x_wconf 89' lang='lat' dir='ltr'><strong>omnino</strong></span> <span class='ocrx_word' id='word_1_508' title='bbox 1724 3530 1957 3584; x_wconf 88' lang='lat' dir='ltr'><strong>creatio-</strong></span> 
     </span>
    </p>
   </div>
   <div class='ocr_carea' id='block_1_68' title="bbox 379 3620 1955 3691">
    <p class='ocr_par' dir='ltr' id='par_1_68' title="bbox 379 3620 1955 3691">
     <span class='ocr_line' id='line_1_68' title="bbox 379 3620 1955 3691; baseline -0.004 -13"><span class='ocrx_word' id='word_1_509' title='bbox 379 3624 463 3679; x_wconf 90' lang='lat' dir='ltr'><strong>nis</strong></span> <span class='ocrx_word' id='word_1_510' title='bbox 495 3632 610 3688; x_wconf 81' lang='lat' dir='ltr'><strong>est;</strong></span> <span class='ocrx_word' id='word_1_511' title='bbox 636 3631 725 3682; x_wconf 89' lang='lat' dir='ltr'><strong>ut,</strong></span> <span class='ocrx_word' id='word_1_512' title='bbox 761 3622 1209 3691; x_wconf 88' lang='lat' dir='ltr'><strong>quemadmodum</strong></span> <span class='ocrx_word' id='word_1_513' title='bbox 1246 3621 1420 3691; x_wconf 90' lang='lat' dir='ltr'><strong>prima</strong></span> <span class='ocrx_word' id='word_1_514' title='bbox 1452 3622 1656 3675; x_wconf 90' lang='lat' dir='ltr'><strong>creatio</strong></span> <span class='ocrx_word' id='word_1_515' title='bbox 1691 3620 1898 3673; x_wconf 87' lang='lat' dir='ltr'><strong>initium</strong></span> <span class='ocrx_word' id='word_1_516' title='bbox 1927 3634 1955 3671; x_wconf 91' lang='lat' dir='ltr'><strong>a</strong></span> 
     </span>
    </p>
   </div>
   <div class='ocr_carea' id='block_1_69' title="bbox 380 3710 1962 3783">
    <p class='ocr_par' dir='ltr' id='par_1_69' title="bbox 380 3710 1962 3783">
     <span class='ocr_line' id='line_1_69' title="bbox 380 3710 1962 3783; baseline -0.003 -14"><span class='ocrx_word' id='word_1_517' title='bbox 380 3713 656 3769; x_wconf 86' lang='lat' dir='ltr'><strong>Dominica</strong></span> <span class='ocrx_word' id='word_1_518' title='bbox 690 3713 775 3766; x_wconf 89' lang='lat' dir='ltr'><strong>die</strong></span> <span class='ocrx_word' id='word_1_519' title='bbox 804 3714 1005 3781; x_wconf 88' lang='lat' dir='ltr'><strong>accepit</strong></span> <span class='ocrx_word' id='word_1_520' title='bbox 1039 3711 1108 3783; x_wconf 93' lang='lat' dir='ltr'><strong>(id</strong></span> <span class='ocrx_word' id='word_1_521' title='bbox 1141 3714 1282 3781; x_wconf 91' lang='lat' dir='ltr'><strong>quod</strong></span> <span class='ocrx_word' id='word_1_522' title='bbox 1330 3729 1394 3766; x_wconf 80' lang='lat' dir='ltr'><strong>ex</strong></span> <span class='ocrx_word' id='word_1_523' title='bbox 1442 3727 1508 3765; x_wconf 91' lang='lat' dir='ltr'><strong>eo</strong></span> <span class='ocrx_word' id='word_1_524' title='bbox 1570 3712 1846 3780; x_wconf 85' lang='lat' dir='ltr'><strong>perspicue</strong></span> <span class='ocrx_word' id='word_1_525' title='bbox 1896 3710 1962 3764; x_wconf 90' lang='lat' dir='ltr'><strong>li-</strong></span> 
     </span>
    </p>
   </div>
   <div class='ocr_carea' id='block_1_70' title="bbox 378 3803 1958 3875">
    <p class='ocr_par' dir='ltr' id='par_1_70' title="bbox 378 3803 1958 3875">
     <span class='ocr_line' id='line_1_70' title="bbox 378 3803 1958 3875; baseline -0.001 -18"><span class='ocrx_word' id='word_1_526' title='bbox 378 3813 525 3875; x_wconf 90' lang='lat' dir='ltr'><strong>quet,</strong></span> <span class='ocrx_word' id='word_1_527' title='bbox 559 3804 699 3872; x_wconf 87' lang='lat' dir='ltr'><strong>quod</strong></span> <span class='ocrx_word' id='word_1_528' title='bbox 734 3804 993 3872; x_wconf 88' lang='lat' dir='ltr'><strong>septimus</strong></span> <span class='ocrx_word' id='word_1_529' title='bbox 1029 3805 1096 3858; x_wconf 88' lang='lat' dir='ltr'><strong>ab</strong></span> <span class='ocrx_word' id='word_1_530' title='bbox 1131 3820 1193 3858; x_wconf 88' lang='lat' dir='ltr'><strong>ea</strong></span> <span class='ocrx_word' id='word_1_531' title='bbox 1234 3804 1347 3858; x_wconf 87' lang='lat' dir='ltr'><strong>dies</strong></span> <span class='ocrx_word' id='word_1_532' title='bbox 1383 3803 1676 3858; x_wconf 80' lang='lat' dir='ltr'><strong>Salibatum</strong></span> <span class='ocrx_word' id='word_1_533' title='bbox 1709 3803 1958 3866; x_wconf 83' lang='lat' dir='ltr'><strong>cliicitur,</strong></span> 
     </span>
    </p>
   </div>
   <div class='ocr_carea' id='block_1_71' title="bbox 378 3894 1963 3967">
    <p class='ocr_par' dir='ltr' id='par_1_71' title="bbox 378 3894 1963 3967">
     <span class='ocr_line' id='line_1_71' title="bbox 378 3894 1963 3967; baseline 0 -18"><span class='ocrx_word' id='word_1_534' title='bbox 378 3896 521 3966; x_wconf 92' lang='lat' dir='ltr'><strong>quod</strong></span> <span class='ocrx_word' id='word_1_535' title='bbox 559 3895 626 3949; x_wconf 91' lang='lat' dir='ltr'><strong>ab</strong></span> <span class='ocrx_word' id='word_1_536' title='bbox 652 3897 903 3964; x_wconf 87' lang='lat' dir='ltr'><strong>operibus</strong></span> <span class='ocrx_word' id='word_1_537' title='bbox 953 3897 1190 3964; x_wconf 74' lang='lat' dir='ltr'><strong>requiem</strong></span> <span class='ocrx_word' id='word_1_538' title='bbox 1220 3894 1435 3967; x_wconf 75' lang='lat' dir='ltr'><strong>alfert);</strong></span> <span class='ocrx_word' id='word_1_539' title='bbox 1472 3898 1549 3950; x_wconf 90' lang='lat' dir='ltr'><strong>sic</strong></span> <span class='ocrx_word' id='word_1_540' title='bbox 1578 3898 1740 3950; x_wconf 90' lang='lat' dir='ltr'><strong>etiam</strong></span> <span class='ocrx_word' id='word_1_541' title='bbox 1777 3909 1963 3949; x_wconf 86' lang='lat' dir='ltr'><strong>rursus</strong></span> 
     </span>
    </p>
   </div>
   <div class='ocr_carea' id='block_1_72' title="bbox 380 3987 1961 4057">
    <p class='ocr_par' dir='ltr' id='par_1_72' title="bbox 380 3987 1961 4057">
     <span class='ocr_line' id='line_1_72' title="bbox 380 3987 1961 4057; baseline -0.002 -14"><span class='ocrx_word' id='word_1_542' title='bbox 380 3988 613 4043; x_wconf 82' lang='lat' dir='ltr'><strong>secunda</strong></span> <span class='ocrx_word' id='word_1_543' title='bbox 644 3989 713 4041; x_wconf 91' lang='lat' dir='ltr'><strong>ab</strong></span> <span class='ocrx_word' id='word_1_544' title='bbox 743 3988 930 4042; x_wconf 87' lang='lat' dir='ltr'><strong>eadem</strong></span> <span class='ocrx_word' id='word_1_545' title='bbox 980 3988 1258 4041; x_wconf 88' lang='lat' dir='ltr'><strong>Dominica</strong></span> <span class='ocrx_word' id='word_1_546' title='bbox 1288 3990 1527 4057; x_wconf 85' lang='lat' dir='ltr'><strong>incipiat,</strong></span> <span class='ocrx_word' id='word_1_547' title='bbox 1555 3998 1614 4041; x_wconf 89' lang='grc' dir='ltr'><strong>ιιι</strong></span> <span class='ocrx_word' id='word_1_548' title='bbox 1642 4003 1759 4057; x_wconf 67' lang='lat' dir='ltr'><strong>qua!</strong></span> <span class='ocrx_word' id='word_1_549' title='bbox 1791 3987 1961 4056; x_wconf 90' lang='lat' dir='ltr'><strong>prima</strong></span> 
     </span>
    </p>
   </div>
   <div class='ocr_carea' id='block_1_73' title="bbox 379 4077 1963 4147">
    <p class='ocr_par' dir='ltr' id='par_1_73' title="bbox 379 4077 1963 4147">
     <span class='ocr_line' id='line_1_73' title="bbox 379 4077 1963 4147; baseline -0.001 -15"><span class='ocrx_word' id='word_1_550' title='bbox 379 4079 450 4132; x_wconf 81' lang='lat' dir='ltr'><strong>sit</strong></span> <span class='ocrx_word' id='word_1_551' title='bbox 510 4093 695 4132; x_wconf 84' lang='lat' dir='ltr'><strong>earum</strong></span> <span class='ocrx_word' id='word_1_552' title='bbox 750 4092 869 4146; x_wconf 64' lang='lat' dir='ltr'><strong>quae</strong></span> <span class='ocrx_word' id='word_1_553' title='bbox 906 4077 1076 4147; x_wconf 88' lang='lat' dir='ltr'><strong>ipsam</strong></span> <span class='ocrx_word' id='word_1_554' title='bbox 1120 4088 1435 4147; x_wconf 90' lang='lat' dir='ltr'><strong>sequuntur,</strong></span> <span class='ocrx_word' id='word_1_555' title='bbox 1469 4088 1631 4147; x_wconf 90' lang='lat' dir='ltr'><strong>atque</strong></span> <span class='ocrx_word' id='word_1_556' title='bbox 1670 4088 1855 4131; x_wconf 88' lang='lat' dir='ltr'><strong>octava</strong></span> <span class='ocrx_word' id='word_1_557' title='bbox 1896 4079 1963 4130; x_wconf 91' lang='lat' dir='ltr'><strong>ab</strong></span> 
     </span>
    </p>
   </div>
   <div class='ocr_carea' id='block_1_74' title="bbox 380 4164 1963 4234">
    <p class='ocr_par' dir='ltr' id='par_1_74' title="bbox 380 4164 1963 4234">
     <span class='ocr_line' id='line_1_74' title="bbox 380 4164 1963 4234; baseline -0.001 -14"><span class='ocrx_word' id='word_1_558' title='bbox 380 4166 447 4221; x_wconf 86' lang='lat' dir='ltr'><strong>iis</strong></span> <span class='ocrx_word' id='word_1_559' title='bbox 472 4166 659 4221; x_wconf 90' lang='lat' dir='ltr'><strong>diebus</strong></span> <span class='ocrx_word' id='word_1_560' title='bbox 696 4167 784 4234; x_wconf 91' lang='lat' dir='ltr'><strong>qui</strong></span> <span class='ocrx_word' id='word_1_561' title='bbox 814 4176 938 4221; x_wconf 90' lang='lat' dir='ltr'><strong>ante</strong></span> <span class='ocrx_word' id='word_1_562' title='bbox 964 4164 1233 4220; x_wconf 83' lang='lat' dir='ltr'><strong>ﬂuxerunt</strong></span> <span class='ocrx_word' id='word_1_563' title='bbox 1265 4205 1281 4230; x_wconf 94' lang='lat'><strong>,</strong></span> <span class='ocrx_word' id='word_1_564' title='bbox 1324 4167 1536 4220; x_wconf 90' lang='lat' dir='ltr'><strong>sublimi</strong></span> <span class='ocrx_word' id='word_1_565' title='bbox 1586 4164 1769 4234; x_wconf 65' lang='lat' dir='ltr'><strong>utique</strong></span> <span class='ocrx_word' id='word_1_566' title='bbox 1794 4166 1963 4219; x_wconf 87' lang='lat' dir='ltr'><strong>subli-</strong></span> 
     </span>
    </p>
   </div>
   <div class='ocr_carea' id='block_1_75' title="bbox 2068 3075 3649 3155">
    <p class='ocr_par' dir='ltr' id='par_1_75' title="bbox 2068 3075 3649 3155">
     <span class='ocr_line' id='line_1_75' title="bbox 2068 3075 3649 3155; baseline 0.004 -25"><span class='ocrx_word' id='word_1_567' title='bbox 2068 3077 2227 3131; x_wconf 84' lang='grc' dir='ltr'>Ἀλλὰ</span> <span class='ocrx_word' id='word_1_568' title='bbox 2281 3081 2346 3148; x_wconf 80' lang='grc' dir='ltr'>τῇ</span> <span class='ocrx_word' id='word_1_569' title='bbox 2403 3081 2644 3149; x_wconf 79' lang='grc' dir='ltr'>σήμερον</span> <span class='ocrx_word' id='word_1_570' title='bbox 2686 3080 2842 3131; x_wconf 85' lang='grc' dir='ltr'>τοῦτο</span> <span class='ocrx_word' id='word_1_571' title='bbox 2884 3080 3059 3143; x_wconf 86' lang='grc' dir='ltr'>δίδως,</span> <span class='ocrx_word' id='word_1_572' title='bbox 3124 3075 3169 3133; x_wconf 82' lang='grc' dir='ltr'><strong>ὦ</strong></span> <span class='ocrx_word' id='word_1_573' title='bbox 3217 3081 3325 3152; x_wconf 92' lang='grc'>(89)</span> <span class='ocrx_word' id='word_1_574' title='bbox 3392 3083 3649 3155; x_wconf 71' lang='grc' dir='ltr'>φιλέορτε</span> 
     </span>
    </p>
   </div>
   <div class='ocr_carea' id='block_1_76' title="bbox 2057 3169 3648 3247">
    <p class='ocr_par' dir='ltr' id='par_1_76' title="bbox 2057 3169 3648 3247">
     <span class='ocr_line' id='line_1_76' title="bbox 2057 3169 3648 3247; baseline 0.004 -25"><span class='ocrx_word' id='word_1_575' title='bbox 2057 3172 2152 3233; x_wconf 83' lang='grc' dir='ltr'><strong>σὺ,</strong></span> <span class='ocrx_word' id='word_1_576' title='bbox 2199 3169 2290 3222; x_wconf 75' lang='grc' dir='ltr'>καὶ</span> <span class='ocrx_word' id='word_1_577' title='bbox 2341 3169 2537 3232; x_wconf 81' lang='grc' dir='ltr'>πολλὰς</span> <span class='ocrx_word' id='word_1_578' title='bbox 2585 3170 2814 3223; x_wconf 77' lang='grc' dir='ltr'>ἐπινοῶν</span> <span class='ocrx_word' id='word_1_579' title='bbox 2861 3172 3256 3243; x_wconf 77' lang='grc' dir='ltr'>φαιδρότηταςς</span> <span class='ocrx_word' id='word_1_580' title='bbox 3326 3175 3534 3247; x_wconf 85' lang='grc' dir='ltr'>Ἐκείνη</span> <span class='ocrx_word' id='word_1_581' title='bbox 3580 3177 3648 3229; x_wconf 80' lang='grc' dir='ltr'><strong>τὸ</strong></span> 
     </span>
    </p>
   </div>
   <div class='ocr_carea' id='block_1_77' title="bbox 2060 3254 3650 3335">
    <p class='ocr_par' dir='ltr' id='par_1_77' title="bbox 2060 3254 3650 3335">
     <span class='ocr_line' id='line_1_77' title="bbox 2060 3254 3650 3335; baseline 0.005 -25"><span class='ocrx_word' id='word_1_582' title='bbox 2060 3260 2325 3329; x_wconf 83' lang='grc' dir='ltr'>σωτήριον</span> <span class='ocrx_word' id='word_1_583' title='bbox 2366 3254 2454 3328; x_wconf 78' lang='grc' dir='ltr'><strong>ἦν,</strong></span> <span class='ocrx_word' id='word_1_584' title='bbox 2495 3258 2633 3328; x_wconf 77' lang='grc' dir='ltr'>αῦτη</span> <span class='ocrx_word' id='word_1_585' title='bbox 2681 3260 2737 3311; x_wconf 83' lang='grc' dir='ltr'><strong>δὲ</strong></span> <span class='ocrx_word' id='word_1_586' title='bbox 2771 3260 2879 3329; x_wconf 85' lang='grc'>(90)</span> <span class='ocrx_word' id='word_1_587' title='bbox 2918 3261 2979 3313; x_wconf 84' lang='grc' dir='ltr'><strong>τὸ</strong></span> <span class='ocrx_word' id='word_1_588' title='bbox 3023 3263 3122 3332; x_wconf 81' lang='grc' dir='ltr'>τῆς</span> <span class='ocrx_word' id='word_1_589' title='bbox 3180 3265 3451 3335; x_wconf 84' lang='grc' dir='ltr'>σωτηρίας</span> <span class='ocrx_word' id='word_1_590' title='bbox 3489 3267 3650 3333; x_wconf 78' lang='grc' dir='ltr'>γενε-</span> 
     </span>
    </p>
   </div>
   <div class='ocr_carea' id='block_1_78' title="bbox 2059 3347 3649 3423">
    <p class='ocr_par' dir='ltr' id='par_1_78' title="bbox 2059 3347 3649 3423">
     <span class='ocr_line' id='line_1_78' title="bbox 2059 3347 3649 3423; baseline 0.006 -24"><span class='ocrx_word' id='word_1_591' title='bbox 2059 3347 2203 3402; x_wconf 90' lang='grc' dir='ltr'>θλιον</span> <span class='ocrx_word' id='word_1_592' title='bbox 2229 3366 2241 3379; x_wconf 75' lang='grc'><strong><em>⁸</em></strong></span> <span class='ocrx_word' id='word_1_593' title='bbox 2277 3350 2500 3419; x_wconf 80' lang='grc' dir='ltr'>κάκείνη</span> <span class='ocrx_word' id='word_1_594' title='bbox 2525 3350 2634 3419; x_wconf 85' lang='grc'>(91)</span> <span class='ocrx_word' id='word_1_595' title='bbox 2673 3351 2769 3419; x_wconf 84' lang='grc' dir='ltr'>μέν</span> <span class='ocrx_word' id='word_1_596' title='bbox 2805 3352 2920 3402; x_wconf 75' lang='grc' dir='ltr'>ἐστι</span> <span class='ocrx_word' id='word_1_597' title='bbox 2950 3351 3197 3423; x_wconf 86' lang='grc' dir='ltr'>μεθόριον</span> <span class='ocrx_word' id='word_1_598' title='bbox 3223 3353 3319 3423; x_wconf 82' lang='grc' dir='ltr'>τῆς</span> <span class='ocrx_word' id='word_1_599' title='bbox 3350 3354 3529 3423; x_wconf 78' lang='grc' dir='ltr'>ταφῆς</span> <span class='ocrx_word' id='word_1_600' title='bbox 3546 3357 3649 3409; x_wconf 73' lang='grc' dir='ltr'>καὶ</span> 
     </span>
    </p>
   </div>
   <div class='ocr_carea' id='block_1_79' title="bbox 2058 3440 3651 3517">
    <p class='ocr_par' dir='ltr' id='par_1_79' title="bbox 2058 3440 3651 3517">
     <span class='ocr_line' id='line_1_79' title="bbox 2058 3440 3651 3517; baseline 0.013 -25"><span class='ocrx_word' id='word_1_601' title='bbox 2058 3441 2158 3510; x_wconf 85' lang='grc' dir='ltr'>τῆς</span> <span class='ocrx_word' id='word_1_602' title='bbox 2190 3442 2558 3508; x_wconf 83' lang='grc' dir='ltr'>ἀναστάσεως,</span> <span class='ocrx_word' id='word_1_603' title='bbox 2604 3440 2747 3511; x_wconf 81' lang='grc' dir='ltr'>αῦτη</span> <span class='ocrx_word' id='word_1_604' title='bbox 2778 3442 2833 3495; x_wconf 85' lang='grc' dir='ltr'><strong>δὲ</strong></span> <span class='ocrx_word' id='word_1_605' title='bbox 2864 3444 3118 3511; x_wconf 79' lang='grc' dir='ltr'>καθαρῶς</span> <span class='ocrx_word' id='word_1_606' title='bbox 3140 3445 3236 3514; x_wconf 84' lang='grc' dir='ltr'><strong>τῆς</strong></span> <span class='ocrx_word' id='word_1_607' title='bbox 3262 3445 3521 3517; x_wconf 74' lang='grc' dir='ltr'>δευτέρας</span> <span class='ocrx_word' id='word_1_608' title='bbox 3550 3463 3651 3514; x_wconf 76' lang='grc' dir='ltr'>γε·</span> 
     </span>
    </p>
   </div>
   <div class='ocr_carea' id='block_1_80' title="bbox 2059 3531 3647 3608">
    <p class='ocr_par' dir='ltr' id='par_1_80' title="bbox 2059 3531 3647 3608">
     <span class='ocr_line' id='line_1_80' title="bbox 2059 3531 3647 3608; baseline 0.004 -25"><span class='ocrx_word' id='word_1_609' title='bbox 2059 3531 2258 3594; x_wconf 85' lang='grc' dir='ltr'>νέσεως</span> <span class='ocrx_word' id='word_1_610' title='bbox 2285 3531 2429 3602; x_wconf 71' lang='grc'>(92)·</span> <span class='ocrx_word' id='word_1_611' title='bbox 2464 3532 2551 3594; x_wconf 78' lang='grc' dir='ltr'>ἵν’,</span> <span class='ocrx_word' id='word_1_612' title='bbox 2585 3532 2773 3604; x_wconf 84' lang='grc' dir='ltr'>ὥσπερ</span> <span class='ocrx_word' id='word_1_613' title='bbox 2820 3535 2852 3604; x_wconf 82' lang='grc' dir='ltr'>ἡ</span> <span class='ocrx_word' id='word_1_614' title='bbox 2893 3533 3082 3605; x_wconf 79' lang='grc' dir='ltr'>πρώτη</span> <span class='ocrx_word' id='word_1_615' title='bbox 3124 3536 3302 3599; x_wconf 79' lang='grc' dir='ltr'>κτίσις</span> <span class='ocrx_word' id='word_1_616' title='bbox 3338 3538 3440 3607; x_wconf 80' lang='grc' dir='ltr'><strong>τὴν</strong></span> <span class='ocrx_word' id='word_1_617' title='bbox 3468 3538 3647 3608; x_wconf 82' lang='grc' dir='ltr'>ἀρχὴν</span> 
     </span>
    </p>
   </div>
   <div class='ocr_carea' id='block_1_81' title="bbox 2060 3624 3649 3701">
    <p class='ocr_par' dir='ltr' id='par_1_81' title="bbox 2060 3624 3649 3701">
     <span class='ocr_line' id='line_1_81' title="bbox 2060 3624 3649 3701; baseline 0.006 -26"><span class='ocrx_word' id='word_1_618' title='bbox 2060 3624 2168 3676; x_wconf 83' lang='grc' dir='ltr'>ἀπὸ</span> <span class='ocrx_word' id='word_1_619' title='bbox 2200 3625 2483 3694; x_wconf 83' lang='grc' dir='ltr'>Κυριακῆς</span> <span class='ocrx_word' id='word_1_620' title='bbox 2516 3625 2779 3695; x_wconf 74' lang='grc' dir='ltr'>λαμϐάνει</span> <span class='ocrx_word' id='word_1_621' title='bbox 2816 3626 2995 3696; x_wconf 70' lang='grc' dir='ltr'>(δῆλον</span> <span class='ocrx_word' id='word_1_622' title='bbox 3034 3627 3121 3679; x_wconf 84' lang='grc' dir='ltr'><strong>δέ·</strong></span> <span class='ocrx_word' id='word_1_623' title='bbox 3163 3629 3270 3681; x_wconf 86' lang='grc' dir='ltr'>ἀπὸ</span> <span class='ocrx_word' id='word_1_624' title='bbox 3299 3631 3406 3701; x_wconf 85' lang='grc' dir='ltr'><strong>γὰρ</strong></span> <span class='ocrx_word' id='word_1_625' title='bbox 3437 3630 3649 3701; x_wconf 79' lang='grc' dir='ltr'>ταύτης</span> 
     </span>
    </p>
   </div>
   <div class='ocr_carea' id='block_1_82' title="bbox 2063 3714 3647 3784">
    <p class='ocr_par' dir='ltr' id='par_1_82' title="bbox 2063 3714 3647 3784">
     <span class='ocr_line' id='line_1_82' title="bbox 2063 3714 3647 3784; baseline 0.006 -19"><span class='ocrx_word' id='word_1_626' title='bbox 2063 3714 2263 3784; x_wconf 77' lang='grc' dir='ltr'>ἑϐδόμη</span> <span class='ocrx_word' id='word_1_627' title='bbox 2303 3715 2364 3766; x_wconf 87' lang='grc' dir='ltr'><strong>τὸ</strong></span> <span class='ocrx_word' id='word_1_628' title='bbox 2410 3716 2686 3769; x_wconf 75' lang='grc' dir='ltr'>Σαϐϐατον</span> <span class='ocrx_word' id='word_1_629' title='bbox 2728 3718 2955 3784; x_wconf 89' lang='grc' dir='ltr'>γίνεται,</span> <span class='ocrx_word' id='word_1_630' title='bbox 2999 3721 3340 3784; x_wconf 75' lang='grc' dir='ltr'>κατάπαυσις</span> <span class='ocrx_word' id='word_1_631' title='bbox 3372 3718 3504 3774; x_wconf 80' lang='grc' dir='ltr'>οὖσα</span> <span class='ocrx_word' id='word_1_632' title='bbox 3533 3721 3647 3775; x_wconf 80' lang='grc' dir='ltr'><strong>τῶν</strong></span> 
     </span>
    </p>
   </div>
   <div class='ocr_carea' id='block_1_83' title="bbox 2064 3806 3648 3884">
    <p class='ocr_par' dir='ltr' id='par_1_83' title="bbox 2064 3806 3648 3884">
     <span class='ocr_line' id='line_1_83' title="bbox 2064 3806 3648 3884; baseline 0.008 -27"><span class='ocrx_word' id='word_1_633' title='bbox 2064 3806 2285 3875; x_wconf 75' lang='grc' dir='ltr'>ἔργων),</span> <span class='ocrx_word' id='word_1_634' title='bbox 2319 3806 2460 3859; x_wconf 73' lang='grc' dir='ltr'>οὕτω</span> <span class='ocrx_word' id='word_1_635' title='bbox 2490 3808 2583 3860; x_wconf 72' lang='grc' dir='ltr'>καὶ</span> <span class='ocrx_word' id='word_1_636' title='bbox 2624 3810 2656 3878; x_wconf 85' lang='grc' dir='ltr'><strong>ή</strong></span> <span class='ocrx_word' id='word_1_637' title='bbox 2691 3808 2917 3880; x_wconf 81' lang='grc' dir='ltr'>δευτέρα</span> <span class='ocrx_word' id='word_1_638' title='bbox 2946 3811 3104 3865; x_wconf 82' lang='grc' dir='ltr'>πάλιν</span> <span class='ocrx_word' id='word_1_639' title='bbox 3137 3812 3201 3865; x_wconf 80' lang='grc' dir='ltr'>ἐκ</span> <span class='ocrx_word' id='word_1_640' title='bbox 3231 3813 3328 3883; x_wconf 79' lang='grc' dir='ltr'>τῆς</span> <span class='ocrx_word' id='word_1_641' title='bbox 3354 3814 3519 3883; x_wconf 76' lang='grc' dir='ltr'>αὐτῆς</span> <span class='ocrx_word' id='word_1_642' title='bbox 3545 3813 3648 3884; x_wconf 80' lang='grc' dir='ltr'><strong>ἄρ-</strong></span> 
     </span>
    </p>
   </div>
   <div class='ocr_carea' id='block_1_84' title="bbox 2063 3896 3648 3972">
    <p class='ocr_par' dir='ltr' id='par_1_84' title="bbox 2063 3896 3648 3972">
     <span class='ocr_line' id='line_1_84' title="bbox 2063 3896 3648 3972; baseline 0.006 -25"><span class='ocrx_word' id='word_1_643' title='bbox 2063 3913 2245 3965; x_wconf 83' lang='grc' dir='ltr'>χηται,</span> <span class='ocrx_word' id='word_1_644' title='bbox 2278 3897 2467 3967; x_wconf 81' lang='grc' dir='ltr'>πρώτη</span> <span class='ocrx_word' id='word_1_645' title='bbox 2495 3896 2629 3952; x_wconf 74' lang='grc' dir='ltr'>οὖσα</span> <span class='ocrx_word' id='word_1_646' title='bbox 2653 3900 2759 3952; x_wconf 83' lang='grc' dir='ltr'>τῶν</span> <span class='ocrx_word' id='word_1_647' title='bbox 2795 3902 2912 3971; x_wconf 77' lang='grc' dir='ltr'>μετ’</span> <span class='ocrx_word' id='word_1_648' title='bbox 2938 3902 3127 3972; x_wconf 77' lang='grc' dir='ltr'>αὐτὴν,</span> <span class='ocrx_word' id='word_1_649' title='bbox 3170 3904 3264 3955; x_wconf 80' lang='grc' dir='ltr'><strong>καὶ</strong></span> <span class='ocrx_word' id='word_1_650' title='bbox 3313 3904 3505 3972; x_wconf 76' lang='grc' dir='ltr'>ὀγδοὰς</span> <span class='ocrx_word' id='word_1_651' title='bbox 3536 3906 3648 3958; x_wconf 76' lang='grc' dir='ltr'>ἀπὸ</span> 
     </span>
    </p>
   </div>
   <div class='ocr_carea' id='block_1_85' title="bbox 2066 3986 3645 4063">
    <p class='ocr_par' dir='ltr' id='par_1_85' title="bbox 2066 3986 3645 4063">
     <span class='ocr_line' id='line_1_85' title="bbox 2066 3986 3645 4063; baseline 0.006 -27"><span class='ocrx_word' id='word_1_652' title='bbox 2066 3986 2177 4037; x_wconf 85' lang='grc' dir='ltr'><strong>τῶν</strong></span> <span class='ocrx_word' id='word_1_653' title='bbox 2216 3986 2320 4056; x_wconf 70' lang='grc' dir='ltr'><strong>πρὸ</strong></span> <span class='ocrx_word' id='word_1_654' title='bbox 2348 3987 2537 4057; x_wconf 78' lang='grc' dir='ltr'>αὐτῆς,</span> <span class='ocrx_word' id='word_1_655' title='bbox 2591 3989 2796 4061; x_wconf 69' lang='grc' dir='ltr'>ὑψηλῆς</span> <span class='ocrx_word' id='word_1_656' title='bbox 2837 3992 3160 4062; x_wconf 64' lang='grc' dir='ltr'>ὑψηλοτέρα,</span> <span class='ocrx_word' id='word_1_657' title='bbox 3201 3994 3295 4046; x_wconf 75' lang='grc' dir='ltr'>καὶ</span> <span class='ocrx_word' id='word_1_658' title='bbox 3335 3992 3645 4063; x_wconf 78' lang='grc' dir='ltr'>θαυμασίας</span> 
     </span>
    </p>
   </div>
   <div class='ocr_carea' id='block_1_86' title="bbox 2067 4073 3640 4152">
    <p class='ocr_par' dir='ltr' id='par_1_86' title="bbox 2067 4073 3640 4152">
     <span class='ocr_line' id='line_1_86' title="bbox 2067 4073 3640 4152; baseline 0.007 -27"><span class='ocrx_word' id='word_1_659' title='bbox 2067 4073 2507 4146; x_wconf 83' lang='grc' dir='ltr'>θαυμασιωτέρα.</span> <span class='ocrx_word' id='word_1_660' title='bbox 2540 4078 2682 4147; x_wconf 83' lang='grc' dir='ltr'>Πρὸς</span> <span class='ocrx_word' id='word_1_661' title='bbox 2710 4080 2819 4149; x_wconf 77' lang='grc' dir='ltr'><strong>γὰρ</strong></span> <span class='ocrx_word' id='word_1_662' title='bbox 2846 4082 2943 4151; x_wconf 76' lang='grc' dir='ltr'><strong>τὴν</strong></span> <span class='ocrx_word' id='word_1_663' title='bbox 2964 4081 3073 4134; x_wconf 78' lang='grc' dir='ltr'>ἄνω</span> <span class='ocrx_word' id='word_1_664' title='bbox 3100 4082 3256 4152; x_wconf 80' lang='grc' dir='ltr'>φέρει</span> <span class='ocrx_word' id='word_1_665' title='bbox 3284 4083 3640 4137; x_wconf 74' lang='grc' dir='ltr'>κατάστασιν·</span> 
     </span>
    </p>
   </div>
   <div class='ocr_carea' id='block_1_87' title="bbox 2068 4168 3643 4244">
    <p class='ocr_par' dir='ltr' id='par_1_87' title="bbox 2068 4168 3643 4244">
     <span class='ocr_line' id='line_1_87' title="bbox 2068 4168 3643 4244; baseline 0.006 -25"><span class='ocrx_word' id='word_1_666' title='bbox 2068 4168 2132 4237; x_wconf 75' lang='grc' dir='ltr'>ἢν</span> <span class='ocrx_word' id='word_1_667' title='bbox 2165 4169 2258 4220; x_wconf 70' lang='grc' dir='ltr'><strong>καὶ</strong></span> <span class='ocrx_word' id='word_1_668' title='bbox 2287 4170 2315 4221; x_wconf 89' lang='grc' dir='ltr'><strong>ὁ</strong></span> <span class='ocrx_word' id='word_1_669' title='bbox 2340 4169 2479 4233; x_wconf 86' lang='grc' dir='ltr'>θεῖος</span> <span class='ocrx_word' id='word_1_670' title='bbox 2502 4172 2749 4241; x_wconf 88' lang='grc' dir='ltr'>Σολομὼν</span> <span class='ocrx_word' id='word_1_671' title='bbox 2774 4174 3106 4227; x_wconf 84' lang='grc' dir='ltr'>αίνίττεσθαί</span> <span class='ocrx_word' id='word_1_672' title='bbox 3136 4194 3223 4244; x_wconf 92' lang='grc' dir='ltr'><strong>μοι</strong></span> <span class='ocrx_word' id='word_1_673' title='bbox 3244 4176 3411 4235; x_wconf 86' lang='grc' dir='ltr'>δοκεῖ.</span> <span class='ocrx_word' id='word_1_674' title='bbox 3443 4176 3643 4229; x_wconf 80' lang='grc' dir='ltr'>διδόναι</span> 
     </span>
    </p>
   </div>
   <div class='ocr_carea' id='block_1_88' title="bbox 381 4249 1958 4335">
    <p class='ocr_par' dir='ltr' id='par_1_88' title="bbox 381 4254 1951 4324">
     <span class='ocr_line' id='line_1_88' title="bbox 381 4254 1951 4324; baseline -0.001 -15"><span class='ocrx_word' id='word_1_675' title='bbox 381 4254 541 4319; x_wconf 73' lang='lat' dir='ltr'><strong>lnior,</strong></span> <span class='ocrx_word' id='word_1_676' title='bbox 567 4264 622 4310; x_wconf 90' lang='lat' dir='ltr'><strong>et</strong></span> <span class='ocrx_word' id='word_1_677' title='bbox 658 4255 962 4310; x_wconf 88' lang='lat' dir='ltr'><strong>admirabili</strong></span> <span class='ocrx_word' id='word_1_678' title='bbox 986 4254 1371 4309; x_wconf 84' lang='lat' dir='ltr'><strong>admirabilior.</strong></span> <span class='ocrx_word' id='word_1_679' title='bbox 1404 4255 1484 4309; x_wconf 84' lang='lat' dir='ltr'><strong>Ad</strong></span> <span class='ocrx_word' id='word_1_680' title='bbox 1512 4270 1757 4324; x_wconf 67' lang='lat' dir='ltr'><strong>superum</strong></span> <span class='ocrx_word' id='word_1_681' title='bbox 1782 4256 1951 4324; x_wconf 87' lang='lat' dir='ltr'><strong>siqui-</strong></span> 
     </span>
    </p>
   </div>
   <div class='ocr_carea' id='block_1_89' title="bbox 2062 4249 3641 4335">
    <p class='ocr_par' dir='ltr' id='par_1_89' title="bbox 2062 4258 3641 4335">
     <span class='ocr_line' id='line_1_89' title="bbox 2062 4258 3641 4335; baseline 0.008 -27"><span class='ocrx_word' id='word_1_682' title='bbox 2062 4258 2253 4328; x_wconf 83' lang='grc' dir='ltr'>μερίδα</span> <span class='ocrx_word' id='word_1_683' title='bbox 2283 4261 2392 4322; x_wconf 82' lang='grc' dir='ltr'>τοῖς</span> <span class='ocrx_word' id='word_1_684' title='bbox 2425 4261 2566 4313; x_wconf 76' lang='grc' dir='ltr'>ἑπτὰ</span> <span class='ocrx_word' id='word_1_685' title='bbox 2614 4262 2749 4333; x_wconf 84' lang='grc'>(95),</span> <span class='ocrx_word' id='word_1_686' title='bbox 2794 4264 2871 4334; x_wconf 84' lang='grc' dir='ltr'>τῷ</span> <span class='ocrx_word' id='word_1_687' title='bbox 2916 4264 3015 4334; x_wconf 82' lang='grc' dir='ltr'><strong>βίῳ</strong></span> <span class='ocrx_word' id='word_1_688' title='bbox 3065 4265 3259 4335; x_wconf 77' lang='grc' dir='ltr'>τούτῳ,</span> <span class='ocrx_word' id='word_1_689' title='bbox 3300 4265 3641 4335; x_wconf 79' lang='grc' dir='ltr'>νομοθετῶν·</span> 
     </span>
    </p>
   </div>
   <div class='ocr_carea' id='block_1_90' title="bbox 451 4430 896 4503">
    <p class='ocr_par' dir='ltr' id='par_1_90' title="bbox 451 4430 896 4503">
     <span class='ocr_line' id='line_1_90' title="bbox 451 4430 896 4503; baseline 0 -18"><span class='ocrx_word' id='word_1_690' title='bbox 451 4432 498 4465; x_wconf 77' lang='grc' dir='ltr'><strong><em>ἰ</em></strong></span> <span class='ocrx_word' id='word_1_691' title='bbox 529 4430 657 4503; x_wconf 83' lang='lat' dir='ltr'><strong>Sap.</strong></span> <span class='ocrx_word' id='word_1_692' title='bbox 690 4445 768 4497; x_wconf 90' lang='grc' dir='ltr'><strong>ιι,</strong></span> <span class='ocrx_word' id='word_1_693' title='bbox 805 4431 896 4486; x_wconf 71' lang='grc'><strong>24.</strong></span> 
     </span>
    </p>
   </div>
   <div class='ocr_carea' id='block_1_91' title="bbox 452 4584 1948 4658">
    <p class='ocr_par' dir='ltr' id='par_1_91' title="bbox 452 4584 1948 4658">
     <span class='ocr_line' id='line_1_91' title="bbox 452 4584 1948 4658; baseline -0.003 -16"><span class='ocrx_word' id='word_1_694' title='bbox 452 4586 565 4657; x_wconf 77' lang='lat'>(83)</span> <span class='ocrx_word' id='word_1_695' title='bbox 604 4587 920 4656; x_wconf 73' lang='grc' dir='ltr'>Γινόμεγα.</span> <span class='ocrx_word' id='word_1_696' title='bbox 958 4586 1126 4658; x_wconf 81' lang='lat' dir='ltr'><strong>Regg.</strong></span> <span class='ocrx_word' id='word_1_697' title='bbox 1154 4600 1205 4651; x_wconf 91' lang='lat' dir='ltr'><strong>c,</strong></span> <span class='ocrx_word' id='word_1_698' title='bbox 1240 4585 1297 4652; x_wconf 92' lang='lat' dir='ltr'><strong>d,</strong></span> <span class='ocrx_word' id='word_1_699' title='bbox 1324 4586 1416 4655; x_wconf 91' lang='lat' dir='ltr'><strong>ph,</strong></span> <span class='ocrx_word' id='word_1_700' title='bbox 1462 4584 1649 4649; x_wconf 86' lang='lat' dir='ltr'><strong>Savil.,</strong></span> <span class='ocrx_word' id='word_1_701' title='bbox 1689 4593 1817 4650; x_wconf 88' lang='lat' dir='ltr'><strong>etc.,</strong></span> <span class='ocrx_word' id='word_1_702' title='bbox 1866 4601 1948 4654; x_wconf 82' lang='grc' dir='ltr'>γε·</span> 
     </span>
    </p>
   </div>
   <div class='ocr_carea' id='block_1_92' title="bbox 382 4657 598 4728">
    <p class='ocr_par' dir='ltr' id='par_1_92' title="bbox 382 4657 598 4728">
     <span class='ocr_line' id='line_1_92' title="bbox 382 4657 598 4728; baseline -0.005 -17"><span class='ocrx_word' id='word_1_703' title='bbox 382 4657 598 4728; x_wconf 83' lang='grc' dir='ltr'>νόμενα.</span> 
     </span>
    </p>
   </div>
   <div class='ocr_carea' id='block_1_93' title="bbox 456 4717 1596 4795">
    <p class='ocr_par' dir='ltr' id='par_1_93' title="bbox 456 4717 1596 4795">
     <span class='ocr_line' id='line_1_93' title="bbox 456 4717 1596 4795; baseline -0.004 -15"><span class='ocrx_word' id='word_1_704' title='bbox 456 4717 569 4795; x_wconf 67' lang='grc'>(84)</span> <span class='ocrx_word' id='word_1_705' title='bbox 599 4725 707 4779; x_wconf 72' lang='grc' dir='ltr'><strong>καὶ</strong></span> <span class='ocrx_word' id='word_1_706' title='bbox 734 4718 782 4791; x_wconf 82' lang='grc' dir='ltr'>ᾧ</span> <span class='ocrx_word' id='word_1_707' title='bbox 806 4725 970 4795; x_wconf 36' lang='grc' dir='ltr'>τόζιιι</span> <span class='ocrx_word' id='word_1_708' title='bbox 1002 4725 1288 4791; x_wconf 89' lang='lat' dir='ltr'><strong>nonnullis,</strong></span> <span class='ocrx_word' id='word_1_709' title='bbox 1321 4717 1366 4793; x_wconf 81' lang='grc' dir='ltr'>ᾧ</span> <span class='ocrx_word' id='word_1_710' title='bbox 1396 4725 1499 4795; x_wconf 70' lang='grc' dir='ltr'><strong>και</strong></span> <span class='ocrx_word' id='word_1_711' title='bbox 1518 4724 1596 4795; x_wconf 81' lang='grc' dir='ltr'><strong>τό.</strong></span> 
     </span>
    </p>
   </div>
   <div class='ocr_carea' id='block_1_94' title="bbox 451 4790 1957 4866">
    <p class='ocr_par' dir='ltr' id='par_1_94' title="bbox 451 4790 1957 4866">
     <span class='ocr_line' id='line_1_94' title="bbox 451 4790 1957 4866; baseline 0 -16"><span class='ocrx_word' id='word_1_712' title='bbox 451 4790 566 4866; x_wconf 58' lang='grc'>(85)</span> <span class='ocrx_word' id='word_1_713' title='bbox 593 4799 665 4850; x_wconf 72' lang='lat' dir='ltr'><strong>Et</strong></span> <span class='ocrx_word' id='word_1_714' title='bbox 694 4790 812 4864; x_wconf 81' lang='grc' dir='ltr'><strong>μὲν</strong></span> <span class='ocrx_word' id='word_1_715' title='bbox 836 4790 950 4849; x_wconf 81' lang='grc' dir='ltr'><strong>οὖν</strong></span> <span class='ocrx_word' id='word_1_716' title='bbox 974 4790 1311 4864; x_wconf 66' lang='grc' dir='ltr'>ἐμείναμεν,</span> <span class='ocrx_word' id='word_1_717' title='bbox 1338 4790 1451 4850; x_wconf 74' lang='grc' dir='ltr'>ἐιο.</span> <span class='ocrx_word' id='word_1_718' title='bbox 1487 4794 1638 4848; x_wconf 89' lang='lat' dir='ltr'><strong>llunc</strong></span> <span class='ocrx_word' id='word_1_719' title='bbox 1673 4794 1848 4848; x_wconf 87' lang='lat' dir='ltr'><strong>locum</strong></span> <span class='ocrx_word' id='word_1_720' title='bbox 1876 4794 1957 4850; x_wconf 91' lang='lat' dir='ltr'><strong>sic</strong></span> 
     </span>
    </p>
   </div>
   <div class='ocr_carea' id='block_1_95' title="bbox 379 4866 1956 4935">
    <p class='ocr_par' dir='ltr' id='par_1_95' title="bbox 379 4866 1956 4935">
     <span class='ocr_line' id='line_1_95' title="bbox 379 4866 1956 4935; baseline -0.002 -14"><span class='ocrx_word' id='word_1_721' title='bbox 379 4868 601 4935; x_wconf 81' lang='lat' dir='ltr'><strong>exponit</strong></span> <span class='ocrx_word' id='word_1_722' title='bbox 643 4866 860 4918; x_wconf 77' lang='lat' dir='ltr'><strong>Nicetas</strong></span> <span class='ocrx_word' id='word_1_723' title='bbox 905 4883 918 4918; x_wconf 89' lang='lat'><strong>:</strong></span> <span class='ocrx_word' id='word_1_724' title='bbox 951 4866 1180 4929; x_wconf 80' lang='lat' dir='ltr'><strong>tllomo,</strong></span> <span class='ocrx_word' id='word_1_725' title='bbox 1231 4881 1329 4919; x_wconf 89' lang='lat' dir='ltr'><strong>nec</strong></span> <span class='ocrx_word' id='word_1_726' title='bbox 1368 4874 1518 4935; x_wconf 14' lang='lat' dir='ltr'><strong>actu,</strong></span> <span class='ocrx_word' id='word_1_727' title='bbox 1556 4866 1819 4926; x_wconf 86' lang='lat' dir='ltr'><strong>mortalis,</strong></span> <span class='ocrx_word' id='word_1_728' title='bbox 1858 4881 1956 4918; x_wconf 91' lang='lat' dir='ltr'><strong>nec</strong></span> 
     </span>
    </p>
   </div>
   <div class='ocr_carea' id='block_1_96' title="bbox 382 4933 1952 4998">
    <p class='ocr_par' dir='ltr' id='par_1_96' title="bbox 382 4933 1952 4998">
     <span class='ocr_line' id='line_1_96' title="bbox 382 4933 1952 4998; baseline -0.002 -9"><span class='ocrx_word' id='word_1_729' title='bbox 382 4933 700 4990; x_wconf 85' lang='lat' dir='ltr'><strong>immortalis</strong></span> <span class='ocrx_word' id='word_1_730' title='bbox 734 4944 952 4988; x_wconf 88' lang='lat' dir='ltr'><strong>creatus</strong></span> <span class='ocrx_word' id='word_1_731' title='bbox 976 4943 1090 4998; x_wconf 89' lang='lat' dir='ltr'><strong>est;</strong></span> <span class='ocrx_word' id='word_1_732' title='bbox 1148 4950 1333 4988; x_wconf 90' lang='lat' dir='ltr'><strong>verum</strong></span> <span class='ocrx_word' id='word_1_733' title='bbox 1385 4933 1591 4987; x_wconf 84' lang='lat' dir='ltr'><strong>medius</strong></span> <span class='ocrx_word' id='word_1_734' title='bbox 1624 4934 1762 4987; x_wconf 89' lang='lat' dir='ltr'><strong>inter</strong></span> <span class='ocrx_word' id='word_1_735' title='bbox 1787 4935 1952 4986; x_wconf 85' lang='lat' dir='ltr'><strong>Deum</strong></span> 
     </span>
    </p>
   </div>
   <div class='ocr_carea' id='block_1_97' title="bbox 380 5004 1954 5069">
    <p class='ocr_par' dir='ltr' id='par_1_97' title="bbox 380 5004 1954 5069">
     <span class='ocr_line' id='line_1_97' title="bbox 380 5004 1954 5069; baseline 0 -12"><span class='ocrx_word' id='word_1_736' title='bbox 380 5014 439 5059; x_wconf 89' lang='lat' dir='ltr'><strong>et</strong></span> <span class='ocrx_word' id='word_1_737' title='bbox 464 5006 745 5057; x_wconf 86' lang='lat' dir='ltr'><strong>materiam</strong></span> <span class='ocrx_word' id='word_1_738' title='bbox 799 5006 991 5069; x_wconf 73' lang='lat' dir='ltr'><strong>lactus,</strong></span> <span class='ocrx_word' id='word_1_739' title='bbox 1032 5006 1084 5056; x_wconf 93' lang='lat' dir='ltr'><strong>in</strong></span> <span class='ocrx_word' id='word_1_740' title='bbox 1114 5018 1176 5058; x_wconf 87' lang='lat' dir='ltr'><strong>ea</strong></span> <span class='ocrx_word' id='word_1_741' title='bbox 1205 5019 1371 5058; x_wconf 91' lang='lat' dir='ltr'><strong>causa</strong></span> <span class='ocrx_word' id='word_1_742' title='bbox 1423 5013 1561 5065; x_wconf 89' lang='lat' dir='ltr'><strong>erat,</strong></span> <span class='ocrx_word' id='word_1_743' title='bbox 1590 5013 1667 5065; x_wconf 85' lang='lat' dir='ltr'><strong>ut,</strong></span> <span class='ocrx_word' id='word_1_744' title='bbox 1697 5005 1740 5057; x_wconf 93' lang='lat' dir='ltr'><strong>si</strong></span> <span class='ocrx_word' id='word_1_745' title='bbox 1773 5004 1954 5057; x_wconf 85' lang='lat' dir='ltr'><strong>divino</strong></span> 
     </span>
    </p>
   </div>
   <div class='ocr_carea' id='block_1_98' title="bbox 382 5073 1953 5142">
    <p class='ocr_par' dir='ltr' id='par_1_98' title="bbox 382 5073 1953 5142">
     <span class='ocr_line' id='line_1_98' title="bbox 382 5073 1953 5142; baseline -0.001 -17"><span class='ocrx_word' id='word_1_746' title='bbox 382 5085 655 5142; x_wconf 63' lang='lat' dir='ltr'><strong>pracepto</strong></span> <span class='ocrx_word' id='word_1_747' title='bbox 686 5074 973 5141; x_wconf 87' lang='lat' dir='ltr'><strong>paruisset,</strong></span> <span class='ocrx_word' id='word_1_748' title='bbox 1013 5073 1122 5125; x_wconf 87' lang='lat' dir='ltr'><strong>Deo</strong></span> <span class='ocrx_word' id='word_1_749' title='bbox 1159 5075 1424 5134; x_wconf 89' lang='lat' dir='ltr'><strong>uniretur,</strong></span> <span class='ocrx_word' id='word_1_750' title='bbox 1454 5083 1614 5139; x_wconf 87' lang='lat' dir='ltr'><strong>atque</strong></span> <span class='ocrx_word' id='word_1_751' title='bbox 1646 5074 1697 5125; x_wconf 91' lang='lat' dir='ltr'><strong>in</strong></span> <span class='ocrx_word' id='word_1_752' title='bbox 1732 5075 1953 5125; x_wconf 87' lang='lat' dir='ltr'><strong>immor-</strong></span> 
     </span>
    </p>
   </div>
   <div class='ocr_carea' id='block_1_99' title="bbox 382 5142 1947 5211">
    <p class='ocr_par' dir='ltr' id='par_1_99' title="bbox 382 5142 1947 5211">
     <span class='ocr_line' id='line_1_99' title="bbox 382 5142 1947 5211; baseline -0.002 -16"><span class='ocrx_word' id='word_1_753' title='bbox 382 5144 641 5198; x_wconf 88' lang='lat' dir='ltr'><strong>talitatem</strong></span> <span class='ocrx_word' id='word_1_754' title='bbox 676 5153 1029 5196; x_wconf 75' lang='lat' dir='ltr'><strong>asset-eretur.</strong></span> <span class='ocrx_word' id='word_1_755' title='bbox 1061 5142 1157 5196; x_wconf 80' lang='lat' dir='ltr'><strong>Sin</strong></span> <span class='ocrx_word' id='word_1_756' title='bbox 1200 5154 1379 5196; x_wconf 90' lang='lat' dir='ltr'><strong>autem</strong></span> <span class='ocrx_word' id='word_1_757' title='bbox 1410 5143 1577 5206; x_wconf 80' lang='lat' dir='ltr'><strong>legem</strong></span> <span class='ocrx_word' id='word_1_758' title='bbox 1623 5143 1947 5211; x_wconf 79' lang='lat' dir='ltr'><strong>int&#39;regissct,</strong></span> 
     </span>
    </p>
   </div>
   <div class='ocr_carea' id='block_1_100' title="bbox 380 5211 1952 5280">
    <p class='ocr_par' dir='ltr' id='par_1_100' title="bbox 380 5211 1952 5280">
     <span class='ocr_line' id='line_1_100' title="bbox 380 5211 1952 5280; baseline -0.002 -15"><span class='ocrx_word' id='word_1_759' title='bbox 380 5213 825 5279; x_wconf 71' lang='lat' dir='ltr'><strong>mortiobnoxius</strong></span> <span class='ocrx_word' id='word_1_760' title='bbox 852 5211 1172 5275; x_wconf 77' lang='lat' dir='ltr'><strong>elﬁceretur,</strong></span> <span class='ocrx_word' id='word_1_761' title='bbox 1206 5226 1269 5265; x_wconf 86' lang='lat' dir='ltr'><strong>ac</strong></span> <span class='ocrx_word' id='word_1_762' title='bbox 1314 5226 1409 5279; x_wconf 93' lang='lat' dir='ltr'><strong>pro</strong></span> <span class='ocrx_word' id='word_1_763' title='bbox 1445 5211 1783 5279; x_wconf 80' lang='lat' dir='ltr'><strong>impassibili,</strong></span> <span class='ocrx_word' id='word_1_764' title='bbox 1830 5226 1952 5280; x_wconf 78' lang='lat' dir='ltr'><strong>pas-</strong></span> 
     </span>
    </p>
   </div>
   <div class='ocr_carea' id='block_1_101' title="bbox 380 5281 1560 5346">
    <p class='ocr_par' dir='ltr' id='par_1_101' title="bbox 380 5281 1560 5346">
     <span class='ocr_line' id='line_1_101' title="bbox 380 5281 1560 5346; baseline -0.003 -11"><span class='ocrx_word' id='word_1_765' title='bbox 380 5282 568 5343; x_wconf 83' lang='lat' dir='ltr'><strong>sibilis,</strong></span> <span class='ocrx_word' id='word_1_766' title='bbox 606 5297 702 5346; x_wconf 91' lang='lat' dir='ltr'><strong>pro</strong></span> <span class='ocrx_word' id='word_1_767' title='bbox 735 5281 1045 5345; x_wconf 88' lang='lat' dir='ltr'><strong>immortali,</strong></span> <span class='ocrx_word' id='word_1_768' title='bbox 1078 5282 1319 5333; x_wconf 88' lang='lat' dir='ltr'><strong>mortalis</strong></span> <span class='ocrx_word' id='word_1_769' title='bbox 1348 5282 1517 5334; x_wconf 84' lang='lat' dir='ltr'><strong>ﬂeret.</strong></span> <span class='ocrx_word' id='word_1_770' title='bbox 1541 5300 1560 5332; x_wconf 75' lang='grc' dir='ltr'><strong>ι</strong></span> 
     </span>
    </p>
   </div>
   <div class='ocr_carea' id='block_1_102' title="bbox 383 5347 1951 5474">
    <p class='ocr_par' dir='ltr' id='par_1_102' title="bbox 383 5347 1951 5474">
     <span class='ocr_line' id='line_1_102' title="bbox 454 5347 1951 5472; baseline -0.001 -68"><span class='ocrx_word' id='word_1_771' title='bbox 454 5349 565 5472; x_wconf 82' lang='grc'>(86)</span> <span class='ocrx_word' id='word_1_772' title='bbox 609 5351 765 5403; x_wconf 75' lang='grc' dir='ltr'>Ἐπεί</span> <span class='ocrx_word' id='word_1_773' title='bbox 792 5349 860 5402; x_wconf 85' lang='grc' dir='ltr'>δὲ</span> <span class='ocrx_word' id='word_1_774' title='bbox 905 5350 986 5415; x_wconf 82' lang='grc' dir='ltr'>τῷ</span> <span class='ocrx_word' id='word_1_775' title='bbox 1034 5352 1252 5418; x_wconf 77' lang='grc' dir='ltr'>φθόνῳ.</span> <span class='ocrx_word' id='word_1_776' title='bbox 1308 5347 1398 5402; x_wconf 86' lang='lat' dir='ltr'><strong>Sic</strong></span> <span class='ocrx_word' id='word_1_777' title='bbox 1453 5359 1559 5402; x_wconf 87' lang='lat' dir='ltr'><strong>tres</strong></span> <span class='ocrx_word' id='word_1_778' title='bbox 1589 5349 1779 5418; x_wconf 79' lang='lat' dir='ltr'><strong>chg.,</strong></span> <span class='ocrx_word' id='word_1_779' title='bbox 1842 5357 1951 5403; x_wconf 86' lang='lat' dir='ltr'><strong>tres</strong></span> 
     </span>
     <span class='ocr_line' id='line_1_103' title="bbox 383 5416 1684 5474; baseline -0.002 0"><span class='ocrx_word' id='word_1_780' title='bbox 383 5416 460 5474; x_wconf 88' lang='lat' dir='ltr'><strong>Co</strong></span> <span class='ocrx_word' id='word_1_781' title='bbox 487 5424 562 5474; x_wconf 59' lang='lat' dir='ltr'><strong>tn.</strong></span> <span class='ocrx_word' id='word_1_782' title='bbox 595 5418 772 5474; x_wconf 84' lang='lat' dir='ltr'><strong>Pass..</strong></span> <span class='ocrx_word' id='word_1_783' title='bbox 802 5430 907 5473; x_wconf 92' lang='lat' dir='ltr'><strong>etc.</strong></span> <span class='ocrx_word' id='word_1_784' title='bbox 940 5419 996 5472; x_wconf 89' lang='lat' dir='ltr'><strong>In</strong></span> <span class='ocrx_word' id='word_1_785' title='bbox 1023 5421 1133 5474; x_wconf 82' lang='lat' dir='ltr'><strong>ed..</strong></span> <span class='ocrx_word' id='word_1_786' title='bbox 1180 5420 1331 5472; x_wconf 78' lang='grc' dir='ltr'>Ἐπεὶ</span> <span class='ocrx_word' id='word_1_787' title='bbox 1352 5418 1461 5474; x_wconf 81' lang='grc' dir='ltr'>γὰρ</span> <span class='ocrx_word' id='word_1_788' title='bbox 1487 5418 1684 5474; x_wconf 76' lang='grc' dir='ltr'>φθόνῳ.</span> 
     </span>
    </p>
   </div>
   <div class='ocr_carea' id='block_1_103' title="bbox 457 5435 1956 5559">
    <p class='ocr_par' dir='ltr' id='par_1_103' title="bbox 457 5435 1956 5559">
     <span class='ocr_line' id='line_1_104' title="bbox 457 5435 1684 5489; baseline -0.001 -17"><span class='ocrx_word' id='word_1_789' title='bbox 457 5435 562 5481; x_wconf 68' lang='grc' dir='ltr'>ιω..</span> <span class='ocrx_word' id='word_1_790' title='bbox 597 5435 772 5481; x_wconf 73' lang='lat' dir='ltr'><strong>vass.,</strong></span> <span class='ocrx_word' id='word_1_791' title='bbox 802 5435 907 5473; x_wconf 90' lang='lat' dir='ltr'><strong>etc.</strong></span> <span class='ocrx_word' id='word_1_792' title='bbox 940 5435 996 5472; x_wconf 85' lang='lat' dir='ltr'><strong>Ill</strong></span> <span class='ocrx_word' id='word_1_793' title='bbox 1023 5435 1133 5484; x_wconf 73' lang='lat' dir='ltr'><strong>ed.,</strong></span> <span class='ocrx_word' id='word_1_794' title='bbox 1185 5435 1331 5472; x_wconf 65' lang='lat' dir='ltr'><strong>&#39;bﬁsl</strong></span> <span class='ocrx_word' id='word_1_795' title='bbox 1352 5435 1461 5488; x_wconf 88' lang='grc' dir='ltr'><strong>γαρ</strong></span> <span class='ocrx_word' id='word_1_796' title='bbox 1487 5435 1684 5489; x_wconf 80' lang='grc' dir='ltr'>φυονῳ.</span> 
     </span>
     <span class='ocr_line' id='line_1_105' title="bbox 457 5486 1956 5559; baseline -0.001 -16"><span class='ocrx_word' id='word_1_797' title='bbox 457 5487 571 5558; x_wconf 87' lang='lat'>(87)</span> <span class='ocrx_word' id='word_1_798' title='bbox 613 5486 697 5554; x_wconf 86' lang='grc' dir='ltr'><strong>Τῷ</strong></span> <span class='ocrx_word' id='word_1_799' title='bbox 733 5487 908 5557; x_wconf 77' lang='grc' dir='ltr'>σάρξ.</span> <span class='ocrx_word' id='word_1_800' title='bbox 944 5489 1035 5543; x_wconf 82' lang='lat' dir='ltr'><strong>Sic</strong></span> <span class='ocrx_word' id='word_1_801' title='bbox 1066 5489 1277 5559; x_wconf 16' lang='lat' dir='ltr'><strong>legerat,</strong></span> <span class='ocrx_word' id='word_1_802' title='bbox 1300 5488 1532 5542; x_wconf 88' lang='lat' dir='ltr'><strong>Savilius</strong></span> <span class='ocrx_word' id='word_1_803' title='bbox 1583 5504 1647 5559; x_wconf 83' lang='lat' dir='ltr'><strong>e_x</strong></span> <span class='ocrx_word' id='word_1_804' title='bbox 1682 5487 1956 5559; x_wconf 78' lang='lat' dir='ltr'><strong>conjectu-</strong></span> 
     </span>
    </p>
   </div>
   <div class='ocr_carea' id='block_1_104' title="bbox 388 5557 1957 5629">
    <p class='ocr_par' dir='ltr' id='par_1_104' title="bbox 388 5557 1957 5629">
     <span class='ocr_line' id='line_1_106' title="bbox 388 5557 1957 5629; baseline -0.001 -17"><span class='ocrx_word' id='word_1_805' title='bbox 388 5571 483 5624; x_wconf 86' lang='lat' dir='ltr'><strong>ra;</strong></span> <span class='ocrx_word' id='word_1_806' title='bbox 504 5557 666 5629; x_wconf 75' lang='lat' dir='ltr'><strong>quam</strong></span> <span class='ocrx_word' id='word_1_807' title='bbox 699 5559 804 5629; x_wconf 88' lang='lat' dir='ltr'><strong>duo</strong></span> <span class='ocrx_word' id='word_1_808' title='bbox 827 5559 1059 5629; x_wconf 74' lang='lat' dir='ltr'><strong>codices,</strong></span> <span class='ocrx_word' id='word_1_809' title='bbox 1086 5557 1219 5615; x_wconf 74' lang='lat' dir='ltr'><strong>aiter</strong></span> <span class='ocrx_word' id='word_1_810' title='bbox 1248 5557 1407 5629; x_wconf 62' lang='lat' dir='ltr'><strong>Reg,</strong></span> <span class='ocrx_word' id='word_1_811' title='bbox 1438 5559 1575 5614; x_wconf 84' lang='lat' dir='ltr'><strong>alter</strong></span> <span class='ocrx_word' id='word_1_812' title='bbox 1603 5557 1738 5624; x_wconf 79' lang='lat' dir='ltr'><strong>Jes.,</strong></span> <span class='ocrx_word' id='word_1_813' title='bbox 1766 5558 1957 5613; x_wconf 76' lang='lat' dir='ltr'><strong>contir-</strong></span> 
     </span>
    </p>
   </div>
   <div class='ocr_carea' id='block_1_105' title="bbox 392 5626 1046 5699">
    <p class='ocr_par' dir='ltr' id='par_1_105' title="bbox 392 5626 1046 5699">
     <span class='ocr_line' id='line_1_107' title="bbox 392 5626 1046 5699; baseline 0.002 -18"><span class='ocrx_word' id='word_1_814' title='bbox 392 5639 558 5682; x_wconf 85' lang='lat' dir='ltr'><strong>tnant.</strong></span> <span class='ocrx_word' id='word_1_815' title='bbox 590 5626 643 5682; x_wconf 90' lang='lat' dir='ltr'><strong>In</strong></span> <span class='ocrx_word' id='word_1_816' title='bbox 673 5628 783 5694; x_wconf 89' lang='lat' dir='ltr'><strong>ed.,</strong></span> <span class='ocrx_word' id='word_1_817' title='bbox 806 5627 868 5680; x_wconf 79' lang='grc' dir='ltr'>τὸ</span> <span class='ocrx_word' id='word_1_818' title='bbox 892 5626 1046 5699; x_wconf 76' lang='grc' dir='ltr'>σάρξ.</span> 
     </span>
    </p>
   </div>
   <div class='ocr_carea' id='block_1_106' title="bbox 2051 4583 3644 4707">
    <p class='ocr_par' dir='ltr' id='par_1_106' title="bbox 2051 4583 3644 4707">
     <span class='ocr_line' id='line_1_108' title="bbox 2122 4583 3644 4659; baseline 0.006 -21"><span class='ocrx_word' id='word_1_819' title='bbox 2122 4584 2235 4655; x_wconf 90' lang='grc'>(88)</span> <span class='ocrx_word' id='word_1_820' title='bbox 2272 4584 2390 4652; x_wconf 77' lang='grc' dir='ltr'><strong>Τὴν</strong></span> <span class='ocrx_word' id='word_1_821' title='bbox 2418 4583 2702 4653; x_wconf 81' lang='grc' dir='ltr'>ἐμαυτοῦ.</span> <span class='ocrx_word' id='word_1_822' title='bbox 2759 4583 2850 4639; x_wconf 92' lang='lat' dir='ltr'><strong>Sic</strong></span> <span class='ocrx_word' id='word_1_823' title='bbox 2906 4585 3148 4656; x_wconf 86' lang='lat' dir='ltr'><strong>plerique</strong></span> <span class='ocrx_word' id='word_1_824' title='bbox 3201 4585 3366 4657; x_wconf 81' lang='lat' dir='ltr'><strong>chg.</strong></span> <span class='ocrx_word' id='word_1_825' title='bbox 3420 4589 3477 4643; x_wconf 89' lang='lat' dir='ltr'><strong>ln</strong></span> <span class='ocrx_word' id='word_1_826' title='bbox 3525 4592 3644 4659; x_wconf 87' lang='lat' dir='ltr'><strong>ed.,</strong></span> 
     </span>
     <span class='ocr_line' id='line_1_109' title="bbox 2051 4656 2434 4707; baseline -0.003 0"><span class='ocrx_word' id='word_1_827' title='bbox 2051 4656 2289 4707; x_wconf 75' lang='grc' dir='ltr'>ἐμαυτοῦ</span> <span class='ocrx_word' id='word_1_828' title='bbox 2316 4657 2434 4707; x_wconf 74' lang='grc' dir='ltr'>τήν.</span> 
     </span>
    </p>
   </div>
   <div class='ocr_carea' id='block_1_107' title="bbox 2128 4672 2434 4707">
    <p class='ocr_par' dir='ltr' id='par_1_107' title="bbox 2128 4672 2434 4707">
     <span class='ocr_line' id='line_1_110' title="bbox 2128 4672 2434 4707; baseline -0.003 0"><span class='ocrx_word' id='word_1_829' title='bbox 2128 4672 2289 4707; x_wconf 71' lang='grc' dir='ltr'>αυτοῦ</span> <span class='ocrx_word' id='word_1_830' title='bbox 2316 4672 2434 4707; x_wconf 77' lang='grc' dir='ltr'>την.</span> 
     </span>
    </p>
   </div>
   <div class='ocr_carea' id='block_1_108' title="bbox 2085 4657 3645 4814">
    <p class='ocr_par' dir='ltr' id='par_1_108' title="bbox 2085 4657 3645 4814">
     <span class='ocr_line' id='line_1_111' title="bbox 2085 4657 3633 4726; baseline 0.002 -19"><span class='ocrx_word' id='word_1_831' title='bbox 2085 4657 2289 4724; x_wconf 87' lang='grc' dir='ltr'>μαυτοῦ</span> <span class='ocrx_word' id='word_1_832' title='bbox 2316 4657 2434 4726; x_wconf 87' lang='grc' dir='ltr'>τήν.</span> <span class='ocrx_word' id='word_1_833' title='bbox 3627 4657 3633 4659; x_wconf 46' lang='grc'><strong><em>⁷</em></strong></span> 
     </span>
     <span class='ocr_line' id='line_1_112' title="bbox 2091 4719 3645 4814; baseline 0 0"><span class='ocrx_word' id='word_1_834' title='bbox 2091 4811 2114 4814; x_wconf 71' lang='grc'><strong>,-</strong></span> <span class='ocrx_word' id='word_1_835' title='bbox 2125 4721 2368 4814; x_wconf 61' lang='grc' dir='ltr'><strong>(δευρῒρς,</strong></span> <span class='ocrx_word' id='word_1_836' title='bbox 2380 4725 2523 4814; x_wconf 20' lang='grc' dir='ltr'><strong>--ἕξει</strong></span> <span class='ocrx_word' id='word_1_837' title='bbox 2540 4726 2718 4814; x_wconf 58' lang='grc' dir='ltr'><strong>,ἯἮῚ</strong></span> <span class='ocrx_word' id='word_1_838' title='bbox 2731 4810 2749 4814; x_wconf 67' lang='lat'><strong>-</strong></span> <span class='ocrx_word' id='word_1_839' title='bbox 2766 4723 2839 4814; x_wconf 63' lang='lat'><strong>.1.&quot;_</strong></span> <span class='ocrx_word' id='word_1_840' title='bbox 2875 4726 3020 4814; x_wconf 55' lang='grc' dir='ltr'><strong>θάκ-</strong></span> <span class='ocrx_word' id='word_1_841' title='bbox 3037 4719 3152 4814; x_wconf 62' lang='grc' dir='ltr'><strong>ὧνξ,</strong></span> <span class='ocrx_word' id='word_1_842' title='bbox 3176 4726 3327 4814; x_wconf 45' lang='grc' dir='ltr'>ξίφει.</span> <span class='ocrx_word' id='word_1_843' title='bbox 3338 4732 3645 4814; x_wconf 52' lang='grc' dir='ltr'><strong>,φαιδροττῗ</strong></span> 
     </span>
    </p>
   </div>
   <div class='ocr_carea' id='block_1_109' title="bbox 2050 4794 3646 4860">
    <p class='ocr_par' dir='ltr' id='par_1_109' title="bbox 2050 4794 3646 4860">
     <span class='ocr_line' id='line_1_113' title="bbox 2050 4794 3646 4860; baseline 0.007 -13"><span class='ocrx_word' id='word_1_844' title='bbox 2050 4794 2170 4860; x_wconf 81' lang='grc' dir='ltr'>τας,</span> <span class='ocrx_word' id='word_1_845' title='bbox 2200 4813 2218 4844; x_wconf 81' lang='grc' dir='ltr'><strong>ι</strong></span> <span class='ocrx_word' id='word_1_846' title='bbox 2247 4794 2471 4848; x_wconf 82' lang='lat' dir='ltr'><strong>festivas</strong></span> <span class='ocrx_word' id='word_1_847' title='bbox 2498 4796 2863 4850; x_wconf 85' lang='lat' dir='ltr'><strong>celebritates.</strong></span> <span class='ocrx_word' id='word_1_848' title='bbox 2888 4815 2907 4847; x_wconf 72' lang='grc' dir='ltr'><strong>ι</strong></span> <span class='ocrx_word' id='word_1_849' title='bbox 2950 4795 3065 4850; x_wconf 83' lang='lat' dir='ltr'><strong>Non</strong></span> <span class='ocrx_word' id='word_1_850' title='bbox 3102 4809 3246 4852; x_wconf 89' lang='lat' dir='ltr'><strong>recte</strong></span> <span class='ocrx_word' id='word_1_851' title='bbox 3270 4794 3391 4851; x_wconf 87' lang='lat' dir='ltr'><strong>Bill.</strong></span> <span class='ocrx_word' id='word_1_852' title='bbox 3457 4794 3497 4852; x_wconf 76' lang='grc' dir='ltr'>ι’</span> <span class='ocrx_word' id='word_1_853' title='bbox 3532 4794 3646 4858; x_wconf 81' lang='lat' dir='ltr'><strong>ani-</strong></span> 
     </span>
    </p>
   </div>
   <div class='ocr_carea' id='block_1_110' title="bbox 2052 4865 2538 4919">
    <p class='ocr_par' dir='ltr' id='par_1_110' title="bbox 2052 4865 2538 4919">
     <span class='ocr_line' id='line_1_114' title="bbox 2052 4865 2538 4919; baseline -0.004 0"><span class='ocrx_word' id='word_1_854' title='bbox 2052 4866 2125 4919; x_wconf 87' lang='lat' dir='ltr'><strong>tni</strong></span> <span class='ocrx_word' id='word_1_855' title='bbox 2166 4865 2487 4917; x_wconf 85' lang='lat' dir='ltr'><strong>hilaritates.</strong></span> <span class='ocrx_word' id='word_1_856' title='bbox 2519 4883 2538 4917; x_wconf 79' lang='grc' dir='ltr'><strong>ι</strong></span> 
     </span>
    </p>
   </div>
   <div class='ocr_carea' id='block_1_111' title="bbox 2149 4934 3113 5002">
    <p class='ocr_par' dir='ltr' id='par_1_111' title="bbox 2149 4934 3113 5002">
     <span class='ocr_line' id='line_1_115' title="bbox 2149 4934 3113 5002; baseline 0.002 -14"><span class='ocrx_word' id='word_1_857' title='bbox 2149 4936 2239 5001; x_wconf 87' lang='grc'>90)</span> <span class='ocrx_word' id='word_1_858' title='bbox 2266 4934 2357 4986; x_wconf 85' lang='grc' dir='ltr'>Δέ.</span> <span class='ocrx_word' id='word_1_859' title='bbox 2392 4934 2547 4987; x_wconf 78' lang='lat' dir='ltr'><strong>Deest</strong></span> <span class='ocrx_word' id='word_1_860' title='bbox 2583 4934 2635 4987; x_wconf 92' lang='lat' dir='ltr'><strong>in</strong></span> <span class='ocrx_word' id='word_1_861' title='bbox 2680 4934 2923 5002; x_wconf 86' lang='lat' dir='ltr'><strong>pluribus</strong></span> <span class='ocrx_word' id='word_1_862' title='bbox 2956 4934 3113 4990; x_wconf 87' lang='lat' dir='ltr'><strong>codd.</strong></span> 
     </span>
    </p>
   </div>
   <div class='ocr_carea' id='block_1_112' title="bbox 2147 5002 3305 5071">
    <p class='ocr_par' dir='ltr' id='par_1_112' title="bbox 2147 5002 3305 5071">
     <span class='ocr_line' id='line_1_116' title="bbox 2147 5002 3305 5071; baseline 0 -14"><span class='ocrx_word' id='word_1_863' title='bbox 2147 5007 2235 5063; x_wconf 83' lang='lat'><strong>9|)</strong></span> <span class='ocrx_word' id='word_1_864' title='bbox 2266 5003 2546 5071; x_wconf 81' lang='grc' dir='ltr'>Κάκείνη.</span> <span class='ocrx_word' id='word_1_865' title='bbox 2580 5002 2673 5059; x_wconf 89' lang='lat' dir='ltr'><strong>Or.</strong></span> <span class='ocrx_word' id='word_1_866' title='bbox 2710 5005 2762 5069; x_wconf 77' lang='grc'>1,</span> <span class='ocrx_word' id='word_1_867' title='bbox 2796 5005 2976 5066; x_wconf 83' lang='grc' dir='ltr'>κάκεῖ,</span> <span class='ocrx_word' id='word_1_868' title='bbox 3019 5023 3037 5056; x_wconf 86' lang='grc' dir='ltr'><strong>ι</strong></span> <span class='ocrx_word' id='word_1_869' title='bbox 3063 5016 3116 5058; x_wconf 89' lang='lat' dir='ltr'><strong>et</strong></span> <span class='ocrx_word' id='word_1_870' title='bbox 3136 5005 3264 5060; x_wconf 86' lang='lat' dir='ltr'><strong>illic.</strong></span> <span class='ocrx_word' id='word_1_871' title='bbox 3287 5025 3305 5057; x_wconf 80' lang='grc' dir='ltr'><strong>ι</strong></span> 
     </span>
    </p>
   </div>
   <div class='ocr_carea' id='block_1_113' title="bbox 2125 5072 3641 5145">
    <p class='ocr_par' dir='ltr' id='par_1_113' title="bbox 2125 5072 3641 5145">
     <span class='ocr_line' id='line_1_117' title="bbox 2125 5072 3641 5145; baseline 0.009 -24"><span class='ocrx_word' id='word_1_872' title='bbox 2125 5072 2235 5142; x_wconf 76' lang='lat'>(99.)</span> <span class='ocrx_word' id='word_1_873' title='bbox 2277 5072 2600 5139; x_wconf 81' lang='grc' dir='ltr'>Γενέσεως.</span> <span class='ocrx_word' id='word_1_874' title='bbox 2638 5075 2814 5137; x_wconf 84' lang='lat' dir='ltr'><strong>Pass.,</strong></span> <span class='ocrx_word' id='word_1_875' title='bbox 2857 5076 3187 5145; x_wconf 84' lang='grc' dir='ltr'>γεννήσεως.</span> <span class='ocrx_word' id='word_1_876' title='bbox 3232 5075 3384 5131; x_wconf 83' lang='lat' dir='ltr'><strong>Nova</strong></span> <span class='ocrx_word' id='word_1_877' title='bbox 3431 5081 3641 5135; x_wconf 91' lang='lat' dir='ltr'><strong>creatio</strong></span> 
     </span>
    </p>
   </div>
   <div class='ocr_carea' id='block_1_114' title="bbox 2052 5145 3637 5215">
    <p class='ocr_par' dir='ltr' id='par_1_114' title="bbox 2052 5145 3637 5215">
     <span class='ocr_line' id='line_1_118' title="bbox 2052 5145 3637 5215; baseline 0.004 -19"><span class='ocrx_word' id='word_1_878' title='bbox 2052 5160 2153 5196; x_wconf 84' lang='lat' dir='ltr'><strong>una</strong></span> <span class='ocrx_word' id='word_1_879' title='bbox 2186 5153 2290 5215; x_wconf 75' lang='lat' dir='ltr'><strong>est,</strong></span> <span class='ocrx_word' id='word_1_880' title='bbox 2335 5158 2430 5208; x_wconf 88' lang='lat' dir='ltr'><strong>per</strong></span> <span class='ocrx_word' id='word_1_881' title='bbox 2464 5146 2693 5211; x_wconf 80' lang='lat' dir='ltr'><strong>gratiam</strong></span> <span class='ocrx_word' id='word_1_882' title='bbox 2725 5145 2933 5198; x_wconf 81' lang='lat' dir='ltr'><strong>scilicet</strong></span> <span class='ocrx_word' id='word_1_883' title='bbox 2958 5157 3010 5198; x_wconf 85' lang='lat' dir='ltr'><strong>et</strong></span> <span class='ocrx_word' id='word_1_884' title='bbox 3036 5147 3283 5213; x_wconf 81' lang='lat' dir='ltr'><strong>gloriam,</strong></span> <span class='ocrx_word' id='word_1_885' title='bbox 3317 5146 3637 5215; x_wconf 80' lang='lat' dir='ltr'><strong>imperfecta</strong></span> 
     </span>
    </p>
   </div>
   <div class='ocr_carea' id='block_1_115' title="bbox 2050 5213 3638 5281">
    <p class='ocr_par' dir='ltr' id='par_1_115' title="bbox 2050 5213 3638 5281">
     <span class='ocr_line' id='line_1_119' title="bbox 2050 5213 3638 5281; baseline 0.003 -15"><span class='ocrx_word' id='word_1_886' title='bbox 2050 5223 2104 5266; x_wconf 87' lang='lat' dir='ltr'><strong>et</strong></span> <span class='ocrx_word' id='word_1_887' title='bbox 2136 5213 2399 5281; x_wconf 79' lang='lat' dir='ltr'><strong>perfecta,</strong></span> <span class='ocrx_word' id='word_1_888' title='bbox 2435 5215 2501 5265; x_wconf 88' lang='lat' dir='ltr'><strong>ad</strong></span> <span class='ocrx_word' id='word_1_889' title='bbox 2537 5229 2696 5280; x_wconf 88' lang='lat' dir='ltr'><strong>quam</strong></span> <span class='ocrx_word' id='word_1_890' title='bbox 2725 5223 2935 5280; x_wconf 75' lang='lat' dir='ltr'><strong>Spectat</strong></span> <span class='ocrx_word' id='word_1_891' title='bbox 2964 5228 3182 5280; x_wconf 82' lang='lat' dir='ltr'><strong>oetava,</strong></span> <span class='ocrx_word' id='word_1_892' title='bbox 3220 5213 3455 5269; x_wconf 78' lang='lat' dir='ltr'><strong>futurum</strong></span> <span class='ocrx_word' id='word_1_893' title='bbox 3486 5220 3638 5271; x_wconf 86' lang='lat' dir='ltr'><strong>scili-</strong></span> 
     </span>
    </p>
   </div>
   <div class='ocr_carea' id='block_1_116' title="bbox 2050 5282 3646 5352">
    <p class='ocr_par' dir='ltr' id='par_1_116' title="bbox 2050 5282 3646 5352">
     <span class='ocr_line' id='line_1_120' title="bbox 2050 5282 3646 5352; baseline 0.004 -16"><span class='ocrx_word' id='word_1_894' title='bbox 2050 5293 2134 5336; x_wconf 87' lang='lat' dir='ltr'><strong>cet</strong></span> <span class='ocrx_word' id='word_1_895' title='bbox 2160 5296 2352 5348; x_wconf 66' lang='lat' dir='ltr'><strong>navum,</strong></span> <span class='ocrx_word' id='word_1_896' title='bbox 2383 5282 2523 5350; x_wconf 89' lang='lat' dir='ltr'><strong>quod</strong></span> <span class='ocrx_word' id='word_1_897' title='bbox 2555 5291 2674 5349; x_wconf 89' lang='lat' dir='ltr'><strong>post</strong></span> <span class='ocrx_word' id='word_1_898' title='bbox 2720 5282 2862 5338; x_wconf 85' lang='lat' dir='ltr'><strong>istud</strong></span> <span class='ocrx_word' id='word_1_899' title='bbox 2916 5298 3159 5352; x_wconf 72' lang='lat' dir='ltr'><strong>przesens</strong></span> <span class='ocrx_word' id='word_1_900' title='bbox 3218 5300 3318 5340; x_wconf 91' lang='lat' dir='ltr'><strong>nos</strong></span> <span class='ocrx_word' id='word_1_901' title='bbox 3364 5295 3450 5341; x_wconf 86' lang='lat' dir='ltr'><strong>est</strong></span> <span class='ocrx_word' id='word_1_902' title='bbox 3477 5303 3646 5342; x_wconf 76' lang='lat' dir='ltr'><strong>exce-</strong></span> 
     </span>
    </p>
   </div>
   <div class='ocr_carea' id='block_1_117' title="bbox 2091 5362 2289 5404">
    <p class='ocr_par' dir='ltr' id='par_1_117' title="bbox 2091 5362 2289 5404">
     <span class='ocr_line' id='line_1_121' title="bbox 2091 5362 2289 5404; baseline 0 -1"><span class='ocrx_word' id='word_1_903' title='bbox 2091 5362 2289 5404; x_wconf 87' lang='lat' dir='ltr'><strong>turum.</strong></span> 
     </span>
    </p>
   </div>
   <div class='ocr_carea' id='block_1_118' title="bbox 2054 5367 3644 5492">
    <p class='ocr_par' dir='ltr' id='par_1_118' title="bbox 2054 5367 3644 5492">
     <span class='ocr_line' id='line_1_122' title="bbox 2054 5367 3644 5492; baseline 0.003 -18"><span class='ocrx_word' id='word_1_904' title='bbox 2054 5367 2397 5488; x_wconf 39' lang='lat' dir='ltr'><strong>“(5‘51)”?ch</strong></span> <span class='ocrx_word' id='word_1_905' title='bbox 2441 5418 2610 5473; x_wconf 80' lang='grc' dir='ltr'>ἑπτά.</span> <span class='ocrx_word' id='word_1_906' title='bbox 2673 5420 2848 5477; x_wconf 88' lang='lat' dir='ltr'><strong>Eccle.</strong></span> <span class='ocrx_word' id='word_1_907' title='bbox 2881 5437 2956 5486; x_wconf 72' lang='grc' dir='ltr'><strong>ιι,</strong></span> <span class='ocrx_word' id='word_1_908' title='bbox 2993 5422 3029 5477; x_wconf 76' lang='lat'><strong>2</strong></span> <span class='ocrx_word' id='word_1_909' title='bbox 3067 5440 3081 5476; x_wconf 91' lang='lat'><strong>:</strong></span> <span class='ocrx_word' id='word_1_910' title='bbox 3122 5421 3234 5476; x_wconf 72' lang='lat' dir='ltr'><strong>«Da</strong></span> <span class='ocrx_word' id='word_1_911' title='bbox 3287 5434 3494 5492; x_wconf 91' lang='lat' dir='ltr'><strong>partem</strong></span> <span class='ocrx_word' id='word_1_912' title='bbox 3550 5440 3644 5479; x_wconf 89' lang='lat' dir='ltr'><strong>se-</strong></span> 
     </span>
    </p>
   </div>
   <div class='ocr_carea' id='block_1_119' title="bbox 2051 5493 3638 5563">
    <p class='ocr_par' dir='ltr' id='par_1_119' title="bbox 2051 5493 3638 5563">
     <span class='ocr_line' id='line_1_123' title="bbox 2051 5493 3638 5563; baseline 0.004 -20"><span class='ocrx_word' id='word_1_913' title='bbox 2051 5500 2220 5563; x_wconf 71' lang='lat' dir='ltr'><strong>ptem,</strong></span> <span class='ocrx_word' id='word_1_914' title='bbox 2251 5504 2467 5563; x_wconf 75' lang='lat' dir='ltr'><strong>necnon</strong></span> <span class='ocrx_word' id='word_1_915' title='bbox 2497 5501 2550 5543; x_wconf 86' lang='lat' dir='ltr'><strong>et</strong></span> <span class='ocrx_word' id='word_1_916' title='bbox 2584 5500 2727 5555; x_wconf 89' lang='lat' dir='ltr'><strong>octo,</strong></span> <span class='ocrx_word' id='word_1_917' title='bbox 2776 5493 2902 5563; x_wconf 88' lang='lat' dir='ltr'><strong>qui_a</strong></span> <span class='ocrx_word' id='word_1_918' title='bbox 2965 5493 3183 5563; x_wconf 85' lang='lat' dir='ltr'><strong>ignoras</strong></span> <span class='ocrx_word' id='word_1_919' title='bbox 3212 5496 3339 5562; x_wconf 80' lang='lat' dir='ltr'><strong>quid</strong></span> <span class='ocrx_word' id='word_1_920' title='bbox 3392 5496 3638 5551; x_wconf 80' lang='lat' dir='ltr'><strong>futurum</strong></span> 
     </span>
    </p>
   </div>
   <div class='ocr_carea' id='block_1_120' title="bbox 2055 5559 3635 5635">
    <p class='ocr_par' dir='ltr' id='par_1_120' title="bbox 2055 5559 3635 5635">
     <span class='ocr_line' id='line_1_124' title="bbox 2055 5559 3635 5635; baseline 0.004 -23"><span class='ocrx_word' id='word_1_921' title='bbox 2055 5560 2125 5613; x_wconf 88' lang='lat' dir='ltr'><strong>sit</strong></span> <span class='ocrx_word' id='word_1_922' title='bbox 2161 5559 2282 5612; x_wconf 88' lang='lat' dir='ltr'><strong>mali</strong></span> <span class='ocrx_word' id='word_1_923' title='bbox 2313 5567 2738 5635; x_wconf 85' lang='lat' dir='ltr'><strong>super_terram.</strong></span> <span class='ocrx_word' id='word_1_924' title='bbox 2767 5559 2807 5611; x_wconf 54' lang='grc' dir='ltr'><em>ί</em></span> <span class='ocrx_word' id='word_1_925' title='bbox 2831 5559 3073 5635; x_wconf 23' lang='lat' dir='ltr'><strong>ASeptém</strong></span> <span class='ocrx_word' id='word_1_926' title='bbox 3135 5582 3155 5615; x_wconf 72' lang='grc' dir='ltr'><strong>ι</strong></span> <span class='ocrx_word' id='word_1_927' title='bbox 3188 5559 3505 5635; x_wconf 62' lang='lat' dir='ltr'><strong>prasentem</strong></span> <span class='ocrx_word' id='word_1_928' title='bbox 3553 5567 3635 5619; x_wconf 81' lang='lat' dir='ltr'><strong>vi-</strong></span> 
     </span>
    </p>
   </div>
   <div class='ocr_carea' id='block_1_121' title="bbox 2057 5629 3135 5701">
    <p class='ocr_par' dir='ltr' id='par_1_121' title="bbox 2057 5629 3135 5701">
     <span class='ocr_line' id='line_1_125' title="bbox 2057 5629 3135 5701; baseline 0.004 -20"><span class='ocrx_word' id='word_1_929' title='bbox 2057 5637 2186 5693; x_wconf 87' lang='lat' dir='ltr'><strong>tam,</strong></span> <span class='ocrx_word' id='word_1_930' title='bbox 2216 5647 2235 5678; x_wconf 73' lang='grc' dir='ltr'><strong>ι</strong></span> <span class='ocrx_word' id='word_1_931' title='bbox 2269 5640 2392 5684; x_wconf 83' lang='lat' dir='ltr'><strong>octo</strong></span> <span class='ocrx_word' id='word_1_932' title='bbox 2431 5648 2450 5681; x_wconf 79' lang='grc' dir='ltr'><strong>ι</strong></span> <span class='ocrx_word' id='word_1_933' title='bbox 2478 5629 2710 5683; x_wconf 80' lang='lat' dir='ltr'><strong>futuram</strong></span> <span class='ocrx_word' id='word_1_934' title='bbox 2743 5651 2761 5683; x_wconf 77' lang='grc' dir='ltr'><strong>ι</strong></span> <span class='ocrx_word' id='word_1_935' title='bbox 2801 5632 3089 5701; x_wconf 82' lang='lat' dir='ltr'><strong>signiﬁcat.</strong></span> <span class='ocrx_word' id='word_1_936' title='bbox 3115 5651 3135 5685; x_wconf 73' lang='grc' dir='ltr'><strong>ι</strong></span> 
     </span>
    </p>
   </div>
  </div>
