3898 6222
273 177 387 232 διδ
1202 167 1462 226 ORATIO
1496 167 1684 224 xuv.
1721 196 1789 209 -
1826 165 1893 221 lN
1930 165 2173 224 novam
2214 152 2625 222 DOMIMCAM.
3446 165 3555 224 6M

271 297 374 351 καί
404 313 469 366 γε
499 297 614 361 τοῖς
648 293 814 362 ὀκτὼ,
841 292 920 365 τῷ
950 292 1229 362 μέλλοντι·
1270 294 1334 347 ὲκ
1371 294 1471 362 τῆς
1504 290 1752 345 ἐντεῦθεν
1781 291 1870 343 εὐ-

1990 291 2092 344 lem
2114 290 2237 345 vitae
2259 298 2457 345 statum
2486 294 2731 358 spectat;
2769 301 2928 357 quem
2969 285 3133 342 etiam
3174 283 3303 340 mihi
3341 284 3557 343 divinus

272 387 524 460 πραγεας
550 389 645 440 καὶ
669 387 767 458 τῆς
799 386 1007 440 ἐκεῖθεν
1039 385 1556 447 ἀποκαταστάσεως.
1593 383 1752 436 Ἀλλὰ
1778 383 1873 462 καὶ

1995 382 2062 436 lle
2087 381 2340 436 Salomon
2377 381 2691 452 designasse
2728 379 2963 446 videtur,
3010 392 3130 432 cum
3163 375 3557 447 praescriberet,

272 482 306 533 6
345 479 519 550 μέγας
566 478 730 531 Δαϐὶδ
775 481 842 550 τῇ
877 478 1015 548 αὐτῇ
1056 476 1346 548 προσᾴδειν
1382 475 1528 528 ἔοικε
1581 477 1708 538 τοὺς
1738 475 1872 543 περὶ

1990 483 2033 528 η
2060 482 2265 543 partem
2297 483 2501 542 septem
2542 474 2824 537 daremus,
2879 471 2932 526 id
2970 481 3088 537 est,
3129 470 3257 525 huic
3289 469 3444 534 vitae;
3477 478 3563 523 at-

276 568 395 639 τῆς
424 570 642 640 ὀγδόης
665 569 775 636 (94)
804 569 1071 640 ψαλμοὺς,
1099 570 1288 642 ὥσπερ
1318 569 1411 623 καὶ
1433 560 1627 639 τῇτῶν
1658 566 1876 634 Ἐγκαι-

1990 579 2078 634 lue
2130 565 2294 619 etiam
2341 574 2464 620 octo
2485 564 2558 629 ",
2603 564 2706 619 hoc
2737 573 2851 629 est,
2894 562 3074 616 futuro
3109 576 3244 617 aevo.
3298 560 3353 614 ld
3396 574 3559 630 porro

278 661 416 714 νίων
455 661 641 732 ἡμέρα
681 660 856 733 ταύτῃ
889 660 1102 731 ψαλμὸν
1145 661 1352 731 ἕτερον,
1393 659 1563 712 οἴκου
1603 658 1736 711 τινὰ
1764 656 1874 727 (95)

1990 656 2086 721 iet,
2134 656 2177 710 si
2221 665 2276 709 et
2309 655 2396 710 hic
2437 655 2677 710 honestis
2715 653 3020 709 actionibus
3050 652 3477 717 incubuerimus,
3503 659 3560 704 et

278 751 679 822 ὲγκαενισμόν
702 752 985 823 ὀνομάζων
1008 769 1023 782 ·
1054 754 1204 817 ὅστις
1233 753 1401 822 ἐσμὲν
1446 753 1631 822 ἡμεῖς,
1662 751 1711 802 οἱ
1740 749 1875 803 Θεοῦ

1990 766 2029 801 ill
2053 749 2225 803 altero
2259 748 2456 802 sarculo
2502 746 2651 801 velut
2700 746 2753 800 in
2798 745 3065 814 integrum
3105 743 3339 799 restituti
3394 740 3558 797 fueri-

280 844 416 908 ναὸς
453 842 572 914 (96)
602 838 742 897 εἶναι
785 860 844 896 τε
895 844 992 897 καὶ
1028 842 1249 898 ἀκούειν
1283 842 1574 915 ἠξιωμένοι
1606 841 1702 895 καὶ
1729 840 1877 911 γίνε-

1990 855 2113 895 nus.
2143 840 2283 906 Quin
2318 854 2545 910 magnus
2573 840 2736 894 etiam
2762 840 2851 895 ille
2880 838 3046 894 David
3069 837 3242 892 eidem
3268 837 3370 891 diei
3410 833 3558 904 psal-

280 934 438 992 σθαι.
1972 946 2091 988 mos
2123 933 2187 986 de
2216 940 2398 986 octava
2420 931 2466 964 ”
2510 933 2761 988 accinere
2818 933 3050 996 videtur,
3110 929 3558 1001 quemadmodum

276 1041 342 1085 et
374 1031 499 1087 huic
525 1030 903 1086 Eucteniorum
955 1030 1054 1086 tliei
1091 1030 1354 1101 psalmum
1393 1029 1557 1085 alium
1585 1028 1635 1062 "
1676 1035 1985 1097 nuncupat,
2055 1025 2448 1080 Iitnovationem
2509 1026 2786 1084 auamdam
2846 1026 3029 1079 domus
3086 1023 3405 1079 nominans:
3443 1038 3561 1092 quae
3670 1094 3677 1099 ν

276 1124 504 1193 quidem
535 1123 726 1179 domus
759 1124 857 1192 ipsi
884 1123 1202 1193 sumus,qui
1226 1124 1316 1178 Dei
1341 1122 1622 1192 templum,
1646 1132 1700 1174 et
1720 1137 1865 1187 esse,
1902 1128 1954 1176 et
1977 1120 2081 1174 dici
2108 1160 2125 1184 ,
2171 1129 2333 1188 atque
2354 1117 2487 1174 adeo
2516 1119 2653 1186 fieri,
2682 1119 2826 1189 digni
2860 1118 3027 1173 habiti
3058 1131 3265 1172 sumus.

361 1209 450 1281 (Γ.
496 1213 689 1284 Ἔχετε
712 1213 823 1266 τῶν
866 1213 1187 1287 Ἐγκαινίων
1213 1212 1304 1265 τὸν
1333 1211 1511 1281 λόγον.
1532 1212 1670 1264 Ἀλλ’
1695 1213 1882 1281 ἐγκαι-

276 1303 521 1368 νίζεσθε,
554 1304 648 1358 καὶ
674 1303 765 1357 τὸν
793 1302 1024 1356 παλαιὸν
1052 1303 1338 1375 ἄνθρωπον
1364 1302 1790 1376 ἀπορρίψαντες,
1822 1303 1880 1354 ὲν

278 1394 568 1465 καινότητι
589 1392 737 1464 ζωῆς
767 1394 1135 1460 πολιτεύεσθε,
1162 1397 1296 1449 πᾶσι
1329 1393 1543 1465 χαλινὸν
1575 1393 1876 1460 ἐπιθέντες,

2048 1207 2137 1263 Vl.
2173 1208 2544 1262 Encwniorum
2577 1220 2842 1263 rationem
2884 1209 3116 1263 habetis.
3151 1207 3222 1262 At
3265 1222 3363 1262 vos
3405 1206 3561 1260 inuo-

1978 1300 2176 1356 vemini
2198 1339 2214 1364 ,
2246 1313 2308 1353 ac
2328 1339 2344 1365 ,
2372 1300 2617 1368 deposito
2650 1301 2817 1355 veteri
2847 1301 3093 1365 homine,
3125 1302 3177 1354 in
3211 1298 3450 1353 novitate
3474 1298 3559 1351 vi-

1977 1402 2045 1449 ta!
2072 1394 2118 1426 "
2141 1394 2377 1447 rationes
2405 1402 2614 1447 vestras
2654 1392 2915 1446 instituite
2937 1432 2953 1457 ,
2990 1393 3239 1447 omnibus
3280 1391 3460 1454 rebus,
3492 1406 3559 1445 ex

278 1485 347 1552 ἐξ
396 1479 470 1538 ὧν
501 1488 530 1539 6
559 1485 812 1548 Θάνατος,
843 1486 1023 1539 πάντα
1045 1485 1115 1539 τὰ
1154 1484 1291 1555 μέλη
1330 1484 1873 1553 παιδαγωγήσαντες,

1990 1484 2170 1554 quibus
2208 1500 2357 1540 mors
2413 1483 2678 1551 oritur",
2714 1484 2923 1538 frenum
2979 1483 3318 1553 injicientes,
3376 1482 3558 1536 omnia

278 1578 472 1630 πᾶσαν
496 1576 596 1647 τὴν
630 1577 873 1647 πονηρὰν
897 1576 991 1630 τοῦ
1026 1577 1184 1643 ξύλου
1222 1577 1426 1648 βρῶσιν
1459 1577 1808 1648 μισήσαντες,
1842 1576 1875 1648 ἢ

279 1667 749 1739 ἐμέσαντεςωη,
781 1668 876 1723 ml.
900 1668 992 1722 διὰ
1016 1667 1175 1722 τοῦτο
1212 1669 1372 1739 μόνον
1403 1668 1741 1740 μεμνημένοι
1771 1668 1879 1722 τῶν

277 1759 556 1824 παλαιῶν,
609 1759 694 1812 ἵνα
743 1759 1027 1830 φύγωμεν.
1072 1759 1283 1832 Ὠραῖος
1309 1755 1378 1830 ἦν
1410 1760 1492 1823 εἰς
1534 1760 1747 1831 ὅρασιν,
1786 1758 1880 1813 καὶ

277 1850 454 1915 καλὸς
481 1852 561 1915 εἰς
595 1849 819 1922 βρῶσιν,
855 1853 884 1904 ὁ
906 1850 1007 1921 ἐμὲ
1037 1849 1356 1914 θανατώσας
1381 1850 1597 1922 καρπός
1622 1867 1636 1882 ·
1669 1851 1881 1920 φεύγω-

280 1959 393 2014 μεν
412 1942 510 2006 τὰς
528 1941 804 2016 εύχροίας,
834 1943 913 2005 εἰς
942 1943 1092 2012 ἡμᾶς
1125 1943 1323 2006 αὐτοὺς
1356 1941 1663 2012 βλέπωμεν.
1698 1942 1782 2014 Μή
1820 1959 1879 1995 σε

277 2035 565 2106 νικησάτω
594 2035 822 2098 κάλλους
849 2036 1130 2107 ἐπιθυμία,
1164 2037 1299 2107 μηδὲ
1340 2037 1724 2109 συναρπασθῇς
1769 2039 1881 2101 σοῖς

284 2127 581 2197 βλεφάροις
620 2126 754 2198 (98),
786 2129 835 2180 εἰ
860 2127 1106 2192 δυνατὸν,
1139 2128 1303 2199 μέχρι
1341 2128 1435 2181 καὶ
1465 2129 1877 2200 παροράματος,

280 2218 391 2287 τὴν
414 2213 559 2271 Εὕαν
594 2216 942 2289 ἐνθυμηθεὶς,
969 2217 1030 2270 τὸ
1052 2218 1226 2287 γλυκὺ
1253 2218 1465 2290 δέλεαρ,
1489 2219 1548 2271 τὸ
1572 2219 1881 2290 τιμώμενον

283 2307 604 2378 φάρμακον.
629 2307 755 2371 Πῶς
784 2308 893 2380 γὰρ
921 2307 1085 2361 σώσει
1127 2300 1377 2380 ῥᾳδίως
1401 2308 1674 2381 ἀλλοτρία,
1701 2310 1757 2363 ὃν
1787 2312 1884 2363 ὰπ-

282 2396 494 2451 ώλεσεν
527 2399 560 2468 ἡ
604 2397 855 2468 ἱδία;Μὴ
894 2397 1254 2467 γλυκανθήτω
1297 2414 1376 2450 σοι
1404 2397 1782 2468 (99)’φάρυγξ,
1822 2390 1883 2451 οὗ

285 2488 658 2558 κατασύρεται
687 2489 795 2541 πᾶν
837 2488 899 2541 τὸ
938 2488 1215 2557 διδόμενον
1239 2504 1253 2518 ο
1286 2487 1380 2539 καὶ
1423 2490 1554 2558 πρὶν
1584 2488 1882 2557 ληφθῆναι,

283 2579 598 2650 τιμώμενον
618 2622 639 2644 ,
682 2579 819 2647 μετὰ
847 2579 907 2632 τὸ
932 2579 1117 2632 λαϐεῖν
1149 2577 1493 2647 ἁτιμάζεται.
1529 2579 1591 2630 Ἡ
1618 2577 1885 2648 ὄσφρησις

287 2667 519 2740 ὲθήλυνέ
545 2684 639 2734 σε;
667 2668 840 2736 Φεῦγε
865 2668 965 2731 τὰς
1002 2667 1250 2730 εὐωδίας.
1275 2668 1352 2737 Τῇ
1375 2669 1485 2737 ἁφῇ
1516 2663 1887 2736 κατεμαλακί-

290 2759 465 2830 σθης;
509 2758 800 2824 Ἀπόταξαι
826 2762 944 2822 ταῖς
966 2758 1223 2827 λειότησι,
1265 2758 1359 2810 καὶ
1384 2761 1503 2822 ταῖς
1528 2758 1881 2828 ἁπαλότησιν.

1977 1576 2218 1630 membra
2249 1586 2597 1641 coercentes,
2645 1590 2868 1646 pravam
2913 1590 3128 1630 omnem
3173 1574 3305 1645 ligni
3333 1573 3562 1629 mandu-

1978 1665 2245 1720 cationem
2281 1667 2611 1721 detestantes
2633 1707 2649 1733 ,
2696 1675 2792 1721 aut
2832 1667 2994 1722 etiam
3025 1677 3370 1730 evomentes,
3397 1677 3564 1735 atque

1977 1756 2045 1809 ob
2075 1755 2128 1810 id
2172 1757 2345 1811 solum
2377 1768 2556 1811 vetera
2589 1758 2847 1812 memoria
2887 1766 3168 1826 tenentes,
3199 1766 3256 1811 ut
3282 1772 3345 1811 ea
3389 1756 3563 1826 fugia-

1980 1846 2076 1900 tis.
2117 1845 2349 1902 Pulcher
2396 1857 2516 1901 erat
2567 1849 2632 1901 ad
2681 1858 2990 1918 aspectum,
3020 1859 3075 1902 et
3103 1849 3274 1903 bonus
3300 1848 3365 1903 ad
3410 1863 3562 1903 esmn

1980 1938 2186 1992 fructus
2217 1946 2326 2005 nte,
2355 1955 2444 2008 qui
2469 1944 2636 2010 839
2659 1941 2789 1994 mihi
2818 1951 3046 1996 mortem
3087 1941 3305 2007 intulit;
3339 1940 3565 2012 proinde

1978 2028 2219 2082 colorum
2268 2031 2494 2084 nitorem
2554 2030 2847 2100 fugiamus,
2905 2031 2972 2086 ad
3026 2047 3125 2087 nos
3186 2033 3333 2102 ipsos
3377 2032 3565 2088 oculos

1979 2129 2375 2174 convertamus.
2429 2121 2610 2187 Cave,
2657 2137 2726 2177 ne
2774 2132 2823 2177 te
2861 2122 3099 2192 pulchrae
3145 2132 3309 2193 atque
3352 2125 3566 2179 eximiae

1982 2209 2169 2263 formae
2208 2210 2476 2280 cupiditas
2511 2222 2750 2280 superet,
2792 2228 2968 2281 neque
2999 2215 3104 2268 tuis
3135 2213 3426 2283 abripiaris
3448 2217 3561 2283 pat-

1981 2301 2183 2369 pebris,
2216 2317 2283 2355 ne
2310 2303 2560 2370 quidem,
2587 2305 2629 2358 si
2666 2304 2780 2359 ﬁeri
2812 2314 3028 2375 potest,
3069 2307 3134 2360 ad
3165 2315 3376 2361 tenuem
3409 2306 3564 2361 furti-

1982 2406 2215 2461 vumque
2275 2396 2620 2462 contuitum;
2678 2398 2818 2465 quod
2864 2398 3081 2465 quidem
3134 2399 3473 2467 assequeris,
3519 2399 3566 2455 si

1982 2480 2150 2535 Evam
2190 2484 2283 2538 tibi
2316 2486 2498 2539 animo
2531 2487 2916 2555 proposueris,
2965 2487 3172 2542 dulcem
3206 2489 3350 2542 illam
3388 2489 3571 2545 illece-

1984 2571 2159 2637 bram,
2193 2575 2416 2628 charum
2446 2591 2733 2630 venenum.
2760 2578 3001 2643 Quonam
3025 2578 3167 2631 enim
3195 2579 3356 2633 modo
3384 2578 3563 2633 aliena

1985 2661 2141 2717 facile
2172 2664 2298 2718 huic
2330 2664 2489 2720 saluti
2530 2667 2668 2729 erit,
2713 2681 2873 2736 quem
2908 2683 3003 2721 sua
3035 2668 3305 2737 perdidit?
3336 2667 3413 2723 Ne
3446 2669 3565 2723 dul-

1987 2756 2179 2810 cedine
2221 2756 2612 2825 perfunduntur
2649 2758 2831 2814 fauces
2876 2769 3014 2825 tute,
3056 2760 3109 2813 in
3165 2775 3301 2829 quas
3336 2761 3568 2816 volvitur

300 2846 374 2899 Ἠ
399 2845 537 2916 ἀκοὴ
559 2847 898 2916 παρέπεισε;
927 2846 1029 2909 Θὲς
1056 2846 1225 2917 θύραν
1243 2847 1317 2915 (1)
1342 2849 1450 2909 τοῖς
1478 2847 1774 2917 ἀπατηλοῖς
1801 2848 1882 2902 λό-

1990 2849 2247 2919 quidquid
2274 2851 2566 2920 porrigitur
2591 2869 2604 2904 :
2634 2859 2689 2906 et
2710 2852 2851 2920 quod
2879 2894 2894 2917 ,
2923 2861 3211 2922 antequam
3245 2853 3565 2922 accipiatur,

288 2956 412 3007 γοις
428 2939 521 2991 καὶ¹
550 2938 879 3009 περιέργοις.
905 2939 1120 3006 ’Δνοιγε
1146 2937 1237 2990 σὸν
1267 2937 1440 3008 στόμα
1460 2937 1603 3009 λόγῳ
1630 2940 1787 3004 Θεοῦ,
1815 2941 1881 2994 ἵν’

290 3026 530 3098 ἐλκύσῃς
552 3027 802 3098 Πνεῦμα,
828 3028 903 3097 μὴ
936 3027 1151 3096 σπάσῃς
1185 3026 1434 3081 θάνατον.
1455 3028 1623 3081 Ὅταν
1645 3029 1696 3081 τί
1723 3047 1783 3081 σε
1810 3031 1886 3083 δε-

290 3118 463 3189 λεὰζῃ
489 3118 596 3173 τῶν
627 3119 1031 3190 ἀπειρημένων,
1054 3118 1324 3190 μνήσθητι
1345 3119 1494 3182 ὅστις
1521 3120 1608 3190 ἧς,
1644 3120 1736 3172 καὶ
1763 3121 1884 3174 ὅθεν

291 3212 603 3276 ἀπόλωλας.
634 3211 760 3265 Ἐὰν
781 3212 972 3283 μικρόν
984 3229 1036 3265 τι
1056 3210 1149 3264 τοῦ
1178 3211 1336 3279 λόγου
1355 3215 1753 3283 παρεκτραπῇς
1782 3214 1880 3282 (2),

291 3300 435 3374 πρὸς
471 3301 662 3355 ἑαυτὸν
707 3302 1001 3369 ἐπανάγοι),
1039 3301 1167 3372 πρὶν
1213 3301 1491 3365 παντελῶς
1530 3302 1637 3368 ἔξω
1676 3307 1879 3365 πεσεῖν,

292 3393 394 3447 καὶ
421 3392 809 3463 κατενεχθῆναι
844 3393 980 3462 πρὸς
1015 3392 1091 3462 (3)
1128 3392 1376 3456 θάνατον,
1400 3393 1495 3446 καὶ
1513 3393 1671 3461 γενοῦ
1698 3396 1884 3458 καινὸς

295 3483 421 3538 ἀντὶ
443 3483 697 3547 παλαιοῦ,
731 3484 825 3538 καὶ
849 3484 1027 3555 ψυχῆς
1059 3483 1287 3554 ἑόρταζε
1326 3483 1395 3536 τὰ
1435 3485 1737 3552 Ἐγκαίνια.

1982 2940 2034 2993 in
2078 2942 2249 3009 pretio
2275 2952 2393 3005 est,
2426 2941 2566 2995 idem
2598 2952 2879 3010 acceptum
2922 2944 3128 2997 vilescit
3163 2954 3216 2996 et
3266 2949 3567 3001 contemni-

1984 3039 2090 3084 tur.
2141 3030 2411 3086 Odoratns
2463 3041 2514 3086 te
2562 3033 2938 3088 effeminavit?
2993 3034 3230 3090 Odorum
3271 3038 3572 3093 suavitates

1982 3120 2122 3190 fuge.
2154 3121 2322 3174 Tactu
2371 3122 2640 3176 emollitus
2674 3123 2777 3177 es?
2807 3122 3045 3178 Lacvitati
3077 3126 3222 3178 omni
3273 3140 3338 3180 ac
3389 3127 3563 3180 molli-

1984 3214 2072 3266 tiei
2101 3213 2343 3267 nuntium
2371 3214 2603 3267 remitte.
2623 3214 2852 3267 Auditus
2880 3217 2931 3266 in
2957 3213 3200 3269 fraudem
3231 3224 3282 3269 te
3311 3216 3570 3270 induxit?

1980 3305 2391 3370 Fraudulentis,
2425 3316 2479 3360 et
2513 3306 2739 3360 curiosis
2760 3345 2777 3371 ,
2821 3322 2886 3362 ac
2915 3311 3332 3378 supervacaneis
3363 3325 3569 3364 sermo-

1982 3396 2138 3449 nibus
2167 3396 2364 3450 ostium
2404 3397 2610 3450 claude.
2640 3397 2814 3451 Verbo
2863 3397 2956 3452 Dei
3000 3415 3063 3453 os
3104 3407 3251 3453 tuum
3293 3401 3475 3470 aperi,
3513 3410 3571 3453 ut

1984 3484 2243 3555 Spiritum
2294 3488 2537 3541 attrahas
2559 3488 2627 3551 ⁰⁷,
2675 3504 2780 3541 non
2828 3499 3006 3543 autem
3052 3498 3280 3544 mortem
3327 3492 3567 3547 haurias.

295 3574 436 3629 Cum
497 3575 769 3645 quidpiam
834 3592 1019 3631 eorum
1043 3618 1057 3641 ,
1094 3595 1214 3648 qua
1267 3580 1551 3633 interdicta
1593 3591 1755 3645 sunt,
1792 3590 1843 3634 te
1883 3581 2050 3645 illicit,
2076 3581 2128 3634 in
2164 3591 2395 3635 mentem
2429 3582 2520 3636 tibi
2548 3584 2750 3648 veniat,
2779 3600 2998 3654 quinam
3033 3601 3155 3640 eras
3181 3595 3236 3640 et
3273 3589 3416 3640 unde
3441 3602 3570 3656 per-

293 3667 449 3719 ieris.
480 3665 537 3720 Si
562 3666 645 3720 vel
676 3667 940 3722 tantillum
1009 3685 1038 3722 a
1083 3672 1289 3725 ratione
1323 3671 1629 3739 deﬂexeris,
1660 3675 1726 3727 ad
1749 3675 1977 3742 teipsum
2009 3674 2144 3737 redi,
2177 3676 2493 3743 priusquam
2525 3677 2739 3743 penitus
2781 3678 3000 3732 excidas
3021 3718 3036 3742 ,
3101 3688 3157 3733 et
3226 3679 3281 3731 in
3342 3690 3571 3734 mortem

291 3770 551 3823 proruas;
582 3766 745 3824 atque
778 3773 842 3810 ex
889 3760 1053 3812 veteri
1094 3775 1262 3815 novus
1299 3760 1548 3826 ellicere,
1574 3763 1875 3831 animaeque
1913 3764 2209 3819 encaenium
2248 3763 2484 3817 celebra.

366 3849 441 3903 Z'.
482 3850 539 3903 '0
579 3850 748 3922 θυμὸς
773 3852 915 3907 ἔστω
941 3871 1023 3907 σοι
1050 3856 1196 3909 κατὰ
1227 3856 1390 3927 μόνου
1422 3856 1515 3910 τοῦ
1565 3858 1763 3926 ὄφεως,
1817 3858 1885 3910 δι’

290 3943 354 3997 ὃν
396 3942 653 4009 ὲξέπεσες
688 3944 785 4016 (4).
823 3946 895 3999 Τὸ
927 3946 1327 4019 ἐπιθυμητικὸν
1374 3951 1621 4003 τετάσθω
1656 3968 1740 4002 σοι
1771 3952 1879 4003 πᾶν

291 4035 434 4107 πρὸς
456 4036 610 4101 Θεὸν,
641 4037 714 4106 μὴ
742 4038 878 4107 πρὸς
903 4038 1028 4092 ἄλλο
1052 4057 1104 4093 τι
1142 4041 1251 4094 τῶν
1283 4041 1588 4094 ἐπιϐούλων
1616 4042 1710 4095 καὶ
1735 4059 1876 4111 σφα-

2064 3856 2175 3913 Vll.
2221 3857 2302 3912 lra
2341 3858 2431 3912 tibi
2469 3859 2729 3914 adversus
2767 3870 3071 3929 serpentem
3102 3862 3275 3918 solum
3314 3867 3568 3932 exsistat,

1990 3963 2084 4018 per
2122 3965 2280 4021 quem
2332 3950 2603 4005 excidisti.
2661 3948 2834 4005 Omne
2891 3951 3221 4007 desiderium
3294 3966 3442 4011 tuum
3506 3963 3574 4014 ad

1994 4040 2161 4096 Deum
2193 4042 2464 4102 tendatur,
2500 4056 2605 4094 non
2635 4041 2700 4095 ad
2729 4041 2872 4094 aliud
2918 4045 3212 4111 quidquam
3253 4045 3571 4103 insidiosum

292 4126 493 4198 λερῶν.
531 4127 591 4179 ’0
612 4127 871 4199 λογισμὸς
896 4131 1061 4183 πᾶσιν
1094 4131 1480 4195 ὲπιστατείτω,
1510 4132 1604 4185 καὶ
1641 4132 1716 4203 μὴ
1747 4131 1881 4186 καθ-

1990 4149 2050 4188 ac
2102 4134 2481 4203 periculosum.
2535 4134 2695 4188 Ratio
2743 4135 2997 4189 omnilms
3054 4139 3271 4206 praesit;
3304 4143 3572 4211 nequeid,

296 4218 540 4273 ἀλκέσθω
551 4219 612 4272 τὸ
628 4223 874 4291 κρεῖττον
892 4222 997 4275 ὑπὸ
1016 4221 1108 4275 τοῦ
1126 4224 1391 4294 χείρονος.
1418 4224 1511 4294 Μὴ
1537 4224 1774 4294 μισήσῃς
1791 4241 1885 4277 σου

300 4310 389 4365 τὸν
404 4310 651 4379 ἀδελφὸν,
663 4310 943 4366 καὶταῦτα
958 4313 1187 4384 δωρεὰν,
1207 4315 1348 4386 ὑπὲρ
1361 4309 1421 4368 οῦ
1438 4314 1674 4384 Χριστὸς
1686 4313 1890 4367 ἀπέθα-

299 4420 381 4464 νε,
411 4403 505 4456 καὶ
539 4402 630 4466 σὸς
654 4402 881 4472 ἀδελφὸς
909 4405 1144 4473 ἐγένετο,
1181 4404 1315 4467 Θεὸς
1343 4403 1418 4457 ὢν
1451 4404 1545 4458 καὶ
1586 4404 1886 4474 Δεσπότης.

298 4494 389 4566 Μὴ
408 4493 681 4566 φθονήσῃς
703 4493 781 4566 τῷ
798 4496 1170 4567 κατορθοῦντι,
1185 4498 1214 4548 6
1237 4495 1545 4566 φθονηθεὶς,
1566 4497 1660 4550 καὶ
1678 4497 1887 4565 φθονεῖ-

297 4585 424 4640 σθαι
444 4586 707 4651 πεισθεὶς,
723 4588 817 4640 καὶ
831 4587 918 4640 διὰ
934 4586 1091 4641 τοῦτο
1115 4586 1484 4657 κατενεχθείς.
1501 4586 1588 4657 Μὴ
1612 4588 1889 4659 ἀτιμάσῃς

297 4679 557 4751 δάκρυον,
579 4682 608 4733 6
627 4679 836 4734 πολλῶν
849 4679 973 4745 ἄξια
988 4679 1242 4752 δακρύων
1260 4678 1568 4745 πεπονθὼς,
1588 4676 1707 4732 εἶτα
1728 4680 1891 4751 ἠλεη-

1985 4226 2127 4293 quod
2166 4223 2517 4277 excellentius
2568 4235 2673 4288 est,
2725 4225 2791 4277 ab
2824 4224 3065 4278 inferiori
3104 4226 3361 4284 deorsum
3393 4236 3570 4285 traha-

1988 4323 2093 4368 tur.
2134 4313 2382 4367 Fratrem
2438 4324 2610 4375 tuum,
2660 4325 2707 4365 et
2745 4314 2960 4383 quidem
3008 4317 3406 4386 immerentem,
3449 4325 3576 4378 odio

1988 4421 2053 4458 ne
2088 4404 2310 4467 habeas,
2344 4419 2442 4469 pro
2474 4418 2581 4471 quo
2622 4402 2869 4459 Christus
2917 4417 3143 4459 mortem
3175 4408 3327 4473 obiit,
3363 4427 3425 4466 ac
3466 4410 3578 4465 fra-

1987 4506 2068 4551 ter
2104 4506 2252 4557 tnus,
2278 4510 2402 4547 cum
2432 4493 2570 4548 Deus
2613 4510 2676 4547 ac
2721 4495 2983 4551 Dominus
3013 4507 3177 4564 esset,
3207 4499 3431 4560 effcetus
3466 4516 3575 4556 est.

1998 4586 2167 4641 Recte
2206 4594 2258 4639 et
2295 4600 2362 4639 ex
2416 4585 2616 4638 virtute
2670 4585 2869 4654 aliquid
2927 4589 3135 4657 gerenti
3184 4608 3251 4645 ne
3304 4593 3570 4661 invideas,

1999 4678 2089 4746 qui
2127 4692 2194 4730 ex
2227 4675 2430 4729 invidia
2493 4673 2772 4742 laborasti,
2806 4685 2969 4746 atque
3016 4679 3253 4735 animum
3294 4682 3575 4750 induxiSti,

370 4814 418 4846 ’³
448 4813 626 4868 Eccle.
651 4830 727 4882 χι,
749 4814 803 4869 ‘2.
880 4814 1080 4870 "Psal.
1113 4830 1185 4878 vr,
1219 4815 1242 4867 1
1272 4831 1286 4879 ;
1318 4828 1395 4879 xv,
1424 4813 1477 4881 l,
1504 4820 1608 4868 etc.
1687 4810 1736 4845 ³⁸
1760 4808 1880 4866 Psal

1990 4825 2083 4874 :ix,
2131 4812 2184 4865 1.
2259 4807 2306 4839 ’⁵
2336 4804 2749 4876 Ephes.tv,22.
2825 4809 2872 4841 ⁸⁵
2903 4812 3057 4867 Rom.
3103 4830 3178 4881 vi,
3228 4816 3281 4873 ι.
3357 4817 3573 4877 "Psal.

300 4885 645 4948 cxvmplBl.

382 4994 670 5072 (94)]1ερὶ
703 4991 1088 5072 tﬁq_6r5dnq.
1135 4990 1324 5072 Plures
1368 4989 1560 5072 psalmi
1596 4987 1890 5072 praeferunt

300 5060 446 5121 hunc
474 5060 701 5117 ’titul'um
723 5079 738 5116 :
764 5060 787 5115 t
815 5060 917 5118 Pro
942 5076 1157 5116 Ot‘laVa.
1192 5080 1211 5112 ι
1238 5060 1326 5113 Sic
1371 5061 1504 5127 psal.
1547 5075 1620 5122 γι,
1666 5074 1742 5123 χι,
1780 5069 1887 5114 etc.

373 5135 488 5212 (95)
531 5134 711 5212 οἴκου
759 5132 931 5212 nuda
977 5132 1157 5212 Pass_.,
1212 5129 1581 5212 efﬁciatur/6;.-
1637 5127 1885 5212 Psalmus

302 5198 431 5259 nix
472 5198 635 5259 habet
681 5219 779 5273 pro
814 5204 969 5258 titulo
1003 5220 1017 5256 :
1052 5220 1072 5253 ι
1101 5202 1157 5255 lu
1192 5201 1530 5256 dedicatione
1550 5201 1739 5254 domus
1775 5198 1880 5252 Da-

303 5275 412 5329 vid.
444 5293 465 5325 ι

377 5344 492 5413 (96)
523 5346 587 5399 Ol
634 5341 780 5399 Θεοῦ
804 5342 971 5408 ναός.
1005 5340 1227 5410 Legitur
1272 5338 1294 5392 Ι
1323 5338 1446 5393 Cor.
1478 5353 1561 5403 tu,
1606 5337 1671 5392 16
1698 5355 1714 5394 :
1745 5357 1763 5389 ι
1790 5335 1891 5391 Ne-

301 5413 480 5491 scitis,
506 5415 631 5491 quia
672 5413 928 5491 templum
960 5410 1050 5491 Dei
1107 5412 1239 5491 estis
1266 5425 1397 5491 _vos.
1423 5428 1442 5460 ι
1500 5407 1566 5463 Ει
1588 5407 1633 5463 ιι
1654 5407 1780 5463 Cor.
1812 5424 1884 5474 v1,

304 5482 378 5538 16
418 5501 434 5538 :
475 5503 496 5537 ι
527 5481 635 5539 Vos
655 5481 797 5537 eStis‘
817 5482 1070 5551 templum
1110 5481 1200 5534 Dei
1231 5481 1357 5533 vivi.
1385 5497 1405 5530 ι

385 5554 498 5627 (97)
537 5557 606 5614 Ἠ
627 5547 976 5625 ausaausa.
1042 5569 1062 5603 ι
1087 5552 1195 5606 Aut
1222 5560 1551 5606 evomentes.
1581 5566 1601 5601 ι
1638 5547 1765 5605 Haec
1789 5547 1883 5604 de-

1997 5001 2123 5043 sunt
2158 4989 2208 5042 in
2237 4990 2507 5056 plerisque
2532 4990 2751 5059 optimae
2787 5002 2926 5048 nota:
2959 4996 3115 5050 codd.

2063 5059 2174 5137 (98)
2202 5060 2762 5137 Σοῒᾳ-βλεφάροές.Μ
2786 5062 2876 5137 Sic
2899 5066 3063 5135 llegg.
3098 5082 3144 5130 c,
3178 5068 3231 5134 d,
3270 5068 3362 5137 ph,
3392 5070 3575 5127 decem

1995 5127 2173 5203 Colla,
2200 5140 2304 5203 etc.
2337 5130 2404 5203 In
2424 5127 2681 5203 eti—.Lsoig
2715 5127 3025 5203 βλεφάροιςξ

2070 5199 2180 5269 (99)
2215 5202 2328 5254 Σοι.
2361 5199 2496 5254 Tres
2521 5199 2684 5267 llegg.
2711 5199 2763 5255 et
2797 5199 2971 5268 Pass.,
3005 5224 3122 5259 σου.

2066 5269 2143 5339 (ι)
2180 5270 2395 5337 Θύραν.
2430 5271 2520 5325 Sic
2548 5280 2779 5338 quatuor
2808 5272 2995 5346 Regg.,
3022 5277 3200 5343 Pass.,
3222 5278 3435 5344 Comb.,
3466 5288 3576 5338 etc.

1985 5337 2043 5393 In
2074 5342 2182 5393 ed..
2211 5340 2399 5393 θύρας.

2011 5354 2043 5393 n
2074 5354 2182 5402 ett.,
2211 5354 2399 5402 υυρας.

2078 5356 2610 5493 ἕίἹίαέἒῗιῗραεζῇς.
2634 5413 2883 5493 Plerique
2914 5416 3093 5482 codd.,
3121 5418 3507 5493 παρατραπῇς.

2081 5481 2133 5546 5)
2173 5482 2347 5546 Πρός.
2384 5481 2574 5543 Savil.,
2606 5485 2705 5547 εὶς.

2081 5548 2134 5618 4)
2172 5548 2515 5617 Ἑξέπεσες.
2557 5552 2693 5613 Rea.
2723 5569 2835 5622 nm,
2868 5554 3150 5621 ὲξέπεσας.
