3898 6222
344 242 450 295 διὸ
1557 229 1614 285 S.
1656 227 1883 286 GREGO

2132 223 2378 282 EOLOGI
3508 175 3671 275 ’διο

348 364 406 406 ιιι
443 351 535 407 tibi
573 350 798 406 invideri
860 341 1138 413 crederes,
1188 360 1425 415 eamque
1471 345 1537 399 ob
1559 358 1782 399 causam
1811 357 1887 398 co:

2131 357 2226 403 ρος.
2250 339 2339 410 Μὴ
2368 335 2565 408 ἀπώσῃ
2599 334 2829 407 πένητα,
2860 336 2889 388 6
2910 332 3221 404 πλουτήσας
3249 331 3501 405 θεότητα·
3521 335 3581 388 εξ
3604 333 3670 386 δ’

349 444 530 498 ruisti.
564 441 885 513 Lacrymam
927 455 994 494 ne
1036 439 1363 509 asperneris,
1404 436 1494 505 qui
1543 434 1725 488 multis
1768 434 1888 504 lacrj

2135 472 2150 496 ,
2183 432 2319 486 ἀλλὰ
2339 430 2413 502 μὴ
2438 429 2750 499 πλουτήσῃς
2771 426 2914 481 κατὰ
2934 425 3030 490 τοῦ
3054 426 3307 494 πένητος.
3342 426 3454 480 Καὶ
3476 425 3674 479 τοῦτο

352 534 458 588 mis
490 533 648 601 digna
696 547 985 600 perpessus
1030 544 1111 594 es,
1159 544 1224 582 ac
1283 538 1467 595 postea
1505 526 1891 580 misericordia:

2130 540 2143 575 2
2169 522 2244 593 (ὅ)
2272 521 2409 575 πολὺ
2446 521 2596 591 παρά
2627 520 2737 573 τῶν
2762 518 3099 591 ἀκορέστων.
3129 516 3216 588 Μὴ
3251 518 3529 590 ἀτιμάσῃς
3556 514 3669 587 (6)

353 632 701 675 consecutus.
727 620 1027 690 Pauperem
1059 633 1123 673 ne
1155 618 1407 687 repellas,
1426 617 1519 687 qui
1554 617 1779 670 Deitatis
1810 631 1892 685 opt

2130 634 2214 677 ιον,
2240 616 2379 686 ὑπὲρ
2402 609 2462 668 οὗ
2493 614 2728 685 Χριστὸς
2762 611 3123 676 ἐξενίτευσεν,
3154 601 3215 663 οὗ
3241 609 3446 673 πάντες
3469 609 3669 680 ἡμεῖς

354 711 643 779 accepisti;
703 710 786 764 sin
844 710 1042 772 minus,
1097 717 1153 761 at
1191 718 1337 761 certe
1394 707 1448 760 in
1500 707 1754 777 pauperis
1778 707 1893 759 detr

2125 726 2181 761 ιοι
2214 707 2308 760 καὶ
2343 706 2622 776 πάροικοι,
2666 704 2741 776 μὴ
2765 702 3113 773 ἀποξενωθῇς
3159 701 3255 755 τοῦ
3297 702 3664 773 παραδείσου

361 811 602 855 mentum
630 815 696 853 ne
728 800 875 854 dives
909 799 1003 855 sis.
1042 797 1175 852 Nam
1209 799 1259 852 id
1284 813 1500 868 quoque
1529 797 1598 851 ab
1632 798 1900 851 hominibu

2121 800 2227 862 θὼς
2264 798 2325 852 τὸ
2362 799 2648 869 πρότερον.
2704 796 2946 859 Μετάδος
2983 794 3063 865 τῷ
3116 794 3358 865 δεομένῳ
3407 795 3660 864 στέγης,

359 893 660 961 inexplebili
689 893 983 960 cupiditate
1018 893 1282 960 correptis
1324 892 1642 959 impetrare,
1694 906 1898 957 pernm

2128 894 2276 964 Emg,
2307 895 2537 964 τροφῆς,
2577 896 2605 946 6
2640 892 2852 954 τούτοις
2886 888 3188 961 ἐντρυφῶν,
3236 891 3331 943 καὶ
3362 889 3505 960 ὑπὲρ
3535 888 3667 959 τὴν

360 994 472 1037 tum
548 991 651 1038 est.
728 982 1077 1052 Peregrinum
1141 999 1207 1036 ne
1277 993 1615 1046 contemnas,
1674 996 1771 1050 pro
1841 997 1899 1050 qu

2122 986 2255 1038 είαν.
2292 984 2379 1055 Μὴ
2408 985 2701 1054 ἀγαπήσῃς
2737 982 2815 1054 (7)
2848 982 2939 1035 τὸν
2967 980 3222 1045 πλοῦτον,
3266 981 3315 1032 εί
3372 979 3447 1050 μὴ
3505 978 3661 1050 βοη-

358 1075 636 1141 Christus.
669 1074 823 1143 cnjus
878 1090 978 1128 nos
1009 1090 1197 1129 omnes
1225 1075 1468 1144 hospites
1507 1083 1561 1127 et
1603 1072 1825 1127 advena:
1859 1088 1897 1126 su

2144 1074 2218 1145 (8)
2254 1075 2505 1144 πένησιν.
2544 1074 2736 1142 Ἀφες,
2771 1075 2799 1125 6
2826 1072 3049 1140 ἀφεθείς
3070 1088 3082 1102 ·
3128 1071 3370 1143 ἐλέησον,
3404 1073 3433 1124 6
3466 1071 3663 1143 ἠλεη-

362 1184 503 1234 mus,
541 1169 921 1239 peregrinatus
965 1176 1067 1231 est,
1095 1182 1160 1222 ne
1203 1183 1232 1221 a
1268 1167 1535 1237 paradiso,
1572 1176 1625 1219 ut
1658 1168 1817 1235 prius.
1858 1183 1901 1236 pt

2124 1185 2250 1230 νος·
2300 1168 2498 1238 κτῆσαι
2558 1166 2638 1236 τῷ
2691 1164 3061 1235 φιλανθρώπῳ
3110 1164 3172 1217 τὸ
3226 1163 3658 1234 φιλάνθρωπον,

364 1259 673 1328 regrineris.
712 1259 897 1326 Egenti
924 1267 1145 1324 lectum,
1180 1259 1384 1323 cibum,
1438 1269 1639 1312 vestem
1674 1257 1903 1326 imperti:

2128 1277 2148 1321 ;
2177 1260 2397 1330 καιρός·
2433 1260 2540 1322 πᾶς
2579 1261 2607 1312 6
2639 1258 2753 1329 βίος
2786 1254 3184 1325 ὲγκαινιζέσθω
3218 1272 3322 1323 σοι,
3359 1256 3514 1308 πᾶσα
3544 1270 3667 1308 πο-

365 1350 459 1412 ris,
489 1351 577 1419 qui
610 1351 660 1402 in
700 1350 784 1403 his
813 1349 1102 1415 deliciaris,
1137 1350 1299 1403 etiam
1337 1350 1477 1402 ultra
1535 1349 1904 1402 necessitate"

884 1349 1102 1415 liciaris,
1137 1350 1299 1403 etiam
1337 1350 1477 1402 ultra
1535 1349 1944 1402 necessitatem.
2047 1349 2251 1412 λιτείας
2282 1349 2419 1413 ὁδός.

367 1440 590 1494 Divitias
652 1455 719 1494 ne
799 1455 966 1503 ames,
1026 1440 1129 1493 nisi
1180 1442 1512 1509 pauperibus
1578 1438 1943 1511 840popem
2014 1438 2207 1495 ferant.
2262 1441 2518 1502 Remitte,
2567 1455 2689 1495 cum
2743 1440 2835 1495 tibi
2884 1438 3168 1492 remissum
3211 1435 3657 1503 sit:miserere,

362 1550 487 1590 cum
543 1533 966 1586 misericordiam
1015 1542 1335 1588 consecutus
1394 1532 1469 1586 sis
1519 1552 1532 1587 :
1590 1532 1942 1599 benignitate,
1986 1531 2109 1583 dum
2180 1531 2330 1597 licet,
2373 1532 2762 1603 benignitatem
2829 1548 3086 1603 compara
3124 1549 3137 1585 :
3169 1547 3321 1599 cura,
3361 1542 3422 1586 ut
3462 1531 3659 1586 omnis

366 1629 457 1683 tibi
511 1628 639 1688 vita,
684 1626 967 1695 omnisque
1014 1622 1312 1679 studiorum
1366 1636 1428 1674 ac
1478 1619 1776 1687 disciplinae
1805 1620 1943 1671 ratio
1985 1620 2293 1673 innovetur.

435 1717 568 1772 V'lII.
602 1717 732 1784 Quae
778 1717 876 1770 sub
916 1716 1045 1786 jugo
1100 1714 1253 1779 estis,
1288 1714 1396 1765 Deo
1440 1726 1658 1780 quoque
1704 1711 1945 1763 nonnihil

2128 1712 2209 1763 H’.
2250 1710 2317 1763 Αἰ
2371 1711 2475 1764 ὑπὸ
2510 1711 2695 1780 ζυγὸν,
2751 1713 2870 1767 δότε
2912 1731 2966 1768 τι
3012 1714 3108 1767 καὶ
3150 1712 3302 1783 Θεῷ·
3361 1710 3630 1785 προσείλη

367 1813 490 1867 date
543 1810 703 1877 :jam
759 1809 902 1861 enim
959 1807 1081 1861 aliis
1143 1804 1417 1859 obstricue
1476 1804 1630 1856 estis.
1680 1800 1906 1869 Virgine:

2113 1807 2152 1855 ιε
2170 1803 2243 1866 (9)
2261 1805 2389 1876 γάρ.
2412 1805 2478 1857 At
2503 1804 2782 1873 παρθένοι,
2798 1805 2858 1857 τὸ
2875 1807 2982 1858 πᾶν
3002 1805 3141 1876 Θεῷ·
3166 1804 3388 1858 λέλυσθε
3406 1805 3537 1876 γάρ.
3557 1805 3652 1877 Μὴ

365 1902 545 1957 omnia
597 1901 705 1953 Deo
742 1898 930 1953 oll‘erte
960 1917 973 1952 :
1008 1898 1194 1952 soluta:
1256 1897 1455 1965 quippe
1515 1896 1669 1949 estis.
1726 1894 1904 1947 Serva:

2118 1896 2275 1948 νεσθε
2288 1896 2576 1968 κλέπτριαι
2594 1896 2785 1966 δούλης
2803 1898 3013 1968 ἡδονῆς,
3034 1896 3415 1967 φυγοῦσαιτὴν
3427 1896 3617 1949 ὲλευθε
3629 1924 3653 1937 ο

366 1993 693 2061 voluptatem
728 2006 793 2045 ne
847 1987 1209 2053 sullnretnini,
1262 1986 1512 2040 libertate
1554 1986 1833 2049 multane,
1884 2000 1905 2037 c

2114 2006 2198 2051 αν,
2235 1989 2299 2041 ἐκ
2333 1988 2426 2040 τοῦ
2460 1992 2750 2052 συνοικεῖν,
2777 1990 2877 2042 οὐκ
2910 1990 3137 2059 ἀνδράσι
3175 1989 3295 2059 μὲν,
3337 1988 3568 2059 ἀνδράσι
3600 1988 3650 2041 δ’

367 2100 433 2140 eo
475 2085 611 2153 quod
653 2100 774 2137 cum
821 2084 887 2137 iis
922 2083 1196 2146 habitetis,
1237 2082 1325 2148 qui
1365 2080 1541 2133 tuariti
1596 2081 1810 2148 quidem
1845 2094 1906 2131 no

2114 2083 2224 2141 ιως.
2263 2080 2337 2130 ού
2362 2078 2589 2150 δέχομαι
2619 2080 2848 2149 κάμνειν
2871 2080 2959 2133 ἀεὶ
2997 2083 3109 2143 τοῖς
3142 2080 3241 2148 τῆς
3265 2079 3463 2150 ἡδονῆς
3506 2080 3618 2131 ὑπο
3639 2106 3653 2117 -

371 2187 517 2237 sunt.
551 2177 642 2230 sed
683 2188 861 2231 tamen
898 2177 1019 2230 viri.
1059 2175 1125 2231 Ut
1151 2175 1416 2243 quispiam
1446 2173 1679 2225 aSsiduis
1709 2170 1910 2239 volupt:

2116 2171 2305 2240 βήμασι
2328 2186 2340 2198 ·
2373 2172 2517 2241 μισῶ
2554 2173 2651 2224 καὶ
2690 2172 2788 2243 τὴν
2819 2172 2885 2224 δι’
2912 2173 3074 2244 ἀέρος
3123 2172 3431 2242 συνήθειαν.
3462 2170 3530 2225 Oi
3556 2171 3655 2224 δυ-

373 2267 442 2320 tis
475 2265 813 2319 monimentis
842 2272 1149 2334 prematur,
1184 2264 1329 2317 haud
1365 2262 1643 2326 sustineo;
1668 2277 1786 2315 eam
1816 2277 1912 2330 quo

2117 2280 2247 2314 ,σται
2272 2303 2286 2326 ,
2329 2263 2582 2330 φοϐεῖσθε
2624 2264 2717 2316 τὸν
2773 2264 3171 2335 δυνατώτερον·
3202 2266 3253 2317 οἱ
3286 2264 3394 2316 τῶν
3422 2263 3656 2334 ὑψηλῶν

371 2372 478 2427 que
505 2356 951 2419 familiaritatem,
983 2371 1102 2425 quae
1130 2370 1226 2424 per
1260 2369 1441 2407 aerem
1469 2353 1835 2416 contrahitur,
1865 2368 1910 2405 οε

2115 2353 2282 2417 ιὸνων,
2312 2354 2406 2406 τὸν
2442 2354 2796 2425 ὑψηλότερον.
2832 2355 2920 2426 Μὴ
2950 2355 3239 2427 θαυμάσῃς
3272 2356 3463 2426 μηδὲν,
3497 2356 3526 2407 ὃ
3575 2357 3654 2426 μὴ

379 2465 443 2505 ac
502 2451 758 2503 detestor.
825 2448 1110 2511 Proceres,
1154 2447 1512 2516 potentiorem
1568 2445 1809 2499 timete:
1863 2461 1918 2513 qt

2119 2444 2397 2515 ιραμένει·
2456 2446 2528 2515 μὴ
2581 2446 2835 2518 παρίδῃς,
2900 2446 2927 2498 ὃ
2990 2446 3170 2517 μένει·
3221 2447 3356 2518 μηδὲ
3392 2446 3658 2517 περισφί-

374 2540 692 2597 sublimibus
742 2540 893 2595 soliis
953 2540 1224 2603 insidetis,
1259 2539 1652 2594 sublimiorem.
1705 2537 1782 2592 Ne
1828 2540 1913 2606 qui

2120 2539 2192 2605 ζῃς
2232 2536 2418 2606 μηδὲν,
2454 2536 2481 2589 ὃ
2507 2537 2722 2608 διαρρεί
2747 2538 3121 2609 κρατούμενον
3145 2553 3157 2567 ·
3193 2541 3266 2610 μὴ
3297 2538 3553 2610 ζηλώσῃς
3598 2555 3659 2592 τι

372 2632 676 2693 admireris,
711 2632 854 2700 quod
915 2647 1020 2684 non
1083 2640 1434 2699 permaneat;
1492 2643 1559 2683 ne
1614 2638 1911 2683 contemnas

2117 2625 2165 2676 ὂν
2224 2622 2290 2678 ούΔ
2340 2626 2723 2697 φθονουμένων
2773 2630 2908 2699 (ιο),
2956 2630 3089 2684 ἀλλά
3152 2631 3533 2700 μισουμένων·
3575 2629 3656 2703 μὴ

370 2723 512 2790 quod
559 2728 763 2773 eertum
793 2729 845 2773 ct
896 2720 1089 2773 stabile
1129 2718 1244 2782 sit;
1301 2732 1368 2772 ne
1423 2718 1715 2786 quidquam
1759 2720 1909 2770 aretit

2120 2716 2310 2787 εαρθῇς
2341 2718 2505 2787 μέγα,
2538 2719 2626 2772 ἵνα
2661 2720 2734 2790 μὴ
2787 2720 2970 2790 μεῖζον
3017 2720 3351 2791 κατενεχθῇς
3373 2739 3387 2751 ·
3420 2721 3495 2791 μὴ
3525 2721 3659 2791 φρό-

371 2812 732 2880 cunstringas,
763 2811 930 2880 quod,
951 2825 1074 2864 cum
1113 2810 1367 2861 manibus
1397 2817 1631 2872 leuetur,
1654 2807 1855 2873 ellluit;
1894 2826 1910 2860 ι

2113 2824 2140 2858 ι
2173 2808 2279 2859 τῶν
2313 2808 2499 2863 κακῶν
2531 2810 2642 2881 (ll)
2696 2810 2983 2880 φαίνεσθαι
3026 2812 3289 2882 κρείττων
3313 2829 3327 2843 ο
3357 2811 3531 2864 λυποῦ
3567 2811 3652 2873 δὲ,

374 2904 503 2972 quid
551 2918 617 2956 ex
678 2904 765 2966 iis,
819 2917 940 2971 qua}
990 2917 1093 2955 non
1129 2901 1182 2954 in
1211 2898 1435 2963 invidia,
1469 2900 1561 2954 sed
1592 2900 1641 2951 in
1665 2900 1787 2954 odio
1812 2914 1911 2952 sun

2117 2899 2169 2951 ὗν
2202 2901 2422 2967 ἀγαθῶν
2451 2901 2763 2973 ἡττώμενος
2783 2919 2797 2932 ·
2824 2904 2897 2973 μὴ
2921 2902 3158 2976 γελάσῃς
3188 2902 3389 2973 πτῶμα
3420 2902 3515 2955 τοῦ
3547 2903 3656 2956 πέ-

373 3004 638 3061 expetas:
681 3010 747 3048 ne
790 3007 1118 3062 magnopere
1181 3002 1233 3045 te
1281 2990 1497 3056 eiferas,
1547 3003 1606 3044 ut
1636 3006 1703 3045 ne
1742 2990 1912 3059 profui

2116 3006 2191 3053 ις·
2224 2991 2470 3045 διάϐαινε
2527 2992 2584 3045 δὲ
2633 2994 2913 3062 ἀσφαλῶς,
2957 2995 3059 3063 ὅση
3110 3011 3190 3046 σοι
3228 2993 3340 3057 (12)
3379 2993 3615 3063 δύναμις
3640 3036 3655 3057 ,

375 3083 494 3138 dius
517 3083 817 3149 dejiciaris;
850 3100 917 3137 ne
946 3083 1158 3136 animos
1194 3083 1319 3136 hinc
1360 3081 1597 3146 attollas,
1633 3082 1775 3150 quod
1806 3082 1908 3134 mal

2119 3087 2203 3140 ιλά
2237 3085 2332 3138 καὶ
2362 3084 2506 3138 δίδου
2534 3088 2693 3156 χεῖρα
2715 3086 2890 3157 χαμαὶ¹
2925 3085 3181 3156 κειμένῳ.
3218 3085 3367 3157 Μὴτε
3400 3085 3658 3155 ἀθυμῶν,

376 3177 715 3245 praestantior
737 3190 1037 3245 appareas;
1065 3190 1253 3227 verum
1292 3174 1343 3227 id
1396 3174 1490 3227 tibi
1526 3174 1829 3228 molestiam
1867 3190 1915 3242 p:

2124 3177 2376 3250 τελπίσῃς
2424 3178 2760 3249 εὐημερίαν·
2791 3179 2927 3249 μήτε
2975 3179 3232 3249 πράττων
3285 3178 3493 3241 καλῶς,
3531 3176 3663 3230 ἀθυ-

384 3269 509 3332 riat,
553 3270 696 3338 quod
739 3284 768 3321 a
804 3268 988 3336 probis
1031 3268 1323 3334 supereris.
1361 3267 1597 3321 Proximi
1636 3267 1709 3319 tui
1755 3267 1923 3337 lapsut

2124 3272 2221 3324 ἴαν.
2252 3265 2347 3332 Εἷς
2379 3271 2626 3334 ἐνιαυτὸς
2658 3270 2931 3341 τέσσαρας
2988 3270 3137 3341 ὧρας
3190 3271 3370 3342 φέρει,
3407 3273 3503 3325 καὶ
3554 3272 3663 3342 μία

377 3376 447 3415 ne
489 3360 633 3426 ride;
688 3375 873 3413 verum
910 3370 985 3423 tu,
1019 3375 1180 3429 quam
1212 3360 1413 3427 poteris
1450 3361 1739 3423 tutissime,
1769 3370 1915 3414 trans

2122 3362 2212 3432 >πὴ
2248 3362 2459 3432 καιροῦ,
2495 3362 2698 3425 πολλὰς
2742 3363 3083 3433 πραγμάτων
3137 3362 3460 3432 μεταϐολάς.
3497 3364 3661 3416 Ἐπι-

377 3460 540 3521 atque
598 3451 813 3505 interim
871 3451 1017 3504 humi
1054 3450 1255 3519 jacenti
1294 3467 1511 3503 Inanqu
1551 3451 1783 3521 porrige.
1830 3449 1916 3503 Νθ‹

2127 3454 2318 3507 ιπτέτω
2349 3472 2450 3519 σοι,
2488 3455 2727 3525 μέριμνα
2762 3454 2860 3524 μὲν
2890 3455 3108 3525 ἡδονὴν,
3127 3454 3307 3525 λύπην
3332 3455 3388 3507 δὲ
3417 3457 3666 3526 ἡκρείτ-

379 3559 501 3598 cum
541 3556 773 3596 maerore
800 3540 1049 3607 aﬂiceris,
1089 3543 1444 3597 secundarum
1473 3558 1653 3596 rerum
1690 3558 1839 3611 spem
1869 3544 1918 3596 al

2128 3564 2179 3597 av
2211 3546 2388 3609 ἐλπίς.
2447 3545 2634 3609 Οῦτως
2678 3546 3050 3615 ὲγκαινίζεται
3111 3546 3420 3618 ἄνθρωπος,
3481 3545 3667 3611 οὕτως

376 3637 506 3705 jice,
565 3648 685 3696 nec,
746 3648 866 3686 cum
903 3634 1177 3701 prosperis
1205 3635 1365 3686 rebus
1406 3632 1621 3696 frueris,
1648 3646 1915 3686 tnaaroren

2130 3636 2294 3704 μᾶται
2343 3636 2375 3704 ἡ
2412 3634 2521 3686 τῶν
2564 3635 2887 3703 Ἐγκαινίων
2923 3635 3131 3704 ἡμέρα,
3184 3635 3410 3707 τοιαύτῃ
3455 3640 3663 3707 τρυφῇ,

380 3728 569 3782 Annus
623 3738 761 3778 unus
814 3732 1051 3793 quatuor
1095 3733 1277 3793 partes
1333 3723 1502 3788 vehit,
1534 3733 1699 3793 atque
1747 3725 1919 3777 unicut

2125 3722 2331 3785 ιιούτοις
2384 3724 2696 3794 ἐδέσμασιν.
2756 3727 2878 3778 Οὐκ
2923 3724 3165 3793 ὀρθήσῃ
3197 3764 3211 3786 ,
3260 3725 3427 3794 φησὶ,
3482 3725 3664 3790 κενέ(

384 3815 641 3885 temporis
708 3822 1039 3868 momentum
1108 3814 1306 3867 multas
1362 3829 1539 3869 rerum
1615 3814 1923 3868 mutatione:

2130 3812 2353 3864 ἀντίον
2379 3829 2499 3880 μου
2520 3828 2534 3842 ·
2563 3811 2677 3864 ἀλλ’
2704 3810 2757 3864 εί
2805 3829 2863 3864 τι
2901 3811 3086 3877 καλὸν,
3122 3811 3258 3881 μετά
3302 3810 3532 3865 σεαυτοῦ
3564 3811 3669 3879 φέ-

383 3907 493 3964 Fac
543 3916 602 3961 ut
650 3916 704 3961 et
743 3906 1052 3961 sollicitudo
1101 3906 1454 3976 voluptatem,
1488 3916 1542 3959 et
1600 3921 1723 3976 spes
1777 3906 1922 3959 melir

2126 3921 2204 3955 ον.
2260 3903 2373 3955 Νῦν
2415 3904 2471 3956 δὲ
2518 3903 2715 3974 ὄφθητι
2766 3904 2974 3969 καινὸς,
3028 3904 3230 3975 τρόπον
3287 3904 3474 3974 ἕτερος
3523 3904 3665 3974 (15).

382 3999 656 4054 tristitiam
688 3998 967 4066 reprimat.
1001 3997 1093 4051 Sic
1127 3998 1632 4051 inuovaturhomo:
1668 3997 1747 4051 sic
1775 3997 1921 4051 Eucai

2127 4013 2208 4059 ,ως
2247 3996 2355 4066 (14)
2385 3994 2767 4066 ἠλλοιωμένος.
2801 3995 2881 4049 Τὰ
2908 3996 3125 4066 ἀρχαῖα
3153 3995 3493 4063 παρῆλθεν·
3529 3995 3666 4048 ἰδοὺ

384 4091 594 4147 niorum
623 4091 737 4145 dies
766 4088 1095 4152 celebratur,
1138 4088 1445 4157 hujusmodi
1494 4088 1724 4150 deliciis,
1780 4087 1923 4157 huius

2130 4085 2281 4155 ἓγονε
2312 4087 2384 4141 τὰ
2416 4087 2615 4142 πάντα
2640 4089 2839 4142 καινά.
2875 4088 3046 4141 Τοῦτο
3084 4091 3152 4159 τῇ
3189 4090 3350 4161 ἑορτῇ
3382 4090 3669 4157 καρποφὸ-

384 4181 528 4236 modi
582 4166 775 4250 epulis.
819 4177 941 4233 Non
994 4179 1292 4246 apparebis,
1337 4179 1540 4249 inquit,
1582 4180 1635 4231 in
1687 4191 1923 4248 conspecr

2131 4196 2262 4248 ισον,
2297 4181 2396 4250 τὴν
2424 4179 2596 4251 καλὴν
2660 4181 2949 4234 ἀλλοίωσιν
3003 4181 3330 4252 ἀλλοιώθητι
3351 4198 3365 4211 ·
3400 4182 3495 4235 καί⁵
3527 4181 3670 4252 μηδὲ

383 4289 497 4327 meo
530 4290 724 4328 vacum
751 4272 832 4339 '3;
876 4286 1059 4326 verum
1088 4272 1133 4325 si
1163 4273 1293 4342 quid
1325 4272 1536 4341 pulchri
1569 4271 1760 4337 habes,
1788 4281 1922 4326 tecut

2124 4270 2216 4324 itte
2244 4272 2386 4343 μέγα
2416 4275 2697 4345 φρονήσῃς
2720 4315 2735 4338 ,
2779 4274 2917 4327 ἀλλά
2958 4275 3188 4345 φθέγξαι
3218 4275 3279 4328 τὸ
3312 4274 3405 4329 τοῦ
3448 4275 3615 4327 Δαὸίδ
3648 4292 3663 4308 ·

385 4365 547 4418 feres.
587 4362 738 4418 Nunc
785 4377 915 4417 vero
968 4378 1162 4428 novus,
1202 4364 1446 4418 moribus
1495 4364 1657 4428 alius,
1714 4372 1859 4418 totus
1912 4363 1924 4417 i

2128 4363 2237 4431 ὕτη
2279 4364 2317 4431 ἢ
2381 4365 2714 4431 ἀλλοίωσις
2767 4364 2877 4433 τῆς
2923 4366 3131 4433 δεξιᾶς
3192 4365 3299 4419 τοῦ
3340 4367 3665 4435 ’Υψίστοικ

384 4456 559 4511 virum
584 4454 808 4509 alterum
857 4464 1116 4520 mutatus,
1150 4471 1432 4525 appareas.
1494 4453 1678 4509 Vetera
1738 4456 1923 4509 transit

2130 4454 2204 4527 ιρ’
2238 4450 2300 4509 οῦ
2333 4458 2441 4510 πᾶν
2484 4457 2795 4529 ἀνθρώποις
2829 4459 2890 4511 τὸ
2921 4457 3376 4530 κατορθούμενον.
3428 4459 3502 4511 Οὐ
3547 4458 3669 4528 βού-

386 4560 504 4602 runt
536 4564 555 4613 ;
596 4564 710 4602 ecce
736 4548 878 4616 facta
899 4557 1017 4600 sunt
1038 4550 1215 4602 omnia
1247 4565 1380 4601 nova
1402 4549 1469 4604 θ’.
1501 4547 1613 4601 Hoc
1645 4549 1803 4611 festo,
1846 4563 1925 4601 mu

2128 4548 2216 4601 ταί
2246 4549 2356 4621 (15)
2387 4566 2447 4602 σε
2480 4554 2509 4604 6
2537 4550 2696 4619 λόγος
2750 4552 2882 4604 ποτὲ
2929 4552 2988 4604 ὲν
3020 4551 3206 4622 ταυτῷ
3265 4551 3471 4622 μένειν,
3523 4550 3666 4603 ἀλλὰ

385 4640 533 4695 neris
577 4640 718 4706 loco,
746 4640 1060 4710 praeclaram
1100 4640 1454 4694 mutationem
1503 4639 1666 4705 oll'er,
1689 4654 1755 4695 ac
1788 4655 1855 4697 ne
1877 4641 1920 4696 si

2129 4642 2376 4713 txiv'qtov
2412 4641 2570 4711 εἶναι,
2606 4645 2915 4718 εὐκίνητον,
2959 4646 3181 4710 πάντως
3210 4646 3556 4701 νεόκτιστον·
3595 4644 3668 4699 ἂν

456 4796 503 4829 ³⁸
522 4796 676 4850 Deut.
709 4809 820 4859 xvt,
858 4792 945 4848 16.
1000 4791 1133 4867 ,οοιι
1152 4793 1279 4850 Cor.
1322 4809 1374 4862 v,
1405 4794 1493 4848 l7.

460 5093 479 5303 ἓ

462 4950 537 5026 (5)
572 4949 717 5026 Γάρ.
746 4950 908 5026 Deest
935 4949 990 5026 in
1016 4959 1248 5026 quatuor
1273 4949 1466 5026 Regg"
1493 4961 1601 5005 etc.

2140 4953 2184 5023 (Ι
2198 4951 2251 5026 l_)
2284 4951 2383 5026 Μὴ
2412 4952 2639 5026 sopore},
2670 4950 3033 5026 térgcamiur,
3060 4958 3167 5007 etc.
3201 4951 3295 5009 Sic
3325 4961 3436 5010 tres
3466 4953 3662 5026 Regg.,

581 5018 922 5094 ξΑτιμάᾳῃς.
958 5019 1147 5094 savil_.,
1182 5018 1491 5094 ἀτιμάσεις.

2074 5018 2183 5079 etc.
2215 5022 2270 5075 In
2302 5018 2427 5086 ed.,'
2449 5018 2523 5094 μὴ
2547 5021 2656 5094 τῶν
2681 5023 2866 5077 κακῶν
2894 5023 3102 5094 φρόνει.

486 5041 515 5076 ο
586 5041 922 5090 Λτιμασῃς.
959 5041 1147 5084 Dawn,
1182 5041 1491 5089 ἀτιμάσεις.

573 5088 948 5171 ᾇΑτίξσξήίῖηςο
991 5091 1182 5171 Sari]...
1206 5091 1533 5171 ἀχαιξήσεις,

1466 5041 1491 5078 .'.
2074 5041 2183 5079 etc.
2217 5041 2270 5075 In
2302 5041 2416 5086 eu.,
2447 5041 2523 5147 Br]
2547 5041 2656 5075 των
2681 5041 2866 5077 κακων
2894 5041 3005 5094 φρο·

1466 5107 1533 5153 ις.
2286 5095 2409 5171 ζει,
2490 5102 2611 5171 eest
2635 5093 2687 5146 in
2716 5096 3005 5171 nonnullis.

483 5158 536 5233 8)
564 5158 785 5229 Βσὴθῂ
817 5158 1198 5243 ιιιίιιοηιιυιξξε,
1226 5158 1434 5282 £01305}.
1832 5233 1860 5243 Η

483 5234 537 5282 9t
590 5230 1029 5282 Ποοσείλπωθε.
1090 5230 1180 5282 btc
1273 5246 1393 5282 e22.
1457 5229 1566 5282 bm.
1629 5231 1723 5282 oh.
1776 5231 1974 5282 alnnue

2142 5158 2257 5231 (15)
2302 5164 2565 5230 ’Έτερος.
2597 5162 2650 5215 In
2683 5164 3029 5230 quibusdam,
3053 5162 3261 5235 ἓτερον.

1722 5278 1723 5282 η
1776 5231 1974 5282 aliinue
2142 5234 2256 5282 (Mt
2291 5232 2505 5282 "0.10m.
2533 5233 2666 5282 'l‘res
2698 5232 2889 5282 Reum.
2920 5234 3084 5282 Coisl-
3109 5236 3165 5282 2.
3203 5236 3261 5282 Pa

482 5229 537 5298 9)
590 5230 1029 5304 Προσείληφθε.
1071 5229 1393 5304 “Sic‘l’tegg.
1457 5229 1566 5292 bm,
1629 5231 1723 5298 ph,
1776 5231 1974 5300 aliique

2142 5229 2256 5304 (14)
2291 5229 2505 5304 ’⁷ολως.
2533 5233 2575 5285 'l‘
2581 5247 2666 5285 res
2698 5229 2889 5303 Regg.,
2920 5234 3085 5304 Croisl.
3109 5229 3165 5296 2',
3202 5236 3377 5299 l’ass.,
3412 5234 3533 5301 ὅλος

388 5298 593 5375 plures.
646 5301 703 5355 ln
759 5298 889 5365 ed.,'
927 5298 1277 5371 προείληφθε,
1316 5298 1351 5350 ’r
1376 5314 1762 5370 praeoccupatae
1826 5298 1927 5356 cui:

2147 5298 2257 5375 (15)
2290 5305 2371 5357 Οὺ
2396 5303 2709 5375 βούλεται,
2742 5298 2848 5375 etc:
2879 5324 2904 5375 ιΔ
2926 5303 3040 5357 Non
3080 5305 3193 5357 vult
3224 5298 3404 5360 sermo
3434 5298 3527 5375 (id'
3554 5316 3663 5371 est,

387 5374 590 5428 estis.»
740 5438 762 5441 _
880 5440 883 5441 ν
1214 5436 1227 5441 _
1616 5439 1628 5441 _
2075 5373 2379 5441 Scriptura,
2433 5388 2588 5427 sacra
2646 5373 2937 5441 doctrina),
2998 5384 3056 5427 ut
3105 5390 3339 5441 unquam
3388 5373 3666 5431 ineodem

465 5441 574 5511 (10)
606 5444 663 5493 Tr
691 5438 810 5493 τῶν
829 5440 900 5492 οὺ
925 5436 1372 5512 φθονουμένων,
1398 5446 1516 5512 etc._
1556 5458 1575 5489 ε
1600 5439 1729 5506 Quae
1764 5441 1978 5494 invidia:

2128 5436 2216 5496 atti
2263 5436 2607 5511 permaneas.
2637 5443 2815 5496 Aurea
2852 5436 3141 5509 sententia,
3172 5436 3401 5512 {inquit
3423 5444 3664 5500 Combe-.-

391 5509 625 5567 obnoxia
654 5520 799 5572 sunt,
826 5528 844 5561 ι
894 5511 943 5562 id
976 5519 1082 5575 est,
1112 5510 1474 5583 praec_lara__et
1505 5509 1815 5583 laudabilia,
1854 5525 1978 5564 cou-
2076 5509 2429 5583 ﬁsius,‘r.nec
2456 5513 2591 5566 bene
2636 5529 2663 5564 a
2707 5512 2859 5569 Dillio
2889 5530 3166 5583 expressa.
3197 5534 3215 5565 ι
3254 5509 3346 5569 Sic
3376 5517 3522 5570 enim
3557 5516 3672 5569 Bii-

392 5590 637 5659 sectare;
668 5593 811 5659 “quae
846 5589 1047 5659 autem,
1111 5579 1561 5659 noni-nvidiosos,
1613 5581 1706 5634 sed
1768 5582 1974 5637 invisos
2074 5583 2178 5637 lius
2209 5600 2223 5636 :
2257 5603 2274 5634 ι
2301 5582 2411 5637 Nec
2439 5597 2568 5637 vero
2608 5596 2672 5635 eo
2704 5584 2820 5639 hate
2860 5579 3035 5641 oraiio
3081 5586 3341 5656 pertinet.
3387 5597 3446 5640 ιιι
3471 5589 3670 5643 eodem

395 5650 642 5711 homines
666 5650 891 5713 faciunt,
921 5649 1023 5705 hoc
1049 5657 1152 5714 est,
1181 5649 1332 5717 vitia,
1366 5663 1430 5704 ne
1458 5660 1702 5719 expetas.
2074 5668 2288 5723 semper
2318 5663 2461 5710 statu
2492 5667 2731 5707 maneas.
2765 5671 2784 5703 ι
