3898 6222
171 270 291 326 617

1115 264 1374 321 ORATIO
1416 265 1603 320 XLIV.
1647 296 1716 307 -—
1755 264 1823 319 1N
1863 261 2105 317 NOVAM
2144 258 2544 317 DOMlNlCAM.

3343 252 3450 310 618

166 383 508 456 ἁμαρτάνῃς
534 420 548 445 ,
597 377 994 450 ἐπιστρέφοντα
1028 395 1040 409 ·
1091 382 1140 431 εί
1181 378 1471 450 κατορθοῖς
1497 418 1512 444 ,
1562 377 1767 431 ἐπιτεί-

1889 375 2090 444 ιιιὶόεηι
2138 373 2420 443 magniﬁce
2453 374 2516 426 de
2552 379 2602 426 te
2653 371 2894 434 sentias;
2948 382 3131 425 verum
3187 369 3272 423 dic
3320 385 3444 424 cum

169 493 344 530 νοντα
350 516 364 528 .

1877 467 2075 522 Davide
2103 484 2118 520 :
2152 465 2283 520 Han:
2307 466 2528 519 mutatio
2553 465 2779 517 dextera:
2814 459 3019 514 Excelst'
3043 462 3110 526 θ’,
3140 477 3167 512 a
3200 477 3304 530 quo
3327 477 3451 530 pro-

176 579 396 631 manal,
441 564 697 636 quidquid
732 565 800 620 ab
838 562 1147 618 hominibus
1197 571 1341 616 recte
1367 571 1422 616 et
1451 577 1572 616 cum
1601 559 1762 616 laude
1801 561 2032 632 geritur.
2068 560 2185 616 Non
2218 561 2333 614 vult
2380 575 2578 624 sermo,
2615 568 2668 611 ut
2703 558 2755 610 in
2821 556 3010 611 eodem
3075 571 3285 626 semper
3305 565 3449 610 statu

176 678 436 726 maneas,
462 662 554 716 sed
592 671 648 715 ut
674 669 935 728 perpetuo
963 673 1026 714 ac
1053 657 1302 712 laudabili
1335 665 1481 710 motu
1525 656 1760 726 agiteris,
1805 671 1868 708 ac
1891 671 2026 710 nova
2055 670 2276 724 prorsus
2305 663 2548 708 creatura
2577 653 2650 707 sis
2671 653 2686 682 ί
2717 669 2730 716 ;
2766 651 2907 719 quod
2944 651 3158 718 quidem
3199 664 3452 718 asseque-

178 751 283 815 ris,
315 751 384 815 si,
413 749 494 802 vel
521 749 572 801 in
603 757 879 816 peccatum
903 746 1102 809 lapsus,
1135 747 1200 798 ad
1229 747 1421 800 bonam
1464 745 1670 812 frugem
1698 751 1749 797 te
1788 743 2030 809 referas;
2069 745 2169 810 vel,
2197 759 2318 799 cum
2365 760 2428 796 ex
2475 744 2672 798 virtute
2744 746 2944 816 aliquid
3007 748 3168 815 geris,
3233 761 3451 802 cursum

178 843 476 912 adurgeas.

259 934 340 986 ϐ’.
368 932 512 994 Χθὲς
546 931 728 982 πίστιν
764 923 908 998 εἶχες
954 929 1054 998 τὴν
1099 926 1209 980 τῶν
1264 925 1494 994 καιρῶν,
1530 925 1767 996 σήμερον

177 1023 286 1092 τὴν
316 1021 410 1074 τοῦ
443 1019 575 1072 Θεοῦ
605 1017 870 1090 γνώρισον
903 1016 1046 1088 (16)·
1092 1017 1253 1086 μέχρι
1292 1015 1435 1076 τίνος
1477 1013 1562 1066 ἐπ’
1595 1015 1770 1084 ἀμφο-

180 1115 378 1184 τέραις
412 1113 671 1183 χωλανεῖς
712 1113 832 1172 ταῖς
890 1107 1136 1174 ίγνύαις;
1192 1107 1355 1177 μέχρι
1391 1106 1536 1168 τίνος
1567 1106 1774 1158 οἰκονο-

187 1206 424 1272 μήσεις;
454 1200 561 1252 Καὶ
590 1195 943 1268 οἰκοδομῆσαί
994 1213 1125 1248 ποτε
1171 1194 1555 1265 προθυμὴθητι
1581 1211 1596 1224 ·
1646 1193 1772 1264 χθὲς

180 1294 247 1345 τὸ
269 1293 448 1345 δοκεῖν
479 1308 561 1353 τις
586 1291 797 1360 ἐτίμας,
832 1290 1069 1360 σήμερον
1117 1285 1177 1339 τὸ
1215 1281 1358 1340 εἶναι
1405 1285 1763 1356 προτίμησον.

182 1383 368 1453 Μέχρι
402 1383 503 1435 ποῦ
536 1383 601 1435 τὰ
642 1382 906 1446 ὲνύπνια;
948 1380 1041 1433 καὶ
1074 1379 1108 1448 ἡ
1143 1376 1376 1448 ἀλήθειά
1419 1393 1552 1428 ποτε
1610 1394 1776 1430 σπου-

183 1474 448 1543 δασθήτω
482 1473 591 1543 (17)
638 1491 741 1526 σοι.
799 1472 941 1535 Χθὲς
981 1466 1126 1541 ἦσθα
1181 1468 1488 1539 θεατρικὸς,
1533 1469 1776 1538 σήμερον

183 1563 395 1634 φάνηθι
431 1561 764 1633 Θεωρητικός
805 1560 915 1630 (18)
939 1577 952 1591 ”
998 1559 1124 1630 χθὲς
1150 1558 1408 1628 λοίδορος,
1444 1557 1652 1627 ἰταμὸς,
1684 1561 1776 1627 σή-

190 1670 368 1723 μερον
396 1651 662 1722 εὔφημος,
693 1652 900 1722 ἥμερος
927 1667 939 1678 ·
988 1649 1116 1719 χθὲς
1162 1647 1460 1718 κωμαστὴς
1499 1647 1631 1717 (19),
1677 1649 1774 1716 σή-

1937 921 2100 994 841
2132 919 2225 974 ΙΧ.
2253 918 2379 973 Heri
2421 923 2486 973 ad
2520 925 2773 991 temporis
2796 924 3075 978 arbitrium
3110 925 3266 978 ﬁdem
3306 937 3450 979 tuam

1867 1011 2312 1068 accommodahas
2331 1051 2344 1071 ,
2365 1012 2518 1065 hodie
2537 1013 2628 1065 Dei
2666 1014 2822 1068 [idem
2847 1029 3128 1082 cognosce.
3155 1013 3452 1082 Quousque

1865 1117 2093 1173 utroque
2109 1102 2303 1172 poplite
2317 1103 2553 1157 claudica
2566 1105 2670 1158 bis?
2683 1104 2969 1174 Quousque
3003 1105 3286 1173 dispones?
3308 1105 3453 1159 Tan-

1868 1200 1987 1254 dem
2003 1197 2288 1265 aliquando
2301 1196 2784 1250 alacriterzediﬂca.
2809 1196 2930 1252 Heri
2950 1197 3172 1265 alicujus
3192 1199 3346 1267 pretii
3367 1200 3456 1252 ha-

1873 1287 2007 1351 beri,
2028 1287 2203 1356 magni
2232 1287 2499 1351 ducebas;
2532 1287 2690 1339 hodie
2725 1288 2897 1355 reipsa
2926 1303 3061 1352 esse,
3088 1289 3251 1357 pluris
3270 1288 3448 1347 facito.

1874 1381 2163 1450 Usquequo
2192 1381 2456 1434 insomnia
2485 1380 2507 1431 ?
2533 1378 2615 1432 Sit
2645 1395 2855 1448 quoque
2879 1382 2970 1436 tibi
3005 1382 3292 1453 aliquando
3313 1398 3455 1437 cura:

1880 1473 2101 1527 veritas.
2138 1471 2262 1525 lleri
2301 1470 2724 1538 spectaculorum
2762 1473 2938 1527 studio
2970 1473 3264 1544 ﬂagrabas;
3297 1475 3456 1530 hodie

1874 1563 2343 1632 contemplationis
2357 1562 2655 1616 studiosum
2678 1574 2726 1616 te
2742 1564 2940 1630 praebe.
2955 1563 3081 1618 lleri
3101 1566 3452 1630 conviciator,

1875 1653 2120 1722 petulans
2148 1669 2305 1718 eras;
2332 1653 2489 1708 hodie
2517 1653 2781 1721 placidus,
2806 1653 3066 1710 laudator.
3097 1657 3222 1710 Heri
3248 1672 3455 1711 comes-

186 1761 365 1816 μερον
427 1745 818 1814 σωφρονιστὴς.
890 1743 1137 1813 Σήμερον
1194 1739 1525 1810 οἰνοπότης,
1590 1737 1777 1810 αὔριον

1889 1757 2028 1802 sator
2047 1762 2189 1813 eras;
2226 1747 2384 1801 hodie
2403 1747 2686 1818 gravitatis
2709 1756 2762 1801 et
2787 1749 3154 1817 temperantiae
3178 1749 3451 1816 magister.

185 1820 522 1908 ὑδροπότης.
553 1838 799 1907 Σήμερον
830 1831 1265 1888 κατασπαταλῷν
1307 1831 1399 1883 ἐπὶ
1432 1829 1630 1882 κλινῶν
1662 1829 1776 1882 ἑλε-

186 1930 492 1998 φαντίνων,
547 1927 742 1980 καὶτὰ
797 1924 991 1995 πρῶτα
1046 1923 1194 1994 μύρα
1224 1921 1526 1992 χριόμενος,
1589 1919 1777 1990 αὔριον

185 2021 474 2091 χαμεύνης
510 2020 603 2073 καὶ
632 2020 937 2089 ἄγρυπνος’
973 2016 1091 2069 ἀντὶ
1130 2010 1468 2084 γελοιαστοῦ,
1505 2013 1726 2074 σύννους
1759 2030 1772 2042 ·

184 2112 321 2164 ἀντὶ
349 2108 748 2176 καλλωπιστοῦ,
778 2107 1049 2178 δυσείμων
1072 2124 1085 2136 ·
1121 2106 1241 2159 ἀντὶ
1269 2104 1476 2176 γαύρου
1504 2104 1598 2157 καὶ
1646 2103 1771 2156 ἅλας

187 2201 372 2265 ζόνος,
402 2201 625 2270 εὐτελὴς
646 2200 708 2252 τὸ
731 2199 1054 2268 φαινόμενον
1074 2215 1090 2230 ο
1119 2197 1238 2250 ἀντὶ
1271 2197 1611 2267 χρυσορόφου
1637 2195 1773 2267 (20),

189 2288 566 2359 στενόχωρος·
627 2288 777 2341 κάτω
831 2283 1038 2348 νεύων,
1092 2284 1212 2337 ἀντὶ
1263 2283 1584 2354 ὑψαύχενος.
1651 2281 1777 2336 Ἐὰν

189 2377 344 2430 οὓτω
393 2378 600 2449 διανοῇ,
636 2377 728 2430 καὶ
758 2375 901 2428 οῦτω
944 2377 1124 2444 ποιῇς,
1159 2374 1308 2427 ἔσται
1343 2391 1426 2426 σοι
1470 2374 1498 2424 ὁ
1551 2372 1778 2442 οὐρανὸς

191 2469 410 2531 καινὸς,
443 2470 536 2521 καὶ
574 2471 606 2539 ἡ
658 2467 730 2536 γῆ
776 2463 957 2535 καινὴ,
993 2465 1063 2517 τά
1104 2481 1162 2516 τε
1201 2463 1338 2517 ἄλλα
1395 2462 1490 2516 καὶ
1521 2463 1611 2516 τὸν
1654 2463 1778 2516 τού-

189 2579 308 2614 των
344 2560 453 2632 (21)
475 2561 631 2628 λόγον
654 2558 1146 2628 καταλαμϐάνοντι.

1877 1839 2046 1895 Hodie
2071 1840 2392 1894 temulentus
2420 1855 2436 1906 ;
2463 1855 2586 1893 cras
2631 1840 2948 1895 abstemius.
3012 1837 3182 1896 Hodie
3213 1843 3265 1895 in
3302 1841 3454 1896 lectis

1881 1930 2135 1986 eburneis
2161 1930 2470 1997 lasciviens,
2503 1947 2570 1988 ac
2608 1933 2882 2002 primariis
2925 1933 3210 2002 unguentis
3240 1933 3452 1988 delibu-

1877 2027 1991 2083 tus;
2013 2033 2134 2072 cras
2166 2018 2387 2072 humum
2415 2034 2509 2087 pro
2533 2020 2670 2074 lecto
2698 2023 2922 2086 habens,
2953 2032 3117 2090 atque
3148 2023 3452 2077 insomnem

1875 2119 2084 2164 noctem
2118 2111 2356 2175 ducens;
2380 2126 2477 2179 pro
2504 2127 2691 2166 scurra
2721 2114 2990 2181 etfaceto,
3032 2115 3454 2187 cogitabundus;

1874 2213 1971 2268 pro
1994 2209 2207 2262 ornato,
2248 2210 2305 2254 et
2352 2200 2580 2254 vestium
2633 2202 2951 2272 elegantiam
3008 2207 3233 2260 nimium
3281 2207 3456 2260 ambi-

1873 2288 2007 2342 tiose
2049 2299 2415 2358 consectante,
2468 2292 2660 2360 pannis
2709 2293 2962 2359 indutus;
2997 2309 3096 2364 pro
3138 2297 3369 2364 superbo
3404 2303 3458 2350 et

1873 2386 2200 2448 arrogante,
2246 2379 2386 2447 vilis,
2434 2391 2692 2451 quantum
2733 2383 2800 2436 ad
2851 2393 3133 2438 externam
3185 2387 3454 2454 speciem;

1874 2482 1972 2534 pro
2005 2467 2348 2535 laquearibus
2386 2472 2590 2538 aureis,
2623 2481 2846 2540 anguste
2881 2473 3164 2538 habitans;
3191 2489 3287 2544 pro
3322 2475 3454 2528 sub-

1875 2556 2009 2624 limi,
2044 2574 2109 2613 ac
2161 2561 2430 2617 cervicem
2477 2562 2780 2630 attollente,
2836 2565 2982 2619 humi
3010 2564 3218 2619 vultum
3261 2564 3456 2620 demit-

192 2660 342 2707 tens.
375 2650 486 2706 lloc
514 2652 558 2706 si
591 2651 770 2706 animo
801 2651 987 2713 fueris,
1025 2659 1185 2718 atque
1222 2647 1292 2700 ita
1331 2647 1548 2714 feceris,
1576 2647 1773 2703 cmlum
1815 2647 1908 2704 tibi
1965 2664 2162 2706 novum
2210 2654 2333 2720 erit,
2404 2663 2461 2708 et
2517 2661 2661 2708 terra
2692 2671 2829 2712 nova
2847 2658 2890 2721 ',
2922 2657 3208 2722 nimirum,
3239 2662 3298 2710 ut
3329 2656 3455 2718 alia,

194 2744 277 2799 ita
312 2745 504 2798 horum
535 2744 698 2798 etiam
728 2746 990 2798 rationem
1019 2741 1354 2811 intelligenti.

271 2836 329 2890 ι’.
357 2833 497 2886 Ἀλλ’
518 2834 769 2904 ἀπίωμεν
794 2833 916 2904 ἤδη,
941 2834 1035 2886 καὶ
1055 2832 1131 2902 τῷ
1157 2832 1335 2902 καιρῷ
1356 2833 1425 2886 τά
1449 2833 1636 2887 εἰκότα
1660 2850 1782 2886 συν-

1953 2832 2020 2886 Χ.
2045 2831 2149 2888 Sed
2173 2832 2285 2902 jam
2311 2835 2376 2887 ad
2395 2849 2478 2900 ea,
2510 2851 2632 2906 quae
2655 2837 2912 2905 temporis
2940 2846 3086 2903 sunt,
3110 2835 3456 2898 celebranda,

196 2925 774 2996 εορτάσοντες.Πάντα
799 2925 908 2996 γάρ
930 2926 1008 2988 εἰς
1030 2924 1190 2978 καλὸν
1227 2927 1292 2994 τῇ
1318 2924 1623 2995 πανηγύρει
1655 2943 1780 2979 συν-

198 3017 390 3088 τρέχει
421 3017 512 3069 καὶ
539 3017 948 3085 συναγάλλεταιο
971 3016 1048 3068 ἴδε
1078 3016 1187 3087 γὰρ
1222 3009 1310 3068 οἷα
1329 3017 1397 3070 τά
1426 3015 1696 3086 ὁρώμενα.
1715 3017 1780 3070 Ἡ

203 3108 497 3179 βασίλισσα
528 3109 635 3161 τῶν
674 3109 832 3180 ὡρῶν
863 3110 929 3178 τῇ
975 3107 1208 3176 βασιλίδι
1242 3108 1352 3161 τῶν
1387 3107 1610 3179 ἡμερῶν
1638 3124 1781 3179 πομ-

205 3201 387 3265 πεύει,
422 3201 516 3254 καὶ
549 3201 850 3272 δωροφορεῖ
874 3203 1006 3274 παρ’
1041 3201 1242 3270 ἑαυτῆς
1281 3203 1389 3253 πᾶν
1434 3203 1462 3254 ὃ
1495 3217 1548 3252 τι
1597 3199 1782 3254 κάλλι-

204 3311 335 3347 στον
376 3294 471 3346 καὶ
511 3293 893 3362 τερπνότατον.
940 3293 1055 3347 Νῦν
1089 3292 1315 3364 οὐρανὸς
1354 3291 1733 3361 διαυγέστερος
1767 3307 1780 3321 ·

204 3386 302 3440 νῦν
327 3386 478 3456 ἥλιος
518 3385 848 3456 ὑψηλότερος
889 3385 984 3438 καὶ
1013 3384 1487 3456 χρυσοειδέστερος
1506 3401 1520 3414 ·
1551 3381 1650 3436 νῦν
1698 3400 1786 3436 σε·

204 3476 377 3548 λήνης
429 3476 629 3539 κύκλος
675 3477 972 3547 φανότερος
1005 3476 1143 3546 (22),
1195 3476 1289 3529 καὶ
1333 3474 1579 3545 ἀστέρων
1625 3473 1786 3544 χορὸς

205 3567 614 3639 καθαρώτερος.
646 3568 758 3621 Νῦν
790 3567 1058 3637 αἰγιαλοῖς
1092 3568 1190 3638 μὲν
1219 3566 1439 3636 κύματα
1475 3565 1808 3632 σπένδεταιη

206 3659 348 3729 ἡλίῳ
397 3659 456 3712 δὲ
511 3659 690 3726 νέφος,
724 3659 847 3730 ἀέρι
880 3658 937 3710 δὲ
972 3658 1184 3728 ἄνεμοι,
1218 3657 1288 3727 γῆ
1317 3656 1376 3708 δὲ
1402 3659 1607 3725 φυτοῖς,
1641 3656 1784 3726 φυτά

205 3751 264 3803 δὲ
309 3751 486 3820 ὄψεσι.
519 3751 632 3803 Νῦν
670 3753 845 3821 πηγαὶ
897 3750 1277 3822 διαυγέστερον
1329 3751 1550 3803 νάουσιο
1602 3749 1698 3802 νῦν
1729 3749 1785 3801 δὲ

206 3840 448 3910 ποταμοὶ
499 3839 916 3912 δαψιλέστερον,
940 3841 1049 3894 τῶν
1094 3839 1386 3912 χειμερίων
1424 3839 1640 3909 δεσμῶν
1672 3839 1782 3911 (95)

205 3929 481 3993 λυθέντες.
519 3931 628 3982 Καὶ
651 3929 856 4000 λειμὼν
891 3931 1103 3994 εὐωδεῖ,
1129 3932 1222 3983 καὶ
1268 3930 1432 3998 φυτὸν
1465 3929 1639 4000 βρύει,
1691 3930 1785 3983 καὶ

206 4022 457 4092 κείρεται
487 4021 616 4084 πόα,
651 4024 742 4074 καὶ
790 4021 951 4091 ἄρνες
983 4019 1343 4092 ἐπισκιρτῶσι
1387 4020 1635 4091 χλοεραῖς
1666 4023 1785 4083 ταῖς

207 4113 496 4185 ἀρούραις.
532 4115 694 4186 Ἀρτι
727 4113 825 4184 μὲν
868 4113 999 4177 ναῦς
1037 4115 1101 4166 ὲκ
1135 4113 1369 4182 λιμένων
1399 4112 1660 4180 ἀνάγεται
1689 4114 1784 4164 σὺν

1888 2937 1988 2978 nos
2053 2923 2413 2979 conferamus.
2449 2925 2802 2980 Commodum
2836 2926 2982 2981 enim
3045 2927 3222 2982 omnia
3254 2927 3322 2980 ad
3356 2927 3461 2981 hoc

1888 3014 2084 3070 festum
2129 3027 2476 3082 concurrunt,
2519 3017 2790 3086 simulque
2828 3018 3098 3074 laetantur.
3154 3019 3288 3074 Vide
3313 3020 3457 3074 enim

1889 3106 2067 3175 qualia
2120 3106 2248 3172 sint,
2288 3121 2407 3176 qua:
2452 3109 2621 3164 oculis
2663 3107 2986 3165 oﬂ‘eruntur.
3023 3109 3278 3180 Princeps
3333 3113 3460 3168 anni

1891 3211 2016 3264 pars
2040 3199 2264 3267 principi
2295 3199 2506 3254 dierum
2536 3215 2788 3270 pompam
2815 3203 3044 3271 peragit,
3101 3216 3166 3256 ac
3200 3202 3458 3271 quidquid

1891 3289 2310 3357 pulcherrimum
2341 3302 2396 3347 et
2424 3293 2805 3349 suavissimum
2850 3293 3030 3358 habet,
3075 3311 3105 3349 a
3149 3296 3327 3364 seipsa
3361 3297 3461 3348 tri-

1890 3379 2026 3435 buit.
2048 3382 2204 3437 Nunc
2235 3383 2432 3437 calum
2473 3385 2847 3454 splendidius;
2877 3402 3021 3442 nunc
3048 3386 3128 3442 sol
3158 3387 3460 3453 sublimior,

1892 3487 2159 3541 aureoque
2198 3474 2372 3529 nitore
2428 3477 2766 3544 rutilantior;
2812 3494 2954 3534 nunc
2986 3480 3125 3534 lunae
3153 3480 3301 3535 orbis
3353 3481 3466 3534 cla-

1894 3565 2025 3628 rior,
2070 3572 2124 3617 et
2166 3564 2401 3619 siderum
2442 3566 2642 3621 chorus
2695 3568 2900 3637 purior.
2951 3567 3124 3633 Nunc,
3174 3579 3228 3624 et
3268 3570 3463 3626 ﬂuctus

1895 3670 2015 3708 cum
2074 3655 2360 3720 littoribus,
2410 3666 2465 3710 et
2515 3658 2684 3714 nubes
2739 3673 2858 3713 cum
2899 3660 3031 3724 sole,
3058 3671 3111 3714 et
3163 3662 3309 3714 venti
3341 3677 3462 3716 cum

1895 3760 2041 3813 aere,
2065 3757 2119 3801 et
2143 3756 2283 3801 terra
2324 3765 2444 3802 cum
2485 3751 2764 3819 stirpibus,
2797 3760 2852 3804 et
2891 3753 3087 3821 stirpes
3126 3768 3246 3806 cum
3271 3755 3460 3819 oculis,

1895 3837 1947 3890 in
1988 3837 2212 3907 gratiam
2265 3839 2508 3895 redeunt.
2548 3840 2702 3896 Nunc
2732 3843 2908 3898 fontes
2940 3842 3212 3912 limpidius
3269 3845 3462 3910 ﬂuunt,

1895 3940 2037 3978 nunc
2078 3924 2300 3980 ﬂumina
2356 3928 2613 3996 uberius,
2664 3931 2916 3984 nimirum
2952 3931 3192 3986 hibernis
3235 3933 3466 3989 vinculis

1895 4015 2090 4069 soluta.
2133 4017 2306 4082 Nunc,
2336 4028 2389 4072 et
2427 4029 2640 4086 pratum
2691 4022 2929 4076 suaviter
2977 4024 3104 4088 olet,
3155 4032 3212 4077 et
3269 4024 3468 4092 planta:

1893 4104 2178 4172 pullulant,
2235 4115 2290 4161 et
2354 4108 2519 4162 herba
2575 4109 2919 4177 detondetur,
2971 4124 3025 4166 et
3059 4114 3113 4165 in
3172 4114 3470 4167 virentibus

207 4202 565 4272 κελεύσμασι,
596 4202 692 4254 καὶ
718 4202 929 4265 τούτοις
969 4202 1043 4264 ὡς
1079 4201 1147 4255 τὰ
1173 4201 1345 4254 πολλά
1377 4200 1662 4269 φιλοθέοις,
1695 4203 1782 4253 καὶ

1893 4198 2038 4252 arvis
2068 4198 2189 4268 agni
2216 4199 2480 4255 saltitant.
2521 4200 2676 4257 Nunc
2704 4203 2856 4258 navis
2882 4219 3002 4258 cum
3029 4204 3468 4270 celeusmatibus,

205 4293 289 4364 τῷ
325 4292 480 4362 ἱστίῳ
530 4291 857 4363 πτεροῦται·
901 4292 995 4346 καὶ
1029 4292 1361 4362 περισκιρτᾷ
1410 4290 1612 4358 δελφὶς,
1658 4291 1788 4343 ἀνα-

210 4380 401 4449 φυσῶν
433 4381 510 4443 ὡς
553 4381 768 4451 ἥδιστον
812 4380 907 4434 καὶ
961 4381 1438 4451 ἀναπεμπόμενος,
1482 4381 1578 4433 καὶ
1606 4397 1785 4450 παρα-

209 4476 423 4546 πέμπει
453 4475 748 4545 πλωτῆρας
785 4475 882 4526 σὺν
909 4474 1146 4545 εὐθυμία
1179 4474 1314 4542 (24).
1348 4474 1508 4541 ’Ἄρτι
1529 4473 1585 4526 δὲ
1609 4489 1785 4542 γεωρ-

210 4568 309 4635 γὸς
341 4567 570 4638 ἄροτρον
605 4568 898 4638 πήγνυται,
947 4568 1058 4621 ἄνω
1095 4565 1329 4636 βλέπων,
1381 4566 1475 4618 καὶ
1523 4565 1614 4618 τὸν
1657 4582 1793 4636 καρ-

211 4659 446 4727 ποδότην
494 4658 943 4728 ἐπικαλούμενος,
997 4658 1091 4710 καὶ
1141 4657 1246 4710 ὑπὸ
1295 4657 1460 4724 ζυγὸν
1509 4655 1632 4723 ἄγει
1665 4654 1791 4724 βοῦν

212 4749 418 4820 ἀρότην
450 4750 586 4820 (25),
619 4751 712 4802 καὶ
758 4751 944 4819 τέμνει
987 4750 1242 4818 γλυκεῖαν
1273 4747 1384 4818 (26)
1420 4745 1650 4811 αὔλακα,
1699 4746 1793 4798 καὶ

211 4844 335 4903 ταῖς
364 4840 573 4895 ἐλπίσιν
607 4841 979 4911 εὐφραίνεται.
1013 4841 1171 4910 Ἀρτι
1200 4839 1258 4891 δὲ
1291 4837 1494 4908 ποιμὴν
1523 4837 1616 4890 καὶ
1670 4835 1790 4905 βου-

918 4959 935 4988 ²
968 4956 1010 5010 ll
1041 4956 1171 5011 Cor.
1207 4971 1259 5009 v.
1298 4955 1383 5008 17.

289 5070 400 5141 (16)
435 5071 762 5139 Γνώρισον.
821 5071 912 5125 Sic
960 5071 1126 5140 Regg.
1159 5071 1268 5135 bm,
1326 5069 1418 5137 ph,
1469 5069 1574 5123 dno
1603 5069 1790 5136 Coisl.,

214 5153 332 5212 etc.
350 5141 412 5212 iln
446 5141 558 5203 ed.,
585 5141 903 5212 γνώριστον.

291 5210 400 5277 (17)
432 5208 897 5278 Σπουδαὰθήτω.
951 5210 1042 5266 Sic
1095 5210 1252 5264 codd.
1326 5208 1382 5262 In
1414 5209 1524 5270 ed.,
1559 5209 1794 5262 σπουδα-

218 5281 810 5430 στ’(ὶῖᾇΐθεωρητικόρ.
879 5351 1142 5412 Combef.,
1175 5346 1566 5418 πανηγυρικός,
1632 5347 1796 5402 «festi

217 5423 786 5576 δι’(ῗὲὶῖδὲἳλᾷιὶιστής.
845 5489 936 5545 Sic
964 5489 1122 5545 codd.
1155 5487 1406 5544 Mendose
1452 5487 1504 5542 in
1539 5487 1658 5541 Par.
1686 5490 1792 5542 ed.—

216 5576 858 5698 méaﬂjujligovcopdgoov.
902 5628 992 5683 Sic
1037 5628 1194 5684 codd.
1241 5627 1301 5682 In
1348 5628 1472 5696 ed.,
1529 5627 1799 5698 χρυσοφό-

284 5719 314 5751 ‘J
323 5738 337 5752 ο

216 5715 337 5770 ρῳ.
458 5787 734 5850 ΡΑτιιοι..
777 5790 1219 5858 ϐιιβΧΧΧνΙ.

285 4958 336 4988 ’⁸
359 4957 505 5011 Psal.
530 4973 716 5020 Lxm,
752 4958 838 5011 11.

1896 4288 2070 4358 iisque
2103 4298 2162 4344 ut
2188 4291 2478 4360 plurimum
2521 4295 2624 4363 piis
2659 4311 2723 4350 ac
2777 4297 3067 4366 religiosis,
3093 4313 3123 4351 e
3169 4310 3324 4366 portu
3359 4299 3468 4352 sol-

1895 4379 1991 4444 vit,
2032 4380 2276 4450 veloque,
2317 4391 2571 4453 tanquam
2600 4387 2809 4456 pennis,
2836 4389 3104 4457 cingitur;
3145 4404 3209 4443 ac
3250 4404 3346 4458 per
3370 4406 3467 4460 gy-

1891 4484 2010 4524 rum
2041 4473 2270 4527 assultat
2295 4475 2458 4528 etiam
2502 4475 2805 4545 delphinus,
2831 4477 3286 4547 iucundissimum
3314 4479 3470 4548 quid-

1890 4563 2013 4616 dam
2054 4563 2352 4630 insuﬂlans,
2383 4581 2608 4636 seseque
2641 4569 2691 4622 in
2737 4570 2905 4623 altum
2955 4572 3212 4640 evehens,
3251 4581 3306 4626 et
3349 4588 3470 4640 gau‘

1890 4654 1978 4708 dio
2014 4656 2268 4724 gestiens,
2301 4667 2548 4712 vectores
2595 4661 2960 4730 prosequitur.
3012 4661 3168 4717 Nunc
3223 4672 3468 4717 aratrum

1889 4747 2120 4815 agricola
2145 4751 2462 4820 compingit,
2486 4753 2669 4806 oculos
2702 4754 2752 4806 in
2787 4753 2952 4807 altum
2982 4754 3193 4818 tollens,
3229 4754 3468 4822 frugum-

1890 4851 1992 4904 que
2023 4839 2263 4894 datorem
2297 4843 2575 4908 invocans,
2606 4859 2670 4897 ac
2709 4847 2827 4899 bovi
2866 4847 3064 4900 aratori
3089 4846 3279 4915 jugum
3315 4847 3469 4900 inue-

1474 4957 1493 4985 ¹
1524 4953 1624 5008 lsa.
1652 4968 1776 5019 va,
1806 4953 1889 5008 17.

1968 5069 2078 5140 (21)
2111 5073 2222 5146 Τὸν
2249 5088 2491 5146 τουτων.
2537 5074 2626 5146 Sic
2679 5075 2916 5146 nonnulli
2958 5077 3112 5131 codd.
3154 5077 3209 5130 lu
3244 5079 3468 5146 quibus~

1897 5140 2040 5203 dam,
2068 5141 2175 5192 τῶν
2197 5141 2403 5196 τούτου.
2431 5144 2485 5195 In
2521 5145 2631 5205 ed.,
2660 5145 2767 5196 τῶν
2786 5145 3008 5199 τούτων.

1970 5210 2082 5279 ('22)
2117 5213 2466 5281 Φανότερος.
2528 5212 2658 5282 Reg.
2687 5215 2798 5279 bin,
2854 5216 3050 5284 aliique
3080 5217 3261 5282 codd.,
3305 5220 3441 5287 φανέ

1898 5295 1986 5331 στε
1995 5297 2086 5342 ρος
2094 5322 2105 5333 .

1970 5297 2376 5419 (ἓῖΔεσμὼν.
2413 5351 2587 5415 Pass.,
2620 5352 2775 5405 ὁδῶν.

2114 5421 2254 5499 glabr-
2273 5423 2541 5499 εὐθυμίᾳ.
2574 5423 2734 5499 Consi.
2764 5423 2814 5499 1,
2844 5423 3230 5499 συνιεὺφημίᾳ.

2120 5492 2384 5564 ᾎρότηῖν.
2412 5495 2576 5564 llegg.
2611 5497 2718 5554 bm,
2746 5495 2837 5564 ph,
2861 5491 3079 5564 ἀρότης.

1898 5630 1930 5685 d
1971 5561 2080 5630 (26)
2108 5563 2427 5616 Γλυκεῐαν.
2475 5561 2530 5616 In
2578 5562 2864 5629 nonnullis,
2907 5561 3154 5633 βαθεῖαν,
3207 5585 3226 5619 ι
3249 5568 3471 5639 profun-

1937 5646 2044 5684 urn.
2075 5653 2093 5680 ι

1937 5646 2044 5684 Ulli.
2075 5653 2093 5680 ι

3082 5797 3160 5856 20
