3898 6222
269 332 274 343 ·
374 309 478 368 619

1612 293 1671 347 S.
1711 289 2042 347 GREGORII
2081 291 2430 351 THEOLOGI

3524 274 3636 331 620

379 429 495 494 ctit,
532 424 852 490 dulcemque
892 418 1100 474 sulcum
1153 412 1467 484 proscindit,
1499 425 1562 466 ac
1613 409 1779 482 842
1831 424 1954 480 spes
1987 449 1995 473 ,

2103 426 2213 490 ὗλος
2253 423 2582 497 ἁρμόζονται
2621 416 2885 486 σύριγγας
2908 452 2921 478 ,
2976 412 3067 465 καὶ
3105 407 3290 497 νόμιον
3338 404 3641 476 ἐμπνέουσι

382 523 535 576 laetas
558 519 723 573 fovet.
754 513 908 569 Nunc
932 517 1120 580 pastor
1143 516 1197 562 et
1224 505 1491 561 bubulcus
1516 503 1724 560 fistulas
1752 508 1956 572 aptant,

387 630 450 670 ac
478 609 752 684 pastorale
789 619 1010 662 carmen
1046 601 1335 670 inspirant,
1383 605 1545 666 atque
1573 601 1714 650 inter
1750 594 1963 664 plantas

387 716 443 762 et
471 714 658 774 petras
693 713 916 754 vernum
951 708 1161 764 tempus
1193 691 1520 761 transigunt.
1548 687 1703 743 Nunc
1757 687 1967 757 planta-

390 815 511 856 rum
539 797 714 854 cultor
753 793 990 863 plantam
1025 796 1201 852 curat,
1235 796 1289 840 et
1328 797 1524 854 auceps
1552 781 1789 836 calamos
1834 793 1966 834 con-

392 888 575 956 struit,
592 902 655 942 ac
672 898 857 939 ramos
878 886 1167 950 suspectat,
1183 888 1237 932 et
1264 891 1497 945 pennam
1523 875 1701 929 avium
1728 873 1971 928 studiose

393 981 659 1051 explorat.
687 976 842 1031 Nunc
874 973 1111 1044 piscator
1140 966 1467 1039 profundum
1496 980 1650 1034 aquae
1690 962 1970 1033 perspicit,

395 1090 459 1129 ac
489 1080 608 1126 rete
660 1082 818 1123 suum
853 1071 1132 1135 repurgat,
1160 1071 1214 1116 et
1247 1059 1416 1129 petris
1453 1055 1666 1111 insidet.

461 1161 556 1218 XI.
584 1158 738 1214 Nunc
764 1155 962 1211 sedulae
999 1167 1151 1223 apes,
1198 1148 1390 1205 solutis
1419 1144 1630 1216 pennis,
1663 1152 1718 1200 et
1771 1142 1976 1199 relictis

397 1253 721 1312 alvearibus,
769 1246 1046 1318 sapientia:
1104 1257 1214 1298 suae
1271 1244 1653 1295 documentum
1706 1234 1973 1307 praebent,

400 1358 564 1417 atque
593 1345 658 1399 ad
692 1351 845 1412 prata
896 1335 1200 1398 convolant,
1255 1332 1523 1402 floresque
1561 1330 1820 1399 diripiunt
1852 1346 1868 1384 :
1919 1339 1977 1386 et

399 1442 519 1496 aliae
552 1435 770 1508 quidem
801 1429 1022 1487 cellulas
1060 1425 1365 1491 elaborant,
1395 1421 1722 1493 sexangulas
1749 1430 1805 1475 et
1838 1422 1978 1477 inter

401 1548 461 1588 se
484 1528 761 1600 oppositas
822 1521 1031 1578 fistulas
1073 1524 1399 1582 attexentes,
1456 1526 1739 1584 rectasque
1804 1512 1979 1566 lineas

402 1618 752 1692 angularibus
791 1613 1142 1673 alternantes,
1179 1622 1283 1661 non
1335 1605 1513 1660 minus
1545 1604 1611 1658 ad
1664 1601 1842 1673 operis
1874 1600 1983 1654 ele-

402 1688 668 1776 gantiam,
703 1715 865 1771 quam
907 1698 975 1753 ad
1004 1698 1349 1751 securitatem
1393 1710 1407 1748 :
1456 1692 1574 1747 aliae
1612 1706 1741 1745 vero
1786 1689 1893 1744 mel
1926 1688 1979 1742 in

2066 515 2244 586 μέλος,
2275 491 2371 567 καὶ
2397 511 2581 580 φυτοῖς
2610 506 2705 560 καὶ
2733 503 2962 573 πέτραις
2985 496 3378 569 ἐνεαρίζουσιν.
3395 494 3554 562 ’Δρτι
3583 491 3646 546 δέ

2066 584 2231 677 φυτὸν
2262 601 2563 675 φυτουργὸς
2600 593 2914 669 θεραπεύει,
2969 592 3064 644 καὶ
3116 587 3328 658 ίξευτὴς
3357 584 3645 654 καλάμους

2066 672 2356 767 οἰκοδομεῖ,
2387 672 2482 747 καὶ
2516 687 2813 745 ὑποϐλέπει
2864 681 3153 754 πτόρθους.
3203 679 3300 733 καὶ
3344 672 3652 747 περιεργά-

2068 784 2221 850 ζεται
2247 760 2444 853 πτερὸν
2470 777 2700 852 ὄρνιθος.
2732 775 2843 829 Καὶ
2891 771 3076 834 ἁλιεὺς
3119 768 3315 839 βυθοὺς
3341 764 3515 837 διορᾷ,
3547 760 3648 815 καὶ

2068 877 2281 930 δίκτυον
2304 871 2684 942 ἀνακαθαίρει,
2707 869 2802 921 καὶ
2831 865 3036 936 πέτρας
3077 856 3535 931 ὑπερκαθέζεται.

2143 1149 2249 1203 lA'.
2282 1148 2442 1219 Ἀρτι
2479 1144 2576 1215 μὲν
2625 1145 2659 1214 ή
2709 1138 2964 1211 φιλεργὸς
3017 1134 3276 1206 μέλισσα,
3327 1130 3389 1185 τὸ
3446 1125 3655 1199 πτερὸν

2076 1239 2350 1295 ἐκλύσασα
2378 1232 2514 1308 (27),
2544 1235 2639 1289 καὶ
2667 1233 2776 1303 τῶν
2825 1228 3066 1300 σίμϐλων
3107 1223 3471 1279 ἀπαναστᾶσα
3498 1259 3515 1283 ,
3550 1219 3660 1289 τὴν

2081 1330 2281 1399 ἑαυτῆς
2327 1326 2519 1396 σοφίαν
2544 1321 2949 1401 ἐπιδείκνυται,
2983 1317 3077 1371 καὶ
3105 1313 3378 1385 λειμῶνας
3420 1309 3662 1380 ἐφίπτα-

2078 1438 2190 1485 ται,
2225 1419 2321 1472 καὶ
2350 1416 2486 1487 συλᾷ
2511 1399 2579 1468 τὰ
2608 1412 2742 1483 ἄνθη
2769 1428 2784 1443 ⁸
2834 1409 2929 1465 καὶ
2957 1410 2992 1479 ή
3024 1408 3122 1478 μὲν
3171 1406 3324 1458 πονεῖ
3346 1403 3416 1457 τὰ
3459 1399 3661 1472 κηρία,

2077 1512 2181 1576 τὰς
2210 1508 2513 1579 ἐξαγώνους
2540 1506 2634 1560 καὶ
2676 1501 2985 1564 ἀντιθέτους
3039 1498 3305 1570 σύριγγας
3334 1491 3662 1562 ἐξυφαίνου-

2083 1621 2175 1670 σα,
2213 1602 2310 1657 καὶ
2356 1600 2456 1663 τὰς
2499 1597 2714 1661 εὐθείας
2766 1596 2890 1658 ταῖς
2947 1591 3174 1662 γωνίαις
3219 1585 3664 1647 ἐπαλλάττουσα,

2085 1697 2242 1770 ἔργον
2266 1693 2400 1766 ὁμοῦ
2430 1691 2660 1753 κάλλους
2688 1688 2783 1743 καὶ
2808 1684 3138 1755 ἀσφαλείαςο
3169 1684 3205 1751 ή
3227 1681 3283 1734 δὲ
3308 1678 3368 1733 τὸ
3400 1676 3524 1749 μέλι
3544 1675 3668 1749 (28)

407 1800 599 1850 horrea
624 1791 949 1853 recondunt,
974 1797 1138 1855 atque
1163 1784 1360 1853 hospiti
1390 1798 1488 1837 suo
1512 1782 1719 1837 dulcem
1744 1780 1980 1835 fructum

2103 1764 2203 1851 ταῖς
2229 1764 2535 1855 ἀποθήκαις
2566 1777 2961 1841 ἐναποτίθεται,
2997 1774 3091 1828 καὶ
3132 1771 3372 1843 γεωργεῖ
3400 1767 3481 1838 τῷ
3515 1764 3666 1831 ξενί-

405 1899 463 1942 et
512 1887 783 1940 inaratnm
833 1879 1136 1950 proferunt.
1200 1873 1417 1930 Utinam
1468 1887 1570 1927 nos
1619 1885 1857 1941 quoque,
1892 1870 1980 1937 qui

407 1975 611 2031 Christi
642 1972 908 2044 apiarium
934 1982 1145 2030 sumus,
1179 1981 1243 2019 ac
1268 1963 1374 2018 tale
1407 1973 1521 2016 tum
1549 1960 1845 2029 sapientiae,
1871 1968 1983 2012 tum

411 2066 690 2124 industriae
722 2071 775 2119 et
798 2062 997 2117 laboris
1032 2058 1338 2126 exemplum
1372 2052 1702 2123 accepimus,
1739 2065 1832 2106 eas
1859 2050 1987 2104 imi--

410 2159 631 2215 temur!
659 2156 779 2211 .lam
821 2153 936 2208 avis
987 2153 1171 2206 nidum
1199 2146 1486 2212 construit,
1548 2154 1710 2213 atque
1744 2142 1845 2197 alia
1878 2142 1991 2210 qui-

412 2255 537 2307 dem
580 2249 739 2313 redit,
772 2246 878 2301 alia
921 2244 1217 2312 immigrat,
1256 2240 1358 2292 alia
1392 2237 1767 2299 circumvolat,
1803 2250 1866 2289 ac
1899 2250 1991 2290 ne-

406 2358 538 2398 mus
573 2349 734 2397 cantu
777 2352 874 2391 suo
901 2335 1108 2406 implet,
1142 2333 1531 2399 hominemque
1558 2328 1763 2396 garritu
1790 2325 1992 2381 demul-

361 2501 363 2503 l
413 2443 521 2491 cet.
553 2431 748 2488 Omnia
787 2429 952 2483 Deum
991 2426 1229 2488 laudant,
1267 2433 1320 2477 et
1352 2420 1573 2475 vocibus
1605 2418 1767 2474 mutis
1799 2432 1993 2473 conce-

416 2526 650 2581 lebrant.
686 2521 914 2591 Propter
938 2517 1122 2572 omnia
1164 2514 1308 2570 enim
1358 2512 1546 2583 gratia:
1596 2511 1707 2565 Deo
1760 2523 1858 2579 per
1908 2523 1992 2562 me

410 2618 721 2680 habentur;
764 2621 928 2681 atque
956 2609 1030 2663 ita
1059 2607 1271 2661 illorum
1307 2603 1564 2669 laudatio,
1592 2615 1709 2656 mea
1744 2599 1990 2660 efficitur,

414 2708 675 2765 nimirum
734 2719 763 2758 a
812 2701 1008 2772 quibus
1037 2712 1137 2769 ego
1168 2695 1344 2751 laudis
1395 2702 1771 2764 argumentum
1820 2691 1992 2758 capio.

415 2800 570 2855 Nunc
601 2796 815 2867 quidem
840 2807 1002 2848 omne
1037 2787 1392 2844 anin'iantium
1429 2799 1597 2855 genus
1626 2783 1785 2846 ridet,
1833 2793 1997 2849 atque

416 2890 670 2945 omnibus
696 2883 946 2941 sensibus
978 2879 1272 2950 pascimur.
1332 2873 1485 2929 Nunc
1517 2874 1680 2928 etiam
1732 2871 1998 2941 superbus

417 2996 612 3052 mnus,
644 2987 700 3033 et
730 2975 916 3047 jubam
966 2972 1233 3041 arrigens,
1282 2965 1551 3022 stabulum
1625 2963 1849 3025 fastidit.
1910 2975 1995 3026 ac,

419 3051 710 3142 perfractis
761 3062 1017 3126 vinculis,
1075 3075 1172 3129 per
1225 3071 1448 3126 campos
1494 3054 1749 3109 lascivius
1803 3051 1992 3115 fertur,

406 3174 585 3234 .atqae
610 3162 666 3217 in
700 3154 1015 3214 fluminibus
1048 3152 1227 3223 gestit,
1251 3163 1480 3219 seseque
1500 3156 1756 3202 ostentat.

494 3254 608 3311 Xll.
638 3251 778 3320 Quid
810 3258 1006 3304 caetera
1037 3241 1492 3300 commemorem?
1538 3238 1691 3294 Nunc
1738 3245 2002 3307 martyres

423 3354 525 3407 sub
583 3347 674 3402 dio
728 3342 982 3415 populum
1049 3339 1316 3401 retinent,
1376 3350 1438 3390 ac
1482 3348 1732 3407 pompam
1800 3343 2000 3402 agunt,

424 3437 829 3513 splendidisque
862 3432 1084 3487 sedibus
1099 3429 1240 3500 piam
1262 3426 1470 3497 plebem
1501 3435 1555 3479 et
1586 3423 1784 3479 Christi
1816 3436 2004 3477 aman-

429 3545 536 3587 tem
563 3531 884 3589 convocant,
924 3537 988 3576 ac
1017 3518 1316 3576 certamina
1364 3533 1460 3572 sua
1494 3517 1546 3570 in
1573 3514 1843 3584 publicum
1877 3526 2004 3583 pro-

426 3630 654 3694 ponunt.
687 3618 805 3686 Quo
830 3630 862 3670 e
886 3626 1112 3669 numero
1147 3626 1284 3666 unus
1333 3623 1548 3680 quoque
1584 3617 1666 3662 est
1708 3622 1858 3660 meus
1917 3605 2007 3661 ille

429 3717 703 3768 laureatus
735 3707 910 3780 (meus
944 3705 1111 3770 enim,
1152 3702 1255 3759 etsi
1295 3717 1402 3756 non
1431 3699 1570 3770 apud
1612 3712 1717 3760 me,
1776 3696 2009 3752 facessat

428 3800 653 3865 invidia,
680 3796 978 3854 scientibus
1000 3795 1238 3863 loquor),
1290 3790 1496 3846 Marnas
1522 3788 1614 3843 ille
1661 3787 1904 3857 insignis,
1956 3794 2011 3840 et

430 3902 635 3966 pastor,
662 3900 719 3946 et
741 3898 976 3960 martyr;
1021 3886 1114 3957 qui
1151 3885 1302 3956 prius
1336 3883 1549 3953 quidem
1584 3894 1773 3935 cervas
1802 3878 2009 3945 mulge-

429 3987 544 4050 bat,
577 3985 643 4038 ad
674 3990 918 4037 sanctum
946 3979 1119 4033 virum
1156 3990 1295 4031 novo
1319 3985 1375 4030 et
1404 3973 1661 4028 inusitato
1690 3971 1829 4025 lacte
1861 3969 2011 4025 alen-

433 4080 560 4133 dum
589 4076 842 4131 certatim
878 4079 1265 4144 properantes;
1303 4081 1446 4121 nunc
1493 4074 1671 4119 autem
1703 4061 2014 4130 metropolis

431 4171 641 4244 plebem
679 4169 871 4240 pascit,
916 4164 1185 4232 hodieque
1234 4159 1416 4214 multis
1451 4158 1727 4213 hominum
1775 4154 2013 4209 millibus

433 4262 790 4329 undecunque
819 4254 1229 4311 accurrentibus
1250 4266 1342 4305 ver
1377 4249 1617 4311 innovat,
1655 4256 1766 4300 tum
1797 4246 2014 4301 virtutis

433 4349 834 4422 pulchritudine
896 4343 1059 4418 843
1112 4345 1342 4409 varium,
1394 4352 1507 4395 tum
1562 4338 1870 4409 pastoribus
1926 4338 2011 4391 di-

2088 1878 2234 1942 ζοντι
2260 1854 2470 1946 γαρτοὺν
2498 1871 2708 1941 γλυκὺν
2746 1866 2855 1935 (29)
2898 1865 2994 1920 καὶ
3022 1863 3305 1934 ἀνήροτον.
3348 1859 3436 1922 Ὧς
3465 1854 3675 1925 ὄφελόν

2089 1986 2154 2038 γε
2182 1967 2277 2021 καὶ
2300 1968 2461 2038 ἡμεῖς
2494 1961 2630 2034 (50),
2671 1962 2700 2014 6
2733 1955 2968 2029 Χριστοῦ
3004 1951 3296 2025 μελισσὼν,
3324 1950 3421 2004 καὶ
3452 1947 3675 2002 τοιοῦτο

2087 2060 2343 2122 λαϐόντες
2377 2055 2566 2125 σοφίας
2585 2052 2683 2106 καὶ
2702 2048 3017 2121 φιλοπονίας
3050 2042 3390 2113 ὐπόδειγμαί
3420 2040 3585 2112 Ἀρτι
3608 2038 3677 2092 δὲ

2089 2150 2284 2207 καλιὰν
2307 2147 2458 2219 ὅρνις
2486 2146 2783 2214 πήγνυται,
2810 2141 2907 2195 καί¹
2929 2139 2959 2191 6
2992 2138 3089 2208 μὲν
3136 2133 3522 2204 ἐπανέρχεται,
3549 2130 3580 2181 ὁ
3610 2128 3676 2182 δὲ

2090 2239 2462 2303 είσοικίζεται,
2513 2236 2542 2287 6
2587 2232 2646 2286 δέ
2698 2228 3073 2302 περιίπταται,
3104 2225 3198 2278 καὶ¹
3246 2222 3563 2291 καταφωνεῖ
3605 2218 3678 2271 τὸ

2089 2335 2274 2399 ἄλσος,
2308 2331 2404 2384 κα)⁸
2460 2323 2741 2398 περιλαλεῖ
2792 2321 2883 2374 τὸν
2932 2317 3238 2388 ἄνθρωπον.
3294 2310 3482 2364 Πάντα
3528 2308 3679 2362 Θεὸν

2093 2427 2252 2500 ὑμνεί
2297 2423 2391 2477 καὶ
2417 2418 2627 2486 δοξάζει
2653 2415 2860 2486 φωναῖς
2896 2409 3186 2479 ἀλαλήτοις
3207 2404 3342 2477 (51)·
3385 2402 3481 2455 ἐπ)⁸
3531 2400 3681 2452 πᾶσι

2092 2490 2202 2588 γαρ
2223 2512 2623 2585 εὐχαριστεῖται
2654 2506 2720 2559 δι’
2751 2501 2884 2573 ἐμοῦ
2908 2500 3041 2562 Θεός
3064 2515 3078 2529 ·
3106 2497 3202 2552 καὶ
3217 2493 3407 2588 ηοῦτως
3448 2494 3479 2546 6
3526 2490 3682 2545 ἐκεί-

2092 2581 2200 2663 νων
2236 2581 2424 2676 ὕμνος,
2473 2600 2739 2672 ἡμέτερος
2767 2595 2997 2664 γίνεται,
3036 2591 3166 2660 παρ’
3210 2581 3286 2642 ὧν
3335 2583 3451 2655 ἐγὼ
3477 2583 3539 2637 τὸ
3571 2584 3685 2655 ὑμ-

2095 2703 2204 2756 νεῖν
2233 2673 2517 2768 λαμϐἀνω.
2550 2691 2666 2745 Νῦν
2721 2688 2818 2760 μὲν
2861 2685 2999 2756 γελᾷ
3032 2684 3139 2736 πᾶν
3166 2679 3321 2745 ζώων
3350 2678 3531 2748 γένος,
3577 2673 3686 2730 καὶ

2097 2793 2277 2845 πᾶσαν
2307 2786 2559 2859 αἴσθησιν
2587 2778 2914 2851 ἑστιώμεθα.
2942 2773 3058 2830 Νῦν
3113 2773 3171 2827 δὲ
3198 2770 3448 2843 ὑψαύχην
3501 2769 3685 2832 ἵππος

2098 2884 2194 2938 καὶ
2224 2881 2524 2952 ἀγέρωχος,
2554 2877 2668 2939 τοῖς
2682 2873 2849 2935 οῐκοις
2874 2864 3264 2938 δυσχεραίνων,
3290 2863 3385 2918 καὶ
3405 2859 3477 2915 τὰ
3499 2859 3687 2929 δεσμὰ

2098 2973 2462 3048 τυραννήσας,
2497 2965 2738 3040 κροαίνει
2785 2960 2929 3017 κατὰ
2957 2959 3140 3013 πεδίον
3172 2956 3307 3028 (52).
3360 2954 3457 3007 καὶ
3501 2967 3684 3006 ποτα-

2105 3069 2224 3141 μοῖς
2247 3062 2560 3137 ὡραῖζεται.

2175 3245 2275 3301 lB'.
2308 3244 2373 3297 Τί
2417 3241 2612 3307 τᾶλλας
2667 3236 2780 3292 Νῦν
2838 3235 3112 3308 μάρτυρες
3160 3228 3548 3303 αίθριὰζουσι,
3587 3224 3691 3279 καὶ

2105 3334 2468 3410 πομπεύουσι,
2495 3335 2590 3388 καὶ
2625 3331 2896 3402 λαμπροῖς
2931 3329 3047 3390 τοῖς
3080 3324 3290 3396 βήμασι
3324 3320 3439 3393 (55)
3468 3335 3687 3388 συγκα-

2106 3409 2255 3483 λοῦσι
2278 3428 2405 3481 λαὸν
2429 3424 2790 3495 φιλόχριστον,
2821 3418 2916 3473 καὶ
2950 3416 3078 3480 τοὺς
3101 3414 3297 3476 ἄθλους
3326 3409 3693 3483 δημοσιεύουο

2110 3538 2183 3574 σι.
2218 3517 2438 3573 Τούτων
2472 3511 2552 3579 εἷς
2599 3516 2714 3567 ἐστι
2753 3512 2848 3565 καὶ
2902 3511 2931 3564 6
2968 3506 3101 3578 ἐμὸς
3151 3502 3482 3574 στεφανίτης
3512 3500 3691 3571 (ἐμὸς

2107 3610 2215 3682 γὰρ
2247 3606 2386 3682 [54],
2415 3607 2465 3660 εἰ
2485 3605 2582 3660 καὶ
2610 3604 2685 3676 μὴ
2707 3603 2838 3674 παρ’
2871 3598 3016 3672 ἐμοὶ,
3049 3596 3297 3650 πιπτέτω
3325 3594 3519 3664 φθόνος
3541 3590 3689 3664 [55],

2108 3702 2273 3757 εἰδόσι
2291 3697 2494 3769 λέγω),
2528 3695 2728 3767 Μάμας
2761 3696 2790 3745 ό
2822 3689 3171 3763 περιϐόητος,
3203 3687 3298 3741 καὶ
3334 3683 3563 3754 ποιμὴν,
3591 3684 3692 3735 καὶ

2115 3794 2355 3866 μάρτυςο
2386 3791 2414 3841 6
2449 3787 2712 3857 πρότερον
2744 3785 2843 3855 μέν
2875 3783 2975 3845 τὰς
3001 3779 3235 3849 ἐλάφους
3274 3776 3528 3848 ἁμέλγων
3552 3789 3694 3828 κατ-

2111 3880 2471 3953 επειγομένας
2507 3877 2773 3948 ἀλλήλων,
2807 3876 2895 3929 ἵνα
2923 3872 3059 3944 ξένῳ
3089 3870 3200 3943 (56)
3241 3869 3474 3938 γάλακτι
3500 3868 3694 3939 τραφῇ

2112 3978 2321 4038 δίκαιος
2341 3991 2353 4003 ·
2386 3972 2480 4027 νῦν
2511 3970 2567 4024 δὲ
2616 3968 2920 4041 ποιμαίνων
2951 3966 3079 4019 λαὸν
3124 3960 3513 4035 μητροπόλεως
3548 3959 3694 4030 (57),

2114 4069 2208 4123 καὶ
2238 4066 2302 4120 τὸ
2330 4064 2430 4136 ἔαρ
2457 4061 2779 4132 ἐγκαινίζων
2812 4061 3050 4132 σήμερον
3076 4058 3198 4119 ταῖς
3230 4054 3450 4118 πολλαῖς
3481 4052 3697 4124 χιλιάσι

2114 4161 2222 4215 τῶν
2256 4158 2593 4229 πανταχόθεν
2619 4155 3007 4226 ἐπειγομένων,
3031 4152 3285 4223 διάφορόν
3319 4149 3431 4221 (58)
3462 4165 3523 4201 τε
3567 4150 3699 4221 ἀρε·

2114 4254 2212 4324 τῆς
2245 4251 2488 4315 κάλλεσι,
2537 4247 2633 4302 καὶ
2677 4247 2932 4318 ποιμέσιν
2986 4242 3158 4311 ἄξιον,
3198 4242 3293 4296 καὶ
3342 4240 3523 4309 λόγοις
3573 4238 3693 4311 (59)

2116 4343 2423 4407 ἐπινικίοις.
2458 4341 2582 4395 ’Έτι
2647 4339 2705 4394 δὲ
2746 4335 3158 4408 συντομώτερον
3208 4336 3406 4400 εἰπεῖν,
3448 4331 3543 4386 νῦν
3591 4331 3699 4405 ἐαρ

505 4548 619 4624 (‘27)
665 4548 1028 4630 Ἐκλύσαρνα.
1086 4542 1340 4626 ,ιὸοῑιιιίβ
1364 4543 1577 4665 Ἥξηῃίε.
1608 4562 1625 4593 ι
1688 4540 1778 4596 Sic
1834 4541 1995 4612 plures

505 4637 600 4665 ιη-
629 4629 683 4665 ιιι
707 4616 859 4665 Coll).
903 4618 995 4665 διο
1026 4624 1190 4665 etiam
1224 4615 1351 4665 1821i.
1426 4612 1584 4665 illius.
1622 4610 1678 4665 In
1712 4612 1824 4665 ed..
1856 4611 1995 4665 ἐλκύ·

2121 4542 2325 4609 refert;
2383 4556 2447 4595 ac
2507 4540 2586 4595 sic
2635 4538 2855 4607 expetiit
2898 4555 2912 4590 :
2958 4535 3142 4604 «Quia
3190 4541 3455 4605 praesente
3489 4532 3697 4588 Basilio

2120 4612 2312 4665 Manno
2351 4611 2493 4665 hanc
2523 4611 2822 4664 orationem
2849 4608 3081 4663 habebat
3108 4605 3420 4665 Gregorius,
3449 4613 3697 4665 propter-

434 4610 612 4691 Βθὶεί
629 4629 683 4674 et
707 4616 859 4691 Coll».
903 4618 995 4691 _Sic
1026 4614 1190 4691 etiam
1224 4615 1351 4685 legit
1373 4610 1584 4667 Billius.
1622 4610 1678 4666 In
1712 4610 2015 4676 εόηέλκύ-

438 4685 601 4754 σασα,
645 4706 664 4740 ι
693 4688 947 4741 detractis
981 4685 1188 4754 pennis.
1214 4702 1232 4736 ι

531 4750 621 4822 τε)
651 4757 721 4812 Τὸ
753 4755 914 4825 μέλι.
945 4750 1036 4809 Sic
1066 4753 1304 4825 quinque
1334 4751 1501 4824 Regg.
1560 4752 1722 4806 Deest
1750 4750 1812 4803 τό
1840 4751 1894 4805 in
1924 4753 2012 4806 ed.

527 4819 617 4900 ‘29)
647 4819 915 4900 mexpr.
941 4819 1133 4900 sane,
1168 4819 1318 4900 ἡδύν.

508 4890 620 4971 (ὅθ)
666 4896 884 4971 Ἡμεῖς.
915 4895 1029 4971 _Sic
1082 4890 1201 4947 tres
1229 4891 1421 4963 Begg.,
1482 4890 1647 4947 Coisl.
1688 4892 1742 4958 l,
1797 4891 2011 4957 Comb.,

438 4966 544 5026 etc.
583 4966 638 5022 l'n
663 4970 771 5031 ed.,
809 4966 987 5032 ὑμεῖς.

470 5112 480 5122 ι
490 5039 626 5164 b(31)
669 5030 1040 5104 Ἀλαλήτοις.
1070 5051 1088 5084 ι
1112 5030 1494 5098 lnelfabilibus,
1525 5032 1789 5088 sermonis
1823 5044 2015 5101 exper-

470 5127 482 5164 I
527 5126 606 5164 IIS.
642 5128 660 5159 ι

444 5120 606 5164 tibus.
642 5128 660 5159 ι

514 5180 626 5250 (52)
657 5174 975 5250 ﬂamonia
999 5171 1290 5250 nopnullis,
1312 5169 1528 5250 πεδίων,ζ

516 5180 605 5250 (52
657 5180 892 5231 Πεδίον.
920 5180 975 5226 ln
999 5180 1290 5235 nonnullis,
1312 5180 1528 5223 πεδίων.

516 5180 627 5320 (55)
655 5241 959 5320 Λαμπροῖςέ
991 5241 1116 5305 τοῖς
1147 5240 1405 5320 βήμασι.
1453 5259 1471 5290 ι
1496 5238 1802 5309 Splendidis
1828 5239 2014 5320 altari-

444 5311 569 5382 bus,
595 5311 620 5370 θ’
648 5311 766 5381 seu,
800 5311 1092 5380 ciedibus,o
1123 5327 1240 5381 quae
1264 5312 1316 5364 in
1354 5320 1645 5382 martyrum
1677 5311 2018 5382 memoriam,

446 5379 564 5444 Deo
621 5379 810 5442 eorum
840 5379 1058 5438 nomine
1088 5379 1402 5436 consecrata
1456 5381 1689 5444 fuerant,
1743 5379 1835 5434 ubi
1863 5394 2019 5434 sacra

444 5473 633 5514 eorum
669 5457 893 5524 pignora
926 5450 1344 5524 erant_c_ondita.

518 5527 632 5597 (⁸54)
668 5517 838 5597 Ἔλιρς
866 5522 998 5593 γάρ.
1024 5539 1073 5597 _c
1098 5521 1246 5597 Meus
1274 5521 1439 5575 enim.
1466 5538 1484 5571 ι
1555 5517 1611 5572 S.
1647 5518 1851 5597 Marnas
1898 5525 2017 5572 erat

444 5588 756 5664 Cappadox]
784 5588 987 5648 idcirco
1015 5591 1305 5664 Gregorius
1335 5610 1352 5640 ι
1383 5606 1538 5643 suum
1562 5609 1583 5664 ρ
1619 5588 1869 5664 appellat.

518 5657 629 5736 (55)
656 5663 921 5736 Πιπτέτω
941 5657 1182 5736 φθόνο-ξ.
1218 5659 1521 5736 acessat
1562 5657 1777 5712 invidia.
1807 5677 1826 5711 ι
1862 5657 2019 5711 Νεοθ-

450 5729 537 5794 tas
587 5729 730 5794 hunc
777 5729 957 5793 locum
992 5735 1060 5790 ad
1117 5731 1379 5788 Basilium
1409 5729 1659 5801 Magnum
1697 5739 2016 5803 praesentem

2120 4605 2319 4683 Magno
2351 4611 2494 4683 hanc
2523 4605 2830 4683 orationem
2849 4605 3420 4683 hancbatﬁrpgurius,
3449 4613 3701 4683 propter-

2118 4697 2181 4737 ea
2209 4674 2377 4736 'scite
2408 4679 2656 4750 adiunxit
2687 4695 2701 4732 :
2744 4696 2763 4731 ι
2789 4677 3069 4750 Facessat_
3092 4674 3292 4750 invidia
3317 4693 3391 4750 :__g
3427 4676 3579 4750 quasi
3611 4676 3700 4727 di-

2118 4764 2268 4806 ceret
2300 4770 2313 4805 :
2347 4750 2425 4804 Ne
2449 4743 2577 4803 mihi
2624 4762 2968 4813 succenseas,
3019 4746 3198 4799 divine
3229 4743 3415 4807 Basili,
3476 4744 3519 4796 si
3547 4746 3698 4813 quod

2121 4832 2267 4875 tuum
2291 4831 2395 4886 est,
2420 4819 2806 4874 benevolentiae
2838 4816 3028 4886 affectu
3054 4815 3184 4869 mihi
3210 4814 3446 4875 vindico.
3476 4828 3688 4867 meum-

2114 4906 2220 4960 que
2250 4884 2518 4944 nomino.)
2557 4887 2690 4942 Vide
2717 4886 2888 4953 Mam,
2918 4904 2971 4940 ιι.
2996 4884 3053 4939 2.

2183 4960 2301 5028 (56)
2331 4959 2513 5024 Ξένῳ.
2551 4958 2704 5022 Sav.,
2736 4958 2795 5010 ἐν
2834 4955 2990 5028 ξένῳ.

2183 4960 2301 5030 (56)
2331 4960 2513 5024 Ξένῳ.
2551 4960 2704 5022 Sav.,
2736 4960 2795 5010 ἐν
2834 4960 2990 5026 ξένῳ.

2116 5101 2129 5112 .
2181 5029 2296 5112 (5.?)
2329 5028 2784 5112 μητρρπόλβωςο
2815 5027 2950 5112 ..νει
3004 5024 3695 5112 Ψιθιΐρνοιὲειι-Εὲεὲτῖἒξη

2114 5093 2391 5225 intelligit,
2412 5093 2511 5154 ubi
2535 5099 2785 5167 pretiosae
2815 5094 2874 5151 S.
2899 5093 3189 5150 Mamantis
3233 5095 3475 5163 reliquiae
3506 5108 3700 5146 serva-

2154 5185 2218 5223 an
2249 5186 2331 5224 ur.

2188 5210 2647 5309 (ΞὲΪΔιάφορον.
2691 5235 2857 5309 Coisl.
2896 5236 2948 5300 1,
3007 5232 3185 5297 Pass.,
3230 5242 3360 5309 etc._,
3397 5230 3699 5301 διαφόροις.

2116 5305 2226 5365 Ver
2252 5305 2537 5378 praestans,
2590 5317 2701 5361 tum
2732 5307 2990 5359 virtutum
3042 5305 3405 5378 ornamentis,
3443 5313 3558 5356 tum
3602 5316 3701 5368 pa-

2117 5373 2360 5505 lstorti'bus
2395 5373 2635 5448 dignum,
2668 5378 2759 5447 qui
2805 5378 2873 5430 ad
2908 5373 3161 5445 martyris
3190 5374 3385 5428 festum
3412 5373 3703 5427 convenie-

2155 5465 2220 5503 an
2254 5488 2265 5502 .

2187 5520 2300 5590 (59)
2330 5521 2561 5588 Λόγοις.
2591 5515 2682 5571 Sic
2721 5526 2830 5590 tres
2852 5514 3043 5590 Regg.,
3092 5511 3489 5590 novem_Col_b.,
3523 5506 3695 5590 {luis}.

2114 5590 2166 5668 l,
2193 5577 2327 5668 etc.
2364 5610 2382 5640 ι
2413 5577 2546 5668 Tum
2572 5577 3062 5668 sermonibus‘e'jus
3093 5585 3367 5668 triumpho
3392 5580 3609 5647 dicatis,
3636 5577 3697 5636 in

2116 5656 2237 5733 ejus
2261 5660 2516 5731 triumphi
2544 5658 2880 5715 memoriam.
2906 5674 2924 5706 ι
2957 5652 3016 5710 lu
3040 5658 3152 5723 ed.,
3178 5653 3356 5722 λόγος.
