3898 6222
349 243 455 300 6‘2!
1278 236 1535 292 ORATtO
1576 233 1736 290 XLV.
1775 265 1845 277 -—
1887 233 1956 289 IN
1997 232 2325 289 SANCTUM
2360 231 2654 288 PASCHA.
3503 229 3612 286 622

349 355 638 428 κοσμικδν,
668 352 768 425 ἔαρ
795 351 1189 424 πνευματικὸν,
1219 349 1320 422 ἔαρ
1346 351 1566 422 ψυχαῖς,
1611 351 1709 425 ἔαρ
1745 352 1888 423 σῶμα

2073 364 2220 413 num,
2257 358 2367 403 tum
2404 346 2744 403 sermonibus
2771 345 2823 399 in
2876 345 3043 414 ipsius
3098 345 3356 415 triumphi
3397 346 3608 403 laudem

350 465 461 512 σιν,
496 446 598 517 ἔαρ
623 442 921 517 ὁρώμενον,
957 442 1057 511 ἔαρ
1084 442 1315 514 ἀόρατον
1334 459 1349 472 ·
1374 436 1435 496 οὗ
1467 443 1720 496 κάκεῖθεν
1767 460 1889 514 μετα

2072 441 2391 496 onsecratis.
2424 440 2622 509 Atque,
2644 449 2700 492 ut
2727 438 3071 507 paucioribus
3091 439 3265 492 adhuc
3289 440 3469 495 verbis
3497 455 3611 496 rem

346 538 612 608 λάϐοιμεν
654 533 891 589 ἐνταῦθα
936 532 1119 597 καλῶς
1173 532 1556 604 ἁμειφθέντες,
1613 534 1707 587 καὶ
1760 551 1885 587 καιν

2067 533 2384 603 omplectar,
2435 547 2579 585 nunc
2616 546 2710 585 ver
2750 529 3100 596 mundanum,
3154 544 3251 584 ver
3307 531 3606 600 spiritualc,

349 629 492 700 πρὸς
520 628 611 680 τὸν
642 620 965 696 καινὸνβίον
993 620 1531 696 παραπεμφθείημεν
1567 624 1700 696 (40),
1728 626 1785 678 ὲν
1806 627 1888 697 Χρ

2072 642 2130 680 er
2154 625 2371 690 animis,
2397 639 2496 678 ver
2527 622 2868 690 corporibus,
2904 637 2999 676 ver
3023 622 3253 688 visibile,
3286 637 3379 678 ver
3425 624 3611 678 invisi-

353 719 469 789 ο·τῷ
518 715 696 789 Ἰησοῦ
744 715 825 786 τῷ
868 715 1061 787 Κυρίῳ
1111 713 1306 785 ήμῶν,
1350 705 1395 781 ᾧ
1450 714 1598 767 πᾶσα
1643 712 1770 779 δόξα
1803 713 1885 784 (41

2074 716 2144 770 ile
2177 734 2190 770 :
2233 729 2340 784 quo
2373 715 2578 768 utinam
2630 715 2681 766 in
2716 714 2888 768 altero
2918 729 3034 769 aevo
3081 714 3371 784 participes
3415 712 3613 769 cilicia-

348 810 509 881 τιμὴ,
542 810 637 862 καὶ
667 806 866 879 κράτος
894 807 991 859 σὺν
1020 804 1158 876 ἁγιῳ
1191 802 1490 874 Πνεύματι,
1523 805 1604 868 εἰς
1626 801 1780 867 δόξαν
1803 803 1887 856 Θε‹

2072 823 2179 871 tur,
2212 806 2542 874 przcclarein
2575 806 2676 858 hac
2706 805 2814 858 vita
2863 804 3075 871 mutati,
3115 819 3178 857 ac
3230 804 3350 856 novi
3400 804 3465 856 ad
3516 817 3611 856 no-

347 904 585 976 Πατρός.
634 903 829 973 Ἀμήν.
1170 916 1179 927 '

2075 914 2156 952 am
2194 900 2360 953 vitam
2392 898 2823 952 trausmittamur
2872 897 2925 950 in
2963 895 3178 952 Christo
3210 896 3336 952 Jesu
3385 895 3614 951 Domino

348 1011 562 1061 cosuo,
589 995 675 1049 cui
707 995 898 1065 gloria,
936 993 1108 1048 honor
1151 1001 1205 1047 et
1253 991 1536 1062 imperium
1587 1005 1709 1046 cum
1744 997 1932 1046 sancto
1962 989 2188 1060 Spiritu,
2218 990 2282 1044 ad
2313 991 2537 1061 gloriam
2562 991 2662 1047 Dei
2694 990 2889 1045 Patris.
2923 989 3114 1046 Amen.

422 1158 537 1230 (40)
559 1163 794 1230 Παρᾳπ.
828 1156 880 1230 In
914 1157 1250 1230 quihusdam,
1280 1153 1823 1230 μεταβε-μεεθξίημεντ
1904 1222 1917 1230 ι

2077 1173 2233 1227 paro;
2264 1156 2492 1230 alga-ob;
2539 1154 2742 1230 αζῶνας
2778 1152 2887 1230 τῷν
2917 1154 3146 1218 αξωνων,
3203 1170 3222 1203 ‹
3245 1151 3327 1206 cui
3361 1149 3527 1219 gloria
3556 1155 3610 1202 et

422 1159 515 1230 (40
565 1163 794 1226 Rapax.
828 1159 880 1210 In
914 1159 1250 1218 quihusdam,
1280 1159 1823 1226 μεταπεμφθεῐημεν.

420 1159 537 1301 (4Ιὲ
559 1223 632 1298 ⁷ῼ
656 1227 824 1283 πᾶσα
853 1227 1022 1292 δόξα,
1053 1237 1157 1281 etc.
1198 1225 1291 1281 Or.
1322 1228 1373 1289 1,
1408 1219 1451 1293 ᾧ
1477 1227 1509 1296 ἡ
1557 1225 1704 1291 δόξα,
1738 1224 1829 1277 καὶ
1871 1222 1932 1275 τὺ

1522 1159 1823 1224 ιφθείημεν.
2036 1173 2233 1227 κράτος
2264 1159 2344 1219 εἰς
2368 1159 2492 1219 τοὺς
2539 1159 2742 1216 αἰῶνας
2778 1159 2887 1206 τῶν
2917 1159 3061 1205 altth

1557 1225 1704 1291 δόξα,
1738 1224 1829 1277 καὶ
1871 1222 1932 1275 τὺ
2035 1227 2320 1296 imperium
2352 1226 2402 1279 in
2435 1225 2630 1279 saecula
2665 1224 3008 1279 saeculorum.
3043 1241 3061 1272 ι

379 1435 3608 1473 ‘W

386 1466 849 1479 —_—..-_——___r

1097 1594 1266 1668 3“
1298 1606 1791 1685 MONITUM
1834 1605 1946 1684 IN
1983 1603 2581 1729 OBATIONEM
2622 1600 2849 1682 XLV.

434 1939 482 1999 l.
534 1938 670 1997 Hac
704 1936 897 1998 altera
937 1958 965 1990 α
990 1937 1054 1997 in
1088 1942 1378 1998 sanctum
1415 1936 1702 1999 Pascna»
1742 1936 2045 2013 inscripta
2082 1938 2394 2008 oratione,
2434 1935 2547 1997 toti
2580 1935 2842 1999 demum
2875 1949 2948 1994 ac
2984 1933 3282 2013 genuina;
3311 1930 3605 2013 Gregorii

350 2015 714 2101 orationum
757 2014 1120 2101 collectioni
1164 2014 1727 2101 finis_imponitur.
1779 2009 2119 2101 Nam_'qu_a_9
2169 2022 2531 2101 sequuntur
2578 2015 2950 2101 orationes,
2994 2009 3142 2073 mox
3179 2012 3247 2074 in
3282 2009 3607 2101 p‘rmviaoet

351 2095 711 2172 unicuique
753 2110 1000 2172 annexa
1046 2089 1508 2172 admonitione,
1548 2093 1713 2172 inter
1764 2089 2346 2172 spuria'Theologi
2383 2110 2610 2172 inpera,
2663 2089 3415 2172 plurimis_argumentis,
3456 2089 3607 2166 reji-

348 2170 622 2235 ciendas‘
645 2171 1083 2246 probabimus.
1118 2171 1188 2232 Id
1220 2178 1432 2232 autem
1485 2171 1675 2233 modo
1712 2171 2003 2233 mirabile
2042 2170 2311 2248 prorsus
2337 2171 2536 2233 videri
2569 2172 2784 2241 debet,
2823 2170 2994 2246 quod
3030 2186 3109 2231 ex
3143 2176 3606 2248 [aptatamque

351 2250 619 2312 miriﬁca
655 2249 945 2325 Gregorii
983 2250 1345 2311 orationum
1379 2249 1570 2324 serie,
1633 2251 1832 2324 prima
1880 2257 1942 2311 et
1991 2246 2214 2312 ultima
2266 2251 2378 2311 «in
2429 2259 2717 2312 sanctum
2754 2247 2990 2310 Pascha
3062 2270 3091 2305 ι»
3145 2246 3602 2316 inscribantur,

351 2330 579 2407 sicque
641 2335 897 2408 caeteras
945 2344 1170 2408 omnes
1208 2327 1951 2408 veluti‘complectantur
2005 2337 2067 2389 et
2124 2327 2688 2408 comprehendant.
2746 2328 3016 2408 Sacrum
3057 2327 3294 2408 etenim
3346 2325 3605 2396 Pascha,

349 2404 526 2486 quod
563 2414 658 2467 ter
685 2406 751 2466 in
787 2405 1222 2486 istaforatione
1258 2406 1342 2484 (η.
1372 2405 1434 2486 2)
1477 2425 1508 2468 a
1541 2406 1866 2486 Theologo
1898 2415 2149 2486 nostro,
2174 2485 2179 2486 ί
2202 2428 2232 2463 α
2258 2404 2324 2468 in
2373 2407 2793 2486 sanctissimae
2841 2404 3191 2486 Trinitatis
3221 2405 3601 2486 honorem,»

350 2482 1054 2564 eleganter_repetitur,
1092 2505 1123 2541 α
1152 2482 1320 2564 est,»
1358 2482 1424 2545 ut
1462 2486 1602 2563 ipse
1634 2482 1944 2564 loquitur,
1976 2506 2005 2540 α
2039 2484 2458 2564 festivitatum
2491 2484 2829 2557 festivitas,
2860 2501 2930 2545 ac
2959 2484 3399 2564 celebritatum
3440 2482 3607 2564 cele-

348 2561 575 2625 britas.
601 2585 631 2618 »
676 2561 1191 2623 Consentaneum
1226 2563 1418 2640 igitur
1448 2561 1602 2634 erat,
1643 2561 1965 2624 ut'tantus
2015 2563 2214 2624 divini
2248 2565 2440 2626 Verbi
2475 2579 2678 2638 praeco
2710 2579 2784 2624 os
2820 2579 3009 2624 suum
3044 2563 3110 2622 in
3149 2562 3309 2621 sacri
3340 2561 3605 2640 Pascha-

352 2641 438 2703 tis
471 2642 723 2703 laudem
756 2641 1035 2719 aperiret
1064 2658 1135 2702 ac
1168 2639 1517 2702 clauderet.
1549 2641 1680 2719 Nec
1717 2642 1975 2714 mirum,
2014 2642 2094 2711 si,
2131 2643 2315 2719 cycni
2366 2643 2592 2715 instar,
2643 2644 2977 2702 suaviores
3028 2640 3094 2701 in
3136 2640 3251 2700 ista
3285 2639 3601 2719 oratione,

353 2738 544 2799 quam
579 2722 640 2780 in
678 2716 902 2797 prima,
943 2736 1138 2781 sonos
1168 2721 1308 2781 edat
1338 2735 1409 2781 ac
1442 2718 1832 2799 moduletur.
1865 2719 1938 2780 In
1968 2716 2183 2799 priori
2217 2737 2539 2799 namque.
2570 2720 2793 2799 paucis
2837 2719 3121 2796 quidem,
3168 2726 3237 2778 ut
3279 2716 3601 2799 vidimus;

352 2795 422 2876 in
454 2798 574 2859 ista
610 2795 781 2872 vero,
814 2805 973 2860 totas
1009 2798 1207 2859 animi
1240 2816 1311 2860 ac
1361 2798 1610 2875 pietatis
1667 2799 1837 2861 vires
1888 2795 2220 2875 colligens,
2261 2795 2587 2876 Paschatis
2631 2795 3003 2876 dignitatem
3054 2807 3114 2856 et
3158 2795 3602 2876 excellentiam

353 2875 582 2937 fusiori
641 2892 938 2954 sermone
992 2872 1416 2939 commendat.
1505 2878 1784 2937 Primum
1840 2872 2069 2954 ipsius'
2099 2893 2333 2938 nomen
2415 2879 2492 2938 ab
2577 2872 2848 2939 Hebraeo
2905 2874 3603 2954 non.ine__derivatum

353 2954 637 3035 ostendit
695 2952 946 3035 (n40),
983 2963 1207 3035 utpote
1241 2955 1696 3035 «transitum,»
1727 2951 2116 3035 significans,
2148 2972 2291 3035 cum
2325 2956 2571 3035 scilicet
2606 2978 2636 3013 at
2666 2974 2741 3017 ex
2772 2951 3603 3035 EgyptoinChananmam

352 3031 1079 3110 regionem'migrarunt
1108 3033 1428 3095 lsraelitte.
1465 3054 1495 3090 »
1542 3031 1868 3112 Deinde'e
1923 3033 2060 3112 lege
2097 3033 2354 3110 scripta,
2402 3054 2472 3096 ac
2522 3034 2834 3112 legalibus
2885 3031 3210 3094 sacriﬁciis
3239 3032 3315 3093 ad
3352 3038 3603 3112 tempus

351 3108 709 3190 concessis,
757 3108 1124 3173 auditorum
1164 3113 1416 3172 animos
1437 3112 1526 3190 ad
1576 3109 1804 3173 altiora
1842 3108 2079 3185 eveh'it,
2123 3108 2365 3189 eosque
2398 3114 2472 3175 ad
2508 3108 2924 3190 Evangelium
2971 3117 3034 3173 et
3083 3113 3156 3171 ad
3210 3126 3392 3190 novae
3422 3108 3605 3190 legis

352 3189 660 3250 sacriﬁcia
691 3190 909 3250 allicit.
966 3190 1134 3251 Hinc
1167 3190 1397 3251 mirum
1432 3188 1505 3268 in,
1533 3190 1791 3268 modum
1831 3191 2159 3268 sapientiae
2211 3188 2324 3251 Dei
2371 3188 2895 3268 profunditatem,
2941 3207 3014 3252 ac
3048 3189 3600 3268 investigabilium

352 3268 983 3348 ipsiusjudiciorum
1028 3268 1282 3348 divitias
1314 3265 1588 3348 extollit.
1621 3267 1844 3341 Qualis
1876 3265 2319 3348 a'utemfuerit
2366 3265 2586 3348 legalis
2632 3286 2859 3348 agnus,
2907 3269 3093 3348 ipse,
3153 3265 3601 3348 allegoriarum

350 3345 875 3426 ope,iin_geniose
906 3347 1132 3426 aperit,
1164 3355 1223 3409 et
1252 3347 1326 3426 ad
1364 3345 1712 3426 Christum,
1745 3363 1966 3426 verum
2018 3347 2243 3426 utique
2274 3345 2534 3424 agnu'm,
2586 3345 2910 3425 eleganter
2934 3345 3391 3426 accommodat.
3429 3346 3602 3426 Mox,

350 3425 533 3485 brevi
584 3424 745 3486 facta
804 3425 1255 3502 mysteriorum
1308 3424 1421 3485 Dei
1455 3425 1991 3506 enumeratione,
2055 3424 2462 3506 peramanter
2499 3424 2829 3506 exclamat
2887 3430 2976 3500 (η.
3003 3426 3110 3506 30)
3139 3445 3155 3485 :
3189 3446 3219 3506 ᾳ
3256 3424 3311 3486 O
3339 3424 3601 3506 Pascha,

353 3519 654 3579 magnum
690 3511 753 3563 et
781 3520 1030 3564 sacrum
1062 3506 1323 3577 Pascha,
1358 3503 1684 3580 totiusque
1738 3505 1960 3564 mundi
2010 3503 2327 3580 piaculum
2358 3506 2453 3569 l...
2479 3504 2534 3567 Ο
2568 3504 2849 3566 Verbum
2899 3505 3013 3565 Dei
3038 3503 3133 3566 l...
3195 3503 3357 3564 hanc
3411 3504 3603 3565 velim

354 3581 739 3654 orationem,
775 3598 900 3641 non
934 3592 999 3642 ut
1031 3582 1366 3659 primitias,
1399 3583 1509 3641 sed
1552 3590 1620 3641 ut
1652 3595 1995 3642 extremam
2020 3582 2291 3644 fortasse
2325 3585 2716 3646 oblationem
2760 3590 3038 3644 nostram
3073 3582 3337 3645 habeas!
3373 3604 3403 3638 »

434 3660 517 3719 ll.
566 3659 753 3720 Heu!
817 3660 1088 3721 nimium
1129 3678 1274 3723 vere
1308 3660 1406 3738 his
1442 3659 1681 3730 verbis,
1727 3660 1828 3720 sui
1880 3661 2164 3738 corporis
2216 3662 2710 3724 dissolutionem
2761 3661 3103 3723 imminere
3154 3659 3606 3738 praenuntiavit

351 3736 418 3798 S.
455 3740 709 3819 Doctor.
744 3738 884 3800 Non
924 3740 1097 3819 enim
1122 3740 1234 3800 diu
1282 3736 1435 3801 huic
1465 3739 1738 3819 orationi
1771 3737 2091 3817 superfuit
2144 3738 2241 3819 vir
2286 3743 2622 3803 sanctitate
2659 3745 2720 3803 et
2757 3740 3125 3819 eloquentia
3155 3736 3606 3815 praestantissi-

354 3832 526 3888 mus,
581 3817 767 3895 cujus
800 3817 1081 3894 profecto
1111 3819 1251 3878 dies
1295 3819 1373 3881 ad
1410 3815 1667 3897 multos
1698 3815 1910 3897 annos
1948 3816 2232 3897 protrahi
2278 3819 2853 3882 desiderassemus.
2881 3815 2991 3879 Ἐἰ
3050 3826 3247 3888 certe,
3307 3818 3604 3897 quamvis

356 3898 552 3975 modo
592 3893 1206 3975 m‘agnam‘suscepti
1242 3895 1477 3975 oneris
1501 3901 1739 3971 partem
1784 3914 1862 3975 ex
1896 3893 2182 3975 humeris
2205 3897 2631 3975 deponamus,
2663 3915 2827 3975 aegre
2860 3903 3069 3959 tamen
3106 3893 3603 3975 tantos'tamque

351 3974 649 4052 salubres
698 3971 950 4052 pietatis
981 3992 1055 4035 ac
1085 3971 1391 4036 doctrinas
1429 3971 1599 4052 rivos
1640 3974 2025 4036 claudimus.
2074 3971 2385 4036 Caeterum
2439 3993 2517 4038 ex
2559 3971 2753 4038 dictis
2798 3977 3212 4037 manifestum
3262 3983 3381 4046 est,
3439 3971 3605 4033 hanc

352 4050 714 4133 orationem
746 4058 1029 4114 extrema
1056 4053 1360 4133 Gregorii
1392 4050 1537 4112 vitae
1577 4058 1882 4133 te_mpora_
1900 4062 2215 4133 spectare.
2257 4054 2399 4126 Quo
2429 4064 2644 4116 autem
2680 4057 2941 4133 praecise
2987 4071 3156 4116 anno
3189 4053 3604 4133 pronuntiata

350 4128 589 4209 fuerit,
613 4130 676 4191 id
712 4138 885 4192 certo
919 4131 1105 4194 nobis
1134 4128 1602 4209 aﬂirmarenon
1639 4128 1810 4193 licet.
1841 4128 2234 4209 Conjieimus
2264 4143 2472 4195 tamen
2511 4133 2589 4195 ad
2620 4128 2859 4196 annum
2890 4134 3011 4195 385
3051 4128 3346 4194 collecari
3388 4133 3602 4209 pnsse,

351 4208 639 4289 triennio
672 4208 929 4289 circiter
960 4218 1299 4289 antequam
1333 4229 1368 4273 e
1406 4207 1570 4269 vivis
1620 4210 1977 4272 excederet.
2011 4208 2195 4289 Quod
2245 4227 2396 4273 vero
2431 4211 2510 4272 ad
2549 4213 2758 4273 locum
2807 4218 3071 4287 spectat,
3104 4211 3341 4272 Nicetes
3375 4207 3601 4289 asseu-

352 4287 573 4368 ti‘mur.
607 4287 715 4348 Ait
745 4287 915 4348 enim
938 4287 1350 4368 Gregdrium,
1408 4294 1596 4368 apost
1628 4304 1817 4349 suum
1856 4304 1944 4368 ex
1973 4288 2127 4349 urbe
2151 4289 2705 4368 ConstantinOpoli
2747 4291 3042 4365 reditum,
3064 4289 3227 4368 hanc
3248 4288 3599 4368 orationem

352 4365 675 4448 elaborate
694 4366 1151 4448 conscriptam,
1174 4364 1428 4448 Aperianzi
1458 4364 2117 4448 845_pronuptias_s_e.
2148 4388 2178 4424 »
2204 4368 2305 4429 Sic
2339 4368 2541 4448 etiam,
2566 4364 2783 4448 censet
2816 4364 3041 4429 Billius
3075 4367 3221 4448 (E2),
3256 4375 3317 4448 et
3347 4367 3604 4448 adnotat

353 4444 663 4525 mendose
694 4442 818 4520 legi
850 4445 918 4503 in
951 4442 1168 4507 codice
1200 4445 1483 4522 Regium,
1513 4442 1907 4525 é'v'NaCtathiJ-
1956 4464 1987 4500 at
2013 4445 2232 4524 Neque
2280 4446 2479 4519 enim,
2528 4447 2767 4525 inquit,
2802 4448 2964 4508 hanc
2990 4442 3215 4508 urbem
3249 4444 3601 4525 Gregorius

355 4522 666 4599 praedium
732 4531 1065 4601 paternum
1124 4530 1489 4585 vocasset.»
1554 4524 1626 4582 In
1659 4522 1905 4601 codice
1956 4538 2104 4583 vero
2131 4522 2278 4601 ‘quo
2308 4522 2940 4601 utebatur‘scriptum
3002 4534 3134 4586 erat
3182 4522 3472 4595 Ἀζιανζῷι
3524 4527 3606 4581 At

352 4598 791 4682 ignoratquis
821 4599 1094 4662 litteram
1141 4626 1171 4664 ν
1216 4598 1724 4682 superposuerit,
1752 4616 1895 4682 cum
1932 4598 2194 4682 minime
2230 4602 2598 4665 hmc'littera
2633 4598 2985 4682 supplenda
3018 4612 3212 4677 esset,
3242 4600 3603 4682 sedpotius

354 4677 568 4740 littera
612 4677 742 4743 C'in
809 4695 842 4750 ρ
890 4677 1358 4741 commutanda.
1396 4677 1739 4742 Arianzum
1778 4678 1957 4740 enim
1991 4678 2170 4741 locus
2199 4688 2328 4742 erat
2377 4698 2506 4742 non
2561 4677 2833 4745 multum
2885 4700 2918 4743 a
2950 4682 3270 4743 Nazianzo
3307 4678 3602 4751 dissitus,

352 4755 432 4838 i_t_)_
460 4757 842 4838 qugvillam
875 4758 1576 4838 habebat_Theologus,
1610 4756 2156 4838 quemadmodum
2183 4765 2452 4820 testatur
2491 4760 2839 4837 Gregorius
2892 4762 3222 4838 presbyter
3278 4759 3341 4818 in
3392 4756 3602 4838 ipsius

361 4834 523 4914 Vita.
555 4836 734 4897 Unde
768 4853 893 4897 non
931 4836 1250 4898 immerito
1289 4834 1686 4914 colligimus,
1724 4835 1982 4914 Arianzi
2016 4835 2295 4898 habitam
2323 4838 2527 4899 fuisse
2556 4834 2718 4902 hanc
2751 4834 3104 4901 orationem
3140 4852 3307 4898 anno
3349 4835 3604 4898 circiter

356 4913 500 4975 385.
533 4914 894 4993 Notandum
927 4922 1248 4992 superest,
1280 4918 1408 4977 duo
1440 4913 1793 4993 insigniora
1826 4913 2017 4993 hujus
2047 4915 2356 4977 orationis
2394 4916 2532 4978 loca
2568 4935 2645 4980 ex
2673 4918 2964 4980 oratione
3001 4917 3318 4978 tricesima
3356 4924 3600 4986 octava,

359 4993 483 5071 ain
519 4991 753 5054 Christi
785 4991 1217 5071 Nativit’atem,
1250 5016 1278 5051 ιο
1341 4994 1534 5055 verbo
1583 4991 1662 5054 ad
1714 4991 1978 5071 Verbum
2022 4993 2357 5071 desumpta
2407 4993 2636 5057 fuisse.
2698 4998 2917 5058 Utrum
2977 5003 3188 5056 autem
3249 4993 3308 5053 id
3365 4993 3599 5054 factum

354 5069 550 5209 Euerilt
580 5072 659 5132 ab
691 5072 830 5211 igso
872 5068 1212 5210 Grlegorio,
1243 5089 1322 5135 an
1353 5071 1844 5136 amanuensium
1877 5068 2537 5152 incuriacontigerit,
2591 5091 2856 5154 prorsus
2888 5074 3283 5152 ignoramus.
3326 5073 3397 5133 in
3433 5071 3601 5132 notis

401 5164 491 5210 (ec
542 5166 715 5211 ocao
766 5168 941 5211 serva
997 5166 1184 5211 imus.

401 5164 491 5210 (BC
523 5164 652 5211 loca
679 5164 1184 5212 ODSBI‘VilblmUS.

425 5338 540 5412 με)
563 5343 689 5415 Arg.
727 5346 784 5399 in
809 5345 940 5404 hanc
977 5344 1303 5402 Orationem.
