3898 6222
333 291 440 346 625

751 601 1134 680 ORATIO
1168 603 1434 679 XLVa.

812 775 878 832 In
909 787 1148 832 sanctum
1178 778 1405 834 Pascha.

401 913 438 965 I.
467 911 636 981 Super
654 912 946 964 custodiam
971 928 1138 965 meam
1162 913 1332 976 stabo,
1359 911 1530 980 inquit
1551 913 1899 968 admirandus

328 1003 577 1058 llabacuc
603 1004 641 1056 ³.
683 1004 791 1073 Ego
822 1019 1037 1072 quoque
1068 1019 1189 1056 cum
1223 1005 1341 1072 ipso
1389 1005 1566 1069 hodie,
1609 1007 1732 1060 data
1768 1008 1896 1061 mihi

330 1112 426 1166 per
457 1095 716 1165 Spiritum
753 1106 998 1150 sanctum
1020 1104 1287 1165 potestate
1317 1111 1382 1151 ac
1415 1099 1890 1168 contemplatione,

327 1188 482 1256 quasi
507 1203 537 1241 e
564 1187 781 1256 specula
803 1187 1090 1257 diligenter
1116 1187 1436 1252 observabo,
1467 1198 1520 1242 et
1543 1205 1752 1244 mecum
1784 1191 1898 1260 ipse

326 1281 703 1344 considerabo,
734 1281 986 1348 quidnam
1036 1281 1166 1334 mihi
1219 1283 1575 1348 spectandum
1629 1299 1897 1354 propone-

327 1383 433 1436 tur,
463 1382 516 1426 et
539 1373 666 1441 quid
700 1374 928 1427 dicetur.
960 1373 1025 1425 Et
1052 1373 1200 1435 steti,
1265 1388 1328 1428 ac
1377 1375 1684 1442 speculatus
1732 1392 1848 1430 sum
1876 1395 1890 1432 :

323 1473 377 1517 et
426 1477 552 1518 ecce
596 1464 680 1517 vir
718 1465 911 1518 sedens
962 1479 1126 1532 super
1176 1466 1366 1532 nubes,
1433 1475 1595 1535 atque
1654 1469 1740 1522 hic
1775 1484 1894 1536 per-

324 1569 484 1623 quam
524 1555 807 1619 sublimis;
837 1566 894 1608 et
932 1553 1097 1608 facies
1132 1553 1268 1621 ejus,
1304 1565 1362 1608 ut
1405 1556 1569 1612 facies
1597 1558 1804 1627 angeli;
1838 1568 1893 1613 et

324 1646 554 1700 amictus
601 1645 738 1712 ejus,
801 1654 859 1699 ut
905 1645 1164 1714 splendor
1195 1647 1424 1717 fulguris
1448 1648 1802 1705 discurrentis
1831 1650 1886 1717 ⁸;

1566 292 1623 346 S.
1661 291 1986 350 GRECORII
2026 292 2369 349 TREOLOGI

1924 784 1974 842 Δ

2215 96 2276 132 //

2075 131 2214 220 /.//

2497 600 2854 686 ΛΟΓΟΣ
2921 598 3124 689 ΜΕ.

2385 785 2488 847 Εἰς
2520 784 2586 838 τὸ
2620 783 2788 854 ἅγιον
2813 784 2925 855 (45)
2952 785 3185 854 Πάσχα.

2071 911 2150 965 Α’.
2193 914 2318 966 Ἐπὶ
2363 914 2475 984 τῆς
2515 916 2800 984 φυλακῆς
2837 936 2955 987 μου
2995 920 3316 990 στήσομαι,
3350 925 3515 996 φησὶν
3548 923 3582 976 ὁ

2001 1004 2298 1075 θαυμάσιος
2340 1007 2649 1080 Ἀϐὁακούμ
2677 1011 2814 1081 (44).
2849 1012 3018 1080 Κάγὼ
3060 1015 3174 1083 μετ’
3207 1015 3372 1068 αὑτοῦ
3404 1019 3581 1089 σήμε-

2001 1115 2111 1168 ρον,
2145 1100 2241 1169 τῆς
2269 1099 2554 1170 δεδομένης
2600 1119 2687 1171 μοι
2728 1102 2880 1173 παρά
2917 1104 3011 1156 τοῦ
3060 1103 3378 1174 Πνεύματος
3424 1106 3583 1172 ἐξου-

1998 1187 2118 1250 σίας
2147 1189 2240 1240 καὶ
2268 1187 2498 1258 θεωρίας
2517 1230 2531 1254 ,
2563 1189 2658 1242 καὶ
2700 1189 3098 1243 ἀποσκοπεύσω
3143 1191 3238 1242 καὶ
3269 1191 3580 1262 γνώσομαι,

1995 1279 2047 1330 τί
2089 1277 2416 1348 ὀφθήσεται,
2449 1280 2541 1332 καὶ
2583 1281 2636 1332 τί
2678 1280 3042 1351 λαληθήσεταί
3086 1299 3194 1352 μοι.
3236 1283 3345 1335 Καὶ
3387 1282 3578 1353 ἔστην,

1994 1369 2089 1420 καὶ
2114 1369 2517 1422 ἁπεσκόπευσαο
2549 1371 2643 1423 καὶ
2673 1371 2778 1424 ἰδοὺ
2809 1373 2948 1442 ἀνὴρ
2978 1372 3319 1442 ἐπιϐεϐηκὼς
3343 1375 3436 1425 ἐπὶ
3463 1373 3582 1428 τῶν

1993 1461 2248 1528 νεφελῶν,
2295 1464 2387 1515 καὶ
2433 1459 2586 1525 οὗτος
2627 1463 2829 1534 ὑψηλὸς
2880 1465 3115 1535 σφόδρα·
3161 1466 3257 1518 καὶ
3297 1467 3330 1536 ἡ
3383 1467 3582 1535 ὅρασις

1993 1552 2188 1616 αὑτοῦ,
2222 1554 2296 1616 ὡς
2337 1555 2525 1626 ὅρασις
2558 1555 2812 1623 ἀγγέλου·
2858 1557 2953 1608 καὶ
3001 1558 3033 1626 ή
3079 1556 3241 1626 στολὴ
3278 1557 3467 1620 αὐτοῦ,
3495 1557 3582 1622 ὡς

1993 1645 2193 1713 φέγγος
2236 1647 2521 1716 ἀστραπῆς
2566 1647 2920 1718 διερχομένης
2963 1648 3104 1716 (45)·
3144 1649 3236 1701 καὶ
3269 1650 3442 1720 ὲπῆρε
3474 1648 3578 1720 τὴν

320 1750 376 1795 et
411 1741 606 1794 extulit
635 1755 855 1794 manum
905 1756 1054 1793 suam
1106 1741 1170 1794 ad
1211 1742 1497 1805 orientem,
1552 1751 1606 1795 et
1640 1741 1876 1795 clamavi:

1991 1737 2147 1805 χεῖρα
2179 1735 2341 1788 αὐτοῦ
2368 1737 2486 1788 κατ’
2512 1735 2793 1799 ἀνατολὰς,
2819 1736 2914 1789 καὶ
2939 1736 3130 1808 ἐϐόησε
3155 1739 3303 1806 φωνῇ
3335 1737 3575 1808 μεγάλῃ.

319 1845 454 1886 voce
489 1846 702 1899 magna.
739 1829 854 1883 Vox
889 1829 1025 1897 ejus,
1079 1839 1138 1882 ut
1193 1845 1294 1884 vox
1346 1830 1589 1884 buccina:
1647 1846 1662 1895 ;
1723 1839 1777 1884 et
1833 1830 1876 1884 in

1991 1825 2142 1896 Φωνὴ
2177 1826 2361 1890 αὑτοῦ,
2392 1827 2466 1890 ὡς
2497 1827 2646 1899 φωνὴ
2677 1827 3004 1896 σάλπιγγος·
3036 1829 3129 1880 καὶ
3164 1828 3348 1898 κύκλῳ
3377 1828 3574 1889 αὐτοῦ,

318 1921 548 1976 circuitu
600 1919 739 1987 ejus,
787 1920 942 1988 quasi
997 1918 1289 1974 multitudo
1322 1920 1561 1972 emlestis
1591 1920 1876 1981 exercitus1

1991 1914 2063 1978 ὡς
2099 1916 2302 1986 πλῆθος
2352 1917 2602 1989 οὐρανίου
2656 1921 2950 1990 στρατιᾶς,
2995 1921 3088 1973 καὶ
3126 1913 3278 1972 εἴπεο
3318 1921 3578 1990 Σήμερον

320 2022 375 2067 et
404 2011 758 2067 dixitzllodie
782 2011 926 2065 salus
952 2011 1171 2076 mundo,
1212 2021 1318 2064 tam
1351 2011 1572 2074 visibili,
1603 2026 1762 2082 quam
1807 2012 1876 2065 in-

1993 2007 2235 2077 σωτηρία
2260 2007 2337 2076 τῷ
2366 2007 2576 2079 κόσμῳ,
2609 2009 2732 2073 ὅσος
2764 2027 2822 2062 τε
2857 2010 3079 2080 ὁρατὸς,
3115 2011 3210 2063 καὶ
3239 2011 3360 2073 ὅσος
3396 2011 3574 2081 ἀόρα-

321 2106 539 2161 visibili.
569 2104 816 2160 Christus
845 2118 912 2158 ex
947 2105 1179 2158 mortuis
1208 2121 1221 2167 ;
1265 2103 1426 2158 simul
1468 2105 1693 2172 surgite.
1723 2103 1876 2158 Chri-

1991 2115 2094 2160 τος.
2131 2101 2364 2169 Χριστὸς
2397 2102 2462 2152 ἐκ
2504 2101 2734 2172 νεκρῶν,
2783 2102 3189 2172 συνεγείρεσθεο
3221 2101 3455 2173 Χριστὸς
3489 2103 3576 2166 είς

317 2209 433 2253 stus
478 2198 544 2251 ad
571 2213 719 2262 sese;
753 2197 940 2250 redite.
969 2196 1217 2251 Christus
1247 2211 1313 2250 ex
1341 2195 1623 2264 sepulcro;
1675 2198 1876 2266 peccati

1991 2188 2179 2241 ἑαυτὸν
2209 2189 2339 2259 (46),
2370 2191 2736 2261 ὲπανὲρχεσθε
2756 2208 2770 2222 ο
2813 2192 3046 2263 Χριστὸς
3074 2193 3138 2244 ἐκ
3170 2192 3373 2260 τάφων,
3413 2191 3574 2244 ἐλευ-

321 2287 546 2340 vinculis
568 2285 868 2340 solvarnini.
902 2285 1076 2339 Portte
1107 2284 1263 2340 inferi
1291 2285 1631 2354 aperiuntur,
1653 2295 1708 2338 et
1737 2299 1876 2338 mors

1991 2280 2258 2352 θερώθητε
2309 2282 2418 2335 τῶν
2463 2283 2676 2354 δεσμῶν
2725 2284 2823 2355 τῆς
2877 2285 3173 2356 ἁμαρτίας.
3220 2284 3392 2337 Πύλαι
3436 2284 3572 2355 ᾅδου

318 2377 674 2446 opprimitur,
735 2383 787 2430 et
829 2385 980 2430 vetus
1024 2377 1197 2429 Adam
1251 2376 1561 2444 deponitur,
1609 2385 1664 2430 et
1712 2389 1884 2429 novus

316 2469 622 2538 perficitur;
666 2470 712 2524 si
761 2483 880 2537 qua:
912 2482 1049 2522 nova
1080 2467 1134 2521 in
1171 2467 1390 2522 Christo
1420 2479 1693 2530 creatura,
1726 2482 1884 2522 reno-

311 2559 528 2612 vemini.
562 2557 688 2612 Haec
711 2557 925 2626 quidem
957 2556 1072 2626 ipse
1099 2556 1357 2610 dicebat:
1399 2557 1474 2611 illi
1519 2568 1697 2612 autem
1740 2559 1879 2612 idem

313 2649 598 2712 canebant,
647 2649 791 2716 quod
827 2657 971 2714 ante,
1011 2663 1135 2702 cum
1169 2649 1421 2703 Christus
1465 2649 1620 2703 nobis
1659 2664 1752 2718 per
1775 2659 1882 2703 ter-

311 2755 494 2795 renam
543 2742 881 2794 nativitatem
935 2742 1229 2808 apparuit:
1285 2740 1470 2795 Gloria
1502 2743 1558 2796 in
1585 2742 1868 2796 altissimis

312 2829 444 2897 Deo,
473 2841 520 2885 et
561 2833 617 2884 in
660 2841 796 2885 terra
837 2845 961 2898 pax,
998 2833 1054 2884 in
1087 2833 1384 2886 hominibus
1410 2834 1546 2887 bona
1575 2833 1811 2887 voluntas
1832 2833 1874 2885 ⁵.

309 2919 442 2974 Cum
493 2919 689 2990 quibus
741 2921 854 2988 ipse
907 2935 1122 2989 quoque
1170 2919 1313 2974 inter
1355 2936 1450 2975 vos
1502 2921 1617 2975 haec
1650 2922 1874 2991 loquor;

309 3020 472 3078 atque
516 3009 720 3062 utinam
782 3022 965 3061 vocem
1027 3007 1284 3077 angelicae
1343 3021 1530 3075 parem
1585 3009 1874 3077 accipiam,

306 3099 474 3172 846
520 3113 821 3168 omnesque
873 3099 1022 3154 orbis
1069 3104 1229 3152 terrae.
1281 3099 1416 3152 fines
1469 3097 1878 3154 circumsonan-

308 3201 438 3245 tem.

375 3279 442 3338 ll.
482 3279 688 3335 Pascha
740 3278 973 3344 Domini,
1022 3278 1252 3341 Pascna,
1311 3278 1615 3347 iterumque
1663 3282 1869 3336 :ascha

307 3373 504 3436 dicam,
551 3373 605 3426 in
637 3372 893 3426 honorem
928 3371 1233 3425 Trinilatis.
1270 3369 1394 3424 Haec
1419 3371 1572 3425 nobis
1605 3372 1870 3427 festivita-

1985 2372 2314 2439 ἀνοίγονται,
2350 2373 2446 2426 κα)⁸
2484 2372 2710 2436 θάνατος
2749 2375 3105 2438 καταλύεται,
3143 2377 3237 2428 καὶ
3273 2377 3302 2428 ὁ
3336 2376 3573 2440 παλαιὸς

1997 2463 2167 2532 Ἀδὰμ
2187 2463 2502 2518 ἀποτίθεται
2525 2465 2656 2536 (47),
2686 2467 2778 2518 καὶ
2801 2468 2828 2518 ὁ
2849 2466 2968 2529 νέος
2992 2467 3208 2537 συμπλη
3219 2467 3403 2538 ροῦται
3427 2467 3567 2537 (48)·

1983 2555 2036 2606 sl.’
2063 2571 2145 2617 τις
2170 2555 2228 2606 ὲν
2259 2553 2479 2625 Χριστῷ
2505 2553 2664 2626 καινὴ
2693 2555 2890 2621 κτίσις,
2915 2555 3346 2620 ἀνακαινίζεσθε.
3381 2557 3572 2611 Ταῦτα

1982 2647 2010 2697 ὁ
2054 2645 2151 2715 μὲν
2193 2645 2396 2714 ἔλεγεν·
2435 2648 2483 2699 οἱ
2523 2645 2580 2698 δὲ
2617 2645 2906 2716 ἀνύμνουν,
2955 2648 3092 2718 ὅπερ
3133 2649 3226 2700 καὶ
3275 2648 3566 2720 πρότερον,

1981 2735 2144 2806 ἡνίκα
2175 2738 2307 2806 ἡμῖν
2351 2736 2596 2806 ἐπεφάνη
2636 2737 2868 2808 Χριστὸς
2905 2737 2995 2790 διὰ
3037 2739 3136 2809 τῆς
3179 2739 3329 2792 κάτω
3369 2741 3570 2813 γεννή-

1982 2844 2138 2891 σεως,
2165 2829 2246 2891 τὸ,
2279 2828 2433 2892 Δόξα
2459 2829 2528 2881 ἐν
2557 2829 2842 2896 ὑψίστοις
2883 2829 3034 2895 Θεῷ,
3075 2831 3172 2883 καὶ
3213 2832 3310 2884 ἐπὶ
3340 2831 3456 2900 γῆς
3479 2835 3568 2886 εί-

1973 2919 2154 2987 ρήνη,
2199 2921 2273 2973 ἐν
2314 2919 2647 2988 ἀνθρώποις
2684 2920 2945 2974 εὐδοκία.
2991 2922 3125 2975 Μεθ’
3159 2917 3234 2976 ὧν
3276 2924 3370 2977 καὶ
3401 2925 3567 2989 αὐτὸς

1979 3014 2038 3063 ἐν
2087 3012 2216 3082 ύμῖν
2245 3010 2420 3065 ταῦτα
2453 3011 2795 3081 φθέγγομαιο
2824 3012 2908 3083 εἴη
2947 3013 3004 3066 δὲ
3035 3014 3129 3066 καὶ
3166 3015 3348 3084 φωνὴν
3375 3015 3564 3068 λαϐεῖν

1976 3105 2075 3173 τῆς
2114 3102 2413 3172 ἀγγελικῆς
2466 3102 2652 3170 ἀξίαν,
2702 3104 2796 3158 καὶ
2847 3105 3026 3158 πάντα
3071 3106 3445 3177 περιηχοῦσαν
3490 3106 3564 3160 τὰ

1980 3195 2216 3264 πέρατα.
3041 3243 3044 3246 .

2046 3287 2120 3340 B'.
2148 3288 2342 3357 Πάσχα
2372 3287 2598 3359 Κυρίου,
2628 3289 2842 3358 Πάσχα,
2877 3290 2971 3343 καὶ
3013 3291 3173 3344 πάλιν
3207 3292 3316 3361 ἐρῶ
3344 3291 3555 3362 Πάσχα,

1975 3382 2108 3450 τιμῇ
2141 3380 2250 3450 (49)
2279 3381 2380 3450 τῆς
2413 3380 2660 3451 Τριάδος.
2687 3381 2834 3450 Αὕτη
2869 3382 3070 3452 ἑορτῶν
3099 3386 3230 3454 ἡμῖν
3258 3384 3440 3455 ἑορτὴ,
3465 3385 3562 3438 καὶ

307 3474 418 3517 tum
446 3463 728 3528 festivitas,
749 3473 800 3517 et
821 3463 1188 3517 celebritatum
1211 3462 1520 3526 celebritas,
1547 3473 1694 3519 tanto
1717 3475 1876 3520 caete-

1991 3472 2287 3541 πανήγυρις
2325 3471 2716 3544 πανηγύρεων,
2756 3473 3006 3527 τοσοῦτον
3051 3475 3425 3546 ὑπεραίρουσα
3452 3475 3558 3529 πά-

305 3557 382 3608 ris
408 3553 680 3617 omnibus,
722 3568 827 3606 non
883 3552 1053 3606 solum
1109 3553 1358 3608 humanis
1384 3561 1439 3606 et
1469 3568 1499 3608 e
1526 3557 1674 3608 terra
1705 3557 1870 3620 ortis,

303 3647 398 3700 sed
427 3645 494 3699 iis
521 3647 708 3708 etiam,
747 3659 866 3713 quae
910 3643 1076 3712 ipsius
1119 3642 1322 3698 Christi
1374 3655 1523 3709 sunt,
1551 3659 1616 3699 ac
1649 3657 1872 3714 propter

302 3738 476 3806 ipsum
557 3735 919 3799 celebrantur,
973 3735 1241 3803 superior,
1307 3744 1509 3802 quanto
1567 3739 1646 3790 sol
1698 3735 1880 3792 stellas

301 3827 595 3882 antecellit.
645 3825 912 3880 Praeclara
961 3825 1176 3893 quidem
1207 3825 1359 3879 nobis
1393 3840 1608 3895 quoque
1639 3827 1738 3882 fuit
1773 3827 1875 3881 he-

302 3926 484 3970 sterna
523 3913 768 3969 candida:
800 3913 964 3967 vestis
1003 3927 1068 3966 ac
1115 3911 1375 3966 luminum
1426 3915 1658 3981 gestatio
1691 3915 1875 3986 (quam

300 4009 550 4078 privatim
583 4007 737 4077 juxta
783 4005 1102 4075 publiceque
1150 4005 1477 4073 peregimus,
1510 4021 1670 4062 omne
1704 4023 1872 4078 genus

301 4097 578 4151 hominum
621 4095 813 4160 ferme,
867 4105 1028 4164 atque
1058 4110 1250 4150 omnes
1287 4096 1602 4165 magistratu
1627 4107 1680 4150 et
1702 4099 1870 4168 digni-

301 4199 410 4241 late
460 4189 726 4259 insignes,
780 4187 932 4256 largo
989 4188 1112 4255 igne
1163 4196 1376 4240 noctem
1428 4188 1866 4262 collustrantes),

299 4293 660 4347 magnumque
699 4277 826 4331 illud
883 4277 1059 4329 lumen
1109 4275 1374 4344 referens,
1428 4279 1595 4346 quod,
1640 4281 1724 4333 vel
1752 4295 1864 4334 caa-

299 4369 406 4420 lum
441 4370 626 4423 orbem
679 4369 988 4422 universum
1033 4367 1276 4422 siderum
1313 4383 1532 4422 suorum
1565 4370 1870 4440 pulchritu-

299 4460 421 4512 dine
467 4459 760 4521 illustrans,
806 4473 1036 4525 superne
1083 4459 1239 4512 nobis
1290 4457 1514 4526 trajicit,
1568 4460 1649 4514 vel
1681 4477 1870 4532 super.

364 4553 387 4584 ³
418 4553 619 4608 Hahae.
653 4569 713 4617 ιι,
749 4554 798 4606 1.
875 4553 898 4584 ⁸
932 4550 1139 4606 Nahum
1175 4568 1234 4617 ιι,
1293 4552 1348 4605 4.
1431 4553 1451 4583 ⁵
1481 4552 1612 4610 Luc.
1659 4571 1720 4622 ιι,
1779 4559 1862 4614 14.

366 4687 398 4745 ειί
420 4673 566 4745 Alias
598 4671 758 4745 XLII.
802 4670 933 4745 Quae
981 4683 1157 4745 autem
1190 4670 1259 4724 45
1291 4679 1440 4745 erat,
1477 4688 1618 4745 nunc
1673 4677 1870 4745 episto~
1901 4681 1949 4740 ο

297 4746 346 4798 ia
377 4744 504 4798 9.43.
527 4771 598 4782 —
629 4741 819 4795 Habita
845 4741 1062 4794 Arianzi
1090 4755 1232 4792 anno
1258 4740 1473 4794 circiter
1506 4742 1630 4796 585.

367 4813 476 4883 (45)
524 4814 747 4882 Ἅγνων.
800 4811 961 4864 Deest
1005 4811 1056 4862 in
1099 4809 1228 4878 Reg.
1271 4812 1362 4877 ph,
1409 4811 1636 4880 aliisque
1687 4813 1858 4883 pluri-

352 4901 389 4934 IS

336 4904 415 4937 IIS.

368 4953 477 5023 (44)
515 4951 867 5018 ’Λεϐακούμ.
899 4951 1030 5003 Rea.
1066 4949 1159 5015 ph,
1202 4948 1296 5002 0r.
1333 4949 1357 5001 1
1397 4960 1450 5002 et
1479 4949 1693 5015 Comb.,
1741 4954 1870 5023 Ἀμ.

296 5022 461 5074 ϐακού
473 5040 528 5074 υ..

367 5040 528 5092 κουμ.

365 5095 476 5159 (45)
501 5090 912 5158 Διερχομένης.
965 5107 983 5140 ‹
1011 5087 1389 5161 Discurrentis.
1424 5106 1443 5138 ι
1518 5087 1608 5143 Sic
1642 5091 1867 5161 Vulgata

297 5172 348 5214 et
371 5157 629 5214 Nobilius.
658 5157 777 5214 Bill.
816 5178 834 5210 ι
863 5157 1356 5228 ρθτιταηεθυιιιίε.)

364 5231 476 5299 (46)
505 5230 757 5304 Χριστὸς
780 5225 1125 5304 εέξέιιυτόν,
1153 5235 1258 5280 etc.
1283 5225 1542 5304 Nicetas:
1579 5247 1595 5279 ι
1622 5229 1868 5304 Christus

298 5301 363 5353 ad
395 5315 512 5354 sese
540 5301 715 5354 rediit.
742 5319 760 5349 ι
797 5299 949 5364 Quod
975 5309 1269 5364 exponens,
1301 5299 1544 5365 adjungit
1585 5318 1598 5350 :
1635 5317 1654 5350 ι
1681 5302 1731 5353 id
1756 5313 1856 5362 est,

297 5374 365 5422 ad
391 5369 684 5422 divinitatis
713 5384 824 5422 sua:
851 5367 1252 5436 amplitudinem
1277 5375 1330 5418 et
1352 5367 1701 5434 dignitatem;
1731 5384 1860 5436 qua,

299 5447 516 5508 propter
550 5438 1025 5508 dispensationem,
1055 5437 1118 5489 ad
1148 5438 1398 5508 exiguum
1429 5445 1638 5505 tempus
1662 5441 1862 5508 spolia-

300 5503 583 5576 tus'atque
612 5503 919 5560 exinanitus
976 5507 1173 5576 fuerat.
1236 5503 1502 5576 Receptus
1542 5503 1764 5570 autem,
1795 5511 1861 5562 ad

297 5574 572 5630 dexteram
605 5576 781 5630 Patris
806 5580 1067 5631 consedit.
1121 5574 1311 5646 Redite
1345 5575 1508 5643 igitur
1529 5591 1623 5630 vos
1649 5593 1864 5646 quoque

295 5649 362 5698 ad
398 5657 630 5699 veterem
661 5649 1001 5714 splendorem
1050 5655 1104 5701 et
1164 5645 1499 5713 dignitatem,
1555 5664 1620 5702 ac
1667 5645 1863 5704 divina:

295 5716 542 5788 imaginis
572 5717 757 5771 decus.
783 5737 801 5768 ι

1989 3579 2104 3626 σας,
2146 3564 2206 3615 ού
2247 3564 2345 3626 τὰς
2382 3565 2732 3635 ἀνθρωπικὰς
2781 3566 2939 3636 μόνον
2987 3567 3080 3619 καὶ
3113 3567 3285 3637 χαμαὶ
3328 3567 3558 3638 ἐρχομέ-

1981 3655 2214 3726 νας(50),
2231 3657 2342 3710 ἀλλ’
2364 3658 2463 3728 ἤδη
2497 3660 2590 3711 καὶ
2605 3658 2704 3722 τὰς
2719 3659 2880 3712 αὐτοῦ
2902 3659 3137 3728 Χριστοῦ
3167 3658 3261 3711 καὶ
3288 3659 3372 3710 ἐπ’
3409 3659 3556 3730 αὐτῷ

1977 3747 2323 3818 τελουμένας,
2355 3751 2476 3803 ὅσον
2519 3750 2756 3820 ἀστέρας
2790 3751 2958 3822 ἥλιος.
2990 3749 3145 3821 Καλὴ
3186 3751 3284 3820 μὲν
3319 3750 3430 3823 (51)
3463 3752 3556 3804 καὶ

1977 3840 2010 3909 ὴ
2051 3838 2178 3908 χθὲς
2223 3841 2354 3910 ἡμῖν
2395 3840 2780 3914 λαμπροφορία
2813 3841 2923 3912 (52)
2964 3842 3056 3894 καὶ
3097 3840 3450 3909 φωταγωγία,
3487 3840 3553 3910 ἣν

1980 3929 2085 4000 ἰδία
2110 3947 2170 3982 τε
2215 3933 2310 3985 καὶ
2349 3931 2580 4005 δημοσίᾳ
2612 3933 3092 4004 συνεστησάμεθα,
3123 3933 3232 3984 πᾶν
3277 3932 3430 3999 γένος
3460 3932 3552 3984 ἀν-

1973 4019 2204 4088 θρώπων
2233 4021 2428 4092 μικροῦ
2454 4023 2546 4074 καὶ
2576 4023 2703 4088 ἀξία
2730 4025 2898 4086 πᾶσα,
2935 4022 3146 4091 δαψιλεῖ
3170 4020 3246 4090 τῷ
3287 4020 3420 4090 πυρὶ
3452 4020 3552 4090 τὴν

1971 4110 2140 4164 νύκτα
2181 4113 2646 4181 καταφωτίζοντες
2685 4114 2818 4183 (55),
2857 4116 2946 4167 καὶ
2989 4114 3081 4167 τοῦ
3111 4113 3346 4184 μεγάλου
3376 4111 3552 4180 φωτὸς

1970 4199 2280 4267 ἀντίτυπος,
2317 4203 2440 4256 ὅσον
2479 4221 2536 4256 τε
2581 4205 2806 4276 οὐρανὸς
2855 4203 3057 4259 ἄνωθεν
3092 4205 3422 4274 φρυκτωρεί,
3456 4201 3548 4254 κό-

1966 4307 2107 4361 ¹σμον
2143 4293 2261 4346 ὅλον
2307 4294 2417 4363 (54)
2458 4295 2711 4363 αὐγάζων
2742 4299 2856 4358 τοῖς
2888 4295 3018 4366 παρ’
3065 4294 3258 4347 ἑαυτοῦ
3306 4293 3544 4360 κάλλεσι,

1970 4382 2062 4434 καὶ
2105 4382 2227 4434 ὅσον
2279 4384 2700 4454 ὑπερουράνιον,
2749 4383 2806 4436 ἕν
2848 4400 2906 4436 τε
2947 4383 3197 4452 ἀγγέλοις
3236 4384 3303 4452 τῇ
3356 4381 3544 4454 πρώτῃ

1970 4476 2202 4544 φωτεινῇ
2237 4474 2395 4543 φύσει
2432 4475 2570 4545 μετὰ
2601 4475 2698 4546 τὴν
2733 4474 2986 4546 πρώτην,
3012 4474 3090 4545 τῷ
3129 4473 3336 4527 ἐκεῖθεν
3369 4473 3546 4544 πηγά-

2047 4680 2577 4750 (4Ἱ),Ἀποτίθεται.
2630 4679 2762 4748 Reg.
2817 4681 2926 4740 bm,
2982 4677 3350 4750 ἀποτέθειται.
3396 4677 3541 4729 Allu-

1975 4749 2134 4803 ditad
2163 4751 2276 4804 haec
2299 4752 2536 4818 Apostoli
2573 4753 2730 4802 verba
2786 4750 2924 4816 Eph.
2960 4764 3034 4811 ιν,
3073 4749 3144 4801 22
3178 4767 3191 4802 :
3225 4765 3242 4797 ι
3269 4749 3542 4813 Deponere

1971 4834 2067 4872 vos
2095 4821 2386 4872 secundum
2423 4820 2702 4884 pristinam
2729 4820 3215 4883 conversationem,
3241 4837 3258 4869 ι
3300 4825 3404 4870 etc.

1969 4959 2013 5012 Β
2042 4889 2161 5011 (48))
2177 4888 2286 4942 Καὶ
2322 4892 2354 4942 ό
2382 4889 2518 4955 νέος
2544 4887 3020 4958 συμπληροῦται.
3078 4887 3202 4941 Haec
3239 4889 3433 4942 desunt
3482 4887 3539 4942 in

2019 4974 2100 5012 ea.
2168 4975 2238 5012 m.

2019 4974 2100 5012 eu.
2131 4962 2238 5012 bm.

2039 4976 2350 5097 (‘29))"7Iiyﬁ.
2385 5026 2475 5098 Sic
2506 5029 2683 5096 plures
2723 5027 2889 5098 Regg.
2918 5028 2976 5081 In
3012 5027 3122 5089 ed.,
3154 5028 3310 5098 τιμή.

2039 5095 2150 5168 (50)
2179 5095 2367 5166 Χάμαὶ
2389 5095 2744 5168 ρρχὸμένας.
2792 5095 2878 5149 (Ε
2913 5109 3054 5150 terra
3101 5095 3254 5161 ortis,
3276 5095 3533 5166 originem

1968 5166 2306 5222 dueentibus.
2332 5185 2349 5216 ι
2386 5166 2502 5220 ΒιΙΙ.
2545 5187 2562 5218 ι
2591 5169 2734 5221 humi
2766 5169 2972 5220 deﬁxis.
3001 5185 3019 5218 ι

2041 5238 2151 5306 (51)
2189 5236 2333 5289 Μέν.
2367 5237 2551 5290 Plures
2574 5237 2727 5291 codd.
2765 5238 2979 5298 addunt,
3002 5233 3096 5289 οὖν

2033 5307 2143 5376 (52)
2189 5309 2634 5374 Λαμπροερορία.
2695 5326 2712 5356 ι
2737 5307 2988 5360 Candida:
3025 5307 3191 5360 ve'stis
3241 5307 3486 5374 gestatio.
3511 5324 3531 5359 ι

1963 5377 2164 5448 Allndit
2192 5376 2280 5448 hic
2302 5378 2595 5448 Gregorius
2633 5376 2697 5430 ad
2731 5377 2986 5429 candidas
3027 5377 3415 5448 neophytorum
3452 5393 3532 5430 ve-

1964 5459 2092 5500 stes.
2128 5445 2246 5498 Bill.
2285 5464 2302 5495 ι
2331 5446 2526 5498 facium
2555 5457 2608 5500 et
2637 5448 2894 5498 luminum
2925 5449 3173 5515 gestatio.
3198 5445 3218 5498 ί

2035 5517 2146 5584 (55)
2179 5515 2709 5583 Καταφωτίζοντες.
2760 5515 2818 5570 In
2875 5517 3166 5584 nonnullis,
3232 5519 3531 5585 καταφωτίο

1966 5603 2176 5648 σαντες.

2035 5657 2148 5726 (54)
2179 5657 2373 5710 Ὄλον.
2407 5655 2500 5712 Sic
2528 5655 2684 5710 codd.
2721 5656 2775 5710 ln
2803 5655 2916 5712 ed..
2949 5656 3111 5719 ὅλων.ι
