3898 6222
331 247 441 300 623

1267 245 1522 300 ORATIO
1560 242 1725 298 X-LV.
1765 277 1832 286 ——
1873 243 1936 298 IN
1979 243 2304 299 SANCTUM
2343 243 2634 300 PASCHA.

3494 253 3601 309 6‘26

331 361 524 428 ςεσθαι
556 362 703 432 (55),
751 362 845 416 κα)⁸
891 362 1015 415 ὅσον
1065 362 1122 412 ὲν
1169 364 1234 432 τῇ
1281 362 1500 433 Τριάδι,
1545 365 1674 435 παρ’
1717 359 1784 435 ἧς
1815 361 1928 432 φῶς

2037 360 2257 416 caeleste
2279 369 2384 422 est,
2437 368 2549 412 tum
2597 359 2648 412 in
2686 359 2912 429 angelis,
2957 375 3074 429 quae
3108 362 3278 430 prima
3323 377 3446 432 post
3488 371 3602 436 pri-

331 455 482 508 ἅπαν
513 453 867 522 συνέστηκεν,
913 451 972 516 ἐξ
1012 450 1309 523 ἀμερίστου
1352 453 1530 521 φωτὸς
1568 452 1922 524 μεριζόμενον

332 548 430 598 καὶ
460 544 770 615 τιμώμενον
797 544 931 616 (56).
958 542 1204 597 Καλλίων
1246 543 1302 596 δὲ
1336 547 1369 614 ὴ
1403 546 1664 617 σήμερον,
1705 546 1798 599 καὶ
1824 561 1920 597 πε-

335 634 722 706 ριφανεστέρα.
751 633 904 704 Ὅσῳ
944 633 1070 703 χθὲς
1120 634 1217 703 μὲν
1252 633 1558 705 πρόδρομον
1594 629 1662 704 ἦν
1698 632 1790 686 τοῦ
1827 649 1921 702 με·

332 727 502 796 γάλου
531 727 707 795 φωτὸς
732 725 1090 794 ἀνισταμένου
1112 725 1173 776 τὸ
1202 724 1338 792 φῶς,
1364 725 1455 778 καὶ
1479 719 1589 778 οἷον
1615 722 1919 794 εὐφροσύνη

331 835 422 882 τις
472 817 807 889 προεόρτιος.
854 818 1102 887 Σήμερον
1154 816 1212 869 δὲ
1264 816 1362 886 τὴν
1409 815 1704 870 ἀνάστασιν
1754 813 1920 885 αὐτὴν

333 911 668 980 ἑορτάζομεν
691 950 706 974 ,
732 910 834 962 οὐκ
866 908 944 961 ἔτι
986 907 1374 978 ἐλπιζομένην,
1415 908 1529 961 ἀλλ’
1563 908 1665 979 ήδη
1691 923 1919 976 γεγενη-

337 1001 509 1070 μένην
534 999 670 1070 (57),
698 1000 794 1053 καὶ
827 998 1030 1068 κόσμον
1067 998 1186 1052 ὅλον
1212 1001 1378 1070 ἑαυτῇ
1406 999 1763 1066 συνάγουσαν.
1793 997 1922 1050 Ἀλ-

332 1093 429 1155 λος
457 1092 554 1162 μὲν
576 1087 668 1145 οὖν
696 1091 822 1146 ἀλλο
846 1109 900 1146 τι
928 1090 1006 1160 τῷ
1030 1090 1207 1163 καιρῷ
1232 1091 1667 1162 καρποφορείτω,
1697 1091 1790 1144 καὶ
1821 1090 1921 1143 δω-

334 1184 638 1254 ροφορείτω
673 1184 784 1254 (58)
823 1182 995 1255 δῶρον
1042 1183 1268 1255 ὲόρτιον,
1313 1183 1345 1254 ἢ
1380 1183 1603 1254 μικρὸν,
1643 1183 1676 1253 ἦ
1715 1181 1917 1253 μεῖζον,

330 1273 445 1326 τῶν
473 1274 858 1344 πνευματικῶν
893 1293 952 1327 τε
993 1275 1086 1327 καὶ
1121 1275 1239 1345 Θεῷ
1267 1275 1468 1344 φίλων,
1494 1276 1641 1338 ὅπως
1683 1273 1749 1327 ἀν
1791 1274 1918 1327 ἕκα-

334 1383 463 1428 στος
511 1365 609 1436 ἔχῃ
651 1365 954 1436 δυνάμεως.
998 1367 1109 1437 Τῆς
1152 1366 1262 1438 γὰρ
1305 1367 1496 1432 ἀξίας,
1546 1365 1698 1438 μόλις
1734 1366 1800 1420 ἂν
1827 1366 1918 1420 καὶ

331 1455 560 1525 ἄγγελοι
591 1457 827 1526 τύχοιεν,
859 1458 908 1509 οί
938 1457 1168 1530 πρῶτοι,
1195 1459 1289 1512 καὶ
1319 1460 1513 1530 νοεροὶ,
1549 1458 1645 1512 καὶ
1667 1457 1918 1530 καθαροὶ,

332 1548 432 1602 καὶ
463 1548 575 1618 (59)
601 1547 700 1618 τῆς
727 1550 838 1602 ἄνω
869 1548 1026 1620 δόξης
1059 1550 1290 1603 ἐπόπται
1319 1552 1414 1604 καὶ
1445 1551 1742 1622 μάρτυρες·
1765 1551 1920 1624 εἴπερ

333 1639 432 1690 καὶ
481 1638 690 1700 τούτοις
738 1639 800 1691 τὸ
856 1640 966 1693 πᾶν
1017 1641 1239 1709 ἐφικτὸν
1297 1641 1407 1712 (60)
1463 1642 1562 1713 τῆς
1614 1643 1918 1715 ὑμνήσεως.

2024 467 2169 504 mam
2219 449 2395 503 lucida
2424 459 2614 502 natura
2646 458 2729 504 est
2764 451 2910 519 (nam
2943 451 3091 507 illinc
3121 453 3460 523 splendorem
3489 467 3599 512 tra-

2028 542 2224 608 hunt);
2277 550 2388 594 tum
2432 541 2485 594 in
2525 541 2637 608 ipsa
2674 541 2962 610 Trinitate,
2994 558 3023 596 a
3055 559 3159 612 qua
3214 545 3393 601 l-umen
3440 564 3601 604 omne

2032 633 2350 699 productum
2377 639 2481 695 est,
2507 630 2575 684 ab
2601 629 2918 686 indivisibili
2948 632 3151 687 lumine
3180 634 3412 690 divisum
3439 648 3603 708 atque

2021 722 2373 778 honoratum.
2401 721 2472 776 At
2507 723 2773 780 hodierna
2805 724 3120 792 praeclarior
3139 736 3199 782 et
3228 729 3599 791 excellentior.

2023 813 2158 868 Nam
2207 814 2521 869 hesternum
2574 814 2754 869 lumen
2789 819 2966 886 magni
2994 817 3139 872 illius
3170 819 3387 875 luminis
3411 837 3602 877 exsur—

2021 907 2196 976 gentis
2226 907 2584 976 przenuntium
2607 917 2746 974 erat,
2777 921 2841 962 ac
2872 907 3036 964 veluti
3072 910 3315 978 profesta
3354 916 3598 982 quaedam

2023 998 2329 1051 animorum
2374 997 2638 1067 voluptas.
2687 999 2857 1054 Hodie
2907 1010 3086 1054 autem
3128 1002 3299 1070 ipsam
3359 1019 3600 1059 resurre-

2024 1090 2262 1144 ctionem
2303 1089 2664 1156 celebramus,
2716 1107 2824 1147 non
2869 1093 2977 1163 jam
3010 1094 3060 1148 in
3095 1110 3188 1164 spe
3214 1096 3466 1163 positam,
3507 1099 3600 1152 sed

2021 1182 2128 1250 iam
2169 1192 2369 1248 ortam,
2413 1185 2783 1252 mundumque
2836 1193 3008 1240 totum
3054 1185 3159 1240 sibi
3204 1186 3598 1241 conciliantem.

2023 1271 2316 1329 Enimvero
2356 1274 2496 1328 alius
2527 1272 2672 1327 aliud
2701 1274 2956 1342 quiddam
3002 1276 3125 1329 huic
3165 1277 3391 1345 tempori
3418 1276 3600 1341 donet,

2024 1377 2087 1418 ac
2111 1380 2305 1419 munus
2333 1363 2585 1419 festivum
2610 1364 2819 1426 oﬂ‘erat,
2845 1365 2927 1419 vel
2944 1381 3188 1435 parvum,
3216 1367 3299 1421 vel
3329 1381 3602 1434 magnum,

2023 1454 2181 1508 modo
2227 1455 2531 1525 spirituale,
2581 1456 2799 1525 Deoqne
2847 1467 3080 1526 gratum,
3108 1459 3472 1528 unusquisque
3503 1472 3602 1527 pro

2021 1546 2220 1599 virium
2249 1561 2469 1600 suarum
2501 1548 2730 1602 ratione.
2765 1547 2900 1603 Nam
2932 1550 3147 1618 dignum
3182 1566 3377 1606 munus
3402 1549 3600 1606 offerre

2028 1637 2120 1692 vix
2156 1637 2260 1707 ipsi
2287 1651 2505 1708 quoque
2528 1640 2706 1710 angeli
2741 1641 2973 1711 possint,
3006 1641 3105 1706 illi,
3135 1642 3382 1709 inquam,
3417 1643 3597 1712 primi,

345 1729 538 1801 Ἡμεῖς
567 1733 624 1785 δὲ
659 1731 816 1800 λόγον
850 1733 1176 1803 εἰσοίσομεν,
1211 1727 1286 1788 ὧν
1319 1733 1515 1805 ἔχομεν
1543 1735 1604 1788 τὸ
1640 1735 1922 1790 κάλλιστόν

2036 1740 2080 1784 et
2117 1729 2504 1802 intelligentes,
2537 1745 2592 1786 et
2619 1733 2760 1801 puri,
2784 1747 3142 1802 supernmque
3165 1734 3348 1804 gloriae
3381 1744 3596 1802 specta—

332 1841 397 1875 τε
435 1824 531 1876 καὶ
570 1822 935 1894 τιμιώτατον,
965 1824 1140 1886 ἄλλως
1175 1841 1234 1878 τε
1267 1825 1362 1878 καὶ
1399 1824 1570 1894 Λόγον
1607 1826 1920 1896 ὑμνοῦντες,

333 1913 426 1965 ἐπ’
456 1913 748 1985 εὐεργεσίᾳ
775 1914 872 1984 τῆς
907 1914 1132 1985 λογικῆς
1169 1913 1408 1983 φύσεως.
1445 1913 1712 1986 Ἀρξομαι
1753 1915 1811 1967 δὲ
1841 1917 1926 1969 ὲν»

332 2001 550 2060 τεῦθεν.
590 2005 724 2060 Οὐδὲ
770 2007 879 2077 γὰρ
924 2006 1222 2076 ἀνέχομαι,
1252 2007 1380 2070 τοὺς
1406 2006 1654 2078 περὶτοῦ
1688 2007 1924 2077 μεγάλου

333 2094 580 2167 θύματος
614 2096 709 2149 καὶ
748 2099 849 2168 τῆς
885 2096 1148 2167 μεγίστης
1175 2097 1397 2168 ήμερῶν
1437 2097 1578 2151 θύων
1603 2097 1816 2167 λόγους,
1853 2100 1926 2172 μὴ

337 2188 482 2260 πρὸς
536 2189 669 2242 Θεὸν
715 2188 1049 2262 ἀναδραμεῖν
1074 2229 1090 2252 ,
1135 2189 1390 2243 κάκεῖθεν
1446 2190 1775 2260 ποιήσασθαι
1828 2191 1927 2262 τὴν

333 2283 538 2354 ἀρχήν.
566 2281 672 2334 Καί
712 2299 804 2352 μοι
837 2281 1150 2354 καθήρασθε
1180 2282 1274 2336 καὶ
1312 2281 1460 2349 νοῦν,
1490 2283 1586 2337 καὶ
1618 2283 1807 2354 ἀκοὴν,
1837 2285 1929 2337 καὶ

333 2375 602 2441 διάνοιαν,
629 2377 742 2429 ὅσοι
774 2377 1018 2447 τρυφᾶτε
1047 2375 1116 2428 τὰ
1141 2373 1364 2428 τοιαῦτα
1393 2375 1606 2447 (ἐπειδὴ
1641 2377 1769 2448 περὶ
1794 2376 1928 2430 Θεοῦ

337 2463 441 2517 καὶ
471 2463 613 2528 θεῖος
643 2466 670 2518 ό
697 2464 900 2534 λόγος),
946 2465 1012 2518 ἵν’
1045 2464 1319 2536 ἀπέλθητε
1357 2467 1732 2537 τρυφήσαντες
1763 2466 1930 2530 ὅντως

335 2553 412 2606 τά
449 2552 524 2624 μὴ
557 2552 877 2624 κενούμενα,
912 2555 1105 2607 Ἔσται
1131 2553 1187 2607 δὲ
1222 2557 1250 2608 ὁ
1273 2553 1434 2616 αὐτὸς
1463 2553 1834 2625 πληρέστατὸς
1869 2571 1928 2607 τε

337 2643 463 2714 ἅμα
489 2644 584 2696 καὶ
631 2643 1061 2714 συντομώτατος,
1093 2643 1169 2706 ὡς
1204 2644 1342 2714 μήτε
1385 2642 1464 2714 τῷ
1501 2643 1671 2698 ἐνδεεί
1706 2642 1925 2708 λυπεῖν,

340 2735 488 2805 μήτε
515 2734 688 2806 ἀηδὴς
710 2729 849 2788 εἶναι
874 2733 964 2788 διὰ
992 2734 1084 2788 τὸν
1113 2735 1274 2806 κόρον
1300 2732 1435 2804 (61).

2023 1829 2186 1886 tores,
2263 1835 2326 1875 ac
2378 1830 2577 1888 testes;
2630 1823 2675 1876 si
2727 1833 2903 1878 tamen
2955 1824 3041 1880 his
3087 1841 3300 1894 quoque
3351 1828 3603 1882 omnibus

2025 1910 2266 1965 numeris
2315 1912 2560 1966 absoluta
2615 1911 2709 1967 Dei
2751 1913 2986 1970 laudatio
3033 1931 3290 1978 concessa
3339 1927 3444 1973 est.
3493 1918 3602 1973 Nos

2031 2013 2211 2058 autem
2271 2019 2602 2069 sermonem,
2660 2022 2766 2076 quo
2824 2023 2921 2063 nec
2977 2010 3253 2078 pulchrius
3309 2013 3601 2082 quidquam

2027 2093 2318 2161 habemus,
2359 2112 2460 2152 nec
2492 2101 2859 2167 praestantius,
2893 2101 3272 2168 conferemus;
3303 2105 3602 2173 prasertim

2029 2184 2269 2241 Verbum
2320 2188 2626 2257 laudantes,
2656 2191 2727 2247 ob
2757 2191 3102 2260 beneﬁcium,
3145 2196 3288 2263 quod
3319 2196 3386 2249 ab
3424 2210 3488 2250 eo
3535 2196 3603 2249 ad

2032 2285 2284 2333 naturam
2337 2282 2553 2337 ratione
2598 2291 2838 2337 utentem
2881 2283 3180 2354 profectum
3210 2293 3311 2340 est.
3350 2283 3486 2341 Hinc
3511 2300 3608 2339 au-

2036 2380 2144 2425 tem
2179 2371 2460 2426 exordiar.
2493 2371 2698 2427 Facere
2723 2374 2868 2427 enim
2894 2389 3126 2443 nequeo,
3155 2375 3283 2443 quin
3314 2374 3379 2428 de
3414 2389 3606 2445 magna

2033 2461 2273 2527 victima,
2308 2469 2361 2514 et
2388 2461 2474 2515 die
2505 2462 2744 2516 omnium
2766 2463 2974 2517 dierum
3011 2465 3270 2527 maximo,
3292 2472 3593 2529 sermones,

2026 2551 2258 2606 victima:
2299 2551 2584 2622 cujusdam
2627 2553 2816 2620 instar,
2870 2551 3126 2618 oﬂ'erens,
3187 2554 3254 2608 ad
3301 2555 3469 2610 Deum
3512 2571 3608 2610 ex-

2027 2657 2269 2708 curram,
2303 2651 2469 2712 atque
2497 2643 2646 2698 illinc
2681 2644 2966 2698 exordium
3005 2645 3218 2699 ducam.
3269 2645 3345 2700 Ac
3380 2661 3500 2711 vos,
3549 2657 3610 2699 et

2025 2744 2282 2800 mentem,
2315 2745 2369 2790 et
2392 2750 2570 2802 aures,
2608 2744 2664 2790 et
2693 2736 3028 2791 intellectum
3058 2747 3403 2809 perpurgate,
3442 2737 3606 2809 847

339 2827 525 2895 quiin
583 2825 887 2895 hujusmodi
941 2827 1105 2882 rebus
1155 2825 1380 2881 delicias
1441 2825 1647 2896 positas
1700 2823 1909 2881 habetis
1948 2825 2405 2895 (quandoquidem
2468 2827 2535 2882 de
2606 2827 2738 2894 Deo,
2767 2843 2832 2883 ac
2874 2829 3054 2882 divina
3085 2841 3168 2884 est
3224 2833 3339 2886 haec
3376 2831 3607 2902 oratio),

339 2926 404 2970 ut
433 2917 577 2972 veris
605 2917 834 2983 deliciis,
871 2932 976 2971 non
1005 2923 1186 2972 autem
1216 2917 1682 2980 evanescentibus,
1706 2916 1903 2985 expleti
1943 2917 2260 2974 discedatis.
2327 2918 2444 2974 Erit
2517 2929 2697 2974 autem
2739 2922 2916 2975 oratio
2955 2931 3139 2976 nostra
3189 2922 3350 2976 simul
3386 2933 3442 2977 et
3483 2924 3600 2993 ple-

339 3009 594 3077 nissima,
641 3020 696 3065 et
729 3010 1205 3072 contractissima;
1267 3015 1325 3062 ut
1378 3022 1477 3063 nec
1528 3006 1599 3062 ob
1642 3006 1911 3064 defectum
1944 3009 2171 3064 molesta
2237 3010 2330 3075 sit,
2365 3026 2462 3067 nec
2483 3012 2553 3068 ob
2582 3013 2921 3067 saturitatem
2948 3014 3163 3068 taedium
3197 3013 3405 3071 afferat.

416 3101 492 3156 1'".
527 3102 659 3166 Θεὸς
681 3099 749 3174 ἦν
778 3103 877 3173 μὲν
901 3101 987 3156 ἀεὶ
1012 3101 1146 3174 (62),
1171 3101 1266 3154 καὶ
1291 3099 1431 3165 ἔστι,
1458 3099 1554 3155 καὶ
1585 3098 1757 3153 ἔσται·
1791 3101 1928 3171 μᾶλ-

2107 3103 2194 3159 lll.
2238 3104 2380 3158 Deus
2419 3114 2474 3159 et
2517 3119 2731 3176 semper
2753 3119 2894 3171 erat,
2937 3118 2991 3164 et
3018 3117 3121 3174 est,
3155 3118 3211 3163 et
3240 3111 3376 3177 erit;
3410 3111 3514 3178 vel,
3553 3124 3612 3167 ut

341 3201 438 3251 λον
480 3196 573 3262 δὲ,
609 3195 782 3248 ἐστιν
835 3194 922 3248 ἀεί
967 3193 1101 3266 (6'5).
1144 3194 1217 3248 Τὸ
1271 3193 1381 3266 γάρ
1433 3189 1534 3264 ἦν,
1586 3193 1679 3247 καὶ
1730 3192 1932 3257 ἔσται,

341 3288 443 3344 τοῦ
491 3287 612 3341 καθ’
653 3288 803 3358 ἡμᾶς
832 3285 1025 3357 χρόνου
1072 3286 1369 3356 τμήματα,
1419 3285 1516 3337 καὶ
1555 3283 1654 3354 τῆς
1705 3284 1933 3354 ῥευστῆς

345 3380 596 3451 φύσεωςσ
641 3379 670 3431 ὁ
707 3377 766 3431 δὲ
798 3377 884 3431 ὢν
924 3376 1042 3443 ἀεὶ,
1082 3376 1178 3431 καὶ⁵
1221 3375 1378 3430 τοῦτο
1411 3375 1574 3439 αὐτὸς
1607 3374 1796 3429 ἑαυτὸν
1818 3375 1937 3428 ὀνο-

348 3470 538 3544 μάζει,
570 3468 649 3540 τῷ
681 3470 906 3523 Μωῦσεῖ
932 3467 1285 3540 χρηματίζων
1312 3468 1405 3521 ἐπὶ
1438 3466 1532 3520 τοῦ
1565 3466 1745 3539 ὅρους.
1779 3467 1938 3520 Ὅλον

347 3566 461 3638 γὰρ
505 3567 565 3619 ὲν
608 3563 788 3635 ἑαυτῷ
822 3563 1100 3618 συλλαϐὼν
1145 3563 1259 3635 ἔχει
1289 3563 1350 3618 τὸ
1393 3559 1554 3629 εἶναι,
1599 3564 1733 3635 μήτε
1771 3562 1938 3633 ἀρξά-

351 3675 552 3730 μενον,
604 3657 741 3728 μήτε
783 3655 1160 3726 παυσόμενον,
1212 3651 1322 3710 οἷόν
1370 3675 1424 3710 τι
1475 3656 1708 3724 πέλαγος
1752 3653 1938 3718 οὐσίας

349 3751 578 3821 ἄπειρον
621 3749 717 3804 καὶ
747 3749 995 3822 ἀόριστον
1014 3791 1030 3818 ,
1059 3751 1239 3803 πᾶσαν
1268 3749 1678 3822 ὑπερεκπίπτον
1708 3747 1937 3811 ἔννοιαν,

353 3841 449 3894 καὶ
497 3841 713 3912 χρόνου,
757 3840 853 3894 καὶ
895 3840 1140 3910 φύσεως
1185 3840 1261 3911 νῷ
1310 3840 1456 3912 μόνῳ
1496 3838 1940 3910 σκιαγραφούμε-

352 3952 444 3998 νος
472 3934 606 4006 (64),
644 3935 740 3988 καὶ⁵
762 3934 936 4004 τούτῳ
976 3933 1095 3987 λίαν
1122 3931 1378 4004 ἀμυδρῶς
1420 3933 1516 3986 καὶ
1559 3931 1812 4003 μετρίως,
1841 3931 1940 3983 οὐκ

351 4030 421 4080 ἐκ
465 4027 576 4080 τῶν
615 4027 734 4080 κατ’
780 4027 939 4081 αὑτὸν
970 4027 1110 4098 (65),
1145 4026 1258 4080 ἀλλ’
1304 4025 1370 4078 ἐκ
1419 4024 1529 4078 τῶν
1578 4023 1706 4094 περὶ
1755 4023 1937 4086 αὐτὸν,

352 4117 522 4189 ἄλλης
566 4118 627 4182 ἐξ
667 4117 827 4172 ἄλλου
877 4117 1177 4187 φαντασίας
1223 4114 1619 4186 συλλεγομένης
1641 4154 1656 4178 ,
1689 4115 1770 4177 εἰς
1805 4112 1863 4165 ἓν
1888 4130 1941 4165 τι

351 4209 456 4280 τῆς
487 4209 748 4282 ἀληθείας
779 4210 1029 4281 ῐνδαλμα,
1058 4210 1188 4280 πρὶν
1221 4207 1559 4279 κρατηθῆναι
1591 4206 1814 4276 φεῦγον,
1848 4205 1943 4258 καὶ

355 4301 489 4373 πρὶν
541 4301 800 4374 νοηθῆναι
843 4301 1255 4372 διαδιδράσκονο
1308 4299 1546 4353 τοσαῦτα
1599 4297 1942 4369 περιλάμπον

428 4420 450 4452 ⁶
476 4419 648 4475 Exod.
677 4437 736 4476 ιιι
797 4421 864 4476 15
888 4436 970 4476 sa.

2032 3196 2229 3250 rectius
2257 3194 2480 3264 loquar,
2535 3210 2750 3266 semper
2793 3207 2890 3252 est.
2940 3197 3072 3253 Nam
3111 3209 3221 3252 crat
3257 3209 3309 3255 et
3344 3202 3462 3269 erit,
3511 3205 3612 3259 hu-

2028 3287 2119 3356 jus
2166 3289 2337 3343 nostri
2385 3290 2664 3360 temporis,
2712 3290 2979 3360 ﬂuxaeque
3031 3300 3086 3344 et
3133 3293 3351 3348 caduca:
3403 3303 3612 3350 natura:

2033 3389 2316 3451 segmenta
2359 3389 2504 3434 sunt.
2554 3381 2646 3435 Ille
2703 3392 2884 3435 autem
2926 3398 3142 3453 semper
3173 3397 3271 3448 est,
3304 3395 3465 3454 atque
3510 3388 3614 3443 hoc

2035 3473 2194 3528 modo
2249 3473 2486 3542 seipsum
2537 3473 2782 3528 nominat
2811 3474 2859 3539 °,
2923 3491 3048 3529 cum
3093 3476 3145 3530 in
3207 3487 3389 3532 monte
3442 3477 3611 3549 Moysi

2037 3564 2317 3618 oraculum
2373 3565 2507 3619 edit.
2575 3563 2899 3621 Universum
2958 3569 3100 3622 enim
3157 3581 3280 3624 esse
3325 3569 3378 3622 in
3427 3572 3609 3638 seipso

2037 3654 2462 3723 complectitur,
2504 3654 2646 3724 quod
2700 3670 2800 3710 nec
2855 3657 3182 3727 principium
3238 3659 3449 3725 habuit,
3513 3673 3615 3714 nec

2040 3745 2200 3799 ﬁnem
2225 3745 2532 3800 habiturum
2557 3756 2664 3810 est,
2695 3748 2850 3816 quasi
2881 3748 3100 3819 pelagus
3129 3751 3400 3820 quoddam
3434 3764 3616 3805 essen-

2039 3835 2126 3887 tize
2176 3834 2500 3888 immensum
2543 3845 2598 3889 et
2635 3835 3066 3902 interminatum,
3094 3853 3306 3893 omnem
3337 3849 3448 3894 tum
3480 3848 3618 3894 tem-

2039 3923 2207 3992 poris,
2233 3934 2345 3977 tum
2387 3931 2596 3978 naturae
2633 3925 3020 3995 cogitationem
3072 3943 3370 3998 superans;
3435 3938 3616 3982 mente

2039 4014 2151 4069 sola
2178 4013 2226 4068 is
2256 4014 2637 4079 adumbratas,
2684 4025 2738 4070 et
2791 4017 3008 4086 quidem
3063 4019 3354 4089 perexigue
3399 4033 3464 4072 ac
3495 4033 3619 4088 per-

2039 4111 2291 4174 obscure,
2343 4125 2448 4164 non
2475 4125 2542 4164 ex
2594 4111 2696 4174 his,
2749 4125 2866 4179 quae
2892 4111 2944 4165 in
2995 4113 3110 4182 ipso
3159 4122 3304 4178 sunt,
3354 4114 3449 4167 sed
3499 4127 3620 4181 quae

2041 4203 2184 4257 circa
2226 4201 2424 4272 ipsum,
2456 4202 2559 4255 alia
2587 4201 2841 4256 nimirum
2865 4219 2929 4257 ex
2962 4204 3067 4256 alia
3098 4203 3335 4272 imagine
3366 4203 3614 4265 collecta.

2041 4295 2110 4350 ad
2138 4309 2303 4349 unum
2349 4293 2565 4363 aliquod
2609 4293 2854 4348 veritatis
2900 4295 3254 4350 simulacrum
3295 4296 3610 4352 exurimen-

431 4560 544 4632 (55)
583 4558 972 4632 Πηγᾴζεᾳθαι.
998 4560 1160 4616 Coisl.
1197 4561 1249 4622 1,
1285 4558 1377 4614 Or.
1411 4555 1643 4632 ᾕρεε,
1681 4556 1936 4632 Heryag.,
1969 4558 2015 4613 D
2044 4569 2149 4624 que
2172 4550 2430 4632 adﬁnem
2463 4550 2669 4632 numeri
2702 4546 3046 4632 noni,verbo
3078 4545 3151 4632 ad
3170 4543 3622 4632 Δνιηξιξυιῐιιἔκφερ-

357 4626 465 4686 etc.
495 4626 535 4695 ,’
562 4626 917 4698 αὐγάζεσθαι,
983 4649 1001 4682 ι
1039 4631 1376 4699 splendorem
1433 4627 1708 4692 elliciunt,
1761 4626 1937 4680 clare-

356 4713 547 4844 εωίὲίὶ)
570 4719 947 4844 ’Τιμώμενοκ
979 4770 1035 4844 ln
1069 4768 1358 4844 nonnullis,
1387 4767 1740 4844 τεμνόμενον,
1770 4783 1787 4814 ι
1811 4779 1941 4835 prae.

362 4838 556 4896 cisnni.
583 4861 602 4894 ι
639 4838 808 4909 Quam
867 4842 1151 4895 lectionem
1202 4839 1394 4910 probat
1423 4838 1800 4901 Combelisius,
1853 4846 1938 4888 ut-

360 4923 485 4982 pote
514 4927 633 4981 qnae
671 4912 839 4982 magis
868 4911 1187 4982 Gregorium
1218 4910 1410 4982 sapiat.

349 4976 376 5032 ζ
433 4976 548 5054 (57)
578 4976 1020 5054 Γετενῆμένητῖ.
1065 4981 1155 5036 Sic
1209 4980 1390 5052 plures
1439 4976 1594 5032 codd.
1630 4976 1687 5031 In
1709 4976 1821 5040 ed.,
1849 4991 1941 5042 γε-

359 5069 485 5120 γενν
530 5053 720 5122 μένην.

438 5070 548 5203 (-66)
595 5121 709 5176 Καὶ
761 5122 1184 5192 δωροφορεὶτω.
1263 5118 1387 5175 [late
1451 5117 1645 5172 desunt
1700 5117 1752 5169 in
1811 5130 1947 5170 non-

587 5261 718 5348 μαι.
773 5261 931 5317 Deest
957 5262 1011 5316 in
1042 5271 1275 5332 quatuor
1314 5261 1510 5330 tlegg.,
1533 5256 1769 5327 quinque
1794 5255 1944 5310 Colb.

360 5341 420 5387 ει
439 5332 880 5472 ὥδςὶῐὲφικτόν.
912 5400 1064 5475 linus
1083 5401 1271 5475 codex_
1291 5399 1473 5475 addit.
1495 5397 1680 5475 Earl»).-
1813 5465 1824 5475 .

438 5467 549 5546 (61)
585 5467 793 5546 Ἔσται
825 5511 885 5546 ._..
927 5471 1024 5524 διὰ
1064 5470 1413 5546 τόνμκόρονε-
1434 5468 1558 5522 Haec
1584 5477 1637 5520 et
1670 5467 1949 5546 interjecta

366 5541 560 5624 desinit
596 5544 647 5596 in
711 5543 987 5612 plerisque
1018 5541 1313 5596 codicibus.
1375 5541 1450 5594 Ea
1490 5549 1667 5592 tamen
1705 5541 1951 5606 agnoscit

368 5612 730 5754 ΝῗὲὲῖεΘεὸς
761 5679 838 5753 ἦν
863 5680 980 5752 μὲν
1001 5683 1113 5750 ἀεί,
1151 5691 1254 5740 etc.
1308 5678 1431 5735 llaec
1463 5686 1518 5732 et
1550 5677 1826 5746 sequentia
1861 5691 1950 5730 us-

2045 4612 2134 4677 t'ur
2171 4625 2222 4676 in
2252 4621 2522 4673 tricesima
2574 4629 2765 4674 octava
2805 4615 3049 4671 oratione
3106 4613 3182 4667 De
3238 4612 3435 4668 Christi
3486 4617 3622 4667 nati—

2037 4697 2216 4748 vitate.
2277 4690 2468 4744 Utrum
2505 4703 2684 4742 autem
2745 4688 2798 4741 id
2839 4685 3039 4739 factum
3072 4683 3322 4738 fueritab
3347 4684 3463 4752 ipso
3488 4683 3624 4738 Gre-

2037 4765 2228 4832 gorio,
2288 4775 2358 4813 an
2405 4760 2812 4814 amanuensium
2874 4756 3024 4823 lapsu
3067 4754 3386 4820 contigerit,
3442 4754 3623 4807 incer-

2040 4845 2227 4972 ιυι(65)
2258 4904 2473 4958 Ἔστιν
2505 4898 2618 4972 de}.
2671 4917 2689 4948 ι
2715 4897 2941 4972 semper
2964 4903 3083 4972 _est.
3113 4912 3132 4946 ι
3186 4893 3517 4972 ﬁttgustinus
3547 4892 3622 4970 De

2043 4962 2164 5025 vera
2210 4962 2402 5043 'relig.,
2442 4969 2663 5043 cadi),
2718 4967 2799 5020 sic
2835 4963 3074 5033 loquitur
3111 4981 3177 5043 :_«
3197 4962 3342 5016 Nihil
3383 4966 3625 5043 praeterit

2048 5044 2100 5095 in
2133 5034 2353 5109 aeterno:
2384 5034 2438 5095 et
2468 5039 2598 5091 nihil
2632 5038 3022 5109 futurumest;
3075 5035 3200 5102 quia
3223 5043 3278 5086 et
3310 5034 3450 5101 quod
3483 5047 3621 5109 prae-

2049 5115 2193 5173 terit.
2226 5103 2350 5167 esse
2387 5110 2618 5171 desinit;
2681 5105 2904 5174 etquod
2956 5103 3192 5158 futurum
3230 5112 3334 5169 est,
3386 5103 3621 5174 nondum

2048 5171 2234 5251 coepit.
2261 5180 2564 5238 {Eternitas
2595 5171 2790 5251 autem'
2811 5177 3181 5251 tantummodo
3207 5183 3292 5227 est
3325 5187 3468 5251 :_nec
3501 5171 3619 5234 fuit,

2047 5244 2205 5320 quasi
2238 5269 2340 5306 non
2373 5253 2481 5314 sit;
2511 5248 2763 5320 ttecrerit,
2792 5244 2946 5320 quasi
2980 5245 3154 5320 adhuc
3185 5259 3288 5320 non
3322 5244 3412 5297 sit.
3438 5262 3456 5320 ι

2119 5322 2230 5392 (64)
2264 5311 2838 5389 Σκιαπόαερούμενοςῖ.
2865 5311 3159 5392 Sic-plures
3188 5315 3421 5384 ltegg.et
3446 5312 3623 5377 Colb.,

2047 5382 2342 5476 Ρθξλιξθιε..
2365 5382 2571 5476 Iul-eda,
2595 5382 3145 5476 σκιαγραιιξούρενον1ἱῖ
3279 5382 3286 5383 “
3313 5382 3324 5384 ⁷
3414 5453 3424 5465 ⁸

2119 5451 2231 5532 (63)
2271 5464 2392 5515 Οὐκ
2412 5459 2479 5512 ἐκ
2501 5456 2618 5510 τῶν
2645 5451 2783 5532 καθ
2811 5451 3016 5532 αὐτόν.
3055 5473 3072 5504 ι
3105 5452 3217 5507 Non
3244 5469 3332 5532 (ξιῆ
3346 5453 3478 5508 suis.
3506 5472 3525 5504 ι
3571 5451 3625 5505 ld

2046 5523 2149 5598 est,
2192 5523 2294 5586 non
2331 5533 2444 5601 ipsa
2479 5530 2740 5601 essentia,
2780 5525 3072 5601 secundum
3083 5539 3266 5601 “quam
3300 5523 3442 5577 Dens
3469 5542 3496 5576 a
3523 5538 3624 5576 no-

2049 5594 2144 5656 bis'
2160 5594 2543 5670 comprehendi
2579 5599 2767 5670 nequit
2793 5612 2805 5659 ;
2835 5594 2928 5650 sed
2951 5610 3015 5648 ex
3044 5594 3348 5662 etfectibus,
3382 5609 3476 5648 seu
3507 5609 3608 5661 ope

2048 5674 2198 5728 ribus
2238 5690 2265 5726 a
2287 5669 2449 5726 nobis
2473 5669 2722 5722 laudatur
