3898 6222
330 302 432 356 627

1560 301 1613 356 S.
1661 299 1987 358 GREGORII
2027 298 2368 356 THEOLOGI

3473 291 3581 350 εεε

333 420 487 483 dum,
529 417 697 487 quod,
743 418 1054 487 priusquam
1109 424 1378 484 teneatur,
1415 415 1622 488 effugit,
1652 429 1705 475 et
1729 420 1903 490 prius-

2027 417 2163 489 ῇμῶν
2201 417 2262 469 τὸ
2287 412 2636 487 ἡγεμονικὸν,
2668 411 2762 465 καὶ
2793 409 2968 464 ταῦτα
3004 408 3411 481 κεκαθαρμένον
3442 408 3580 480 (66),

332 528 497 583 quam
540 512 813 568 intellectu
857 510 1208 581 percipiatur,
1233 509 1465 578 seipsum
1489 508 1609 579 fuga
1633 511 1899 581 proripit;

335 614 543 659 tantum
597 605 889 674 principem
922 601 1117 657 nostri
1189 611 1429 669 partem,
1493 616 1721 671 eamque
1774 617 1904 672 pur-

334 706 538 764 gatam,
580 695 927 759 collustrans,
969 702 1232 763 quantum
1265 693 1544 746 oculorum
1576 693 1746 748 aciem
1781 709 1904 763 per-

338 787 558 855 suingit
585 786 814 857 fulguris
840 788 1097 842 celeritas
1127 788 1543 857 haudquaquam
1577 802 1902 856 permanen-

338 879 447 944 tis;
502 888 582 944 ut,
632 894 752 933 meo
783 878 997 949 quidem
1048 879 1277 949 judicio,
1333 889 1601 949 quatenus
1656 894 1907 950 compre-

338 970 498 1024 hendi
541 980 747 1039 potest,
793 985 891 1026 nos
924 970 989 1025 ad
1028 985 1087 1025 se
1124 972 1305 1025 trahat
1355 969 1521 1042 (quod
1569 969 1713 1025 enim
1760 970 1907 1023 nullo

339 1060 500 1114 modo
530 1061 733 1130 percipi
772 1068 975 1129 potest,
1019 1061 1070 1114 id
1115 1076 1215 1115 nec
1259 1069 1443 1129 sperat
1471 1061 1776 1129 quisquam,
1807 1074 1909 1114 nec

339 1152 405 1203 ad
436 1151 486 1204 id
515 1151 835 1222 adnititur);
865 1160 1129 1220 quatenus
1156 1160 1334 1205 autem
1360 1152 1477 1222 capi
1508 1150 1710 1220 nequit,
1739 1150 1910 1204 admi-

338 1242 608 1295 rationem
649 1243 734 1297 sui
784 1243 1010 1307 excitet,
1066 1251 1229 1312 atque
1272 1257 1338 1296 ex
1384 1242 1501 1310 ipsa
1553 1240 1910 1295 admiratione

345 1333 723 1388 vehementius
764 1333 1122 1401 desideretur,
1164 1334 1501 1388 desideratus
1532 1342 1743 1402 purget,
1778 1322 1921 1400 pur?

340 1437 474 1491 guns
503 1435 682 1480 autem
725 1424 834 1478 Deo
877 1425 1084 1480 similes
1125 1424 1340 1492 efﬁciat,
1375 1439 1603 1493 cumque
1637 1424 1690 1477 id
1721 1436 1912 1478 conse-

346 1515 465 1569 cuti
492 1515 778 1582 fuerimus,
823 1518 935 1587 jam
978 1517 1125 1571 velut
1169 1532 1291 1572 cum
1348 1515 1703 1569 familiaribus
1730 1514 1911 1569 collo-

356 1617 553 1675 quatur
575 1608 775 1677 (metuo
804 1626 871 1664 ne
903 1611 1005 1664 hoc
1044 1608 1299 1663 audacius
1337 1623 1365 1662 a
1403 1622 1490 1663 me
1518 1607 1719 1662 dictum
1741 1604 1910 1659 videri

2003 513 2103 564 ὅσα
2131 511 2226 563 καὶ
2264 508 2385 578 ὄψιν
2408 548 2424 574 ,
2452 504 2741 578 ἀστραπῆς
2784 504 2946 574 τάχος
2973 503 3073 574 οὐχ
3100 502 3393 573 ἱσταμένης
3411 518 3426 532 ·
3459 503 3585 573 ἐμοὶ

2003 602 2199 665 δοκεῖν,
2227 601 2314 654 ἵνα
2354 598 2431 670 τῷ
2473 595 2664 668 ληπτῷ
2712 596 2809 666 μὲν
2846 594 2977 666 ἕλκῃ
3014 594 3151 666 πρὸς
3174 594 3334 647 ἑαυτὸ
3362 592 3475 662 (67)
3501 591 3588 662 (τὺ

2005 692 2113 767 γὰρ
2140 691 2338 754 τελέως
2362 689 2621 761 ἄληπτον,
2648 685 2964 740 ἀνέλπιστον
2999 686 3094 739 καὶ
3128 684 3581 755 ἀνεπιχείρητον)·

2006 783 2084 854 τῷ
2122 782 2179 836 δὲ
2222 782 2468 854 ἀλήπτῳ,
2513 777 2878 850 θαυμάζηται·
2918 777 3327 849 θαυμαζόμενον
3354 777 3447 840 δὲ,
3491 793 3588 830 πο-

2009 874 2169 945 θῆται
2212 874 2394 928 πλέον·
2431 871 2761 943 ποθούμενον
2800 870 2893 935 δὲ,
2922 870 3179 943 καθαίρῃ·
3206 870 3465 942 καθαῖρον
3504 870 3583 935 δὲ,

2009 965 2259 1029 θεοειδεῖς
2297 964 2597 1035 ἐργάζηται
2622 961 2755 1035 (68)·
2788 962 3047 1025 τοιούτοις
3072 962 3129 1015 δὲ
3156 963 3489 1033 γενομένοις,
3510 962 3590 1026 ὡς

2008 1058 2229 1121 οἰκείοις
2270 1058 2369 1129 ἤδη
2405 1057 2709 1129 προσομιλῇ
2750 1055 2945 1125 (τολμᾷ
2976 1070 3031 1107 τι
3066 1054 3309 1108 νεανικὸν
3332 1056 3360 1108 6
3382 1054 3584 1123 λόγος)’

2011 1152 2143 1215 Θεὸς
2164 1151 2304 1213 θεοῖς
2328 1147 2613 1219 ένούμενός
2636 1164 2696 1200 τε
2722 1146 2817 1199 καὶ
2842 1143 3260 1218 γνωριζόμενος·
3286 1145 3382 1199 καὶ
3408 1144 3592 1199 τοσοῦ-

2010 1260 2101 1297 τον
2124 1242 2273 1306 ἴσως,
2299 1240 2422 1293 ὅσον
2446 1238 2547 1309 ἤδη
2571 1237 2829 1306 γινώσκει
2850 1237 2977 1300 τοὺς
2997 1234 3432 1306 γινωσκομένους
3452 1235 3586 1305 (69).

2015 1335 2272 1403 Ἀπειρον
2312 1326 2405 1384 οὖν
2446 1330 2511 1382 τὸ
2545 1328 2685 1382 θεῖον
2722 1329 2815 1381 καὶ
2857 1326 3262 1399 δυσθεώρητον·
3300 1326 3396 1380 καὶ
3432 1325 3591 1379 τοῦτο

2013 1423 2190 1493 πάντη
2229 1420 2575 1492 καταληπτὸν
2611 1418 2775 1472 αὐτοῦ
2810 1418 2991 1488 μόνον,
3017 1420 3052 1489 ἡ
3087 1416 3331 1488 ἀπειρία·
3359 1417 3464 1470 κᾶν
3506 1434 3592 1480 τις

2012 1514 2193 1583 οἴηται
2223 1511 2301 1583 τῷ
2328 1511 2439 1583 (70)
2464 1511 2640 1581 ἁπλῆς
2677 1505 2815 1564 εἶναι
2854 1508 3087 1580 φύσεως,
3113 1508 3147 1580 ἢ
3174 1508 3295 1562 ὅλον
3318 1509 3433 1579 (71)
3459 1508 3594 1579 ἀλη-

2016 1624 2146 1661 πτον
2174 1603 2335 1669 εῖναι,
2377 1604 2412 1677 ἢ
2455 1604 2653 1667 τελέως
2689 1602 2915 1674 ληπτόν.
2944 1602 3009 1653 Τί
3048 1600 3156 1673 γὰρ
3182 1600 3241 1655 ὃν
3273 1601 3450 1672 ἁπλῆς
3477 1602 3596 1654 ἐστι

342 1699 557 1771 possit),
586 1699 731 1755 Deus
759 1702 863 1756 diis
895 1702 1080 1756 unitus
1119 1711 1173 1754 et
1219 1701 1582 1765 innotescens,
1610 1713 1673 1753 ac
1707 1706 1910 1752 tantum

2027 1698 2254 1769 φύσεως,
2280 1696 2701 1768 έπιξητήσωμεν
2725 1694 2860 1766 (72).
2890 1695 2963 1748 Οὐ
2992 1693 3100 1766 γὰρ
3128 1694 3193 1766 δὴ
3232 1694 3391 1748 τοῦτο
3432 1693 3596 1764 φύσις

342 1791 596 1855 fortasse,
625 1800 889 1862 quantum
916 1792 1030 1861 jam
1062 1807 1175 1859 eos,
1212 1792 1302 1861 qui
1335 1800 1691 1862 cognoscunt,
1721 1790 1906 1859 cogni-

2027 1762 2183 1859 ιῦτῷ,
2211 1791 2245 1858 ἡ
2276 1762 2534 1858 ἁπλότης·
2562 1762 2718 1858 εἰπερ
2736 1762 2881 1855 μηδὲ
2903 1787 3015 1848 τοῖς
3055 1762 3347 1849 συνθέτοις,
3370 1762 3595 1841 τὸεῖναι

344 1894 428 1938 tos
472 1886 656 1940 habet.
704 1884 1004 1941 Immensus
1048 1886 1210 1955 igitur
1249 1894 1331 1941 est
1380 1883 1542 1948 Deus,
1572 1893 1627 1938 et
1674 1882 1741 1936 ad
1775 1897 1911 1936 con-

2021 1881 2179 1951 μόνον
2203 1878 2313 1950 (73)
2341 1876 2614 1940 συνθέτοις

345 1977 712 2047 temptandum
760 1978 1024 2046 difﬁcilis,
1074 1980 1235 2048 idque
1289 1978 1459 2035 solum
1514 1978 1568 2032 in
1616 1991 1682 2033 eo
1735 1976 1895 2047 plane
1955 1974 2337 2045 comprehendi
2403 1981 2600 2044 potest,
2673 1970 2815 2040 quod
2860 1970 3156 2024 immensus
3187 1969 3292 2035 sit;
3359 1968 3598 2040 quamli-

346 2074 438 2126 bet
489 2071 685 2140 aliquis
725 2073 1020 2139 existimet,
1053 2088 1196 2140 eum,
1238 2075 1363 2142 quia
1402 2073 1662 2144 simplicis
1694 2082 1899 2127 natura;
1937 2072 2030 2133 sit,
2086 2071 2350 2125 rationem
2421 2068 2563 2124 hanc
2638 2067 2856 2133 habere,
2910 2073 2969 2119 ut
3037 2064 3121 2119 vel
3173 2064 3320 2119 nullo
3367 2066 3596 2120 omnino

346 2163 508 2217 modo
554 2163 936 2230 comprehendi
982 2165 1171 2231 possit,
1224 2164 1309 2218 vel
1353 2164 1508 2234 plene
1549 2162 1890 2233 perfecteque
1927 2159 2096 2232 848
2169 2157 2551 2229 comprehendi
2599 2165 2780 2225 queat.
2847 2155 2987 2222 Quid
3040 2154 3185 2210 enim
3247 2155 3319 2210 sit
3346 2154 3456 2223 ille,
3490 2172 3598 2210 na-

349 2268 469 2312 tura
513 2257 763 2327 simplex,
798 2258 1162 2328 exquiramus.
1193 2258 1378 2330 Neque
1404 2260 1547 2315 enim
1577 2258 1896 2330 simplicitas
1935 2257 2010 2311 illi
2052 2265 2242 2311 natura
2293 2264 2392 2310 est.
2460 2251 2895 2323 quandoquidem
2947 2264 3049 2305 nec
3092 2249 3409 2320 compositis
3482 2249 3599 2306 sola

346 2350 674 2418 compositio

422 2438 511 2494 IV.
549 2428 669 2496 Jam
707 2455 861 2506 vero.
913 2457 1034 2497 cum
1088 2443 1424 2499 immensitas
1449 2441 1700 2497 bifariam
1734 2439 1916 2497 censi—

348 2529 587 2597 deretur,
640 2544 835 2600 nempe
874 2540 928 2586 et
970 2532 1240 2602 principii,
1278 2541 1333 2588 et
1360 2532 1485 2588 finis
1516 2532 1728 2588 ratione
1764 2531 1915 2602 (nam

346 2619 491 2689 quod
534 2634 695 2690 supra
744 2622 861 2676 haec
907 2633 1011 2688 εει,
1070 2638 1170 2679 nec
1199 2624 1286 2680 his
1311 2626 1636 2689 continetur,
1687 2625 1920 2679 immen-

353 2726 474 2764 sum
503 2713 638 2779 est);
663 2728 783 2766 cum
809 2713 862 2767 in
885 2715 1132 2783 superius
1157 2714 1479 2785 profundum
1509 2730 1660 2770 mens
1684 2714 1915 2783 aspexit,

350 2803 406 2855 in
442 2801 628 2858 formis
647 2803 774 2869 illis,
804 2820 937 2875 quas
969 2806 1069 2861 sibi
1097 2807 1162 2862 de
1192 2808 1300 2862 Deo
1322 2805 1545 2877 efﬁngit,
1572 2822 1677 2863 non
1710 2808 1920 2862 habens

357 2893 449 2947 ubi
489 2894 747 2949 consistat
771 2904 824 2949 et
852 2896 1133 2961 innitatur,
1161 2897 1481 2951 immensum
1510 2897 1613 2952 hoc
1632 2897 1919 2964 exitusque

350 3000 414 3037 ex
422 2998 688 3052 pers,.ana
698 2987 906 3051 rchum,
923 2987 1025 3042 hoc
1044 2995 1146 3055 est,
1167 2987 1429 3058 principio
1452 3001 1663 3053 carens,
1681 2987 1917 3058 appella-

2092 2436 2164 2487 A'.
2212 2430 2346 2501 Διχῆ
2383 2427 2443 2482 δὲ
2484 2425 2579 2480 τοῦ
2623 2427 2851 2496 ἀπείρου
2895 2429 3303 2502 θεωρουμένου,
3351 2432 3494 2488 κατά
3536 2448 3603 2488 τε

2024 2523 2198 2596 ἀρχὴν
2232 2521 2327 2574 ml.
2354 2519 2503 2582 τέλος
2529 2517 2610 2590 (τὸ
2630 2520 2739 2590 γὰρ
2772 2520 2910 2592 ὑπὲρ
2934 2520 3127 2586 ταῦτα,
3152 2524 3245 2576 καὶ
3272 2522 3345 2595 μὴ
3380 2525 3440 2578 ὲν
3476 2523 3602 2579 τού-

2027 2632 2165 2678 τοις,
2214 2613 2483 2684 ἇπειρον),
2515 2611 2642 2664 ὅταν
2684 2610 2783 2682 μὲν
2821 2612 2902 2675 εἰς
2933 2611 3024 2665 τὸν
3066 2613 3179 2668 ἀνω
3216 2613 3374 2685 βυθὸν
3406 2617 3435 2669 ὁ
3476 2615 3603 2681 νοῦς

2013 2705 2297 2776 ἀποϐλέψῃ
2319 2745 2333 2771 ,
2364 2703 2465 2757 οὒκ
2506 2701 2645 2773 ἔχων
2673 2704 2795 2758 ὅποι
2831 2706 2927 2775 στῇ
2959 2704 3054 2758 καὶ
3089 2705 3446 2778 ἀπερείσηται
3473 2708 3601 2772 ταῖς

2013 2800 2140 2872 περὶ
2166 2797 2302 2851 θεοῦ
2342 2797 2686 2866 φαντασίαις,
2708 2796 2770 2851 τὸ
2803 2795 3035 2852 ἐνταῦθα
3065 2797 3291 2870 ἄπειρον
3316 2799 3411 2853 καὶ
3438 2799 3603 2853 ἀνέκ-

2012 2890 2195 2957 ϐατον,
2234 2888 2469 2960 ἄναρχον
2502 2888 2978 2959 προσηγόρευσεν·
3012 2890 3141 2943 ὅταν
3170 2888 3227 2943 δὲ
3266 2891 3347 2955 εἰς
3372 2891 3465 2945 τὸν
3501 2892 3603 2946 κά-

2013 3000 2090 3037 τω
2118 2981 2253 3052 (74),
2278 2981 2373 3034 ml.
2396 2980 2466 3033 τὰ
2492 2979 2639 3052 ἑξῆς,
2687 2981 2954 3035 ἀθάνατον
2987 2981 3083 3035 καὶ
3118 2980 3446 3055 ἀνώλεθρον·
3472 2984 3604 3039 ὅταν

348 3077 445 3130 vit:
461 3091 580 3130 eum
594 3087 773 3131 autem
791 3078 855 3132 ad
871 3078 1127 3132 inferiora
1146 3079 1281 3144 haec,
1297 3091 1352 3134 et
1365 3079 1684 3149 posteriora,
1704 3080 1916 3133 immor-

2027 3074 2073 3127 Ξὲ
2119 3071 2313 3145 συνέλῃ
2340 3072 2400 3125 τὸ
2432 3074 2567 3138 πᾶν,
2598 3072 2831 3127 αἰώνιον.
2862 3070 3006 3126 Αἰὼν
3046 3072 3188 3157 γάρ,
3221 3052 3345 3127 οὔτε
3387 3076 3598 3146 χρόνος,

354 3167 461 3222 tale
489 3175 650 3237 atque
697 3167 949 3223 interitus
991 3183 1186 3239 expers
1214 3188 1228 3225 :
1253 3185 1373 3225 cum
1419 3180 1597 3225 autem
1628 3180 1917 3240 utrumque

350 3260 726 3323 contraxerit.
791 3269 845 3315 et
900 3260 1215 3329 collegerit,
1279 3269 1559 3316 aternum.
1620 3260 1917 3316 Etet-nitas

351 3353 519 3416 enim,
554 3366 653 3406 nec
678 3359 912 3421 tempus,
948 3365 1047 3406 nec
1083 3352 1339 3421 temporis
1374 3367 1501 3421 pars
1541 3351 1648 3406 ulla
1682 3360 1787 3417 est;
1819 3368 1917 3407 nec

361 3443 505 3497 enim
535 3442 587 3496 in
623 3458 928 3498 mensuram
988 3444 1168 3509 cadit;
1216 3445 1311 3499 sed
1349 3445 1490 3513 quod
1529 3446 1685 3500 nobis
1712 3456 1920 3514 tempus

353 3540 467 3596 est,
519 3531 648 3585 solis
699 3541 844 3586 motu
899 3530 1209 3595 definitum,
1240 3531 1340 3586 hoc
1366 3531 1585 3586 aeternis
1618 3546 1790 3585 aevum
1813 3540 1918 3593 est,

357 3625 613 3679 nimirum
649 3622 738 3679 ille
766 3624 921 3693 quasi
972 3624 1286 3692 temporalis
1346 3623 1565 3691 quidam
1611 3630 1809 3690 motus,
1866 3631 1922 3677 et

354 3718 716 3784 intervallum,
761 3719 902 3787 quod
946 3717 1106 3772 simul
1147 3726 1293 3773 cum'
1320 3716 1536 3771 aeternis
1588 3715 1917 3770 extenditur.

353 3814 536 3878 Atque
587 3809 703 3864 haec
742 3810 898 3863 nobis
932 3811 985 3863 in
1018 3807 1303 3877 praesentia
1353 3808 1419 3862 de
1445 3806 1571 3860 aDeo
1614 3805 1755 3860 dicta
1790 3805 1918 3859 sint.

353 3900 539 3969 Neque
583 3901 724 3954 enim
776 3899 934 3969 plura.
979 3899 1248 3953 disserere
1295 3898 1463 3967 hujus
1499 3905 1583 3951 est
1626 3895 1920 3965 temporis,

354 3992 791 4062 quandoquidem
833 3991 985 4045 nobis
1025 3991 1126 4044 hoc
1169 3989 1309 4056 loco,
1357 4005 1463 4044 non
1493 3990 1557 4043 de
1588 3988 1680 4042 Dei
1707 3996 1919 4051 natura,

2018 3164 2140 3220 οὔτε
2171 3164 2364 3235 χρόνου
2394 3181 2447 3216 τι
2487 3163 2672 3235 μέρος·
2700 3164 2822 3217 οὐδὲ
2848 3164 2958 3237 γὰρ
2994 3165 3280 3240 μετρητόν·
3308 3166 3425 3220 ἀλλ’
3462 3168 3604 3242 ὅπερ

2018 3260 2148 3329 ἡμῖν
2178 3260 2207 3311 6
2240 3256 2434 3329 χρόνος
2452 3296 2468 3322 ,
2497 3255 2650 3328 ἡλίου
2696 3257 2839 3328 φορᾷ
2870 3256 3239 3328 μετρούμενος
3259 3297 3274 3320 ,
3303 3257 3461 3311 τοῦτο
3488 3262 3606 3324 τοῖς

2020 3349 2211 3412 ἀϊδίοις
2242 3350 2376 3401 αἰὼν
2397 3388 2411 3411 ,
2454 3347 2517 3416 τὸ
2565 3347 3166 3419 συμπαρεκτεινόμενον
3202 3348 3315 3420 (75)
3357 3352 3472 3413 τοῖς
3512 3344 3605 3403 οὖ-

2020 3457 2106 3493 σιν
2150 3438 2294 3510 (76),
2340 3433 2451 3491 οἷόν
2503 3454 2556 3490 τι
2607 3438 2858 3509 χρονικὸν
2896 3439 3104 3510 κίνημα
3159 3439 3255 3493 καὶ
3306 3439 3600 3511 διάστημα.

2022 3530 2207 3595 Ταῦτὰ
2258 3545 2347 3601 μοι
2398 3527 2529 3600 περὶ
2573 3527 2709 3580 Θεοῦ
2760 3529 3209 3601 πεφιλοσοφήσθω
3249 3529 3415 3585 τανῦν
3463 3531 3600 3601 (77).

2021 3621 2154 3675 Οὐδὲ
2204 3619 2312 3692 γὰρ
2356 3619 2499 3690 ὑπὲρ
2547 3618 2719 3671 ταῦτα
2762 3619 2983 3689 καιρὸς,
3013 3620 3093 3672 ὅτι
3141 3619 3215 3691 μὴ
3262 3619 3512 3689 θεολογία
3538 3621 3607 3675 τὸ

2022 3712 2379 3783 προκείμενον
2407 3712 2538 3782 ἡμῖν
2558 3750 2573 3776 ,
2604 3710 2718 3763 ἀλλ’
2745 3713 3022 3783 οἰκονομία
3051 3711 3184 3783 (78).
3214 3712 3349 3765 Θεοῦ
3384 3713 3442 3766 δὲ
3471 3714 3605 3766 ὅταν

2023 3806 2180 3869 εἴπω,
2214 3804 2358 3873 λέγω
2387 3803 2624 3873 Πατρὺς,
2656 3805 2751 3856 καὶ
2781 3804 2934 3869 Υἰοῦ,
2962 3807 3055 3857 καὶ
3077 3804 3233 3874 ἁγίου
3262 3803 3599 3875 Πνεῦματος·

2022 3896 2146 3950 οὔτε
2191 3898 2330 3968 ὑπὲρ
2375 3896 2546 3950 ταῦτα
2597 3895 2699 3966 τῆς
2746 3896 2997 3967 θεότητος
3042 3896 3342 3968 χεομένης,
3388 3898 3474 3951 ἵνα
3525 3897 3602 3966 μὴ

2022 3988 2193 4059 δῆμον
2229 3987 2369 4041 θεῶν
2411 3987 2817 4057 εἰσαγάγωμεν·
2862 3986 2986 4041 οὔτε
3012 3988 3161 4052 ἐντὸς
3198 3986 3403 4043 τούτων
3425 3987 3604 4058 ὁριζο-

355 4080 449 4135 sed
485 4080 549 4134 de
579 4077 880 4134 oeconomia
926 4076 1173 4132 instituta
1200 4086 1283 4132 est
1316 4078 1512 4131 oratio.
1548 4076 1715 4131 Deum
1762 4090 1916 4144 porro

2028 4080 2216 4150 μένης.
2241 4080 2331 4133 ⁴ίνα
2364 4079 2439 4151 μὴ
2477 4079 2667 4132 πενίαν
2698 4077 2950 4148 θεότητος
2974 4076 3413 4150 κατακριθῶμεν,
3445 4077 3479 4148 ἦ
3514 4075 3605 4130 διὰ

358 4186 484 4226 cum
520 4170 665 4237 dico,
694 4168 932 4237 Patrem,
962 4177 1016 4223 et
1042 4168 1260 4233 Filium,
1294 4176 1349 4223 et
1384 4168 1645 4237 Spiritum
1676 4174 1916 4226 sanctum

2027 4177 2121 4249 τὴν
2169 4176 2464 4248 μοναρχίαν
2521 4174 2899 4240 Ἰουδαῒζοντες
2921 4173 3056 4243 (79),
3098 4172 3132 4243 ἢ
3179 4172 3267 4226 διὰ
3298 4172 3395 4243 τὴν
3435 4169 3605 4241 ἀφθο-

354 4263 517 4327 dico,
561 4279 660 4318 nec
710 4262 847 4316 ultra
887 4261 1002 4315 haec
1040 4275 1161 4317 sese
1216 4258 1546 4315 diffundente
1587 4257 1806 4321 deitate,
1858 4271 1916 4310 ne

2027 4267 2142 4321 νίαν
2202 4265 2613 4334 Ἑλληνίξοντες.
2662 4264 2742 4316 Τὸ
2784 4262 2890 4335 γὰρ
2942 4262 3109 4315 κακὸν
3166 4263 3226 4316 ὲν
3273 4260 3607 4332 ἀμφοτέροις

358 4356 589 4411 deorum
631 4356 842 4409 turbam
885 4354 1234 4419 inducamus,
1286 4366 1385 4407 nec
1431 4365 1619 4406 rursus
1647 4350 1786 4403 intra
1814 4349 1916 4402 btet

2027 4356 2228 4426 ὅμοιον,
2257 4353 2361 4408 κᾶν
2393 4355 2448 4406 ὲν
2482 4352 2594 4424 (80)
2637 4354 2750 4416 τοῖς
2781 4352 3043 4415 ἐναντίοις
3075 4351 3416 4421 εὑρίσκηται.
3446 4348 3605 4403 Οὕτω

357 4450 508 4503 finita
561 4456 725 4516 atque
768 4446 1035 4510 restricta,
1072 4461 1139 4500 ne
1185 4445 1482 4499 divinitatis
1530 4443 1711 4512 inopia
1755 4441 1916 4511 premi

2033 4412 2131 4515 μὲν
2173 4412 2266 4496 οῦν
2308 4442 2376 4495 τὰ
2416 4412 2587 4510 ’Ἅγια
2622 4412 2960 4509 τῶννάγίων,
2991 4412 3038 4495 ἃ.⁷
3076 4412 3170 4493 κα)
3205 4412 3315 4504 τοῖς
3359 4440 3606 4511 σεραφὶμ

354 4541 674 4610 iudicemur,
711 4538 792 4593 vel
828 4546 1048 4607 propter
1073 4538 1230 4594 unius
1258 4538 1622 4608 principatum
1648 4534 1916 4593 ludaismo

2034 4533 2487 4596 συγκαλύπτεται,
2522 4532 2617 4585 καὶ
2651 4530 2929 4596 δοξάζεται
2966 4531 3145 4604 τρισὶν
3176 4531 3489 4600 ἀγιασμοῖς,
3522 4530 3607 4594 εἰς

2029 4734 2199 4787 κάτω.
2232 4730 2435 4797 Gloss.,
2463 4730 2542 4793 εἰς
2568 4728 2636 4781 τὰ
2666 4728 2952 4799 μέλλοντα,
2984 4743 3003 4776 t
3028 4725 3093 4779 ad
3125 4724 3401 4792 ulteriora,
3426 4724 3493 4779 ad
3522 4723 3605 4778 fu-

2028 4815 2168 4858 tura.
2198 4821 2215 4852 ι

2097 4872 2209 4942 (75)
2238 4870 2309 4923 Τὸ
2334 4867 3016 4942 συμπαρεκτεινόιιενον.
3050 4862 3223 4942 «111ρά
3255 4878 3425 4916 aevum
3453 4862 3603 4932 quod

2027 4932 2331 4997 simul'cnm
2372 4932 2753 4992 eisistentibus
2784 4932 2941 4989 rebus
2974 4932 3299 4987 extenditur.
3325 4952 3344 4984 ι

2099 5010 2210 5081 (76)
2241 5008 2367 5073 Τοῖς
2388 5004 2586 5081 οὖσιν.
2621 5007 2811 5081 flomb.
2841 5023 2854 5058 :
2896 5001 3395 5081 t_Spir_‘itualibus.__a

2099 5070 2210 5150 (77)
2248 5070 2763 5150 Πεςξῖιλοᾳοεξήσθω
2797 5070 3002 5127 τανῦν.
3050 5070 3107 5124 In
3145 5072 3435 5134 nonnullis,
3500 5087 3603 5123 πε-

2029 5146 2421 5222 φιλοσοφείσθω
2441 5146 2516 5222 τὸ-
2531 5146 2643 5200 νῦν.

2101 5220 2210 5291 (78)
2228 5210 2573 5291 Ὀὶκοιφμζα.
2605 5235 2623 5266 t
2647 5214 2723 5268 De
2749 5213 3048 5291 oeconomia
3071 5228 3155 5291 ,ηι
3195 5210 3378 5291 idest,
3428 5210 3599 5291 inquit

2032 5280 2269 5352 Nicetes,
2334 5307 2351 5338 ι
2381 5280 2462 5340 (ιε’
2496 5285 2886 5340 lncarnationis
2941 5280 3168 5352 consilio
3209 5288 3260 5333 et
3289 5281 3592 5352 teconotnia

2034 5348 2297 5415 disserere
2318 5354 2712 5427 proposuimus.
2737 5371 2756 5404 ι
2805 5353 2884 5427 Ex
2911 5352 3117 5427 quibus
3136 5349 3314 5403 forsan
3337 5348 3598 5427 colligen:

2035 5432 2159 5485 dum
2189 5416 2479 5489 essethaec
2499 5440 2564 5480 ex
2577 5424 2821 5478 oratione
2852 5416 3604 5488 de'Nativitateexccrptaﬁb

2037 5497 2454 5554 amanuensibus
2485 5496 2587 5549 huc
2611 5493 2777 5548 fuisse
2803 5491 3081 5545 translata.

2107 5568 2219 5640 (79)
2258 5564 2684 5640 ’Iov6atéorrec.
2731 5560 2901 5617 Judaei
2952 5574 3113 5616 unam
3152 5566 3361 5616 tantum
3400 5557 3456 5614 in
3484 5553 3613 5615 Deo

2036 5636 2319 5710 personam
2354 5636 2730 5710 agnoscebant.

2111 5708 2220 5781 (80)
2253 5697 2569 5762 “ErfDeest
2595 5704 2647 5760 in
2687 5703 2859 5773 Regg.
2882 5717 2937 5767 c,
2966 5698 3071 5755 det
3101 5697 3217 5754 les.

429 4746 540 4817 (66)
590 4745 1059 4815 Κεκαθαρμένον.
1098 4742 1248 4817 Reg._
1289 4743 1381 4817 ph,
1406 4738 1582 4817 _Savil.
1628 4746 1682 4793 et
1706 4736 1918 4799 Comb.,

358 4811 831 4889 κεκοιθαρμένων,⁷
849 4811 1010 4889 cum
1042 4811 1249 4889 purgati
1284 4811 1563 4889 fuerimus:
1588 4827 1609 4860 ι

429 4887 541 4953 (67)
578 4878 821 4939 ”Εαυτό.
851 4886 987 4952 Reg.
1020 4878 1088 4950 ph
1111 4878 1167 4936 et
1197 4882 1290 4936 0r.
1325 4881 1375 4941 1.
1399 4878 1608 4953 έαυτόν.

432 4949 543 5023 (68)
584 4949 1173 5025 Ἐργτάζη.ται.’(.ζοιιιί›.,
1214 4949 1611 5025 ἀπεργάζηται.

454 5020 547 5096 69)
590 5020 732 5090 Τόὗς
782 5020 1281 5096 γινωσκομένους,
1332 5020 1489 5096 πρμρ
1535 5026 1922 5096 cognoscunt,»

364 5113 490 5159 non,
526 5085 544 5146 ἒ
570 5085 988 5162 cognoscuntur,
1015 5085 1056 5142 ι’
1071 5105 1126 5144 ιιι
1167 5091 1372 5162 Billius.
1394 5085 1765 5162 Alludit_c_n_im
1794 5085 1930 5140 Gre-

364 5156 550 5236 gorius
574 5156 646 5218 ad'
668 5166 781 5218 haac
805 5164 1041 5236 Apostoli
1069 5164 1257 5225 verba,
1285 5159 1458 5236 l_f.‘.or.
1497 5173 1615 5219 χιιι,
1648 5156 1735 5222 12,
1766 5174 1784 5206 ι
1807 5165 1931 5209 tunc

365 5232 543 5290 autem
579 5248 894 5303 cognoscam
929 5234 1068 5303 sicut
1091 5241 1143 5303 et
1169 5232 1415 5303 cognitus
1438 5243 1576 5303 sum.
1604 5245 1629 5303 ε

462 5304 552 5369 Ἱυ)
581 5294 784 5369 Οἵῖὴται
814 5300 915 5366 τῷ.
946 5299 1082 5364 Jes.,
1119 5294 1260 5355 Par:
1275 5311 1330 5355 et
1356 5296 1740 5362 δανηηαοῖεται
1769 5294 1848 5348 τό.

462 5304 528 5356 7U
581 5304 784 5369 Οἵηται
814 5304 915 5366 τῷ.
946 5304 1082 5364 Jes.,
1119 5304 1152 5355 P

436 5304 552 5446 iul
584 5374 782 5446 eam.
996 5370 1152 5446 δλωςς

439 5433 551 5513 (72)
595 5433 1220 5513 Ἐπιζητήσώμενςεὶε
1240 5439 1405 5509 Regg.
1441 5436 1556 5502 ἰδίη,
1587 5435 1682 5506 ph,
1712 5443 1817 5490 etc.
1848 5433 1938 5488 Sic

366 5510 764 5597 etia_n~t"B'.'llius'.
789 5511 844 5565 In
864 5510 979 5597 edi,
1001 5510 1419 5597 ὲπιζητήσρμεν.

403 5583 553 5709 ὁ(ζὸ)
593 5581 662 5635 Τὸ
702 5579 855 5636 εἶναι
877 5584 1088 5650 μόνον.
1133 5575 1229 5634 5⁷ξεί
1256 5575 1421 5634 Οοίει.
1449 5576 1505 5632 2.
1543 5575 1600 5630 In
1626 5576 1736 5641 ed.,
1780 5575 1938 5646 μόνον

449 5670 474 5705 ε
500 5669 602 5706 ναι.

369 5669 430 5707 το
449 5670 474 5705 ε
483 5669 602 5706 ιναι.

443 5723 555 5795 ιἸιί)
589 5724 692 5789 Εἰς
723 5721 1024 5778 τύνκάτω.
1091 5721 1258 5791 Regg.
1294 5720 1407 5786 bm,
1442 5719 1538 5788 pb,
1568 5727 1698 5783 etc.,
1752 5715 1831 5779 εἰς
1872 5713 1941 5768 τά
