3898 6222
223 242 346 302 629

1164 244 1423 300 ORATIO
1465 243 1625 299 XLV.
1667 273 1737 282 —
1776 243 1841 297 ΙΝ
1886 243 2216 303 SANCTUM
2251 246 2537 307 PASCHA.

3381 252 3487 310 630

224 360 367 432 μίαν
398 356 641 413 συνιοῦσι
676 357 974 430 κυριότητα
1012 359 1107 414 ml.
1149 359 1396 433 Θεότητα·
1427 363 1563 433 ὅπερ
1590 360 1685 413 ml.
1710 359 1815 430 (81)

1927 360 2191 428 faventes,
2225 365 2311 421 vel
2342 375 2564 436 propter
2583 364 2805 420 eil‘usam
2834 364 3059 420 deorum
3090 363 3486 425 multitudinem

211 452 381 522 ἄλλῳ,
412 450 524 505 τινὶ
551 450 660 504 τῶν
697 450 808 523 (82)
835 452 941 524 πρὸ
973 450 1128 523 ἡμῶν
1157 452 1586 525 πεφιλοσόφηται
1626 449 1814 505 κάλλι-

215 541 332 595 στά
357 557 419 594 τε
449 539 544 594 καὶ
569 539 897 611 ὑψηλότατα.

1920 451 2247 520 gentilismo.
2297 453 2431 511 Nam
2484 455 2768 526 utrobique
2800 454 2999 510 malum
3024 456 3231 525 aequale
3257 466 3360 519 est,
3401 466 3484 511 ta-

1921 542 2081 595 metsi
2113 543 2167 598 in
2192 546 2481 601 contrariis
2524 548 2847 616 reperiatur.
2872 546 2965 602 Sic
2995 546 3250 601 nimirum
3285 547 3484 603 Sancta

214 635 567 694 sanctorum,
604 643 723 696 quae
764 630 928 683 etiam
956 643 987 681 a
1045 629 1347 700 seraphinis
1411 631 1756 697 obteguntur,
1795 640 1859 681 ac
1898 627 2069 685 tribus
2132 634 2648 691 sanctificationibus
2691 637 2746 692 in
2784 653 2946 693 unam
2979 638 3401 693 dominationem
3429 649 3485 694 et

217 721 487 778 deitatem
524 724 864 788 coeuntibus,
919 724 1261 781 celebrantur
1302 725 1361 793 ',
1400 723 1853 795 quemadmodum
1890 728 1945 776 et
1973 723 2112 780 alius
2147 726 2364 796 quidam
2440 738 2566 784 ante
2601 745 2699 785 nos
2734 731 3098 801 pulcherrime
3120 740 3176 785 et
3205 729 3486 786 sublimis-

221 820 371 883 sime
395 819 809 889 philosophatus
836 828 938 874 est.

299 916 380 969 E'.
435 916 591 968 Ἐπεὶ
634 915 693 968 δὲ
740 915 841 968 οὐκ
879 915 1039 986 ἢρκει
1079 915 1147 984 τῇ
1192 911 1484 981 ἀγαθότητι
1529 907 1719 975 τοῦτο,
1750 906 1813 961 τὺ

217 1003 499 1058 κινεῖσθαι
527 1004 688 1075 μόνον
727 1006 792 1074 τῇ
821 1003 1023 1072 ἑαυτῆς
1053 1002 1254 1073 θεωρίᾳ
1272 1041 1288 1065 ,
1316 1000 1427 1055 ἀλλ’
1458 999 1563 1052 ἔδει
1590 996 1813 1069 χεθῆναι

220 1095 290 1149 τὺ
318 1095 524 1162 ἀγαθὸν
554 1096 650 1148 καὶ
679 1094 929 1159 ὁδεῦσαι,
963 1094 1040 1157 ὡς
1079 1092 1297 1147 πλείονα
1324 1088 1462 1145 εἶναι
1491 1091 1559 1145 τὰ
1590 1091 1812 1161 εὐεργε-

220 1186 473 1257 τούμενα
501 1184 679 1257 (τοῦτο
702 1184 811 1256 γὰρ
838 1187 934 1257 τῆς
969 1184 1144 1256 ἄκρας
1163 1180 1232 1256 ἦν
1261 1181 1643 1255 ἀγαθότητοςγθ
1663 1180 1816 1251 πρῶ-

219 1291 321 1327 τον
364 1275 464 1344 μὲν
512 1276 684 1328 ὲννοεῖ
729 1274 828 1339 τὰς
881 1275 1173 1343 ἁγγελικὰς
1214 1273 1470 1344 δυνάμεις
1517 1273 1610 1326 ml.
1652 1271 1808 1343 οὐρα-

222 1367 401 1430 νίους·
440 1368 535 1422 ml.
564 1367 625 1420 τὸ
663 1367 903 1439 ἐννόημα
947 1367 1106 1438 ἔργον
1136 1363 1237 1437 ἦν,
1270 1367 1430 1436 Λόγῳ
1458 1365 1810 1436 συμπληρού-

229 1477 400 1530 μενον
420 1499 436 1524 ,
484 1461 579 1512 ml.
612 1458 891 1529 Πνεύματι
917 1457 1318 1528 τελειούμενον·
1353 1456 1446 1510 ml.
1478 1454 1651 1519 οὕτως
1710 1456 1813 1507 ὑπ-

223 1552 473 1623 έστησαν
490 1551 871 1622 λαμπρότητες
907 1549 1173 1615 δεύτεραι,
1207 1547 1505 1619 λειτουργοὶ
1534 1547 1634 1618 τῆς
1664 1544 1814 1617 πρώ-

222 1661 332 1713 της
377 1644 797 1717 λαμπρότητος,
833 1642 942 1696 εἴτε
990 1640 1153 1713 νοερὰ
1183 1639 1494 1711 πνεύματα,
1537 1637 1646 1692 εἴτε
1680 1636 1811 1707 πῦρ,

222 1730 347 1789 οἷον
371 1734 533 1789 ἄῡλον
562 1737 656 1788 καὶ
685 1732 996 1805 ἀσώματον,
1031 1731 1141 1786 εἴτε
1178 1730 1300 1785 τινὰ
1339 1730 1499 1799 φύσιν
1528 1728 1693 1800 ἀλλην
1735 1728 1817 1781 ὅτι

223 1829 519 1898 ὲγγυτάτιι.
571 1828 681 1899 (85)
728 1827 837 1881 τῶν
882 1826 1210 1898 εἰρημένων,
1238 1824 1438 1887 ταύτας
1464 1822 1576 1895 (84)
1621 1821 1819 1892 ὑπολη-

223 1920 422 1974 πτέον.
453 1919 724 1990 Βούλομαι
771 1919 868 1990 μὲν
913 1920 1120 1983 εἰπεῖν,
1160 1918 1242 1970 ὅτι
1270 1916 1556 1986 ἀκινήτους
1594 1915 1730 1985 πρὸς
1756 1913 1818 1966 τὸ

222 2013 432 2077 κακὸν,
480 2012 576 2067 ml.
623 2012 791 2083 μόνην
833 2011 1062 2082 ἐχούσας
1104 2009 1201 2081 τὴν
1244 2006 1338 2062 τοῦ
1375 2006 1543 2062 καλοῦ
1581 2007 1816 2077 κίνησιν,

224 2106 336 2161 ἅτε
368 2105 499 2176 περὶ
523 2103 654 2157 Θεὸν
678 2102 844 2167 οὔσας
861 2143 877 2167 ,
906 2103 999 2155 ml.
1029 2101 1099 2156 τὰ
1141 2100 1332 2172 πρῶτα
1360 2102 1425 2154 ὲκ
1448 2098 1581 2152 Θεοῦ
1610 2097 1820 2168 λαμπο-

227 2194 409 2263 μένας
441 2192 530 2264 (τὰ
555 2191 664 2264 γὰρ
700 2190 934 2245 ἐνταῦθα
973 2190 1230 2260 δευτέρας
1257 2186 1614 2259 ὲλλάμψεως)·
1643 2186 1817 2239 πείθει

224 2283 289 2337 δέ
332 2302 421 2355 με,
472 2283 546 2356 μὴ
591 2284 916 2355 ἀκινήτους,
957 2281 1091 2335 ἀλλὰ
1135 2281 1486 2352 δυσκινήτους
1531 2277 1681 2349 (85),
1724 2277 1819 2330 ml.

229 2375 647 2447 ὑπολαμϐάνειν
679 2375 883 2438 ταύτας
914 2374 1009 2427 ml.
1041 2372 1241 2441 λέγειν,
1275 2374 1304 2426 ὁ
1334 2371 1421 2425 διὰ
1448 2372 1546 2443 τὴν
1573 2369 1819 2440 λαμπρόο

228 2484 380 2538 τητα
415 2468 754 2540 Ἐωσφόρος,
795 2466 984 2529 σκότος
1018 2466 1109 2518 διὰ
1143 2464 1242 2536 τὴν
1290 2464 1516 2530 ἔπαρσιν
1543 2462 1638 2516 ml.
1662 2461 1817 2530 γενό-

232 2576 405 2631 μενος
448 2560 544 2614 καὶ
574 2558 866 2628 λεγόμενος
885 2599 899 2624 ,
937 2558 997 2610 αἴ
1031 2574 1090 2610 τε
1134 2557 1223 2610 ὑπ’
1257 2554 1416 2608 αὑτὸν
1460 2552 1819 2607 ἀποστατικαὶ

227 2647 518 2717 δυνάμεις,
547 2646 868 2717 δημιουργοὶ
895 2647 995 2718 τῆς
1017 2645 1214 2709 κακίας
1239 2646 1305 2698 τῆ
1330 2642 1425 2697 τοῦ
1453 2643 1618 2698 καλοῦ
1648 2645 1817 2716 φυγῇ,

227 2738 338 2794 καὶ
368 2741 504 2810 ἡμῖν
536 2736 804 2811 πρόξενοι.
1735 2763 1749 2774 -

1988 904 2056 960 ν.
2097 906 2361 974 Quoniam
2412 920 2590 965 autem
2632 911 2859 966 bonitati
2918 909 3142 967 minime
3184 913 3319 968 satis
3365 921 3487 967 erat

1924 1013 2019 1053 sua
2065 1002 2234 1071 ipsius
2285 1004 2459 1059 solum
2509 1004 2958 1074 contemplatione
3004 1007 3232 1072 moveri,
3260 1006 3354 1061 sed
3384 1005 3484 1062 bo-

1919 1104 2049 1143 num
2110 1089 2334 1146 diﬂundi
2394 1108 2459 1147 ac
2510 1097 2797 1164 propagari
2845 1098 3164 1166 oportebat,
3216 1104 3274 1151 ut
3328 1096 3484 1166 plura

1915 1191 2119 1248 essent,
2160 1198 2281 1253 quae
2325 1184 2587 1241 beneficio
2614 1184 2959 1241 afﬁcerentur
2988 1186 3066 1258 (id
3086 1188 3230 1243 enim
3259 1202 3485 1242 summa:

1921 1273 2177 1331 bonitatis
2204 1280 2364 1347 erat),
2394 1278 2625 1347 primum
2665 1279 2902 1349 angelos,
2947 1289 3004 1336 et
3030 1280 3279 1337 caelestes
3322 1280 3486 1350 Spiri-

1918 1374 2005 1420 tus
2032 1366 2328 1436 cogitavit;
2359 1378 2521 1438 atque
2566 1369 2652 1423 illa
2707 1369 2966 1439 cogitatio
3008 1385 3143 1440 opus
3170 1379 3310 1439 erat,
3340 1372 3485 1441 quod

1917 1455 2096 1514 Verbo
2122 1459 2540 1526 conficiebatur,
2565 1475 2629 1515 ac
2652 1459 2858 1529 Spiritu
2880 1461 3291 1531 perﬁciebatur;
3322 1472 3487 1534 atque

1919 1549 1992 1604 ita
2026 1552 2247 1606 secundi
2275 1553 2593 1622 splendores
2636 1555 2908 1622 procreati
2938 1563 3089 1620 sunt,
3122 1556 3282 1624 primi
3309 1555 3488 1626 splen-

1919 1639 2066 1695 doris
2094 1641 2395 1697 administri
2420 1661 2434 1710 ;
2462 1644 2579 1698 sive
2607 1645 2833 1713 spiritus
2858 1654 3038 1700 mente
3062 1646 3338 1715 praeditos,
3370 1647 3489 1702 sive

1920 1731 2096 1801 ignem
2155 1740 2411 1803 tanquam
2464 1735 2705 1789 materiae
2754 1745 2808 1789 et
2873 1737 3120 1806 corporis
3173 1747 3483 1807 expertem,

1920 1821 2090 1895 85,9
2143 1823 2260 1879 sive
2307 1824 2466 1879 aliam
2518 1826 2807 1895 quamdam
2842 1837 3091 1881 naturam
3135 1827 3380 1898 proxime
3419 1829 3488 1883 ad

1918 1926 2032 1979 eas,
2093 1927 2230 1981 quas
2282 1914 2538 1979 diximus,
2605 1915 2972 1983 accedentem,
3023 1932 3117 1972 eos
3172 1918 3488 1974 existimare

1919 2009 2155 2070 oportet.
2197 2002 2378 2059 Gestit
2427 2005 2643 2075 quidem
2689 2006 2903 2062 animus
2943 2008 3124 2064 dicere
3165 2009 3232 2063 ad
3290 2009 3487 2063 malum

1919 2092 2246 2159 immobiles,
2307 2110 2371 2151 ac
2422 2096 2759 2152 solummodo
2812 2099 2880 2154 ad
2922 2097 3122 2154 bonum
3168 2115 3486 2170 propensos,

1919 2192 2106 2251 utpote
2133 2185 2300 2239 Deum
2324 2186 2758 2255 circumstantes,
2789 2202 2854 2244 ac
2878 2189 3139 2260 primario
3163 2191 3255 2246 Dei
3286 2190 3491 2262 fulgore

1920 2274 2250 2331 collucentes
2299 2277 2437 2349 (hare
2471 2279 2617 2332 enim
2652 2278 2912 2335 inferiora
2942 2282 3193 2336 secundae
3223 2281 3489 2336 illumina-

1922 2362 2084 2419 tionis
2106 2365 2250 2434 sunt)
2275 2382 2290 2430 ;
2326 2380 2536 2434 verum,
2568 2377 2626 2423 ut
2656 2384 2759 2424 non
2786 2369 3008 2426 omnino
3040 2370 3364 2437 immobiles,
3393 2373 3489 2426 sed

1919 2469 2062 2523 {egre
2097 2456 2323 2513 mobiles
2363 2458 2672 2515 existimem
2708 2475 2773 2514 ac
2808 2460 3008 2526 dicam,
3041 2460 3171 2515 mihi
3201 2462 3490 2530 persuadet

1921 2544 2032 2607 ille,
2084 2546 2154 2600 ob
2200 2546 2566 2616 splendorem,
2618 2548 2859 2619 Lucifer,
2914 2551 3005 2621 qui
3049 2561 3266 2622 prepter
3300 2567 3490 2621 super-

1919 2634 2064 2691 biam
2115 2637 2290 2709 caligo
2324 2637 2549 2695 effectus
2572 2650 2678 2706 est,
2713 2655 2777 2696 ac
2808 2643 3140 2709 nominatur,
3169 2650 3225 2697 et
3258 2642 3489 2698 rebelles

1920 2728 2094 2798 angeli
2135 2728 2184 2783 ei
2233 2729 2481 2800 subjecti,
2525 2731 2642 2787 vitii
2678 2747 2775 2803 per
2801 2733 2928 2790 boni
2960 2731 3139 2804 fugam
3173 2735 3485 2801 architecti,

1919 2820 2268 2891 ejusdemque
2296 2822 2451 2878 nobis
2477 2832 2749 2880 auctores.

314 2923 373 2989 ς
386 2926 422 2976 ’.
492 2919 649 2973 Οὕτω
692 2918 789 2989 μὲν
812 2911 906 2971 οὖν
932 2917 962 2969 ό
987 2915 1176 2989 νοητὸς
1207 2915 1355 2988 αὐτῷ
1399 2918 1494 2972 ml.
1520 2917 1611 2970 διὰ
1645 2916 1815 2972 ταῦτα

1992 2911 2080 2968 Vl.
2117 2912 2208 2969 Sic
2261 2914 2637 2986 igitur_atque
2670 2917 2739 2972 ob
2783 2917 2882 2973 bas
2916 2931 3129 2985 causas,
3172 2917 3406 2974 mundus
3443 2917 3489 2973 is

231 3013 451 3082 ὑπέστη
485 3011 690 3080 κόσμος
716 3048 731 3074 ,
789 3008 864 3072 ὡς
896 3007 998 3079 ἐμὲ
1029 3007 1160 3077 γοῦν
1193 3007 1321 3080 περὶ
1362 3007 1568 3062 τούτων
1602 3006 1816 3078 φιλοσο-

234 3104 436 3174 φῆσαι,
476 3101 656 3173 μικρῷ
682 3099 824 3171 λόγῳ
856 3098 924 3153 τὰ
955 3098 1165 3171 μεγάλα
1200 3096 1605 3170 σταθμώμενον.
1665 3099 1820 3152 Ἐπεὶ

232 3196 294 3249 δὲ
330 3194 403 3248 τὰ
443 3193 636 3265 πρῶτα
686 3190 867 3255 καλῶς
919 3186 1066 3262 εἶχεν
1102 3189 1252 3260 αὐτῷ
1274 3231 1289 3253 ,
1353 3189 1603 3262 δεύτερον
1652 3190 1822 3243 ὲννοεῖ

234 3286 469 3356 κόσμον,
501 3282 684 3336 ὑλικὸν
715 3282 810 3334 καὶ
841 3280 1148 3352 ὁρώμενον·
1175 3280 1271 3333 ml.
1292 3273 1446 3343 οὗτός
1477 3281 1591 3331 ἐστι
1613 3316 1628 3342 ,
1668 3277 1730 3331 τὸ
1761 3276 1820 3342 ἐξ

235 3373 496 3448 οὐρανοῦ,
522 3374 618 3427 καὶ
641 3373 747 3443 γῆς
765 3413 779 3438 ,
817 3374 911 3427 καὶ
950 3371 1057 3426 τῶν
1084 3373 1141 3424 ὲν
1174 3370 1323 3442 μέσῳ
1350 3369 1461 3441 (86)
1486 3368 1737 3440 σύστημά
1760 3386 1819 3422 τε

238 3469 340 3523 ml.
380 3466 698 3537 σύγκριμα·
734 3462 1015 3519 ἐπαινετὸν
1062 3463 1161 3533 μὲν
1191 3463 1291 3531 τῆς
1320 3460 1440 3515 καθ’
1469 3461 1696 3514 ἕκαστον
1727 3460 1820 3512 εὐ-

240 3561 446 3630 φυΐας,
504 3555 1021 3626 ἀξιεπαινετώτερον
1051 3555 1110 3608 δὲ
1147 3553 1246 3624 τῆς
1275 3554 1334 3620 ἐξ
1368 3553 1618 3607 ἀπάντων
1659 3552 1823 3623 εὐαρ-

244 3652 479 3723 μοστίας
515 3649 610 3704 ml
645 3648 997 3718 συμφωνίας,
1029 3645 1188 3701 ἄλλου
1229 3645 1364 3717 πρὸς
1402 3644 1528 3700 ἄλλο
1558 3661 1611 3697 τι
1641 3643 1822 3707 καλῶς

241 3742 462 3813 ἔχοντος
480 3780 496 3804 ,
531 3740 629 3793 καὶ¹
661 3737 881 3791 πάντων
910 3734 1048 3807 πρὸς
1077 3735 1294 3789 ἅπαντα
1312 3775 1326 3799 ,
1354 3734 1432 3796 εἰς
1472 3733 1590 3796 ἑνὸς
1614 3732 1820 3802 κόσμου

243 3831 644 3903 συμπλήρωσιν
667 3847 680 3860 ·
717 3829 804 3883 ἵνα
835 3826 1019 3897 δείξῃ,
1074 3823 1148 3896 μὴ
1193 3823 1350 3895 μόνον
1398 3822 1601 3876 οἰκείαν
1643 3822 1822 3892 ἐαυτῷ

242 3922 431 3993 φύσιν,
461 3921 599 3974 ἀλλὰ
625 3918 720 3973 καὶ¹
754 3918 929 3989 πάντη
964 3916 1123 3985 ξένην
1165 3914 1573 3985 ὑποστήσασθαι
1598 3913 1821 3978 δυνατὸς

241 4014 342 4069 ὥν.
388 4014 602 4067 Οίκεῖον
634 4012 733 4082 μὲν
757 4009 865 4080 γὰρ
893 4008 1165 4078 Θεότητος,
1191 4009 1247 4060 αἱ
1272 4005 1457 4076 νοεραὶ
1487 4006 1698 4074 φύσεις,
1726 4007 1822 4057 καὶ

242 4108 323 4180 νῷ
363 4108 512 4178 μόνῳ
559 4104 788 4175 ληπταί·
844 4100 992 4166 ξένον
1023 4098 1133 4169 (87)
1174 4098 1231 4151 δὲ
1275 4096 1618 4151 παντάπασιν
1642 4134 1658 4159 ,
1702 4095 1823 4148 ὅσαι

1920 3006 2320 3073 intellectualis,
2355 3008 2424 3062 ab
2466 3022 2533 3063 eo
2561 3017 2778 3063 creatus
2811 3007 2914 3074 est,
2949 3017 3212 3079 quantum
3269 3008 3487 3077 quidem

1919 3096 2035 3166 ipse
2076 3097 2142 3153 de
2186 3096 2271 3153 bis
2304 3099 2465 3153 rebus
2505 3097 2876 3168 philosophari
2916 3113 3074 3169 queo,
3125 3099 3316 3170 exigua
3363 3113 3490 3154 ora-

1922 3187 2066 3243 tione
2110 3202 2198 3244 res
2242 3203 2465 3259 magnas
2520 3189 2851 3257 expendens.
2899 3189 3255 3260 Posteaquam
3308 3199 3488 3246 autem

1919 3277 2125 3347 primas
2165 3286 2347 3347 partes
2386 3278 2642 3347 praeclare
2674 3281 2993 3337 constitutas
3041 3281 3197 3348 vidit,
3258 3281 3487 3338 alterum

1920 3372 2202 3437 mundum,
2238 3373 2460 3428 materia
2499 3380 2836 3429 constantem
2874 3382 2927 3428 et
2962 3374 3342 3443 aspectabilem
3397 3390 3490 3430 co-

1921 3462 2129 3531 gitavit,
2160 3463 2301 3518 hanc
2323 3463 2580 3518 nimirum
2615 3478 2683 3519 ex
2714 3464 2874 3528 coelo,
2908 3473 2964 3520 et
2984 3472 3155 3529 terra,
3189 3473 3243 3519 et
3271 3466 3357 3521 his
3395 3481 3488 3521 re-

1919 3551 2022 3607 bus
2070 3566 2190 3622 quae
2216 3567 2401 3608 eorum
2426 3553 2705 3624 complexu
2746 3555 3113 3622 continentur,
3143 3567 3489 3626 coagmenta-

1923 3643 2123 3699 tiouem
2151 3652 2206 3699 et
2237 3644 2635 3700 concretionem
2674 3662 2687 3699 :
2719 3644 3041 3700 laudabilem
3075 3644 3217 3700 illam
3249 3647 3487 3718 quidem,

1921 3733 1991 3787 ob
2034 3732 2363 3804 singularum
2399 3734 2631 3805 partium
2676 3734 3035 3805 elegantiam;
3067 3750 3253 3791 verum
3309 3736 3489 3794 lauda-

1921 3824 2276 3894 biliorem,ob
2298 3840 2438 3894 eam,
2469 3841 2587 3896 qua:
2615 3843 2681 3882 ex
2707 3827 2975 3883 universis
3007 3828 3243 3896 exsistit,
3271 3831 3493 3885 concin-

1923 3916 2141 3971 nitatem
2169 3925 2332 3983 atque
2351 3917 2718 3983 concordiam,
2747 3917 2850 3972 alia
2878 3932 2939 3974 re
2957 3917 3208 3975 videlicet
3242 3919 3310 3975 ad
3337 3920 3485 3976 aliud

1923 4007 2173 4076 quiddam
2203 4006 2426 4077 pulchre
2453 4008 2778 4078 quadrante,
2805 4018 2969 4078 atque
2997 4011 3249 4065 omnibus
3274 4011 3342 4065 ad
3373 4025 3492 4067 om-

1923 4098 2012 4153 nia
2034 4096 2169 4153 scite
2200 4098 2663 4163 convenientibus,
2711 4098 2777 4153 ad
2811 4100 2970 4153 unius
3015 4100 3203 4154 mundi
3241 4109 3492 4155 ornatum

244 4200 354 4255 ὑπὸ
377 4200 478 4270 τὴν
502 4197 786 4268 αἴσθησιν·
839 4193 933 4248 ml.
974 4190 1178 4247 τούτων
1216 4188 1395 4244 αὐτῶν
1430 4187 1509 4241 ἔτι
1544 4186 1815 4259 πορρωτέ-

1923 4189 2173 4246 omnibus
2194 4189 2436 4244 numeris
2468 4188 2848 4244 absolvendum
2878 4205 2893 4254 ;
2946 4196 3007 4243 ut
3033 4189 3375 4259 perspicuum
3406 4190 3493 4244 fa-

246 4308 349 4363 ρω,
378 4289 501 4342 ὅσαι
537 4284 815 4348 παντελῶς
848 4283 1043 4354 ἄψυχοι
1085 4281 1179 4335 καὶ
1203 4278 1470 4350 ἀκίνητοι.

1925 4287 2094 4345 ceret,
2117 4294 2196 4346 se,
2233 4294 2340 4334 non
2385 4279 2545 4335 modo
2596 4278 2803 4348 sibiipsi
2851 4286 3131 4349 cognatam
3172 4287 3227 4335 et
3267 4282 3492 4350 propiu-

244 4397 411 4452 quam
453 4388 722 4444 naturam,
762 4378 858 4433 sed
907 4376 1070 4430 etiam
1121 4375 1341 4428 omnino
1394 4373 1625 4426 alienam
1664 4387 1820 4443 posse
1858 4388 2166 4443 procreare.
2200 4373 2510 4429 Diviuitatis
2572 4373 2715 4429 enim
2787 4374 3101 4442 propinquae
3136 4384 3265 4429 sunt
3293 4374 3496 4430 intelli-

244 4485 438 4545 gentes
476 4482 702 4540 naturae,
733 4487 959 4541 qumque
989 4478 1167 4525 mente
1194 4468 1307 4524 sola
1344 4470 1543 4537 percipi
1574 4478 1818 4537 queunt;
1859 4470 2050 4526 alienatI
2093 4480 2274 4526 autem
2343 4471 2586 4537 omnino,
2648 4484 2986 4540 quaecunque
3034 4469 3136 4525 sub
3177 4484 3371 4528 sensus
3405 4487 3498 4528 ca-

245 4571 416 4633 dunt;
445 4574 607 4635 atque
639 4566 724 4619 his
755 4564 930 4617 adhuc
962 4560 1299 4623 remotiores,
1318 4574 1439 4628 quae
1464 4559 1640 4612 anima
1661 4559 1807 4613 onmi
1846 4570 1901 4615 et
1928 4569 2073 4617 motu
2099 4568 2307 4616 carent.

316 4659 400 4714 Z’.
435 4656 581 4719 Νοῦς
608 4656 707 4726 μὲν
732 4652 826 4709 οὖν
847 4655 948 4725 ἤδη
976 4656 1069 4709 καὶ
1092 4653 1342 4726 αἴσθησις
1364 4651 1501 4723 (88),
1529 4649 1702 4714 οὕτως
1728 4652 1815 4704 ἀπ’

2003 4655 2112 4712 VII.
2145 4655 2436 4711 Enimvero
2469 4671 2622 4711 meus
2648 4657 2757 4727 jam
2790 4667 2844 4712 et
2896 4673 3111 4727 sensus,
3145 4660 3226 4716 sic
3255 4660 3400 4717 inter
3440 4678 3499 4717 se

245 4750 490 4821 ἀλλήλων
534 4748 880 4820 διακριθέντα
920 4744 1072 4817 (89),
1127 4744 1235 4798 τῶν
1295 4742 1439 4797 ἰδίων
1487 4744 1628 4814 ὅρων
1669 4741 1815 4805 ἐντὸς

1929 4750 2181 4816 discreta,
2238 4746 2436 4803 finibus
2480 4749 2596 4804 suis
2652 4765 2713 4805 se
2763 4751 3132 4819 continebant,
3180 4751 3499 4822 opificisque

318 4843 337 4872 ⁷
366 4842 469 4894 lsa.
499 4855 576 4905 vr,
604 4840 640 4893 2
669 4855 788 4909 sqq.

319 4936 431 5004 (8|)
460 4936 646 5004 Ὅπερ
668 4936 788 4989 καί.
822 4933 1116 5004 DuoColb.
1151 4940 1204 4988 et
1231 4932 1325 4987 Or.
1361 4933 1414 4995 1,
1436 4933 1465 4986 ὃ
1498 4933 1608 4988 καί.

1927 4935 2291 4988 continentur.
2342 4928 2474 5004 Nam
2515 4948 2536 4982 ι
2573 4931 2825 5004 mundus,
2864 4951 2885 4986 ι
2933 4940 2993 4986 ιιι
3024 4934 3100 4987 ait
3135 4933 3491 5004 Aristoteles,

321 4937 400 4999 (8|
460 4936 646 5004 Ὅπερ
668 4936 788 4989 καί.
822 4936 937 4990 Duo
966 4936 1116 4988 Colb.
1151 4940 1204 4988 et
1231 4936 1325 4987 Or.
1361 4936 1414 4995 1,
1436 4936 1465 4986 ὃ
1498 4936 1608 4988 καί.
1927 4936 2291 4988 continentur.
2343 4936 2474 4984 Nam
2515 4948 2536 4982 ι
2573 4936 2825 4997 mundus,
2864 4951 2885 4986 ι
2933 4940 2993 4986 ιιι
3024 4936 3100 4987 ait
3135 4936 3491 4998 Aristoteles,

321 4936 432 5077 (82)
470 5004 759 5077 Ttrlféif.
815 5004 905 5077 Sic
948 5003 1205 5077 Ilegg.__d,_
1245 5004 1470 5077 ph_,_0r.
1506 5004 1562 5077 1,
1614 5005 1825 5077 etc._lu
1931 5023 1949 5055 ι
1996 5011 2079 5058 est
2113 5000 2508 5077 coagmentatio
2534 5015 2601 5055 ex
2631 5001 2769 5057 caelo
2794 5011 2849 5058 et
2885 5015 3027 5058 terra
3062 5003 3381 5073 naturisque
3409 5005 3493 5059 in-

246 5077 333 5129 ed.
376 5072 527 5129 deest
562 5075 692 5128 τῶν.
726 5075 953 5128 Budaeus
986 5072 1283 5144 intelligit}
1305 5074 1638 5144 Dionysium.
1664 5092 1682 5126 ι
1728 5073 1828 5129 Re-
1927 5072 2234 5144 tertnediis.
2274 5089 2292 5122 ι

249 5148 370 5213 gius
397 5145 704 5200 Mazarinus
753 5157 807 5200 et
836 5144 1069 5209 Nicetas,
1115 5161 1133 5194 ι
1161 5138 1544 5210 Athanasium,
1573 5163 1592 5195 ι
1629 5144 1825 5214 quibus
1924 5211 1953 5214 _
1996 5141 2128 5214 (87)_
2160 5138 2368 5214 Ξένον.
2403 5138 2731 5214 _Sic__Regg.
2781 5140 2894 5210 bm,
2948 5143 3043 5211 ph,
3080 5141 3243 5197 Coisl.
3285 5142 3338 5211 1,
3386 5151 3493 5198 etc.

248 5208 594 5268 assentimur.
1056 5208 1060 5209 ν
1528 5208 1533 5210 γ
1648 5208 1662 5214 ’
1923 5208 2096 5267 Prave
2117 5211 2167 5262 iu
2202 5208 2327 5266 Par.
2352 5211 2462 5273 ed.,
2498 5208 2674 5274 ξένου.

321 5285 434 5353 (85)
480 5283 828 5353 Ἐγγυτάτω.
863 5283 918 5336 1η
952 5282 1242 5353 nonnullis,
1274 5283 1610 5353 ἐγγυτάτων.

1996 5279 2106 5352 (88)
2135 5280 2295 5346 Νοῦς
2314 5279 2434 5348 μὲν
2479 5279 2592 5336 οὖν
2633 5280 2749 5348 ἤδη
2796 5281 2893 5352 καὶ
2927 5283 3229 5350 αἴσθησις.
3276 5300 3295 5333 ι
3319 5282 3495 5352 γΜθηε

321 5352 433 5424 (84)
456 5355 715 5435 ⁸Ταύτας.
748 5354 836 5432 Sic
864 5368 957 5407 sex
991 5352 1179 5423 Regg..
1204 5352 1326 5405 Par.
1383 5352 1518 5419 Jes.,
1541 5354 1665 5409 Bas.
1713 5362 1820 5407 etc.

1919 5350 2033 5421 jam
2068 5361 2123 5404 et
2172 5367 2386 5404 sensus.
2441 5368 2459 5399 ι
2522 5352 2773 5421 Intelligit
2828 5351 3120 5421 Gregorius
3177 5351 3394 5421 angelos
3440 5362 3497 5407 et

252 5420 424 5478 Prave
456 5425 507 5476 in
539 5425 650 5490 ed.,
692 5422 882 5477 ταῦτα.
1076 5420 1130 5423 ’“
1926 5420 2191 5474 visibilem
2225 5421 2478 5473 mundum
2508 5438 2537 5473 a
2579 5420 2751 5474 Verbo
2789 5420 3022 5484 creatus.
3065 5421 3178 5490 Qui,
3208 5420 3357 5476 vecis
3399 5436 3495 5476 or-

323 5493 435 5567 (85)
478 5493 913 5567 Δυσκινήτους.
954 5495 1045 5551 Sic
1091 5494 1259 5567 Regg.
1303 5506 1354 5559 c,
1404 5496 1458 5560 tl,
1499 5497 1588 5564 ph,
1632 5499 1824 5565 Savil.,
1924 5505 2065 5567 gano
2115 5490 2635 5567 destituti,_opif_icis
2682 5492 2762 5543 sui
2813 5490 3039 5559 gloriam
3073 5492 3235 5547 tacite
3266 5506 3493 5548 enarra-

253 5560 446 5635 etc.
476 5565 586 5635 etl.,
615 5564 1001 5635 δυσκυνήτους.
1122 5634 1133 5635 ί
1176 5560 1236 5567 ﬂ
1499 5560 1513 5564 —
1811 5560 1815 5565 l

1925 5560 2238 5635 banthum
2272 5560 2503 5635 nondum
2534 5562 2696 5635 homo
2723 5571 2938 5635 creatus
2971 5570 3115 5616 esset

322 5632 435 5701 (86)
462 5634 572 5688 Καὶ
601 5633 722 5688 τῶν
746 5634 817 5686 ἐν
838 5628 1028 5703 ξαέσῳ.
1067 5654 1086 5687 ι
1119 5634 1187 5690 Ει
1232 5636 1397 5690 rebus
1428 5636 1641 5702 mediis,
1682 5656 1701 5690 ι
1742 5639 1815 5692 ηἰ-

1999 5629 2110 5703 (89)
2163 5629 2582 5703 Διακριθένταη
2619 5628 2708 5683 Sic
2760 5630 3003 5701 plerique
3060 5630 3299 5689 melioris
3350 5638 3495 5688 nota

255 5698 455 5760 mirum
492 5718 618 5761 aere
664 5712 720 5760 et
753 5698 911 5775 aqua,
955 5698 1075 5777 quae
1118 5707 1259 5763 inter
1290 5704 1488 5762 coelum
1539 5717 1593 5764 et
1625 5698 1815 5764 terram

1927 5698 2099 5757 codd.
2117 5702 2170 5755 ltt
2198 5700 2309 5769 ed.,
2339 5698 2727 5773 διακριθέντες.
