3898 6222
333 267 446 325 633

324 384 392 436 οὐ
419 383 582 437 καλὸν
623 386 681 439 δὲ
710 392 822 452 τοῖς
867 391 1256 467 ἁπλουστέροις
1300 399 1380 452 ἔτι
1403 440 1416 464 ,
1452 403 1548 456 καὶ

325 476 658 570 λιχνοτέροις
677 497 690 509 ·
731 481 921 554 ὥσπερ
945 487 1064 538 οὐδὲ
1089 491 1261 561 τροφὴ
1291 493 1470 546 τελεία
1496 495 1775 570 λυσιτελὴς
1799 505 1910 564 τοῖς

323 569 559 632 ἁπαλοῖς
595 571 671 642 (2)
707 573 786 626 ἔτι
807 615 823 640 ,
864 577 958 629 καὶ
989 579 1264 648 δεομένοις
1299 584 1588 651 γάλακτος.
1664 569 1814 643 Ἐπεὶ
1851 591 1909 644 δὲ

327 659 512 730 φθόνῳ
549 662 827 728 διαϐόλου,
865 670 955 721 καὶ
984 673 1239 736 γυναικὸς
1271 675 1534 747 ἐπηρείᾳ,
1565 679 1632 748 ἤν
1671 697 1729 732 τε
1777 681 1909 734 ἐπα-

328 751 447 813 θεν,
478 755 553 818 ὡς
581 757 940 830 ἁπαλωτέρα,
977 763 1070 814 καὶ
1109 763 1176 833 ἢν
1212 769 1560 838 προσήγαγεν
1579 809 1594 832 ,
1625 770 1702 834 ὡς
1743 772 1907 826 πιθα-

325 844 544 914 νωτέρα
595 846 731 916 (φεῦ.
763 850 864 920 τῆς
896 851 1036 922 ἐμῆς
1068 853 1381 920 ἀσθενείαςί
1435 860 1542 929 ἐμὴ
1586 861 1697 932 γὰρ
1738 863 1770 933 ἡ
1813 863 1905 916 τοῦ

325 935 733 1005 προπάτορος),
767 940 867 1010 τῆς
915 942 1012 1010 μὲν
1045 944 1262 1015 ἐντολῆς
1293 947 1585 1003 ἐπελάθετο
1609 953 1709 1022 τῆς
1739 953 1908 1007 δοθεί-

324 1040 464 1092 σης,
521 1028 616 1078 καὶ
642 1029 850 1100 ἡττήθη
889 1032 988 1102 τῆς
1025 1037 1226 1106 μικρᾶς
1257 1037 1528 1104 γεύσεως·
1569 1043 1704 1112 ὁμοῦ
1730 1045 1787 1097 δὲ
1809 1045 1903 1099 τοῦ

321 1118 428 1187 τῆς
453 1115 597 1190 ζωῆς
621 1120 779 1186 ξύλου
807 1163 822 1188 ,
853 1126 946 1178 καὶ
985 1127 1080 1179 τοῦ
1125 1130 1453 1199 παραδείσου
1477 1176 1491 1197 ,
1523 1135 1616 1188 καὶ
1645 1136 1737 1190 τοῦ
1765 1138 1901 1190 Θεοῦ

322 1207 418 1260 διὰ
447 1210 546 1280 τὴν
575 1212 775 1280 κακίαν
814 1214 1088 1286 ὲξόριστος
1117 1221 1363 1288 γίνεται,
1419 1225 1512 1277 καὶ
1546 1227 1672 1290 τοὺς
1697 1227 1904 1298 δερμα-

321 1300 506 1391 τίνους
552 1302 913 1372 ἀμφιέννυται
952 1309 1222 1378 χιτῶνας,
1279 1313 1409 1377 ἴσως
1453 1317 1552 1387 τὴν
1590 1320 1904 1391 παχυτέραν

327 1390 531 1461 σάρκα,
566 1396 661 1447 καὶ
693 1396 894 1468 θνητὴν
913 1440 926 1464 ,
963 1402 1058 1454 καὶ
1084 1402 1378 1458 ἀντίτυπον
1397 1422 1410 1436 ·
1447 1408 1724 1463 καὶτοῦτο
1755 1390 1906 1483 πρῶ-

323 1500 420 1536 τον
449 1485 706 1553 γινώσκει
728 1490 826 1560 τὴν
857 1491 992 1546 ἰδίαν
1016 1495 1298 1568 αἰσχύνην,
1324 1499 1419 1553 καὶ
1445 1501 1553 1553 ἀπὸ
1595 1502 1730 1556 Θεοῦ
1773 1505 1905 1576 κρύ-

323 1593 545 1631 πτεται.
568 1581 852 1652 Κερδαίνεσ
879 1585 976 1655 μέν
1002 1604 1053 1640 τι
1087 1588 1386 1653 κάνταῦθα,
1417 1592 1508 1646 τὸν
1535 1592 1781 1658 θάνατον,
1812 1597 1904 1649 καὶ

320 1670 388 1722 τὸ
417 1671 734 1743 διακοπῆναι
761 1676 862 1747 τὴν
888 1679 1184 1750 ἁμαρτίαν,
1221 1683 1308 1737 ἵνα
1337 1684 1412 1754 μὴ
1443 1684 1708 1741 ἀθάνατον
1833 1688 1894 1741 τό

1301 283 1552 344 ORATIO
1591 290 1751 347 XLV.
1792 327 1857 336 ——
1897 299 1962 353 IN
2001 300 2326 360 SANCTUM
2364 305 2656 363 PASCHA.

3474 317 3585 375 654-

1581 405 1689 476 τὴν¹
1725 406 1902 476 ἔφεσιν

2013 428 2167 485 cepta
2195 419 2686 490 (contemplationis
2712 421 2879 486 enim,
2917 435 2974 478 ut
3015 425 3130 493 ipse
3175 429 3582 499 contemplanda

2013 524 2295 578 assequar,
2329 511 2444 566 haec
2490 513 2652 566 arbor
2696 521 2834 576 erat,
2877 516 2942 569 ad
2971 531 3134 584 quam
3167 517 3234 572 iis
3263 518 3392 574 solis
3437 531 3583 577 tutus

2010 598 2172 668 851
2212 611 2295 654 eet
2343 616 2622 666 ascensus,
2680 604 2771 673 qui
2813 605 2977 659 animi
3038 607 3222 663 habitu
3273 611 3581 678 perfectiuri

2009 693 2186 761 sunt);
2251 691 2662 762 haudquaquam
2737 703 2916 749 autem
2963 698 3105 750 bona
3161 701 3582 768 simplicioribus

2008 779 2185 834 adhuc
2243 781 2461 849 animis,
2500 792 2662 850 atque
2721 785 2961 853 appetitu
3022 788 3247 842 avidiori
3300 793 3576 860 praeditis;

2009 873 2460 938 quemadmodum
2504 888 2603 927 nec
2644 873 2915 942 perfectus
2960 892 3024 931 ac
3065 879 3268 935 solidus
3303 883 3456 937 cibus
3510 886 3580 940 iis

2007 962 2280 1025 conducit,
2327 963 2418 1032 qui
2462 973 2647 1019 tenera
2694 967 2870 1021 adhuc
2916 979 3077 1023 aetate
3134 981 3281 1035 sunt,
3334 973 3580 1045 lacteque

2006 1066 2145 1120 opus
2197 1053 2417 1109 habent.
2469 1055 2758 1126 Postquam
2794 1070 2974 1113 autem
3019 1060 3218 1115 diaboli
3263 1063 3488 1129 invidia,
3525 1076 3580 1121 et

2005 1140 2196 1196 fraude
2219 1140 2360 1196 facta
2387 1143 2619 1209 mulieri,
2658 1162 2842 1216 quam,
2867 1159 2923 1202 et
2947 1159 3005 1203 ut
3038 1151 3251 1205 mollior
3287 1167 3447 1221 passa
3471 1166 3575 1220 est,

2004 1241 2078 1297 et,
2113 1241 2173 1286 ut
2214 1234 2280 1287 ad
2327 1237 2756 1304 persuadendum
2806 1243 3282 1309 accommodatior,
3341 1247 3581 1300 admovit

2008 1323 2062 1394 (ο
2113 1323 2482 1379 inﬁrmitatem
2535 1329 2745 1382 meam!
2797 1345 2969 1384 meam
3029 1331 3174 1384 enim
3229 1332 3368 1387 duco
3419 1334 3580 1403 primi

2003 1417 2241 1484 parentis
2270 1417 2702 1489 inﬁrmitatem),
2741 1422 2955 1490 accepti
2989 1423 3224 1477 mandati
3259 1425 3478 1490 oblitus,
3524 1437 3580 1480 et

2004 1505 2131 1559 huic
2165 1510 2343 1575 gustui
2372 1512 2568 1566 acerbo
2605 1513 2906 1580 acquievit,
2955 1523 3066 1567 tum
3103 1515 3262 1570 simul
3287 1527 3341 1571 et
3369 1533 3399 1571 a
3435 1518 3577 1588 ligno

2003 1597 2147 1663 vitae,
2185 1606 2240 1652 et
2275 1613 2304 1651 a
2351 1599 2620 1668 paradiso,
2655 1611 2710 1655 et
2754 1603 2822 1656 ab
2854 1603 2970 1673 ipso
3002 1605 3112 1659 Deo
3137 1615 3359 1676 propter
3384 1623 3579 1675 pecca-

2006 1693 2117 1737 tum
2151 1684 2458 1754 expellitur,
2492 1698 2546 1741 et
2587 1689 2842 1756 pelliceas
2883 1691 3092 1747 tunicas
3125 1693 3314 1757 induit,
3347 1694 3448 1748 hoc
3475 1705 3576 1758 est,

322 1762 518 1816 κακόν.
559 1766 670 1818 Καὶ
693 1767 900 1834 γίνεται
927 1770 1333 1843 φιλανθρωπία,
1369 1775 1403 1845 ἡ
1429 1777 1691 1848 τιμωρίαι
1743 1777 1902 1832 Οὕτω

2009 1781 2241 1836 fortasse
2269 1782 2596 1837 crassiorem
2634 1800 2874 1854 carnem,
2910 1797 2962 1840 et
2987 1789 3287 1856 mortalem,
3316 1806 3380 1845 ac
3408 1791 3579 1844 refra-

319 1854 433 1924 γάρ
459 1856 714 1928 πείθομαι
745 1861 822 1934 (5)
855 1861 1104 1927 κολάζειν
1131 1865 1284 1918 Θεόν.

2008 1870 2276 1936 ctariam;
2309 1873 2652 1942 primumque
2683 1877 3066 1944 turpitudinem
3113 1893 3264 1932 suam
3316 1881 3578 1950 agnoscit,

317 1958 380 2042 et
412 1966 441 2004 a
490 1952 597 2042 Deo
633 1971 692 2010 se
740 1959 1103 2014 abscondit“.
1139 1961 1316 2031 Atque
1358 1962 1446 2018 hic
1483 1978 1696 2035 quoque
1737 1973 1914 2021 tamen
1961 1976 2215 2034 mortem,
2280 1983 2343 2024 ac
2393 1972 2602 2040 peccati
2645 1973 3014 2041 praecisionem
3039 1974 3331 2042 elucratur,
3368 1993 3434 2031 ne
3464 1992 3582 2030 ma-

318 2037 434 2093 lum
497 2041 802 2102 immortale
851 2049 941 2103 sit.
1014 2048 1089 2102 lta
1148 2065 1307 2120 poena
1347 2053 1464 2122 ipsa
1533 2054 1589 2108 in
1666 2056 2092 2114 misericordiam
2183 2037 2530 2117 cessit.VSic
2595 2064 2740 2118 enim
2838 2066 3004 2121 Deum
3060 2068 3316 2137 supplicia
3383 2069 3582 2128 inferre

316 2145 540 2186 ςθηεεο.

393 2221 482 2278 Θ’.
529 2225 749 2289 Πολλοῖς
789 2227 846 2280 δὲ
872 2230 1185 2295 παιδευθεὶς
1215 2232 1480 2305 πρότερον
1529 2235 1652 2288 ἀντι
1693 2235 1901 2290 πολλῶν

315 2313 430 2368 τῶν
455 2317 889 2390 ἁμαρτημάτων,
920 2314 994 2375 ὧν
1023 2323 1055 2393 ή
1083 2324 1182 2394 τῆς
1207 2324 1408 2389 κακίας
1430 2326 1554 2397 ῥίζα
1577 2327 1900 2400 ἐϐλάστησε,

316 2409 463 2461 κατὰ
501 2409 793 2482 διαφόρους
840 2414 1020 2477 αἰτίας
1052 2416 1147 2468 καὶ
1197 2417 1464 2487 χρόνους,
1511 2419 1688 2492 λόγῳ,
1733 2422 1901 2493 νόμῳ,

316 2501 649 2570 προφήταις,
683 2504 1023 2575 εὐεργεσίαις
1043 2547 1058 2572 ,
1082 2508 1334 2574 ἀπειλαῖς
1351 2549 1365 2574 ,
1394 2511 1631 2583 πληγαῖς
1651 2553 1664 2572 ,
1691 2512 1900 2580 ὕδασιν,

315 2591 674 2662 ὲμπρησμοῖς
695 2635 710 2660 ,
743 2595 1033 2668 πολέμοις,
1067 2601 1240 2664 νίκαις
1263 2641 1278 2664 ,
1309 2601 1533 2672 ἥτταις,
1567 2605 1810 2675 σημείοις
1841 2605 1899 2672 ἐξ

315 2683 556 2752 οὐρανοῦ
576 2725 590 2750 ,
635 2688 883 2756 σημείοις
920 2690 978 2756 ἐξ
1011 2691 1172 2762 ἀέρος
1193 2733 1207 2757 ,
1256 2695 1321 2745 ἐκ
1349 2694 1472 2764 γῆς,
1505 2695 1570 2748 ὲκ
1607 2695 1898 2766 θαλάττης,

315 2774 556 2845 ἀνδρῶν,
590 2777 819 2843 πόλεων,
854 2779 1043 2844 ἐθνῶν,
1061 2781 1407 2846 ἀνελπίστοις
1432 2785 1775 2853 μεταϐολαῖς,
1807 2788 1898 2856 ὑφ’

315 2859 401 2918 ὧν
450 2869 768 2940 ὲκτριϐῆναι
805 2871 902 2942 τὴν
958 2873 1156 2927 κακίαν
1205 2873 1268 2926 τὸ
1318 2875 1752 2946 σπουδαζόμενον
1797 2873 1897 2949 ἦν·

286 2997 288 2999 .
316 2957 510 3022 τέλος,
547 2961 892 3033 ἰσχυροτέρου
922 2963 1090 3016 δεῖται
1133 2965 1427 3036 φαρμάκου
1458 2965 1550 3018 ἐπὶ
1581 2966 1900 3037 δεινοτέροις

315 3052 436 3112 τοῖς
469 3022 912 3124 ἀρρωστήμασιν,
937 3022 1367 3125 ἀλληλοφονίαις,
1401 3059 1686 3128 μοιχείαις,
1716 3022 1904 3130 ἐπιιορ;
1932 3022 1974 3080 C

316 3141 468 3204 κίαις
493 3182 506 3205 ,
549 3143 938 3214 άνδρομανίαις
964 3186 978 3206 ,
1027 3145 1088 3198 τὸ
1155 3147 1373 3201 πάντων
1406 3149 1632 3218 ἔσχατον
1663 3149 1772 3205 τῶν
1805 3167 1906 3202 κα-

318 3229 439 3286 κῶν
477 3233 570 3284 καὶ
595 3233 812 3303 πρῶτον
835 3274 851 3297 ,
895 3227 1330 3306 εἰδωλολατρίαις
1359 3237 1434 3308 (4)
1458 3278 1472 3301 ,
1505 3239 1598 3290 καὶ
1631 3241 1696 3308 τῇ
1739 3254 1906 3308 μετα-

319 3322 472 3375 θέσει
502 3325 601 3394 τῆς
653 3328 1078 3397 προσκυνήσεως
1120 3328 1229 3380 ἀπὸ
1264 3329 1358 3381 τοῦ
1404 3331 1766 3400 πεποιηκότος
1812 3331 1904 3383 ἐπὶ

316 3416 392 3466 τά
451 3417 743 3486 κτίσματα.
800 3417 1024 3480 Ταῦτα,
1081 3419 1268 3491 ἐπειδὴ
1313 3419 1558 3491 μείζονος
1590 3421 1762 3474 ἐδεῖτο
1809 3421 1902 3474 τοῦ

320 3507 701 3580 βοηθήματος,
771 3511 1015 3580 μείζονος
1071 3515 1166 3567 καὶ
1235 3513 1514 3583 τυγχάνει.
1581 3513 1654 3566 Τὸ
1705 3514 1762 3566 δὲ
1810 3509 1899 3584 ἦν,

320 3601 488 3663 αὐτὸς
523 3603 552 3654 ὁ
582 3601 677 3654 τοῦ
706 3602 841 3656 Θεοῦ
871 3605 1076 3672 Λόγος,
1111 3608 1140 3660 ὁ
1189 3604 1516 3677 προαιώνιος
1540 3645 1554 3669 ,
1595 3607 1623 3658 ὁ
1651 3605 1900 3677 ἀόρατος,

318 3690 354 3740 ὁ
385 3689 789 3760 ἀπερίληπτος,
822 3695 850 3746 ὁ
878 3693 1166 3764 ἀσώματος
1187 3734 1201 3758 ,
1231 3697 1264 3765 ἡ
1298 3696 1363 3748 ἐκ
1395 3695 1493 3764 τῆς
1525 3696 1698 3766 ἀρχῆς
1738 3696 1901 3766 ἀρχὴν

318 3779 386 3832 τὸ
415 3781 480 3832 ἐκ
525 3781 622 3834 τοῦ
665 3784 842 3850 φωτὸς
905 3785 1053 3852 φῶς,
1103 3788 1136 3857 ή
1170 3786 1322 3858 πηγὴ
1370 3787 1470 3858 τῆς
1503 3788 1647 3858 ζωῆς
1680 3790 1775 3842 καί
1805 3788 1904 3858 τῆς

318 3869 646 3937 ἀθανασίας,
674 3874 735 3926 τὸ
756 3876 1047 3945 ἐκμαγεῖον
1068 3878 1162 3930 τοῦ
1191 3879 1502 3950 ἀρχετύπου
1531 3879 1629 3949 (5),
1662 3881 1695 3952 ἡ
1726 3881 1800 3951 μὴ
1825 3881 1900 3952 (6)

319 3966 616 4036 κινουμένη
658 3969 894 4038 σφραγὶς
915 4009 929 4033 ,
978 3972 1011 4040 ἡ
1061 3971 1480 4042 ἀπαράλλακτος
1505 3971 1667 4026 εἰκὼν
1687 4013 1702 4038 ,
1753 3975 1781 4026 ὁ
1806 3975 1901 4028 τοῦ

321 4053 541 4124 Πατρὸς
571 4057 696 4125 ὄρος
720 4058 815 4110 καὶ
847 4057 1001 4125 λόγος
1022 4099 1035 4123 ,
1065 4060 1156 4111 ἐπὶ
1186 4061 1286 4130 τὴν
1329 4061 1464 4114 ἰδίαν
1495 4061 1681 4116 εἰκόνα
1713 4066 1899 4134 χωρεῖ,

321 4145 419 4197 καὶ
447 4147 628 4217 σάρκα
657 4151 815 4218 φορεῖ
840 4147 928 4201 διὰ
953 4148 1053 4219 τὴν
1085 4149 1265 4220 σάρκα
1285 4189 1300 4214 ,
1334 4150 1428 4202 καὶ
1456 4149 1601 4222 ψυχῇ
1628 4153 1792 4222 νοερᾷ
1824 4152 1900 4222 (7)

320 4237 411 4290 διὰ
456 4238 556 4308 τὴν
598 4239 738 4308 ἐμὴν
766 4239 944 4310 ψυχὴν
977 4241 1252 4310 μίγνυται,
1297 4241 1376 4311 τῷ
1416 4241 1585 4311 ὁμοίῳ
1616 4243 1678 4296 τὸ
1719 4243 1902 4313 ὅμοιον

2069 2236 2164 2290 IX.
2205 2235 2387 2292 Multis
2443 2247 2623 2293 autem
2686 2241 2837 2309 prius
2906 2243 3106 2307 modis,
3153 2251 3372 2314 propter
3414 2244 3580 2300 multa

2000 2337 2244 2398 peccata,
2289 2343 2410 2397 quae
2449 2343 2517 2383 ex
2551 2330 2668 2383 vitii
2705 2331 2886 2386 radice
2912 2333 3256 2402 pullularunt,
3287 2336 3580 2390 secundum

2000 2420 2243 2474 diversas
2296 2433 2491 2474 causas
2543 2429 2599 2474 et
2651 2429 2892 2492 tempora
2939 2425 3256 2493 castigatus,
3307 2440 3579 2490 sermone,

2001 2513 2139 2582 lege.
2191 2513 2494 2582 prophetis,
2547 2515 2848 2581 beneﬂciis,
2889 2519 3413 2584 comminationibus,
3470 2521 3582 2590 pla-

2005 2606 2110 2676 gis,
2159 2607 2334 2675 aquis,
2394 2607 2679 2675 incendiis,
2748 2609 2923 2674 bellis,
2985 2610 3243 2675 victoriis,
3313 2612 3579 2680 cladibus,

2005 2697 2174 2764 sign-is
2225 2711 2257 2751 e
2297 2697 2458 2763 coelo,
2501 2697 2671 2768 signis
2717 2713 2784 2753 ex
2814 2713 2960 2765 aere,
2994 2716 3059 2755 ex
3097 2710 3261 2768 terra,
3315 2717 3380 2755 ex
3420 2702 3578 2766 mari,

2006 2789 2305 2856 hominum,
2343 2785 2580 2856 urbium,
2621 2791 2884 2860 gentium,
2929 2793 3214 2860 insperatis
3263 2794 3580 2848 mutationi-

2006 2879 2128 2946 bus,
2171 2895 2291 2950 quae
2328 2881 2512 2935 omnia
2564 2897 2630 2936 eo
2667 2883 2975 2950 tendebant,
3004 2893 3063 2937 ut
3091 2884 3293 2938 malitia
3331 2894 3581 2941 contere-

2007 2980 2190 3036 retur;
2233 2972 2478 3026 validiori
2510 2974 2726 3028 tandem
2763 2975 3154 3029 medicamento
3203 2985 3419 3044 propter
3453 2990 3578 3045 gra-

2008 3062 2186 3117 viores
2239 3065 2459 3120 morbos
2516 3079 2651 3133 opus
2711 3065 2908 3121 habere
2970 3066 3159 3134 coepit,
3219 3066 3474 3119 nimirum
3511 3065 3581 3120 ob

2008 3163 2223 3209 mutuas
2279 3155 2481 3218 caedes,
2546 3155 2832 3220 adulteria,
2887 3156 3146 3226 perjuria,
3199 3164 3577 3224 prmposteram

2005 3245 2302 3313 libidinem,
2337 3255 2412 3311 et,
2444 3248 2586 3317 quod
2627 3247 2866 3303 omnium
2896 3249 3156 3303 malorum
3192 3256 3492 3302 extremum
3517 3263 3582 3303 ac

2005 3338 2238 3407 primum
2288 3348 2388 3402 est,
2447 3339 2714 3394 idolorum
2768 3340 2994 3404 cultum,
3054 3339 3493 3408 adorationisque
3546 3352 3580 3394 a

2005 3429 2264 3484 Creatore
2291 3430 2359 3484 ad
2389 3441 2669 3486 creaturas
2697 3429 3290 3497 translationem.Qu:e,
3323 3429 3578 3499 quoniam

2007 3519 2180 3589 majus
2204 3519 2461 3573 auxilium
2501 3520 2872 3589 requirebant,
2911 3519 3086 3587 majus
3139 3521 3302 3573 etiam
3357 3533 3582 3588 accepe-

2006 3619 2154 3663 runt.
2182 3610 2292 3665 Hoc
2329 3621 2505 3665 autem
2538 3617 2658 3665 erat
2700 3611 2814 3680 ipse
2857 3611 2948 3665 Dei
2996 3610 3184 3676 Filius,
3236 3611 3325 3666 ille
3369 3611 3579 3666 saeculis

2006 3703 2296 3772 antiquior,
2355 3703 2442 3756 ille
2498 3703 2799 3768 invisibilis,
2862 3703 2948 3757 ille
2994 3704 3576 3773 incomprehensibilis,

2007 3791 2095 3846 ille
2123 3792 2499 3861 incorporeus,
2519 3793 2647 3847 illud
2676 3809 2743 3848 ex
2770 3794 3036 3864 principio
3069 3795 3412 3865 principium,
3446 3792 3578 3850 illud

1960 3875 1968 3884 ’
2003 3896 2070 3934 ex
2117 3881 2318 3936 lumine
2350 3882 2552 3946 lumen,
2595 3883 2683 3938 ille
2715 3883 2836 3939 fons
2871 3885 2995 3939 vitae
3039 3893 3093 3938 et
3133 3883 3576 3950 immortalitatis,

2005 3973 2094 4026 illa
2141 3975 2418 4044 archetypi
2464 3977 2765 4044 expressio,
2810 3975 2938 4032 illud
2989 3976 3270 4030 immotum
3319 3974 3572 4046 sigillum,

2005 4064 2094 4117 illa
2129 4079 2226 4132 per
2266 4067 2446 4120 omnia
2498 4067 2690 4121 similis
2728 4069 2928 4137 imago,
2979 4069 3069 4122 ille
3098 4067 3276 4122 Patris
3315 4068 3577 4122 terminus

2004 4166 2059 4212 et
2085 4163 2247 4227 ratio,
2282 4160 2390 4226 ille,
2419 4161 2661 4230 inquam,
2698 4162 2765 4215 ad
2813 4162 3098 4232 imaginem
3147 4176 3299 4216 suam
3349 4174 3408 4214 se
3448 4175 3580 4215 cou-

2006 4249 2128 4317 fert,
2182 4265 2511 4321 carnemque
2548 4255 2725 4308 carnis
2767 4267 2932 4308 causa
2977 4253 3134 4322 gerit,
3183 4263 3238 4308 et
3271 4267 3391 4306 cum
3423 4252 3580 4306 intel~

323 4325 726 4398 ἀνακαθαίρων.
751 4329 841 4380 καὶ
866 4329 1042 4381 πάντα
1067 4329 1293 4397 γίνεται,
1321 4328 1459 4400 πλὴν
1483 4331 1582 4400 τῆς
1606 4332 1898 4402 ἁμαρτίας,

2009 4335 2219 4389 lectuali
2249 4337 2427 4391 anima
2475 4347 2693 4406 propter
2727 4340 2962 4392 animam
3013 4354 3185 4393 meam
3215 4338 3479 4409 jungitur,
3519 4349 3580 4390 ut

321 4417 611 4488 ἄνθρωπος
629 4437 640 4448 ·
679 4420 902 4490 κυηθεὶς
933 4421 1030 4491 μὲν
1060 4422 1123 4473 ἐκ
1156 4422 1254 4491 τῆς
1283 4421 1584 4491 Παρθένου,
1607 4423 1702 4474 καὶ
1724 4422 1900 4493 ψυχὴν

323 4511 419 4563 καὶ
449 4511 628 4581 σάρκα
672 4511 1146 4582 προκαθαρθείσης
1177 4511 1255 4582 τῷ
1298 4511 1586 4581 Πνεύματι.
1617 4512 1744 4582 (ἔδει
1769 4513 1898 4584 γὰρ,

325 4603 420 4655 καὶ
449 4603 701 4672 γέννησιν
743 4604 1039 4674 τιμηθῆναι
1059 4644 1073 4665 ,
1106 4604 1201 4657 καὶ
1235 4603 1529 4675 παρθενίαν
1554 4605 1900 4676 προτιμηθῆ-

324 4696 458 4757 ναι),
489 4694 766 4765 προελθὼν
789 4695 845 4747 δὲ
871 4695 1003 4756 Θεὸς
1039 4695 1176 4766 μετὰ
1199 4696 1295 4766 τῆς
1329 4694 1684 4765 προσλήψεως
1707 4736 1720 4760 ,
1753 4695 1810 4749 ἓν
1837 4697 1902 4750 ἐκ

321 4786 418 4839 δύο
449 4786 560 4840 τῶν
584 4787 864 4850 ἐναντίων,
899 4787 1101 4857 σαρκὸς
1125 4786 1221 4840 καὶ
1249 4786 1558 4857 πνεύματος
1590 4786 1665 4858 (8)
1691 4826 1705 4849 ,
1733 4781 1807 4840 ὧν
1839 4787 1902 4840 τὸ

327 4880 426 4950 μὲν
459 4879 660 4932 ὲθέωσε
685 4921 699 4945 ,
727 4881 788 4933 τὸ
816 4881 873 4933 δὲ
902 4879 1130 4951 ἐθεώθη.
1216 4879 1282 4932 Ὢ
1313 4879 1413 4949 τῆς
1447 4877 1638 4948 καινῆς
1674 4879 1897 4950 μίξεωςί

329 4971 394 5021 Ὢ
425 4971 524 5042 τῆς
561 4971 866 5042 παραδόξου
896 4971 1176 5041 κράσεωρί
1222 4969 1279 5022 '0
1316 4966 1425 5032 ὣν,
1461 4969 1699 5036 γίνεται·
1752 4968 1847 5022 καὶ
1873 4970 1902 5021 ὁ

399 5129 441 5158 ¹⁰
477 5129 609 5184 Gen.
649 5145 730 5193 tn,
759 5129 783 5180 1
818 5143 934 5198 sqq.

399 5282 480 5352 (2)
522 5281 817 5353 Ἁπᾳλοῖς.
854 5279 946 5335 Sic
983 5291 1211 5353 quatuor
1233 5281 1428 5353 Regg.,
1459 5295 1554 5337 sex
1585 5279 1763 5346 Colb.,
1794 5289 1901 5336 etc.

327 5353 384 5406 lu
415 5351 528 5415 em,
557 5351 769 5414 ἁπλοῖς,
807 5369 826 5400 ι
857 5352 1214 5418 simplicibus.
1254 5371 1274 5403 ι

401 5421 478 5491 (5)
508 5421 805 5489 Πείθομαι.
848 5421 1206 5491 ϐοιιιὺηέὲγὼ
1239 5421 1520 5491 πείθομαι.

400 5489 477 5563 (4)
500 5490 1019 5558 Εἰδωλολατρίαις.
1060 5489 1194 5563 Reg.
1237 5493 1307 5561 ph
1346 5489 1520 5548 etVOr.
1556 5492 1606 5559 1,
1639 5489 1913 5544 εἰδωλολα-

330 5562 560 5616 τοείαις.

369 5579 914 5701 ρῗὲῗιςέιρχετύπου.
943 5629 1106 5685 Coisl.
1152 5631 1179 5685 ι
1236 5631 1406 5699 addit,
1441 5631 1700 5699 κάλλους,
1737 5650 1756 5684 ι
1795 5632 1910 5702 pul-

333 5702 652 5756 chritudinis
693 5703 972 5771 archetypi
1006 5703 1308 5771 expressio.
1353 5721 1374 5754 ι

2003 4425 2179 4479 simile
2227 4440 2322 4494 per
2354 4427 2530 4481 simile
2576 4439 2847 4498 repurget,
2892 4439 3054 4499 atque
3091 4430 3324 4484 humana
3373 4429 3583 4493 omnia,

2002 4527 2226 4585 excepto
2247 4530 2490 4586 peccato,
2517 4524 3079 4592 suscipit;conceptus
3107 4523 3322 4592 quidem
3355 4537 3422 4576 ex
3446 4521 3578 4576 Vir-

2002 4610 2147 4678 gine,
2177 4610 2359 4663 animo
2383 4620 2434 4664 et
2465 4625 2629 4666 carne
2651 4629 2679 4665 a
2717 4613 2923 4682 Spiritu
2955 4612 3332 4683 przepurgata(
3366 4628 3488 4667 nam
3523 4622 3586 4668 et

2007 4701 2406 4768 generationem
2463 4701 2670 4756 honore
2727 4702 2885 4770 aﬂici,
2931 4713 2985 4758 et.
3032 4705 3392 4773 virginitatem
3434 4717 3576 4772 pra:-

2006 4790 2133 4843 ferri
2157 4790 2320 4860 852
2351 4795 2690 4865 oportebat);
2725 4811 3042 4865 progressus
3071 4807 3250 4852 autem
3289 4797 3432 4851 Deus
3452 4810 3582 4850 cum-

2006 4894 2282 4950 assumpta
2337 4886 2694 4952 humanitate,
2759 4905 2925 4944 unum
2963 4907 3029 4945 ex
3068 4891 3275 4945 duobus
3328 4890 3469 4943 inter
3519 4903 3588 4943 se

2007 4975 2312 5041 contrariis,
2353 4991 2517 5033 carne
2547 4980 2798 5034 nimirum
2831 4991 2883 5034 et
2923 4982 3138 5052 spiritu,
3170 4995 3402 5051 quorum
3441 4979 3583 5034 alte-

2091 5284 2164 5355 (θ)
2206 5281 2278 5338 Ἡ
2297 5283 2404 5351 μή.
2443 5284 2532 5339 Sic
2567 5282 2735 5355 Regg.
2774 5301 2889 5351 nm,
2935 5299 3000 5354 pn
3041 5295 3098 5339 et
3145 5283 3310 5340 Savil.
3357 5284 3414 5339 In
3461 5287 3583 5354 ed.,

2007 5349 2039 5420 ἢ
2081 5354 2293 5498 (ἕξ-Καὶ
2321 5421 2493 5498 ψυχῇ
2525 5423 2726 5498 νοερᾷ,
2752 5423 2901 5490 Pan,
2931 5426 3026 5498 κα).
3053 5425 3240 5498 ψυχὴν
3256 5425 3467 5498 νοεράν.

2079 5495 2157 5567 (8)
2185 5494 2415 5567 Eqpxdc
2444 5494 2542 5567 καὶ
2581 5496 2936 5567 πνεύματοςῄ.
2983 5494 3199 5562 Optime
3227 5494 3439 5551 Nicetas
3481 5509 3586 5567 ex-

2007 5562 2196 5628 ponit:
2232 5562 2682 5636 i’Avawnécrj‘tog
2713 5562 2808 5619 καὶ
2841 5565 3090 5636 θεότητος
3111 5585 3124 5598 ·
3161 5585 3178 5619 ι
3219 5567 3351 5622 (lum
3383 5566 3583 5624 divini-

2013 5639 2122 5691 tate
2147 5643 2202 5690 et
2231 5635 2581 5690 humanitate.
2623 5654 2641 5687 ι
