3898 6222
371 261 480 318 6'55

1628 261 1686 317 S.
1728 257 2053 317 GREGORII
2092 256 2436 314 THEOLOGI

3533 258 3641 316 636

366 395 489 434 rum
535 378 793 436 deitatem
836 379 1007 445 dedit,
1053 378 1286 435 alterum
1319 378 1552 450 accepit.
1585 378 1629 435 0
1666 394 1861 434 novam
1901 388 1949 436 et

2055 378 2310 443 άκτιστος
2328 417 2344 443 ,
2372 375 2620 442 κτίζεται
2644 389 2660 406 ·
2686 372 2782 429 καὶ
2810 375 2841 428 ό
2870 370 3158 445 ἁχώρητος
3175 410 3191 436 ,
3226 373 3518 444 χωρεῖται,
3551 371 3641 427 διὰ

362 470 664 526 inauditam
731 472 1054 527 misturaml
1086 471 1133 529 0
1169 472 1539 528 admirandam
1592 474 1946 541 temperatio-

363 563 520 617 nem!
558 562 661 629 Qui
689 573 792 629 est,
823 564 883 619 ﬁt
911 581 925 618 :
969 567 1058 634 qui
1097 565 1375 620 increatus
1408 573 1514 627 est,
1548 573 1773 619 creatur
1808 581 1823 618 :
1855 563 1946 633 qui

360 656 509 710 nullo
536 656 655 711 loco
680 657 945 712 contineri
980 666 1179 727 potest,
1215 658 1522 712 interventu
1555 657 1748 712 animae
1789 658 1950 712 intel-

360 743 639 810 lectualis,
702 746 844 800 inter
897 746 1231 801 divinitatem
1294 746 1584 816 carnisque
1640 747 1945 802 crassitiem

362 837 678 906 interjectaa,
710 839 1045 892 continetur.
1082 837 1183 904 Qui
1224 837 1360 893 alios
1387 839 1546 903 ditat,
1592 853 1795 908 pauper
1828 839 1943 893 etii-

359 926 534 990 citnr;
568 927 751 981 carnis
798 928 941 982 enim
982 943 1114 983 mea:
1152 936 1525 997 paupertatem
1559 928 1728 993 subit,
1762 937 1820 983 ut
1847 943 1947 998 ego

359 1018 579 1072 deitatis
628 1019 793 1088 ipsius
830 1034 961 1088 opes
986 1034 1308 1089 consequar.
1343 1019 1444 1088 Qui
1482 1019 1671 1090 plenus
1699 1030 1800 1087 est,
1832 1020 1949 1075 exi-

359 1108 604 1175 nanitur;
645 1124 743 1164 sua
772 1109 916 1164 enim
949 1109 1116 1178 gloria
1151 1110 1218 1164 ad
1250 1112 1415 1166 breve
1455 1121 1667 1181 tempus
1696 1111 1949 1166 exinani-

360 1208 468 1262 tur,
523 1208 584 1254 ut
633 1199 980 1269 plenitudinis
1031 1202 1200 1270 ipsius
1252 1217 1351 1271 ego
1401 1202 1669 1271 particeps
1722 1200 1943 1256 elliciar.

359 1291 616 1358 Quaenam
671 1294 753 1347 ha:
798 1293 1055 1348 bonitatis
1086 1293 1329 1347 divitize?
1369 1292 1649 1359 Quodnam
1690 1309 1815 1364 erga
1859 1309 1946 1349 me

358 1381 712 1453 mysterium?
749 1384 995 1438 Divinam
1041 1383 1328 1453 imaginem
1373 1385 1580 1452 accepi,
1620 1399 1721 1439 nec
1760 1395 1946 1439 custo—

358 1473 489 1528 divi.
523 1474 612 1529 Ille
632 1489 804 1529 meam
835 1490 1053 1529 carnem
1094 1476 1309 1545 accipit,
1339 1485 1399 1529 ut
1438 1486 1496 1529 et
1536 1477 1751 1544 imagini
1804 1477 1949 1532 salu-

359 1572 558 1631 tem,et
579 1565 727 1617 carni
751 1565 1211 1621 immortalitatem
1243 1563 1469 1628 aderat;
1501 1568 1795 1621 secundum
1819 1582 1950 1621 con-

359 1655 586 1709 sortium
642 1655 923 1710 nobiscunt
978 1657 1112 1719 init,
1169 1665 1224 1711 et
1277 1657 1494 1725 quidem
1562 1658 1728 1727 priori
1789 1659 1946 1729 longe

364 1746 758 1801 admirabilius.
789 1745 924 1801 Tum
959 1748 1102 1801 enim
1143 1748 1196 1803 id
1256 1747 1400 1816 quod
1459 1750 1808 1817 prmstantius
1850 1762 2004 1816 erat,

2056 472 2229 544 μέσης
2257 470 2440 542 ψυχῆς
2471 470 2668 541 νοερᾶς
2698 465 3092 541 μεσιτευούσης
3125 464 3340 536 θεότητι
3378 465 3476 519 καὶ
3507 481 3647 538 σαρ-

2050 564 2146 628 κὸς
2172 562 2443 635 παχύτητι
2470 578 2484 594 ·
2508 561 2604 615 καὶ
2627 561 2656 612 ὁ
2686 558 3011 623 πλουτίζων,
3035 554 3307 627 πτωχεύει
3327 574 3341 588 ·
3365 556 3637 627 πτωχεύει

2049 655 2159 726 γὰρ
2178 654 2278 725 τὴν
2307 652 2446 724 ἐμὴν
2469 652 2669 723 σάρκα,
2703 651 2769 705 ἵν’
2795 649 2908 719 ἐγὼ
2932 650 3220 722 πλουτήσω
3246 649 3322 719 (9)
3346 649 3446 721 τὴν
3468 647 3635 704 αὐτοῦ

2050 743 2299 814 θεότητα.
2333 743 2445 796 Καὶ
2467 743 2497 795 ό
2528 741 2765 812 πλήρης,
2794 739 3047 794 κενοῦται
3068 758 3083 772 ·
3122 739 3375 793 κενοῦται
3399 739 3511 810 γὰρ
3537 740 3639 811 τῆς

2049 832 2242 887 ἑαυτοῦ
2288 831 2447 904 δόξης
2480 833 2573 887 ἐπὶ
2608 832 2804 903 μικρὸν
2848 832 2998 905 (10),
3040 832 3106 886 ἵν’
3138 830 3250 900 ἐγὼ
3275 830 3374 901 τῆς
3418 831 3633 884 ἐκείνου

2051 924 2342 995 μεταλάϐω
2372 923 2705 996 πληρώσεως
2728 922 2861 993 (11).
2918 923 3014 986 Τίς
3043 921 3072 973 ὁ
3105 921 3337 984 πλοῦτος
3366 922 3466 993 τῆς
3501 922 3633 990 ἀγα-

2050 1017 2307 1087 θότητος;
2336 1017 2388 1069 τι
2415 1016 2477 1069 τὸ
2508 1016 2636 1087 περὶ
2665 1015 2766 1086 ἐμὲ
2804 1014 2964 1068 τοῦτο
2998 1015 3328 1087 μυστήριον;
3380 1012 3635 1066 Μετέλα-

2047 1109 2141 1163 ϐον
2159 1110 2259 1181 τῆς
2284 1109 2511 1176 εἰκόνος,
2546 1108 2641 1163 καὶ
2667 1108 2768 1162 οὐκ
2795 1106 3039 1176 ἐφύλαξα
3057 1123 3073 1139 ·
3105 1104 3512 1177 μεταλαμϐάνει
3532 1105 3637 1176 τῆς

2047 1204 2190 1275 ὲμῆς
2216 1203 2440 1274 σαρκὸς,
2465 1202 2552 1255 ἵνα
2582 1201 2679 1255 καὶ
2707 1201 2807 1273 τὴν
2839 1199 3024 1254 είκόνα
3053 1198 3224 1271 σώσῃ,
3257 1198 3352 1251 καὶ
3382 1196 3482 1268 τὴν
3508 1196 3637 1269 σάρ-

2047 1311 2121 1347 κα
2167 1294 2493 1367 άθανατίσῃ.
2562 1294 2834 1363 Δευτέραν
2873 1290 2985 1361 (12)
3027 1291 3276 1345 κοινωνεῖ
3323 1288 3635 1352 κοινωνίαν,

2047 1387 2182 1441 πολὺ
2232 1387 2330 1458 τῆς
2380 1385 2654 1456 προτέρας
2703 1380 3138 1454 παραδοξοτέραν
3161 1397 3175 1410 ·
3211 1380 3320 1450 ὅσῳ
3361 1381 3484 1433 τότε
3531 1380 3638 1451 μὲν

2050 1476 2147 1531 τοῦ
2175 1476 2482 1549 κρείττονος
2514 1475 2785 1545 μετέδωκε
2815 1513 2830 1538 ,
2885 1471 2981 1526 νῦν
3012 1471 3071 1526 δὲ
3103 1471 3509 1543 μεταλαμϐάνει
3536 1469 3638 1524 τοῦ

2047 1570 2314 1642 χείρονος.
2372 1567 2543 1620 Τοῦτο
2569 1566 2664 1619 τοῦ
2703 1564 2971 1636 προτέρου
3002 1563 3431 1637 θεοειδέστερον·
3474 1563 3641 1617 τοῦτο

2048 1663 2164 1723 τοῖς
2188 1659 2313 1713 νοῦν
2344 1657 2560 1728 ἔχουσιν
2592 1655 2923 1727 ὑψηλότερον
2948 1655 3085 1725 (15).

2048 1750 2202 1806 nobis
2238 1748 2525 1818 impertiit;
2560 1756 2616 1801 at
2653 1762 2796 1802 nunc
2846 1748 2984 1817 ejus,
3034 1748 3178 1818 quod
3228 1748 3470 1804 deterius
3520 1755 3637 1817 est,

362 1842 638 1912 particeps
658 1842 776 1909 ipse
804 1843 882 1897 iit.
915 1841 1029 1897 lloc
1052 1842 1218 1912 priori
1249 1841 1339 1895 illo
1370 1842 1640 1908 divinius;
1673 1843 1775 1897 ltoc
1804 1846 1943 1913 apud
1983 1847 2232 1900 cordatos
2270 1845 2414 1897 viros
2438 1841 2607 1897 multo
2643 1841 2942 1897 sublimius.

434 1932 505 1988 Χ.
548 1932 655 1987 Sed
689 1949 946 2003 quorsum
981 1934 1119 1998 haec,
1155 1933 1398 1988 dicturus
1430 1941 1516 1987 est
1547 1932 1774 1988 fortasse
1803 1935 1942 2004 quis-

2122 1932 2195 1988 l'.
2237 1930 2397 1985 Ἀλλὰ
2444 1931 2497 1985 τί
2553 1929 2756 1985 τούτων
2814 1933 2981 2002 ἡμῖν,
3028 1931 3169 2002 τάχα
3224 1931 3290 1986 ἂν
3351 1932 3494 1985 εἴποι
3549 1948 3649 1997 τις

360 2024 506 2094 piam
555 2040 623 2079 ex
664 2026 768 2089 his,
802 2026 895 2093 qui
930 2024 1136 2091 majore
1190 2040 1318 2094 erga
1377 2022 1575 2077 festum
1623 2025 1803 2080 studio
1851 2025 1946 2080 du-

362 2125 581 2184 cuntur,
632 2114 1022 2184 l'ervidiorique
1069 2115 1252 2168 animo
1298 2115 1504 2184 praediti
1538 2115 1699 2169 sunt?
1738 2116 1945 2186 Equum

363 2205 431 2259 ad
486 2214 690 2259 metam
748 2203 1004 2269 stitnula;
1061 2203 1130 2258 de
1167 2204 1361 2273 iisque,
1416 2219 1536 2273 quae
1605 2204 1763 2273 hujus
1820 2204 1946 2259 festi

365 2298 514 2356 sunt,
556 2301 612 2346 et
648 2293 718 2347 ob
751 2307 872 2361 quae
900 2292 987 2347 hic
1030 2292 1360 2358 assidetnus,
1402 2294 1703 2349 orationem
1737 2295 1803 2349 ad
1849 2310 1948 2349 nos

362 2384 621 2441 habeJta
641 2400 766 2440 vero
794 2385 1013 2453 faciam,
1036 2386 1139 2441 etsi
1170 2386 1329 2456 paulo
1356 2387 1520 2442 altius
1547 2402 1773 2443 exorsus
1803 2402 1944 2453 sum,

364 2476 445 2529 sic
488 2476 739 2530 nimirum
772 2486 832 2556 _et
892 2477 1103 2531 ratione
1151 2486 1205 2531 et
1265 2491 1452 2532 amore
1503 2476 1944 2547 perpellentibus.

369 2568 482 2623 Nec
508 2584 638 2624 vero
671 2568 768 2625 abs
806 2585 885 2636 re,
915 2578 973 2624 ιιι
1003 2570 1215 2640 opinor,
1242 2569 1428 2635 fuerit,
1466 2570 1720 2626 studiosis
1756 2580 1810 2625 et
1846 2570 1950 2625 ho-

365 2660 502 2715 nesti
558 2661 767 2729 cupidis
817 2660 1130 2716 hominibus
1173 2662 1240 2715 de
1293 2661 1512 2715 nomine
1572 2661 1690 2730 ipso
1730 2660 1949 2717 Pascha:

372 2754 619 2821 quaedam
650 2751 889 2822 praefari.
920 2752 977 2808 1d
1008 2753 1151 2808 enim
1178 2767 1286 2807 non
1310 2753 1766 2807 contemnendum
1796 2752 1950 2807 addi-

366 2852 667 2897 tamentum
727 2845 951 2899 auribus
1010 2843 1195 2902 fuerit.
1242 2843 1357 2900 Hoc
1413 2844 1645 2911 Pascha,
1693 2845 1818 2912 hoc,
1869 2845 1950 2899 in-

366 2950 551 3000 quam,
598 2949 855 3004 magnum
910 2943 963 2989 et
1006 2935 1395 3001 venerandum,
1447 2933 1693 2990 Phascha
1728 2935 1796 2990 ab
1839 2933 1944 2989 He-

365 3025 526 3080 braeis
572 3025 724 3095 juxta
777 3040 964 3080 eorum
1011 3024 1251 3094 linguam
1300 3026 1645 3092 nominatur;
1690 3040 1809 3096 qua:
1841 3040 1944 3081 vox

364 3118 649 3171 transitum
700 3116 942 3182 sonat“,
975 3116 1236 3173 historica
1285 3117 1502 3186 quidem
1555 3119 1784 3182 ratione,
1825 3133 1949 3188 pro-

363 3218 485 3276 pter
514 3208 878 3263 lsraelitarum
912 3226 979 3264 ex
1009 3210 1245 3282 AEgypto
1289 3212 1343 3264 in
1373 3210 1736 3266 Chananasam
1769 3212 1945 3281 regio-

2048 2026 2159 2078 τῶν
2211 2024 2331 2077 λίαν
2385 2022 2684 2094 φιλεόρτων
2731 2022 2826 2076 καὶ
2871 2022 3246 2094 θερμοτὲρων;
3298 2024 3494 2077 Κέντει
3540 2023 3641 2078 τὸν

2050 2115 2229 2169 πῶλον
2261 2116 2390 2185 περὶ
2419 2114 2519 2184 τὴν
2546 2113 2781 2169 νύσσαν·
2827 2111 2899 2166 τὰ
2944 2113 3046 2184 τῆς
3076 2114 3272 2185 ἑορτῆς
3308 2117 3443 2186 ἡμῖν
3481 2116 3639 2186 φιλο-

2050 2206 2226 2274 σόφει,
2278 2207 2373 2260 καὶ
2399 2199 2481 2268 οἷς
2544 2204 2995 2275 πῳκαθεζὸμεθα
3057 2208 3317 2280 σήμερον.
3366 2207 3539 2261 Τοῦτο
3567 2208 3638 2279 δὴ

2049 2296 2144 2351 καὶ
2177 2296 2386 2366 ποιήσω
2407 2334 2422 2360 ,
2454 2297 2548 2348 καὶ
2585 2297 2635 2348 εἰ
2672 2296 2865 2368 μικρὸν
2903 2296 3109 2350 ἄνωθεν
3137 2297 3393 2368 ἠρξάμην
3416 2338 3432 2363 ,
3489 2296 3639 2351 οὕτω

2048 2385 2141 2442 τοῦ
2169 2387 2327 2455 λόγου
2350 2386 2557 2441 καὶτοῦ
2581 2388 2746 2441 πόθου
2766 2387 3111 2459 βιασαμένων
3127 2388 3262 2461 (14).
3278 2389 3352 2444 Οὐ
3376 2392 3559 2461 χεῖρον
3578 2389 3638 2444 δὲ

2052 2480 2183 2544 ἴσως
2214 2483 2329 2543 τοῖς
2358 2479 2682 2549 φιλομαθὲσι
2711 2480 2806 2533 καὶ
2833 2479 3149 2549 φιλοκάλοις
3178 2482 3307 2553 περὶ
3338 2481 3440 2551 τῆς
3466 2498 3641 2553 προσ-

2049 2570 2276 2642 ηγορίας
2300 2570 2472 2641 αὐτῆς
2499 2569 2591 2623 τοῦ
2616 2570 2808 2640 Πάσχα
2834 2570 3044 2642 βραχέα
3078 2571 3353 2627 διαλαϐεῖν
3380 2573 3515 2644 (15).
3534 2573 3637 2628 Γέ-

2048 2678 2192 2714 νοιτο
2209 2660 2319 2733 γὰρ
2345 2660 2411 2714 ἂν
2442 2661 2502 2714 οὐ
2526 2661 2727 2730 φαῦλον
2752 2660 2910 2715 τοῦτο
2928 2664 3050 2726 ταῖς
3074 2663 3265 2728 ἀκοαῖς
3292 2665 3619 2721 ἐπεισόδιον.

2050 2753 2125 2806 Τὸ
2172 2753 2363 2823 Πάσχα
2386 2752 2564 2818 τοῦτο,
2608 2752 2670 2806 τὸ
2705 2753 2848 2824 μέγα
2878 2770 2937 2807 τε
2972 2753 3068 2807 καὶ
3094 2755 3413 2827 σεϐάσμιον,
3440 2757 3637 2812 Φάσγπ

2048 2848 2163 2909 τοῖς
2201 2845 2474 2917 Ἑϐραίοις
2498 2845 2610 2917 (16)
2645 2845 3145 2918 προσαγορεύεται,
3176 2848 3318 2902 κατὰ
3344 2847 3445 2920 τὴν
3484 2849 3637 2904 ὲκεί-

2049 2954 2156 2991 νων
2182 2938 2366 3010 φωνήν
2384 2955 2398 2968 ·
2433 2937 2584 3008 δηλοῖ
2614 2937 2671 2991 δὲ
2710 2939 2744 3008 ἠ
2776 2937 2927 3009 φωνὴ
2956 2936 3054 3009 τὴν
3084 2937 3364 2993 διάϐασιν
3382 2958 3395 2971 ·
3432 2940 3640 3013 ίστοριι

2049 3027 2162 3093 κῶς
2196 3029 2296 3100 μὲν
2320 3070 2337 3095 ,
2364 3027 2454 3083 διὰ
2481 3028 2580 3100 τὴν
2612 3030 2669 3097 ἐξ
2704 3030 2982 3100 Αἰγύπτου
3020 3030 3157 3103 πρὸς
3181 3030 3282 3103 τὴν
3320 3031 3637 3085 Χαναναίαν

2049 3120 2229 3191 φυγὴν
2253 3120 2348 3174 καὶ
2376 3120 2489 3192 (17)
2520 3120 2923 3191 μετανάστασιν
2943 3136 2958 3151 ·
3000 3121 3388 3192 πνευματικῶς
3420 3120 3513 3187 δὲ,
3545 3122 3637 3177 διὰ

2049 3211 2147 3283 τὴν
2195 3214 2261 3265 ὲκ
2308 3211 2416 3266 τῶν
2469 3212 2622 3266 κάτω
2652 3213 2790 3285 πρὸς
2838 3213 2906 3268 τὰ
2952 3213 3063 3267 ἄνω
3085 3252 3100 3278 ,
3132 3214 3226 3268 καὶ
3274 3213 3372 3285 τὴν
3400 3215 3504 3286 γῆν
3533 3215 3638 3287 τῆς

364 3314 486 3351 nem
517 3296 695 3368 fugam
734 3310 788 3353 et
821 3280 1199 3369 migrationem
1227 3319 1244 3355 :
1281 3300 1364 3358 sin
1404 3311 1585 3357 autent
1614 3280 1945 3371 spiritualem

2053 3280 2383 3373 ἐπαγγελίας
2414 3305 2638 3374 πρόοδον
2669 3280 2764 3359 καὶ
2795 3304 3079 3360 ἀνάϐασιν.
3125 3306 3304 3376 Ὅπερ
3412 3280 3636 3358 πολλα-

367 3402 586 3441 sensum
613 3398 953 3457 spectemus,
989 3404 1211 3461 propter
1241 3403 1483 3448 nostram
1515 3407 1583 3447 ex
1614 3391 1699 3447 his
1727 3391 1952 3448 inferio-

369 3479 522 3533 rihus
571 3479 636 3534 ad
681 3481 983 3550 superiora,
1025 3491 1188 3553 atque
1236 3483 1302 3538 ad
1340 3482 1717 3551 promissionis
1752 3493 1952 3537 terram

371 3570 803 3638 progressionem
835 3584 890 3628 et
921 3588 1226 3628 ascensum.
1255 3575 1407 3641 Quod
1438 3590 1567 3630 vero
1596 3576 1648 3627 in
1675 3575 1953 3643 permultis

374 3658 670 3729 Scriptura:
703 3660 839 3717 locis
883 3664 1146 3720 accidisse
1188 3666 1572 3735 comperimus,
1592 3663 1757 3735 853
1782 3671 1840 3718 ut
1863 3678 1956 3717 vo—

370 3751 561 3805 cahula
599 3755 843 3822 quaedam
870 3754 938 3809 ab
969 3754 1267 3810 ohscuriori
1299 3771 1457 3811 sensu
1490 3756 1557 3809 ad
1602 3756 1949 3825 apertiorem,

370 3854 536 3911 atque
552 3843 619 3899 ab
636 3845 837 3900 duriori
863 3861 998 3901 sono
1020 3848 1085 3902 ad
1105 3847 1487 3917 elegantiorem
1515 3847 1799 3902 immutata
1817 3847 1949 3912 sint,

373 3932 515 3985 idem
566 3933 655 3988 hic
691 3949 907 4004 quoque
941 3936 1237 4005 contigisse
1286 3937 1788 3991 animadvertimus.
1829 3935 1954 4002 Qni-

373 4027 495 4079 dam
531 4027 685 4080 enim
718 4027 1019 4083 salutiferte
1048 4029 1316 4099 passionis
1361 4043 1558 4085 nomen
1586 4030 1688 4083 hoc
1713 4041 1834 4084 esse
1864 4043 1953 4082 ar-

373 4117 584 4185 bitrati,
617 4135 683 4175 ac
715 4120 907 4176 deinde
930 4137 1027 4190 per
1058 4121 1254 4177 littera:
1289 4138 1327 4192 φ
1363 4122 1419 4176 in
1452 4139 1514 4190 π,
1544 4131 1603 4176 et
1624 4138 1659 4175 κ
1687 4121 1741 4177 in
1766 4138 1800 4191 χ
1832 4134 1954 4176 mu-

445 4322 487 4353 “
509 4322 680 4377 Exod.
715 4338 815 4388 ιιι,
856 4323 941 4378 11.

470 4499 524 4568 9)
555 4500 907 4567 Πλουτήσω.
943 4501 1074 4570 Reg.
1108 4502 1202 4567 ph,
1232 4501 1522 4555 πλουτίσω.

472 4570 558 4639 10)
599 4571 739 4643 Ἐπί
759 4573 991 4641 μικρόν.
1039 4593 1058 4624 t
1094 4573 1413 4643 Parumper,
1441 4571 1727 4643 tantillum,
1756 4571 1948 4636 paulu-

374 4639 484 4721 lum
513 4656 611 4694 sua
642 4639 921 4709 titajestate
945 4644 1273 4706 exinanitur,
1298 4639 1327 4694 ἰ
1363 4656 1553 4712 nempe
1578 4657 1674 4711 per
1697 4642 1956 4697 lncarna-

376 4720 600 4767 ttonetn.

457 4780 568 4853 (11)
599 4780 988 4853 Πληρώσεως.
1023 4782 1158 4850 Reg.
1192 4784 1246 4847 d,
1279 4782 1636 4853 πληρότητος.

382 4851 569 4973 ,άμὲἐ
608 4852 922 4973 Δὲυτέριιν.
956 4854 1047 4908 Sic
1073 4853 1239 4924 Regg.
1272 4850 1519 4921 bmfph,
1540 4850 1731 4916 Savil.,
1759 4857 1865 4905 etc.
1896 4851 1951 4905 In

382 4936 407 4973 e
448 4958 488 4973 ..
555 4938 646 4973 ευτ
682 4938 788 4973 οον.

377 4936 488 4986 ed.,
526 4936 788 4986 οευτερον.

452 4939 1188 5067 (ἦῶεᾜξεηᾟξιότερρνηηῐο
1236 4992 1520 5067 desinunt,
1574 5006 1694 5060 quae
1755 5005 1822 5044 ex
1869 5006 1952 5045 or.

378 5076 587 5116 XXXVIII
628 5072 867 5114 tntttttata
897 5062 1143 5129 superius
1183 5066 1503 5117 notavimus.

451 5132 563 5203 (M)
603 5133 778 5185 Ἀλλὰ
811 5134 869 5185 τι
907 5132 1149 5186 τούτων.
1181 5171 1197 5185 .
1224 5174 1238 5189 .
1270 5171 1286 5186 .
1307 5132 1715 5201 βιασαμένων.
1742 5130 1871 5203 llaec
1899 5138 1955 5184 et

382 5204 663 5269 tnterjecm
695 5219 879 5256 rursus
911 5205 1186 5270 desumpta
1225 5219 1292 5256 ex
1331 5218 1413 5257 or.
1441 5218 1645 5256 xxxmt
1671 5202 1773 5256 sub
1790 5202 1951 5255 linem

382 5286 438 5327 ιι.
476 5272 558 5326 10.
597 5271 746 5327 ΡΜ..
793 5271 952 5325 Ἀλλὰ
975 5272 1226 5327 τίτοῦτο.

382 5286 438 5327 ιι.
476 5286 558 5326 ιυ.
597 5286 746 5335 ram,
798 5286 952 5325 ’ΛΑΑα
975 5286 1226 5328 τιτουτο.

456 5342 567 5416 (15)
600 5343 948 5416 ΔιαλαϐεῖνἈ
966 5342 1110 5416 Ιὶςιςζ.
1135 5345 1244 5416 lllll,
1275 5342 1668 5416 προδιαλαϐεἴν.

462 5413 575 5483 (16)
615 5413 825 5483 Φᾴσκα
855 5412 980 5479 τοῖς
1016 5412 1331 5482 Ἑϐραίοις.
1360 5418 1450 5468 Sic
1478 5426 1587 5467 tres
1620 5413 1809 5481 llegg.,
1847 5421 1957 5466 tres

383 5483 536 5538 Colb.
570 5495 623 5538 et
661 5482 770 5538 Jes.
803 5485 973 5549 Quam
1003 5484 1308 5550 lectionem,
1349 5501 1413 5540 ex
1448 5483 1831 5551 sequentibus,
1864 5497 1957 5550 ge-

389 5555 608 5608 nuinam
659 5555 1009 5608 arbitramur.
1069 5555 1275 5609 Hebraei
1330 5568 1561 5623 namque
1615 5554 1716 5607 hoc
1756 5553 1953 5623 festum

390 5626 794 5709 nuncupabant,
825 5631 979 5709 n95;
992 5624 1045 5677 id
1075 5635 1235 5709 est,_t
1270 5624 1528 5709 Phesach,
1564 5623 1774 5709 Rhase,‘
1795 5622 1956 5709 Plias-

387 5694 513 5750 cha.
557 5690 589 5747 »⁷
615 5692 823 5764 ϐιωςε,
857 5694 1136 5759 διάϐασις·
1187 5695 1397 5764 Latine,
1439 5694 1713 5749 transitus.
1755 5690 1811 5747 In
1840 5692 1951 5760 ed.,

2051 3394 2147 3466 χοῦ
2175 3395 2276 3466 τῆς
2301 3396 2525 3468 Γραφῆς
2560 3396 2773 3468 συμϐὰν
2810 3395 3047 3468 εὕρομεν
3069 3437 3085 3463 ,
3140 3396 3249 3450 ἀπὸ
3290 3396 3399 3451 τῶν
3423 3397 3636 3466 ἀσαφε-

2052 3486 2260 3559 στέρων
2300 3488 2733 3560 μεταποιηθέντα
2781 3489 2906 3543 τινὰ
2957 3487 3069 3542 τῶν
3115 3488 3400 3560 ὀνομάτων
3445 3489 3542 3542 ἐπὶ
3572 3487 3636 3542 τὺ

2052 3577 2386 3650 σαφέστερον
2406 3619 2421 3645 ,
2463 3578 2497 3649 ἢ
2537 3578 2646 3633 τῶν
2668 3579 3068 3651 άγροικοτὲρων
3097 3578 3209 3651 (18)
3235 3580 3330 3632 ἐπὶ
3351 3577 3414 3632 τὸ
3434 3578 3638 3650 εὐσχη-

2057 3667 2401 3739 μονέστερον,
2425 3669 2582 3723 τοῦτο
2607 3670 2885 3725 κάνταῦθα
2907 3670 3347 3742 τεθεωρήκαμεν.
3381 3669 3492 3743 Τοῦ
3522 3672 3635 3742 γὰρ

2051 3759 2324 3832 σωτηρίου
2364 3760 2570 3826 πάθους
2611 3762 2783 3833 ὄνομα
2809 3762 2922 3835 (19)
2950 3763 3109 3816 τοῦτο
3135 3759 3273 3816 εἶναί
3309 3780 3457 3827 τινες
3478 3761 3634 3832 νομί-

2050 3865 2278 3917 σαντες,
2316 3846 2439 3905 εἶτα
2482 3851 2913 3923 ὲξελληνίζοντες
2948 3852 3058 3925 (20)
3087 3854 3187 3926 τὴν
3213 3853 3432 3925 φωνὴν,
3490 3853 3634 3907 κατὰ

2049 3938 2149 4010 τὴν
2171 3939 2265 3993 τοῦ
2294 3941 2367 4010 φῖ
2386 3941 2525 4015 πρὸς
2547 3942 2608 3996 τὸ
2636 3942 2731 4010 πῖ,
2788 3945 2883 3998 καὶ
2921 3943 3016 4015 τοῦ
3039 3944 3248 3999 κάππα
3293 3945 3431 4016 πρὸς
3469 3945 3533 3998 τὸ
3569 3945 3639 4015 χῖ

2054 4032 2409 4103 μεταποίησιν
2431 4075 2446 4100 ,
2486 4034 2703 4104 Πάσχα
2728 4035 2828 4106 τὴν
2855 4037 3070 4108 ἡμέραν
3100 4038 3632 4109 προσηγορεύκασιν.

2055 4123 2460 4195 Παραλαϐοῦσα
2488 4125 2545 4179 δὲ
2573 4128 2607 4197 ἡ
2634 4127 2891 4198 συνήθεια
2916 4128 3014 4199 τὴν
3044 4128 3247 4200 φωνὴν,
3277 4126 3641 4200 ίσχυροτὲραν

1978 4501 2025 4557 D
2054 4500 2245 4570 Πάσχα
2268 4504 2381 4563 τοῖς
2408 4500 2706 4572 Ἑϐραίοις.

2126 4568 2217 4642 (17
2269 4570 2477 4640 Φυγὴν
2508 4568 2629 4625 atat.
2662 4568 2854 4634 Savil.,
2896 4572 3076 4642 φυγήν
3100 4587 3161 4624 τε
3189 4569 3303 4625 καί.

2126 4571 2238 4714 (18)
2292 4639 2762 4712 Ἀγροικοτέρων.
2805 4641 2895 4695 Sic
2922 4646 3076 4696 codd.
3116 4643 3177 4695 In
3205 4644 3303 4706 ed.,

2084 4639 2144 4765 ἐ(
2154 4639 2237 4714 18)
2292 4639 2762 4712 Ἀγροικοτέρων.
2805 4641 2895 4695 Sic
2922 4639 3076 4696 codd.
3116 4643 3177 4695 In
3205 4644 3317 4707 ed.,
3351 4641 3639 4716 ἅγροικω-

2050 4730 2080 4765 τ
2117 4729 2243 4784 ρων·
2350 4782 2359 4784 _
2554 4780 2576 4784 _
2927 4780 2974 4784 __
3128 4779 3160 4784 _
3270 4783 3282 4784 ,
3453 4776 3468 4784 -
3524 4776 3572 4784 _

2123 4776 2233 4854 (19)
2273 4782 2507 4858 Πᾴθους
2545 4780 2751 4858 ὄνομα,
2787 4790 2891 4836 etc.
2927 4780 3044 4838 Vox
3073 4800 3093 4833 ι
3119 4779 3338 4858 Pascha
3367 4801 3385 4834 ι
3418 4776 3641 4858 πιληθ-

2051 4847 2194 4906 lira-.0
2217 4847 2437 4906 nomine
2462 4860 2597 4913 n03.
2627 4847 2866 4914 «VPltase,
2897 4871 2915 4904 ι
2949 4869 3042 4906 seu
3079 4871 3098 4904 ι
3118 4851 3386 4916 Pltascha,
3411 4866 3430 4898 ι
3468 4847 3521 4899 id
3547 4858 3635 4902 est

2054 4926 2345 4985 transitus.
2393 4922 2683 4990 derivatur.
2731 4921 2883 4989 Apud
2914 4924 3163 4985 Graecos,
3219 4923 3426 4990 longius
3468 4919 3637 4990 aber-

2057 5003 2263 5052 rarunt,
2283 4993 2374 5061 qui
2408 4992 2601 5060 linguae
2621 4987 2899 5046 Hebraica:
2927 4994 3184 5061 imperiti,
3210 4987 3394 5046 vocent
3418 4987 3635 5061 Φάσκα,

2055 5078 2083 5114 a
2130 5059 2315 5115 verbo
2346 5059 2535 5117 Graeco
2576 5061 2826 5131 πάσχειν,
2875 5059 3019 5126 pati,
3078 5063 3428 5116 deduxerunt.
3493 5059 3636 5113 l‘linc

2053 5131 2344 5199 Gregorius
2371 5133 2537 5185 dicit:
2577 5149 2595 5181 ι
2628 5131 2730 5185 Per
2760 5132 2952 5185 littera‘
2975 5150 3012 5201 φ
3042 5133 3093 5185 in
3123 5150 3185 5195 π,
3218 5142 3273 5185 et
3305 5150 3340 5186 κ
3366 5134 3415 5185 in
3447 5148 3480 5201 χ
3515 5146 3636 5183 tnn-

2058 5202 2331 5262 tationetn,
2375 5202 2513 5255 hanc
2546 5217 2730 5255 vocem
2773 5201 2839 5255 ad
2875 5202 3106 5269 linguam
3140 5203 3386 5257 Graecam
3417 5216 3638 5254 accom-

2055 5274 2355 5335 modantes,
2401 5274 2539 5324 hanc
2590 5271 2732 5324 diem
2782 5271 2987 5326 Pascha
3040 5274 3403 5327 nominarunt.
3456 5270 3635 5323 »012-

2059 5342 2168 5394 rior
2200 5352 2377 5394 autem
2429 5341 2617 5393 luisset
2667 5341 2755 5395 hic
2801 5342 2975 5406 locus,
3014 5343 3063 5396 si
3116 5342 3419 5409 Tlteologus
3457 5341 3634 5393 dixis-

2056 5422 2138 5464 set
2169 5427 2183 5464 :
2219 5430 2237 5462 ι
2277 5411 2379 5465 Per
2405 5411 2598 5464 littera:
2640 5418 2679 5473 ξ)
2703 5412 2772 5482 in
2820 5428 2880 5476 π,
2912 5422 2967 5465 et
3001 5423 3041 5473 Π
3078 5413 3130 5466 in
3172 5431 3205 5482 χ
3256 5412 3635 5475 mutationem,

2053 5482 2194 5605 {inane
2230 5496 2437 5546 vocem,
2466 5490 2603 5546 nos,
2647 5481 2713 5535 ad
2762 5481 2997 5552 linguam
3037 5481 3281 5538 Graecam
3323 5495 3638 5537 accommo-

2090 5562 2267 5605 antes.
2311 5569 2330 5602 ι
2387 5563 2494 5605 etc.

2090 5562 2267 5616 antes,
2311 5569 2330 5602 ι
2387 5563 2494 5606 etc.

2124 5620 2237 5691 (20)
2303 5620 2843 5691 Ἐξελληνίζοντες.
2902 5622 2958 5678 ln
3014 5622 3321 5689 nonnullis,
3385 5618 3641 5693 Ἕλληνι-

2054 5708 2262 5754 σαντες.
3616 5702 3619 5709 ’
