3898 6222
124 288 248 343 657

1114 291 1380 351 ORATIO
1414 295 1576 354 XLV.
1616 331 1687 343 —
1722 299 1794 356 ΙΝ
1834 299 2166 361 SANCTUM
2205 306 2497 364 PASCHA.

3311 316 3417 373 658

120 405 380 475 ἐποίησε
401 405 896 498 ,προστρεχούσης
918 406 1016 477 τῆς
1043 407 1150 462 τῶν
1179 410 1393 467 πολλῶν
1425 415 1624 487 ἀκοῆς,
1658 412 1734 482 ὡς

1845 420 2118 490 tationem,
2163 425 2308 481 hanc
2333 428 2523 482 vo’cem
2551 426 2617 480 ad
2648 425 2885 498 linguam
2917 428 3160 487 Graecam
3201 447 3418 489 accom-

121 493 530 565 εὐσεϐεστέρῳ
556 493 636 565 τῷ
664 496 891 566 ῥήματι.

1842 512 2139 582 modantes,
2200 516 2344 573 hunc
2399 516 2542 572 diem
2581 517 2791 573 Pascha
2842 520 3208 584 nominarunt.
3240 527 3421 596 Atque

126 591 261 644 haec
290 604 403 643 vox
452 597 635 657 postea
694 591 1084 648 consuetudine
1134 602 1302 667 atque
1344 613 1444 654 usu
1475 600 1793 658 conﬁrmata
1853 615 1958 675 est,
2016 611 2358 668 multitudine
2403 613 2652 671 videlicet
2700 617 2803 673 hoc
2845 618 3091 688 verbum,
3135 631 3196 676 ut
3245 591 3421 695 magis

125 686 325 754 pium,
349 685 557 740 calculo
571 700 671 741 suo
694 689 1097 755 comprobante.

206 775 332 829 IA’.
360 775 549 829 Πάντα
604 776 704 846 μὲν
736 771 829 830 οὖν
868 777 960 831 τὸν
1013 779 1197 850 νόμον,
1248 784 1406 837 σκιὰν
1438 780 1577 838 εἶναι
1627 785 1736 840 τῶν

131 865 462 936 μελλόντων
512 866 607 919 καὶ
637 867 960 953 νοουμένων,
1006 871 1034 923 ὁ
1065 871 1207 936 θεῖος
1260 874 1577 939 Ἀπόστολος
1629 877 1735 949 πρὸ

125 954 313 1025 ἡμῶν
347 956 683 1027 ἀπεφήνατο.
715 957 826 1010 Καὶ
861 960 890 1011 ὁ
920 962 1267 1030 χρηματίσας
1306 964 1412 1035 πρὸ
1439 964 1628 1018 τούτου
1657 966 1736 1036 τῷ

127 1044 385 1096 Μωῦσεί
404 1043 556 1109 Θεὸς,
603 1045 768 1113 ήνίκα
805 1047 935 1116 περὶ
975 1046 1179 1101 τούτων
1209 1050 1549 1120 ἐνομοθέτει*
1590 1053 1737 1121 Ὅρα

128 1132 282 1205 γὰρ,
324 1134 483 1204 φησι,
535 1134 809 1204 ποιήσεις
844 1135 1042 1193 πάντα
1083 1139 1237 1194 κατὰ
1262 1139 1368 1194 τὸν
1393 1142 1586 1196 τύπον
1630 1143 1738 1197 τὸν

131 1222 472 1292 δειχθέντα
518 1239 619 1278 σοι
671 1225 741 1278 ἐν
769 1225 852 1291 τῷ
898 1226 1022 1295 ὄρει
1047 1242 1062 1256 °
1099 1231 1469 1302 σκιαγραφίαν
1496 1233 1619 1287 τινὰ
1641 1236 1738 1288 καὶ

133 1315 534 1387 προχάραγμα
555 1316 664 1370 τῶν
693 1319 937 1389 ἀοράτων
966 1322 1330 1390 παραδεικνὺς
1362 1324 1430 1378 τὰ
1459 1326 1731 1398 ὁρώμενα.

134 1404 264 1456 Καὶ
288 1403 569 1475 πείθομαι,
602 1406 766 1477 μηδὲν
795 1409 938 1478 εἰκῆ,
972 1409 1108 1480 μηδὲ
1134 1411 1453 1481 ἀλογίστως,
1482 1416 1616 1487 μηδὲ
1639 1435 1737 1488 χα-

138 1495 390 1565 μερπῶς
416 1497 622 1550 τούτων
645 1499 759 1561 (21)
791 1499 1157 1572 διατετάχθαι,
1203 1505 1336 1574 μηδὲ
1366 1507 1600 1574 ἀναξίως
1635 1512 1736 1582 τῆς

134 1585 247 1638 τοῦ
297 1585 437 1639 Θεοῦ
471 1588 812 1658 νομοθεσίας,
846 1591 942 1644 καὶ
965 1594 1067 1664 τῆς
1096 1595 1376 1660 Μωῦσέως
1407 1599 1730 1671 ὑπουργίας·

1910 767 2006 824 XI.
2036 769 2331 826 Enimvero
2364 771 2535 843 legem
2569 773 2879 829 universam
2900 814 2916 842 ,
2951 774 3283 844 futurorum,
3336 786 3425 836 at-

1841 871 1946 926 que
1997 874 2206 927 eorum,
2251 875 2371 930 quae
2421 862 2602 917 animo
2650 872 2704 918 et
2757 864 2967 920 ratidne
3018 866 3417 937 intelliguntur,

1843 949 2091 1004 umbram
2110 950 2297 1015 fuisse,
2330 953 2542 1008 divinus
2571 954 2864 1023 Apostolus
2894 967 3020 1013 ante
3044 973 3142 1015 nos
3173 975 3418 1030 pronun-

1834 1039 2074 1093 tiavit“.
2111 1042 2191 1096 Ac
2249 1042 2395 1099 Deus
2446 1044 2639 1110 etiam,
2667 1046 2759 1115 qui
2803 1047 2974 1119 Moysi
3028 1059 3154 1106 ante
3198 1052 3418 1108 oracula

1834 1129 2021 1195 edidit,
2043 1146 2165 1186 cum
2200 1133 2266 1190 de
2295 1134 2384 1190 bis
2448 1135 2610 1190 rebus
2652 1135 2800 1208 leges
2836 1138 2915 1193 illi
2980 1141 3365 1210 praescriberet
3398 1162 3413 1198 :

1843 1219 1994 1286 Vide,
2020 1222 2212 1293 inquit,
2240 1233 2297 1279 ut
2331 1227 2511 1280 omnia
2547 1225 2716 1295 facias
2755 1228 2918 1297 juxta
2959 1230 3254 1300 exemplar,
3278 1234 3419 1304 quod

1841 1312 1937 1364 tibi
1978 1312 2033 1365 in
2086 1324 2259 1368 monte
2315 1325 2577 1370 ostensum
2635 1327 2709 1370 est
2739 1316 2822 1383 ¹⁸;
2859 1332 2921 1371 ea
2956 1319 3238 1386 nimirum,
3296 1335 3420 1388 qua:

1841 1415 2058 1473 aspectu
2109 1408 2440 1475 sentiuntur,
2488 1409 2645 1478 quasi
2706 1409 3181 1465 adumbrationem
3224 1427 3418 1480 quam-

1842 1494 1964 1546 dam
1993 1505 2047 1549 et
2070 1495 2480 1551 delineatiouem
2511 1512 2699 1552 earum
2734 1512 2915 1554 rerum
2943 1538 2959 1566 ,
2993 1514 3113 1569 qua:
3138 1502 3418 1557 oculorum

1840 1598 2056 1639 sensum
2098 1586 2346 1657 fugiunt,
2375 1604 2496 1644 esse
2543 1590 2858 1645 ostendens.
2888 1590 3074 1660 Atque
3127 1591 3256 1648 illud
3296 1609 3421 1662 per—

137 1681 195 1731 εί
231 1680 335 1731 καὶ
362 1679 600 1759 χαλεπὸν
623 1682 826 1754 ἑκάστῃ
861 1683 969 1738 τῶν
998 1685 1186 1751 σκιῶν,
1221 1688 1458 1761 ἑκάστην
1482 1668 1733 1763 ἐφευρεῖν

1845 1691 2055 1730 suasum
2086 1679 2278 1744 habeo,
2314 1680 2450 1734 nihil
2480 1688 2707 1746 temere,
2754 1695 2853 1735 nec
2880 1682 3300 1751 inconsiderate,
3332 1685 3419 1740 ni-

137 1765 393 1840 θεωρίαν
436 1758 519 1834 είς
549 1770 745 1825 λεπτὸν
772 1772 886 1842 (22)
920 1774 1318 1830 καταϐαίνοντα
1343 1818 1357 1842 ,
1384 1758 1484 1832 ὅσα
1513 1758 1573 1832 τε
1607 1758 1737 1851 περὶ

136 1861 251 1930 τῆς
301 1861 512 1933 σκηνῆς
548 1863 736 1929 αὐτῆς,
785 1864 881 1917 κα)⁵
921 1865 1135 1937 μέτρων
1163 1867 1299 1938 (25),
1331 1870 1426 1923 καὶ
1455 1869 1607 1941 ὕλης,
1641 1872 1736 1923 καὶ

136 1950 263 2005 τῶν
286 1952 555 2022 αίρόντων
609 1953 784 2007 ταῦτα
811 1956 1049 2009 Λευῖτῶν
1075 1975 1135 2011 τε
1156 1959 1252 2012 καὶ
1268 1959 1612 2032 λειτουργῶν,
1638 1965 1736 2016 ὅσα

136 2060 210 2095 τε
234 2044 368 2114 περὶ
383 2044 604 2111 θυσιῶν,
626 2046 722 2099 καὶ
750 2046 1084 2118 καθαρσίων,
1102 2049 1195 2102 καὶ
1214 2050 1606 2122 ἀφαιρεμάτων
1623 2052 1736 2123 (24)

139 2134 574 2205 νενομοθέτηται
599 2152 613 2166 ο
643 2136 739 2189 καὶ
771 2138 952 2209 μόνοις
983 2134 1123 2192 εἶναι
1157 2139 1409 2211 θεωρητά
1445 2145 1556 2206 τοῖς
1598 2142 1738 2197 κατά

140 2223 399 2278 Μωῦσέα
446 2227 545 2296 τὴν
594 2227 816 2299 ἀρετὴν,
871 2228 905 2300 ἢ
946 2229 1026 2283 ὅτι
1062 2231 1348 2299 ἐγγυτάτω
1392 2232 1490 2301 τῆς
1526 2233 1733 2286 ἐκείνου

144 2314 516 2379 παιδεύσεως.
560 2317 712 2371 Ἐπεὶ
740 2320 835 2372 καὶ
866 2320 924 2371 ὲν
953 2321 1101 2391 αὺτῷ
1126 2320 1204 2391 τῷ
1224 2320 1340 2391 ὄρει
1372 2322 1504 2385 Θεὸς
1529 2323 1739 2396 ἀνθρώ-

145 2418 283 2466 ποις
308 2404 660 2472 φαντάζεται,
682 2406 743 2459 τὸ
772 2407 872 2477 μέν
898 2425 951 2461 τι
969 2408 1309 2464 καταϐαίνων
1324 2411 1484 2475 αὐτὸς
1502 2412 1604 2483 τῆς
1624 2414 1737 2482 (25)

145 2493 366 2557 οἰκείας
400 2496 710 2567 περιωπῆς,
742 2497 803 2550 τὸ
832 2497 890 2551 δὲ
929 2499 1077 2569 ἡμᾶς
1095 2501 1315 2568 ἀνάγων
1343 2502 1408 2555 ἐκ
1426 2503 1525 2573 τῆς
1557 2505 1737 2557 κάτω-

148 2584 249 2637 θεν
286 2584 402 2654 (26)
453 2586 866 2652 ταπεινώσεως,
917 2589 1006 2644 ἴνα
1036 2593 1258 2664 χωρηθῇ
1320 2594 1554 2665 μετρίως
1602 2596 1736 2663 γοῦν

149 2676 329 2747 θνητῇ
362 2676 522 2746 φύσει
550 2678 685 2749 (27),
725 2680 817 2733 καὶ
847 2681 971 2734 ὅσον
1002 2682 1261 2750 ἀσφαλὲς,
1286 2685 1315 2738 ὁ
1340 2684 1641 2757 ἀχώρητος.
1661 2689 1736 2741 Οὐ

150 2768 270 2839 γὰρ
296 2765 409 2822 οἷόν
431 2786 492 2822 τε
521 2769 695 2834 ἄλλως
725 2772 782 2825 ὲν
818 2773 1067 2845 περινοίᾳ
1103 2775 1238 2828 Θεοῦ
1275 2776 1527 2845 γενέσθαι
1556 2777 1733 2849 σώμα-

150 2875 250 2922 τος
274 2857 463 2911 ὑλικοῦ
494 2859 588 2912 καὶ
630 2859 850 2930 δεσμίου
897 2860 990 2914 νοῦ
1040 2862 1212 2932 πάχος
1245 2864 1318 2934 μὴ
1352 2863 1735 2935 βοηθούμενον.

152 2950 294 3003 Τότε
335 2949 538 3017 τοίνυν,
569 2949 628 3003 οὐ
666 2950 870 3014 πάντες
900 2951 1002 3021 τῆς
1048 2952 1220 3022 αὐτῆς
1268 2953 1589 3018 ἀξιωθέντες
1617 2955 1740 3023 φαί-

1840 1768 1912 1821 hil
1947 1769 2221 1824 humiliter
2246 1780 2409 1840 atque
2433 1770 2664 1839 abiecte,
2698 1772 2833 1827 nihil
2859 1773 3090 1843 denique
3125 1775 3237 1831 Deo
3262 1776 3422 1845 legis-

1840 1858 2010 1915 latore
2046 1875 2110 1913 ac
2140 1862 2387 1917 ministro
2425 1861 2608 1933 Moyse
2643 1879 2834 1934 parum
2867 1865 3084 1935 dignum
3109 1906 3124 1931 ,
3158 1867 3421 1924 indictum

1839 1958 2001 2017 atque
2025 1951 2382 2006 constitutum
2429 1968 2586 2020 esse;
2624 1955 2846 2009 tametsi
2899 1954 3114 2011 diliicile
3148 1956 3291 2012 factu
3326 1959 3422 2024 sit,

1839 2052 1898 2096 ut
1921 2058 2073 2097 suam
2111 2045 2306 2113 cuique
2349 2046 2556 2100 umbrae
2588 2061 2654 2102 ac
2679 2047 2863 2118 figurae
2893 2047 3206 2117 allegoriam
3257 2065 3425 2107 exeo-

1838 2134 2091 2201 gitemus,
2123 2137 2431 2191 minutatim
2481 2139 2548 2190 ad
2582 2138 2797 2206 singula
2846 2138 3263 2205 descendentes,
3296 2145 3423 2211 quae

1841 2233 1952 2278 tum
1991 2227 2057 2280 de
2087 2241 2210 2280 arca
2244 2228 2361 2293 ipsa
2391 2238 2446 2283 et
2487 2230 2760 2285 mensuris
2794 2238 2849 2285 et
2879 2232 3106 2286 materia
3136 2241 3192 2287 et
3214 2232 3424 2288 Levitis

1839 2332 1903 2370 ac
1934 2318 2197 2373 ministris
2246 2334 2363 2373 eam
2404 2321 2787 2389 gestantibus;
2833 2331 2945 2378 tum
2974 2325 3136 2379 etiam
3165 2328 3231 2381 de
3255 2326 3428 2382 sacri-

1840 2409 1976 2463 ﬁciis
2001 2421 2055 2464 et
2096 2409 2513 2467 lustrationibus
2563 2420 2727 2482 atque
2753 2413 3125 2471 oblationibus
3149 2415 3266 2485 lege
3301 2430 3431 2470 sau-

1840 2502 1944 2555 cita
1983 2510 2149 2556 sunt:
2185 2517 2309 2571 quae
2344 2503 2562 2573 quidem
2619 2503 2685 2558 iis
2738 2505 2873 2559 solis
2925 2506 3219 2574 conspicua
3262 2515 3424 2569 sunt,

1839 2593 1930 2661 qui
1975 2593 2174 2647 virtute
2221 2592 2464 2664 Moysem
2502 2593 2768 2660 referunt,
2811 2595 2894 2650 vel
2918 2597 2984 2650 ad
3006 2596 3125 2663 ejus
3146 2596 3417 2652 eruditio-

1839 2698 1963 2738 nem
1986 2686 2228 2752 proxime
2250 2685 2536 2739 accedunt.
2564 2682 2701 2739 Nam
2747 2686 2800 2740 in
2849 2686 2965 2756 ipso
2988 2701 3204 2757 quoque
3240 2695 3424 2744 monte

1842 2769 1983 2824 Deus
2032 2770 2339 2825 hominibus
2391 2782 2650 2840 apparet,
2703 2774 2896 2841 partim
2945 2776 3011 2830 de
3056 2775 3273 2844 specula
3323 2791 3422 2832 sua

1841 2862 1957 2931 ipse
2000 2862 2245 2916 nonnihil
2295 2863 2654 2931 descendens,
2706 2867 2904 2936 partim
2960 2882 3060 2923 nos
3104 2882 3168 2921 ex
3211 2877 3426 2924 terrena

1843 2953 2187 3022 depressione
2229 2954 2284 3007 in
2314 2954 2481 3009 altum
2512 2957 2768 3023 evehens,
2813 2967 2873 3012 ut
2909 2972 2941 3011 a
2987 2959 3199 3013 mortali
3231 2969 3424 3015 natura

152 3057 341 3092 νονται
368 3038 578 3104 τάξεώς
608 3056 669 3093 τε
715 3040 810 3093 κα)⁸
837 3041 1114 3104 στάσεως·
1150 3043 1266 3095 ἀλλ’
1311 3046 1340 3097 ὁ
1369 3044 1466 3114 μὲν
1487 3045 1608 3116 τῆς,
1633 3045 1662 3096 ὁ
1683 3045 1734 3099 δὲ

1845 3046 2037 3101 leviter
2072 3048 2288 3110 saltem,
2346 3056 2401 3100 et
2449 3058 2720 3115 quatenus
2767 3058 2939 3103 tutum
2978 3060 3079 3118 est,
3123 3050 3429 3120 incompre-

151 3130 281 3201 τῆς,
311 3132 448 3202 πρὸς
504 3132 722 3202 μέτρον,
777 3127 928 3203 οἶμαι
953 3173 969 3199 ,
1025 3133 1125 3203 τῆς
1180 3134 1374 3187 ἑαυτοῦ
1420 3135 1739 3208 καθάρσεως

152 3222 425 3285 ἕκαστος’
478 3223 531 3275 οἱ
581 3222 639 3275 δὲ
670 3223 764 3277 καὶ
790 3225 1137 3279 παντάπασιν
1187 3226 1610 3297 ἀπεληλαμένοι,
1645 3228 1741 3280 καὶ

160 3317 334 3386 μόνης
367 3314 586 3369 ἀκούειν
636 3315 738 3384 τῆς
792 3317 998 3372 ἀνωθεν
1037 3319 1220 3388 φωνῆς
1273 3318 1737 3390 συγχωρούμενοι,

157 3406 276 3459 ὅσοι
329 3405 616 3478 θηριώδεις
662 3408 755 3460 τὸν
814 3409 1036 3479 τρόπον,
1093 3409 1188 3463 καὶ
1233 3409 1392 3465 θείων
1426 3410 1739 3482 μυστηρίων

157 3497 387 3562 ἀνάξιοι.

1847 3140 2124 3195 hensibilis
2147 3140 2236 3194 ille
2263 3140 2621 3210 concipiatur.
2658 3140 2844 3211 Neque
2867 3142 3011 3197 enim
3041 3143 3198 3198 aliter
3226 3147 3427 3200 terreni

1842 3231 2085 3300 corporis
2127 3246 2192 3285 ac
2237 3231 2434 3286 mentis
2486 3232 2684 3286 vinctas
2729 3234 3007 3289 crassities
3039 3234 3205 3289 Deum
3245 3236 3430 3292 conci-o

1843 3337 1973 3391 pere
2020 3331 2219 3392 potest,
2265 3323 2369 3377 nisi
2416 3322 2674 3379 divinitus
2705 3324 3006 3392 adjuvetur.
3043 3325 3197 3381 Tunc
3243 3328 3427 3397 igitur,

1843 3428 1948 3467 non
1966 3415 2155 3468 eodem
2189 3424 2331 3468 statu
2361 3426 2528 3484 atque
2556 3415 2746 3469 ordine
2774 3431 2964 3471 omnes
2995 3417 3184 3486 dignos
3208 3417 3420 3472 habitos

1845 3502 2012 3559 fuisse
2043 3514 2294 3571 constat;
2329 3519 2517 3558 verum
2550 3505 2695 3560 hunc
2724 3507 2848 3572 alio,
2878 3506 3027 3561 illum
3057 3508 3184 3572 alio,
3226 3523 3424 3563 unum-

158 3611 451 3666 quemque,
489 3606 550 3653 ut
576 3598 788 3667 opinor,
850 3614 949 3667 pro
991 3599 1328 3670 purgationis
1383 3614 1495 3655 sua:
1527 3601 1685 3655 modo
1717 3615 1777 3655 ac
1819 3603 2045 3658 ratione.
2100 3603 2328 3670 Quidam
2376 3602 2544 3675 854
2591 3604 2752 3659 etiam
2803 3619 3023 3673 prorsus
3083 3606 3429 3673 arcebantur,

166 3691 406 3760 ipsisque
442 3692 592 3746 vocis
620 3707 685 3747 ex
730 3691 839 3746 alto
869 3692 1129 3746 duntaxat
1174 3690 1454 3745 audiendas
1532 3700 1774 3760 potestas
1846 3692 2027 3761 ﬁebat,
2072 3695 2326 3749 nimirum
2377 3695 2465 3760 iis,
2517 3695 2609 3765 qui
2653 3695 2901 3751 belluinis
2955 3706 3113 3752 erant
3160 3698 3424 3766 moribus,

162 3787 469 3856 divinisque
502 3786 779 3858 mysteriis
817 3786 1044 3857 indigni.

231 3883 332 3936 lB'.
353 3884 543 3954 Ὅμως
557 3882 614 3935 δὲ
640 3883 811 3954 μέσην
831 3878 1136 3952 χωροῦντες
1156 3880 1317 3950 ἡμεῖς
1345 3876 1455 3931 τῶν
1479 3895 1540 3931 τε
1571 3879 1734 3934 πάνττ

1915 3877 2029 3931 Xll.
2071 3875 2182 3931 Nos
2216 3885 2395 3929 tamen
2426 3876 2599 3930 media
2636 3874 2867 3944 quadam
2899 3876 2981 3929 via
3016 3876 3157 3930 inter
3179 3890 3292 3941 eos,
3325 3876 3419 3945 qui

161 3976 484 4047 παχυτέρων
520 3974 620 4046 τὴν
672 3975 930 4041 διάνοιαν,
990 3973 1085 4027 καὶ
1143 3971 1253 4025 τῶν
1306 3971 1446 4039 ἀγαν
1481 3970 1734 4043 θεωρητι-

1847 3969 2122 4024 crassiore
2157 3966 2379 4020 omnino
2411 3965 2629 4037 ingenio
2666 3975 2811 4033 sunt,
2857 3975 2913 4020 et
2960 3981 3073 4031 eos,
3123 3966 3214 4035 qui
3261 3966 3433 4021 nimio

161 4068 275 4122 κῶν
306 4067 419 4139 (28)
449 4085 511 4121 τε
537 4069 632 4122 καὶ
660 4067 1006 4139 άνηγμένων,
1036 4066 1127 4119 ἵνα
1163 4066 1298 4135 μήτε
1329 4064 1609 4128 παντελῶς
1642 4067 1734 4138 ἀρ-

1845 4058 2320 4130 contemplalionis
2350 4067 2408 4113 et
2433 4058 2711 4128 anagogiaa
2733 4058 2910 4114 studio
2949 4059 3241 4123 ducuntur,
3281 4058 3425 4112 ince-

162 4161 251 4228 γοὶ
289 4161 384 4213 καὶ
427 4159 674 4231 ἀκίνητοι
725 4159 997 4229 μένωμεν,
1034 4156 1172 4227 μήτε
1204 4155 1613 4227 περιεργότεροι
1648 4156 1734 4210 τοῦ

1845 4153 2050 4216 dentes,
2108 4158 2167 4204 ut
2216 4165 2316 4205 nec
2348 4164 2571 4219 prorsus
2607 4149 2810 4205 inertes
2854 4164 2920 4205 ac
2963 4150 3160 4218 torpidi
3202 4162 3426 4203 manea-

144 4235 373 4314 ’δέοντος
403 4244 574 4320 ὦμεν,
607 4251 701 4303 καὶ
754 4248 864 4302 τῶν
911 4246 1286 4319 προκειμένων
1320 4246 1587 4300 ἔκπτωτοι
1638 4248 1732 4300 καὶ

1845 4258 1981 4310 mils,
2026 4258 2125 4300 nec
2168 4258 2356 4297 rursus
2402 4242 2727 4297 curiosiores
2768 4242 2972 4307 simus,
3008 4256 3168 4311 quam
3206 4250 3306 4311 par
3332 4239 3428 4309 sit,

163 4342 430 4413 ἀλλότριοι
455 4342 537 4405 (τὸ
563 4339 798 4412 μὲνγὰρ
839 4338 1127 4392 Ἰουδαῖκόν
1174 4354 1294 4401 πως
1326 4336 1420 4391 καὶ
1462 4338 1735 4405 ταπεινὸν,

162 4433 225 4486 τὸ
250 4433 308 4487 δὲ
328 4431 770 4504 ὀνειροκριτικὸν,
798 4430 891 4483 καὶ
918 4428 1116 4500 ὁμοίως
1149 4427 1435 4499 ἀμφότερα
1462 4446 1737 4499 κατεγνω-

166 4524 392 4595 σμένα)·
449 4523 594 4577 οὕτω
643 4523 772 4594 περὶ
818 4521 1024 4575 τούτων
1062 4518 1438 4591 διαλεξόμεθα,
1487 4520 1630 4574 κατὰ
1669 4522 1733 4573 τὸ

165 4614 293 4682 ἡμῖν
314 4612 555 4680 ἐφικτὸν,
588 4611 683 4664 καὶ
721 4610 782 4662 οὐ
815 4609 935 4662 λίαν
968 4608 1213 4672 ἔκτοπον,
1238 4607 1356 4661 οὐδὲ
1381 4611 1493 4671 τοῖς
1519 4609 1733 4672 πολλοῖς

166 4704 582 4770 καταγέλαστον.
626 4700 935 4772 Ἡγούμεθα
958 4701 1068 4770 (29)
1103 4698 1232 4771 γὰρ,
1254 4699 1438 4771 ἐπειδὴ
1468 4701 1735 4765 πεσόντας

238 4841 279 4872 “
308 4840 486 4896 Colos.
513 4855 575 4905 ιι,
614 4838 704 4892 17.
781 4837 827 4868 ³³
855 4836 1023 4891 Exod.
1054 4851 1182 4903 xxv,
1211 4834 1299 4890 40.

233 4975 343 5047 (21)
382 4972 702 5043 Χαμερπῶς
730 4974 977 5047 τούτων.
1021 4971 1109 5047 Sic
1136 4971 1303 5041 Regg.
1342 4971 1456 5047 _bm,
1491 4971 1584 5047 ph,
1618 4969 1739 5047 alii-

168 5040 495 5118 que‘pilures',
531 5040 725 5118 decem
746 5044 919 5105 Colh.,
950 5043 1246 5118 etc._lleest
1262 5040 1471 5118 τούτων
1498 5041 1664 5118 in_ed.

238 5115 346 5185 (22)
387 5118 492 5180 ΕΙς
537 5114 796 5185 λεπτόν,
836 5124 940 5167 etc.
995 5111 1359 5185 cMigmtatim
1408 5112 1473 5163 ad
1529 5112 1740 5185 singula

170 5182 569 5241 dest-cudentes.
604 5204 621 5235 ι
654 5184 837 5236 Billius
865 5205 875 5238 :
913 5202 931 5233 ι
967 5182 1234 5236 subtiliter
1265 5183 1328 5234 ad
1354 5196 1415 5235 ea
1439 5182 1619 5234 omnia
1647 5183 1741 5236 de-

182 5256 507 5311 scmldemes.
554 5273 572 5304 ι

240 5325 346 5446 (25)
388 5323 647 5391 Μέτρωίν.
711 5340 729 5373 ι
765 5320 838 5377 De
892 5322 1180 5387 mensuris,
1226 5318 1675 5375 dimensionibus.
1715 5338 1734 5373 ›

173 5394 245 5449 Bil
272 5436 284 5447 .
315 5416 328 5449 :
358 5413 375 5444 ι
402 5397 467 5445 de
503 5395 677 5445 modo.
712 5410 730 5442 ι

216 5408 284 5448 ΙΙΙ.
315 5416 328 5449 ε
358 5413 375 5444 ί
402 5408 467 5445 ne
503 5408 677 5445 IIlOUO.
712 5410 730 5442 ι

239 5463 347 5535 (24)
401 5460 851 5535 Ἂφαιρεμάτων.
901 5479 920 5511 ι
966 5459 1058 5535 _De_
1080 5457 1359 5514 subductis
1405 5458 1743 5514 victimarum

134 5561 141 5567 -
172 5529 513 5605 partiliuséet
547 5529 810 5605 saCerdoti
843 5529 1108 5605 ascriptis.
1136 5548 1162 5605 ε

239 5603 345 5673 (25)
389 5601 523 5673 Τῆς.
554 5603 608 5654 lu
639 5600 1075 5673 qui_bu3tlatn,}_:_x
1103 5597 1220 5673 τῆς.

239 5670 353 5741 (26)
387 5671 681 5726 Κάτωθεν.
722 5670 777 5724 In
813 5670 1102 5741 nonnullis,
1136 5670 1306 5741 κάτω.

240 5735 346 5813 (27)
388 5741 586 5811 Θνητῇ
617 5742 819 5811 φύσει.
856 5758 874 5792 ι
904 5740 949 5794 Δ
980 5738 1194 5796 mortali
1223 5748 1433 5796 natura.
1463 5757 1480 5792 ι
1510 5735 1742 5805 Quidam

1841 4347 2003 4405 atque
2034 4349 2061 4388 a
2107 4334 2387 4404 proposito
2425 4341 2748 4404 argumento
2778 4332 3096 4387 excidamus
3143 4339 3197 4385 et
3223 4344 3420 4400 evage-

1838 4443 1960 4483 mur
2031 4427 2289 4497 (alterum
2353 4425 2497 4480 enim
2572 4421 2858 4479 Iudaicum
2913 4422 3312 4491 quodammodo
3367 4428 3423 4474 et

1837 4520 2127 4588 abiectum,
2155 4517 2386 4572 alterum
2415 4517 2656 4586 ineptum
2684 4524 2739 4571 et
2761 4515 3093 4570 somniorum
3116 4515 3422 4584 coniectore

1838 4610 2055 4679 dignum
2112 4618 2214 4674 est,
2269 4622 2333 4662 ac
2365 4617 2655 4676 utrumque
2715 4622 2899 4675 parem
2939 4606 3415 4675 reprehensionem

1839 4696 2133 4767 meretur);
2163 4697 2230 4752 ad
2261 4696 2404 4752 hunc
2429 4697 2644 4752 modum
2674 4697 2741 4752 de
2770 4696 2852 4751 his
2883 4699 3064 4761 rebus,
3092 4710 3190 4765 pro
3218 4694 3411 4748 virium
3496 4726 3499 4729 λ

1841 4968 2020 5028 codd.,
2056 4966 2288 5037 γεννητῇ
2333 4964 2513 5035 φύσει,
2550 4981 2570 5016 ι
2611 4978 2640 5018 a
2670 4973 2845 5020 creata
2877 4971 3087 5016 natura.
3117 4980 3137 5014 ι
3178 4958 3269 5015 Sic
3297 4959 3425 5031 legit

1838 5038 2047 5091 Billius.

1912 5107 2021 5177 (28)
2064 5108 2267 5177 Ἀγᾳνγ
2296 5103 2682 5177 θεωρητικῶν,
2729 5113 2834 5177 etc:
2875 5099 3243 5177 Combeﬁsius
3281 5099 3426 5177 hunc

1839 5169 2015 5231 locum
2055 5191 2121 5228 ex
2144 5169 2356 5250 'Budaeo
2389 5169 2477 5229 sic
2498 5175 2675 5250 reddit
2699 5191 2766 5250 ξι
2798 5172 2897 5250 Qui
2935 5172 3085 5225 valde
3116 5169 3425 5250 spirituales

1845 5258 1991 5310 sunt,
2050 5247 2399 5314 provectique
2434 5243 2622 5305 animi,
2678 5242 2969 5298 altissimos
3020 5256 3085 5294 ex
3124 5240 3424 5308 Scripturis

1842 5331 2032 5372 sensus
2062 5315 2301 5369 eliciunt.
2343 5333 2362 5364 ι
3370 5327 3373 5329 ’

1917 5384 2052 5461 (29_)__
2076 5384 2413 5461 Ἠγιούμεθα,
2446 5390 2552 5461 ειιεἶ
2592 5382 2879 5461 r_Diliicilis
2906 5391 2959 5437 et
3000 5381 3250 5461 obscura,
3276 5396 3296 5430 ι
3328 5395 3423 5461 λη-

1843 5451 1959 5526 quit
1992 5451 2284 5529 Hicetas,_'c
2322 5452 2508 5529 ΙιιιῙ-ιιεΔ
2539 5451 2640 5507 laci
2696 5454 2909 5529 videtur
2956 5465 3079 5529 esse
3130 5451 3425 5529 sententia,

1841 5520 1965 5594 quia
2016 5525 2189 5592 longis
2234 5525 2563 5594 hyperbatis
2593 5523 2814 5594 concisa
2858 5535 2943 5594 est
2990 5522 3103 5574 haec
3151 5520 3424 5594 periodus.

1842 5587 1997 5650 Hunc
2060 5587 2235 5648 autem
2283 5587 2511 5647 sensum
2553 5593 2729 5646 habet.
2773 5590 3176 5651 Existimamus,
3233 5587 3429 5656 inquit,

1840 5667 2093 5735 quoniam
2148 5677 2320 5741 usque
2365 5663 2432 5716 ad
2481 5661 2834 5741 idololatriam
2867 5661 3097 5741 prolapsi
3128 5657 3426 5741 fueramus,

1841 5726 1876 5791 εἰ
1885 5746 2012 5805 tque
2043 5726 2269 5791 excitari
2300 5747 2396 5791 nos
2423 5732 2661 5803 erigique
2700 5726 3007 5802 oportebat,
3043 5730 3243 5786 ideirco
3269 5726 3432 5784 nobis
