3898 6222
459 232 569 293 639

1715 229 1772 286 S.
1810 228 2143 289 GREGORII
2182 232 2531 289 TIIEOLOGI

3660 230 3781 283 6ὶο

462 356 770 404 nostrarum
798 344 1035 411 modulo,
1072 359 1177 402 non
1213 343 1375 399 nimis
1415 344 1649 400 absurde
1676 358 1777 401 nec
1822 345 2050 402 ridicule

2179 348 2303 419 ιμᾶς
2326 350 2391 403 ὲκ
2414 350 2514 418 τῆς
2543 345 2821 418 ἁμαρτίας
2839 343 2902 396 τὸ
2929 344 3025 397 ἀπ’
3050 341 3248 413 ἀρχῆς,
3270 343 3364 396 καὶ
3380 341 3468 394 διὰ
3493 341 3608 411 τῆς
3651 343 3785 411 ἡδο-

461 443 815 497 disseremus.
864 438 939 493 lta
968 438 1114 494 enim
1142 438 1522 495 existimamus
1558 455 1572 493 :
1607 440 2049 509 quandoquidem

462 546 564 587 nos
606 546 700 601 per
739 539 1020 601 peccatum
1068 530 1136 583 ah
1169 529 1327 584 initio
1359 529 1518 598 lapsi,
1549 538 1715 600 atque
1756 530 2051 600 voluptatis

464 623 712 678 illecebra
766 636 935 692 usque
986 622 1054 676 ad
1104 621 1373 675 idolorum
1429 621 1634 675 cultum
1698 637 1764 678 ac
1812 622 2051 680 nefarios

465 729 690 770 cruores
722 716 964 782 subrepti
998 713 1293 779 fueramus,
1316 728 1413 781 per
1436 713 1644 768 viscera
1667 713 2052 770 misericordiae

468 808 561 863 Dei
609 807 787 862 Patris
824 809 1017 863 nostri.
1071 805 1162 874 qui
1215 805 1471 872 hominis,
1520 806 1655 860 tanti
1701 821 1894 861 manus
1942 822 2052 861 suae

467 900 688 970 opiﬁcii,
710 900 982 969 jacturam
1027 897 1206 954 facere
1248 913 1356 953 non
1384 898 1667 963 sustinuit,
1716 899 1960 953 revocari
1988 914 2052 955 ac

466 993 521 1047 in
572 993 859 1062 pristinum
922 999 1123 1045 statum
1172 989 1389 1046 restitui
1443 991 1746 1059 oportebat.
1800 989 2046 1057 Quonam

466 1083 633 1152 igitur
658 1093 816 1153 pacto
863 1081 1011 1137 illum
1056 1079 1365 1144 reformari,
1405 1080 1606 1148 quidve
1652 1080 1801 1135 ﬁeri?
1847 1080 2052 1152 Negligi

468 1175 684 1244 quidem
722 1174 990 1228 acriorem
1024 1171 1369 1236 medicinam,
1399 1179 1586 1240 utpote
1622 1172 1689 1225 ad
1717 1173 2051 1241 persuaden-

465 1264 592 1319 dum
648 1264 826 1320 minus
887 1264 1158 1329 idoneam,
1222 1272 1278 1317 et
1320 1276 1461 1331 quae,
1524 1261 1595 1317 ob
1658 1262 2051 1319 diuturniorem

466 1355 634 1410 animi
685 1365 971 1419 tumorem,
1022 1367 1303 1409 excaecare
1352 1354 1546 1423 possit,
1592 1353 1698 1407 leni
1760 1363 1940 1408 autem
1989 1369 2053 1409 ac

467 1445 701 1515 benigno
736 1443 1095 1498 medicamine
1128 1442 1435 1512 procurari,
1476 1450 1534 1496 ut
1581 1442 1901 1513 erigeretur.
1944 1442 2052 1497 Ne-

466 1550 573 1605 que
603 1535 748 1590 enim
781 1533 1017 1601 plantam
1045 1533 1323 1588 incurvam
1348 1571 1365 1598 ,
1408 1533 1642 1588 subitam
1688 1531 2051 1601 inflexionem,

468 1641 766 1696 manusque
787 1625 1043 1697 erigentis
1064 1625 1372 1681 violentiam
1395 1625 1539 1680 ferre
1580 1626 1680 1695 (sic
1709 1626 1853 1680 enim
1876 1626 2055 1697 potius

2150 439 2248 510 γῆς
2276 437 2587 503 κλαπέντας
2627 438 2819 509 μέχρις
2860 431 3322 505 είδωλολατρείας,
3350 435 3444 488 καὶ
3476 434 3600 487 τῶν
3630 435 3782 488 ἀθέ-

2153 545 2308 600 σμων
2341 529 2616 600 αἱμάτων,
2644 527 2751 581 ἔδει
2774 527 2938 580 πάλιν
2960 525 3349 596 ἀνακληθῆναι,
3378 525 3473 578 καὶ
3498 527 3666 595 πρὸς
3719 526 3785 578 τὸ

2154 622 2382 691 ἀρχαῖον
2442 618 2815 689 ἐπαναχθῆναι
2840 658 2855 683 ,
2914 616 3002 671 διά
3057 616 3342 686 σπλάγχνα
3390 615 3583 679 ἐλέους
3616 615 3784 668 Θεοῦ

2150 712 2369 783 Πατρὸς
2395 710 2574 783 ἡμῶν,
2596 711 2698 763 οὐκ
2717 709 3089 780 ἀνασχομένου
3114 707 3455 780 ζημιωθῆναι
3480 707 3784 761 τοσοῦτον

2151 803 2315 875 ἔργον
2365 803 2468 873 τῆς
2502 802 2709 866 οἰκείας
2756 803 2940 874 χειρὸς
2971 801 3061 854 τὸν
3108 802 3415 873 ἄνθρωπον.
3459 801 3600 865 Πῶς
3675 797 3786 855 οὖν

2152 894 2590 964 ἀναπλασθῆναι,
2622 895 2712 947 καὶ
2745 894 2799 946 τί
2837 892 3126 962 γενέσθαι;
3164 893 3237 946 Τὸ
3261 895 3359 964 μὲν
3382 894 3627 966 σφοδρὸν
3662 895 3783 964 τῆς

2156 985 2399 1056 ἰατρείας
2434 984 2546 1055 (50)
2581 983 3105 1054 ἀποδοκιμασθῆναι,
3142 985 3219 1049 ὡς
3245 983 3370 1037 οὔτε
3397 987 3625 1049 πεῖσον,
3670 986 3785 1038 καὶ

2152 1075 2495 1150 προσπλῆξαι
2522 1077 2841 1146 δυνάμενον,
2876 1075 2964 1129 διὰ
2986 1075 3086 1146 τὴν
3102 1077 3167 1128 ὲκ
3187 1074 3282 1129 τοῦ
3311 1077 3502 1147 χρόνου
3530 1075 3781 1143 (pudeo-

2153 1186 2260 1233 σιν,
2294 1167 2374 1239 τῷ
2406 1168 2462 1221 δὲ
2503 1166 2698 1238 ἡμέρῳ
2732 1168 2827 1219 καὶ
2868 1165 3236 1238 φιλανθρώπῳ
3281 1167 3380 1236 τῆς
3437 1167 3782 1236 θεραπείας
3856 1162 3857 1177 ξ

2152 1259 2579 1331 οἰκονομηθῆναι
2612 1257 2749 1330 πρὸς
2792 1257 3184 1328 ἐπανόρθωσιν.
3216 1257 3367 1327 Μηδὲ
3390 1258 3497 1328 γὰρ
3527 1256 3604 1310 ἂν
3641 1257 3776 1329 (51)

2154 1350 2388 1423 πτόρθον
2437 1351 2588 1418 λοξὸν
2644 1352 2891 1419 ἐνεγκεῖν
2917 1349 3119 1421 ἀθρόαν
3151 1348 3465 1420 μετάκλισιν
3495 1349 3623 1420 (δε)
3662 1350 3782 1405 καὶ
3856 1338 3857 1369 ι

2156 1442 2277 1514 βίαν
2302 1441 2487 1513 χειρὸς
2519 1439 2934 1510 ἀπευθυνούσης
2970 1440 3188 1509 (θᾶττον
3230 1441 3329 1511 μέν
3348 1440 3395 1493 τ’
3425 1440 3492 1494 ἂν
3517 1441 3777 1512 πληγῆ-
3856 1430 3857 1469 ‘

2154 1552 2263 1599 ναι,
2286 1533 2319 1604 ἢ
2349 1531 2702 1604 ὀρθωθῆναι),
2728 1533 2868 1603 μήτε
2892 1532 3058 1584 ἵππον
3076 1531 3191 1603 (55)
3211 1532 3413 1603 θερμὸν
3440 1532 3534 1585 κα)¹
3574 1533 3780 1601 ὑπερ-

2155 1625 2320 1696 ήλικα
2360 1624 2581 1695 χαλινοῦ
2624 1622 2937 1694 τυραννίδα,
2973 1623 3097 1695 δίχα
3143 1618 3288 1688 τινὸς
3327 1623 3634 1689 κολακείας
3665 1624 3776 1677 καὶ

467 1716 606 1783 fore,
631 1684 695 1771 υἱ
720 1684 945 1770 laedatur
973 1724 1138 1784 atque
1182 1715 1531 1786 infringatur,
1580 1684 1742 1783 quam
1782 1727 1839 1770 ut
1867 1684 2051 1788 eriga-

2179 1684 2593 1787 ίοππυσμάτων.
2632 1684 2732 1768 Διά
2751 1713 2909 1768 τοῦτο
2924 1684 3134 1768 νδίδόται
3157 1684 3321 1785 νόμος
3349 1684 3480 1785 ῆμῖν
3508 1684 3777 1786 είς-βοὴ-

471 1807 606 1875 ιιιι·),
627 1822 728 1863 nec
750 1822 948 1876 equum
975 1806 1349 1876 praeferocem,
1376 1821 1439 1861 ac
1454 1807 1565 1877 jam
1594 1817 1754 1863 aetate
1775 1807 2051 1879 aliquanto

468 1899 903 1968 provectiorem,
967 1896 1105 1953 freni
1168 1898 1509 1968 tyrannidem
1592 1897 1873 1969 perferre,
1949 1899 2050 1953 nisi

469 1991 665 2046 blanda
699 1990 931 2059 quadam
959 1998 1016 2045 et
1055 1988 1399 2045 adulabunda
1435 2005 1593 2044 manu
1633 1991 2048 2059 permulceatur.

469 2080 765 2149 Propterea
797 2079 969 2141 nobis,
1025 2080 1319 2148 adjnmenti
1353 2095 1541 2144 causa,
1578 2079 1663 2135 lex
1692 2078 1875 2149 datur,
1907 2081 2053 2136 velut

471 2171 706 2226 maceria
745 2173 1012 2239 quaedam,
1065 2170 1205 2225 inter
1251 2170 1416 2224 Deum
1472 2180 1634 2239 atque
1687 2170 1828 2225 idola
1882 2172 2054 2226 inter-

466 2261 722 2332 jecta,ab
752 2262 838 2317 his
869 2263 1086 2330 quidem
1119 2276 1217 2317 nos
1251 2260 1548 2327 abducens,
1580 2261 1646 2315 ad
1680 2260 1826 2316 illum
1869 2270 2050 2319 autem

474 2370 758 2410 revocans.
791 2356 866 2410 Ac
891 2353 1163 2424 paululum
1202 2353 1461 2422 quiddam
1491 2355 1666 2423 primo
1699 2353 1957 2424 indulget,
1994 2365 2054 2409 ut

472 2441 648 2510 majus
688 2441 941 2509 accipiat.
983 2438 1260 2496 Sacriﬁcia
1302 2442 1370 2493 ad
1424 2449 1635 2511 tempus
1680 2443 1954 2510 concedit,
1993 2456 2053 2501 ut

2155 1805 2327 1871 θειαν,
2356 1804 2468 1860 οἷόν
2486 1824 2538 1860 τι
2588 1806 2957 1877 διατείχισμα,
3001 1806 3164 1876 μέσον
3195 1805 3331 1859 Θεοῦ
3359 1807 3453 1859 καὶ
3480 1804 3769 1865 εἰδώλων.

2153 1896 2264 1950 τῶν
2300 1898 2398 1968 μὲν
2440 1897 2671 1966 ἀπάγων
2714 1899 2885 1968 ἡμᾶς,
2916 1897 3054 1969 πρὸς
3086 1897 3144 1950 δὲ
3175 1898 3266 1951 τὸν
3292 1898 3608 1966 ἐπανάγων.
3640 1898 3774 1951 Καὶ
3856 1886 3857 1947 ξ

2157 1992 2430 2061 συγχωρεῖ
2451 2007 2503 2043 τι
2537 1988 2734 2061 μικρὸν
2760 1990 2855 2044 ἀπ’
2884 1990 3083 2061 ἀρχῆς,
3114 1990 3203 2044 ἵνα
3234 1991 3297 2043 τὸ
3331 1990 3515 2061 μεῖζον
3573 1989 3767 2064 λάϐῃ.
3856 2032 3857 2039 η

2155 2080 2439 2152 Συγχωρεϊ
2490 2081 2591 2144 τάς
2639 2080 2829 2145 θυσίας
2869 2082 3025 2146 τέως,
3070 2082 3138 2134 ἵν’
3184 2083 3571 2153 ὲγκαταστήσῃ
3634 2080 3769 2150 (54)

2159 2171 2325 2225 Θεόν·
2360 2170 2573 2234 ἔπειτα,
2612 2171 2778 2242 ἡνίκα
2812 2173 3023 2244 καιρὸς,
3077 2173 3357 2249 καταλύσῃ
3379 2175 3474 2229 καὶ
3499 2174 3605 2238 τὰς
3660 2173 3771 2227 θυ-

2161 2263 2304 2329 σίας,
2342 2262 2521 2332 σοφῶς
2568 2263 2921 2317 ὑπαλλάττων
2971 2266 3118 2335 ήμᾶς
3162 2267 3284 2329 ταῖς
3338 2264 3481 2319 κατά
3541 2264 3767 2336 μικρὸν

2161 2357 2476 2427 ὑφαιρέσεσι
2502 2354 2637 2426 (55),
2668 2354 2762 2408 καὶ
2797 2355 3049 2425 μετάγων
3073 2356 3166 2409 ἐπὶ
3185 2357 3246 2410 τὸ
3273 2355 3615 2426 Εὐαγγέλιον
3647 2356 3759 2427 ήδη

2159 2447 2645 2519 γεγυμνασμένους
2673 2447 2809 2519 πρὸς
2840 2447 3171 2503 εὐπείθειαν.

473 2536 640 2591 Deum
666 2537 719 2590 in
755 2535 909 2591 nobis
934 2536 1168 2604 inserat;
1211 2552 1277 2592 ac
1308 2545 1518 2607 postea,
1575 2553 1699 2593 cum
1764 2542 2107 2597 commodum
2147 2544 2329 2613 fuerit,
2362 2547 2479 2615 ipsa
2505 2560 2719 2614 quoque
2758 2543 3026 2600 sacriﬁcia
3060 2544 3125 2598 de
3170 2542 3349 2597 medio
3382 2541 3559 2605 tollat,
3601 2542 3761 2596 mira

473 2624 743 2692 sapientia
775 2639 874 2693 per
901 2626 1094 2680 tacitas
1136 2625 1538 2681 subtractiones
1586 2628 1797 2683 animos
1867 2640 2083 2687 nostros
2121 2634 2321 2689 sensim
2375 2636 2689 2702 immutans,
2731 2635 2899 2706 855
2952 2644 3113 2706 atque
3143 2635 3213 2690 ad
3241 2634 3591 2706 Evangelium
3637 2643 3758 2689 tra-

473 2724 696 2782 ducens.
738 2721 852 2791 jam
900 2722 966 2776 ad
995 2722 1355 2803 obedien’dum
1408 2726 1735 2782 exercitatos
1783 2735 1839 2784 et
1877 2731 2238 2790 assuefactos.

554 2813 691 2868 XIII.
726 2812 818 2869 Sic
848 2813 1010 2884 igitur
1037 2822 1203 2883 atque
1232 2814 1318 2870 his
1356 2817 1424 2870 de
1474 2817 1673 2883 causis,
1717 2818 1807 2874 lex
1852 2822 2056 2891 scripta

2241 2822 2340 2879 II".
2375 2824 2532 2880 Οὕτω
2562 2827 2660 2897 μὲν
2688 2820 2783 2879 οὖν
2809 2825 2903 2879 καὶ
2926 2823 3016 2877 διὰ
3040 2822 3235 2889 ταῦτα,
3265 2821 3513 2893 εἰσῆλθεν
3542 2822 3572 2875 6
3606 2837 3758 2894 γρα-

474 2905 777 2960 introducta
809 2915 913 2969 est,
961 2905 1028 2960 ad
1057 2905 1329 2961 Christum
1381 2922 1482 2961 nos
1528 2908 1801 2963 deducens
1839 2927 1855 2978 ;
1897 2919 2059 2979 atque

477 2999 614 3062 brae,
642 3006 700 3052 ut
724 3013 841 3052 mea
867 2997 974 3052 fert
1005 2998 1294 3064 sententia,
1339 2999 1731 3056 sacriﬁciorum
1773 3012 1857 3058 est
1893 3004 2056 3059 ratio.

481 3090 551 3146 Ut
579 3100 759 3144 autem
789 3090 1069 3160 sapientia:
1090 3089 1182 3145 Dei
1208 3089 1651 3161 profunditatem,
1670 3103 1834 3165 atque
1859 3096 2062 3166 imper-

475 3182 869 3251 vestigabilium
916 3182 1083 3251 ipsius
1117 3181 1443 3250 iudiciorum
1495 3184 1713 3238 divitias
1749 3186 2043 3258 intelligas,

479 3288 547 3327 ne
572 3286 635 3326 ea
668 3270 884 3339 quidem
918 3273 1161 3342 mysterii
1202 3286 1429 3340 prorsus
1458 3275 1703 3344 expertia
1742 3285 1799 3331 et
1832 3278 2058 3346 inutilia,

476 3372 529 3418 et
582 3364 633 3417 in
682 3363 825 3418 nudo
865 3377 931 3417 ac
979 3365 1211 3434 simplici
1262 3368 1524 3436 sanguine
1569 3367 1746 3422 deﬁxa
1795 3369 2059 3438 reliquit:

479 3468 666 3507 verum
699 3468 892 3524 magna
918 3453 1027 3518 illa,
1053 3463 1130 3517 et,
1151 3464 1414 3522 quantum
1434 3456 1501 3511 ad
1531 3458 1759 3527 primam
1786 3467 2061 3525 naturam,

478 3544 883 3611 immactabilis,
914 3554 972 3598 ut
991 3544 1064 3599 ita
1090 3545 1302 3614 loquar,
1327 3546 1572 3612 victima,
1600 3547 1859 3619 legalibus
1888 3551 2063 3604 sacri-

480 3636 621 3692 ﬁciis
686 3636 920 3691 immista
982 3647 1097 3702 est;
1161 3637 1292 3704 illa,
1361 3638 1623 3707 inquam,
1692 3654 1797 3694 non
1854 3640 2064 3711 exiguae

480 3727 761 3797 cujusdam
812 3728 981 3797 partis
1030 3730 1179 3785 orbis
1211 3740 1502 3794 terrarum,
1547 3746 1649 3786 nec
1695 3732 1761 3786 ad
1809 3732 2060 3803 exiguum

481 3830 715 3887 tempus,
772 3819 866 3873 sed
921 3819 1083 3873 totius
1118 3822 1300 3874 mundi
1347 3836 1621 3890 nunquam
1656 3822 2064 3879 intermoritura

480 3908 735 3977 expiatio.
766 3907 995 3962 Proinde
1014 3923 1185 3977 agnus
1207 3909 1421 3977 quidem
1455 3908 1723 3980 accipitur
1749 3910 1816 3979 “,
1847 3924 2064 3983 propter

482 4001 850 4057 innocentiam
874 4001 1182 4070 veterisque
1208 4002 1467 4057 nuditatis
1491 4004 1888 4060 indumentum.
1918 4005 2065 4062 Talis

484 4096 632 4149 enim
678 4104 761 4149 est
793 4094 1008 4150 victima
1051 4096 1139 4149 illa
1183 4111 1281 4159 pro
1311 4095 1466 4149 nobis
1514 4110 1674 4163 casa,
1719 4112 1839 4167 qua:
1880 4098 2064 4153 incor-

2162 2914 2294 2979 πτδς
2323 2918 2506 2987 νόμος,
2540 2918 2790 2985 συνάγων
2835 2918 2984 2987 ἡμᾶς
3028 2917 3109 2979 είς
3144 2913 3403 2985 Χριστὸν,
3444 2913 3539 2965 καὶ
3590 2906 3758 2976 οὗτος

2158 3006 2267 3060 τῶν
2293 3005 2491 3061 θυσιῶν
2522 3009 2551 3061 6
2577 3008 2753 3077 λόγος,
2802 3008 2877 3073 ὡς
2903 3010 2931 3061 6
2959 3007 3091 3078 ἐμὸς
3119 3006 3275 3075 λόγος
3303 3005 3439 3075 (56).
3478 3004 3572 3069 Ὠς
3594 3004 3664 3060 ἂν
3696 3005 3756 3058 δὲ

2158 3097 2220 3150 τὺ
2251 3098 2349 3169 τῆς
2370 3099 2561 3167 σοφίας
2591 3099 2755 3170 βάθος
2775 3100 2850 3170 μὴ
2869 3100 3037 3170 ἀγνοῇ
3047 3116 3094 3164 ς,
3131 3099 3227 3151 καὶ
3251 3097 3342 3150 τὸν
3367 3095 3601 3149 πλοῦτον
3640 3096 3757 3149 τῶν

2160 3188 2582 3260 ἀνεξιχνιάστων
2630 3191 2798 3245 αὐτοῦ
2827 3190 3132 3262 χριμάτων,
3164 3188 3287 3241 οὐδὲ
3311 3187 3515 3251 ταύτας
3548 3204 3755 3241 παντε-

2159 3276 2267 3340 λῶς
2307 3277 2560 3349 ἀνιέρους
2614 3280 2848 3352 ἀφῆκεν,
2882 3279 3004 3332 οὐδὲ
3034 3278 3367 3345 ἀσυντελεῖς,
3399 3277 3522 3330 οὐδὲ
3582 3279 3754 3349 μέχρι

2158 3365 2316 3435 ψιλοῦ
2353 3367 2648 3438 προῖούσας
2671 3368 2766 3421 τοῦ
2800 3367 3034 3438 αἵματος
3057 3384 3073 3400 ·
3097 3366 3234 3420 ἀλλά
3260 3366 3322 3420 τὸ
3353 3367 3495 3437 μέγα
3519 3367 3640 3437 (57)
3659 3366 3754 3419 καὶ

2160 3456 2356 3511 ἄθυτον
2386 3458 2601 3529 ἱερεῖον,
2639 3458 2705 3513 ἵν’
2747 3457 2920 3520 οὕτως
2949 3457 3110 3523 είπω,
3158 3457 3284 3510 ὅσον
3330 3457 3425 3510 ἐπὶ
3450 3459 3517 3529 τῇ
3552 3456 3754 3528 πρώτῃ

2161 3547 2341 3616 φύσει,
2373 3552 2495 3613 ταῖς
2521 3553 2774 3621 νομικαϊς
2801 3550 3014 3615 θυσίαις
3040 3548 3541 3621 ἐγκαταμέμικται,
3562 3549 3663 3603 κα)⁵
3692 3549 3753 3601 οὐ

2165 3639 2362 3712 μικροῦ
2415 3641 2616 3713 μέρους
2648 3641 2748 3713 τῆς
2779 3642 3129 3712 οἰκουμένης,
3154 3641 3277 3695 οὐδὲ
3334 3641 3474 3712 πρὸς
3528 3641 3753 3710 ὀλίγον,

2162 3731 2300 3785 ἀλλά
2325 3731 2528 3794 παντὸς
2554 3730 2649 3785 τοῦ
2678 3732 2885 3803 κόσμου
2914 3733 3011 3785 καὶ
3057 3729 3365 3797 διαιωνίζον
3419 3730 3753 3803 καθάρσιον.

2162 3821 2261 3875 Διά
2309 3822 2421 3893 (58)
2451 3822 2611 3876 τοῦτο
2660 3822 2999 3895 λαμϐάνεται
3050 3823 3322 3895 πρόϐατον
3372 3823 3503 3894 μὲν,
3534 3823 3628 3876 διὰ
3654 3822 3757 3893 τὴν

2163 3913 2419 3978 ἀκακίαν,
2469 3914 2564 3967 καὶ
2616 3915 2677 3968 τὺ
2724 3913 2930 3987 ἔνδυμα
2988 3915 3089 3986 τῆς
3122 3917 3357 3987 ἀρχαίας
3388 3914 3753 3987 γυμνώσεως.

2165 4004 2416 4058 Τοιοῦτον
2440 4005 2551 4076 γὰρ
2578 4005 2641 4059 τὸ
2672 4006 2815 4078 ὑπὲρ
2846 4006 3004 4078 ἡμῶν
3038 4007 3287 4075 σφάγιον,
3316 4007 3520 4078 ἔνδυμα
3536 4007 3756 4079 ἀφθαρ-

2168 4097 2308 4163 σίας,
2340 4100 2435 4152 καὶ
2458 4098 2541 4163 ὃν,
2568 4100 2665 4153 καὶ
2687 4099 2799 4171 (59)
2831 4099 3185 4171 καλούμενον.
3214 4100 3430 4154 Τέλειον
3449 4100 3529 4165 δὲ,
3558 4101 3623 4154 οὐ
3667 4099 3756 4153 διὰ

487 4186 750 4255 ruptionis
810 4186 1204 4254 indumentum,
1260 4196 1319 4242 ut
1375 4201 1564 4243 revera
1610 4196 1713 4255 est,
1750 4190 2058 4258 appellatur.

2179 4191 2270 4262 τὴν
2295 4190 2525 4247 θεότητα
2553 4192 2734 4263 μόνον,
2783 4188 2853 4265 ἧς
2892 4192 3044 4247 οὐδὲν
3066 4192 3395 4265 τελεώτερον
3447 4193 3585 4265 (40),
3615 4191 3753 4248 ἀλλὰ

562 4347 791 4404 "Exod.
813 4362 915 4413 xu,
956 4347 990 4401 5
1019 4363 1140 4418 sqq.

483 4472 723 4518 veterem
768 4462 940 4532 legem
1003 4463 1183 4533 datam
1221 4477 1365 4527 esse,
1407 4479 1532 4518 cum
1580 4464 1684 4518 alia
1728 4464 1893 4519 multa
1923 4476 2062 4533 prae-

483 4546 660 4603 copta,
694 4547 812 4600 qua:
840 4547 940 4587 nos
973 4535 1040 4586 ab
1067 4532 1329 4588 idolorum
1357 4535 1502 4589 cultu
1533 4534 1887 4600 abducebant,
1914 4532 2064 4588 com-

486 4606 831 4674 plectentem,
886 4616 996 4674 tum
1055 4617 1116 4657 ea
1169 4604 1355 4670 etiam,
1399 4620 1525 4674 quae
1575 4606 1641 4659 ad
1673 4605 2063 4659 sacriﬁciorum

486 4673 747 4727 rationem
786 4673 1147 4741 pertinebant,
1186 4692 1205 4725 ι
1247 4684 1353 4742 etc.
1395 4673 1536 4729 Billii
1565 4690 1692 4729 vero
1741 4677 2065 4742 interpreta-

489 4744 634 4798 tione
657 4744 839 4795 omnia
874 4743 1262 4797 disturbantur.
1296 4741 1386 4798 Sic
1417 4745 1563 4798 enim
1592 4745 1754 4799 vertit
1782 4762 1795 4798 :
1833 4763 1853 4796 ι
1885 4741 2067 4810 Quan-

486 4813 774 4881 doquidem
801 4814 944 4865 enim
981 4828 1099 4877 nos,
1136 4814 1204 4867 ab
1240 4813 1396 4866 initio
1425 4828 1521 4882 per
1553 4825 1835 4883 peccatum
1866 4815 2063 4883 lapsos.

488 4893 650 4952 atque
684 4898 713 4935 a
748 4883 1020 4951 voluptate
1052 4897 1222 4952 usque
1255 4883 1321 4936 ad
1352 4884 1613 4938 idolorum
1641 4884 1841 4939 cultum
1872 4900 1934 4937 ac
1966 4900 2061 4937 ne-

488 4952 657 5008 farios
681 4967 923 5015 cruores,
965 4952 1247 5024 subreptos
1262 4961 1333 5024 _et
1361 4955 1819 5024 circumscriptos,
1847 4963 2067 5022 pr0pter

489 5025 697 5078 viscera
725 5023 1107 5077 misericordia:
1131 5021 1234 5076 Dei
1262 5021 1441 5079 Patris
1481 5021 2064 5090 nostri,'tanti’manus

489 5108 601 5148 suae
621 5093 840 5162 opiﬁcii,
879 5094 979 5146 hoc
1009 5101 1112 5160 est,
1150 5093 1407 5159 hominis,
1437 5096 1701 5162 iacturam
1745 5093 1923 5148 facere
1960 5109 2066 5146 non

488 5164 825 5227 sustinentis,
855 5165 1126 5224 revocari,
1165 5169 1326 5231 atque
1364 5164 1418 5217 in
1458 5174 1692 5218 veterem
1735 5175 1935 5219 statum
1977 5177 2066 5217 re-

491 5235 641 5287 stitui
665 5234 971 5301 oportebat,
1003 5232 1144 5286 hanc
1178 5232 1233 5285 in
1281 5246 1346 5286 eo
1398 5235 1751 5290 instauranda
1798 5233 2064 5286 rationem

494 5303 681 5356 initam
714 5318 836 5358 esse
889 5304 1279 5364 existimamus,
1308 5313 1410 5371 rut,
1446 5305 1656 5358 acriore
1706 5313 1867 5371 atque
1907 5318 2065 5369 aspe-

494 5375 636 5442 riore
664 5373 925 5428 medicina
962 5372 1261 5440 improbata
1296 5370 1378 5440 (ut
1419 5388 1540 5442 quae
1567 5389 1674 5427 non
1713 5370 1866 5427 modo
1910 5373 2065 5425 ﬁdem

494 5441 722 5506 factura,
764 5444 881 5506 sed,
913 5453 1133 5512 propter
1175 5441 1509 5496 contractum
1556 5446 1814 5512 temporis
1856 5443 2069 5496 diutur-

495 5513 666 5566 nitate
700 5511 986 5577 tumorem,
1031 5511 1263 5567 fortasse
1304 5512 1469 5566 etiam
1511 5511 1757 5567 morbum
1790 5512 2069 5567 exulcera-

496 5590 616 5637 tura
643 5580 831 5646 esset),
872 5581 977 5636 leni
1012 5596 1077 5636 ac
1105 5582 1637 5637 facilimedicamenti
1669 5596 1864 5650 genere
1905 5583 2068 5650 ipsius

496 5652 867 5722 resipiscentia
897 5662 1276 5722 procuraretur
1305 5668 1321 5707 :
1359 5667 1532 5722 neque
1565 5654 1735 5719 enim,
1776 5670 1795 5705 ι
1826 5660 1930 5708 etc.

2237 4448 2347 4526 (50)
2381 4458 2684 4526 Ἰατρείας.
2723 4456 2887 4513 Coisl.
2934 4457 3157 4526 iaddit,
3201 4458 3359 4523 τέως,
3398 4476 3418 4509 ι
3448 4457 3690 4512 interim.
3727 4476 3744 4508 ι

2236 4524 2348 4599 (51)
2391 4524 2511 4581 Ἂν.
2538 4524 2708 4599 _Deest
2737 4531 2790 4583 in
2818 4528 2911 4583 Or.
2942 4530 2993 4584 I.

2237 4596 2350 4670 (52)
2390 4597 2781 4653 Μετάκλισιν.
2820 4600 2911 4670 Sic
2939 4599 3070 4668 Reg.
3098 4598 3195 4666 ph.
3227 4608 3352 4652 octo
3380 4597 3559 4670 1.019.,
3596 4596 3744 4658 Pan.

2166 4668 2271 4725 etc.
2304 4687 2323 4719 ι
2354 4670 2699 4722 lnllexionem
2735 4669 2787 4721 in
2827 4668 3048 4724 alteram
3078 4678 3307 4738 partem.
3338 4686 3358 4720 ι
3399 4668 3457 4721 In
3481 4670 3569 4724 ed.
3596 4683 3745 4729 vero,

2170 4739 2523 4813 μετάκλησιν,
2557 4738 2931 4813 (“accitumiu

2237 4810 2349 4881 (55)
2390 4805 2557 4877 Μήτε
2583 4808 2790 4881 Ianitor.
2844 4808 2937 4864 Sic
2969 4808 3101 4878 Reg.
3135 4806 3228 4877 ph,
3275 4815 3388 4862 tres
3439 4805 3621 4872 Colh.,
3642 4814 3741 4862 etc.

2167 4880 2225 4934 In
2248 4878 2383 4933 'Pa’r.
2422 4883 2532 4942 ed.,
2565 4880 2700 4948 μήτε
2735 4878 2926 4948 ἵππου.

2238 4951 2350 5023 (54)
2392 4948 2517 5023 "Ir:
2530 4946 2978 5023 ἐγκαταστήσῃ.
3014 4947 3204 5023 Camb.
3234 4964 3250 5003 :
3282 4963 3307 5001 ι
3340 4956 3399 5001 ιιι
3425 4947 3592 5001 Deum
3623 4961 3745 5000 con-

2167 5019 2375 5082 stituat,
2407 5028 2465 5071 ut
2491 5019 2580 5073 Dei
2612 5034 2830 5088 sensum
2865 5019 3304 5088 religionemque
3335 5024 3617 5088 statuat.)

2238 5091 2352 5161 (55)
2398 5086 2803 5161 Ὑφαιρέσεσξι.
2845 5085 3008 5161 βοίδιζ
3063 5089 3090 5142 1
3128 5089 3308 5154 addit,
3353 5086 3449 5141 καὶ
3484 5085 3737 5156 ὑφέσεσι,

2172 5179 2192 5212 ι
2243 5159 2639 5213 Subtractiones
2669 5169 2723 5211 et
2746 5159 3167 5212 imminutiones.
3199 5176 3221 5210 ι

2198 5261 2202 5264 ~
2238 5230 2351 5298 (56)
2400 5230 2493 5294 Ὡς
2516 5231 2550 5282 ὀ
2568 5228 2720 5298 ,ἐμός
2743 5229 2945 5298 λόγος.
2987 5227 3337 5298 Haec_desunt
3367 5227 3419 5280 in
3446 5226 3542 5298 0r.
3577 5226 3626 5298 I.

2264 5296 2350 5369 57)
2404 5296 2591 5369 Ἀλλὰ
2624 5297 2689 5349 τὸ
2714 5296 2888 5367 μέγα,
2918 5308 3039 5369 Aetc.
3089 5296 3469 5369 VidegArnaud
3516 5297 3568 5369 in
3608 5296 3736 5369 hanc

2167 5364 2488 5432 orationem,
2524 5368 2599 5422 De
2622 5364 2872 5435 perpetua
2904 5366 3156 5421 Ecclesiae
3200 5367 3306 5436 ﬁde
3343 5367 3482 5419 circa
3520 5364 3727 5420 Euchao

2168 5443 2391 5501 ristiam,
2426 5451 2553 5492 tom.
2597 5438 2659 5503 ll,
2688 5438 2782 5490 hb.
2817 5453 2865 5490 vr
2889 5476 2904 5500 ,
2934 5453 3057 5506 cap.
3092 5438 3177 5505 to,
3216 5452 3338 5507 pag.
3369 5436 3493 5489 675.

2237 5510 2352 5580 (58)
2384 5508 2505 5580 Διά,
2537 5507 2630 5563 Or.
2670 5511 2721 5580 ι,
2762 5508 2872 5580 Καὶ
2902 5507 3010 5580 διά.

2240 5576 2351 5648 (59)
2390 5578 2520 5632 Καί.
2546 5580 2638 5632 0r.
2670 5577 2691 5630 1
2730 5579 2894 5648 addit.
2937 5576 3042 5641 ἀεί,
3093 5595 3111 5627 ι
3141 5588 3370 5648 semper.
3403 5593 3423 5627 ι

2244 5645 2356 5721 (40)
2411 5648 2785 5716 Τειίεώτερον.
2820 5646 2952 5718 Reg.
2980 5651 3088 5715 bm,
3122 5645 3470 5717 τελειότερον.
