3898 6222
67 279 183 332 6H
1075 269 1335 327 ORATIO
1373 269 1536 328 XLV.
1576 302 1647 312 ——
1683 267 1750 324 IN
1790 267 2119 325 SANCTUM
2159 266 2452 326 PASCIIA.
3271 275 3380 330 642

69 400 183 455 καὶ
214 398 320 452 διὰ
355 396 458 468 τὴν
483 393 790 468 πρόσληψιν
814 392 914 464 τὴν
958 392 1278 464 χρισθεῖσαν
1319 392 1557 463 Θεότητι,
1602 391 1698 445 καὶ

1808 389 2079 450 Perfectus
2131 400 2332 459 autem,
2391 407 2497 448 non
2545 393 2704 449 modo
2759 400 2978 464 prepter
3027 392 3387 458 divinitatem,

69 490 414 562 γενομένην
463 488 603 560 ὅπερ
631 487 694 539 τὸ
735 490 930 558 χρῖσαν
957 485 1092 556 (AI),
1124 485 1221 538 καὶ
1250 483 1437 556 θαρρῶ
1478 482 1660 550 λέγειν
1685 520 1701 546 ,

1808 497 1912 549 qua
1943 481 2075 536 nihil
2093 483 2406 550 perfectius,
2428 484 2522 538 sed
2550 485 2712 539 etiam
2748 495 2968 555 propter
2990 485 3386 540 humanitatem

65 583 357 655 ὀμόθεον.
386 582 593 653 ’Δρῤεν
628 580 708 647 δὲ,
736 580 812 642 ῶς
843 579 986 650 ὑπὲρ
1011 576 1124 650 (42)
1149 577 1245 630 τοῦ
1298 577 1471 648 Ἀδὰμ
1529 592 1703 648 προσ-

1808 575 2085 632 divinitate
2115 585 2356 640 unctam,
2389 577 2639 645 idemque
2672 576 2938 643 effectam,
2978 579 3120 646 quod
3144 579 3194 631 id
3219 594 3248 631 a
3278 593 3388 649 quo

73 677 403 746 αγόμενον,
434 673 635 745 μᾶλλον
663 673 720 725 δὲ
757 670 852 725 τοῦ
877 671 988 741 (45)
1005 668 1232 743 στερῤοῦ
1253 669 1314 723 τὸ
1331 668 1702 740 στεῤῥότερον,

1808 676 1969 721 uncta
2026 675 2128 732 est,
2185 676 2367 736 atque,
2419 678 2479 723 ut
2523 670 2782 724 audacter
2816 670 3026 739 loquar,
3051 670 3300 741 όμόθεον,
3333 673 3390 728 id

75 766 186 819 ’τοῦ
226 764 461 838 πρώτου
489 765 749 828 πεσόντος
780 763 887 817 ὑπὸ
916 763 1016 834 τὴν
1043 763 1342 835 ἁμαρτίαν,
1368 760 1461 814 καὶ
1484 762 1567 814 ὅτι
1598 759 1702 830 μά-

1808 768 1910 821 est,
1945 759 2101 813 simul
2134 758 2318 814 Deum.
2350 759 2622 816 Masculus
2659 771 2859 827 autem,
2911 772 2971 817 ut
3000 765 3090 831 qui
3122 779 3220 833 pro
3247 765 3392 819 Ada-

77 857 261 910 λιστα
323 857 492 929 μηδὲν
521 855 678 927 θῆλυ,
713 855 850 926 μηδέ
881 855 1157 925 ἄνανδρον·
1172 855 1230 908 ἐν
1263 853 1440 924 ἐαυτῴ
1489 851 1656 923 φέρον
1686 865 1702 882 ο

1808 867 1895 906 mo
1927 853 2270 921 potissimum
2304 852 2585 917 offeratur,
2624 868 2809 908 verum
2853 854 2942 908 illo
2975 854 3132 907 firmo
3161 855 3390 921 firmior,

77 951 235 1004 ἀλλά
287 951 390 1004 καὶ
455 949 694 1020 ἐκραγὲν
733 947 829 1019 βίᾳ
877 947 990 1018 (44)
1030 947 1245 1017 δεσμῶν
1273 944 1616 1017 παρθενικῶν
1644 961 1703 998 τε

1808 959 1927 1000 cum
1982 945 2070 1000 ille
2120 946 2327 1014 primus
2374 947 2428 1000 in
2489 956 2768 1016 peccatum
2833 946 3016 1016 lapsus
3064 949 3170 1010 sit;
3231 958 3394 1016 atque

83 1043 194 1096 καὶ
246 1041 563 1113 μητρικῶν,
597 1040 740 1095 κατὰ
796 1040 998 1111 πολλὴν
1055 1039 1336 1106 ἐξουσίαν,
1372 1041 1467 1093 καὶ
1512 1037 1703 1109 τεχθὲν

1808 1038 2070 1107 imprimis
2108 1041 2252 1109 quod
2307 1041 2443 1094 nihil
2494 1041 2774 1105 muliebre,
2833 1040 2966 1094 nihil
3021 1040 3182 1094 molle
3234 1048 3395 1109 atque

84 1133 274 1204 ἄρσεν
303 1134 371 1185 ἐκ
402 1133 503 1204 τῆς
526 1131 880 1203 προφήτιδος,
907 1130 983 1194 ὡς
1017 1132 1244 1193 Ἡσαΐας
1268 1128 1700 1198 εὐαγγελίζεται.

107 1221 433 1276 Ἐνιαύσιον
481 1222 560 1285 δὲ,
590 1223 666 1285 ὼς
693 1221 847 1292 ἦλιον
895 1221 1274 1292 δικαιοσύνης,
1311 1221 1344 1292 ἢ
1379 1219 1588 1274 ἐκεῖθεν
1613 1222 1705 1290 ὁρ·

97 1309 392 1382 μώμενον,
424 1311 458 1382 ἢ
499 1311 578 1381 τῷ
603 1311 868 1383 ὁρωμένῳ
908 1310 1020 1381 (45)
1069 1311 1465 1383 περίγραπτον,
1492 1310 1585 1364 καὶ
1624 1313 1703 1374 εἰς

90 1400 307 1455 ἑαυτὸν
342 1401 743 1472 ἐπιστρέφοντα
766 1401 911 1472 (46)·
952 1401 1214 1470 στέφανόν
1243 1419 1301 1455 τε
1340 1402 1703 1474 χρηστότητος

92 1491 338 1562 εὐλογού
347 1510 530 1563 μενον,
558 1493 652 1545 καὶ
670 1492 1007 1563 πανταχόθεν
1031 1494 1145 1547 ῐσον
1170 1494 1348 1564 ἐαυτῷ
1366 1495 1461 1548 καὶ
1479 1495 1664 1565 ὅμοιον
1684 1509 1699 1523 ⁸

91 1586 164 1637 οὐ
199 1584 368 1656 μόνον
385 1585 462 1649 δὲ,
485 1584 622 1638 ἀλλὰ
647 1585 741 1638 καὶ
766 1583 842 1648 ὡς
865 1583 1166 1652 ξωογονοῦν
1190 1585 1303 1654 (47)
1328 1583 1420 1638 τὸν
1447 1584 1555 1636 τῶν
1586 1585 1706 1656 ἀρε-

92 1675 218 1728 τῶν
261 1675 377 1745 (48)
408 1673 629 1739 κύκλον,
661 1674 840 1745 ἠπίως
873 1675 1322 1746 ἐπιμιγνυμένων
1372 1675 1466 1729 καὶ
1513 1692 1704 1746 κιρνα-

1805 1127 2179 1186 effeminatum
2217 1141 2426 1201 gestet;
2493 1147 2679 1186 verum
2712 1148 2744 1186 e
2781 1132 3037 1202 virgineis
3056 1142 3109 1184 et
3133 1133 3394 1188 maternis

1804 1222 2034 1276 vinculis
2065 1238 2162 1292 pro
2185 1231 2450 1291 potestate
2503 1239 2568 1278 ac
2617 1224 2666 1277 vi
2712 1225 2974 1292 eruperit,
3006 1232 3063 1276 et
3096 1223 3390 1289 masculus,

1805 1324 1867 1367 ut
1890 1316 2177 1368 annuntiat
2205 1315 2370 1369 Isaias
2395 1315 2462 1380 ‘5,
2493 1331 2559 1369 ex
2585 1314 2925 1384 prophetissa
2953 1324 3112 1367 natus
3153 1315 3243 1368 sit.
3281 1315 3394 1367 An-

1805 1405 2017 1460 niculus
2048 1423 2230 1476 porro,
2263 1421 2322 1460 ut
2349 1409 2428 1464 sol
2460 1407 2717 1475 iustitiae,
2779 1407 2863 1461 vel
2915 1422 2944 1460 e
2990 1405 3129 1460 caelo
3174 1420 3394 1476 progre-

1806 1496 1980 1560 diens,
2026 1497 2131 1563 vel,
2183 1508 2441 1566 quantum
2503 1499 2569 1552 ad
2619 1507 2823 1567 partem
2874 1511 3026 1559 eam,
3070 1511 3190 1565 quae
3222 1496 3393 1550 oculis

1806 1587 2066 1652 cernitur,
2096 1587 2540 1658 circumscriptus
2566 1603 2632 1642 ac
2659 1588 2937 1653 definitus,
2969 1595 3020 1642 et
3047 1589 3114 1640 ad
3155 1587 3392 1655 seipsum

1809 1679 2068 1733 rediens:
2104 1690 2268 1749 atque
2306 1680 2434 1734 item
2476 1689 2533 1734 ut
2579 1679 2929 1749 benignitatis
2974 1693 3178 1733 corona
3221 1680 3391 1733 bene-

97 1767 294 1839 μένων
315 1766 596 1838 ἀλλήλαις,
624 1766 774 1837 νόμῳ
831 1765 1012 1836 φιλίας
1046 1767 1142 1819 καὶ
1174 1765 1404 1832 τάξεως.
1436 1767 1700 1836 Ἀμωμον

1808 1769 1950 1822 dicta
1978 1771 2043 1834 ιο,
2069 1773 2326 1841 omnique
2352 1787 2419 1826 ex
2442 1782 2595 1841 parte
2626 1773 2728 1826 sibi
2755 1771 2946 1827 similis
2968 1781 3021 1825 et
3046 1771 3304 1840 aequalis:
3331 1783 3397 1825 ac

90 1861 163 1913 δὲ
220 1859 324 1913 καὶ
376 1859 688 1930 ἀκίϐδηλον,
746 1859 822 1924 ῶς
878 1859 1274 1931 θεραπευτικὸν
1321 1858 1548 1930 μώμων,
1614 1859 1708 1913 καὶ

93 1955 220 2006 τῶν
273 1952 386 2007 ἀπὸ
433 1952 632 2016 κακίας
683 1951 1084 2023 ἐλαττωμάτων
1157 1953 1253 2006 καὶ
1319 1952 1704 2023 μολυσμὰτων.

93 2044 173 2097 Et
231 2044 344 2114 γὰρ
413 2045 506 2097 καὶ
555 2044 656 2107 τὰς
721 2043 1000 2116 ἁμαρτίας
1050 2044 1210 2114 ἡμῶν
1273 2043 1504 2097 ἀνέλαϐε
1539 2083 1554 2108 ,
1612 2045 1710 2097 καὶ

97 2137 213 2202 τὰς,
266 2135 458 2199 νόσους
499 2135 824 2201 ἐϐάστασεν,
871 2135 986 2188 ἀλλ’
1028 2136 1130 2189 οὐκ
1186 2135 1347 2199 αὐτός
1379 2153 1432 2189 τι
1473 2135 1709 2190 πέπονθε

92 2228 224 2281 τῶν
275 2227 574 2298 Θεραπείας
625 2226 812 2295 ἀξίων.
873 2226 1207 2299 Ἐπειράσθη
1265 2227 1364 2298 μὲν
1418 2227 1529 2299 γὰρ
1562 2227 1704 2281 κατὰ

98 2319 314 2384 πάντα,
350 2319 470 2372 καθ’
504 2319 802 2391 ὁμοιότητα
833 2319 930 2390 τὴν
956 2305 1257 2390 ἡμετέραν,
1301 2319 1472 2390 χωρὶς
1524 2321 1704 2391 ἁμαρ-

97 2411 236 2474 τίας
255 2411 335 2465 δέ.
381 2409 443 2464 '0
475 2411 584 2481 γάρ
612 2411 810 2477 διώξας
839 2410 900 2464 τὸ
924 2413 1114 2480 φαῖνον
1143 2412 1203 2464 ἐν
1234 2413 1300 2482 τῇ
1337 2409 1531 2482 σκοτίᾳ
1559 2410 1697 2479 φῶς,

100 2502 174 2553 οὗ
205 2499 526 2553 κατέλαϐεν.

1805 1869 2068 1927 praeterea
2129 1872 2188 1918 ut
2237 1865 2532 1930 virtutum,
2595 1879 2714 1933 qum
2763 1864 3016 1918 amicitia:
3071 1864 3394 1932 ordinisque

1808 1948 1922 2018 lege
1972 1951 2166 2006 leniter
2215 1955 2533 2023 placideque
2589 1955 2730 2009 inter
2783 1970 2842 2009 se
2892 1953 3293 2024 conjunguntur
3337 1963 3395 2006 et

1806 2044 2246 2111 commiscentur,
2313 2047 2501 2100 orbem
2571 2045 2918 2114 progignens.
3003 2031 3402 2098 Immaculatus

1807 2131 2029 2202 insuper
2061 2144 2117 2190 et
2158 2137 2525 2206 incorruptus,
2575 2146 2633 2190 ut
2670 2139 2761 2205 qui
2811 2152 3010 2200 naevos,
3060 2147 3112 2191 et
3148 2137 3299 2201 vitia,
3343 2143 3399 2187 et

1811 2226 2000 2281 sordes
2028 2241 2057 2279 a
2101 2238 2322 2296 peccato
2355 2239 2673 2296 manantes,
2723 2239 2896 2286 curet.
2948 2229 3207 2295 Quamvis
3251 2228 3398 2282 enim

1808 2329 2028 2387 peccata
2062 2331 2244 2375 nostra
2297 2324 2617 2392 susceperit,
2649 2331 2704 2377 et
2768 2321 2982 2374 morbos
3011 2321 3307 2388 portaverit
3327 2318 3397 2383 ",

1809 2409 1924 2479 ipse
1955 2419 2134 2465 tamen
2159 2412 2289 2466 nihil
2319 2427 2528 2480 eorum,
2575 2427 2696 2482 quae
2727 2412 2896 2483 856
2923 2411 3222 2465 curationis
3256 2410 3396 2463 indi-

1808 2511 1954 2570 ςθηι.
1991 2517 2276 2573 perpessus
2306 2517 2408 2562 est.
2458 2506 2724 2562 Tentatus
2767 2516 2851 2560 est
2899 2505 3046 2559 enim
3087 2517 3182 2572 per
3219 2505 3398 2556 omnia

103 2610 216 2664 pro
233 2594 584 2650 similitudine
609 2603 815 2659 nostra,
847 2602 1107 2650 caeterum
1135 2595 1341 2664 absque
1372 2604 1596 2665 peccato
1624 2594 1688 2649 ⁸⁸.
1729 2594 1822 2651 Ille
1850 2599 2018 2668 enim,
2045 2603 2137 2671 qui
2195 2603 2371 2659 lucem
2398 2602 2450 2659 in
2505 2602 2745 2658 tenebris
2767 2601 3033 2656 lucentem
3069 2602 3111 2634 ¹⁹
3144 2614 3401 2670 persecu.

109 2701 207 2742 tus
229 2697 336 2752 est,
371 2703 490 2742 eam
523 2687 938 2757 haudquaquam
967 2692 1398 2760 comprehendit.

186 2778 284 2832 IA'.
324 2779 387 2832 Τί
416 2782 531 2845 ἕτις
581 2780 706 2850 Μὴν
740 2781 838 2850 μὲν
890 2782 1174 2852 εἰσάγεται
1228 2784 1467 2856 πρῶτος,
1505 2784 1703 2855 μᾶλλον

1876 2783 2015 2841 XIV.
2078 2783 2216 2852 Quid
2272 2786 2578 2855 praeterea?
2625 2786 2826 2842 Mensis
2882 2785 3101 2856 quidem
3163 2786 3396 2855 primus,

104 2869 193 2932 δὲ,
226 2869 370 2940 ἀρχὴ
401 2868 618 2941 μηνῶψ
652 2868 764 2922 εἴτε
819 2887 903 2934 τις
949 2870 1107 2924 τοῦτο
1137 2872 1266 2943 παρ’
1307 2872 1584 2944 Ἑϐραίοις
1631 2872 1708 2927 ὢν

106 2963 212 3014 ἀπ’
247 2961 446 3032 ἀρχῆς,
504 2959 616 3012 εἴτε
673 2959 902 3031 ὕστερον
951 2960 1201 3015 ἐντεῦθεν
1245 2963 1555 3033 γενόμενος,
1616 2965 1710 3017 καὶ

108 3053 274 3125 παρά
300 3051 396 3106 τοῦ
438 3053 740 3124 μυστηρίου
779 3055 840 3107 τὺ
872 3050 1014 3108 εἶναι
1046 3055 1262 3126 πρῶτος
1286 3054 1488 3111 λαϐών.
1515 3057 1595 3127 Τῇ
1621 3055 1710 3109 δε-

109 3147 264 3215 κάτῃ
294 3143 352 3196 δὲ
379 3143 473 3197 τοῦ
504 3145 672 3215 μηνός
696 3160 712 3176 ·
734 3139 889 3208 οὗτος
916 3145 1026 3216 γὰρ
1043 3145 1295 3217 ἀριθμῶν
1313 3146 1705 3217 πληρέστατος,

110 3241 185 3290 ὲκ
221 3236 465 3308 μονάδων
501 3234 694 3308 πρώτη
736 3237 904 3307 μονὰς
929 3236 1132 3303 τελεία,
1164 3238 1258 3291 καὶ
1293 3238 1585 3310 γεννητικὴ
1614 3256 1707 3291 τε-

112 3328 417 3398 λειότητος.
440 3329 788 3399 Διατηρείται
834 3328 894 3381 δὲ
923 3329 1003 3392 είς
1031 3328 1288 3399 πέμπτην
1319 3329 1553 3400 ἡμέραν,
1578 3329 1708 3392 ἴσως

113 3419 207 3471 ὅτι
257 3417 592 3487 καθαρτικὸν
645 3417 956 3489 αἰσθήσεων
995 3419 1057 3472 τὸ
1083 3417 1216 3489 ἐμὸν
1247 3417 1415 3489 θῦμα,
1453 3418 1510 3484 ἐξ
1544 3412 1619 3472 ὧν
1646 3420 1708 3472 τὸ

116 3508 360 3570 πταίειν,
407 3509 503 3561 καὶ
555 3510 685 3580 περὶ
716 3509 783 3572 ἃς
835 3512 864 3563 ό
915 3508 1173 3580 πόλεμος,
1238 3510 1619 3581 είσδεχομένας
1645 3513 1708 3565 τὸ

118 3601 346 3672 κέντρον
394 3600 495 3671 τῆς
547 3599 840 3672 ἁμαρτίας.
899 3600 1210 3668 Ἐκλέγεται
1233 3601 1311 3664 δὲ,
1341 3601 1442 3655 οὐκ
1471 3600 1578 3654 ἀπὸ
1600 3601 1708 3658 τῶν

121 3693 306 3765 ἀρνῶν
334 3694 514 3764 μόνον,
546 3693 682 3746 άλλά
730 3692 940 3746 καὶτοῦ
980 3692 1220 3764 χείρονος
1253 3692 1447 3756 εἴδους,
1484 3693 1579 3745 καὶ
1609 3694 1708 3764 τῆς

121 3787 417 3858 ἀριστερᾶς
450 3785 634 3856 χειρὸς
675 3785 785 3839 τῶν
817 3785 1044 3856 ἐρίφων,
1076 3785 1160 3837 ὅτι
1202 3785 1277 3856 μὴ
1303 3784 1444 3856 ὑπὲρ
1475 3783 1584 3836 τῶν
1628 3785 1706 3838 δι-

121 3877 296 3930 καίων
321 3877 501 3948 μόνον,
535 3876 673 3930 ἀλλὰ
701 3877 794 3929 καὶ
818 3876 928 3945 (49)
957 3874 1065 3928 τῶν
1099 3875 1439 3946 ἁμαρτωλῶν
1473 3877 1709 3946 σφαγιά-

121 3968 275 4030 ζεται
294 3981 306 3995 ⁶
337 3967 479 4036 τάχα
499 3967 556 4021 δὲ
591 3969 730 4038 ὑπὲρ
758 3966 962 4019 τούτων
992 3966 1087 4020 καὶ
1109 3965 1290 4029 πλέον,
1315 3967 1424 4036 ὅσῳ
1453 3968 1547 4020 καὶ
1584 3967 1706 4038 μείι-

121 4057 274 4122 ζονος
323 4056 596 4130 χρῄζομεν
659 4058 760 4126 τῆς
810 4055 1244 4127 φιλανθρωπίας.
1293 4055 1621 4126 Θαυμαστόν
1648 4058 1705 4110 δέ

1809 2873 1894 2927 vel
1920 2875 2186 2929 mensium
2213 2875 2391 2944 potius
2433 2875 2760 2945 principium
2815 2876 3086 2930 inducitur
3140 2876 3222 2940 ”;
3278 2877 3396 2931 sive

1809 2964 2076 3035 quispiam
2108 2965 2177 3019 ab
2210 2965 2363 3020 initio
2398 2967 2538 3036 apud
2569 2967 2822 3021 Hebraeos
2855 2967 2908 3021 id
2948 2966 3128 3032 fuerit,
3180 2967 3293 3021 sive
3325 2982 3397 3021 ex

1808 3073 1870 3112 ea
1904 3071 1964 3111 re
1995 3065 2180 3126 postea
2225 3056 2399 3112 factus
2438 3059 2530 3122 sit,
2577 3069 2742 3129 atque
2770 3060 2838 3114 ab
2866 3059 2966 3113 hoc
2995 3060 3254 3130 mysterio
3293 3060 3396 3114 hoc

1809 3149 2102 3219 acceperit,
2129 3158 2187 3204 ut
2213 3150 2462 3219 princeps
2495 3159 2660 3206 esset.
2696 3150 2911 3205 Decima
2942 3161 3122 3204 autem
3156 3151 3394 3206 mensis:

1809 3242 1934 3310 quia
1967 3241 2054 3296 hic
2084 3256 2340 3296 numerus
2365 3242 2604 3296 omnium
2635 3242 3095 3307 absolutissimus,
3137 3242 3395 3296 nimirum

1808 3348 1872 3387 ex
1909 3333 2207 3388 unitatibus
2244 3335 2423 3388 unitas
2450 3335 2620 3404 prima
2660 3332 2921 3403 perfecta,
2960 3342 3015 3387 et
3047 3331 3395 3401 perfectionis

1807 3439 2028 3494 parens.
2057 3425 2384 3480 Asservatur
2405 3439 2568 3496 porro
2596 3425 2652 3479 in
2681 3425 2926 3494 quintum
2961 3425 3126 3492 diem,
3155 3422 3391 3480 fortasse

1809 3517 1932 3586 quia
1965 3517 2181 3571 victima
2223 3531 2344 3571 mea
2386 3517 2437 3571 id
2469 3518 2652 3581 habet,
2706 3527 2764 3570 ιιι
2802 3532 2994 3572 sensus
3041 3525 3325 3588 expurget,
3362 3532 3394 3570 a

1809 3606 2005 3676 quibus
2030 3619 2312 3678 peccatum
2343 3609 2540 3674 oritur,
2594 3619 2649 3664 et
2674 3610 2821 3664 circa
2854 3624 2994 3678 quos
3021 3609 3218 3664 bellum
3247 3623 3395 3663 com-

1810 3698 2064 3764 mittitur,
2090 3706 2275 3765 utpote
2308 3699 2516 3766 peccati
2553 3698 2802 3752 aculeum
2836 3695 3207 3752 admittentes.
3244 3696 3388 3750 Deli-

1808 3789 1955 3859 gitur
1983 3799 2184 3854 autem,
2227 3804 2332 3842 non
2366 3789 2540 3844 solum
2587 3805 2653 3844 ex
2700 3791 2856 3859 agnis
2885 3790 2952 3854 “,
2997 3788 3094 3845 sed
3128 3789 3292 3844 etiam
3327 3805 3394 3846 ex

1807 3879 2059 3933 deteriori
2111 3893 2332 3950 genere,
2398 3894 2466 3934 ex
2501 3881 2672 3936 haedis
2707 3882 2956 3950 scilicet,
3009 3881 3100 3950 qui
3167 3881 3392 3937 sinistra

1807 3985 1970 4024 manu
1999 3977 2123 4024 sunt
2146 3972 2228 4036 “;
2285 3972 2410 4039 quia
2457 3986 2563 4026 non
2616 3987 2714 4040 pro
2764 3971 2927 4042 justis
2976 3973 3258 4038 duntaxat,
3286 3971 3393 4047 sed

1805 4062 1968 4114 etiam
1997 4075 2093 4128 pro
2128 4061 2504 4129 peccatoribus
2539 4070 2842 4126 mactatur;
2877 4075 2938 4114 ac
2985 4059 3216 4115 fortasse
3249 4061 3394 4128 ipso-

120 4150 296 4211 οὐδὲν,
328 4152 376 4204 εί
407 4151 640 4221 μάλιστα
665 4150 762 4220 μὲν
789 4150 908 4203 κατ’
937 4143 1086 4201 οἶκον
1106 4149 1336 4201 ἕκαστον
1361 4147 1699 4220 ἐπιζητεῖται

1808 4169 1924 4207 rum
1950 4155 2128 4222 potius
2158 4170 2343 4219 causa,
2380 4156 2816 4225 quandoquidem
2843 4155 3036 4221 majori
3077 4153 3391 4207 misericor-

119 4240 186 4292 τὸ
212 4239 500 4311 πρόϐατον,
525 4240 652 4292 εἰδὲ
687 4239 782 4311 μὴ,
813 4240 907 4292 καὶ
936 4239 1058 4291 κατ’
1096 4239 1280 4300 οἴκους
1309 4240 1577 4310 πατριῶν,
1612 4240 1702 4294 διὰ

121 4331 313 4385 πενίαν
343 4330 722 4402 ἐρανιζόμενον
743 4349 755 4361 ·
781 4329 968 4400 ἐπειδὴ
996 4330 1309 4401 κράτιστον,
1338 4329 1574 4399 μάλιστα
1602 4330 1701 4401 μὲν

121 4421 285 4474 αὐτὸν
310 4422 536 4476 ἕκαστον
564 4425 756 4494 ἀρκεῖν
782 4421 961 4491 ἑαυτῷ
988 4420 1125 4491 πρὸς
1152 4420 1452 4484 τελείωσιν,
1477 4423 1571 4475 καὶ
1604 4421 1700 4474 θυ-

45 4541 57 4555 ι
123 4511 246 4564 σίαν
283 4510 487 4577 ζῶσαν,
524 4513 690 4581 ἁγίαν
714 4511 1011 4582 προσάγειν
1039 4508 1117 4580 τῷ
1142 4509 1398 4564 καλοῦντι
1426 4511 1538 4582 (50)
1559 4504 1698 4583 Θεῷ,

123 4603 354 4656 πάντοτε
382 4603 477 4657 καὶ
526 4603 616 4656 διὰ
667 4603 884 4656 πάντων
937 4599 1366 4671 καθιερούμενον
1393 4614 1408 4631 ⁸
1439 4602 1488 4655 εἰ
1513 4601 1570 4655 δὲ
1601 4603 1698 4674 μὴ,

197 4696 512 4760 "Isa.vIII,
542 4695 596 4749 5.
674 4694 718 4725 ¹⁶
758 4691 901 4748 Psal.
950 4707 1100 4756 L'xIv,
1145 4691 1232 4744 12.
1316 4692 1356 4722 ¹⁷
1400 4691 1502 4746 Isa.
1533 4707 1650 4760 LIII,
1681 4695 1739 4750 4.

121 4782 242 4835 Sqq.
315 4765 361 4796 ²¹
389 4765 518 4819 ibid.
546 4765 598 4819 5.
677 4765 723 4795 ¹¹
765 4763 955 4818 Matth.
993 4777 1120 4827 xxv,
1161 4763 1250 4817 55.

193 4857 300 4929 (41)
338 4855 583 4929 Χρῒσᾳν.
633 4854 725 4929 Sic
779 4853 947 4929 Regg.
997 4853 1109 4918 bm,
1155 4852 1245 4922 ph,
1296 4849 1459 4907 Coisl.
1494 4851 1552 4918 2,
1589 4860 1698 4908 etc.

122 4924 370 4983 mendose
396 4928 449 4978 in
478 4924 603 4995 Par.
630 4926 740 4987 ed.,
764 4924 979 4995 χρῖζαν.

192 4997 299 5068 (4‘2)
349 4998 446 5068 Ὠς
483 4991 962 5068 ὑπέρτ-ξίόίιςειε.
999 4994 1113 5068 bm,
1144 5007 1236 5068 p_n,
1264 4992 1463 5068 aliique
1492 4991 1692 5062 plures.

125 5061 215 5123 Sic
249 5061 405 5121 etiam
433 5066 562 5132 legit
593 5061 1006 5132 Billius.Prave
1039 5065 1092 5116 in
1118 5064 1228 5124 ed.,
1255 5061 1464 5132 ὥσπερ.

193 5139 300 5209 (45)
335 5131 586 5218 dicitur
623 5133 693 5188 δὲ
725 5131 854 5188 τοῦ.
894 5131 1064 5204 Regg.
1119 5133 1232 5197 bm,
1285 5131 1380 5202 ph,
1419 5131 1558 5199 etc.,
1591 5133 1697 5202 μά-

123 5225 273 5262 Αιστα
299 5224 414 5261 του.

190 5279 298 5346 (44)
335 5276 444 5330 Καὶ
477 5275 734 5344 ἐκραγὲν
757 5276 887 5343 βίᾳ.
919 5295 937 5327 ‹
960 5275 1025 5329 Vi
1049 5283 1303 5343 eruperlt,
1331 5293 1349 5326 ι
1382 5274 1568 5346 idest,
1600 5291 1620 5325 ι
1640 5275 1693 5329 vi

123 5343 322 5401 natura;
348 5347 514 5412 illata,
547 5343 717 5402 illaesa
747 5347 936 5402 matris
962 5346 1292 5415 virginitate.
1333 5364 1352 5397 ι
1380 5343 1500 5398 Bill.
1538 5362 1557 5396 ι
1581 5347 1696 5398 vio-

123 5417 286 5472 lenter
313 5419 568 5483 eruperit.
607 5435 626 5467 ι

188 5488 295 5555 (45)
341 5482 666 5555 Ὀρωμένῳ.
705 5486 797 5540 Sic
848 5487 1016 5555 Regg.
1061 5500 1112 5548 c,
1163 5485 1218 5550 d,
1248 5485 1339 5553 ph,
1381 5495 1489 5539 tres
1516 5482 1692 5548 Colb.,

121 5555 276 5612 Coisl.
306 5556 360 5621 ‘2,
393 5558 504 5612 Jes.
541 5558 632 5610 Sic
653 5557 818 5610 etiam
854 5557 983 5626 legit
1016 5556 1219 5610 Billius.
1265 5556 1320 5608 III
1359 5557 1470 5620 ed.,
1507 5556 1692 5625 ὁρμω-

127 5628 282 5696 μένῳ,
309 5646 328 5679 ‹
362 5643 390 5680 a
415 5627 792 5696 progrediente
813 5627 1138 5696 descriptus;
1175 5644 1194 5677 ι

187 5693 292 5766 (itit
341 5693 840 5764 ’Eiua‘ipéwortu,
894 5693 1006 5752 etc.
1062 5697 1120 5750 lu
1173 5694 1443 5751 nonnullis
1498 5693 1690 5758 eodd.,

1805 4246 1890 4298 dia
1921 4260 2056 4315 opus
2095 4245 2376 4304 habemus.
2424 4245 2560 4300 Illud
2590 4256 2768 4298 autem
2816 4245 3036 4299 minime
3085 4245 3390 4298 mirandum

1805 4345 1906 4400 est,
1933 4335 2078 4405 quod
2103 4337 2342 4391 maxime
2367 4337 2582 4406 quidem
2627 4351 2720 4406 per
2761 4335 3000 4406 singulas
3047 4335 3236 4388 domos
3270 4334 3390 4388 ovis

1806 4427 2126 4494 requiritur;
2159 4427 2242 4481 sin
2271 4427 2468 4488 minus,
2513 4435 2572 4480 at
2623 4434 2770 4480 certe
2800 4441 2896 4495 per
2926 4425 3116 4479 domos
3149 4423 3388 4477 familia—

1807 4529 1923 4569 rum
1952 4517 2021 4570 ob
2054 4523 2424 4584 paupertatem
2447 4523 2698 4585 erOgatus
2726 4531 2741 4567 :
2775 4513 3212 4583 quandoquidem
3245 4512 3385 4580 opti-

1805 4621 1950 4658 mum
1978 4615 2082 4670 est,
2115 4607 2456 4675 petissimum
2481 4607 2698 4674 quidem
2728 4605 2829 4660 sibi
2855 4618 3124 4680 quemque
3156 4602 3223 4655 ad
3265 4616 3391 4669 per-

1840 4696 1883 4728 "
1915 4696 2080 4753 Hebr.
2117 4712 2192 4763 Iv,
2218 4696 2306 4751 15.
2411 4695 2455 4727 ¹⁹
2487 4695 2642 4751 Joan.
2689 4711 2729 4764 I,
2779 4697 2832 4752 5.
2928 4695 2975 4726 ²⁰
3008 4692 3178 4748 Exod.
3221 4705 3318 4755 xu,
3352 4691 3389 4744 2

1799 4854 2162 4926 ἐπιστρέφων,
2200 4854 2578 4924 στέφανος.....
2623 4851 3124 4925 εὐλογοῦμενος.....
3150 4845 3384 4915 ῖσος....ο

1798 4923 2003 4976 ὃιιοιοε.
2042 4938 2146 4976 etc.

1872 4941 2003 4988 οιος,
2042 4938 2146 4979 etc.

1831 4942 2389 5065 pfiii’zezféromar.
2417 5014 2436 5047 ε
2469 4993 2634 5051 Vitali
2673 4993 2781 5050 fetu
2803 4993 3182 5064 progignens.)
3217 4989 3386 5060 Quin-

1795 5078 1902 5134 que
1934 5066 2124 5134 Iiegg.,
2154 5065 2458 5133 ζωογονῶν.

1865 5135 1979 5204 (48)
2018 5132 2302 5203 Ἆρετὼν.
2328 5135 2491 5190 Coisl.
2522 5134 2572 5200 1,
2597 5133 2779 5205 ὡρῶν,
2815 5153 2834 5185 c
2853 5132 2980 5186 anni
3004 5141 3332 5205 temporum,
3358 5152 3377 5185 ι

1793 5201 1914 5274 quis
1962 5201 2106 5259 inter
2155 5221 2214 5259 se
2269 5206 2466 5260 leniter
2509 5201 2952 5274 commiscentur.
3002 5201 3189 5274 Neque
3234 5206 3381 5274 enim

1794 5272 1974 5329 subita
2024 5276 2092 5329 ab
2140 5290 2246 5328 uno
2285 5275 2562 5329 contrario
2611 5275 2679 5327 ad
2735 5273 2965 5327 alterum
3015 5272 3073 5324 lit
3112 5273 3378 5338 mutatio;

1793 5360 1912 5409 nec,
1950 5355 2009 5399 ut
2043 5347 2298 5401 observat
2320 5346 2562 5407 Nicetas,
2589 5345 2678 5413 qui
2707 5345 2850 5397 hunc
2876 5344 3038 5395 etiam
3064 5341 3236 5413 locum
3268 5359 3288 5392 ι
3313 5343 3382 5396 de

1792 5415 2080 5470 virtutibus
2110 5435 2130 5467 ι
2166 5417 2408 5483 exponit,
2451 5411 2635 5469 statim
2677 5415 2744 5468 ab
2795 5421 2985 5467 testate
3021 5411 3090 5465 ad
3146 5411 3380 5468 hiemem

1796 5485 2110 5538 transimus.

1864 5552 1976 5623 (49)
2015 5555 2147 5608 Καί.
2185 5553 2420 5609 Savilius
2454 5553 2622 5618 addit,
2656 5552 2821 5623 ὑπέρ.

1863 5619 1978 5694 (50)
2018 5623 2338 5681 Καςλοῦντι.
2381 5625 2638 5695 Hervag.,
2670 5619 2858 5689 ζῶντι,
2890 5638 2912 5674 ι
2941 5619 3162 5678 viventi.
3188 5639 3209 5676 ι
