3898 6222
528 271 632 327 6ίὸ

1762 270 1819 326 S.
1858 269 2182 326 GREGORII
2223 270 2564 328 THEOI-OGI

3708 283 3808 339 6H

528 389 812 445 fectionem
839 387 1100 455 sumcere,
1132 402 1357 458 seseque
1387 389 1618 442 hostiam
1647 401 1891 444 sanctam
1928 391 2104 445 viven-

2219 391 2308 443 καὶ
2332 393 2612 460 συνεργοῖς
2636 392 2715 454 είς
2744 389 2902 444 τοῦτο
2931 391 3249 462 κεχρῆσθαι,
3306 396 3420 458 τοῖς
3453 399 3576 449 κατ’
3600 398 3807 469 ἀρετὴν.
3866 419 3867 464 (

527 489 636 536 tem
667 481 876 534 vocanti
907 481 1013 535 Deo
1040 480 1253 546 offerre,
1317 488 1476 548 atque
1503 480 1787 549 ejusmodi,
1821 497 1938 551 quae
1961 497 2104 535 sem-

528 589 644 642 per,
674 582 727 626 et
760 587 856 641 per
877 573 1052 626 omnia
1085 581 1426 626 consecretur
1461 591 1474 626 :
1513 573 1597 626 sin
1654 573 1705 626 id
1752 589 1860 627 non
1921 575 2102 637 datur,

529 679 714 718 eorum
741 665 929 719 saltem
957 679 1118 733 opera
1151 674 1205 718 et
1239 665 1550 733 adjumento
1601 665 1666 718 ad
1708 679 1826 719 eam
1856 679 1967 718 rem
2005 664 2102 728 uti,

2212 483 2494 552 όμογενέσι
2542 483 2636 536 καὶ
2681 484 3005 553 ὁμοτρόποις
3027 484 3166 554 (51).
3193 486 3363 539 Τοῦτο
3383 488 3493 559 γάρ
3523 507 3620 559 μοι
3651 492 3808 544 δρκεῖ

2215 574 2518 643 βούλεσθαι,
2544 576 2606 628 τὸ
2634 579 3038 640 κοινωνεῖντοῖς
3065 577 3291 645 ἔγγιστα
3317 580 3412 632 τοῦ
3444 581 3729 651 θύματος,
3759 588 3802 636 εί
3866 589 3867 594 “

2209 665 2473 736 δεήσειεν.

529 760 621 830 qui
665 761 856 814 virtute
901 761 1056 815 nobis
1104 760 1480 829 consanguinei
1528 769 1687 824 sunt,
1757 761 2106 828 moribusque
2136 762 2458 826 persimiles.
2491 763 2601 818 Hoc
2628 763 2770 818 enim
2812 764 2941 818 mihi
3007 761 3317 834 significare
3376 763 3621 830 videtur,
3654 767 3805 832 quod

530 854 734 907 vicinos
778 852 1028 906 sacrificii
1075 851 1365 920 participes
1413 851 1528 904 ﬁeri
1563 851 1703 904 Deus
1737 852 1999 919 praecipit,
2053 850 2099 903 si
2138 849 2210 902 ita
2242 867 2376 920 Opus
2399 853 2580 911 fuerit.

603 940 719 994 XV.
768 940 906 995 Hinc
928 956 1081 995 sacra
1123 955 1254 1005 nox,
1298 941 1581 1011 noctisque
1611 941 1789 1010 hujus,
1820 956 1925 1009 qua
1970 955 2108 1009 prae-

531 1047 652 1086 sens
695 1032 805 1086 vita
850 1031 1194 1096 suffunditur,
1238 1032 1488 1095 inimica,
1535 1033 1588 1085 in
1639 1046 1747 1101 qua
1798 1032 2108 1101 primigenae

531 1125 763 1178 tenebrae
800 1123 1162 1192 depelluntur,
1195 1131 1359 1191 atque
1392 1123 1572 1176 omnia
1605 1123 1657 1176 in
1691 1122 1862 1176 lucem
1886 1129 1939 1176 et
1971 1122 2112 1176 ordi-

531 1229 651 1267 nem
704 1213 1040 1284 formamque
1089 1213 1378 1280 prodeunt,
1445 1229 1508 1266 ac
1559 1213 1813 1268 confusio
1859 1227 1946 1278 ea,
1991 1228 2110 1281 quae

447 1339 450 1342 ι
533 1306 681 1373 prius
736 1304 984 1374 vigebat,
1038 1314 1288 1359 ornatum
1339 1305 1556 1373 accipit.
1637 1305 1773 1358 Hinc
1822 1304 2108 1374 Egyptum

532 1391 786 1467 fugimus,
829 1397 929 1451 hoc
959 1406 1062 1463 est,
1103 1398 1256 1451 triste
1303 1411 1506 1465 nosque
1555 1410 1887 1466 persequens
1925 1411 2112 1466 pecca-

535 1498 667 1549 tum.
706 1503 767 1542 ac
797 1487 1133 1544 Pharaonem
1163 1487 1488 1543 invisibilem
1523 1496 1832 1558 tyrannum,
1860 1496 1914 1541 et
1941 1501 2112 1540 saevos

530 1595 754 1650 operum
774 1582 1073 1648 praefectos,
1099 1579 1164 1632 ad
1192 1593 1483 1648 supernum
1507 1579 1766 1632 mundum
1788 1577 2112 1646 migrantes:

535 1686 599 1724 ac
632 1671 742 1724 luto
778 1680 832 1724 et
879 1669 1340 1725 conﬁciendorum
1391 1669 1622 1724 laterum
1673 1669 1858 1723 labore
1907 1669 2109 1722 libera-

536 1776 676 1824 mur,
702 1759 866 1830 857
896 1759 1098 1829 paleari
1143 1761 1399 1814 nimirum
1431 1769 1486 1815 et
1510 1759 1749 1814 instabili
1789 1761 1972 1814 carnis
2003 1760 2105 1812 hu-

531 1849 620 1916 jus
651 1851 1054 1914 constitutione,
1107 1866 1224 1920 qua:
1259 1867 1327 1905 ne
1352 1852 1589 1906 acerosis
1618 1852 1838 1922 quidem
1881 1851 2106 1906 rationi~

538 1941 636 1994 bus
683 1940 734 1992 in
767 1940 950 1994 multis
981 1941 1209 1995 validior
1256 1952 1359 1997 est.
1402 1941 1540 1997 Hinc
1574 1951 1765 2013 agnus
1817 1953 2104 2008 mactatur,

535 2038 694 2096 atque
728 2029 868 2082 actio
896 2038 952 2082 et
983 2031 1388 2101 contemplatio,
1440 2047 1534 2086 seu
1572 2032 1792 2086 habitus
1831 2043 1885 2087 et
1934 2043 2106 2100 actus,

534 2117 767 2185 pretioso
792 2119 1052 2187 sanguine
1077 2119 1397 2188 signantur;
1451 2136 1573 2174 nam
1616 2122 1669 2175 hi
1711 2123 1973 2176 ostiorum
2014 2138 2111 2177 no-

533 2215 767 2260 strorum
812 2218 990 2276 postes
1016 2218 1159 2274 sunt,
1211 2210 1315 2265 hoc
1350 2221 1452 2276 est,
1504 2213 1700 2266 mentis
1753 2214 2105 2282 agitationum

532 2305 589 2351 et
638 2300 967 2367 dogmatum,
1021 2315 1140 2368 quae
1195 2316 1260 2355 ex
1299 2303 1752 2372 contemplatione
1797 2316 1942 2360 recte
1985 2321 2110 2375 ape-

533 2389 746 2442 riuntur
769 2399 929 2460 atque
973 2390 1318 2459 clauduntur,
1373 2395 1810 2464 quandoquidem
1859 2411 2109 2465 compre—

535 2481 848 2535 hensionum
878 2497 1093 2552 quoque
1113 2485 1306 2540 modus
1339 2485 1556 2554 quidam
1594 2496 1696 2541 est.
1731 2488 1865 2542 Hinc
1892 2500 2105 2557 poetre-

531 2588 643 2640 ma,
684 2584 737 2630 et
779 2577 1212 2644 persecutoribus
1256 2578 1570 2649 gravissima
1606 2579 1781 2649 plaga,
1842 2591 2111 2650 nocteque

531 2666 771 2733 profecto
801 2668 958 2738 digna
995 2685 1008 2722 :
1042 2683 1106 2722 ac
1134 2669 1526 2738 cogitationum
1549 2685 1768 2723 suarum
1804 2672 2109 2725 actionum-

530 2771 636 2824 que
694 2759 1048 2828 primogenita
1105 2758 1250 2830 luget
1295 2759 1758 2830 AEgyptus(quod
1819 2769 1874 2815 et
1924 2776 2109 2816 semen

530 2848 875 2903 Chaldaicum
927 2850 1201 2905 sublatum
1255 2861 1416 2920 atque
1457 2867 1772 2921 oppressum
1830 2851 2110 2920 Scriptura

531 2949 689 2994 vocat
720 2941 788 3007 ³³,
818 2950 874 2995 et
897 2943 1148 3010 puerulos
1189 2940 1513 3014 Babylonios
1543 2943 1610 2996 ad
1633 2952 1840 3011 petram
1870 2943 2110 2998 allisos“

533 3041 588 3083 et
618 3031 874 3103 solutos),
928 3043 1090 3102 atque
1139 3034 1378 3088 clamore
1426 3043 1482 3088 et
1531 3033 1918 3088 vociferatione
1969 3035 2108 3104 apud

531 3121 812 3193 Egyptios
841 3125 1022 3179 omnia
1053 3135 1345 3194 personant
1373 3143 1388 3182 :
1429 3140 1493 3178 ac
1517 3134 1628 3179 tum
1657 3139 1687 3178 a
1717 3123 1871 3178 nobis
1894 3125 2105 3178 illorum

531 3217 923 3270 exterminatur
957 3218 1190 3280 secedet,
1219 3218 1489 3274 unctionis
1519 3226 1662 3272 metu
1689 3232 1753 3271 ac
1777 3219 2103 3276 reverentia,

532 3303 670 3359 Hinc
717 3305 1037 3360 fermentum
1079 3318 1286 3376 septem
1335 3309 1546 3363 dierum
1593 3306 1769 3376 spatio
1811 3308 1858 3338 ’⁸
1895 3307 2112 3362 submo-

532 3406 686 3450 vetur
730 3397 852 3469 (hic
887 3400 1029 3452 enim
1063 3415 1319 3454 numerus
1353 3399 1595 3454 omnium
1641 3398 1874 3453 maxime
1918 3401 2111 3470 mysti-

531 3501 647 3554 cus,
681 3497 842 3559 atque
875 3491 1001 3546 huic
1033 3493 1232 3546 mundo
1257 3489 1661 3561 consociatus),
1689 3493 1792 3545 hoc
1817 3501 1921 3556 est,
1957 3502 2110 3548 vetus

531 3591 589 3633 et
648 3583 802 3636 acida
850 3583 1085 3651 pravitas
1131 3584 1270 3655 (non
1325 3584 1472 3637 enim
1514 3582 1682 3648 illud,
1722 3584 1864 3652 quod
1915 3597 2107 3652 panem

531 3671 692 3727 efficit
720 3689 785 3728 ac
815 3674 976 3728 vitale
1003 3675 1153 3745 est);
1199 3683 1258 3729 ut
1297 3691 1364 3730 ne
1399 3676 1539 3742 quod
1607 3673 1939 3744 Egyptiacae
1978 3690 2108 3729 con-

533 3765 834 3834 spersionis
860 3764 1115 3820 viaticum
1142 3767 1211 3834 “,
1235 3781 1333 3822 nec
1353 3765 1487 3820 ullas
1509 3765 1831 3820 Pharisaicze
1856 3775 1905 3819 et
1936 3765 2110 3834 impiae

531 3857 787 3911 doctrina:
814 3858 859 3898 ³⁷
884 3856 1138 3927 reliquias
1167 3857 1320 3912 nobis
1355 3872 1628 3926 paremus.

601 3945 932 4018 XVI.Atque
954 3947 1025 4002 illi
1053 3949 1267 4018 quidem
1291 3948 1539 4015 lugeant:
1565 3962 1663 4002 nos
1693 3956 1872 4002 autem
1907 3963 2108 4018 agnum

530 4040 903 4108 eomedamus;
937 4039 1004 4094 ad
1051 4054 1332 4108 vesperam
1382 4038 1598 4106 quidem
1635 4039 1698 4104 ’⁸,
1738 4041 1994 4106 quoniam
2054 4038 2107 4091 in

530 4130 851 4185 saeculorum
901 4129 1008 4184 fine
1052 4129 1253 4184 Christi
1309 4129 1491 4196 passio
1526 4129 1782 4196 contigit;
1838 4129 2105 4196 siquidem

531 4237 753 4291 vespere
777 4221 1118 4290 quandoque,
1148 4221 1353 4287 peccati
1383 4218 1632 4274 videlicet
1671 4219 1954 4287 caliginem
1991 4220 2103 4272 dis-

530 4315 762 4379 cutiens,
821 4312 1095 4382 discipulis
1148 4321 1545 4366 sacramentum
1599 4311 1930 4379 impertitur.
1984 4309 2099 4363 Non

2276 941 2378 997 lE'.
2434 943 2710 998 Ἐντεῦθεν
2741 948 2774 1016 ἠ
2820 947 2940 1017 ιερά
2974 947 3068 1012 νὺξ
3120 946 3252 1016 (se).
3283 946 3496 999 καὶτοῦ
3521 946 3806 1015 παρά-ηπ
3866 927 3867 938 ‘

2209 1033 2325 1104 βίου
2375 1037 2476 1106 τῆς
2501 1039 2827 1109 κεχυμένης,
2861 1039 3023 1109 τῆσδε
3074 1038 3269 1100 νυκτὸς
3315 1037 3636 1100 ἀντίπαλος,
3677 1038 3805 1089 καθ’

2205 1127 2273 1197 ἢν
2303 1128 2363 1180 τὸ
2383 1129 2722 1197 πρωτόγονον
2749 1129 2934 1182 λύεται
2960 1130 3167 1193 σκότος,
3194 1127 3287 1181 καὶ
3308 1129 3388 1191 είς
3415 1127 3527 1196 φῶς
3545 1129 3803 1190 ἅπαντα,

2209 1219 2302 1271 καὶ
2354 1219 2527 1285 τάξιν,
2565 1222 2659 1274 καὶ
2706 1217 2844 1284 εἶδος
2897 1221 3147 1292 ἔρχεται,
3195 1221 3288 1274 καὶ
3341 1221 3542 1289 κόσμον
3580 1221 3618 1288 ἡ
3667 1219 3803 1288 πρὶν

2209 1310 2450 1380 ἀκοσμία
2489 1311 2778 1381 λαμϐάνει.
2845 1311 3122 1364 Ἐντεῦθεν
3175 1311 3452 1378 Αἴγυπτον
3483 1310 3800 1379 φεύγομεν.

2208 1400 2306 1471 τὴν
2334 1401 2663 1472 σκυθρωπὴν
2689 1404 2781 1455 καὶ
2809 1401 3102 1474 διώκτριαν
3140 1402 3438 1472 ἁμαρτίαν,
3465 1401 3558 1453 καὶ
3584 1399 3804 1471 Φαραὼ

2207 1492 2298 1544 τὸν
2329 1493 2560 1563 ἀόρατον
2590 1493 2872 1564 τύραννον,
2913 1495 3005 1546 κα)⁵
3035 1494 3161 1556 τοὺς
3195 1494 3426 1563 πικροὺς
3473 1492 3799 1562 ἐργοδότας,

2211 1584 2346 1654 πρὸς
2371 1585 2462 1637 τὸν
2485 1585 2596 1638 ἄνω
2622 1583 3148 1655 μετασκευαζόμενοι
3176 1583 3378 1653 κόσμον
3401 1595 3416 1610 ’
3447 1581 3666 1636 καὶτοῦ
3703 1602 3804 1651 πη-

2211 1672 2301 1724 λοῦ
2353 1673 2446 1726 καὶ
2473 1676 2572 1743 τῆς
2599 1673 2877 1735 πλινθείας
2930 1671 3396 1742 ὲλευθερούμεθα,
3448 1672 3545 1740 τῆς
3593 1687 3661 1722 τε
3705 1668 3799 1721 τοῦ

2213 1763 2418 1834 ἀχύρου
2453 1764 2567 1832 (55)
2601 1764 2695 1816 καὶ
2723 1765 2996 1835 σφαλερᾶς
3022 1763 3116 1816 τοῦ
3151 1763 3374 1834 σαρκίου
3403 1760 3554 1814 τοῦδε
3591 1762 3802 1813 συστὰ-

2213 1870 2370 1917 σεως,
2395 1853 2488 1907 καὶ
2531 1854 2650 1924 μηδ’
2707 1854 2828 1907 ὅσον
2862 1852 3163 1923 ἀχυρώδεσι
3196 1851 3474 1921 λογισμοῖς
3527 1851 3628 1904 ἐπὶ
3688 1850 3801 1902 τῶν

2211 1943 2421 1996 πολλῶν
2443 1944 2844 2015 κρατουμένης.
2890 1943 3169 1996 Ἐντεῦθεν
3202 1945 3230 1994 ὁ
3280 1941 3450 2011 ἀμνὸς
3479 1941 3799 2009 σφαγιάζε-

2207 2048 2320 2098 ται,
2354 2033 2448 2085 κα).
2495 2031 2886 2104 σφραγίζονται
2915 2031 2994 2101 τῷ
3032 2031 3197 2101 τιμίῳ
3229 2032 3427 2101 οιῖματι⁸
3453 2030 3663 2100 πρᾶξις
3703 2031 3802 2082 καὶ

2211 2121 2367 2191 λόγος
2397 2123 2531 2193 (54),
2569 2123 2744 2176 εῐτουν
2767 2123 2881 2190 ἕξις
2915 2124 3009 2176 καὶ
3053 2124 3323 2192 ἐνέργεια,
3363 2124 3417 2174 αἱ
3443 2122 3551 2174 τῶν
3579 2120 3796 2191 ἡμετέ-

2212 2235 2322 2288 ρων
2356 2216 2533 2285 Ουρῶν
2559 2216 2961 2286 παραστάτιδες
2997 2217 3130 2285 (55),
3157 2216 3300 2283 λέγω
3331 2215 3393 2285 δὴ
3422 2214 3530 2268 τῶν
3560 2214 3662 2267 τοῦ
3705 2214 3796 2267 νοῦ

2213 2308 2529 2378 κινημάτων
2577 2309 2688 2378 (56)
2737 2324 2797 2360 τε
2837 2311 2930 2361 καὶ
2959 2308 3264 2378 δογμάτων,
3290 2305 3468 2369 καλῶς
3500 2306 3796 2376 ἀνοιγομὲ·

2210 2414 2314 2450 νων
2351 2397 2445 2449 καὶ
2480 2396 2809 2466 κλειομένων
2840 2398 2905 2449 ἐκ
2951 2396 3206 2467 Θεωρίας,
3230 2395 3416 2466 ἐπειδὴ
3447 2396 3651 2464 μέτρον
3679 2395 3795 2448 ὲστί

2209 2507 2264 2542 τι
2296 2489 2394 2541 καὶ
2431 2488 2808 2558 καταλήψεων.
2859 2488 3140 2542 Ἐντεῦθεν
3173 2491 3206 2559 ἡ
3250 2489 3536 2541 τελευταία
3571 2490 3673 2540 καὶ
3707 2489 3796 2558 βα-

2211 2579 2409 2651 ρυτάτη
2435 2582 2544 2642 τοῖς
2564 2579 2817 2642 διώκταις
2848 2579 3050 2650 πληγὴ,
3085 2580 3179 2632 καὶ
3207 2579 3398 2642 νυκτός
3425 2578 3595 2642 ὅντως
3626 2579 3758 2644 ἀξία
3775 2594 3790 2608 °

2211 2671 2303 2724 καὶ
2334 2670 2523 2741 θρηνεῖ
2539 2671 2608 2723 τὰ
2649 2671 2966 2740 πρωτότοκα
2989 2671 3096 2724 τῶν
3131 2671 3344 2724 οἰκείων
3376 2671 3662 2741 λογισμῶν
3697 2674 3790 2724 καὶ

2210 2761 2460 2832 πράξεων
2506 2764 2776 2830 Αἴγυπτος
2822 2763 2888 2833 (ὃ
2921 2763 3015 2816 καὶ
3063 2763 3285 2834 σπέρμα
3317 2763 3618 2816 Χαλδαῖκδν
3649 2764 3793 2829 ἐξαι-

2215 2850 2440 2920 ρόμενον
2477 2851 2592 2922 (57)
2626 2854 2693 2922 τῇ
2737 2852 2928 2921 Γραφῇ
2984 2851 3251 2918 καλεῖται,
3283 2853 3377 2905 καὶ
3411 2854 3582 2923 νήπια
3609 2854 3790 2906 Βαϐυ-

2209 2941 2376 2995 λώνια
2397 2945 2463 3014 τῇ
2498 2943 2672 3013 πέτρα
2706 2944 3186 3016 προσκροτούμενα
3235 2943 3346 3016 [58]
3374 2945 3468 2998 καὶ
3496 2945 3786 3015 λυόμενα),

2136 3061 2180 3121 C
2211 3034 2303 3086 καὶ
2332 3033 2460 3104 βοῆς
2491 3035 2670 3088 πάντα
2702 3035 2875 3106 μεστὰ
2905 3039 3001 3089 καὶ
3037 3037 3283 3107 κραυγῆς
3304 3037 3628 3103 Αἰγυπτίοις
3654 3037 3783 3103 (59)·

2211 3125 2307 3179 καὶ
2371 3125 2530 3195 ήμῶν
2585 3127 2936 3198 ἀποχωρήσει
2973 3127 3274 3197 τηνικαῦτα
3328 3128 3357 3179 ὁ
3412 3128 3640 3180 ἐκείνων
3673 3129 3786 3180 ὀλο·

2211 3215 2461 3287 θρευτὴς,
2506 3216 2644 3269 αἰδοῖ
2681 3217 2775 3270 καὶ
2814 3217 2964 3288 φόϐῳ
3009 3217 3104 3271 τοῦ
3135 3218 3458 3288 χρίσματος.
3504 3219 3785 3272 Ἐντεῦθεν

2209 3309 2368 3379 ἄρσις
2400 3308 2500 3378 τῆς
2541 3308 2721 3378 ζύμης
2760 3309 3109 3380 ἐπταήμερος
3136 3304 3312 3378 (οὗτος
3345 3313 3453 3382 γὰρ
3505 3310 3784 3381 μυστικώ-

2207 3413 2366 3459 τατος
2383 3397 2654 3468 ἀριθμῶν,
2676 3399 2770 3451 καὶ
2799 3397 2875 3467 τῷ
2903 3399 3091 3469 κόσμῳ
3107 3399 3279 3470 τούτῳ
3297 3400 3578 3470 σύστοιχος
3611 3400 3727 3473 [60]
3743 3401 3782 3471 ),

2207 3489 2310 3558 τῆς
2347 3490 2583 3552 παλαιᾶς
2613 3490 2707 3541 καὶ
2735 3489 2969 3554 όξὼδους
2997 3492 3197 3554 κακίας
3239 3493 3320 3562 (οὐ
3361 3493 3469 3564 γὰρ
3498 3495 3598 3564 τῆς
3631 3497 3785 3566 ἀρτο-

2210 3579 2363 3632 ποιοῦ
2392 3597 2452 3632 τε
2483 3581 2577 3632 καὶ
2598 3579 2858 3651 ζωτικῆς)
2880 3595 2894 3610 ·
2918 3583 3003 3634 ἵνα
3038 3583 3202 3654 μηδὲν
3231 3584 3528 3653 Αἰγύπτιον
3561 3589 3785 3639 ἐπισιτι-

2211 3669 2431 3741 ζὼμεθα
2464 3671 2713 3742 φύραμα,
2739 3673 2831 3725 καὶ
2858 3672 3108 3742 λείψανον
3147 3677 3482 3748 Φαοισαῖκῆς
3506 3677 3603 3729 καὶ
3625 3678 3780 3731 ἀθέου

2208 3763 2574 3826 διδασκαλίας.

2278 3949 2395 4014 lq'.
2433 3947 2546 4000 Καὶ
2579 3947 2628 4000 οἰ
2665 3948 2762 4018 μὲν
2789 3947 3162 4018 θρηνείτωσαν
3187 3965 3201 3980 ο
3245 3950 3378 4018 ἡμῖν
3433 3951 3489 4003 δὲ
3538 3954 3565 4004 ό
3616 3953 3784 4022 ἀμνος

2211 4037 2547 4110 βρωθήσεται
2567 4057 2580 4071 ·
2614 4040 2674 4092 τὸ
2699 4040 2829 4110 πρὸς
2859 4041 3096 4113 ἑσπέραν
3126 4041 3245 4112 μὲν,
3274 4044 3355 4096 ὅτι
3386 4045 3477 4096 ἐπὶ
3504 4045 3619 4113 (Gl)
3664 4062 3783 4097 συνο

2209 4129 2390 4200 τελείᾳ
2426 4131 2534 4182 τῶν
2557 4133 2767 4185 αίώνων
2799 4132 2860 4184 τὸ
2880 4132 3114 4201 Χριστοῦ
3145 4133 3313 4195 πάθος
3341 4150 3356 4164 ο
3394 4136 3517 4186 ἐπεὶ
3546 4135 3662 4202 (6‘2)
3693 4134 3782 4186 καὶ

2209 4223 2456 4272 κοινωνεῖ
2479 4220 2573 4272 τοῦ
2604 4221 2900 4292 μυστηρίου
2926 4223 3035 4290 (65)
3056 4225 3166 4286 τοῖς
3193 4223 3457 4293 μαθηταῖς
3476 4226 3533 4276 ἐν
3550 4226 3776 4294 ἑσπέρᾳ.

2207 4310 2350 4364 λύων
2387 4313 2477 4364 τὸν
2509 4311 2696 4365 σκότον
2745 4312 2847 4382 τῆς
2895 4313 3201 4383 ἁμαρτίας.
3261 4314 3372 4382 Οὐχ
3410 4313 3677 4382 ἑψόμενος
3706 4315 3778 4375 δὲ,

528 4403 728 4457 elixum
762 4414 965 4469 autem,
999 4404 1092 4459 sed
1124 4413 1322 4458 tostutn
1354 4401 1430 4467 ’9;
1464 4411 1524 4456 ut
1576 4417 1644 4456 ne
1686 4402 1815 4470 quid
1848 4401 2097 4467 specula-

2219 4403 2316 4456 Ξιλλ’
2354 4402 2700 4472 ὀπτώμενος·
2736 4402 2810 4466 ὼς
2835 4403 2900 4456 ἂν
2938 4405 3101 4475 μηδὲν
3133 4404 3464 4474 ἀθεώρητον,
3497 4407 3621 4475 μηδ’
3656 4407 3776 4458 ὑδα-

632 4496 678 4528 “
697 4495 880 4550 Judith
907 4511 960 4562 γ,
991 4495 1046 4550 6.
1121 4494 1169 4528 ²⁸
1189 4495 1329 4552 Psal.
1355 4512 1572 4563 cxxxw,
1599 4496 1655 4562 8,
1695 4495 1750 4549 9.
1825 4496 1870 4527 ’⁵
1896 4495 2061 4549 Exod.

2238 4495 2324 4552 19.
2401 4499 2450 4530 ’³
2483 4498 2611 4552 ibid.
2690 4499 2734 4529 "’
2766 4497 2952 4552 Matth.
2989 4515 3100 4564 xw,
3135 4499 3186 4552 6.

529 4565 572 4596 ²⁹
605 4565 736 4620 ibid.
767 4567 820 4620 9.

761 4659 1172 4732 κὈμοτρόποις.
1202 4661 1380 4732 0n},
1407 4658 1798 4732 ὁμοιοτρόποις.

595 4729 708 4800 (52)
757 4729 978 4799 Ἡίερὰ
1012 4732 1151 4797 νύξ,
1177 4742 1280 4786 etc.
1307 4729 1467 4786 Bill.’:
1500 4750 1518 4782 ι
1539 4729 1691 4784 sacra
1721 4738 1930 4800 nox,et
1957 4745 2094 4797 prae-

526 4799 695 4853 sentis
715 4800 858 4864 vitae,
885 4803 985 4856 hoc
1006 4812 1108 4864 est,
1139 4802 1355 4856 sull'usae
1385 4801 1540 4867 hujus
1573 4801 1770 4863 noctis,
1800 4799 2035 4864 inimica,
2067 4818 2087 4851 ι

523 4878 633 4940 etc.
649 4868 770 4940 Hac
819 4870 1256 4940 interpretatione
1300 4871 1380 4924 vir
1415 4871 1605 4940 doctus
1653 4885 1756 4922 non
1785 4871 1918 4922 satis
1959 4869 2094 4940 Gre-

525 4939 658 5008 gorii
690 4948 920 4992 mentem
954 4939 1144 5008 aperit.
1189 4940 1438 5009 Magnum
1486 4939 1775 4992 discrimen
1831 4939 2095 5006 reperitur

524 5009 667 5060 inter
693 5018 1010 5076 praesentem
1044 5011 1232 5074 vitam,
1259 5021 1312 5063 et
1349 5010 1597 5062 tenebras
1622 5009 1816 5075 quibus
1859 5021 2092 5074 praesens

523 5079 630 5129 vita
657 5077 998 5132 suffunditur.
1023 5097 1042 5130 ι
1064 5079 1176 5133 Nox
1191 5094 1401 5141 sacra,»
1433 5079 1498 5132 de
1523 5092 1628 5146 qua
1652 5077 1845 5146 agitur,
1880 5077 2095 5129 inimica

523 5147 736 5213 quidem
773 5155 855 5202 est
891 5150 1252 5210 tenebrarum,
1304 5149 1443 5211 vitii,
1483 5148 1708 5216 peccati,
1753 5147 2089 5214 iguorantim.

523 5231 644 5283 quae
668 5216 828 5270 vitam
864 5229 1102 5271 nostram
1150 5218 1431 5282 obsident;
1469 5218 1563 5272 sed
1610 5216 1776 5285 ipsius
1806 5216 2090 5284 praesentis

524 5287 647 5337 vita)
673 5285 893 5339 multum
922 5287 1092 5339 amica
1125 5298 1226 5340 est.

594 5353 705 5426 (53)
749 5355 864 5422 Τῆς
893 5372 957 5408 τε
985 5356 1091 5410 τοῦ
1127 5357 1374 5426 ἀκύρου,
1406 5365 1509 5410 etc.
1539 5355 1758 5426 (Atque
1784 5351 1868 5426 his
1903 5350 2090 5426 paleis,

523 5432 578 5476 et
606 5421 739 5487 levi,
778 5421 1086 5488 straminea,
1129 5421 1441 5495 lubricaque
1487 5421 1884 5479 inlidae’carnis
1933 5421 2093 5490 hujus

522 5495 921 5559 constitutione,
953 5515 971 5548 ι
993 5507 1094 5550 etc.

589 5563 706 5635 ’(54)
744 5564 855 5616 Καὶ
883 5566 1082 5635 λόγος.
1124 5584 1144 5617 ‹
1172 5565 1383 5629 Sermo,
1418 5584 1436 5616 ι
1465 5564 1568 5628 vel,
1609 5583 1628 5615 ι
1660 5562 1817 5635 ratio.
1852 5580 1872 5635 ε

594 5629 707 5703 (55)
741 5629 1202 5703 Παρασὲάιίιδες.
1235 5639 1329 5690 Sic
1354 5637 1519 5703 Regg.
1558 5636 1665 5701 but,
1711 5634 1800 5703 ph,
1841 5629 2005 5686 Cois].
2038 5629 2091 5696 Ι,

523 5701 735 5771 Comb.,
774 5701 876 5760 etc.
908 5705 964 5760 ltt
997 5709 1107 5772 ed.,
1135 5701 1493 5778 παραστάδεςῖ

3289 4499 3333 4530 ³⁸
3360 4499 3529 4555 Exod.
3568 4517 3658 4565 xu,
3697 4500 3773 4554 IS-

2270 4655 2382 4730 (56)
2411 4653 2537 4730 7:6»-
2561 4651 2671 4730 τοῦ
2699 4652 3190 4730 νοῦλκινημοίτων.
3220 4650 3308 4730 Sic
3327 4652 3561 4721 quinque
3584 4652 3769 4720 Regg.,

2199 4722 2294 4782 0r.
2337 4722 2388 4787 1’,
2422 4724 2638 4781 Cotul).,
2669 4733 2771 4775 etc.
2810 4722 2963 4777 Deest
2987 4723 3095 4774 τῶν
3128 4725 3176 4773 in
3205 4723 3288 4772 ed.

2269 4796 2382 4864 (57)
2435 4792 2870 4861 Ἐξαιρόμενον.
2901 4793 3141 4858 Quatuor
3169 4789 3322 4845 Colb.
3347 4800 3400 4845 el
3434 4790 3528 4846 Or.
3564 4793 3616 4855 1,
3642 4793 3771 4857 ἐξαι-

2237 4867 2295 4920 ού
2306 4880 2460 4920 μενον
2469 4903 2480 4915 .

2201 4883 2969 5006 ροῗὲιξῖοᾶροσκρρτούμεναμ.
3011 4929 3214 5006 Nicet.,_
3241 4929 3681 5006 προσκρούμενα.

2218 5029 2221 5033 ·
2270 5000 2385 5073 (59)
2424 5000 3030 5073 Αἰγυπτίοιςζοιῃιὼηλ
3046 5001 3159 5061 τοῖς
3189 5000 3526 5073 Αἰγυπτίοις.

2273 5069 2383 5144 (60)
2400 5069 2769 5144 ῨΣύστοιχος.
2797 5090 2831 5144 ξ(
2871 5070 3122 5144 Ejusdem
3163 5085 3283 5122 cum
3322 5072 3420 5121 hoc
3460 5069 3662 5144 mundo
3683 5081 3760 5116 or-

2199 5137 2373 5198 dinis.
2397 5143 2531 5195 Tum
2564 5137 2708 5208 quia,
2745 5160 2764 5191 ι
2795 5137 2969 5208 inquit
3000 5137 3237 5202 Nicetas,
3277 5157 3296 5189 ι
3331 5148 3532 5208 septem
3561 5139 3760 5191 dierum

2200 5214 2373 5280 spatio
2407 5207 2635 5264 mundus
2661 5207 2909 5264 omnibus
2940 5210 3054 5263 suis
3080 5209 3322 5262 numeris
3351 5207 3630 5280 absolutus
3662 5218 3758 5280 est,

2201 5275 2311 5336 tum
2337 5283 2459 5348 quia
2491 5280 2717 5347 expletis
2749 5291 2954 5346 septem
3002 5293 3262 5331 annorum
3299 5276 3554 5348 millibus,
3586 5275 3758 5348 mundi

2203 5353 2323 5404 ﬁnis
2352 5341 2686 5404 futurus-est.
2715 5369 2732 5400 ι
2764 5341 3077 5418 Anonymus
3107 5349 3159 5401 in
3186 5348 3318 5418 Reg.
3341 5363 3370 5401 a
3391 5365 3404 5400 :
3423 5345 3523 5398 Διὰ
3551 5346 3610 5398 τὸ
3637 5341 3762 5399 ἑπτὰ

2203 5419 2714 5496 αεσρσμερικφσμρν
2746 5415 3171 5496 περιφρίςεσθριι-
3271 5415 3289 5418 ⁷
3366 5489 3379 5496 -
3543 5486 3555 5496 .
3729 5481 3739 5496 .

2273 5490 2386 5556 (ﬁl)
2437 5491 2589 5542 Ἐπί.
2617 5486 2722 5543 ’διο
2762 5486 2920 5543 codd.
2955 5487 3207 5542 Mendose
3245 5501 3300 5541 ll'l
3343 5489 3464 5540 sar.
3492 5486 3601 5550 ed.,
3629 5486 3756 5537 επεὶ.

2273 5555 2386 5630 (62)
2440 5559 2623 5615 Ἐπεί.
2656 5559 2746 5612 Sic
2776 5559 2932 5630 codd.
2968 5558 3136 5630 Prav‘e
3169 5559 3222 5611 in
3255 5559 3377 5612 Par.
3409 5559 3517 5630 ed.,
3551 5555 3664 5630 ἐπεί.
3718 5621 3730 5630 ¹
3858 5613 3867 5630 _‘

2270 5621 2378 5700 (65)
2424 5630 2532 5682 Τοῦ
2556 5629 2920 5700 μυστηρίουκ
2949 5629 3039 5683 Sic
3088 5626 3253 5698 Rrgg.
3307 5631 3414 5694 but,
3464 5627 3558 5695 ph,
3598 5625 3686 5682 Or.
3713 5621 3757 5685 1ο
3858 5621 3868 5639 ς

2200 5699 2306 5756 etc.
2348 5701 2503 5755 Deest
2535 5699 2626 5752 τοῦ
2666 5701 2716 5754 in
2745 5700 2831 5753 ed.
