3898 6222
238 162 396 237 ’645

1255 166 1511 224 ORATIO
1549 167 1710 225 XLV.
1751 198 1819 208 —
1855 168 1924 225 IN
1967 168 2299 226 SANCTUM
2336 169 2631 227 PASCHA.

3412 224 3417 231 .
3449 173 3556 231 616

270 292 385 363 pe;
423 286 535 359 (64)
565 287 595 340 ὀ
629 284 787 354 λόγος
809 284 942 356 ἡμῖν
973 281 1040 339 ἂν
1064 281 1178 355 (65)
1198 282 1320 356 ἔχῃ,
1358 284 1481 355 μηδ’
1516 283 1831 339 εὐδιάλυτον
1855 324 1869 351 ,

1987 284 2151 341 tionis
2207 299 2401 357 expers
2435 295 2598 357 atque
2638 298 2901 356 aquosum
2962 284 3118 342 nobis
3148 286 3271 342 lidei
3305 287 3550 343 doctrina

268 380 404 437 ἀλλ’
437 380 561 441 ὅλος
593 376 701 448 (66)
734 375 1001 439 συνεστὼς
1032 372 1091 449 ᾗ,
1112 374 1208 429 καὶ
1238 376 1486 448 στερρὸς,
1512 377 1607 429 καὶ
1635 374 1712 446 τῷ
1738 374 1873 429 καθ-

268 470 501 546 αρτικῷ
544 471 678 541 πυρὶ
721 467 1221 537 δεδοκιμασμένος,
1256 468 1353 521 καὶ
1398 467 1601 530 παντὸς
1635 465 1872 531 ὑλώδους

272 562 596 634 ἐλεύθερος,
633 560 726 614 κα).
773 560 1088 630 ἀπέριττος,
1141 559 1234 612 καὶ
1266 562 1380 622 τοῖς
1424 559 1607 623 καλοῖς
1638 558 1869 631 ἄνθραξι

277 654 638 728 βοηθώμεθα,
661 653 724 706 τὸ
749 652 1088 723 διανοητικὸν
1108 650 1267 723 ἡμῶν
1286 651 1588 705 ἀνάπτουσι
1618 652 1713 705 κα)⁴
1739 652 1872 705 καθ-

276 746 527 816 αίρουσι,
560 743 713 814 παρὰ
751 741 845 796 τοῦ
878 742 989 814 πῦρ
1019 742 1266 805 ἐλθόντος
1295 743 1475 813 βαλεῖν
1505 744 1598 796 ἐπὶ
1616 743 1718 814 τῆς
1744 745 1868 814 γῆς,

274 838 346 891 τδ
380 837 493 889 τῶν
525 833 813 907 μοχθηρῶν
843 833 1010 900 ἕξεων
1033 833 1392 899 ἁναλωτικὸν,
1418 835 1513 888 καὶ
1542 834 1641 906 τὴν
1670 835 1870 905 ἄναψιν

278 923 728 985 ἐπισπεύδοντος.
767 921 931 975 Ὅσον
993 921 1093 992 μὲν
1142 916 1237 974 οὖν
1269 923 1548 994 σαρκῶδες
1583 924 1678 977 τοῦ
1708 925 1868 994 λόγου

280 1017 386 1070 καὶ
411 1015 700 1086 τρόφιμον,
740 1012 878 1084 μετὰ
898 1012 1006 1066 τῶν
1034 1014 1324 1068 ὲντοσθίων
1354 1015 1465 1083 (67)
1487 1015 1705 1070 καὶτῶν
1738 1035 1872 1088 κρυ-

281 1103 430 1173 φίων
447 1102 543 1155 τοῦ
567 1101 661 1155 νοῦ
695 1101 1035 1173 βρωθήσεται
1085 1103 1179 1155 καὶ
1203 1101 1634 1175 ἀναλωθήσεται,
1666 1106 1758 1159 καὶ
1788 1107 1870 1170 είς

282 1194 456 1263 πέψιν
485 1194 861 1264 πνευματικὴν
898 1192 1303 1263 ἀναδοθήσεται,
1330 1193 1458 1266 ἄχρι
1502 1196 1741 1267 κεφαλῆς
1775 1197 1870 1250 καὶ

283 1285 490 1348 ποδῶν,
519 1286 629 1338 τῶν
653 1302 711 1337 τε
745 1282 976 1355 πρώτων
1012 1285 1122 1353 (68)
1146 1285 1272 1356 περὶ
1302 1284 1554 1355 θεότητος
1587 1287 1873 1359 θεωρημά-

281 1392 418 1434 των,
445 1374 542 1429 καὶ
569 1373 678 1427 τῶν
721 1373 1047 1426 τελευταίων
1072 1373 1173 1444 τῆς
1207 1373 1541 1444 σαρκώσεως
1566 1376 1675 1447 (69)
1703 1396 1870 1449 φρον-

280 1466 590 1536 τισμάτων.
638 1464 752 1518 Οὐκ
804 1462 1084 1535 ἐξοίσομεν
1106 1463 1163 1515 δὲ
1188 1464 1362 1525 οὐδὲν,
1391 1465 1512 1518 οὐδὲ
1534 1467 1614 1530 είς
1635 1467 1696 1520 τὺ
1722 1469 1871 1540 πρωὶ

281 1556 691 1627 καταλείψομεν
742 1555 889 1628 (70)·
946 1556 1029 1609 ὅτι
1087 1555 1225 1627 μηδὲ
1283 1557 1491 1629 ἐκφορὰ
1523 1561 1634 1622 τοῖς
1669 1558 1772 1624 ἔξω
1800 1560 1871 1615 τὰ

1978 377 2195 442 habeat,
2224 393 2324 434 nec
2350 377 2641 447 ejusmodi,
2669 387 2727 433 ut
2775 378 2931 434 facile
2981 379 3200 436 dissolvi
3238 390 3423 449 queat,
3455 382 3553 437 sed

1978 478 2090 524 tota
2121 470 2288 525 densa
2313 479 2368 524 et
2391 472 2584 534 solida,
2613 480 2774 541 atque
2809 472 2932 541 igne
2961 483 3222 543 purgante
3247 472 3553 540 explorata,

1973 567 2028 612 et
2060 558 2128 612 ab
2159 559 2304 612 omni
2352 560 2620 614 crassiore
2648 576 2712 613 ac
2739 560 3012 630 superﬂua
3047 563 3441 629 materlapura
3498 572 3554 615 et

1974 648 2145 703 libera
2189 650 2280 716 sit,
2314 662 2478 718 utque
2508 650 2664 705 boais
2699 651 2803 705 illis
2832 652 3181 718 carbonibus,
3211 653 3546 708 intellectum

1974 752 2218 796 nostrum
2251 743 2671 797 accendentibus
2694 754 2747 799 et
2799 746 3176 815 purgantibus,
3214 747 3281 800 ab
3313 760 3380 802 eo
3407 746 3552 816 adju-

1971 848 2184 900 vemur,
2210 834 2300 903 qui
2326 835 2529 889 idcirco
2560 834 2614 889 in
2645 844 2842 891 terram
2872 838 3041 902 venit,
3081 848 3139 892 ut
3175 840 3241 892 ad
3278 839 3553 906 improbas

1973 925 2136 978 animi
2192 926 2530 980 habitudines
2587 927 2945 983 absumendas
2979 930 3158 999 ignem
3200 930 3443 986 mitteret
3476 929 3552 1001 ³⁸,

1973 1014 2196 1085 ejusque
2238 1017 2614 1072 acccnsiouem
2682 1019 2991 1089 adurgeret.
3051 1021 3320 1092 Quidquid
3386 1038 3554 1092 porro

1972 1121 2229 1161 carueum
2277 1116 2331 1162 et
2374 1108 2709 1162 esculentum
2745 1111 2904 1164 habet
2935 1112 3203 1177 doctrina,
3238 1128 3364 1167 cum
3412 1115 3554 1167 inte-

1973 1195 2131 1250 stinis
2183 1196 2490 1267 abditisque
2524 1198 2721 1253 mentis
2752 1200 2990 1268 partibus
3028 1200 3197 1272 858
3236 1204 3553 1258 comedetur

1972 1299 2030 1345 et
2060 1290 2377 1345 absumetur
2398 1293 2467 1356 δι,
2506 1306 2668 1363 atque
2693 1293 2760 1346 ad
2788 1292 3119 1362 spiritualem
3146 1296 3549 1349 concoctionem

1973 1379 2270 1447 digeretur,
2302 1381 2368 1460 ad
2402 1390 2565 1451 caput
2599 1397 2767 1451 usque
2790 1396 2854 1436 ac
2882 1383 3068 1451 pedes,
3088 1385 3188 1439 hoc
3218 1396 3321 1451 est,
3347 1385 3551 1455 primas

1976 1471 2044 1526 de
2094 1471 2391 1527 Divinitate
2416 1477 2903 1544 contemplationes
2933 1484 2988 1529 et
3042 1484 3342 1544 postremas
3376 1477 3553 1532 lucar-

1974 1564 2213 1620 nationis
2266 1565 2662 1620 meditationes.
2696 1565 2807 1621 Nec
2839 1581 2970 1620 vero
3016 1567 3309 1637 quidquam
3360 1569 3553 1625 eli'ereo

285 1646 461 1701 πολλὰ
512 1646 623 1707 τῶν
659 1647 942 1718 ἡμετέρων
1011 1647 1348 1717 μυστηρίων,
1406 1649 1542 1719 μηδὲ
1601 1650 1739 1721 ὑπὲρ
1769 1652 1869 1723 τὴν

1978 1666 2115 1718 mus,
2145 1668 2245 1708 nec
2294 1670 2463 1724 usque
2490 1657 2555 1709 ad
2604 1670 2760 1710 mane
2796 1656 3163 1725 relinquemus
3193 1658 3261 1725 “,
3293 1661 3548 1727 quoniam

283 1737 462 1792 νύκτα
483 1737 688 1810 ταύτην
715 1738 830 1792 ἐστι
852 1755 937 1802 τις
966 1737 1253 1809 κάθαρσις,
1277 1741 1369 1791 καὶ
1393 1741 1453 1793 τὸ
1474 1742 1572 1812 τῆς
1602 1742 1870 1808 ἀναϐολῆς

282 1832 390 1884 οὐκ
445 1832 728 1885 ἐπαινετὸν
780 1833 893 1893 τοῖς
953 1829 1046 1883 τοῦ
1100 1830 1276 1898 Λόγου
1336 1831 1866 1903 μεταλαμϐάνουσιν.

286 1923 502 1994 Ὠσπερ
531 1924 643 1994 γὰρ
658 1923 757 1994 τὴν
777 1922 946 1993 ὀργὴν
977 1921 1051 1993 μὴ
1093 1924 1462 1995 διημερεύειν,
1500 1924 1636 1977 ἀλλὰ
1662 1942 1871 1997 προκα-

282 2014 502 2068 ταλύειν
533 2014 685 2085 ἡλίου
716 2014 879 2068 καλὸν
901 2015 1034 2086 (71),
1069 2015 1162 2069 καὶ
1184 2015 1261 2085 τῷ
1279 2015 1396 2086 Θεῷ
1409 2016 1579 2084 φίλον,
1607 2016 1870 2087 χρονικῶς

284 2123 349 2160 τε
388 2107 484 2159 καὶ
518 2105 881 2173 άναγωγικῶς
947 2105 1284 2177 (ὲπιδύεσθαι
1333 2108 1441 2176 γάρ
1492 2108 1871 2179 ὀργιζομένοις

285 2196 422 2266 ἡμῖν
452 2196 554 2248 οὐκ
583 2194 822 2263 ἀσφαλὲς
854 2194 946 2247 τὸν
979 2196 1079 2265 τῆς
1107 2195 1456 2266 δικαιοσύνης
1484 2195 1656 2266 ἥλιον)
1682 2213 1696 2227 ο
1728 2196 1871 2251 οὕτω

284 2288 388 2359 τὴν
420 2286 676 2357 τοιαύτην
703 2285 904 2358 βρῶσιν
943 2285 1017 2358 μὴ
1064 2287 1501 2359 διανυκτερεύειν
1546 2287 1684 2357 (72),
1733 2288 1870 2358 μηδὲ

287 2380 371 2443 εἰς
398 2378 495 2451 τὴν
516 2379 643 2449 ἑξῆς
668 2378 1039 2433 ἀποτίθεσθαι.
1056 2379 1219 2432 Ὅσον
1238 2379 1294 2431 δὲ
1323 2379 1554 2442 ὀστῶδες
1580 2380 1673 2433 καὶ
1693 2380 1872 2450 ἄϐρω-

286 2485 403 2534 τον,
455 2471 551 2523 καὶ
600 2472 735 2541 ἡμῖν
787 2467 1183 2539 δυσθεώρητον,
1248 2469 1369 2522 οὐδὲ
1431 2468 1867 2538 συντριϐήσεται,

285 2560 473 2623 κακῶς
521 2560 901 2630 διαιρούμενον
927 2559 1019 2611 καὶ
1046 2558 1332 2629 νοούμενον
1376 2558 1471 2628 (ἐῶ
1502 2559 1610 2628 γὰρ
1647 2560 1827 2629 λέγειν
1851 2599 1867 2625 ,

284 2654 370 2708 ὅτι
396 2650 553 2722 μηδὲ,
607 2652 748 2705 κατὰ
774 2650 872 2722 τὴν
911 2652 1170 2723 ἱστορίαν,
1224 2650 1317 2704 τοῦ
1372 2651 1543 2723 Ἰησοῦ
1583 2650 1694 2725 [75]
1745 2670 1869 2707 συν-

286 2744 500 2817 ετρίὸη,
525 2742 620 2798 καί
646 2743 729 2796 τοί
750 2760 815 2812 γε
846 2743 941 2796 τοῦ
974 2744 1204 2798 θανάτου
1232 2748 1345 2808 τοῖς
1374 2748 1711 2816 παυρωταίς
1734 2748 1873 2811 ὲπι-η

287 2835 679 2906 σπευδομένου,
714 2833 803 2888 διὰ
857 2833 919 2888 τὸ
952 2834 1258 2906 Σάϐϐατόν)
1280 2850 1293 2864 ⁸
1330 2835 1454 2888 οὐδὲ
1490 2837 1603 2905 (74)
1634 2837 1870 2908 ἀπορρι-

285 2929 517 2999 φήσεται
564 2929 658 2981 καὶ
705 2929 1131 2999 περισυρήσεται
1177 2927 1319 2997 (75)·
1366 2928 1452 2980 ἴνα
1494 2926 1566 2998 μὴ
1629 2927 1756 2999 δοθῇ
1799 2928 1870 2982 τὰ

286 3021 419 3090 ἅγια
458 3023 572 3084 τοῖς
612 3021 741 3074 κυσὶ
781 3022 875 3074 καὶ
916 3023 1107 3082 κακοῖς
1152 3018 1244 3071 τοῦ
1284 3019 1458 3088 Λόγου
1499 3021 1865 3091 σπαράκταις,

285 3111 476 3182 ὥσπερ
523 3112 645 3164 οὐδὲ
678 3115 789 3176 τοῖς
827 3112 1032 3183 χοίροις
1062 3111 1124 3163 τὸ
1147 3109 1397 3181 λαμπρὸν
1441 3111 1536 3164 τοῦ
1565 3112 1742 3180 Λόγου
1771 3113 1868 3166 καὶ

286 3204 648 3278 μαργαρῶδες
671 3221 685 3236 ·
726 3205 862 3258 ἀλλὰ
911 3206 1043 3277 πυρὶ
1079 3204 1613 3276 καταναλωθήσεται,
1661 3205 1740 3275 τῷ
1773 3204 1866 3258 καὶ

283 3298 355 3351 τὰ
382 3297 492 3367 (76)
520 3296 968 3368 ὁλοκαυτώματα,
1004 3297 1073 3350 τὰ
1124 3298 1303 3351 πάντα
1343 3298 1631 3368 ὲρευνῶντι
1664 3298 1760 3351 καὶ
1790 3299 1867 3351 εί-

283 3390 394 3442 δότι
424 3389 703 3459 Πνεύματι
727 3388 1097 3458 λεπτυνόμενα
1129 3389 1220 3441 καὶ
1253 3389 1554 3458 σωζόμενα,
1581 3389 1681 3442 οὐκ
1708 3389 1866 3442 ὰπολο

283 3479 491 3551 λύμενα
514 3479 637 3532 καθ’
664 3479 893 3542 ὑδάτων,
925 3479 1043 3532 οὐδὲ
1082 3480 1446 3551 σπειρόμενα·
1484 3478 1671 3553 ὥσπερ
1704 3482 1738 3552 ἡ
1776 3497 1869 3533 κε-

283 3570 426 3643 φαλὴ
451 3570 545 3623 τοῦ
580 3570 782 3641 μόσχου
814 3570 965 3641 παρὰ
994 3571 1294 3634 Μωῦσὲως,
1328 3572 1360 3640 ἡ
1392 3571 1769 3641 σχεδιασθεῖσα
1793 3572 1869 3643 τῷ

297 3661 532 3734 Ἰσραὴλ,
566 3665 647 3725 εἰς
668 3662 971 3731 ὀνειδισμὸν
1007 3663 1105 3731 τῆς
1137 3662 1505 3735 σκληρότητος
1527 3663 1663 3734 (77).

1974 1756 2075 1797 nec
2108 1744 2174 1797 ad
2202 1755 2421 1800 exteros
2454 1762 2647 1817 magna
2675 1758 2985 1803 nostrorum
3004 1752 3389 1820 mysteriorum
3421 1767 3549 1823 pars

1971 1830 2242 1887 eﬂ‘erenda
2276 1844 2381 1900 est,
2410 1851 2510 1891 nec
2540 1836 2678 1891 ultra
2717 1826 2855 1892 hanc
2906 1849 3118 1894 noctem
3167 1842 3415 1912 purgatio
3442 1843 3552 1899 ulla

1971 1934 2262 1992 superest,
2298 1941 2398 1981 nec
2454 1928 2506 1981 in
2550 1928 2616 1983 iis
2660 1930 2753 1997 qui
2797 1929 2957 1984 Verbi
3016 1933 3307 2001 participes
3361 1934 3543 2000 ﬁunt,

1974 2018 2401 2082 procrastinatio
2433 2017 2647 2072 laudem
2678 2019 2862 2074 habet.
2891 2020 3353 2089 Quemadmodum
3404 2027 3550 2080 enim

1974 2107 2291 2175 praclarum
2326 2125 2391 2163 ac
2454 2110 2563 2165 Deo
2615 2119 2827 2180 gratum
2883 2125 2990 2176 est,
3022 2125 3078 2168 ut
3109 2115 3184 2167 ira
3217 2131 3312 2185 per
3333 2132 3549 2172 omnem

1973 2196 2080 2250 diei
2118 2213 2336 2251 cursum
2371 2200 2595 2256 minime
2624 2205 2804 2268 duret,
2841 2221 3029 2259 verum
3055 2218 3182 2262 ante
3206 2207 3379 2261 solem
3409 2208 3553 2264 occi-

1974 2288 2065 2341 dat
2093 2289 2160 2353 ³⁸,
2195 2291 2310 2343 sive
2358 2291 2408 2344 id
2446 2293 2745 2362 ,temporali
2783 2297 2961 2359 modo,
2990 2298 3105 2352 sive
3129 2300 3424 2368 anagogico
3462 2300 3550 2353 in-

1974 2382 2183 2453 telligas
2214 2388 2336 2451 (nec
2363 2385 2509 2438 enim
2538 2385 2696 2441 nobis
2723 2387 3083 2445 irascentibus
3127 2391 3352 2458 iustitiae
3380 2392 3551 2447 solem

1975 2478 2300 2530 occumbere
2355 2485 2526 2531 tutum
2560 2478 2703 2547 est);
2750 2480 2823 2534 ita
2865 2495 2965 2535 nec
3012 2481 3321 2548 huiusmodi
3366 2495 3550 2538 escam

1972 2576 2314 2636 pernoctare,
2341 2584 2438 2624 nec
2475 2570 2526 2623 in
2554 2577 2829 2638 posterum
2864 2573 3004 2626 diem
3055 2574 3276 2628 recondi
3309 2575 3548 2643 expedit.

1972 2658 2242 2729 Quidquid
2285 2673 2463 2716 autem
2502 2677 2718 2721 osseum
2776 2665 3106 2736 minimeque
3153 2668 3222 2720 ad
3281 2666 3549 2721 edendum

1971 2760 2155 2820 aptum
2187 2762 2270 2806 est
2296 2792 2312 2818 ,
2342 2754 2589 2825 hancque
2629 2757 2893 2812 rationem
2934 2757 3130 2823 habet,
3162 2766 3221 2811 ut
3242 2755 3554 2813 diﬂicillime

1972 2842 2195 2914 intelligi
2219 2856 2405 2915 queat,
2444 2848 2496 2902 id
2529 2865 2630 2904 nec
2662 2851 3030 2920 confringetur
3057 2850 3125 2917 “,
3156 2851 3258 2906 hoc
3277 2849 3547 2914 est,male

1973 2937 2249 2992 dividetur
2298 2949 2462 3008 atque
2514 2941 2847 3012 intelligetur
2901 2942 3081 3014 (mitto
3124 2943 3268 2998 enim
3325 2942 3550 3009 dicere,

1975 3028 2140 3094 quod,
2167 3043 2288 3092 nec,
2320 3040 2580 3097 quantum
2617 3032 2682 3085 ad
2713 3032 3029 3086 historicum
3063 3047 3303 3098 sensum,
3330 3046 3392 3087 os
3415 3030 3546 3087 Jesu

1973 3119 2308 3173 confractum
2340 3129 2442 3185 est,
2475 3123 2635 3192 idque
2662 3139 2785 3179 cum
2812 3123 3096 3179 carnifices
3126 3124 3171 3157 ³⁸
3200 3125 3369 3193 ipsius
3399 3139 3550 3179 mor-

1977 3219 2081 3264 tem
2135 3214 2205 3267 ob
2243 3211 2542 3269 Sabhatum
2594 3215 2975 3288 adurgereut);
3008 3230 3108 3271 nec
3151 3215 3466 3286 projicietur
3496 3223 3554 3272 et

1974 3303 2297 3372 raptabitur,
2330 3320 2397 3360 ne
2440 3298 2636 3361 sancta
2667 3308 2891 3362 canibus
2947 3311 3162 3374 dentur,
3203 3322 3267 3362 ac
3322 3308 3556 3363 scelera-

1978 3392 2045 3447 tis
2081 3391 2239 3446 Verhi
2282 3394 2714 3463 discerptoribus
2739 3437 2754 3462 ,
2782 3397 3237 3464 quemadmodum
3273 3411 3376 3451 nec
3423 3411 3553 3465 por-

1986 3481 2065 3535 cis
2090 3481 2137 3513 ³⁸
2169 3485 2311 3550 quod
2344 3485 2397 3536 in
2437 3483 2611 3537 Verbo
2639 3484 2974 3554 splendidum
3004 3493 3059 3539 et
3097 3500 3404 3556 gemmeum
3444 3494 3550 3551 est,

1977 3588 2165 3628 verum
2190 3575 2310 3643 igne
2342 3574 2679 3639 absumetur,
2708 3591 2816 3645 quo
2837 3586 2893 3630 et
2918 3576 3262 3644 holocausta,
3285 3593 3316 3631 a
3348 3578 3557 3647 Spiritu

1976 3664 2156 3717 omnia
2187 3674 2465 3718 scrutante
2491 3676 2548 3718 et
2575 3664 2785 3720 sciente
2810 3676 3086 3721 attenuata
3111 3677 3168 3722 et
3190 3675 3424 3733 servata,
3443 3682 3555 3723 non

280 3765 462 3810 autem
497 3754 551 3809 in
603 3754 758 3823 aquis
786 3754 1094 3823 pereuntia,
1167 3769 1267 3808 nec
1335 3756 1607 3823 dispersa;
1660 3755 2111 3824 quemadmodum
2181 3754 2334 3809 vituli
2396 3754 2539 3810 illius
2577 3754 2645 3810 ab
2708 3756 2877 3811 Israel
2927 3757 3276 3813 tumultuarie
3322 3756 3556 3815 confecti

282 3855 444 3916 caput
469 3861 499 3900 a
533 3845 717 3916 Moyse
763 3847 816 3900 iu
845 3846 1057 3901 duritiae
1085 3846 1227 3901 illius
1262 3847 1514 3914 probrum
1567 3863 1814 3917 sparsum
1853 3859 1936 3904 est
1958 3848 2027 3902 ³⁷.

355 3936 452 3990 lZ'.
498 3935 683 4001 Ἀξιον
715 3936 771 3990 δὲ
804 3937 939 4008 μηδὲ
972 3938 1063 3991 τὸν
1094 3940 1194 4010 τῆς
1232 3939 1489 4011 βρώσεως
1532 3939 1734 4010 τρόπον
1763 3956 1869 3992 πα-

283 4029 608 4103 ραδραμεῖν,
642 4030 724 4084 ὅτι
761 4031 896 4101 μηδὲ
944 4031 974 4083 ὀ
1015 4033 1199 4103 νόμος,
1230 4032 1357 4102 ἄχρι
1386 4034 1481 4085 καὶ
1519 4031 1733 4112 τούτου,
1767 4033 1867 4103 τὴν

282 4120 521 4192 θεωρίαν
578 4121 884 4191 φιλοπονῶν
952 4123 1011 4177 ὲν
1060 4122 1138 4192 τῷ
1195 4125 1506 4194 γράμματι.
1570 4122 1870 4177 Ἀναλὼσο-

2042 3936 2206 3993 XVII.
2244 3938 2323 3994 Ne
2345 3939 2538 3994 modus
2569 3939 2790 4009 quidem
2839 3941 3274 4005 manducationis
3323 3954 3555 4012 praeter-

1969 4020 2177 4087 eundus
2223 4041 2308 4087 est
2332 4071 2348 4098 ,
2391 4048 2513 4087 cum
2548 4048 2648 4088 nec
2678 4031 2765 4088 lex
2816 4034 2929 4102 ipsa
2968 4047 3091 4089 eum
3121 4036 3549 4104 praetermiserit,

1969 4124 2061 4178 sed
2098 4123 2610 4193 contemplationem
2662 4126 2716 4176 in
2758 4124 2941 4178 verbis
2984 4132 3039 4179 et
3087 4124 3266 4179 littera
3313 4140 3554 4197 eousque

284 4227 387 4283 μεν
415 4209 527 4283 (78)
558 4210 669 4282 γὰρ
699 4204 759 4264 τδ
797 4211 946 4282 θῦμα
982 4212 1123 4266 κατὰ
1148 4212 1404 4284 σπουδὴν,
1430 4212 1527 4264 καὶ
1558 4212 1744 4282 ἄζυμα
1776 4212 1869 4265 ἐπὶ

1978 4217 2351 4272 elaboraverit.
2385 4216 2673 4272 Victimam
2724 4217 2871 4270 enim
2921 4215 3248 4272 festinanter
3295 4220 3552 4274 absume-

280 4302 552 4374 πικρίδων
578 4303 926 4368 συνεσθοντες
958 4304 1092 4375 (79),
1122 4304 1335 4367 καὶτὰς
1361 4303 1570 4373 ὀσφύας
1603 4303 1869 4376 περιεζω-

1978 4323 2114 4371 mus,
2148 4317 2203 4361 et
2233 4323 2455 4379 azymos
2484 4323 2653 4378 panes
2683 4323 2806 4363 cum
2851 4309 3082 4364 lactucis
3111 4310 3416 4377 agrestibus
3446 4287 3554 4366 ’ἶπο-

281 4394 493 4466 σμὲνοι,
518 4394 612 4448 καὶ
647 4394 717 4449 τά
749 4394 1069 4467 ὑποδήματα
1091 4394 1484 4467 περικείμενοι,
1510 4396 1603 4448 καὶ
1624 4395 1863 4467 πρεσϐυ-

1978 4401 2269 4465 medentcs,
2293 4411 2345 4454 et
2369 4401 2566 4455 lumbis
2593 4400 2845 4465 accincti,
2869 4408 2921 4455 et
2944 4401 3323 4457 calceamentis
3353 4402 3555 4458 instru-

278 4485 451 4550 τικῶς
506 4486 962 4559 βακτηρεύοντες.
1008 4487 1167 4541 Κατὰ
1208 4487 1444 4559 σπουδὴν
1494 4487 1617 4558 μὲν,
1658 4487 1746 4540 ἵνα
1797 4487 1869 4559 μὴ

1978 4492 2068 4556 cti,
2097 4507 2161 4546 ac
2189 4493 2447 4562 denique,
2478 4505 2667 4546 senum
2694 4507 2864 4557 more,
2897 4492 3148 4546 baculum
3178 4503 3452 4564 gestantes
3476 4493 3546 4546 ³⁸.

277 4575 547 4647 πάθωμεν
580 4576 721 4648 ὅπερ
755 4577 785 4629 ὀ
809 4574 934 4629 Λὼτ
963 4577 1175 4640 ἐκεῖνος
1195 4575 1572 4646 ἀπηγόρευται
1605 4572 1759 4646 παρὰ
1778 4575 1869 4646 τῆς

1978 4583 2323 4639 Festinanter
2351 4585 2591 4654 quidem,
2620 4599 2688 4640 ne
2718 4583 2772 4638 in
2803 4600 2922 4639 eam
2960 4584 3175 4654 culpam
3222 4585 3549 4654 incidamus,

356 4736 401 4769 ³⁸
431 4736 563 4793 Luc.
603 4753 704 4801 xu,
734 4735 826 4796 49.
912 4738 956 4770 ³¹
985 4738 1157 4794 Exod.
1180 4753 1277 4801 xu,
1308 4737 1362 4792 8.
1439 4737 1484 4768 ³¹
1513 4736 1645 4792 ibid.
1676 4736 1766 4792 10.
1841 4738 1869 4769 ³έ

1978 4738 2117 4804 pnes.
2154 4752 2231 4804 ιν,
2263 4736 2354 4793 26.
2447 4738 2494 4771 ⁸⁵
2532 4737 2705 4792 Exod.
2729 4752 2831 4803 xu,
2870 4735 2958 4792 16.
3036 4739 3082 4772 ³⁸
3110 4737 3267 4793 Joan.
3293 4753 3406 4804 xix,
3456 4739 3549 4794 55.

277 4807 330 4843 ⁸⁸
360 4806 546 4862 Matth.
576 4823 676 4872 γη,
708 4807 764 4863 6.
867 4808 910 4840 ⁸⁷
939 4807 1112 4863 Exod.
1141 4823 1314 4874 xxxii,
1337 4811 1400 4864 19
1427 4823 1549 4878 sqq.
1626 4806 1671 4839 ³⁸
1708 4808 1883 4863 Exod.
1912 4823 2014 4873 xu,
2039 4808 2073 4862 ὅ
2103 4823 2224 4878 sqq.

353 4920 464 4998 (ξὲ)
501 4922 651 4998 131⁷16⁸
665 4923 908 4998 Ρδαρέςο
947 4924 1083 4998 lex;-
1116 4924 1236 4996 μηδ’
1269 4923 1558 4998 ὑδαρῶδες-

353 4928 464 4992 (δι)
501 4928 651 4991 Μησ
673 4928 908 4993 ὑδαρὲς.
947 4928 1083 4982 Jes..
1116 4928 1236 4996 μηδ’
1269 4928 1558 4998 ύδαρῶδες.

351 4992 446 5060 (65
510 4994 631 5048 'Ar.
661 4993 823 5049 Deest
844 4996 897 5048 in
921 5011 1015 5050 sex
1046 4995 1214 5066 Regg.
1243 5007 1298 5050 et
1322 4996 1416 5053 0r.
1447 4996 1501 5050 1.

351 5062 443 5131 (66
505 5061 713 5130 Ὀλος.
745 5064 838 5119 Or.
868 5064 920 5127 1.
953 5064 1110 5129 ὅλως.

353 5132 441 5205 (67
518 5132 889 5205 Ἐντοσθίων.
920 5134 1083 5205 Coisl.
1118 5135 1172 5201 2,
1200 5134 1399 5205 aliique
1426 5136 1693 5202 nonnulli,
1719 5138 1857 5193 ἐντο-

1978 4929 2078 4993 ed.,
2103 4928 2492 4981 διανυκτεύειν.

2039 4996 2150 5064 (75)
2196 4998 2306 5053 Τοῦ
2349 5000 2492 5065 Ἰησι

2036 5059 2150 5138 (74)
2181 5066 2354 5122 Οὐδέ.
2388 5067 2481 5122 Or.

2037 5138 2149 5205 (75)
2186 5138 2492 5205 Περισυρήι

2039 4996 2150 5071 (Ῑὸ)
2196 4997 2573 5071 ΤοᾷῇΙῃσοῦ.
2604 4997 2658 5071 In
2689 4997 2981 5064 nonnullis,
3011 4998 3073 5051 τὸ
3111 4998 3309 5071 Ἰησοῦ.

2036 5059 2150 5138 (74)
2181 5066 2354 5122 Οὐδέ.
2388 5059 2481 5122 Or.
2512 5070 2560 5129 1,
2600 5067 2744 5138 οὔτε.
2967 5059 2977 5064 '
3174 5059 3185 5071 -
3314 5072 3317 5075 ν

2037 5138 2149 5214 (76)
2186 5137 2807 5214 ζΙςρισιξρήᾳεςᾳω-Οτ.
2842 5139 2896 5214 1,
2931 5141 3362 5214 περισυρίσεται.

2037 5206 2150 5285 (76)
2194 5206 2278 5274 Τῷ
2305 5206 2525 5285 repleri.
2555 5209 2646 5285 S_ic
2679 5207 2847 5285 [ξοδδ.
2882 5206 3345 5280 ὺιιι,’ριι,ἰιονεηι
3366 5215 3545 5285 Colb.,

351 5061 466 5131 (66)
505 5061 713 5130 Ὀλος.
745 5064 838 5119 Or.
868 5064 920 5127 1.
953 5064 1110 5129 ὅλως.

353 5132 466 5205 (67)
518 5132 889 5205 Ἐντοσθίων.
920 5134 1083 5205 Coisl.
1118 5135 1172 5201 2,
1200 5134 1399 5205 aliique
1426 5136 1693 5202 nonnulli,
1719 5138 1857 5193 ἐντο-

278 5200 521 5256 σθιδίων.
557 5201 652 5258 Or.
684 5206 738 5268 1,
773 5204 1079 5260 ὲνδοσθίων.

810 5274 955 5348 Reg:
982 5276 1093 5341 but,
1129 5275 1397 5348 azpécov._

1978 5272 2181 5345 Coinb.,
2205 5272 2310 5348 etc.
2342 5279 2396 5332 In
2437 5280 2545 5339 ed.,
2573 5272 2618 5345 ᾧ
2638 5278 2732 5331 καὶ

504 5342 1056 5428 ξρρκῴσεωςξῐῖεε.
1086 5342 1194 5428 bm',
1219 5346 1451 5428 σαρκός.
1511 5416 1550 5428 __
1729 5419 1742 5428 _

1978 5417 2000 5428 κ
2036 5342 2306 5428 (Tityi;
2335 5342 2772 5428 σκληρότητος.
2806 5347 2897 5403 Sic
2945 5352 3181 5423 quinque
3209 5354 3397 5428 Regg.,
3434 5367 3544 5418 etc.

443 5274 467 5484 ξ

352 5272 374 5493 l

378 5413 932 5511 79).’ξςοξσομεν...
960 5413 1447 5511 iurgiosa”.
1511 5416 1643 5488 Reg.
1690 5419 1762 5488 ph
1812 5429 1867 5475 et

1978 5413 2330 5511 Dem;
2359 5424 2449 5511 9‘!-

272 5477 454 5538 COisl.
481 5483 531 5548 l,
561 5477 925 5607 éEotaw'ﬁev...
960 5477 1398 5558 καταλείψωμεν.

355 5551 470 5607 (71)
506 5555 730 5607 Καλόν.
808 5555 1013 5607 onnulli
1041 5556 1269 5607 addunt.
1298 5573 1380 5607 τε.

382 5551 439 5605 71
506 5555 730 5609 Καλόν.
759 5551 1013 5608 Nonnulli
1041 5551 1380 5621 μάύυὴιξτε.

351 5551 485 5695 (⁵12)
527 5625 1032 5695 Διανυκτερεύειν.
1074 5626 1168 5683 Sic
1211 5625 1344 5695 Reg.

527 5625 1032 5696 Διανυκτερεύειν.
1074 5626 1168 5683 Sic
1211 5625 1344 5698 Reg.
1388 5628 1459 5698 ph
1502 5636 1557 5683 et
1579 5626 1673 5683 Or.
1714 5626 1766 5683 1.
1807 5624 1864 5684 ln

2034 5489 2148 5559 (78)
2201 5487 2636 5565 Ἀναλὼσομενο
2663 5487 2753 5545 Sic
2775 5500 3008 5560 quatuor
3046 5492 3211 5565 Regg.
3257 5496 3381 5563 Alii,
3412 5498 3545 5552 ἀνα-

1961 5557 2245 5629 λώσωμεν,
2277 5560 2434 5612 male.

2034 5628 2147 5701 (79)
2186 5630 2615 5693 Συνέσθοντες.
2644 5628 2857 5700 Comb.,
2887 5628 3153 5696 ἔσθοντες.
