3898 6222
398 270 501 324 647
1627 258 1684 313 S.
1725 253 2054 312 GREGORII
2092 252 2441 310 THEOLOGI
3575 254 3704 308 653

404 401 429 440 ι
460 397 567 455 qua
596 381 695 437 Lot
723 380 904 435 divino
923 376 1208 432 interdicto
1229 375 1594 439 avocabatur;
1629 387 1697 428 ne
1729 373 1938 428 circum

2165 369 2296 439 ηολῆς
2315 386 2329 399 ·
2359 369 2434 440 μὴ
2459 367 2936 440 περιϐλεψώμεθα,
2964 367 3037 438 μὴ
3061 369 3276 439 στῶμεν
3302 371 3358 423 ὲν
3378 370 3533 442 πάσῃ
3566 371 3704 439 (80)

401 475 710 546 .piciamus,
738 485 804 526 ne
830 479 1035 526 stemus
1059 470 1112 522 in
1139 468 1288 523 omni
1324 464 1749 534 circumjacente
1798 463 1940 533 regio

2169 460 2464 531 περιχώρῳ
2487 477 2501 492 ο
2533 461 2614 523 είς
2635 461 2698 512 τὸ
2723 460 2850 532 ὅρος
2876 461 3249 530 ἀποσωθῶμεν
3269 462 3402 531 (81),
3431 464 3508 534 μὴ
3550 481 3708 532 συμ-

403 578 512 626 ne;
558 562 611 615 in
667 570 902 614 montem
930 597 945 622 ,
992 557 1182 610 salutis
1234 569 1426 616 eausa,
1461 553 1862 623 confugiamus,
1909 565 1940 602 n

2166 550 2526 624 ραληφθῶμεν
2561 550 2639 623 τῷ
2668 552 2999 624 Σοδομιτικῴ
3041 555 3134 606 καὶ
3177 553 3314 625 ξένῳ
3349 556 3508 624 πυρὶ,
3551 555 3703 624 μηδ.

402 649 567 722 859
589 649 920 705 Sodomitico
955 646 1043 701 illo
1070 655 1124 700 et
1147 645 1406 699 inusitato
1442 644 1566 713 igne
1599 643 1765 698 simul
1808 641 1941 696 invol

2168 665 2169 670 η
2213 643 2415 714 στήλην
2457 644 2584 708 ἁλὸς
2647 645 2935 715 παγῶμεν,
2973 647 3038 698 ἐκ
3099 647 3198 716 τῆς
3249 646 3342 698 ἐπὶ
3389 647 3450 699 τὺ
3488 650 3707 716 χεῖρον

408 759 613 808 damur,
646 757 747 796 nec
777 750 997 810 propter
1019 747 1260 792 nostram
1300 737 1353 789 in
1395 736 1636 790 deterius
1658 735 1947 790 conversio

2170 738 2438 808 στροφῆς,
2487 739 2623 808 ὅπερ
2654 738 2948 808 ἐργάζεται
3001 737 3275 810 μέλλησις.
3323 739 3443 792 Ἐπὶ
3487 740 3550 792 δὲ
3602 755 3709 790 πι-

407 849 552 901 nem,
581 849 703 902 qua:
730 848 795 887 ex
826 829 1171 885 cunctatione
1205 828 1355 882 nasci
1393 828 1551 891 solet,
1594 827 1646 881 in
1699 827 1830 881 salis
1872 836 1946 882 sta

2168 826 2304 890 ἶδων,
2361 826 2451 879 διὰ
2502 826 2565 878 τὸ
2623 826 2819 897 πικρὸν
2861 825 2954 879 τοῦ
3007 826 3150 879 κατὰ
3197 826 3329 880 Θεὸν
3381 827 3522 897 βίου,
3593 827 3707 881 καὶ

407 939 550 977 uuam
587 935 1003 976 concrescamus
1039 918 1106 970 ³⁹.
1147 917 1281 969 Cum
1333 915 1563 970 lactucis
1614 924 1794 970 autem
1824 929 1946 984 agre

2168 917 2404 981 ὁσαντες,
2461 920 2574 981 τοῖς
2623 918 2945 988 ἀρχομένοις
2996 917 3250 989 μάλιστα,
3315 920 3408 972 καὶ
3467 918 3707 990 ἡδονῶν

401 1013 583 1069 tatibus
600 1012 668 1077 ⁸ο,
698 1012 956 1080 quoniam
984 1008 1090 1061 vita
1127 1007 1324 1060 divina:
1361 1006 1460 1076 legi
1491 1015 1882 1071 consentanea,
1914 1005 1940 1058 ii

2169 1006 2436 1077 ηλότερον.
2475 1007 2538 1060 Εἰ
2559 1006 2666 1080 γὰρ
2703 1008 2798 1059 καὶ
2821 1007 3056 1078 χρηστὸς
3079 1010 3107 1059 6
3135 1008 3251 1071 νέος
3285 1005 3466 1077 ζυγὸς,
3492 1009 3603 1062 καὶ
3637 1008 3708 1062 τὸ

404 1102 706 1174 praesertim
732 1101 824 1170 qui
861 1099 1148 1168 incipiunt,
1181 1097 1374 1151 acerba
1407 1105 1460 1151 et
1501 1097 1666 1151 ardua
1700 1106 1805 1164 est,
1831 1097 1943 1151 volu

2164 1097 2304 1169 ρτίον
2334 1097 2588 1167 ἐλαφρὸν,
2615 1098 2802 1170 ὥσπερ
2827 1097 3046 1161 ἀκούεις
3068 1116 3080 1128 ·
3108 1098 3246 1151 ἀλλὰ
3271 1099 3358 1152 διὰ
3383 1100 3484 1169 τὴν
3516 1098 3703 1152 ἑλπί-

403 1195 748 1264 ptatibusque
769 1193 1073 1247 sublimior.
1099 1191 1237 1244 Nam
1275 1191 1376 1244 etsi
1415 1205 1611 1243 novum
1644 1189 1831 1259 jugum
1858 1204 1942 1244 sua

2186 1189 2342 1242 τοῦτο
2371 1189 2464 1242 καὶ
2495 1188 2593 1259 τὴν
2627 1189 2913 1253 ἀντίδοσιν,
2948 1187 3127 1258 πολλῷ
3159 1189 3261 1258 τῆς
3297 1189 3534 1242 ἐνταῦθα
3583 1207 3707 1241 κα.-

411 1307 468 1345 σ⁷θ
500 1299 606 1353 031,
647 1300 702 1342 et
727 1303 862 1343 onus
903 1287 1040 1350 leve,
1071 1297 1131 1340 ut
1163 1301 1228 1339 ex
1281 1283 1563 1352 Scriptura
1621 1285 1778 1338 audis
1805 1285 1884 1350 lu;
1933 1283 1946 1338 i

2167 1281 2382 1345 παθείας
2431 1277 2598 1335 οὖσαν
2630 1281 3023 1352 δαψιλεστέραν
3045 1298 3058 1310 ·
3094 1283 3216 1334 ἐπεὶ
3258 1282 3432 1344 ἄλλως
3469 1299 3560 1348 γε,
3607 1282 3706 1344 τίς

405 1393 583 1436 tamen
634 1389 854 1451 pr0pter
886 1395 1034 1448 spem
1078 1378 1138 1431 lit
1183 1393 1246 1433 ac
1299 1378 1633 1441 mercedem,
1668 1376 1831 1447 hujus
1863 1379 1944 1429 vit:

2169 1391 2186 1425 ι
2213 1372 2278 1428 ἂν
2319 1373 2482 1438 εἴποι,
2515 1373 2651 1426 πολὺ
2679 1373 2789 1427 τῶν
2814 1375 3053 1445 νομικῶν
3086 1373 3384 1438 διατάξεων
3415 1373 3475 1427 τὸ
3503 1375 3708 1441 E017-

402 1473 668 1528 molestiis
709 1482 764 1527 et
812 1472 1070 1526 aerumnis
1122 1470 1284 1540 longe
1347 1470 1656 1524 uberiorem
1712 1485 1726 1523 :
1780 1467 1941 1538 alioqt

2162 1467 2264 1518 λιον
2308 1464 2710 1536 ἐργωδέστερον
2748 1461 2887 1520 εἶναι
2943 1467 3038 1520 καὶ
3084 1466 3520 1538 μοχθηρότερον;
3572 1466 3701 1520 Τοῦ

400 1565 548 1618 enim
578 1563 700 1633 quis
733 1577 835 1616 non
863 1561 1211 1630 Evangelium
1239 1558 1506 1627 legalibus
1533 1558 1823 1628 praeceptis
1849 1573 1938 1612 mu

2167 1575 2196 1629 ρ
2229 1557 2397 1628 νόμου
2441 1557 2508 1612 τὰ
2542 1557 2671 1629 τέλη
2701 1558 2810 1612 τῶν
2843 1559 2957 1628 (82)
2992 1559 3407 1631 ἁμαρτημάτων
3437 1559 3703 1612 κωλύον-

405 1666 460 1711 ιο
488 1654 812 1710 laboriosius
847 1665 1006 1722 atque
1033 1653 1394 1707 :erumnosius
1428 1665 1552 1706 esse
1580 1650 1826 1705 dixerit?
1851 1649 1944 1704 Nat

2163 1668 2201 1712 ;,
2234 1651 2396 1720 ἡμεῖς
2433 1649 2653 1713 καὶτὰς
2683 1651 2882 1716 αἰτίας,
2904 1651 2980 1714 ώς
3010 1651 3236 1721 πράξεις
3273 1652 3478 1722 σχεδὸν,
3510 1654 3702 1720 ἐγκα-

405 1761 527 1800 cum
552 1745 636 1799 lex
672 1753 1010 1815 peccatorum
1059 1745 1326 1798 duntaxat
1361 1741 1522 1801 ﬂues.
1547 1741 1851 1810 prohibeat,
1888 1757 1944 1795 nt

2160 1739 2349 1811 ύμεθα.
2387 1742 2469 1794 Οὐ
2487 1742 2832 1810 μοιχεύσεις
2859 1741 2992 1811 (83),
3027 1743 3190 1812 φησὶν
3217 1743 3246 1794 6
3279 1741 3442 1812 νόμος
3463 1759 3475 1770 ·
3509 1744 3578 1795 σὺ
3607 1742 3699 1808 δὲ,

407 1838 491 1892 bis
525 1837 657 1905 ipsa:
712 1837 879 1891 etiam
933 1849 1128 1900 causae,
1183 1834 1570 1903 propemodum
1613 1842 1670 1886 ut
1722 1834 1946 1886 actiones

2161 1838 2212 1890 δὲ
2249 1837 2629 1909 ἐπιθυμήσεις,
2673 1838 2737 1891 ὲκ
2770 1839 3062 1910 περιέργου
3093 1838 3220 1902 θέας
3259 1843 3355 1892 καὶ
3387 1838 3700 1907 φιλοπόνου

405 1929 618 1984 crimini
669 1937 974 1982 vertuntur.
1010 1925 1133 1980 Non
1177 1923 1498 1978 adulterium
1546 1925 1869 1980 committes.
1903 1923 1944 1975 ir

2164 1931 2305 1999 ἐγών
2345 1931 2405 1982 τὸ
2440 1929 2615 1993 πάθος
2649 1928 2781 2000 (84).
2819 1933 2902 1984 Οὐ
2948 1932 3288 1999 φονεύσεις,
3328 1932 3574 1993 ἐκεῖνος·
3626 1931 3699 1983 σὺ

408 2021 526 2090 quit
578 2019 658 2074 lex
689 2021 736 2052 ⁸³
767 2035 782 2073 :
811 2029 866 2073 at
901 2029 980 2082 tu,
1041 2033 1109 2072 ne
1161 2017 1518 2086 concupisces
1546 2016 1765 2083 quidem
1799 2013 1868 2078 “,
1923 2029 1947 2068 ε

2164 2022 2320 2080 χοὺδὲ
2365 2021 2734 2094 ἀντιπλήξεις,
2767 2022 2905 2075 ἀλλὰ
2949 2023 3041 2074 καὶ
3087 2024 3310 2075 σεαυτὸν
3350 2021 3703 2094 ὲμπαρὲξεις

409 2112 624 2167 curioso
650 2128 712 2166 ac
747 2109 988 2166 Studioso
1011 2109 1260 2164 contuitu
1297 2108 1465 2161 animi
1507 2106 1764 2160 allectum
1803 2106 1948 2159 incer

2162 2135 2167 2160 ι
2221 2111 2454 2166 παίοντι.
2490 2113 2654 2166 Ὅσον
2703 2111 2873 2165 ταῦτα
2906 2113 3129 2166 ἐκείνων
3167 2113 3276 2185 (85)
3318 2112 3701 2182 φιλοσοφώτε-

407 2205 561 2258 dens.
599 2203 720 2257 Non
745 2203 970 2267 occides,
1009 2203 1085 2254 ait
1109 2200 1197 2255 illa
1221 2199 1267 2230 “
1297 2217 1310 2252 :
1339 2209 1394 2253 at
1427 2207 1506 2263 tu,
1555 2213 1622 2252 ne
1643 2238 1656 2264 ,
1691 2198 1736 2252 si
1777 2195 1942 2250 foriar

2159 2207 2191 2258 ,ί
2225 2206 2346 2258 Οὐκ
2379 2205 2784 2274 ἐπιορκήσεις,
2817 2208 3023 2268 ἐκεῖνος
3042 2224 3055 2237 ·
3085 2207 3149 2259 σὺ
3175 2206 3232 2259 δὲ
3265 2206 3397 2277 (86),
3425 2207 3550 2260 οὐδὲ
3572 2209 3698 2277 ὁμῇ

406 2297 650 2366 quidem,
683 2295 904 2349 ret'eries
936 2293 1001 2361 "",
1029 2293 1160 2362 quin
1193 2291 1374 2361 potius
1397 2289 1720 2359 percutienti
1755 2290 1945 2356 teipsui

2163 2315 2190 2350 ν
2220 2297 2415 2369 ἀρχὴν,
2446 2298 2506 2350 οὐ
2545 2298 2762 2368 μικρὸν,
2799 2300 2859 2350 οὐ
2896 2299 3102 2369 μεῖζον,
3132 2298 3208 2362 ὡς
3251 2299 3345 2352 τοῦ
3385 2301 3553 2370 ὅρκου
3588 2301 3699 2370 τὴν

406 2401 668 2455 expones.
696 2385 908 2452 Quanto
943 2386 1159 2438 tandem
1199 2385 1312 2437 haac
1336 2382 1439 2436 illis
1466 2382 1828 2450 sapientiora!
1865 2379 1945 2433 Nc

2158 2389 2381 2458 τιορκίαν
2409 2388 2704 2451 τίκτοντος.
2735 2391 2816 2443 Οὐ
2846 2388 3150 2457 συνάψεις
3182 2390 3380 2442 οὶκίαν
3416 2390 3570 2458 πρὸς
3606 2393 3697 2443 οὶ-

407 2475 686 2547 pejerabis,
714 2478 891 2545 inquit
923 2475 1009 2530 illa
1033 2476 1081 2506 “
1110 2492 1125 2529 :
1169 2484 1225 2528 at
1255 2483 1333 2539 tu,
1368 2475 1584 2543 penitus
1615 2489 1715 2528 nec
1754 2472 1946 2544 jurabi:

2158 2499 2254 2547 αν,
2309 2483 2538 2547 ἐκεῖνος,
2580 2483 2679 2536 καὶ
2728 2483 2913 2553 ἀγρὸν
2955 2485 3106 2552 πρὸς
3137 2485 3343 2555 ἀγρὸν,
3385 2487 3697 2539 καταδυνα-

409 2585 510 2625 nec
540 2585 789 2639 parvum,
823 2583 920 2623 nec
953 2566 1312 2637 magnum";
1350 2567 1497 2635 quod
1533 2566 1746 2620 scilicet
1783 2581 1849 2620 ex
1905 2566 1948 2635 jr

2162 2574 2302 2626 εύων
2327 2573 2421 2627 τοῦ
2452 2575 2684 2646 πένητος
2703 2593 2718 2606 ο
2757 2577 2821 2629 σὺ
2847 2575 2926 2639 δὲ,
2966 2575 3218 2648 ἀποθήσῃ
3247 2577 3340 2628 καὶ
3363 2577 3432 2629 τά
3457 2577 3695 2640 δικαίως

411 2670 657 2715 ramento
703 2659 997 2730 perjurium
1039 2671 1317 2714 nascatur.
1367 2657 1492 2713 Non
1533 2658 1731 2727 junges
1779 2658 1950 2710 domu:

2155 2663 2365 2733 ἠθέντα
2416 2665 2736 2737 προθύμως,
2769 2668 2864 2720 καὶ
2903 2666 3239 2740 γυμνωθήσῃ
3286 2670 3398 2731 τοῖς
3435 2670 3694 2738 πένησιν,

410 2770 529 2807 cum
545 2753 722 2820 domo,
749 2753 825 2807 ait
853 2753 966 2817 illa,
998 2769 1092 2806 nec
1121 2769 1309 2822 agrum
1339 2768 1458 2805 cum
1479 2768 1608 2820 agro
1640 2751 1709 2815 ⁸⁸,
1741 2751 1949 2820 tyranni

2158 2771 2183 2806 ι
2212 2754 2432 2822 κούφως
2453 2756 2546 2810 τὸν
2575 2758 2807 2829 σταυρὸν
2841 2757 3024 2830 αίρῃς,
3047 2759 3144 2812 καὶ
3177 2758 3491 2832 πλουτήσῃς
3517 2759 3586 2812 τὰ
3615 2758 3697 2829 μὴ

411 2849 479 2900 de.
500 2861 788 2916 pauperem
816 2845 1128 2915 opprimeus
1155 2862 1169 2899 :
1202 2855 1259 2899 at
1299 2856 1376 2912 tu,
1401 2846 1588 2900 libenti
1615 2844 1996 2912 animo,justis
2095 2846 2372 2918 ὁρώμενα.

411 2938 574 2993 etiam
609 2937 907 2992 rationibus
933 2935 1190 3004 quaesitas
1231 2951 1365 3006 opes
1399 2935 1644 2992 excuties
1669 2974 1684 2998 ,
1715 2943 1885 3003 atque
1935 2935 1988 2989 in
2031 2921 2332 3005 pauperum
2397 2937 2698 2993 subsidium
2750 2940 3071 3009 spolianerns
3096 2940 3164 3007 δν,
3221 2951 3278 2996 ut
3316 2940 3509 2997 leviter
3563 2958 3697 2997 cru-

412 3051 532 3091 cem
565 3033 718 3090 tollas
753 3033 1077 3103 divitiasque
1100 3033 1169 3086 ab
1202 3037 1424 3098 aspectu
1467 3038 1704 3082 remotas
1734 3027 2068 3095 assequaris.

487 3125 678 3181 XVIII.
725 3124 844 3180 Jam
898 3124 1114 3186 lumbi,
1158 3121 1320 3175 mutis
1358 3119 1574 3189 quidem
1630 3117 2026 3172 animantibus

2173 3115 2281 3171 lH’.
2334 3117 2534 3186 Ὀσφὺς
2554 3117 2631 3184 δὲ,
2669 3122 2783 3183 τοῖς
2810 3123 2909 3192 μὲν
2939 3142 3174 3194 αΛογοις,
3205 3127 3392 3191 ἄνετος
3425 3127 3569 3182 ἔστω
3600 3130 3701 3184 καὶ

410 3214 630 3269 remissi
655 3228 719 3267 ac
746 3212 906 3266 soluti
938 3211 1116 3265 sint”
1151 3227 1164 3263 :
1212 3223 1388 3277 neque
1421 3210 1566 3262 enim
1598 3206 1704 3261 illis
1740 3207 1883 3260 inest
1904 3220 1949 3259 re

2161 3212 2320 3272 ἱετος·
2352 3211 2471 3263 οὐδὲ
2510 3211 2620 3282 γὰρ
2665 3213 2822 3282 λόγον
2852 3215 3054 3286 ἔχουσι,
3090 3219 3180 3272 τὸν
3216 3221 3526 3292 κρατοῦντα
3586 3222 3700 3276 τῶν

415 3307 514 3368 tio,
537 3319 658 3375 quae
679 3301 1046 3372 voluptatibus
1073 3301 1337 3367 imperet;
1367 3312 1678 3367 quanquam
1715 3296 1833 3350 haec
1856 3312 1954 3364 quo

2160 3301 2305 3354 ἰονῶν
2324 3317 2336 3329 ·
2368 3301 2522 3357 οὔπω
2553 3303 2714 3370 λέγω,
2746 3307 2828 3358 ὅτι
2856 3309 3084 3362 κάκεῖνα
3116 3311 3240 3382 ὅρον
3268 3308 3376 3364 οἶδε
3400 3314 3502 3384 τῆς
3531 3330 3667 3383 φυσι
3687 3347 3699 3354 -

414 3411 522 3465 que
569 3404 750 3449 motus
801 3393 1062 3447 naturalis
1119 3390 1466 3460 libidinisque
1507 3391 1724 3443 modum
1775 3403 1946 3441 norun

2162 3394 2210 3462 ig
2243 3394 2550 3463 κινήσεωςο
2583 3396 2665 3446 σοὶ
2695 3395 2788 3449 καὶ
2827 3398 3234 3454 ἁναστελλέσθω
3267 3401 3412 3476 ζώνῃ
3460 3405 3554 3456 κα).
3592 3421 3701 3456 σω-

416 3487 538 3541 Tibi
573 3494 753 3540 autem
784 3499 882 3554 per
906 3499 1102 3538 zonam
1155 3497 1220 3537 ac
1253 3481 1670 3550 temperantiam
1705 3479 1955 3549 restriug:

2162 3483 2350 3556 ροσύνῃ
2378 3484 2489 3555 (87)
2520 3485 2580 3537 τὸ
2609 3487 3003 3559 ἐπιθυμητικὸν
3030 3493 3124 3545 καὶ
3152 3494 3564 3564 χρεμετιστικὸν
3602 3496 3701 3565 (ώς

419 3590 508 3632 ιιιι·
538 3592 664 3647 pars
695 3576 806 3641 illa,
836 3591 957 3645 qua:
1002 3575 1225 3630 libidine
1256 3582 1472 3637 aestuat,
1513 3587 1574 3626 ac
1607 3571 1754 3624 velut
1807 3571 1958 3625 hinni

2174 3575 2294 3630 θεία
2323 3576 2437 3649 [88]
2472 3579 2606 3650 φησὶ
2633 3580 2846 3651 Γραφὴ,
2877 3583 2937 3636 τὸ
2966 3585 3058 3638 τοῦ
3092 3586 3297 3650 πάθους
3320 3587 3544 3657 αἰσχρὸν
3577 3587 3702 3640 δια-

419 3683 534 3724 tum
563 3669 676 3724 edit
699 3670 741 3700 ³¹
771 3670 919 3739 (nam
955 3667 1058 3721 hoc
1088 3668 1256 3720 verbo
1281 3665 1563 3734 Scriptura
1591 3703 1606 3727 ,
1659 3661 1818 3729 hujus
1863 3662 1958 3716 aﬂ'e

2163 3665 2392 3738 ὄρουσα),
2431 3668 2518 3722 ἵνα
2559 3668 2816 3742 καθαρῶς
2858 3675 3046 3746 ἐσθίῃς
3074 3676 3134 3729 τὸ
3173 3678 3381 3747 Πάσχα,
3416 3677 3702 3748 νεκρώσας

419 3772 540 3816 ctus
572 3760 958 3830 turpitudinem
993 3760 1298 3827 exagitans,
1337 3756 1528 3826 utitur)
1557 3773 1572 3821 ;
1607 3765 1690 3820 ut,
1717 3757 1958 3808 Inortilic:

2162 3759 2178 3806 ι
2230 3755 2367 3826 μέλη
2423 3757 2494 3810 τὰ
2539 3758 2631 3812 ἐπὶ
2675 3761 2775 3832 τῆς
2801 3762 2927 3832 γῆς,
2965 3767 3058 3818 καὶ
3094 3766 3192 3836 τὴν
3235 3768 3482 3821 Ἰωάννου
3519 3768 3701 3838 ζώνην

427 3856 494 3910 tis
550 3854 812 3908 membris
839 3892 856 3918 ,
909 3869 1028 3923 qua:
1079 3862 1206 3907 sunt
1253 3865 1415 3919 super
1453 3859 1654 3904 terram
1691 3848 1762 3915 δ’,
1790 3847 1964 3902 Pasch

2161 3849 2468 3921 ιμούμενος,
2497 3852 2589 3905 τοῦ
2632 3855 2924 3926 ὲρημικοῦ,
2967 3859 3061 3911 καὶ
3096 3860 3427 3932 προδρόμου,
3465 3861 3559 3914 καὶ
3598 3879 3700 3932 με·

420 3961 556 4016 pure
576 3944 852 4009 comedas,
884 3943 1111 3999 solitarii
1173 3943 1316 3997 illius
1358 3941 1580 3996 Joannis
1617 3950 1672 3995 et
1699 3955 1959 4010 praecursc

2160 3940 2280 3993 ﬂou
2309 3942 2409 4012 τῆς
2441 3942 2698 4013 ἀληθείας
2721 3947 2982 4017 κήρυκος.
3018 3945 3146 4002 Οἶδα
3173 3950 3269 4003 καὶ
3297 3949 3474 4020 ζώνην
3507 3949 3699 4021 ἄλλην,

420 4039 500 4093 ris
531 4037 600 4104 ⁸⁸,
640 4037 930 4106 magnique
957 4035 1200 4090 veritatis
1235 4034 1520 4104 prmconis,
1552 4031 1959 4100 praecinctionel

2162 4053 2210 4104 1v
2233 4038 2629 4108 στρατιωτικὴν
2658 4038 2802 4107 λέγω
2836 4042 2930 4093 καὶ
2961 4041 3240 4113 ἀνδρικὴν,
3273 4043 3394 4096 καθ’
3416 4045 3481 4113 ἣν
3512 4043 3701 4108 Εὖζω-

421 4130 662 4185 imitans.
694 4129 800 4183 Sed
829 4137 882 4182 et
908 4127 1069 4181 aliam
1101 4141 1297 4180 zonam
1329 4126 1477 4189 novi,
1513 4125 1769 4178 nimirum
1799 4123 1960 4176 milita

2166 4144 2192 4177 tl.
2228 4126 2426 4198 Συρίας
2455 4128 2548 4181 καὶ
2575 4129 2881 4193 Μονόζωνοί
2904 4150 3045 4195 τινες
3061 4132 3416 4204 ὀνομάζονται
3443 4151 3454 4166 ·
3489 4135 3611 4187 καθ’
3638 4137 3705 4205 ἢν

422 4237 536 4276 rem
567 4231 621 4277 et
647 4221 878 4283 virilem,
914 4220 1066 4289 juxta
1096 4233 1258 4288 quam
1291 4217 1494 4271 Euzoni
1526 4215 1697 4286 Syriae
1723 4223 1778 4269 et
1816 4214 1961 4268 Monc

2167 4217 2207 4267 tl
2251 4217 2328 4286 τῷ
2372 4218 2492 4270 Ἰὼϐ
2531 4223 2882 4292 χρηματίζων
2912 4228 3076 4296 φησὶν
3113 4228 3141 4278 6
3173 4225 3306 4290 Θεὸς
3330 4244 3342 4256 ·
3379 4225 3498 4294 Μὴ,
3539 4227 3706 4282 ἀλλὰ

423 4314 546 4368 zoni
565 4313 781 4382 quidam
812 4312 1164 4365 nominantur
1183 4309 1265 4373 “;
1291 4323 1356 4362 ac
1387 4309 1528 4363 Deus
1562 4308 1676 4376 ipse
1704 4305 1898 4361 Jobum
1927 4322 1955 4358 a

2168 4308 2291 4363 ὅσαι
2315 4311 2517 4380 ὥσπερ
2548 4314 2703 4382 ἀνὴρ
2726 4314 2840 4383 τὴν
2865 4318 3065 4386 ὀσφύν
3089 4335 3228 4382 σου,
3255 4321 3348 4372 καὶ
3369 4319 3456 4382 δὺς
3478 4318 3707 4390 ἀπόκρι-

421 4407 650 4476 loquens
685 4423 698 4458 :
732 4403 1077 4475 Nequaquam
1099 4441 1115 4467 ,
1159 4401 1334 4470 inquit
1365 4401 1434 4466 ⁵⁵,
1470 4417 1647 4455 verum
1695 4399 1905 4470 accinge
1950 4416 1960 4452 ι

2166 4419 2201 4453 ,ν
2224 4403 2482 4476 ἀνδρικήν
2505 4421 2520 4435 ’
2555 4408 2620 4478 ἣν
2649 4407 2744 4460 καὶ
2777 4409 2805 4460 6
2831 4409 2972 4472 θεῖος
2997 4410 3160 4463 Δαὸὶδ
3189 4411 3299 4480 (89)
3331 4410 3705 4482 περιεζῶσθαι

421 4501 501 4553 uir
545 4498 751 4551 luntbos
794 4507 936 4558 tuos,
966 4504 1020 4549 et
1071 4495 1138 4548 da
1197 4508 1520 4562 responsum
1567 4492 1754 4558 virile;
1813 4492 1960 4562 quibi

2165 4492 2339 4546 ivautv
2371 4498 2432 4549 ὲκ
2457 4497 2593 4550 Θεοῦ
2624 4499 2977 4572 μεγαλαυχεί,
3006 4500 3211 4557 καὶτὸν
3238 4503 3371 4556 Θεὸν
3400 4503 3512 4574 (90)
3538 4504 3704 4557 αὑτὸν

501 4675 545 4708 ³⁸
572 4673 708 4748 Gen.
748 4689 866 4748 xix,
898 4673 1140 4748 24_s_qq._
1164 4747 1170 4748 γ
1198 4673 1248 4748 ff
1270 4673 1438 4748 Exod.
1474 4671 1647 4748 x158.
1676 4743 1694 4748 _
1721 4672 1765 4748 ξς
1793 4671 1978 4748 Matth.
2004 4694 2034 4731 ιι

2165 4687 2188 4748 l.
2254 4677 2312 4748 ,δ’
2345 4679 2512 4733 Exod.
2533 4681 2735 4739 “.14.
2815 4683 2860 4712 ⁸³
2885 4682 3069 4736 Matth.
3100 4699 3150 4746 ν,
3179 4683 3269 4736 28.
3347 4683 3392 4715 ⁸⁸
3412 4683 3579 4740 Exod.
3609 4701 3704 4748 xx,

426 4745 526 4818 ᾖδε
575 4745 620 4777 ⁴⁵⁸
660 4741 1057 4818 Matth.__v,_'59.
1078 4741 1093 4744 “
1130 4746 1176 4777 ⁸⁸
1196 4743 1366 4818 Exod.
1395 4743 1578 4818 xx,_7.
1611 4815 1621 4818 _
1653 4743 1694 4774 ⁴⁷
1720 4741 1908 4818 Matth.
1936 4761 1963 4795 ν

2178 4747 2222 4778 ⁸⁸⁸
2250 4747 2350 4801 lsa.
2383 4765 2431 4807 ν,
2462 4750 2516 4803 8.
2590 4751 2636 4781 "
2664 4751 2854 4804 Matth.
2892 4769 3002 4810 xix.
3023 4741 3148 4806 21.⁷
3192 4755 3236 4785 '°
3262 4754 3436 4810 Exod.
3467 4771 3566 4818 ιιι,
3611 4741 3701 4808 ll.

423 4815 472 4850 ⁸¹
497 4815 608 4872 Jer.
636 4831 690 4882 v,
718 4815 771 4869 8.
847 4815 893 4846 ⁸³
922 4816 1128 4870 Coloss.
1156 4831 1239 4880 ιιι,
1269 4815 1326 4869 5.
1397 4813 1445 4844 ⁵³
1473 4811 1663 4868 Matth.
1699 4829 1788 4878 ιιι,
1817 4814 1871 4867 4.

1566 4815 1663 4868 tth.
1699 4829 1788 4878 ιιι,
1817 4814 1871 4867 4.
1963 4818 2010 4848 ⁸⁸
2039 4817 2103 4872 IV
2141 4817 2271 4887 Reg.
2316 4834 2369 4885 ν,
2409 4819 2463 4873 2.
2566 4820 2611 4852 ⁸³
2641 4820 2742 4875 Jul)
2775 4837 3015 4886 xxxvm,
3048 4824 3101 4877 5.

501 4992 614 5066 (sc)
651 4991 844 5066 Πάσῃ.
883 4989 973 5066 Sic
996 4990 1376 5066 codd._ln_ed.,
1400 4991 1557 5066 πᾶσι.
1597 5058 1660 5066 __

804 5010 844 5061 7.
883 4989 973 5066 Sic
996 4990 1376 5066 codd._ln_ed.,
1400 4991 1557 5066 πᾶσι.
1597 5058 1615 5066 _
1635 5059 1660 5066 _
2120 4992 2294 5066 rabis.
2325 5013 2343 5046 ι

660 5058 1104 5144 ξᾼηποσωθῶμενς.
1136 5060 1288 5144 golb.
1319 5061 1374 5123 b,
1406 5058 1792 5139 ὀινασωθῶμεν.

2192 5065 2304 5144 (87.)
2342 5064 2510 5134 Ζώνῃ
2541 5065 2638 5119 καὶ
2671 5070 3059 5139 σωφροσύνῃ.
3093 5068 3242 5137 Par.,
3275 5071 3450 5144 ζώνην
3481 5072 3576 5126 καὶ
3604 5091 3707 5127 σω-

658 5133 801 5221 [dm
838 5134 928 5220 §ic
955 5133 1110 5221 codd.
1140 5131 1201 5221 Ιιι1
1223 5131 1333 5192 ed.,
1361 5130 1474 5212 tofi:
1680 5130 1686 5131 “

874 5134 928 5185 κίε
955 5133 1110 5221 codd.
1140 5131 1201 5221 Ιιι1
1223 5131 1333 5192 ed.,
1361 5130 1474 5212 tofi:
1680 5130 1686 5131 ⁷
2120 5130 2413 5221 φροξύνην.

501 5199 613 5281 (ἓξ)
652 5203 1029 5281 λὲρικεέὲσεις·
1059 5200 1249 5281 ξθγῖιεν
1289 5199 1654 5281 ξέοικεύσῖιςο..
1757 5279 1764 5281 _

2164 5199 2302 5274 ’(88)
2349 5199 2447 5281 ’.ρς
2478 5206 2517 5271 ἠ
2561 5209 2708 5281 gela,
2747 5218 2853 5262 etc.
2897 5209 3097 5264 Alludit
3144 5212 3210 5264 ad
3250 5213 3364 5266 haec
3404 5213 3565 5266 verba
3611 5211 3703 5266 Je-

426 5345 481 5402 d'
506 5270 616 5344 (84⁷)
656 5273 725 5328 Τὸ
756 5270 962 5338 πάθος.
995 5290 1013 5320 ι
1047 5271 1226 5324 Animi
1253 5270 1532 5332 allectum,
1553 5291 1572 5322 ι
1604 5271 1655 5325 id
1689 5279 1792 5336 est,
1835 5288 1854 5321 ι
1886 5270 1965 5324 lib':

473 5363 633 5400 mem.
671 5365 689 5396 ι

2161 5270 2418 5398 an???
2453 5292 2465 5327 :
2507 5270 2526 5326 ι
2568 5270 2948 5350 Unusquisque
2983 5282 3048 5334 ad
3083 5297 3305 5336 uxorem
3346 5283 3574 5353 proximi
3617 5284 3700 5337 sui

2163 5361 2267 5396 ΙΙΙΙΙΙ
2344 5363 2369 5395 Ἀ
2403 5385 2414 5396 η
2457 5364 2476 5396 ι

473 5349 633 5400 inem.
671 5365 689 5396 ι
2122 5345 2414 5398 lttnniebat.
2457 5364 2476 5396 ι

505 5415 619 5490 (85)
647 5416 853 5490 βοσωβ
898 5413 1082 5467 ταῦτα
1128 5411 1398 5490 ἐκείνωνἶ
1449 5410 1505 5464 In
1560 5409 2011 5490 nonnullis,_6aq)

2164 5414 2302 5490 _(89)
2329 5416 2464 5490 "‘Hr
2490 5417 2589 5469 καὶ
2624 5422 2656 5472 ὀ
2692 5418 2848 5484 θεῖος
2881 5419 3077 5474 Δαόἰδ.
3109 5420 3358 5490 lntelligit
3401 5422 3514 5476 hac
3547 5421 3703 5476 Davi-

429 5485 605 5540 ταῦτα
645 5486 873 5544 ἐκείνου,
920 5495 1032 5556 etc.
1068 5501 1087 5534 ι
1122 5485 1355 5556 quanto
1385 5481 1498 5556 hac
1551 5481 1917 5556 exquisitigris
1958 5492 2013 5535 et
2120 5481 2209 5556 dis
2231 5485 2415 5556 verba,
2448 5492 2584 5554 psal.
2618 5505 2751 5556 xvn,
2791 5481 2862 5543 40
2904 5508 2917 5544 :
2962 5510 2980 5542 ι
3019 5481 3357 5547 Ρτωοὶιιιίἓιί
3387 5507 3472 5548 me
3506 5494 3704 5549 virtute

431 5558 724 5611 severioris
746 5555 1061 5622 disciplinae.
1098 5573 1116 5605 ι
1145 5551 1394 5610 Billiusin
1420 5553 1590 5620 prima
1604 5549 1724 5606 ed.:
1755 5569 1774 5602 ι
1797 5549 2013 5616 Quanto
2123 5555 2187 5607 ad
2217 5549 2484 5607 bellum.)

437 5625 800 5702 tandemlnec
822 5626 928 5702 illis
950 5625 1136 5702 altiora
1165 5639 1228 5677 ac
1251 5622 1566 5702 dilllctliora.
1599 5641 1620 5674 ι
1645 5691 1676 5702 __
1851 5690 1866 5702 _
1934 5691 1948 5702 _
2141 5695 2152 5702 _
2193 5624 2302 5694 (9U)
2331 5626 2580 5702 Kalﬂzérf
2607 5630 2773 5693 Θεάν,
2808 5640 2915 5702 etc.
2954 5629 3044 5685 Sic
3082 5632 3133 5685 in
3165 5632 3298 5702 psal.
3333 5647 3464 5694 xcn.
3497 5633 3522 5686 l
3552 5650 3566 5686 :
3599 5632 3705 5689 dn-

507 5693 620 5766 (86)
657 5694 742 5750 Σὺ
768 5693 855 5764 δέ,
883 5707 988 5752 etc.
1013 5696 1132 5750 Bill.
1174 5713 1186 5748 :
1225 5712 1242 5745 ι
1270 5694 1338 5749 At
1361 5703 1447 5760 tu,
1480 5707 1579 5748 nec
1607 5691 1714 5750 ullo
1744 5690 1905 5749 modo
1930 5691 2014 5765 ju-
2123 5690 2283 5750 dutus
2317 5705 2398 5751 est
2426 5696 2682 5756 Dominus
2709 5690 3096 5767 fortitudinem,
3117 5690 3179 5761 et.
3191 5690 3474 5773 praecinxit
3496 5718 3575 5760 se.
3613 5724 3631 5758 ι
