3898 6222
234 305 359 363 649

1213 308 1471 364 ΟΒΑἹΊΟ
1509 308 1670 364 XLV.
1710 340 1778 348 -—
1815 309 1881 363 IN
1921 306 2247 363 SANCTUM
2286 305 2575 363 PASCHA.

3389 268 3494 356 σεο

233 419 463 488 εἰσάγει
495 420 839 492 ἐνδεδυμένον
864 423 1092 494 δύναμιν
1121 424 1218 477 καὶ
1245 424 1702 495 περιεζωσμένον,
1733 427 1825 495 δη-

1944 407 2101 479 etiam
2142 425 2345 481 viribus
2397 424 2660 479 beneficio
2706 424 2888 478 divino
2933 424 3234 478 accinctum
3278 437 3338 478 se
3376 437 3496 479 esse

236 507 386 579 λαδὴ
421 509 563 563 κατὰ
587 509 697 563 τῶν
726 510 971 565 ἀσεϐῶν·
999 513 1048 564 εί
1097 512 1171 582 μή
1209 528 1289 581 τῳ
1331 510 1503 579 φίλον,
1536 510 1599 562 τὸ
1647 511 1835 582 περιὸν

238 599 352 669 τῆς
374 599 678 671 δυνάμεως,
703 601 799 654 καὶ
824 595 937 655 οἷον
967 601 1382 672 ἀνεσταλμένον,
1416 601 1559 656 οὕτω
1591 602 1835 673 παραδη-

239 687 498 754 λοῦσθαι,
529 689 666 744 καθὸ
698 692 793 744 καὶ
834 691 950 760 φῶς
972 691 1354 754 ἀναϐάλλεται,
1382 689 1459 752 ὡς
1488 690 1725 761 ἱμάτιον.
1760 690 1834 743 Τὸ

240 781 366 854 γὰρ
386 783 614 853 ἄσχετον
648 782 815 837 αὐτοῦ
852 785 949 854 τῆς
968 784 1251 856 δυνάμεως
1285 783 1382 837 καὶ
1413 781 1506 836 τοῦ
1537 784 1714 851 φωτὸς
1752 782 1835 847 τίς

251 876 656 946 ὑποστήσεται;
685 876 859 947 Ζητῶ,
893 876 946 929 τί
974 877 1150 933 κοινὸν
1178 875 1341 945 ὀσφύϊ
1360 875 1452 929 καὶ
1484 874 1743 946 ἀληθείας
1781 875 1835 928 τί

243 967 343 1020 δαὶ
371 967 449 1037 τῷ
482 969 623 1039 ἁγίῳ
658 968 856 1040 Παύλῳ
884 971 1083 1022 νοεῖται
1108 969 1169 1021 τὸ
1206 969 1434 1037 φάσκειν
1453 984 1466 998 ·
1505 965 1693 1035 Στῆτε
1720 963 1833 1021 οὖν

244 1056 704 1128 περιεζωσμένοι
734 1060 845 1130 (91)
878 1059 995 1128 τὴν
1019 1059 1222 1130 ὀσφὺν
1248 1058 1415 1128 ὑμῶν
1450 1058 1521 1112 ἐν
1548 1057 1830 1126 ἀληθείςι;

248 1151 482 1223 Μήποτε
513 1154 587 1217 ὡς
626 1155 719 1208 τοῦ
758 1153 1093 1226 θεωρητικοῦ
1132 1154 1192 1207 τὸ
1236 1151 1628 1223 ἐπιθυμητικὸν
1673 1167 1834 1222 περι·-

250 1242 600 1312 σφίγγοντος,
657 1247 751 1299 καὶ
793 1247 893 1300 οὐκ
932 1245 1128 1309 ἐῶντος
1157 1242 1390 1315 ἀλλαχοῦ
1425 1240 1720 1315 φέρεσθαι;
1760 1241 1833 1294 Οὐ

248 1335 367 1406 γὰρ
392 1335 565 1390 ἐθέλει
584 1338 644 1390 τὸ
668 1337 794 1410 περί
820 1356 872 1392 τι
894 1338 1236 1408 διακείμενον
1257 1334 1557 1409 ἐρωτικῶς,
1586 1332 1720 1405 πρὸς
1739 1333 1839 1397 τὰς

248 1423 425 1489 ἄλλας
455 1427 648 1496 ἡδονὰς
677 1428 775 1500 τὴν
805 1428 973 1498 αὐτὴν
1008 1427 1152 1498 ἔχειν
1188 1426 1435 1496 δύναμιν.

1934 516 2101 570 David
2148 517 2411 591 gloriatur
2437 517 2506 580 ⁸⁸,
2532 530 2594 570 ac
2634 516 2798 571 Deum
2850 515 3020 586 860
3066 528 3279 585 quoque
3321 516 3497 584 ipsum

1932 607 2167 675 potentia
2202 608 2444 662 indutum
2484 613 2647 679 atque
2687 608 2988 663 accinctum
3020 608 3312 673 inducit",
3340 623 3466 663 nem

1929 711 1997 766 pe
2021 698 2276 753 adversus
2305 698 2498 767 impios
2524 717 2537 752 :
2574 698 2676 753 nisi
2710 707 2888 752 tamen
2920 698 3073 752 malit
3100 698 3366 766 quispiam
3407 712 3498 768 po-

1934 789 2115 843 tentiae
2172 787 2578 844 exuberantiam
2633 804 2698 844 ac
2750 789 2913 844 veluti
2966 790 3360 845 restrictionem
3412 790 3499 843 his

1930 878 2111 933 verbis
2140 879 2431 947 significari
2458 899 2473 935 :
2509 894 2616 950 quo
2648 880 2811 935 etiam
2872 894 3056 945 sensu,
3084 879 3308 943 lumine,
3358 879 3498 933 sicut

1936 970 2256 1025 vestimento
2285 971 2353 1036 ⁸⁸,
2385 976 2614 1027 amictus
2636 972 2853 1026 dicitur.
2896 970 3317 1040 lnsuperahilem
3349 970 3494 1024 enim

1933 1063 2192 1131 potentia:
2247 1063 2416 1133 ipsius
2471 1077 2536 1120 ac
2584 1063 2803 1119 luminis
2828 1065 2938 1120 vim
2985 1065 3107 1135 quis
3165 1061 3498 1117 sustinebit?

1938 1152 2132 1220 Quaero
2159 1154 2286 1224 quid
2321 1154 2519 1210 lumbis
2565 1169 2690 1211 cum
2730 1156 2956 1211 veritate
2984 1170 3272 1210 commune
3320 1155 3415 1217 sit.
3444 1164 3501 1209 et

1943 1259 2062 1314 qua:
2094 1244 2246 1299 Pauli
2279 1260 2432 1301 mens
2462 1245 2667 1314 fuerit,
2701 1261 2822 1302 cum
2857 1246 3061 1302 diceret
3097 1263 3112 1300 :
3144 1245 3295 1301 State
3338 1246 3501 1315 igitur

1930 1333 2183 1389 succincti
2225 1333 2428 1389 lumbos
2455 1347 2646 1390 uestros
2691 1338 2747 1390 in
2791 1339 3006 1391 veritate
3036 1336 3131 1389 l"?
3174 1335 3310 1389 Num
3361 1334 3501 1389 forte

1933 1423 2077 1491 quod
2140 1426 2434 1493 speculatio
2493 1427 2986 1496 concupiscentiam
3057 1433 3342 1489 coerceat,
3398 1439 3499 1479 nec

251 1514 514 1570 aliorsum
550 1516 677 1570 ferri
710 1518 891 1571 sinat?
930 1516 1039 1572 Nec
1056 1517 1210 1586 enim
1250 1516 1366 1571 fieri
1403 1523 1603 1585 potest,
1641 1521 1700 1569 ut
1740 1513 1833 1585 qui
1873 1514 1950 1567 t'ei
1985 1514 2283 1585 cujuspiam
2312 1531 2498 1573 amore
2537 1517 2744 1589 ﬂagrat,
2816 1532 2997 1587 parem
3061 1516 3127 1571 ad
3175 1516 3309 1573 alias
3349 1514 3501 1571 volu-

250 1613 434 1674 ptates
464 1607 572 1660 vim
604 1607 819 1662 habeat.

339 1715 436 1771 18'.
480 1715 562 1769 Τὰ
592 1715 648 1769 δέ
694 1716 1035 1787 ὑποδήματα,
1067 1717 1096 1769 ὁ
1139 1716 1237 1787 μὲν
1272 1717 1372 1785 τῆς
1413 1714 1575 1784 ἁγίας
1603 1715 1704 1786 γῆς
1740 1714 1834 1768 καὶ

2006 1695 2148 1751 XIX.
2173 1696 2289 1751 Jam
2316 1697 2407 1769 qui
2440 1706 2634 1751 terram
2667 1705 2908 1751 sanctam
2939 1712 3001 1751 ac
3030 1696 3226 1751 divinis
3255 1698 3499 1768 vestigiis

249 1805 567 1868 θεοστιὸοῦς
592 1805 788 1875 ψαύειν
816 1807 1045 1877 μέλλων,
1076 1806 1409 1869 ύπολυέσθω,
1435 1804 1575 1858 καθὰ
1598 1803 1708 1875 (92)
1739 1804 1834 1856 καὶ

248 1897 497 1968 Μωῦσῆς
530 1898 735 1960 ἐκεῖνος
765 1896 855 1949 ἐπὶ
887 1896 978 1950 τοῦ
1005 1897 1184 1967 ὄρους,
1211 1896 1297 1950 ἵνα
1327 1897 1492 1968 μηδὲν
1517 1894 1707 1969 νεκρὸν
1738 1894 1835 1966 φέ-

253 2004 351 2061 ρῃ,
393 1988 526 2059 μηδέ
571 1988 735 2059 μέσον
774 1988 908 2041 Θεοῦ
935 1990 1029 2045 καὶ
1054 1987 1375 2060 ἀνθρώπων.
1419 1989 1508 2052 Ὠς
1538 1989 1595 2042 δὲ
1644 1989 1737 2043 καὶ
1785 1986 1839 2041 εί

248 2098 341 2143 τις
369 2080 616 2152 μαθητὴς
639 2081 733 2135 ἐπὶ
755 2081 816 2134 τὸ
844 2080 1174 2150 Εὑαγγέλιον
1207 2082 1504 2152 πέμπεται,
1534 2081 1835 2153 φιλοσόφως

248 2174 354 2226 καὶ
384 2173 693 2243 ἀπερίττως
745 2169 857 2245 (95)
882 2192 898 2207 ο
942 2174 1002 2228 ὃν
1051 2175 1133 2228 δεῖ
1171 2173 1281 2246 (94)
1314 2173 1451 2246 πρὸς
1483 2173 1561 2245 τῷ
1589 2174 1833 2245 ἀχάλκῳ,

250 2265 353 2317 καὶ
404 2264 658 2336 ἀράὸδῳ,
714 2266 809 2319 καὶ
863 2265 1202 2336 μονοχίτωνι,
1271 2265 1354 2318 ἔτι
1410 2266 1507 2320 καὶ
1560 2282 1835 2337 γυμνοπο-

250 2355 368 2407 δεῖν
399 2355 532 2425 (95),
566 2356 653 2410 ἵνα
681 2352 921 2425 φανῶσιν
940 2356 1176 2420 οἱ·πόδες
1202 2357 1393 2428 ὡραῖοι
1421 2356 1530 2410 τῶν
1551 2356 1836 2425 εὐαγγελι-

252 2446 499 2517 ζομένων
525 2448 768 2519 εἰρήνην,
799 2449 893 2501 καὶ
915 2446 1043 2501 ἄλλο
1066 2450 1173 2502 πᾶν
1201 2448 1424 2516 ἀγαθόν.
1464 2449 1521 2501 Ὁ
1544 2448 1601 2501 δὲ
1622 2448 1835 2517 φεύγων

250 2537 532 2605 Αἴγυπτόν
576 2554 635 2590 τε
668 2538 763 2590 καὶ
805 2537 875 2591 τὰ
915 2537 1205 2606 Αἰγύπτια,
1246 2538 1604 2602 ὑποδεδέσθω,
1636 2540 1734 2609 τῆς
1775 2555 1835 2590 τε

252 2625 423 2697 ἄλλης
450 2625 748 2695 ἀσφαλείας
769 2625 934 2680 ἕνεκα
969 2626 1063 2679 καὶ
1095 2626 1194 2696 τῆς
1227 2626 1363 2698 πρὸς
1384 2628 1510 2689 τοὺς
1544 2627 1837 2695 σκορπίους

254 2719 356 2773 καὶ
395 2719 521 2781 τοὺς
548 2717 721 2785 ὄφεις,
752 2716 847 2781 οὓς
888 2719 984 2771 καὶ
1033 2717 1262 2781 πολλοὺς
1307 2718 1580 2786 Αἴγυπτος
1626 2717 1833 2788 τρέφει,

251 2805 399 2860 ὥστε
428 2805 503 2876 μὴ
534 2804 860 2876 βλάπτεσθαι
895 2805 1046 2876 παρὰ
1078 2804 1187 2858 τῶν
1209 2804 1516 2876 τηρούντων
1545 2805 1642 2876 τὴν
1668 2805 1833 2877 πτέρ-

252 2917 377 2963 ναν,
415 2898 510 2961 οὒς
548 2900 739 2952 πατεῖν
783 2896 1203 2968 ἐκελεύσθημεν.
1239 2896 1396 2969 Περὶ⁶
1418 2897 1474 2949 δὲ
1509 2897 1609 2968 τῆς
1630 2896 1838 2968 βακτη-

257 2990 383 3063 ρίας
430 2990 602 3053 οὕτως
636 2989 764 3060 ἔχω,
800 2991 896 3042 καὶ
921 2989 1015 3042 τοῦ
1051 2988 1179 3059 περὶ
1207 2987 1414 3056 ταύτην
1441 2986 1552 3057 (96)
1581 2987 1837 3057 αἰνίγμα-

252 3098 373 3144 τος.
404 3081 517 3152 Τὴν
552 3081 650 3152 μὲν
681 3080 1067 3152 ὑπερειστικὴν
1103 3073 1240 3141 οἶδα,
1265 3079 1363 3148 τὴν
1392 3078 1447 3131 δὲ
1473 3078 1836 3148 ποιμαντικήν

251 3189 321 3226 τε
350 3172 443 3225 καὶ
464 3171 868 3242 διδασκαλικὴν,
895 3171 990 3223 καὶ
1006 3170 1077 3221 τὰ
1098 3167 1290 3237 λογικὰ
1318 3168 1567 3238 πρόϐατα
1592 3166 1838 3238 ἐπιστρέ-

255 3278 490 3332 φουσαν.
537 3259 697 3313 Ἀλλὰ
724 3262 805 3313 σοὶ
833 3258 927 3312 νῦν
956 3260 1054 3331 τὴν
1077 3258 1462 3329 ὑπερείδουσαν
1494 3260 1522 3311 ὁ
1541 3257 1703 3328 νόμος
1723 3257 1838 3310 δια-

257 3352 563 3417 κελεύεται,
600 3355 781 3422 μήπου
814 3351 907 3404 τὸν
932 3351 1189 3421 λογισμὸν
1217 3348 1473 3420 ὀκλάσῃς,
1507 3344 1647 3422 αἷμα
1676 3348 1834 3415 Θεοῦ,

255 3443 358 3496 καὶ
392 3442 565 3507 πάθος
593 3441 824 3506 ἀκούων,
853 3441 946 3494 καὶ
981 3441 1227 3504 θάνατον,
1267 3441 1451 3511 μήπου
1483 3439 1837 3512 περιενεχθῇς

255 3535 457 3597 ἀθέως,
487 3533 561 3596 ὡς
591 3531 728 3584 Θεοῦ
758 3532 1053 3602 συνήγορος
1075 3547 1088 3562 ο
1117 3531 1231 3585 ἀλλ’
1270 3530 1712 3600 ἁνεπαισχύντως
1744 3530 1839 3584 καὶ

256 3624 669 3688 ἁνενδοιάστως,
718 3623 860 3692 φάγε
912 3622 973 3675 τὸ
1022 3622 1199 3693 σῶμα,
1233 3623 1323 3675 πίε
1362 3622 1423 3676 τὸ
1453 3617 1612 3692 αἷμα,
1655 3624 1705 3675 εί
1741 3622 1838 3692 τῆς

256 3717 409 3788 ζωῆς
468 3714 880 3787 ἐπιθυμητικῶς
932 3713 1097 3784 ἔχεις,
1165 3716 1301 3785 μήτε
1363 3716 1474 3777 τοῖς
1536 3714 1666 3785 περὶ
1709 3730 1841 3787 σαρ-

258 3807 356 3870 κὸς
402 3805 514 3877 (97)
545 3805 791 3860 ἀπιστῶν
829 3805 1024 3874 λόγοις,
1077 3805 1213 3877 μήτε
1257 3807 1369 3869 τοῖς
1412 3804 1540 3876 περὶ
1580 3804 1641 3857 τὸ
1666 3804 1838 3868 πάθος

261 3897 649 3969 βλαπτόμενος.
694 3896 1115 3966 Ἑρηρεισμένος
1161 3896 1369 3961 ἵστασο,
1411 3897 1627 3965 πάγιος,
1673 3894 1836 3966 βεϐη-

258 3990 395 4058 κὼς,
425 3992 483 4044 ἐν
524 3990 714 4061 μηδενὶ
753 3988 1108 4059 σαλευόμενος
1146 3988 1250 4041 ὑπὸ
1287 3987 1395 4042 τῶν
1424 3989 1835 4057 ἀντικειμένων,

264 4085 403 4155 μηδὲ
461 4083 817 4154 πιθανότητος
866 4082 1044 4151 λόγοις
1098 4080 1570 4153 παρασυρόμενος.
1617 4080 1739 4133 Ἐπὶ
1778 4080 1838 4133 τὸ

260 4176 397 4243 ὕψος
464 4174 688 4229 σεαυτοῦ
745 4173 931 4245 στῆθι,
1001 4176 1059 4228 ὲν
1121 4175 1242 4236 ταῖς
1303 4174 1494 4237 αὐλαῖς
1569 4173 1838 4244 Ἰερουσα-

260 4270 379 4338 λὴμ
426 4269 620 4337 στῆσον
660 4266 784 4330 τοὺς
830 4265 1016 4327 πόδας,
1056 4264 1148 4317 ἐπὶ
1178 4265 1277 4333 τῆς
1312 4264 1518 4335 πέτρας
1546 4263 1658 4334 (98)
1694 4263 1836 4335 ἔρει-

1940 1786 2260 1856 impressam
2330 1798 2677 1845 contacturus
2733 1799 2838 1855 εει,
2898 1788 3261 1845 calceamenta
3304 1790 3497 1856 solvat,

1933 1880 2385 1949 quemadmodum
2411 1888 2467 1935 et
2489 1878 2700 1949 Moyses
2733 1880 2822 1936 ille
2854 1881 2905 1935 in
2961 1890 3142 1936 monte
3173 1880 3240 1946 ‘°,
3275 1891 3333 1936 ut
3369 1882 3503 1937 nihil

1933 1982 2204 2029 mortuum
2234 1972 2393 2039 ferat,
2430 1988 2528 2030 nec
2559 1974 2702 2029 inter
2732 1972 2902 2029 Deum
2932 1984 3098 2044 atque
3130 1969 3379 2031 homines
3408 1976 3498 2029 in-

1935 2063 2274 2119 termedium.
2307 2065 2584 2121 Consimili
2618 2067 2775 2123 modo
2834 2067 2879 2121 si
2933 2067 3052 2137 quis
3100 2067 3394 2137 discipulus
3433 2069 3502 2122 ad

1933 2156 2330 2225 praedicandum
2364 2156 2711 2227 Evangelium
2747 2141 2975 2212 mittitur
2999 2158 3069 2221 ⁸³,
3110 2157 3402 2229 frugalitati
3428 2174 3493 2213 ac

1933 2246 2261 2314 simplicitati
2296 2249 2508 2305 studeat
2537 2266 2550 2303 :
2594 2250 2788 2319 quippe
2819 2265 2999 2319 quem,
3028 2261 3224 2319 praeter
3257 2250 3309 2306 id
3348 2253 3494 2321 quod

1934 2352 2035 2392 nec
2081 2352 2177 2405 as,
2210 2353 2312 2395 nec
2362 2340 2634 2404 baculum,
2666 2356 2765 2396 nec
2816 2341 3081 2411 duplicem
3117 2343 3355 2396 tunicam
3401 2344 3503 2397 ha-

1934 2431 2083 2495 beat,
2121 2431 2285 2484 etiam
2336 2431 2495 2486 undis
2518 2431 2745 2500 pedibus
2777 2433 2881 2486 iter
2927 2433 3106 2487 facere
3136 2443 3400 2503 oporteat,
3442 2444 3502 2488 ut

1936 2522 2142 2590 pulchri
2172 2522 2337 2592 pedes
2371 2522 2857 2591 evangelizantium
2894 2539 3077 2594 pacem
3108 2526 3173 2591 θ’,
3233 2536 3288 2581 et
3329 2526 3505 2595 quod-

1934 2613 2067 2667 libet
2097 2613 2241 2667 aliud
2273 2614 2472 2668 bonum
2501 2654 2516 2678 ,
2566 2623 2886 2683 appareant.
2931 2614 3000 2668 At
3038 2631 3168 2669 vero
3208 2618 3299 2684 qui
3334 2617 3503 2688 ZEgy-

1935 2715 2078 2774 ptum
2104 2719 2169 2759 ac
2203 2719 2288 2759 res
2315 2703 2531 2776 IEgypti
2558 2705 2712 2775 fugit,
2741 2707 2954 2762 calceos
2981 2718 3161 2761 sumat
3185 2709 3249 2772 ⁸³,
3278 2721 3335 2763 ut
3358 2720 3504 2764 tutus

1934 2799 2024 2862 sit,
2059 2814 2180 2853 cum
2215 2798 2281 2852 ab
2315 2799 2435 2854 aliis
2465 2798 2649 2862 rebus,
2679 2808 2790 2855 tum
2829 2815 2860 2853 a
2899 2801 3128 2870 scorpiis
3151 2808 3206 2855 et
3227 2805 3503 2871 serpenti-

1937 2893 2055 2958 bus,
2084 2906 2220 2960 quos
2251 2890 2548 2961 permultos
2574 2890 2838 2962 Egyptus
2889 2892 3005 2957 alit,
3047 2901 3108 2947 ut
3156 2894 3224 2948 ab
3263 2894 3331 2949 iis
3356 2935 3370 2961 ,
3412 2880 3506 2963 qui

1940 2983 2253 3039 calcaneum
2278 2984 2661 3048 observant,et
2679 2999 2814 3054 quos
2842 2984 3053 3040 calcare
3073 2985 3211 3054 jussi
3234 2986 3502 3053 sumus“,

1942 3078 2163 3131 minime
2187 3077 2517 3132 vulneretur.
2546 3076 2666 3134 Iam
2702 3077 2768 3132 de
2793 3076 2987 3133 baculo
3020 3078 3068 3110 “
3103 3088 3268 3148 atque
3295 3078 3410 3148 ejus
3431 3081 3509 3135 si-

1939 3169 2289 3240 gniﬁcatione
2341 3169 2412 3223 ita
2454 3169 2651 3228 sentio.
2698 3168 2832 3223 Nam
2887 3183 3009 3223 cum
3061 3168 3197 3224 alter
3250 3168 3506 3226 fulciendi

1938 3262 2046 3316 vim
2084 3260 2305 3327 habeat,
2332 3259 2470 3315 alter
2500 3260 2734 3330 pastoris
2770 3266 2826 3315 et
2863 3259 3103 3314 doctoris
3134 3260 3384 3329 proprius
3412 3263 3507 3326 sit,

1942 3361 2105 3420 atque
2135 3366 2265 3407 oves
2292 3352 2502 3407 ratione
2546 3352 2797 3421 praeditas
2823 3359 3124 3416 convertat,
3168 3351 3220 3403 in
3254 3352 3507 3421 viamque

1941 3443 2200 3496 reducat:
2235 3442 2326 3497 hic
2361 3443 2442 3497 lex
2477 3438 2792 3497 inicientem
2837 3441 3089 3497 baculum
3128 3442 3221 3497 tibi
3254 3443 3508 3510 praescri-

1941 3535 2040 3598 bit,
2072 3534 2264 3589 necubi
2294 3534 2477 3589 animo
2517 3534 2750 3598 titubes,
2793 3535 2918 3589 dum
2954 3533 3045 3588 Dei
3102 3536 3422 3605 sanguinem
3454 3546 3508 3589 et

1940 3626 2253 3682 Passionem
2285 3636 2339 3682 et
2368 3634 2595 3681 mortem
2642 3629 2832 3691 audis,
2864 3642 2927 3680 ac
2956 3627 3082 3681 dum
3124 3627 3215 3681 Dei
3249 3637 3509 3696 patronus

1941 3730 2104 3789 atque
2156 3719 2408 3774 defensor
2439 3718 2605 3773 videri
2652 3720 2828 3787 cupis,
2895 3718 3058 3787 impie
3102 3733 3340 3774 con-uas.
3370 3718 3511 3785 Quin

1940 3812 2140 3879 potius,
2175 3811 2293 3864 sine
2320 3813 2524 3878 pudore
2555 3825 2617 3864 ac
2640 3810 2970 3866 dubitatione
2999 3825 3194 3879 corpus
3224 3810 3345 3878 ede,
3378 3825 3507 3863 san-

1940 3903 2152 3971 guinem
2192 3901 2313 3957 bibe
2337 3941 2353 3966 ,
2399 3902 2444 3956 si
2478 3903 2636 3957 modo
2662 3903 2785 3957 vitae
2833 3902 3105 3957 desiderio
3157 3904 3511 3965 teueris,,uec

1941 3993 2283 4048 sermonibus
2334 3993 2401 4046 de
2435 4006 2596 4046 carne
2637 3991 2793 4046 [idem
2830 3993 3117 4061 abrogans,
3149 4006 3248 4045 uec
3287 3990 3351 4043 ad
3387 4004 3503 4053 et's,

1939 4086 2031 4154 qui
2060 4084 2126 4139 de
2157 4084 2408 4154 passione
2446 4083 2733 4146 habentur,
2775 4084 3100 4154 impingens.
3150 4082 3508 4148 lnnixus.sta,

1942 4175 2129 4231 ﬁrmus
2187 4185 2241 4230 et
2294 4175 2525 4241 stabilis,
2559 4184 2721 4242 atque
2757 4174 2830 4229 ita
2877 4185 3244 4243 comparatus,
3277 4182 3333 4227 ut
3359 4183 3504 4227 nutta

1943 4267 1995 4320 in
2022 4281 2079 4321 re
2113 4265 2378 4335 quatiaris
2407 4267 2474 4319 ab
2504 4265 2852 4328 adversariis,
2880 4278 2980 4318 nec
3007 4264 3292 4317 verborum
3326 4263 3511 4332 lepore

264 4376 381 4425 σον,
432 4360 518 4413 ῖνα
572 4359 645 4429 μὴ
703 4356 993 4428 σαλεύηται
1046 4372 1140 4410 σου
1196 4354 1265 4408 τὰ
1305 4355 1445 4409 κατὰ
1492 4353 1623 4409 Θεὸν
1654 4355 1836 4425 διαϐή-

1945 4368 2108 4425 atque
2159 4356 2427 4411 illecebris
2463 4354 2772 4424 abripiaris.
2819 4355 2871 4407 In
2922 4353 3134 4423 fastigio
3185 4363 3274 4406 tuo
3310 4363 3421 4418 sta,
3456 4356 3510 4408 in

265 4468 431 4524 ματα.

338 4722 423 4777 ις’.
461 4721 527 4773 Τί
556 4720 692 4791 φῄςς
732 4719 888 4774 Οὕτω
931 4720 1115 4799 ταῦτα.
1147 4718 1345 4784 ἔδοξεν,
1378 4719 1651 4789 Αἴγυπτον
1687 4717 1838 4784 ἐξελ-

261 4814 401 4876 θεῖν,
437 4814 537 4882 τὴν
563 4814 788 4884 σιδηρᾶν
810 4811 1059 4881 κάμινον,
1087 4811 1407 4865 καταλιπεῖν
1439 4828 1498 4864 σε
1526 4810 1628 4881 τὴν
1656 4812 1836 4864 ἐκεῖσε

260 4903 554 4959 πολυθεῖαν
588 4904 720 4974 (99),
761 4904 854 4956 καὶ
886 4902 992 4957 ὑπὸ
1016 4902 1296 4965 Μωῦσέως
1333 4902 1582 4973 ἀχθῆναι,
1620 4903 1837 4973 καὶτῆς

337 5062 382 5093 ⁵⁸
420 5058 561 5115 Psal.
598 5075 728 5120 xvu,
759 5061 848 5115 55.
901 5060 945 5090 ⁸⁷
983 5058 1125 5113 Psal.
1156 5074 1289 5121 xctt,
1318 5061 1368 5113 1.
1424 5059 1469 5090 ⁸⁸
1502 5058 1642 5114 Psal.
1674 5072 1790 5119 cm,
1822 5058 1876 5114 2.

717 5132 761 5162 ⁸³
799 5128 964 5184 Exod.
990 5145 1086 5192 xu,
1116 5129 1203 5183 Η.
1280 5129 1479 5183 “Luc.
1517 5145 1572 5190 ι,
1608 5129 1694 5183 19.
1769 5128 1813 5160 ⁸⁵

1944 5129 2010 5185 νύ.
2040 5126 2136 5191 χιι,
2161 5129 2245 5181 il.
2324 5127 2368 5159 “
2395 5126 2537 5181 Psal.
2567 5144 2716 5191 cxat,
2744 5128 2796 5182 2.
2874 5128 2916 5159 ⁶⁷
2947 5127 3099 5182 Dent.
3131 5143 3205 5193 tv,
3231 5128 3324 5181 20.

260 5135 309 5166 "
339 5133 439 5187 lsa.
467 5146 562 5197 ιιι,
589 5133 640 5184 7.

338 5244 448 5317 (9i)
486 5243 964 5317 Περιεζωμένοι.
999 5241 1132 5299 Tres
1157 5242 1319 5315 Regg.
1351 5253 1405 5298 et
1435 5258 1624 5299 novem
1650 5242 1831 5309 Colb.,

258 5315 715 5386 περιζωσάμενοι,

333 5380 447 5455 (92)
484 5380 665 5455 Κάθά.
699 5384 791 5439 0r.
832 5384 883 5451 1,
915 5380 1118 5455 καθώς.

332 5450 449 5524 (95)
488 5454 599 5508 Καὶ
626 5455 972 5523 ἁπερίττως.
1005 5454 1163 5524 Deest
1189 5452 1241 5506 in
1265 5450 1374 5508 les.

334 5460 429 5524 (93
488 5460 599 5508 Kal
626 5460 972 5523 ἀπερίττως.
1005 5460 1163 5506 Deest

334 5460 449 5593 (⁸94)
489 5524 604 5578 Δεῖ.
640 5525 695 5578 In
725 5525 1013 5594 nonnullis,
1041 5522 1170 5594 χρή.

334 5590 446 5666 (95)
486 5592 918 5666 Γυμνοποδεῑν.
963 5590 1195 5666 βὶὀὶιυοε
1236 5592 1425 5666 Βεειιιιη
1459 5591 1621 5647 Coisl.
1656 5594 1705 5658 l,
1742 5591 1833 5648 Or.

262 5667 319 5732 I,
345 5661 498 5726 Par"
526 5661 630 5718 etc.
667 5662 723 5714 lu
756 5663 874 5716 Par.
911 5662 1021 5725 ed.,
1051 5661 1393 5732 γυμνοποδεῖ.

333 5737 449 5805 ‘96)
487 5734 627 5803 Περὶ
660 5734 905 5801 ταύτην.
942 5731 1105 5786 Coisl.
1129 5731 1162 5785 1
1198 5743 1252 5788 et
1288 5732 1421 5797 Jes.,
1455 5732 1580 5803 περὶ
1611 5733 1831 5803 ταύτης.

620 5827 894 5885 Parnm.
938 5825 1053 5887 Gn.
1102 5818 1398 5886 XXXVI.

1947 4447 2101 4500 atriis
2145 4444 2444 4500 Jerusalem
2476 4446 2638 4515 pedes
2691 4453 2866 4498 statue
2889 4444 2954 4508 “,
2999 4445 3052 4498 in
3084 4456 3230 4513 petra
3271 4443 3509 4509 suliulci,

1942 4537 2105 4609 861
2141 4545 2198 4592 ut
2226 4539 2299 4593 tui
2334 4539 2631 4592 secundum
2662 4537 2827 4590 Deum
2851 4550 3072 4606 gressus
3115 4552 3219 4591 non
3260 4551 3515 4591 moveam

1949 4642 2054 4683 lllf.

2020 4718 2136 4774 XX.
2163 4719 2301 4785 Quid
2336 4719 2455 4774 ais?
2481 4718 2630 4773 Itane
2663 4719 2825 4773 ﬁxum
2844 4733 2905 4772 ac
2929 4723 3204 4775 decretum
3241 4728 3341 4779 est,
3371 4729 3423 4772 ut
3446 4734 3515 4773 ex

1947 4808 2203 4880 Egypto,
2234 4812 2333 4865 hoc
2367 4822 2471 4875 est,
2494 4826 2558 4864 ex
2592 4810 2808 4864 fornace
2834 4810 3005 4864 ferrea
3036 4811 3101 4875 ⁸⁷,
3131 4812 3379 4874 excedas,
3416 4811 3513 4862 im.

1947 4902 2203 4970 piumque
2228 4902 2451 4955 deorum
2476 4900 2767 4955 multormu
2823 4903 3024 4956 cultum
3079 4901 3190 4955 illic
3241 4902 3510 4971 vigentem

1953 5058 1999 5091 δ’
2025 5057 2222 5127 Ephes.
2256 5073 2330 5117 vt,
2355 5057 2453 5129 _i§.
2504 5059 2570 5129 9°
2602 5056 2771 5129 Exod.
2800 5074 2881 5118 Ill,
2909 5059 2969 5129 5.
3013 5059 3056 5088 “
3087 5057 3219 5113 Luc.
3242 5074 3304 5129 ιι,
3333 5058 3367 5111 5
3393 5073 3493 5129 sqq

2013 5240 2124 5311 (97)
2161 5239 2325 5308 Μήτε
2354 5241 2478 5307 τοῖς
2506 5241 2639 5309 περὶ
2668 5241 2913 5310 σαρκός,
2945 5251 3051 5297 etc.
3097 5239 3215 5311 llill.
3249 5240 3303 5293 in
3346 5240 3518 5310 prima

1941 5313 2073 5366 edit.
2122 5330 2141 5362 ι
2174 5311 2284 5365 Nec
2322 5312 2581 5365 doctrinae
2624 5314 2801 5364 carnis
2854 5312 3010 5364 tidem
3061 5310 3364 5379 abrogans,
3417 5328 3520 5366 nec

1940 5382 2214 5436 Passionis
2242 5382 2582 5434 sermonibus
2608 5379 2864 5436 offensus.
2904 5400 2923 5431 ι

2010 5451 2122 5521 (98)
2162 5450 2287 5504 Ἐπὶ
2328 5450 2438 5517 τῆς
2480 5449 2719 5520 πέτρας.
2756 5470 2800 5521 *ι
2825 5451 2880 5505 lu
2905 5460 3075 5520 petra,
3105 5469 3124 5502 ι
3150 5449 3230 5521 _id
3279 5457 3382 5514 est,
3420 5467 3440 5500 ι
3466 5449 3516 5501 iu

1939 5519 2176 5586 Christo,
2203 5540 2222 5571 ι
2255 5522 2406 5587 juxta
2456 5523 2643 5590 Apost.
2676 5521 2694 5574 1
2741 5519 2868 5576 Cor.
2907 5536 2961 5585 χ,
3001 5520 3056 5585 4,
3098 5538 3116 5571 ι
3145 5519 3305 5575 Petra
3334 5529 3514 5588 autem

1940 5602 2056 5646 erat
2087 5590 2353 5644 Christus.
2384 5607 2402 5640 ι

2012 5660 2120 5732 (99)
2149 5659 2501 5732 Πολυθεῖαν.
2543 5658 2707 5715 Coisl.
2742 5661 2766 5715 l
2800 5671 2853 5717 et
2871 5658 2964 5716 Or.
2996 5661 3017 5715 1
3053 5660 3275 5729 addunt,
3306 5658 3516 5724 ἀθείαν,

1948 5751 1966 5783 ι
1994 5730 2233 5807 impiam,
2264 5730 2601 5799 sacrilegam.
2631 5750 2650 5782 ι

3083 5820 3161 5885 21
