3898 6222
449 255 558 315 659

1704 253 1760 308 S.
1799 253 2131 311 GREGORII
2171 256 2519 312 TIIEOLOGI

3619 256 3746 308 640

451 379 758 426 nostrarum
787 368 1023 433 modulo,
1061 382 1165 424 non
1202 367 1363 421 nimis
1403 367 1637 423 absurde
1665 382 1766 424 nec
1811 369 2038 424 ridicule

2157 372 2292 442 ἡμᾶς
2315 374 2380 426 ἐκ
2403 374 2502 442 τῆς
2533 370 2809 441 ἁμαρτίας
2828 368 2889 419 τὸ
2917 368 3012 420 ἀπ’
3039 365 3235 436 ἀρχῆς,
3258 367 3351 418 καὶ
3368 365 3455 418 διὰ
3478 367 3578 435 τῆς
3612 369 3748 438 ἡδο-

450 467 802 520 disseremus.
854 461 926 516 Ita
957 461 1101 516 enim
1131 461 1510 517 existimamus
1547 478 1560 516 :
1596 463 2037 532 quandoquidem

451 569 551 609 nos
595 569 688 622 per
728 562 1008 623 peccatum
1057 553 1124 606 ab
1159 552 1315 606 initio
1348 552 1506 621 lapsi,
1538 562 1703 622 atque
1745 554 2039 623 voluptatis

453 646 700 700 illecebra
754 660 922 714 usque
976 645 1041 698 ad
1093 644 1360 698 idolorum
1418 645 1622 698 cultum
1687 660 1752 700 ac
1801 645 2039 703 nefarios

454 752 677 792 cruores
711 739 952 805 subrepti
988 737 1281 802 fueramus,
1306 752 1401 804 per
1425 737 1632 791 viscera
1656 737 2040 793 misericordiae

457 831 549 885 Dei
599 829 774 884 Patris
813 833 1005 885 nostri.
1061 829 1150 896 qui
1204 829 1458 895 hominis,
1509 830 1642 883 tanti
1690 845 1881 884 manus
1931 845 2040 884 sua:

455 923 970 993 opiﬁcii,jacturam
1017 921 1194 976 facere
1238 937 1344 976 non
1373 922 1654 986 sustinuit,
1705 923 1948 976 revocari
1977 938 2040 978 ac

455 1016 510 1068 in
561 1016 847 1084 pristinum
911 1023 1111 1068 statum
1162 1013 1376 1068 restitui
1431 1015 1734 1082 oportebat.
1788 1013 2034 1080 Quonam

456 1106 620 1174 igitur
647 1117 804 1175 pacto
853 1104 999 1158 illum
1045 1103 1353 1167 reformari,
1394 1103 1593 1172 quidve
1641 1104 1789 1158 ﬁeri?
1835 1103 2040 1176 Negligi

457 1198 671 1266 quidem
711 1197 978 1250 acriorem
1013 1193 1357 1259 medicinam,
1387 1203 1572 1264 utpote
1611 1195 1676 1248 ad
1705 1197 2039 1263 persuaden-

454 1287 580 1341 dum
637 1287 814 1342 minus
876 1288 1146 1352 idoneam,
1211 1296 1266 1339 et
1308 1301 1448 1354 qum,
1512 1285 1583 1340 ob
1647 1286 2038 1341 diuturniorem

455 1378 622 1432 animi
673 1387 958 1441 tumorem,
1011 1391 1290 1432 excaacare
1341 1377 1533 1446 possit,
1579 1376 1685 1430 leni
1748 1387 1927 1430 autem
1977 1393 2040 1432 ac

455 1467 689 1537 benigno
725 1466 1083 1520 medicamine
1116 1466 1422 1534 procurari,
1463 1473 1520 1519 ut
1569 1465 1888 1535 erigeretur.
1933 1465 2039 1520 Ne-

455 1573 560 1626 que
591 1557 736 1612 enim
770 1557 1004 1623 plantam
1034 1556 1310 1610 incurvam
1337 1595 1352 1620 ,
1396 1557 1629 1610 subitam
1677 1555 2038 1624 inﬂexionem,

457 1665 754 1718 manusque
775 1649 1031 1719 erigentis
1053 1649 1358 1704 violentiam
1383 1649 1525 1702 ferre
1567 1649 1668 1719 (sic
1697 1650 1840 1702 enim
1865 1650 2042 1720 potius

456 1739 594 1804 fore,
619 1750 676 1793 ut
709 1739 933 1792 laedatur
962 1749 1125 1807 atque
1170 1739 1517 1809 infringatur,
1567 1755 1729 1806 quam
1769 1750 1826 1794 ut
1855 1741 2037 1811 eriga-
2073 1725 2112 1782 Β

459 1831 594 1897 tur),
616 1845 716 1885 nec
739 1846 935 1898 equum
963 1829 1336 1898 praeferocem,
1363 1831 1552 1900 acjam
1582 1841 1742 1886 aetate
1763 1831 2038 1902 aliquanto

457 1923 891 1990 provectiorem,
956 1919 1092 1974 freni
1156 1921 1496 1990 tyrannidem
1580 1922 1859 1992 perferre,
1937 1923 2037 1976 nisi

458 2015 652 2068 blanda
687 2013 918 2082 quadam
948 2022 1002 2066 et
1043 2012 1386 2068 adulabunda
1422 2029 1580 2066 manu
1621 2015 2034 2082 permulceatur.

457 2103 752 2172 Propterea
785 2102 956 2162 nobis,
1013 2103 1306 2171 adjumenti
1341 2119 1528 2167 causa,
1566 2103 1649 2158 lex
1679 2103 1862 2172 datur,
1895 2105 2039 2159 velut

459 2194 693 2248 maceria
731 2196 999 2261 quaedam,
1053 2193 1192 2246 inter
1239 2193 1404 2246 Deum
1460 2203 1622 2262 atque
1675 2194 1814 2248 idola
1869 2196 2040 2249 inter-

454 2285 708 2354 jecta,ab
740 2285 824 2340 bis
857 2285 1073 2352 quidem
1107 2299 1203 2340 nos
1239 2284 1535 2350 abducens,
1568 2285 1634 2338 ad
1668 2284 1812 2338 illum
1857 2294 2036 2341 autem

462 2393 744 2432 revocans.
777 2379 853 2432 Ac
878 2376 1150 2447 paululum
1190 2377 1447 2445 quiddam
1479 2379 1654 2446 primo
1687 2377 1944 2448 indulget,
1982 2389 2040 2432 ut

460 2465 634 2532 majus
675 2464 926 2532 accipiat.
970 2461 1247 2518 Sacriﬁcia
1289 2465 1356 2516 ad
1411 2473 1622 2534 tempus
1668 2467 1940 2533 concedit,
1980 2480 2039 2523 ut

2139 463 2237 534 νῆς
2265 461 2574 525 κλαπέντας
2615 462 2807 532 μέχρις
2848 455 3310 528 είδωλολατρείας,
3339 459 3432 511 καὶ
3465 458 3574 511 τῶν
3597 461 3744 513 ἀθέ-

2142 569 2296 623 σμων
2330 553 2604 624 αἱμάτων,
2633 551 2738 604 ἔδει
2763 550 2925 603 πάλιν
2949 549 3336 619 ἀνακληθῆναι,
3367 549 3461 602 καὶ
3485 550 3623 620 πρὸς
3668 552 3745 603 τὸ

2143 646 2370 714 ἀρχαῖον
2431 642 2802 711 ἐπαναχθῆναι
2829 682 2843 705 ,
2902 640 2990 694 διὰ
3045 640 3330 709 σπλάγχνα
3379 640 3560 703 ἐλέους
3588 640 3742 693 Θεοῦ

2139 736 2357 806 Πατρὸς
2383 734 2561 806 ἡμῶν,
2584 735 2686 786 οὐκ
2706 733 3076 803 ἀνασχομένου
3103 731 3443 803 ζημιωθῆναι
3471 731 3742 786 τοσοῦτον

2140 827 2303 898 ἔργον
2353 827 2455 896 τῆς
2490 827 2697 889 οἰκείας
2745 827 2927 897 χειρὸς
2959 826 3048 877 τὸν
3096 827 3402 897 ἄνθρωπον.
3449 826 3576 890 Πῶς
3633 823 3743 880 οὖν

2140 918 2578 987 ἀναπλασθῆναι,
2610 918 2700 970 καὶ
2734 917 2786 969 τί
2826 917 3112 985 γενέσθαι;
3152 917 3224 969 Τὸ
3249 919 3346 988 μὲν
3371 919 3596 990 σφοδρὸν
3625 920 3741 989 τῆς

2144 1009 2387 1079 ἰατρείας
2423 1009 2533 1077 (50)
2569 1007 3092 1078 ἀποδοκιμασθῆναι,
3131 1009 3206 1071 ὡς
3235 1007 3358 1061 οῦτε
3387 1011 3596 1072 πεῖσον,
3632 1011 3742 1062 καὶ

2141 1099 2482 1173 προσπλῆξαι
2509 1101 2828 1169 δυνάμενον,
2864 1099 2951 1151 διὰ
2975 1099 3073 1169 τὴν
3091 1102 3155 1151 ὲκ
3175 1098 3269 1152 τοῦ
3299 1100 3492 1170 χρόνου
3517 1100 3738 1168 φυσίω-

2142 1210 2248 1255 σιν,
2283 1191 2362 1262 τῷ
2394 1192 2450 1244 δὲ
2491 1190 2685 1260 ἡμέρῳ
2720 1192 2814 1242 κα)⁴
2856 1189 3224 1262 φιλανθρώπῳ
3269 1191 3368 1260 τῆς
3426 1191 3738 1260 θεραπείας

2141 1283 2566 1354 οἱκονομηθῆναι
2599 1281 2736 1354 πρὸς
2780 1281 3171 1352 ἐπανόρθωσιν.
3203 1282 3354 1352 Μηδὲ
3379 1283 3485 1352 γὰρ
3515 1281 3581 1334 ἂν
3611 1283 3733 1353 (51)

2142 1374 2375 1446 πτόρθον
2425 1375 2575 1441 λοξὸν
2633 1376 2877 1442 ἐνεγκεῖν
2905 1373 3106 1444 ἀθρόαν
3139 1373 3453 1444 μετάκλισιν
3485 1374 3596 1444 (52)
3629 1375 3738 1429 καὶ

2144 1465 2264 1537 βίαν
2291 1465 2473 1536 χειρὸς
2507 1463 2920 1533 ἀπευθυνούσης
2959 1464 3175 1532 (θᾶττον
3218 1465 3316 1535 μέν
3337 1465 3383 1517 τ’
3414 1465 3480 1518 ἂν
3506 1466 3736 1536 πληγῆ-

2142 1557 2306 1627 ναι,ῆ
2337 1555 2688 1626 ὀρθωθῆναι),
2716 1556 2855 1627 μήτε
2880 1556 3045 1608 ἵππον
3065 1556 3178 1626 (55)
3199 1556 3400 1627 θερμὸν
3428 1557 3522 1610 καὶ
3557 1558 3741 1625 ὑπερ-

2143 1649 2307 1719 ήλικα
2348 1648 2568 1718 χαλινοῦ
2611 1647 2923 1718 τυραννίδα,
2961 1647 3084 1718 δίχα
3131 1642 3274 1712 τινὸς
3315 1648 3606 1712 κολακείας
3633 1649 3738 1701 καὶ

2141 1739 2580 1809 ποππυσμάτων.
2619 1738 2720 1791 Διά
2739 1738 2896 1791 τοῦτο
2917 1739 3120 1792 δίδοται
3146 1739 3308 1809 νόμος
3337 1742 3467 1810 ἡμῖν
3497 1741 3579 1802 είς
3600 1739 3738 1810 βοή-

2143 1829 2314 1894 θειαν,
2344 1827 2455 1883 οἷόν
2474 1847 2525 1882 τι
2576 1830 2944 1900 διατείχισμα,
2989 1831 3150 1900 μέσον
3183 1830 3318 1883 Θεοῦ
3347 1832 3440 1882 καὶ
3467 1830 3734 1890 εἰδώλων.

2141 1920 2250 1973 τῶν
2287 1921 2384 1991 μὲν
2429 1921 2658 1989 ἀπάγων
2702 1923 2872 1991 ἡμᾶς,
2905 1921 3041 1992 πρὸς
3074 1922 3131 1974 δὲ
3164 1923 3254 1975 τὸν
3280 1923 3587 1990 ἐπανάγων.
3615 1922 3739 1975 Καὶ

2144 2015 2417 2084 συγχωρεῖ
2439 2031 2490 2066 τι
2525 2012 2721 2084 μικρὸν
2748 2014 2842 2067 ἀπ’
2873 2014 3071 2085 ἀρχῆς,
3102 2015 3190 2067 ἵνα
3222 2015 3284 2066 τὸ
3319 2015 3502 2086 μεῖζον
3559 2014 3735 2088 λάϐῃ.

2141 2104 2426 2176 Συγχωρεῖ
2478 2105 2578 2167 τάς
2627 2104 2816 2168 θυσίας
2856 2106 3013 2170 τέως,
3057 2106 3125 2159 ἵν’
3172 2107 3557 2177 έγκαταστήσῃ
3610 2105 3738 2175 (54)

2147 2195 2312 2248 Θεόν·
2349 2195 2560 2257 ἔπειτα,
2599 2196 2764 2266 ἡνίκα
2800 2197 3009 2267 καιρὸς,
3065 2197 3344 2272 καταλύσῃ
3367 2199 3585 2262 καὶτὰς
3632 2198 3741 2251 θυ-

2148 2288 2290 2352 σίας,
2330 2286 2508 2356 σοφῶς
2555 2287 2908 2341 ὑπαλλάττων
2959 2291 3106 2359 ἡμᾶς
3149 2292 3272 2354 ταῖς
3325 2289 3467 2343 κατά
3528 2289 3739 2360 μικρὸν

2148 2381 2463 2451 ὑφαιρέσεσι
2489 2379 2624 2450 (55),
2655 2379 2749 2432 καὶ
2785 2380 3036 2450 μετάγων
3060 2381 3153 2433 ἐπὶ
3172 2382 3233 2434 τὸ
3262 2379 3595 2450 Εὐαγγέλιον
3623 2381 3733 2452 ἠδη

2146 2472 2631 2543 γεγυμνασμένους
2660 2472 2796 2543 πρὸς
2828 2472 3158 2528 εὐπείθειαν.

461 2559 626 2613 Deum
653 2561 706 2613 in
742 2559 896 2613 nobis
921 2560 1154 2627 inserat;
1199 2575 1264 2614 ac
1296 2569 1504 2629 postea,
1563 2577 1686 2616 cum
1751 2566 2093 2620 commodum
2133 2567 2316 2636 fuerit,
2349 2571 2466 2638 ipsa
2493 2584 2706 2638 quoque
2745 2569 3013 2624 sacriﬁcia
3047 2569 3112 2622 de
3158 2567 3336 2621 medio
3370 2567 3542 2629 tollat,
3587 2566 3736 2620 mira

460 2647 729 2715 sapientia
763 2663 860 2716 per
887 2649 1080 2702 tacitas
1124 2649 1524 2704 subtractiones
1574 2652 1783 2706 animos
1853 2664 2070 2710 nostros
2107 2659 2307 2713 sensim
2363 2661 2676 2725 immutans,
2719 2659 2885 2731 855
2939 2669 3100 2730 atque
3131 2660 3199 2714 ad
3230 2659 3577 2730 Evangelium
3617 2669 3737 2713 tra-

460 2747 682 2805 ducens.
726 2745 839 2813 jam
887 2745 953 2798 ad
983 2746 1342 2802 obediendum
1395 2750 1721 2805 exercitatos
1769 2759 1825 2807 et
1863 2756 2224 2814 assuefactos.

541 2836 678 2890 XIII.
713 2836 806 2891 Sic
836 2837 997 2906 igitur
1025 2847 1190 2905 atque
1219 2838 1304 2892 bis
1343 2840 1410 2893 de
1461 2841 1659 2906 causis,
1703 2842 1793 2896 lex
1839 2846 2042 2915 scripta
2069 2853 2113 2908 c

462 2928 764 2982 introducta
797 2938 900 2991 est,
949 2928 1014 2982 ad
1045 2928 1316 2984 Christum
1369 2945 1470 2984 nos
1516 2932 1786 2987 deducens
1826 2951 1840 3000 ;
1883 2944 2045 3002 atque

464 3022 600 3084 Iure,
629 3030 687 3074 ut
712 3036 827 3074 mea
855 3021 961 3074 fert
993 3022 1281 3086 sententia,
1327 3023 1717 3079 sacrificiorum
1761 3036 1844 3081 est
1881 3029 2042 3082 ratio.

468 3112 537 3168 Ut
565 3123 744 3166 autem
776 3114 1056 3182 sapientia:
1078 3112 1168 3168 Dei
1196 3113 1638 3185 profunditatem,
1657 3126 1820 3188 atque
1846 3121 2048 3190 imper-

462 3205 856 3273 vestigabilium
903 3205 1069 3274 ipsius
1105 3205 1430 3272 judiciorum
1481 3207 1699 3262 divitias
1735 3210 2029 3283 intelligas,

466 3311 533 3349 ne
559 3309 620 3348 ea
655 3293 870 3361 quidem
905 3296 1148 3365 mysterii
1190 3310 1415 3362 prorsus
1445 3299 1689 3368 expertia
1729 3310 1785 3355 et
1819 3303 2044 3369 inutilia,

463 3395 514 3440 et
569 3387 620 3439 in
669 3387 812 3439 nudo
853 3400 916 3440 ac
967 3388 1197 3456 simplici
1249 3391 1510 3458 sanguine
1557 3391 1732 3446 deﬁxa
1781 3393 2045 3461 reliquit:

465 3491 652 3530 verum
687 3492 878 3546 magna
905 3477 1013 3540 illa,
1039 3485 1116 3541 et,
1138 3489 1400 3546 quantum
1422 3481 1486 3534 ad
1517 3481 1745 3550 primam
1772 3492 2046 3549 naturam,

465 3567 868 3633 imtnactabilis,
901 3577 958 3621 ιιι
978 3567 1050 3622 ita
1077 3569 1289 3637 loquar,
1315 3571 1557 3635 victima,
1587 3571 1844 3642 legalibus
1875 3576 2048 3627 sacri-

468 3660 607 3714 ﬁciis
673 3659 906 3713 immista
969 3672 1082 3724 est;
1148 3660 1278 3727 illa,
1348 3662 1609 3730 inquam,
1679 3678 1783 3716 non
1841 3665 2049 3734 exigua:

467 3750 747 3820 cujusdam
799 3752 968 3820 partis
1017 3753 1164 3807 orbis
1197 3764 1488 3817 terrarum,
1533 3770 1635 3810 nec
1682 3757 1746 3810 ad
1795 3757 2046 3826 exiguum

467 3852 701 3909 tempus,
759 3843 852 3896 sed
908 3843 1069 3896 totius
1105 3845 1286 3897 mundi
1334 3860 1606 3914 nunquam
1643 3846 2049 3901 intermoritura

466 3931 718 3999 expiatio.
753 3931 980 3984 Proinde
1001 3947 1171 4000 agnus
1193 3933 1407 4000 quidem
1442 3933 1708 4003 accipitur
1735 3934 1801 4002 “,
1833 3948 2050 4006 pr0ptcr

469 4025 836 4080 innocentiam
861 4026 1167 4092 veterisque
1195 4025 1452 4080 nuditatis
1478 4027 1872 4084 indumentum.
1903 4029 2051 4085 Talis

471 4119 617 4172 enim
665 4128 746 4172 est
779 4117 993 4172 victima
1038 4119 1124 4171 illa
1169 4135 1266 4182 pro
1297 4119 1451 4173 nobis
1500 4133 1659 4185 cassa,
1704 4136 1824 4189 qua:
1866 4121 2050 4176 incor-

474 4209 736 4278 ruptionis
797 4209 1189 4277 indumentum,
1247 4219 1304 4264 ut
1362 4225 1548 4265 revera
1596 4219 1699 4278 est,
1737 4213 2049 4281 appellatur.

548 4370 777 4426 "Exod.
800 4385 900 4435 xu,
942 4370 976 4424 5
1005 4386 1125 4440 sqq.

470 4496 708 4541 veterem
755 4485 925 4554 legem
989 4486 1167 4556 datam
1208 4501 1350 4549 esse,
1393 4502 1516 4541 cum
1565 4488 1669 4541 alia
1714 4488 1878 4542 multa
1909 4501 2046 4556 prae-

470 4569 645 4624 cepta,
680 4571 798 4622 qua:
826 4571 925 4609 nos
959 4558 1024 4608 ab
1053 4555 1314 4610 idolorum
1343 4559 1486 4612 cultu
1519 4558 1872 4623 abducebant,
1900 4555 2048 4610 com-

473 4629 816 4696 plectentem,
872 4639 981 4678 tum
1040 4641 1100 4679 ea
1155 4627 1340 4692 etiam,
1390 4643 1510 4691 quae
1561 4629 1627 4682 ad
1658 4628 2047 4683 sacrificiorum

473 4697 732 4749 rationem
772 4697 1132 4763 pertinebant,
1171 4715 1190 4748 ι
1232 4707 1338 4752 etc.
1380 4696 1520 4751 Billii
1551 4714 1677 4752 vero
1727 4701 2050 4764 interpreta-

476 4767 619 4820 tione
643 4768 824 4818 omnia
860 4767 1246 4820 disturbantur.
1281 4765 1370 4820 Sic
1402 4769 1548 4822 enim
1577 4769 1739 4822 vertit
1767 4787 1780 4821 :
1818 4787 1837 4818 ‹
1869 4769 2051 4832 Quan-

473 4835 760 4904 doquidem
787 4837 929 4888 enim
966 4851 1083 4900 nos,
1121 4837 1188 4889 ab
1226 4837 1380 4889 initio
1410 4852 1506 4905 per
1539 4849 1819 4906 peccatum
1851 4838 2048 4905 lapsos,

475 4916 636 4974 atque
670 4921 698 4958 a
735 4906 1004 4972 voluptate
1037 4921 1206 4974 usque
1240 4907 1305 4958 ad
1337 4907 1598 4961 idolorum
1626 4909 1825 4962 cultum
1857 4923 1919 4960 ac
1952 4923 2047 4960 ne-

474 4975 642 5030 farios
667 4990 908 5037 cruores,
951 4975 1232 5047 subreptos
1246 4985 1318 5047 _et
1345 4979 1803 5047 circmnscriptos,
1833 4986 2052 5045 propter

474 5048 682 5100 viscera
711 5046 1091 5099 misericordiae
1128 5047 1218 5098 Dei
1246 5044 1426 5102 Patris
1467 5044 2048 5113 nostri,'tanti’tnanus

475 5116 824 5184 suaeopiﬁcii,
865 5117 964 5168 hoc
995 5125 1097 5182 est,
1135 5116 1392 5180 hominis,
1422 5120 1686 5184 jacturatn
1729 5117 1907 5170 facere
1945 5132 2049 5169 non

475 5187 810 5249 sustinentis,
841 5188 1110 5247 revocari,
1150 5193 1311 5253 atque
1350 5187 1402 5239 in
1444 5198 1677 5240 veterem
1719 5198 1918 5241 statum
1961 5201 2050 5240 re-

477 5258 626 5308 stitui
650 5256 956 5323 oportebat,
988 5255 1128 5309 hanc
1163 5256 1216 5308 in
1266 5269 1330 5308 eo
1384 5258 1736 5312 instauranda
1782 5257 2048 5309 rationem

479 5326 666 5378 initam
701 5341 821 5380 esse
875 5327 1263 5387 existimamus,
1294 5337 1394 5394 fut,
1431 5329 1640 5380 acriore
1691 5336 1851 5394 atque
1891 5341 2049 5392 aspe-

479 5397 621 5448 riore
650 5395 909 5450 medicina
948 5395 1245 5462 improbata
1281 5393 1362 5463 (ut
1405 5412 1523 5464 quae
1552 5412 1658 5449 non
1697 5393 1850 5450 modo
1895 5397 2049 5448 ﬁdem

481 5465 707 5528 fat-tura,
750 5466 866 5528 sed,
898 5476 1116 5533 propter
1160 5474 1493 5518 contractum
1541 5470 1798 5534 temporis
1841 5467 2054 5518 diutur-

480 5536 650 5588 nitate
685 5545 971 5598 tumorem,
1015 5535 1247 5589 fortasse
1289 5535 1454 5589 etiam
1496 5538 1741 5588 morbum
1775 5536 2054 5590 exulcera-

482 5613 600 5658 tura
628 5603 814 5669 esset),
856 5604 961 5658 leni
997 5619 1061 5658 ac
1089 5605 1622 5660 facilimedicamenti
1653 5619 1848 5672 genere
1889 5607 2053 5673 ipsius

481 5674 850 5744 resipiscentia
881 5686 1260 5745 procuraretur
1291 5691 1305 5730 :
1344 5689 1517 5744 neque
1551 5677 1719 5742 enim,
1761 5693 1778 5727 ι
1810 5684 1914 5731 etc.

2228 2847 2326 2903 IP'.
2361 2849 2518 2904 Οὕτω
2549 2851 2646 2921 μὲν
2675 2845 2770 2904 οὖν
2797 2850 2890 2904 καὶ
2913 2849 3002 2902 διὰ
3027 2847 3223 2912 ταῦτα,
3253 2845 3499 2917 εἰσῆλθεν
3527 2847 3556 2898 ὁ
3591 2862 3740 2917 γρα-

2148 2939 2280 3002 πτὸς
2310 2942 2492 3011 νόμος,
2527 2943 2777 3010 συνάγων
2822 2943 2970 3012 ἡμᾶς
3015 2942 3095 3003 εἰς
3131 2939 3389 3010 Χριστὸν,
3431 2937 3523 2990 καὶ
3572 2931 3740 3002 οὗτος

2145 3031 2253 3084 τῶν
2279 3031 2477 3085 θυσιῶν
2509 3034 2536 3085 ὁ
2564 3033 2740 3101 λόγος,
2789 3033 2863 3097 ὡς
2890 3035 2917 3085 ὁ
2946 3032 3076 3101 ἐμὸς
3106 3030 3261 3099 λόγος
3290 3030 3423 3100 (56).
3465 3029 3552 3093 Ὠς
3575 3029 3641 3084 ἂν
3676 3030 3741 3083 δὲ

2145 3121 2206 3173 τὺ
2238 3123 2335 3192 τῆς
2357 3123 2548 3192 σοφίας
2579 3124 2741 3194 βάθος
2763 3125 2836 3194 μὴ
2856 3125 3022 3194 ἀγνοῇ
3034 3140 3080 3187 ς,
3118 3124 3212 3175 καὶ
3238 3122 3328 3175 τὸν
3354 3119 3581 3173 πλοῦτον
3621 3121 3741 3175 τῶν

2147 3213 2569 3284 ἀνεξιχνιάστων
2618 3215 2785 3268 αὐτοῦ
2814 3216 3118 3286 κριμάτων,
3151 3213 3274 3265 οὐδὲ
3299 3212 3499 3276 ταύτας
3532 3229 3743 3265 παντε-

2146 3300 2252 3364 λῶς
2295 3303 2546 3374 ἀνιέρους
2601 3304 2834 3376 ἀφῆκεν,
2869 3304 2990 3356 οὐδὲ
3021 3303 3353 3368 ἀσυντελεῖς,
3386 3303 3508 3355 οὐδὲ
3565 3304 3739 3374 μέχρι

2145 3390 2302 3459 ψιλοῦ
2339 3391 2634 3462 προῖούσας
2658 3393 2752 3445 τοῦ
2787 3392 3019 3462 αἵματος
3043 3408 3059 3424 ο
3083 3391 3220 3444 ἀλλὰ
3247 3392 3308 3445 τὸ
3340 3392 3481 3462 μέγα
3507 3392 3618 3462 (57)
3639 3393 3742 3444 καὶ

2147 3481 2341 3535 ἄθυτον
2373 3483 2587 3552 ἱερεῖον,
2626 3483 2691 3537 ἵν’
2733 3482 2905 3544 οὕτως
2936 3482 3095 3547 εἴπω,
3145 3482 3270 3535 ὅσον
3317 3483 3411 3534 ἐπὶ
3438 3485 3503 3553 τῇ
3537 3481 3740 3552 πρώτῃ

2147 3571 2327 3640 φύσει,
2359 3577 2480 3637 ταῖς
2508 3578 2760 3644 νομικαίς
2789 3575 2999 3639 θυσίαις
3027 3574 3526 3645 ἐγκαταμέμικται,
3545 3574 3641 3626 καὶ
3672 3576 3741 3626 οὐ

2152 3665 2348 3735 μικροῦ
2401 3666 2601 3737 μέρους
2635 3666 2734 3736 τῆς
2767 3667 3114 3736 οἰκουμένης,
3141 3665 3263 3718 οὐδὲ
3321 3665 3459 3736 πρὸς
3515 3666 3703 3733 ὀλίγον
3725 3705 3742 3729 ,

2148 3755 2286 3808 ἀλλά
2312 3755 2513 3818 παντὸς
2541 3755 2635 3808 τοῦ
2665 3756 2870 3826 κόσμου
2901 3757 2996 3809 καὶ
3043 3753 3351 3820 διαιωνίζον
3406 3755 3742 3827 καθάρσιον.

2149 3846 2246 3898 Διά
2295 3846 2407 3916 (58)
2437 3846 2596 3899 τοῦτο
2646 3847 2985 3918 λαμϐάνεται
3037 3847 3307 3919 πρόϐατον
3358 3848 3488 3918 μὲν,
3521 3847 3609 3900 διὰ
3635 3847 3746 3918 τὴν

2149 3937 2404 4002 ἀκακίαν,
2455 3938 2550 3990 καὶ
2602 3939 2663 3991 τὸ
2710 3937 2914 4010 ἔνδυμα
2975 3939 3074 4009 τῆς
3108 3941 3342 4010 ἀρχαίας
3374 3938 3742 4011 γυμνὼσεως.

2151 4029 2401 4081 Τοιοῦτον
2426 4029 2536 4100 γὰρ
2565 4030 2626 4082 τὸ
2658 4031 2800 4101 ὑπὲρ
2832 4031 2989 4101 ἡμῶν
3025 4032 3273 4100 σφάγιον,
3302 4031 3504 4101 ἔνδυμα
3523 4031 3747 4103 ἀφθαρ-

2155 4121 2293 4186 σίας,
2327 4124 2420 4176 καὶ
2445 4122 2527 4186 ὃν,
2554 4125 2650 4176 καὶ
2673 4123 2784 4195 (50)
2817 4124 3170 4196 καλούμενον.
3199 4125 3415 4177 Τέλειον
3435 4124 3515 4188 δὲ,
3544 4125 3606 4177 οὐ
3649 4125 3746 4177 διὰ

2086 4204 2129 4258 Ῐ)
2158 4215 2256 4284 τὴν
2281 4214 2510 4270 θεότητα
2539 4217 2719 4286 μόνον,
2769 4213 2838 4288 ἧς
2879 4218 3029 4270 οὐδὲν
3052 4217 3380 4289 τελεώτερον
3433 4217 3571 4290 (40),
3600 4217 3745 4273 ἀλλά

2223 4482 2332 4552 (50)
2367 4482 2670 4552 Ἰατρείας.
2709 4480 2873 4536 Coisl.
2922 4482 3142 4549 Iaddit,
3187 4483 3344 4549 τέως,
3385 4501 3403 4534 ι
3435 4481 3671 4536 interim.
3717 4503 3736 4535 ν

2221 4547 2333 4623 (5ί)
2377 4547 2496 4604 Ἂν.
2523 4547 2693 4623 _Deest
2724 4555 2775 4605 itt
2804 4553 2897 4606 0r.
2928 4554 2980 4623 1.

2223 4621 2336 4694 (52)
2376 4621 2767 4676 Μετάκλισιν.
2806 4624 2895 4694 Sic
2925 4622 3056 4690 Reg.
3085 4623 3180 4688 ph.
3212 4632 3337 4675 octo
3365 4622 3543 4694 uolt)"
3582 4621 3738 4687 Par.,

2152 4691 2256 4748 etc.
2291 4712 2308 4743 ι
2339 4694 2684 4746 lnllexionem
2721 4693 2772 4744 in
2813 4691 3034 4747 alteram
3065 4702 3292 4761 partem.
3324 4709 3342 4743 ι
3385 4693 3441 4744 In
3467 4694 3555 4747 ed.
3582 4707 3738 4756 vero,

2156 4763 2508 4836 μετάκλησιν,
2543 4762 2916 4836 (“accitumza

2223 4834 2334 4905 (35)
2376 4830 2541 4900 Μήτε
2569 4832 2774 4905 ἵππον.
2831 4833 2922 4887 Sic
2956 4832 3086 4903 Reg.
3122 4831 3213 4901 ph,
3260 4839 3373 4886 tres
3425 4830 3737 4896 Colb.,etc.

2153 4904 2210 4958 In
2234 4903 2369 4957 ‘Par.
2408 4908 2517 4965 ed.,
2550 4905 2685 4971 μήτε
2721 4903 2911 4955 ἵππου.

2223 4975 2336 5047 (54)
2378 4973 2502 5047 "Ir:
2516 4971 2964 5047 ἐγκαταστήσῃ.
3000 4972 3188 5047 Comb.
3220 4990 3235 5027 :
3268 4988 3292 5024 ι
3327 4981 3383 5025 ut
3410 4973 3575 5025 Deum
3609 4986 3743 5024 con-

2151 5043 2361 5104 stituat,
2393 5053 2450 5094 ut
2476 5043 2564 5096 Dei
2597 5058 2815 5112 sensum
2867 5044 3289 5112 religionemque
3321 5049 3601 5112 statuat.)

2223 5115 2337 5184 (55)
2383 5110 2788 5184 ’Υφαιρέσεσι.
2832 5109 2992 5184 (ΙοὶεΙζ
3049 5114 3075 5165 1
3115 5113 3293 5177 addit,
3340 5111 3434 5164 καὶ
3470 5109 3735 5180 ὑφέσεσι,

2158 5203 2177 5235 ι
2228 5183 2623 5236 Subtractiones
2655 5193 2708 5234 et
2733 5183 3151 5235 imminutiones.
3184 5200 3204 5232 ι

2223 5254 2336 5326 (59')
2385 5252 2705 5326 faccem);
2729 5253 2929 5326 λόγος.
2973 5251 3322 5326 Haeg__1l_esu_nt
3353 5251 3405 5303 in
3563 5250 3611 5326 I_.

2225 5319 2335 5394 (57)
2390 5319 2575 5394 Ἀλλὰ
2610 5321 2674 5372 τὸ
2700 5319 2873 5390 μέγα,
2903 5332 3024 5394 Αοιο.
3074 5320 3455 5394 VideArnaud
3502 5322 3553 5394 in
3594 5321 3735 5394 hanc

2153 5389 2473 5455 orationem,
2510 5391 2584 5446 De
2607 5402 2856 5458 perpetua
2889 5390 3141 5445 Ecclesia:
3185 5391 3291 5458 ﬁde
3329 5392 3468 5442 circa
3505 5389 3724 5445 Eucha.

2153 5466 2375 5523 ristiam,
2411 5475 2538 5515 tom.
2583 5463 2644 5525 ll,
2674 5463 2766 5513 ltb.
2802 5477 2850 5512 v1
2874 5499 2888 5524 ,
2920 5477 3041 5530 cap.
3078 5462 3162 5527 l0,
3202 5476 3322 5530 pag.
3355 5460 3478 5512 675.

2222 5533 2336 5602 (58)
2369 5532 2489 5585 Διά.
2523 5531 2615 5586 Or.
2657 5534 2706 5602 ι,
2749 5533 2856 5582 Καὶ
2887 5531 2993 5582 διά.

2225 5600 2336 5670 (59)
2376 5603 2504 5655 Καί.
2531 5604 2622 5656 Ur.
2655 5601 2676 5653 1
2716 5603 2878 5654 addit.
2923 5600 3027 5665 ἀεί,
3079 5620 3096 5650 ι
3127 5613 3355 5666 semper.
3388 5617 3408 5651 ι

2229 5669 2340 5744 (40)
2397 5671 2770 5739 Τελεώτερον.
2806 5670 2936 5742 Reg.
2966 5675 3072 5738 bin,
3108 5669 3456 5740 τελειότερον.
