3898 6222
136 274 233 327 641

1100 263 1360 321 ORATIO
1398 263 1562 322 XLV.
1600 296 1672 306 —
1708 261 1775 318 IN
1815 260 2145 319 SANCTUM
2183 259 2477 320 PASCHA.

3296 267 3406 323 642

135 395 230 451 καί
259 394 350 448 διὰ
384 392 484 464 τὴν
509 388 816 464 πρόσληψιν
839 386 940 458 τὴν
984 387 1304 458 χρισθεῖσαν
1344 386 1583 457 θεότητι,
1627 385 1724 438 καὶ

1835 382 2104 442 Perfectus
2156 393 2357 452 autem,
2416 400 2522 440 non
2569 387 2730 441 modo
2784 393 3002 456 propter
3052 385 3412 450 divinitatem,

135 487 441 558 γενομένην
489 483 628 554 ὅπερ
657 483 720 534 τὸ
761 485 956 554 χρῖσαν
982 480 1118 551 (41),
1149 480 1246 533 καὶ
1276 477 1463 551 θαρῤῶ
1504 476 1686 545 λέγειν
1710 514 1726 540 ,

132 579 386 650 όμόθεον.
415 578 618 648 ’Δρῤεν
654 575 734 642 δὲ,
763 575 838 638 ώς
869 573 1012 644 ὑπὲρ
1036 571 1150 645 (42)
1174 571 1271 625 τοῦ
1323 571 1496 643 Ἀδὰμ
1555 586 1728 642 προσ-

135 673 430 741 αγόμενον,
460 668 661 740 μᾶλλον
689 667 747 720 δὲ
783 665 877 719 τοῦ
903 665 1014 736 (45)
1031 663 1257 738 στερροὖ
1279 663 1341 717 τὸ
1357 663 1728 734 στεῤῥότερον,

134 762 229 815 τοῦ
267 760 487 834 πρώτου
514 759 774 823 πεσόντος
806 758 913 812 ὑπὸ
942 758 1041 829 τὴν
1069 757 1368 829 ἁμαρτίαν,
1394 755 1487 809 καὶ
1510 756 1593 808 ὅτι
1623 754 1728 824 μά-

135 852 296 906 λιστα
351 851 518 924 μηδὲν
546 851 704 922 θῆλυ,
739 851 876 921 μηδὲ
907 849 1256 920 ἄνανδρον”ὲν
1288 847 1466 918 ἐαυτῷ
1516 845 1681 917 φέρον
1712 859 1728 875 ·

131 947 273 1000 ἁλλὰ
321 947 418 1000 καὶ
482 943 720 1016 ἐκραγὲν
759 943 855 1014 βίᾳ
904 942 1016 1013 (44)
1056 942 1271 1012 δεσμῶν
1299 939 1642 1012 παρθενικῶν
1670 956 1730 992 τε

134 1039 235 1092 καὶ
282 1037 588 1108 μητρικῶν,
623 1035 766 1090 κατὰ
823 1035 1024 1105 πολλὴν
1081 1033 1361 1101 ἐξουσίαν,
1398 1035 1494 1087 καὶ
1538 1031 1729 1103 τεχθὲν

134 1128 308 1199 ἄρσεν
334 1129 398 1180 ἐκ
429 1128 528 1199 τῆς
553 1125 906 1199 προφήτιδος,
934 1125 1010 1189 ώς
1043 1127 1271 1188 Ἡσαΐας
1294 1122 1726 1193 εὐαγγελίζεται.

148 1216 459 1271 Ἐνιαύσιον
508 1217 588 1280 δὲ,
617 1218 692 1280 ὡς
720 1216 874 1287 ἥλιον
921 1215 1301 1287 δικαιοσύνης,
1337 1215 1370 1286 ἢ
1405 1214 1614 1268 ἐκεῖθεν
1639 1216 1731 1284 ὁρ-

139 1305 420 1377 μώμενον,
451 1307 485 1376 ἢ
526 1306 605 1376 τῷ
629 1306 895 1378 ὁρωμένῳ
935 1305 1046 1377 (45)
1096 1305 1491 1377 περιγραπτον,
1519 1304 1612 1358 κα)⁵
1650 1307 1730 1368 είς

135 1396 338 1450 ἑαυτὸν
370 1396 772 1467 ἐπιστρέφοντα
794 1396 938 1467 (46)·
979 1396 1240 1465 στέφανόν
1269 1414 1328 1450 τε
1366 1396 1730 1468 χρηστότητος

135 1487 366 1557 εὐλογού
376 1505 557 1558 μενον,
585 1488 680 1541 καὶ
698 1487 1034 1558 πανταχόθεν
1058 1489 1171 1541 ῐσον
1197 1489 1375 1559 ἑαυτῷ
1392 1489 1487 1542 καὶ
1507 1489 1690 1559 ὅμοιον
1711 1505 1725 1518 ·

133 1581 200 1633 οὺ
233 1579 396 1651 μόνον
414 1580 490 1644 δὲ,
512 1579 649 1633 ἁλλὰ
675 1580 768 1632 καὶ
795 1578 870 1643 ὡς
893 1577 1192 1647 ζωογονοῦν
1217 1579 1330 1649 (47)
1355 1577 1447 1632 τὸν
1473 1578 1582 1631 τῶν
1613 1579 1733 1650 ἁρε-

132 1671 250 1724 τῶν
292 1670 406 1742 (48)
436 1669 657 1734 κύκλον,
689 1669 868 1739 ὴπίως
900 1669 1348 1741 ἐπιμιγνυμένων
1398 1669 1492 1723 καὶ
1539 1687 1732 1740 κιρνα-

1833 491 1936 544 qua
1969 475 2100 529 nihil
2119 477 2431 544 perfectius,
2454 478 2548 532 sed
2575 478 2737 532 etiam
2772 487 2993 547 propter
3016 477 3411 532 humanitatem

1833 569 2110 625 divinitate
2140 578 2380 634 unctam,
2413 570 2664 638 idemque
2697 569 2964 636 effectam,
3003 571 3144 639 quod
3170 572 3220 623 id
3245 586 3273 624 a
3303 585 3414 641 quo

1833 670 1994 715 uncta
2051 668 2153 726 est,
2211 669 2392 729 atque,
2445 671 2504 716 ut
2547 663 2808 717 audacter
2841 663 3052 731 loquar,
3077 663 3326 733 ὁμόθεον,
3359 666 3416 720 id

1831 762 1936 816 est,
1972 753 2126 806 simul
2158 752 2343 806 Deum.
2375 751 2648 809 Masculus
2685 764 2885 820 autem,
2936 757 3114 824 utqui
3149 771 3245 826 pro
3273 758 3418 812 Ada-

1832 861 1921 901 mo
1953 847 2296 915 potissimum
2330 845 2612 909 otl’eratur,
2650 862 2835 902 verum
2879 847 2968 901 illo
3001 847 3158 900 firmo
3187 847 3416 913 firmior,

1831 953 1953 993 cum
2008 939 2096 993 ille
2145 940 2352 1008 primus
2400 940 2454 993 in
2515 950 2795 1009 peccatum
2859 940 3042 1008 lapsus
3090 941 3196 1003 sit;
3257 951 3419 1008 atque

1833 1032 2096 1101 imprimis
2133 1035 2278 1102 quod
2333 1033 2469 1088 nihil
2520 1035 2800 1098 muliebre,
2859 1033 2992 1086 nihil
3048 1032 3208 1086 molle
3259 1040 3420 1101 atque

1831 1121 2205 1180 elfeminatum
2243 1134 2452 1194 gestet;
2520 1141 2706 1179 verum
2739 1143 2769 1180 e
2807 1125 3063 1194 virgineis
3082 1134 3135 1177 et
3159 1125 3420 1180 maternis

1831 1216 2060 1271 vinculis
2090 1231 2189 1285 pro
2212 1225 2476 1286 potestate
2529 1232 2594 1271 ac
2642 1217 2692 1270 vi
2739 1217 3000 1285 eruperit,
3033 1225 3089 1269 et
3122 1215 3416 1281 masculus,

1832 1318 1892 1362 ut
1917 1309 2203 1362 annuntiat
2231 1308 2396 1363 Isaias
2421 1308 2488 1373 ιδ,
2519 1324 2585 1362 ex
2611 1307 2951 1377 prophetissa
2980 1316 3138 1359 natus
3179 1307 3269 1361 sit.
3307 1307 3420 1359 An-

1831 1399 2044 1454 niculus
2074 1416 2256 1469 porro,
2289 1414 2348 1454 ut
2376 1402 2455 1457 sol
2487 1399 2743 1468 iustitiae,
2806 1399 2890 1454 vel
2941 1414 2971 1452 e
3017 1398 3155 1452 coelo
3201 1413 3420 1468 progre-

1833 1490 2006 1554 diens,
2053 1491 2158 1556 vel,
2209 1501 2468 1559 quantum
2529 1493 2595 1545 ad
2645 1500 2850 1560 partem
2901 1504 3052 1552 eam,
3097 1504 3216 1558 quae
3249 1488 3420 1542 oculis

1833 1581 2092 1645 cernitur,
2123 1581 2566 1650 circumscriptus
2593 1596 2658 1635 ac
2686 1581 2964 1645 deﬁnitus,
2997 1589 3048 1634 et
3074 1581 3140 1633 ad
3181 1579 3420 1647 seipsum

1835 1671 2094 1727 rediens:
2130 1683 2294 1742 atque
2333 1673 2462 1728 item
2503 1682 2560 1727 ut
2606 1672 2956 1742 benignitatis
3001 1686 3204 1726 corona
3247 1672 3418 1725 bene-

136 1762 324 1834 μένων
343 1762 623 1834 ἀλλήλαις,
652 1761 802 1832 νόμῳ
859 1760 1039 1831 φιλίας
1073 1762 1169 1814 καὶ
1201 1759 1432 1826 τάξεως.
1463 1761 1727 1830 Ἀμωμον

1835 1763 1977 1816 dicta
2005 1764 2069 1827 ¹⁶,
2095 1766 2353 1834 omnique
2379 1781 2444 1820 ex
2469 1774 2622 1834 parte
2653 1765 2754 1820 sibi
2782 1765 2974 1820 similis
2995 1774 3048 1818 et
3073 1763 3330 1832 aequalis:
3357 1775 3424 1817 ac

131 1856 196 1909 δὲ
251 1855 352 1909 καὶ
405 1855 716 1926 ἀκίϐδηλον,
773 1854 850 1918 ὡς
906 1853 1302 1926 θεραπευτικὸν
1349 1852 1575 1924 μώμων,
1641 1854 1736 1907 καὶ

131 1950 250 2002 τῶν
303 1947 414 2002 ἀπὸ
460 1947 660 2010 κακίας
711 1947 1111 2018 ἐλαττωμάτων
1185 1947 1280 2001 καὶ
1347 1946 1731 2018 μολυσμὰτων.

133 2039 207 2092 Et
261 2039 372 2109 γὰρ
441 2041 534 2092 καὶ
584 2039 684 2102 τὰς
749 2039 1028 2110 ἁμαρτίας
1077 2038 1237 2109 ἡμῶν
1301 2037 1532 2091 ἀνέλαϐε
1566 2078 1582 2102 ,
1640 2039 1736 2091 καὶ

134 2133 242 2197 τὰς
296 2130 487 2194 νόσους
527 2130 852 2196 ἐϐάστασεν,
899 2129 1014 2184 ἀλλ’
1056 2131 1156 2184 οὐκ
1213 2130 1374 2193 αὐτός
1407 2147 1460 2182 τι
1501 2129 1736 2184 πέπονθε

130 2223 254 2277 τῶν
306 2222 602 2295 θεραπείας
653 2221 840 2290 ἀξίων.
901 2221 1234 2294 Ἐπειράσθη
1293 2221 1392 2292 μὲν
1446 2220 1556 2292 γὰρ
1590 2221 1731 2275 κατὰ

134 2315 344 2379 πάντα,
379 2315 498 2368 καθ’
533 2315 830 2386 ὁμοιότητα
860 2313 958 2385 τὴν
984 2300 1284 2386 ἡμετέραν,
1329 2313 1500 2384 χωρὶς
1551 2314 1731 2385 ἁμαρ-

132 2407 266 2470 τίας
285 2405 363 2460 δέ.
409 2405 472 2459 '0
503 2406 613 2477 γὰρ
641 2405 838 2472 διώξας
866 2405 928 2459 τὸ
952 2407 1143 2475 φαῖνον
1171 2406 1230 2458 ἐν
1262 2407 1328 2476 τῇ
1365 2403 1559 2476 σκοτίᾳ
1587 2404 1725 2474 φῶς,

133 2496 206 2549 οὐ
235 2493 556 2548 κατέλαϐεν.

1830 1863 2094 1921 praeterea
2156 1865 2214 1912 ut
2263 1858 2560 1922 virtutum,
2622 1872 2740 1925 quae
2789 1857 3042 1911 amicitia:
3098 1857 3420 1924 ordinisque

1835 1942 1949 2012 lege
1999 1944 2192 2000 leniter
2242 1948 2560 2016 placideque
2615 1948 2758 2002 inter
2810 1963 2868 2002 se
2919 1945 3320 2017 coniunguntur
3364 1955 3422 1998 et

1833 2038 2273 2104 commiscentur,
2340 2041 2528 2093 orbem
2598 2039 2946 2107 progignens.
3029 2023 3428 2090 lmmaculatus

1834 2125 2056 2196 insuper
2088 2137 2144 2183 et
2185 2129 2553 2199 incorruptus,
2603 2140 2661 2183 ut
2697 2132 2788 2198 qui
2838 2144 3038 2193 naevos,
3087 2139 3140 2183 et
3175 2128 3326 2193 vitia,
3371 2135 3426 2179 et

1838 2219 2027 2274 sordes
2055 2234 2084 2273 a
2128 2231 2350 2289 peccato
2382 2232 2700 2289 manantes,
2750 2232 2923 2278 curet.
2975 2221 3234 2288 Quamvis
3277 2221 3425 2275 enim

1836 2321 2055 2381 peccata
2089 2325 2271 2369 nostra
2325 2317 2644 2386 susceperit,
2676 2324 2732 2370 et
2796 2314 3009 2367 morbos
3038 2312 3334 2381 portaverit
3355 2310 3425 2375 η,

1836 2402 1952 2473 ipse
1983 2413 2161 2458 tamen
2187 2405 2317 2460 nihil
2347 2421 2557 2472 eorum,
2603 2420 2724 2475 quae
2755 2405 2924 2476 856
2951 2404 3249 2458 curationis
3283 2403 3424 2455 indi-

1835 2505 1982 2564 εθηι,
2019 2511 2304 2567 perpessus
2334 2511 2436 2554 est.
2485 2499 2752 2554 Tentatus
2795 2508 2879 2552 est
2927 2498 3073 2552 enim
3115 2510 3210 2565 per
3247 2497 3426 2549 omnia

137 2606 244 2659 pro
262 2589 614 2645 similitudine
639 2597 843 2654 nostra,
876 2597 1135 2645 cteterum
1163 2590 1370 2659 absque
1400 2598 1624 2659 peccato
1652 2589 1715 2643 ⁸⁸.
1757 2588 1850 2645 111ε
1878 2593 2046 2661 enim,
2073 2596 2165 2664 qui
2223 2596 2399 2652 lucem
2426 2595 2478 2652 in
2533 2595 2772 2651 tenebris
2794 2594 3060 2649 lucentem
3096 2594 3139 2626 ¹⁹
3171 2606 3429 2662 persecu.

139 2697 236 2738 tus
258 2692 364 2748 est,
400 2698 518 2737 eam
552 2683 966 2752 haudquaquam
995 2686 1426 2754 comprehendit.

217 2773 312 2827 IA'.
352 2774 415 2828 Τί
445 2778 560 2840 Est;
609 2776 734 2844 Μὴν
769 2776 868 2845 μὲν
919 2777 1203 2846 εἰσάγεται
1257 2779 1495 2850 πρῶτος,
1533 2778 1731 2849 μᾶλλον

1903 2777 2043 2834 XIV.
2106 2777 2245 2846 Quid
2300 2779 2606 2849 praeterea?
2653 2779 2853 2834 Mensis
2910 2777 3129 2848 quidem
3191 2779 3424 2847 primus,

134 2865 224 2927 δὲ,
255 2865 399 2936 ἀρχὴ
429 2863 647 2936 μηνῶν·
680 2863 793 2916 εἴτε
847 2881 932 2929 τις
977 2865 1136 2919 τοῦτο
1166 2866 1294 2937 παρ’
1335 2865 1612 2939 Ἑϐραίοις
1659 2867 1735 2921 ὢν

135 2958 240 3010 ἀπ’
276 2956 474 3027 ἀρχῆς,
534 2955 645 3008 εἴτε
701 2954 931 3026 ὕστερον
979 2955 1230 3010 ἐντεῦθεν
1274 2957 1583 3028 γενόμενος,
1644 2959 1738 3011 καὶ

137 3048 304 3120 παρὰ
329 3047 425 3101 τοῦ
467 3049 768 3120 μυστηρίου
807 3049 869 3102 τὸ
901 3044 1043 3103 εἶναι
1074 3049 1290 3120 πρῶτος
1315 3049 1516 3104 λαϐών.
1544 3051 1622 3121 Τῇ
1649 3049 1738 3103 δε-

139 3141 293 3210 κὰτῃ
322 3139 382 3191 δὲ
408 3137 502 3192 τοῦ
533 3140 700 3210 μηνός
725 3155 741 3172 ·
763 3133 918 3203 οὗτος
945 3139 1055 3211 γὰρ
1073 3139 1323 3211 ἀριθμῶν
1342 3140 1733 3211 πληρέστατος,

140 3235 216 3285 ὲκ
249 3231 494 3302 μονάδων
530 3229 724 3302 πρώτη
765 3231 932 3302 μονὰς
959 3231 1161 3298 τελεία,
1193 3233 1286 3286 καὶ
1322 3232 1614 3303 γεννητικὴ
1642 3250 1736 3285 τε-

141 3323 446 3394 λειότητος.
469 3324 818 3393 Διατηρεϊται
863 3323 922 3376 δὲ
952 3325 1032 3387 εἰς
1060 3322 1317 3393 πέμπτην
1347 3323 1582 3394 ἡμέραν,
1607 3323 1737 3385 ἴσως

142 3413 236 3466 ὅτι
287 3411 622 3482 καθαρτικὸν
675 3411 985 3484 αἰσθήσεων
1024 3415 1087 3466 τὸ
1112 3411 1245 3483 ἐμὸν
1277 3411 1444 3483 θῦμα,
1481 3412 1540 3478 ἐξ
1573 3405 1648 3466 ὧν
1675 3413 1736 3466 τὸ

144 3503 390 3565 πταίειν,
438 3504 534 3556 καὶ
585 3505 715 3575 περὶ
746 3503 813 3567 ἂς
865 3506 894 3558 ὁ
945 3503 1202 3574 πόλεμος,
1266 3503 1648 3574 είσδεχομένας
1675 3505 1738 3558 τὸ

146 3595 377 3666 κέντρον
424 3595 525 3665 τῆς
577 3594 870 3666 ἁμαρτίας.
928 3595 1239 3662 Ἐκλέγεται
1263 3595 1340 3659 δὲ,
1371 3595 1472 3648 οὐκ
1501 3593 1608 3648 ἀπὸ
1629 3595 1736 3651 τῶν

147 3687 335 3760 ἀρνῶν
364 3688 544 3758 μόνον,
576 3687 711 3741 ἀλλὰ
761 3690 853 3740 καὶ
877 3687 970 3740 τοῦ
1008 3687 1251 3758 χείρονος
1283 3686 1476 3750 εἴδους,
1514 3686 1608 3738 καὶ
1638 3687 1738 3758 τῆς

147 3781 448 3853 ἀριστερᾶς
481 3780 663 3850 χειρὸς
705 3780 814 3833 τῶν
846 3780 1073 3851 ἐρίφων,
1105 3779 1190 3832 ὅτι
1231 3778 1306 3850 μὴ
1332 3778 1475 3849 ὑπὲρ
1505 3777 1614 3831 τῶν
1657 3779 1734 3832 δι-

147 3872 325 3925 καίων
351 3871 531 3942 μόνον,
566 3871 704 3924 ἀλλὰ
731 3872 823 3924 καὶ¹
848 3870 958 3940 (49)
987 3868 1095 3922 τῶν
1128 3869 1469 3940 ἁμαρτωλῶν
1503 3871 1738 3939 σφαγιά-

147 3963 305 4025 ζεται
323 3977 335 3990 ·
367 3961 508 4032 τάχα
530 3963 587 4016 δὲ
621 3963 760 4033 ὑπὲρ
788 3961 992 4014 τούτων
1022 3961 1116 4014 καὶ
1138 3960 1320 4023 πλέον,
1344 3961 1454 4031 ὅσῳ
1483 3961 1577 4013 καὶ
1614 3961 1736 4032 μεί-

147 4052 304 4116 ζονος
353 4051 628 4124 χρῄζομεν
688 4052 790 4121 τῆς
841 4049 1274 4121 φιλανθρωπίας.
1323 4049 1735 4120 Θαυμαστὸνδέ

1837 2867 1921 2921 vel
1949 2867 2214 2923 mensium
2242 2867 2420 2937 potius
2461 2869 2788 2938 principium
2844 2869 3114 2922 inducitur
3168 2868 3250 2932 ²⁰;
3306 2868 3424 2923 sive

1837 2958 2104 3028 quispiam
2137 2959 2205 3013 ab
2238 2959 2391 3013 initio
2426 2960 2566 3029 apud
2598 2959 2850 3014 Hebraeos
2883 2959 2936 3013 id
2976 2959 3156 3024 fuerit,
3209 2959 3321 3014 sive
3354 2973 3425 3013 ex

1836 3066 1899 3106 ea
1932 3064 1991 3104 re
2024 3058 2208 3120 postea
2253 3050 2428 3106 factus
2467 3051 2558 3114 sit,
2606 3062 2770 3122 atque
2799 3052 2866 3106 ab
2894 3051 2994 3106 hoc
3023 3053 3282 3122 mysterio
3321 3053 3424 3106 hoc

1837 3143 2130 3212 acceperit,
2157 3152 2216 3196 ut
2241 3143 2491 3212 princeps
2523 3151 2689 3198 esset.
2725 3142 2940 3197 Decima
2971 3153 3150 3197 autem
3184 3143 3423 3198 mensis:

1837 3235 1962 3303 quia
1996 3234 2083 3290 hic
2113 3249 2369 3290 numerus
2393 3235 2632 3290 omnium
2664 3234 3124 3298 absolutissimus,
3166 3234 3423 3288 nimirum

1837 3342 1900 3381 ex
1937 3326 2236 3381 unitatibus
2272 3327 2452 3381 unitas
2479 3327 2648 3396 prima
2689 3325 2950 3396 perfecta,
2988 3333 3044 3379 et
3075 3324 3424 3393 perfectionis

1836 3432 2056 3488 parens.
2086 3418 2413 3473 Asservatur
2433 3432 2597 3488 porro
2626 3417 2680 3472 in
2709 3418 2956 3487 quintum
2990 3417 3154 3484 diem,
3184 3414 3420 3471 fortasse

1821 3510 1960 3580 quia
1993 3510 2210 3564 victima
2252 3524 2372 3564 mea
2414 3511 2466 3564 id
2498 3511 2681 3572 habet,
2734 3520 2793 3562 ut
2831 3524 3024 3564 sensus
3071 3517 3354 3579 expurget,
3391 3523 3422 3562 a

1839 3600 2034 3669 quibus
2059 3613 2341 3672 peccatum
2372 3602 2569 3666 oritur,
2623 3611 2678 3657 et
2703 3603 2850 3657 circa
2883 3616 3023 3671 quos
3051 3601 3247 3656 bellum
3277 3614 3424 3655 com-

1839 3691 2093 3757 mittitur,
2119 3699 2304 3758 utpote
2338 3691 2546 3759 peccati
2582 3691 2831 3745 aculeum
2866 3688 3236 3744 admittentes.
3273 3688 3417 3742 Deli-

1837 3781 1984 3852 gitur
2013 3792 2213 3846 autem,
2256 3797 2361 3835 non
2395 3781 2569 3836 solum
2617 3797 2682 3836 ex
2729 3783 2885 3852 agnis
2913 3782 2982 3847 ¹¹,
3026 3781 3123 3836 sed
3157 3781 3321 3836 etiam
3356 3797 3423 3838 ex

1836 3872 2088 3926 deteriori
2141 3886 2362 3943 genere,
2427 3887 2495 3927 ex
2530 3873 2701 3928 haedis
2737 3874 2986 3941 scilicet,
3037 3873 3129 3942 qui
3195 3873 3422 3928 sinistra

1837 3978 1999 4017 manu
2029 3971 2153 4018 sunt
2175 3965 2258 4029 ";
2315 3965 2440 4032 quia
2486 3978 2592 4018 non
2645 3979 2743 4032 pro
2793 3963 2956 4034 justis
3005 3965 3287 4031 duntaxat,
3315 3963 3422 4038 sed

1835 4055 1998 4107 etiam
2026 4067 2123 4121 pro
2157 4054 2533 4122 peccatoribus
2569 4062 2871 4118 mactatur;
2906 4067 2968 4106 ac
3014 4051 3246 4107 fortasse
3279 4053 3424 4120 ipso-

146 4144 326 4206 οὐδὲν,
357 4148 406 4198 εί
439 4145 670 4216 μάλιστα
695 4145 792 4215 μὲν
819 4144 939 4197 κατ’
967 4137 1116 4195 οἷκον
1137 4143 1366 4195 ἕκαστον
1391 4141 1729 4213 ἐπιζητεῖται

1837 4162 1954 4200 rum
1980 4147 2158 4215 potius
2187 4163 2373 4211 causa,
2410 4149 2846 4217 quandoquidem
2873 4145 3066 4212 majori
3107 4145 3421 4200 misericor-

143 4234 214 4286 τὸ
240 4233 530 4306 πρόϐατον,
556 4234 682 4287 εἰδὲ
718 4234 813 4305 μὴ,
843 4234 938 4287 καὶ
966 4234 1088 4285 κατ’
1126 4233 1310 4294 οἴκους
1339 4233 1607 4303 πατριῶν,
1642 4233 1732 4287 διὰ

145 4325 342 4381 πενίαν
373 4324 752 4396 ὲρανιζόμενον
773 4343 785 4356 ·
811 4324 998 4394 ἐπειδὴ
1026 4325 1338 4395 κράτιστον,
1369 4322 1604 4393 μάλιστα
1633 4324 1732 4395 μὲν

145 4416 314 4469 αὐτὸν
339 4417 567 4472 ἕκαστον
595 4419 787 4488 ἀρκεῖν
813 4415 992 4485 ἐαυτῷ
1018 4414 1155 4485 πρὸς
1182 4414 1482 4479 τελείωσιν,
1507 4417 1601 4469 καὶ
1635 4415 1730 4468 θυ-

148 4506 275 4558 σίαν
312 4505 518 4572 ζῶσαν,
555 4507 722 4576 ἁγίαν
745 4505 1042 4576 προσάγειν
1069 4502 1148 4574 τῷ
1173 4503 1428 4558 καλοῦντι
1457 4505 1569 4576 (50)
1589 4497 1728 4578 Θεῷ,

145 4599 385 4651 πάντοτε
413 4598 508 4652 καὶ
557 4597 647 4651 διὰ
698 4597 914 4651 πάντων
968 4593 1396 4665 καθιερούμενον
1423 4608 1438 4624 ·
1470 4594 1600 4648 εἰδὲ
1631 4597 1729 4667 μὴ,

222 4691 398 4744 "lsa.
424 4704 544 4755 vm,
574 4690 627 4743 5.
705 4688 750 4720 ⁸⁸
789 4686 932 4742 Psal.
980 4701 1130 4750 ικιν,
1175 4685 1264 4739 12.
1347 4686 1387 4717 ’⁷
1430 4685 1532 4740 lsa.
1563 4701 1680 4753 LIII,
1713 4688 1769 4743 4.

142 4777 271 4830 Sqq.
345 4760 391 4791 ¹¹
421 4760 550 4813 ibid.
577 4760 630 4814 5.
709 4759 754 4790 ²²
796 4758 986 4812 Matth.
1025 4772 1150 4821 xxv,
1192 4757 1281 4811 55.

219 4852 329 4924 (41)
370 4850 615 4924 Χρῖσᾳν.
664 4848 757 4924 Si_c
811 4847 978 4924 Regg.
1027 4847 1139 4911 bm,
1186 4846 1276 4916 ph,
1326 4843 1489 4900 Coisl.
1525 4844 1583 4911 2,
1620 4853 1729 4901 etc.

142 4863 635 4978 méiiisé‘fi"33’;.

217 4992 329 5063 (4‘2)
380 4992 478 5063 Ὠς
514 4984 994 5063 ὑπέρτ-ξὶεἮ-ςςε.
1031 4988 1144 5063 btn,
1175 5001 1266 5063 p_n,
1295 4985 1494 5063 aliique
1523 4984 1723 5055 plures.

145 5054 242 5119 Sic
277 5054 594 5127 etiamlegit
625 5054 1036 5127 Billius.iPijave
1070 5059 1122 5110 in
1149 5054 1259 5118 ευ..
1286 5054 1495 5127 ὥσπερ.

217 5133 330 5204 (45)
367 5125 617 5204 Μᾶλλον
655 5128 724 5182 δὲ
757 5126 884 5182 τοῦ.
925 5125 1096 5198 Regg.
1150 5127 1262 5192 bin,
1316 5125 1411 5196 ph,
1455 5133 1589 5192 etc.,
1622 5127 1728 5196 μά-

139 5201 302 5256 λιστα
329 5201 446 5256 τοῦ.

214 5273 329 5341 (44)
367 5271 476 5324 Καὶ
509 5270 766 5339 ἐκραγὲν
789 5270 918 5338 βίᾳ.
950 5289 968 5321 ι
992 5269 1056 5341 Vi
1080 5276 1334 5337 eruperit,
1362 5286 1380 5319 ι
1412 5268 1599 5341 i_d__est,
1631 5284 1651 5318 ι
1671 5269 1724 5322 vi

139 5336 353 5397 naturae
380 5342 546 5407 illata,
577 5336 748 5396 illaesa
779 5336 967 5395 matris
995 5336 1324 5409 virginitate.
1364 5358 1383 5391 ι
1411 5336 1532 5391 Bill.
1569 5355 1588 5389 ι
1612 5341 1726 5392 vio-

139 5415 316 5467 lenter
345 5413 601 5477 eruperit.
639 5429 659 5462 ι

211 5482 326 5550 (45)
373 5475 698 5549 Ὀῥωμένῳ.
737 5481 828 5534 Sic
877 5481 1048 5549 Regg.
1092 5495 1143 5542 c,
1194 5479 1250 5544 d,
1279 5479 1370 5547 ph,
1412 5489 1520 5532 tres
1547 5475 1723 5550 Colb.,

133 5549 311 5607 Coisl.
338 5550 393 5615 Ξ,
427 5551 538 5605 Jes.
574 5553 664 5604 Sic
686 5552 848 5604 etiam
885 5551 1016 5620 legit
1048 5551 1250 5604 Billius.
1296 5550 1352 5602 In
1391 5551 1502 5615 ed.,
1538 5549 1723 5619 ὁρμω-

140 5623 311 5693 μένῳ,
341 5637 428 5693 ea
449 5621 822 5693 progrediente
843 5622 1170 5693 descriptus;
1206 5638 1225 5670 ›

208 5687 323 5761 (itit
374 5687 872 5758 ’Eiuaipéworw,
927 5687 1039 5747 etc.
1094 5691 1152 5744 ln
1206 5687 1475 5745 nonnullis
1530 5687 1721 5751 codd.,

1835 4239 1920 4291 dia
1951 4253 2086 4308 opus
2125 4238 2406 4297 habemus.
2453 4238 2589 4292 lllud
2620 4248 2798 4291 autem
2845 4237 3066 4290 minime
3115 4237 3420 4290 mirandum

1835 4338 1936 4394 est,
1963 4329 2106 4398 quod
2133 4330 2372 4384 maxime
2397 4329 2612 4399 quidem
2657 4343 2750 4398 per
2791 4327 3030 4398 singulas
3076 4327 3266 4380 domos
3300 4326 3420 4380 ovis

1836 4419 2156 4486 requiritur;
2189 4420 2272 4473 sin
2301 4420 2499 4481 minus,
2543 4427 2602 4472 at
2653 4426 2800 4473 certe
2830 4433 2926 4486 per
2956 4417 3146 4470 domos
3178 4415 3418 4469 familia-

1837 4523 1953 4562 rum
1983 4510 2052 4562 ob
2085 4517 2454 4577 paupertatem
2477 4515 2729 4577 erogatus
2757 4522 2771 4559 :
2805 4503 3242 4574 quandoquidem
3275 4503 3415 4571 opti-

1835 4614 1981 4651 mum
2009 4607 2112 4663 est,
2145 4600 2486 4668 potissimum
2511 4600 2728 4667 quidem
2759 4597 2860 4652 sibi
2885 4609 3154 4673 quemque
3186 4593 3252 4646 ad
3296 4607 3421 4660 per-

1870 4689 1913 4721 "
1945 4689 2110 4746 Hebr.
2148 4704 2223 4755 IV,
2249 4689 2338 4744 15.
2442 4687 2486 4719 ¹⁹
2517 4687 2673 4743 .loan.
2719 4705 2759 4756 1,
2809 4689 2862 4744 5.
2958 4686 3004 4717 ²⁰
3038 4682 3208 4738 Exod.
3251 4697 3348 4746 xu,
3381 4682 3419 4736 2

1829 4847 2193 4919 ἐπιστρέφων,
2230 4847 2608 4916 στέφανος.....
2653 4844 3155 4917 εὐλογοῦμενος.....
3180 4837 3414 4906 lucc"..-

1828 4917 2033 4970 ὅμοιος.
2073 4931 2177 4970 etc.

1903 4934 2033 4981 οιος,
2073 4931 2177 4971 etc.

1861 4935 2425 5058 μῗιὲἓῗὲώῗγονοῦν.
2447 5005 2468 5039 ι
2499 4985 2664 5042 Vitali
2703 4987 2812 5043 fetu
2835 4985 3213 5056 progignens.)
3247 4981 3416 5050 Quiu-

1825 5056 1933 5127 que
1965 5058 2155 5127 liegg.,
2185 5056 2489 5126 ζωογονῶν.

1895 5127 2010 5198 (48)
2048 5125 2333 5198 Ἃρετῶν.
2359 5127 2522 5182 Coisl.
2554 5125 2603 5192 1,
2628 5125 2810 5198 ὡρῶν,
2846 5145 2864 5177 ι
2884 5125 3011 5178 anni
3036 5133 3363 5198 temporum,
3388 5143 3407 5176 ι

1824 5193 1944 5267 qua:
1991 5193 2137 5252 inter
2185 5213 2245 5252 se
2300 5197 2497 5252 leniter
2540 5193 2984 5267 commiscentur.
3033 5193 3222 5267 Neque
3266 5198 3412 5267 enim

1825 5265 2005 5322 subita
2055 5269 2123 5322 ab
2171 5283 2277 5321 uno
2316 5267 2594 5321 contrario
2643 5267 2710 5318 ad
2767 5265 2996 5319 alterum
3046 5265 3105 5316 lit
3144 5266 3409 5330 mutatio;

1824 5353 1943 5403 nec,
1981 5348 2040 5392 ut
2075 5340 2329 5394 observat
2351 5338 2593 5401 Nicetas,
2620 5337 2710 5405 qui
2739 5336 2882 5389 hunc
2907 5336 3070 5387 etiam
3096 5333 3268 5405 locum
3300 5352 3319 5384 ι
3344 5335 3413 5388 de

1824 5409 2112 5463 virtutibus
2142 5428 2162 5460 ι
2197 5409 2439 5476 exponit,
2483 5403 2666 5462 statim
2709 5406 2776 5460 ab
2827 5412 3017 5458 testate
3053 5403 3122 5457 ad
3178 5403 3411 5460 hiemem

1827 5478 2142 5532 transimus.

2045 5549 2178 5623 Καί.
2217 5546 2458 5623 §aviliu_s_
2486 5546 2654 5611 addit,
2687 5543 2852 5623 6_1:_ép.
3006 5610 3018 5623 .
3156 5611 3168 5622 θ

1895 5613 2010 5688 (50)
2049 5615 2370 5675 Καλοῦντι.
2413 5618 2670 5687 Hervag.,
2701 5613 2889 5680 ζῶντι,
2921 5629 2943 5666 ι
2972 5613 3193 5668 viventi.
3219 5629 3240 5666 ι
