3898 6222
439 247 549 308 659

1694 242 1752 299 S.
1790 242 2123 301 GREGORII
2161 244 2510 302 TIIEOLOGI

3611 242 3726 297 640

441 371 751 419 nostrarum
777 359 1015 424 modulo,
1052 373 1157 415 non
1192 357 1355 413 nimis
1394 357 1628 414 absurde
1655 371 1758 415 nec
1802 358 2030 415 ridicule

2151 361 2284 432 huic;
2306 363 2372 416 ὲκ
2394 362 2494 431 τῆς
2524 357 2801 431 ἁμαρτίας
2818 355 2882 408 τὸ
2908 356 3004 409 ἀπ’
3031 352 3228 424 ἀρχῆς,
3249 354 3343 406 καὶ
3360 352 3447 406 διὰ
3470 353 3573 422 τῆς
3605 356 3731 424 ἡδο-

442 457 795 512 disseremus.
844 453 919 507 Ita
948 453 1094 508 enim
1122 452 1502 509 existimamus
1537 468 1552 507 :
1587 453 2029 522 quandoquidem

442 561 544 601 nos
586 560 681 615 per
719 553 1000 615 peccatum
1048 544 1117 597 ab
1149 543 1307 598 initio
1339 542 1498 612 lapsi,
1529 551 1696 613 atque
1735 544 2031 613 voluptatis

444 638 692 693 illecebra
746 651 915 706 usque
967 636 1034 690 ad
1084 635 1353 690 idolorum
1410 634 1614 689 cultum
1679 650 1745 691 ac
1792 635 2032 693 nefarios

445 744 670 786 cruores
702 730 945 796 subrepti
978 727 1274 793 fueramus,
1298 742 1394 795 per
1416 727 1625 782 viscera
1648 726 2033 784 misericordia:

449 823 542 878 Dei
590 821 767 877 Patris
805 823 998 877 nostri.
1051 819 1142 889 qui
1196 819 1451 885 hominis,
1500 820 1635 874 tanti
1681 835 1874 875 manus
1923 835 2032 875 sua!

447 915 669 986 opiﬁcii,
691 915 963 984 jacturam
1008 912 1186 968 facere
1229 927 1336 968 non
1365 912 1647 977 sustinuit,
1697 912 1941 967 revocari
1969 928 2033 968 ac

447 1008 503 1061 in
554 1008 840 1077 pristinum
903 1014 1104 1060 statum
1153 1003 1369 1060 restitui
1423 1004 1727 1072 oportebat.
1780 1002 2028 1070 Quonam

447 1098 614 1166 igitur
640 1108 797 1168 pacto
844 1095 993 1151 illum
1037 1094 1346 1158 reformari,
1386 1094 1586 1163 quidve
1633 1094 1782 1149 fieri?
1828 1094 2033 1165 Negligi

449 1190 665 1259 quidem
703 1189 971 1243 acriorem
1005 1185 1351 1250 medicinam,
1380 1193 1567 1254 utpOte
1604 1186 1669 1239 ad
1698 1187 2032 1254 persuaden-

446 1279 573 1334 dum
630 1278 808 1334 minns
868 1279 1139 1343 idoneam,
1203 1286 1259 1331 et
1301 1291 1442 1346 quae,
1505 1275 1577 1331 ob
1639 1276 2031 1331 diuturniorem

448 1369 616 1425 animi
666 1380 952 1433 tumorem,
1003 1381 1284 1424 excaecare
1333 1368 1527 1437 possit,
1572 1366 1679 1421 leni
1741 1377 1921 1421 autem
1969 1382 2034 1423 ac

448 1459 683 1529 benigno
718 1457 1077 1513 medicamine
1110 1456 1415 1526 procurari,
1456 1463 1515 1509 ut
1562 1455 1882 1526 erigeretur.
1925 1454 2033 1510 Ne-

448 1565 555 1619 que
584 1550 730 1604 enim
763 1547 998 1616 plantam
1027 1547 1304 1602 incurvam
1330 1585 1347 1611 ,
1389 1546 1623 1602 subitam
1670 1544 2032 1615 inflexionem,

450 1656 748 1710 manusque
769 1640 1026 1711 erigentis
1046 1639 1353 1695 violentiam
1376 1639 1520 1694 ferre
1561 1639 1662 1709 (sic
1690 1639 1835 1693 enim
1858 1639 2036 1710 potius

450 1730 589 1797 fore,
612 1741 670 1786 ut
702 1730 928 1785 laedatur
956 1739 1120 1798 atque
1163 1729 1512 1801 infringatur,
1561 1744 1723 1797 quam
1763 1740 1821 1784 ut
1848 1731 2031 1801 eriga-
2067 1715 2107 1772 Β

453 1822 589 1890 tur),
610 1837 710 1878 nec
733 1837 930 1891 equum
957 1820 1331 1890 praeferocem,
1357 1835 1421 1875 ac
1436 1821 1547 1891 jam
1577 1830 1736 1877 aetate
1756 1820 2032 1892 aliquanto

450 1914 886 1983 provectiorem,
949 1911 1087 1967 freni
1149 1912 1491 1982 tyrannidem
1574 1911 1854 1983 perferre,
1931 1912 2031 1967 nisi

451 2007 647 2061 blanda
681 2004 912 2074 quadam
942 2013 998 2058 et
1037 2002 1381 2059 adulabunda
1417 2019 1576 2058 manu
1615 2005 2029 2073 permulceatur.

451 2095 748 2164 Propterea
779 2093 951 2155 nobis,
1007 2094 1300 2162 adjnmenti
1335 2109 1523 2159 causa,
1560 2093 1644 2148 lex
1673 2092 1856 2162 datur,
1887 2094 2034 2149 velut

453 2186 688 2241 maceria
727 2187 994 2254 quaedam,
1047 2184 1187 2238 inter
1233 2185 1399 2238 Deum
1455 2193 1617 2253 atque
1669 2184 1810 2238 idola
1864 2185 2035 2240 inter-

448 2276 703 2347 jecta,ab
734 2276 820 2332 liis
852 2277 1069 2344 quidem
1102 2290 1199 2331 nos
1234 2275 1530 2341 abducens,
1563 2275 1629 2329 ad
1662 2274 1808 2329 illum
1852 2283 2032 2332 autem

457 2384 740 2425 revocans.
773 2371 849 2424 Ac
873 2367 1145 2439 paululum
1185 2367 1443 2436 quiddam
1473 2368 1649 2436 primo
1681 2366 1943 2451 indulget,
1975 2378 2036 2422 ut

455 2456 630 2525 majus
671 2456 922 2524 accipiat.
965 2452 1243 2509 Sacriﬁcia
1285 2456 1353 2508 ad
1407 2463 1617 2524 tempus
1663 2457 1936 2523 concedit,
1975 2469 2035 2514 ut

2130 453 2229 523 νῆς
2256 450 2567 515 κλαπέντας
2607 450 2800 521 μέχρις
2840 443 3303 516 είδωλολατρείας,
3330 446 3424 499 καὶ
3456 446 3568 499 τῶν
3590 446 3726 500 ἀθέ-

2133 558 2288 613 σμων
2321 541 2596 613 αἱμάτων,
2624 539 2731 592 ἔδει
2755 538 2918 592 πάλιν
2941 536 3330 608 ἀνακληθῆναι,
3358 536 3454 590 καὶ
3477 537 3616 607 πρὸς
3660 539 3727 591 τὸ

2134 634 2362 704 ἀρχαῖον
2423 630 2795 701 ἐπαναχθῆναι
2822 671 2836 695 ,
2894 628 2983 682 διὰ
3038 627 3322 698 σπλάγχνα
3371 627 3554 691 ὲλέους
3580 627 3725 680 Θεοῦ

2131 725 2350 796 Πατρὸς
2376 723 2554 795 ἡμῶν,
2575 724 2679 775 οὐκ
2698 721 3069 792 ἀνασχομένου
3095 718 3437 791 ζημιωθῆναι
3463 717 3725 773 τοσοῦτον

2132 817 2296 888 ἔργον
2346 815 2449 885 τῆς
2482 814 2690 878 οἰκείας
2737 815 2920 886 χειρὸς
2951 814 3042 866 τὸν
3088 814 3397 885 ἄνθρωπον.
3442 812 3569 877 Πῶς
3625 809 3727 867 οὖν

2133 906 2571 977 ἀναπλασθῆναι,
2602 907 2692 960 καὶ
2726 906 2780 958 τί
2818 904 3106 974 γενέσθαι;
3144 904 3218 957 Τὸ
3242 906 3340 976 μὲν
3364 906 3589 977 σφοδρὸν
3615 906 3725 977 τῆς

2136 998 2380 1068 ἰατρείας
2415 996 2527 1067 (50)
2562 994 3085 1067 ἀποδοκιμασθῆναι,
3123 996 3199 1060 ὡς
3225 994 3351 1049 οὔτε
3379 998 3588 1060 πεῖσον,
3622 998 3727 1050 καὶ

2133 1088 2475 1163 προσπλῆξαι
2502 1089 2822 1158 δυνάμενον,
2857 1087 2945 1140 διὰ
2967 1087 3067 1158 τὴν
3084 1089 3148 1140 ὲκ
3168 1086 3263 1140 τοῦ
3292 1088 3486 1158 χρόνου
3509 1086 3727 1155 φυσίω-

2134 1200 2241 1245 σιν,
2275 1180 2355 1252 τῷ
2386 1181 2443 1233 δὲ
2485 1179 2679 1251 ἡμέρῳ
2712 1180 2807 1232 καὶ
2849 1176 3218 1249 φιλανθρώπῳ
3263 1178 3361 1248 τῆς
3419 1177 3727 1248 θεραπείας

2133 1271 2560 1343 οἰκονομηθῆναι
2593 1269 2730 1343 πρὸς
2772 1269 3165 1340 ἐπανόρθωσιν.
3197 1269 3348 1340 Μηδὲ
3372 1270 3479 1340 γὰρ
3508 1268 3575 1322 ἂν
3603 1268 3725 1340 (51)

2135 1363 2369 1435 πτόρθον
2419 1363 2569 1430 λοξὸν
2625 1365 2871 1431 ἐνεγκεῖν
2899 1361 2963 1414 ἀθ
2974 1362 3100 1432 ρόαν
3132 1360 3447 1432 μετάκλισιν
3478 1360 3590 1431 (52)
3620 1361 3731 1416 καὶ

2137 1454 2258 1526 βίαν
2284 1454 2468 1525 χειρὸς
2500 1451 2915 1522 ἀπευθυνούσης
2951 1452 3170 1521 (θᾶττον
3211 1452 3310 1523 μέν
3329 1451 3377 1505 τ’
3408 1452 3475 1506 διν
3499 1452 3730 1523 πληγῆ-

2135 1564 2244 1611 ναι,
2267 1545 2300 1617 ἢ
2330 1543 2683 1616 ὀρθωθῆναι),
2710 1544 2849 1615 μήτε
2873 1544 3040 1597 ἵππον
3057 1543 3173 1614 (55)
3193 1543 3395 1615 θερμὸν
3422 1544 3517 1597 καὶ
3551 1544 3734 1612 ὑπερ-

2137 1638 2301 1709 ήλικα
2341 1636 2562 1708 χαλινοῦ
2605 1635 2918 1706 τυραννίδα,
2955 1635 3079 1707 δίχα
3124 1629 3270 1700 τινὸς
3308 1635 3601 1698 κολακείας
3624 1636 3733 1689 καὶ

2135 1727 2575 1798 ποππυσμάτων,
2613 1726 2714 1780 Διά
2733 1725 2891 1780 τοῦτο
2911 1726 3116 1780 δίδοται
3139 1726 3304 1797 νόμος
3331 1728 3462 1797 ἡμῖν
3491 1727 3574 1790 είς
3594 1725 3734 1797 βοή-

2137 1817 2309 1884 θειαν,
2337 1816 2449 1873 οἷόν
2467 1836 2519 1871 τι
2570 1819 2939 1889 διατείχισμα,
2983 1818 3146 1888 μέσον
3177 1817 3313 1871 Θεοῦ
3342 1819 3436 1871 καὶ
3462 1816 3730 1877 εἰδώλων.

2134 1909 2245 1963 τῶν
2281 1910 2379 1981 μὲν
2422 1909 2652 1979 ἀπάγων
2696 1911 2729 1979 ή
2739 1911 2867 1980 μᾶς,
2899 1909 3036 1981 πρὸς
3068 1909 3126 1962 δὲ
3158 1910 3249 1963 τὸν
3274 1909 3582 1977 ἐπανάγων.
3609 1909 3735 1962 Καὶ

2138 2004 2412 2073 συγχωρεῖ
2433 2019 2485 2055 τι
2518 2000 2716 2073 μικρὸν
2742 2002 2838 2056 ἀπ’
2866 2002 3066 2074 ἀρχῆς,
3097 2002 3186 2056 ἵνα
3216 2002 3279 2055 τὸ
3314 2001 3497 2073 μεῖζον
3554 2000 3731 2074 λάϐῃ.

2136 2093 2421 2165 Συγχωρεῖ
2472 2092 2573 2156 τὰς
2621 2092 2811 2157 θυσίας
2850 2095 3008 2158 τέως,
3052 2094 3120 2147 ἵν’
3166 2094 3553 2165 ὲγκαταστήσῃ
3606 2091 3734 2162 (54)

2141 2184 2306 2238 Θεόν·
2342 2183 2555 2247 ἔπειτα,
2594 2184 2760 2255 ἡνίκα
2795 2185 3005 2256 καιρὸς,
3060 2185 3340 2260 καταλύσῃ
3362 2186 3581 2249 καὶτὰς
3628 2184 3737 2238 θυ-

2143 2276 2286 2342 σίας,
2324 2274 2503 2345 σοφῶς
2549 2275 2903 2330 ὑπαλλάττων
2953 2279 3102 2348 ήμᾶς
3145 2279 3268 2341 ταῖς
3320 2276 3463 2331 κατὰ
3523 2275 3735 2347 μικρὸν

2142 2370 2459 2440 ὑφαιρέσεσι
2484 2367 2619 2439 (55),
2650 2367 2744 2421 καὶ
2780 2368 3032 2438 μετάγων
3055 2369 3149 2421 ἐπὶ
3167 2369 3229 2422 τὸ
3258 2366 3592 2438 Εὐαγγέλιον
3618 2367 3730 2440 ήδη

2141 2460 2626 2532 γεγυμνασμένους
2656 2460 2792 2532 πρὸς
2823 2460 3154 2516 εὐπείθειαν.

455 2552 622 2606 Deum
649 2551 702 2605 in
738 2550 891 2605 nobis
917 2550 1150 2619 inserat;
1195 2566 1260 2606 ac
1291 2559 1501 2621 postea,
1557 2567 1682 2606 cum
1746 2555 2089 2611 commodum
2128 2557 2311 2627 fuerit,
2345 2559 2462 2628 ipsa
2488 2572 2702 2627 quoque
2741 2556 3009 2613 sacrificia
3043 2557 3108 2611 de
3153 2555 3332 2609 medio
3364 2553 3539 2617 tollat,
3582 2553 3733 2607 mira

455 2639 725 2707 sapientia
758 2654 856 2708 per
883 2640 1076 2693 tacitas
1119 2639 1521 2695 subtractiones
1569 2642 1779 2697 animos
1848 2654 2066 2701 nostros
2103 2648 2304 2703 sensim
2358 2649 2672 2715 immutans,
2715 2647 2882 2720 855
2935 2657 3096 2719 atque
3126 2648 3196 2703 ad
3225 2646 3574 2718 Evangelium
3614 2655 3734 2701 tra-

456 2739 678 2796 ducens.
721 2737 836 2805 jam
883 2736 949 2790 ad
978 2737 1338 2817 obedien'dum
1390 2740 1718 2796 exercitatos
1765 2749 1822 2797 et
1859 2745 2220 2803 assuefactos.

536 2828 675 2883 XIII.
709 2827 802 2883 Sic
831 2828 994 2899 igitur
1021 2837 1187 2897 atque
1214 2829 1301 2883 bis
1339 2831 1406 2884 de
1456 2831 1656 2897 causis,
1699 2832 1790 2887 lex
1835 2836 2038 2905 scripta

2223 2836 2323 2892 η’.
2357 2837 2515 2893 Οὕτω
2545 2840 2643 2913 μὲν
2671 2833 2767 2893 οὖν
2792 2838 2886 2892 καὶ
2909 2836 2999 2890 διὰ
3023 2835 3220 2901 ταῦτα,
3248 2832 3496 2905 εἰσῆλθεν
3524 2834 3553 2887 ό
3589 2849 3737 2905 γρα-

458 2920 761 2975 introducta
793 2929 897 2983 est,
945 2919 1011 2974 ad
1040 2919 1312 2976 Christum
1364 2936 1466 2975 nos
1512 2922 1783 2977 deducens
1822 2941 1837 2991 ;
1879 2933 2042 2993 atque

460 3014 598 3076 lucc,
624 3021 684 3067 ut
708 3027 824 3066 mea
851 3012 958 3067 fert
989 3013 1278 3079 sententia,
1323 3014 1714 3070 sacrificiorum
1756 3025 1840 3072 est
1876 3018 2038 3072 ratio.

464 3104 533 3160 Ut
562 3115 742 3159 autem
772 3104 1053 3174 sapientia:
1074 3102 1165 3159 Dei
1191 3103 1634 3176 profunditatem,
1653 3116 1817 3179 atque
1842 3110 2045 3180 imper-

458 3196 853 3265 vestigabilium
899 3196 1066 3265 ipsius
1101 3196 1427 3264 iudiciorum
1478 3198 1696 3253 divitias
1732 3200 2026 3273 intelligas,

462 3303 531 3341 ne
555 3300 618 3341 ea
652 3285 868 3353 quidem
901 3287 1145 3357 mysterii
1187 3301 1413 3354 prorsus
1441 3289 1687 3358 expertia
1726 3299 1782 3345 et
1816 3291 2042 3360 inutilia,

459 3386 512 3433 et
566 3379 617 3432 in
666 3378 809 3432 nudo
849 3392 914 3432 ac
963 3379 1194 3449 simplici
1246 3381 1507 3450 sanguine
1554 3381 1730 3436 defixa
1777 3383 2043 3452 reliquit:

462 3483 650 3523 verum
683 3483 876 3539 magna
901 3467 1011 3532 illa,
1036 3477 1113 3532 et,
1134 3479 1397 3538 quantum
1418 3470 1484 3526 ad
1514 3471 1743 3541 primam
1769 3481 2044 3539 naturam,

462 3559 867 3625 immactabilis,
898 3569 956 3613 ιιι
975 3559 1048 3614 ita
1074 3560 1287 3629 loquar,
1311 3561 1556 3626 victima,
1584 3561 1842 3632 legalibus
1872 3565 2046 3617 sacri-

464 3652 604 3708 ﬁciis
670 3651 904 3706 immista
966 3662 1081 3716 est;
1145 3651 1276 3718 illa,
1345 3652 1607 3721 inquam,
1676 3668 1782 3707 non
1838 3655 2048 3724 exiguae

464 3742 744 3813 cujusdam
796 3745 965 3813 partis
1014 3744 1162 3799 orbis
1195 3755 1486 3808 terrarum.
1531 3760 1633 3800 nec
1680 3746 1744 3800 ad
1793 3746 2045 3817 exiguum

464 3845 699 3903 tempus,
757 3834 850 3889 sed
905 3834 1067 3888 totius
1102 3836 1285 3889 mundi
1331 3850 1605 3904 nunquam
1641 3837 2048 3892 intermoritura

463 3923 717 3992 expiatio.
750 3922 979 3977 Proinde
999 3938 1170 3992 agnus
1191 3924 1406 3993 quidem
1439 3923 1707 3994 accipitur
1732 3924 1799 3992 “,
1830 3937 2049 3996 propter

465 4017 834 4073 innocentiam
858 4017 1166 4084 veterisque
1193 4016 1451 4072 nuditatis
1475 4018 1871 4074 indumentum.
1902 4018 2050 4076 Talis

468 4111 616 4165 enim
662 4119 746 4164 est
777 4110 993 4165 victima
1035 4111 1123 4163 illa
1168 4126 1265 4174 pro
1296 4109 1450 4164 nobis
1498 4124 1658 4178 casa,
1702 4126 1824 4181 quae
1864 4112 2048 4167 incor-

2144 2928 2277 2993 πτὺς
2305 2931 2489 3001 νόμος,
2524 2932 2774 2999 συνάγων
2818 2931 2967 3001 ἡμᾶς
3011 2930 3092 2991 είς
3127 2926 3386 2998 Χριστὸν,
3427 2925 3520 2978 καὶ
3569 2917 3737 2989 οὗτος

2141 3020 2250 3075 τῶν
2276 3019 2474 3075 θυσιῶν
2505 3023 2534 3074 ὁ
2560 3021 2737 3091 λόγος,
2785 3021 2860 3086 ὠς
2886 3023 2914 3074 ό
2942 3019 3073 3090 ἐμὸς
3102 3018 3258 3087 λόγος
3286 3017 3421 3088 (56).
3460 3016 3550 3080 Ὧς
3570 3015 3640 3071 ἂν
3671 3017 3738 3070 δὲ

2141 3111 2203 3163 τὺ
2234 3112 2333 3183 τῆς
2353 3112 2545 3181 σοφίας
2575 3112 2738 3183 βάθος
2759 3113 2834 3183 μὴ
2852 3113 3020 3183 ἀγνοῇ
3030 3129 3077 3176 ς,
3114 3111 3210 3163 καὶ
3234 3109 3325 3163 τὸν
3351 3106 3579 3161 πλοῦτον
3618 3107 3737 3162 τῶν

2143 3202 2566 3273 ἀνεξιχνιάστων
2614 3204 2781 3258 αὐτοῦ
2810 3203 3115 3275 χριμάτων,
3147 3200 3271 3254 οὐδὲ
3295 3199 3497 3263 ταύτας
3530 3215 3740 3252 παντε-

2143 3289 2251 3354 λῶς
2291 3291 2544 3363 ἀνιέρους
2598 3293 2831 3365 ἀφῆκεν,
2866 3292 2987 3345 οὐδὲ
3018 3290 3351 3356 ἀσυντελείς,
3383 3289 3506 3342 οὐδὲ
3561 3290 3735 3360 μέχρι

2142 3379 2300 3449 ψιλοῦ
2336 3380 2632 3452 προῖούσας
2655 3380 2749 3434 τοῦ
2783 3380 3017 3451 αἵματος
3040 3396 3057 3413 ο
3080 3379 3217 3433 ἀλλά
3243 3379 3305 3433 τὺ
3336 3378 3478 3450 μέγα
3503 3378 3617 3449 (57)
3637 3379 3740 3431 καὶ

2144 3470 2339 3524 ἄθυτον
2370 3471 2585 3542 ἱερεῖον,
2622 3471 2688 3526 ἵν’
2730 3471 2904 3532 οὕτως
2933 3469 3093 3535 εἴπω,
3141 3469 3268 3523 ὅσον
3313 3470 3409 3523 ἐπὶ
3434 3470 3500 3540 τῇ
3534 3467 3737 3540 πρώτῃ

2145 3561 2325 3630 φύσει,
2356 3565 2478 3625 ταῖς
2505 3566 2757 3634 νομικαῖς
2785 3562 2997 3628 θυσίαις
3024 3560 3525 3633 ἐγκαταμέμικται,
3544 3561 3642 3614 καὶ
3669 3562 3738 3613 οὐ

2150 3652 2347 3725 μικροῦ
2399 3654 2599 3726 μέρους
2632 3655 2732 3725 τῆς
2763 3655 3112 3725 οἰκουμένης,
3138 3653 3261 3707 οὐδὲ
3317 3652 3456 3724 πρὸς
3512 3653 3701 3721 ὀλίγον
3721 3692 3738 3715 ,

2146 3744 2285 3799 ἀλλά
2310 3744 2512 3807 παντὸς
2538 3744 2633 3798 τοῦ
2663 3745 2868 3816 κόσμου
2898 3745 2995 3798 καὶ
3041 3741 3348 3808 διαιωνίζον
3403 3741 3739 3814 καθάρσιον.

2146 3835 2245 3888 Διά
2293 3834 2406 3906 (58)
2435 3835 2595 3889 τοῦτο
2644 3836 2983 3907 λαμϐάνεται
3034 3835 3305 3908 πρόϐατον
3356 3835 3486 3906 μὲν,
3518 3834 3607 3888 διὰ
3634 3833 3744 3905 τὴν

2147 3926 2403 3991 ἀκακίαν,
2453 3927 2549 3980 καὶ
2600 3927 2662 3980 τὸ
2709 3926 2913 3998 ἔνδυμα
2972 3927 3073 3998 τῆς
3105 3929 3340 3999 ἀρχαίας
3372 3925 3739 3998 γυμνὼσεως.

2149 4017 2400 4071 Τοιοῦτον
2424 4018 2535 4089 γὰρ
2563 4018 2625 4072 τὸ
2656 4019 2799 4090 ὑπὲρ
2830 4021 2862 4089 ἡ
2871 4019 2988 4090 μῶν
3023 4020 3271 4088 σφάγιον,
3299 4018 3503 4089 ἔνδυμα
3521 4019 3744 4091 ἀφθαρ-

2152 4110 2292 4177 σίας,
2324 4112 2420 4165 κα).
2444 4111 2526 4174 ὃν,
2553 4113 2649 4166 καὶ
2672 4111 2783 4183 (59)
2815 4111 3168 4183 καλούμενον.
3198 4112 3414 4165 Τέλειον
3432 4111 3513 4176 δὲ,
3542 4112 3604 4165 οὺ
3648 4111 3741 4164 διὰ

471 4202 735 4271 ruptionis
795 4201 1188 4269 indumentum,
1245 4211 1304 4256 ut
1360 4216 1548 4257 revera
1594 4210 1698 4270 est,
1734 4203 2041 4272 appellatur.

2156 4204 2254 4275 τὴν
2279 4202 2509 4259 θεότητα
2538 4204 2719 4275 μόνον,
2768 4200 2837 4277 ἦς
2876 4204 3028 4258 οὐδὲν
3051 4204 3379 4276 τελεώτερον
3432 4204 3569 4277 (40),
3596 4203 3740 4259 ἀλλά

547 4362 776 4419 "Exod.
798 4378 900 4428 xu,
941 4362 975 4416 5
1003 4378 1125 4432 sqq.

468 4487 707 4534 veterem
753 4477 924 4548 legem
988 4477 1167 4548 datam
1207 4492 1349 4541 esse,
1392 4492 1516 4533 cum
1564 4479 1668 4533 alia
1712 4477 1877 4532 multa
1908 4490 2046 4546 prae-

468 4561 644 4618 cepta,
679 4546 925 4615 quaz'nos
958 4549 1024 4602 ab
1052 4546 1314 4601 idolorum
1342 4549 1486 4604 cultu
1517 4548 1871 4613 abducebant,
1899 4562 2049 4601 com-

470 4621 817 4689 plectentem,
871 4631 981 4689 tum
1039 4632 1100 4671 ea
1154 4618 1340 4685 etiam,
1382 4634 1510 4689 quae
1560 4620 1626 4673 ad
1657 4618 2047 4674 sacriﬁciorum

471 4687 732 4743 rationem
771 4688 1132 4756 pertinebant,
1170 4706 1189 4739 ι
1231 4698 1338 4743 etc.
1380 4687 1521 4742 Billii
1550 4704 1677 4743 vero
1726 4691 2050 4755 interpreta-

475 4760 619 4814 tione
642 4760 824 4811 omnia
859 4758 1246 4812 disturbantur.
1280 4756 1371 4812 Sic
1402 4759 1548 4813 enim
1577 4759 1739 4812 vertit
1767 4776 1780 4811 :
1818 4777 1837 4809 ι
1869 4758 2052 4823 Quan-

471 4828 759 4896 doquidem
786 4829 929 4880 enim
966 4843 1084 4891 nos,
1121 4828 1188 4881 ab
1225 4827 1380 4881 initio
1410 4843 1507 4896 per
1538 4840 1820 4897 peccatum
1850 4828 2048 4896 lapsos,

473 4909 636 4967 atque
670 4913 698 4951 a
734 4898 1005 4965 voluptate
1036 4911 1207 4966 usque
1240 4897 1306 4950 ad
1336 4898 1598 4952 idolorum
1625 4898 1825 4953 cultum
1857 4913 1919 4949 ac
1952 4912 2046 4950 ne-

474 4967 642 5023 farios
667 4981 909 5029 cruores,
950 4967 1232 5038 subreptos
1246 4975 1318 5038 _et
1345 4969 1804 5038 circurnscriptos,
1831 4975 2052 5035 pr0pter

474 5040 683 5093 viscera
711 5037 1091 5092 misericordiae
1115 5034 1219 5090 ‘Dei
1246 5034 1426 5093 Patris
1466 5034 2049 5103 nostri,'tanti’manus

475 5123 588 5162 suae
607 5108 826 5177 opificii,
864 5108 964 5161 hoc
994 5115 1098 5174 est,
1135 5107 1393 5172 hominis,
1421 5110 1687 5175 Iacturam
1730 5106 1909 5161 facere
1944 5121 2051 5159 non

475 5178 810 5242 sustinentis,
840 5179 1110 5238 revocari,
1150 5184 1311 5245 atque
1349 5177 1403 5231 in
1442 5188 1678 5231 veterem
1720 5188 1919 5232 statum
1961 5191 2051 5230 re-

478 5250 627 5302 stitui
651 5249 956 5316 oportebat,
988 5247 1129 5301 hanc
1163 5247 1218 5300 in
1266 5260 1331 5300 eo
1383 5249 1737 5303 instauranda
1783 5247 2049 5300 rationem

480 5318 668 5371 initam
701 5332 822 5373 esse
875 5318 1265 5379 existimamus,
1317 5327 1395 5382 ut,
1431 5319 1642 5372 acriore
1691 5326 1853 5384 atque
1892 5331 2049 5383 aspe-

481 5390 622 5441 riore
650 5387 909 5443 medicina
948 5387 1246 5455 improbata
1282 5384 1363 5455 (ut
1404 5402 1524 5456 qua:
1552 5403 1659 5441 non
1699 5388 1851 5441 modo
1895 5386 2050 5439 fidem

480 5456 708 5521 factura,
750 5458 868 5521 sed,
898 5468 1118 5526 propter
1160 5465 1494 5511 contractum
1541 5460 1799 5525 temporis
1841 5457 2055 5509 diutur-

482 5528 652 5582 nitate
686 5537 972 5592 tumorem,
1016 5526 1248 5581 fortasse
1289 5526 1455 5580 etiam
1496 5528 1743 5580 morbum
1776 5526 2055 5581 exulcera-

482 5606 602 5653 tura
629 5596 816 5661 esset),
857 5596 963 5651 leni
998 5611 1062 5651 ac
1089 5597 1230 5652 facili
1249 5596 1624 5651 medicamenti
1655 5610 1850 5664 genere
1891 5597 2054 5664 ipsius

482 5667 852 5737 rcsipiscentia
882 5677 1261 5738 procuraretur
1291 5683 1306 5722 :
1345 5680 1518 5736 neque
1552 5668 1721 5733 cnim,
1762 5684 1781 5718 ι
1812 5675 1916 5722 etc.

2221 4460 2332 4538 (50)
2366 4470 2669 4538 Ἰατρείας.
2708 4468 2872 4525 Coisl.
2919 4469 3142 4537 iaddit,
3185 4469 3343 4536 τέως,
3383 4487 3402 4521 ι
3432 4468 3672 4524 interim.
3714 4489 3734 4522 ι

2220 4535 2333 4613 (51)
2376 4535 2496 4594 Ἂν.
2522 4535 2693 4613 Deest
2722 4543 2774 4595 in
2803 4540 2896 4613 ρι’.
2924 4542 2979 4613 1.

2222 4607 2355 4684 (52)-
2375 4609 2766 4684 Μετάκλισιν.
2805 4611 2895 4684 Sic
2924 4610 3055 4679 Reg.
3083 4610 3180 4677 ph,
3211 4619 3336 4663 octo
3364 4608 3543 4684 uoltu,
3580 4607 3735 4673 Par.,

2150 4680 2255 4738 etc.
2289 4700 2308 4732 ι
2338 4682 2684 4735 lntlexionem
2720 4682 2772 4733 in
2812 4680 3033 4736 alteram
3063 4689 3292 4750 partem.
3324 4697 3342 4731 ι
3385 4680 3441 4732 In
3466 4681 3554 4735 ed.
3581 4694 3736 4743 vero,

2155 4752 2508 4826 μετάκλησιν.
2542 4750 2916 4826 r_accitum:_)

2222 4822 2334 4894 (55)
2374 4817 2542 4890 Μήτε
2568 4820 2775 4894 ἵπποις.
2830 4820 2922 4875 Sic
2955 4819 3086 4890 Reg.
3121 4818 3213 4888 ph,
3260 4826 3373 4875 tres
3424 4817 3735 4883 Colb.,etc.

2152 4893 2210 4947 In
2232 4890 2369 4946 'Pa’r.
2407 4896 2517 4954 ed.,
2550 4892 2686 4960 μήτε
2721 4890 2910 4960 ἵππου.

2223 4963 2336 5036 (54)
2377 4959 2964 5036 ’Ἰνξ«ίυέγηκιιταστήονῃΓ
3000 4959 3189 5036 _Comb.
3220 4977 3235 5015 :
3268 4975 3293 5012 ι
3326 4967 3384 5012 ιιι
3410 4959 3577 5012 Deum
3609 4973 3741 5011 con-

2152 5031 2361 5095 stituat,
2392 5041 2451 5084 ut
2475 5032 2565 5085 Dei
2598 5046 2816 5101 sensum
2846 5031 3289 5101 religionemque
3320 5035 3602 5101 statuat.)

2223 5104 2337 5174 (55)
2383 5098 2788 5174 Ὑφαιρέσεοζι.
2831 5096 2994 5174 (ζοὶειξ
3049 5101 3075 5154 1
3114 5096 3294 5166 addit,
3339 5098 3435 5152 καὶ
3470 5096 3734 5168 ὑφέσεσι,

2157 5192 2177 5225 ι
2228 5171 2624 5225 subtractiones
2655 5182 2709 5224 et
2732 5171 3152 5223 imminutiones.
3184 5188 3206 5221 ι

2246 5243 2337 5310 56)
2386 5243 2478 5307 Ὡς
2503 5244 2535 5295 ὁ
2554 5240 2706 5310 Δἐμὸς
2729 5242 2930 5310 λόγος.
2974 5239 3323 5310 Haegdesnnt
3353 5239 3405 5291 in
3432 5237 3528 5310 Or.
3563 5237 3611 5310 l_.

2246 5245 2337 5310 56)
2386 5245 2478 5307 Ὡς
2503 5245 2535 5295 ὁ
2562 5245 2706 5309 ἐμὸς
2729 5245 2930 5310 λόγος.
2974 5245 3097 5293 Haec
3128 5245 3323 5294 desunt
3353 5245 3405 5291 in
3432 5245 3528 5292 υτ.
3563 5245 3611 5290 ι.

2223 5245 2336 5384 (57)
2390 5308 2577 5384 Ἀλέά
2610 5309 2675 5362 τὸ
2701 5309 2873 5379 μέγα,
2902 5320 3025 5384 _etc‘.
3074 5308 3224 5384 Vide.
3241 5310 3455 5384 Arnaud
3501 5308 3554 5384 in
3594 5307 3733 5384 hanc

2153 5375 2474 5444 orationem,
2510 5381 2585 5435 De
2608 5375 2858 5448 perpetua
2889 5377 3142 5433 Ecclesia:
3186 5378 3292 5447 ﬁde
3329 5379 3468 5448 circa
3505 5375 3723 5432 Eucha-

2153 5455 2376 5513 ristiam,
2411 5464 2539 5505 tom.
2583 5447 2645 5515 Il,
2674 5451 2767 5503 lib.
2802 5465 2851 5502 vr
2874 5488 2889 5514 ,
2920 5464 3042 5519 cap.
3078 5449 3163 5516 l0,
3202 5463 3324 5517 pag.
3356 5447 3480 5500 675.

2223 5522 2338 5591 (58)
2370 5521 2491 5575 Διά.
2523 5520 2616 5575 0r.
2656 5522 2708 5581 ι,
2749 5520 2858 5572 Καὶ
2888 5518 2995 5591 διά.

2226 5587 2337 5660 (59)
2376 5591 2506 5645 Kal.
2532 5592 2623 5644 (ir.
2656 5590 2677 5643 1
2716 5591 2880 5660 addit.
2924 5587 3028 5653 ἀεί,
3079 5607 3098 5639 ι
3127 5600 3357 5660 semper.
3388 5604 3409 5638 ι

2230 5598 2317 5660 [59
2376 5598 2506 5645 Καί.
2532 5598 2623 5644 Ur.
2656 5598 2677 5643 1
2716 5598 2880 5645 addit.
2924 5598 3028 5653 αεί,
3079 5607 3098 5639 ι
3127 5600 3357 5653 semper.
3388 5604 3409 5638 ι

2230 5598 2342 5734 (40)
2398 5660 2771 5729 Τελεώτερον.
2806 5658 2938 5730 Reg.
2966 5663 3074 5727 bin,
3109 5656 3457 5727 τελειότερον.
