3898 6222
116 280 221 332 6H

1085 269 1346 326 ORATIO
1385 269 1547 328 XLV.
1587 302 1658 311 —
1693 267 1760 324 IN
1801 265 2130 324 SANCTUM
2169 265 2463 326 PASCIIA.

3282 273 3390 330 642

116 401 218 456 καὶ
246 399 336 453 διὰ
369 397 469 469 τὴν
495 393 802 468 πρόσληψιν
826 391 926 464 τὴν
970 392 1290 464 χρισθεῖσαν
1330 392 1568 463 θεότητι,
1613 391 1709 444 καὶ

1820 388 2089 456 Perfectus
2141 399 2343 458 autem,
2401 406 2508 446 non
2555 393 2714 448 modo
2769 399 2988 462 propter
3037 391 3397 456 divinitatem,

116 491 426 563 γενομένην
474 489 614 559 ὅπερ
643 488 704 539 τὸ
747 490 941 559 χρῖσαν
968 485 1104 557 (41),
1135 485 1232 538 καὶ
1261 483 1449 556 θαρῤῶ
1489 481 1671 550 λέγειν
1695 519 1712 545 ,

112 584 371 655 ὀμόθεον.
399 583 604 653 ’Δρρεν
639 581 720 647 δὲ,
748 581 824 644 ὡς
855 578 998 650 ὑπὲρ
1022 576 1135 650 (42)
1159 577 1256 631 τοῦ
1309 576 1482 648 Ἀδὰμ
1540 591 1713 647 προσ-

117 677 415 747 αγόμενον,
445 673 646 745 μᾶλλον
674 672 732 726 δὲ
768 671 862 725 τοῦ
888 668 1242 743 (45)στερῤοὖ
1264 669 1326 722 τὺ
1342 667 1714 738 στεῤῥότερον,

115 767 216 820 τοῦ
255 765 472 839 πρώτου
500 765 760 828 πεσόντος
792 763 898 818 ὑπὸ
928 764 1027 834 τὴν
1054 763 1353 834 ἁμαρτίαν,
1379 760 1472 814 καὶ
1495 761 1578 814 ὅτι
1609 759 1714 830 μά-

117 857 282 911 λιστα
338 857 503 930 μηδὲν
532 856 689 927 θῆλυ,
725 855 862 926 μηδέ
892 855 1168 925 ἄνανδρον·
1183 855 1241 908 ἐν
1273 853 1452 923 ἑαυτῷ
1501 851 1666 922 φέρον
1697 865 1714 882 σ

114 952 259 1005 ἀλλὰ
306 952 403 1005 καὶ⁹
467 949 706 1022 ἐκραγὲν
745 947 840 1019 βίᾳ
889 947 1001 1019 (44)
1041 947 1256 1017 δεσμῶν
1285 944 1628 1017 παρθενικῶν
1655 961 1714 997 τε

117 1043 221 1098 καὶ
267 1042 574 1114 μητρικῶν,
609 1040 752 1095 κατὰ
807 1041 1009 1110 πολλὴν
1066 1038 1347 1106 ἐξουσίαν,
1383 1040 1478 1092 καὶ
1523 1037 1714 1108 τεχθὲν

118 1133 293 1205 ἄρσεν
318 1135 384 1185 ἐκ
414 1133 514 1204 τῆς
538 1131 891 1204 προφήτιδος,
919 1131 995 1194 ὼς
1028 1131 1256 1193 Ἡσαΐας
1279 1127 1711 1198 εὐαγγελίζεται.

134 1221 445 1276 Ἐνιαύσιον
493 1223 572 1285 δέ,
602 1223 678 1285 ὡς
705 1221 858 1292 ἥλιον
906 1221 1286 1292 δικαιοσύνης,
1321 1220 1355 1291 ἢ
1390 1219 1599 1273 ἐκεῖθεν
1625 1222 1716 1290 ὁρ-

124 1310 404 1382 μώμενον,
436 1312 470 1382 ἢ
511 1311 590 1382 τῷ
615 1311 880 1383 ὁρωμένῳ
920 1310 1031 1382 (45)
1081 1310 1476 1382 περιγραπτον,
1503 1309 1597 1364 καὶ
1635 1312 1714 1374 είς

119 1401 323 1456 ἐαυτὸν
355 1401 756 1472 ἐπιστρέφοντα
779 1401 923 1471 (46)’
963 1401 1226 1470 στέφανόν
1254 1419 1312 1454 τε
1351 1401 1714 1473 χρηστότητος

119 1492 351 1562 εὐλογού
361 1511 542 1564 μενον,
570 1493 665 1545 καὶ
683 1492 1018 1563 πανταχόθεν
1043 1494 1156 1546 ίσον
1182 1493 1360 1564 ἐαυτῷ
1377 1495 1472 1547 καὶ
1492 1494 1674 1564 ὅμοιον
1696 1509 1710 1522 ·

117 1586 185 1638 οὐ
219 1585 381 1656 μόνον
398 1585 475 1649 δέ,
498 1584 634 1638 ἀλλά
660 1585 754 1637 καὶ
779 1583 854 1648 ὡς
877 1582 1177 1652 ζοιογονοῦν
1201 1584 1314 1654 (47)
1339 1583 1432 1638 τὸν
1458 1583 1567 1636 τῶν
1597 1584 1718 1655 ἀρε-

117 1676 236 1728 τῶν
277 1675 390 1746 (48)
421 1674 642 1739 κύκλον,
675 1674 852 1744 ἠπίως
885 1675 1333 1746 ὲπιμιγνυμένων
1383 1675 1476 1728 καὶ
1525 1691 1716 1745 κιρνα-

1818 496 1922 549 qua
1955 481 2086 535 nihil
2104 483 2416 549 perfectius,
2439 484 2533 538 sed
2561 484 2722 538 etiam
2758 493 2978 554 propter
3000 484 3396 539 humanitatem

1819 574 2096 630 divinitate
2125 584 2366 639 unctam,
2399 567 2649 644 idemque
2683 575 2949 642 effectam,
2989 577 3130 645 quod
3155 578 3205 630 id
3229 592 3258 630 a
3287 591 3399 647 quo

1818 676 1980 720 uncta
2036 674 2139 731 est,
2195 675 2378 735 atque,
2431 677 2490 722 ut
2533 669 2793 723 audacter
2826 669 3036 738 loquar,
3062 669 3311 739 ὁμόθεον,
3344 671 3400 726 id

1817 768 1921 822 est,
1957 758 2112 812 simul
2144 757 2328 812 Deum.
2361 757 2633 814 Masculus
2670 770 2869 826 autem,
2922 771 2982 816 ut
3011 763 3099 830 qui
3133 777 3230 832 pro
3258 763 3402 818 Ada-

1816 866 1906 906 mo
1938 852 2282 921 potissimum
2315 851 2597 916 offeratur,
2635 868 2820 908 verum
2864 853 2952 907 illo
2985 853 3142 906 ﬁrmo
3171 853 3400 919 firmior,

1816 959 1938 998 cum
1993 945 2081 998 ille
2131 945 2338 1013 primus
2386 947 2440 999 in
2500 955 2780 1015 peccatum
2844 945 3026 1014 lapsus
3075 947 3180 1009 sit;
3243 957 3405 1014 atque

1818 1037 2082 1106 imprimis
2119 1041 2263 1108 quod
2319 1039 2454 1093 nihil
2506 1040 2784 1104 muliebre,
2844 1039 2977 1092 nihil
3033 1038 3193 1092 molle
3245 1047 3406 1107 atque

1817 1127 2190 1185 effeminatum
2228 1140 2437 1200 gestet;
2505 1146 2691 1185 verum
2723 1148 2755 1185 e
2792 1131 3048 1200 virgineis
3067 1140 3120 1183 et
3145 1131 3405 1186 maternis

1815 1221 2046 1276 vinculis
2076 1237 2174 1290 pro
2197 1231 2462 1291 potestate
2514 1238 2579 1277 ac
2627 1223 2678 1276 vi
2724 1223 2984 1291 eruperit,
3017 1231 3073 1274 et
3107 1221 3401 1287 masculus,

1816 1323 1878 1367 ut
1902 1314 2188 1367 annuntiat
2216 1314 2380 1369 Isaias
2407 1314 2473 1378 ⁸⁵,
2504 1329 2570 1368 ex
2595 1313 2936 1382 prophetissa
2964 1322 3122 1365 natus
3164 1313 3254 1367 sit.
3292 1313 3404 1365 An-

1816 1405 2029 1459 niculus
2059 1421 2241 1474 porro,
2274 1420 2333 1460 ut
2361 1407 2440 1462 sol
2472 1405 2728 1474 justiti-ae,
2791 1405 2874 1460 vel
2925 1421 2956 1458 e
3001 1404 3140 1458 caelo
3185 1419 3405 1474 progre-

1818 1495 1991 1559 diens,
2039 1496 2142 1561 vel,
2194 1507 2453 1565 quantum
2515 1498 2580 1551 ad
2629 1506 2834 1566 partem
2885 1510 3037 1558 eam,
3081 1509 3201 1564 qua:
3233 1495 3405 1548 oculis

1818 1586 2077 1650 cernitur,
2108 1586 2551 1656 circumscriptus
2578 1602 2644 1641 ac
2671 1587 2948 1651 definitus,
2981 1594 3032 1640 et
3058 1587 3125 1639 ad
3166 1586 3404 1653 seipsum

1821 1677 2080 1732 rediens:
2116 1689 2280 1748 atque
2318 1679 2446 1733 item
2487 1687 2545 1732 ut
2591 1678 2941 1748 benignitatis
2986 1692 3189 1732 corona
3232 1678 3402 1731 bene-

121 1767 309 1839 μένων
328 1766 608 1838 ἀλλήλαις,
637 1766 786 1837 νόμῳ
843 1765 1024 1836 φιλίας
1058 1767 1154 1819 καὶ
1185 1765 1416 1832 τάξεως.
1447 1766 1712 1836 Ἀμωμον

1821 1768 1962 1822 dicta
1991 1769 2055 1833 ⁸⁸,
2081 1772 2338 1840 omnique
2364 1787 2430 1825 ex
2454 1780 2607 1840 parte
2638 1771 2739 1826 sibi
2766 1770 2958 1826 similis
2979 1779 3033 1824 et
3057 1769 3316 1839 aequalis:
3342 1781 3408 1823 ac

115 1861 180 1914 δὲ
237 1860 336 1914 καὶ
389 1859 700 1930 ἀκίϐδηλον,
758 1859 835 1923 ὡς
891 1859 1286 1931 θεραπευτικὸν
1333 1857 1559 1930 μώμων,
1626 1859 1715 1912 καὶ

1820 1869 2080 1926 praeterea
2141 1871 2200 1917 ut
2248 1864 2545 1928 virtutum,
2607 1878 2725 1931 quae
2775 1863 3027 1917 amicitia:
3083 1863 3405 1930 ordinisque

115 1955 235 2006 τῶν
288 1952 399 2007 ἀπὸ
445 1952 644 2016 κακίας
695 1951 1095 2022 ἐλαττωμάτων
1169 1953 1265 2006 καὶ
1331 1951 1715 2023 μολυσμάτων.

1820 1947 1934 2018 lege
1984 1949 2178 2005 leniter
2227 1953 2545 2022 placideque
2601 1954 2742 2007 inter
2795 1968 2853 2008 se
2904 1951 3304 2023 conjttnguutur
3349 1962 3408 2004 et.

117 2044 190 2097 El
245 2043 356 2114 γὰρ
426 2045 518 2097 καὶ
569 2043 668 2107 τὰς
733 2043 1012 2115 ἁμαρτίας
1062 2043 1221 2114 ἡμῶν
1285 2043 1516 2096 ἀνέλαϐε
1551 2083 1566 2108 ,
1624 2044 1715 2097 καὶ

1820 2043 2258 2110 commiscentur,
2325 2046 2512 2098 orbem
2583 2044 2931 2113 progigueus.
3015 2031 3414 2096 Imumculatus

118 2137 227 2202 τὰς,
279 2135 471 2199 νόσους
512 2135 836 2201 ἐϐάστασεν,
883 2135 999 2189 ἀλλ’
1041 2136 1141 2189 οὐκ
1198 2135 1359 2199 αὐτός
1391 2153 1444 2188 τι
1485 2135 1715 2189 πέπονθε

1820 2131 2040 2201 insuper
2073 2143 2129 2189 et
2171 2135 2538 2204 incorruptus,
2588 2144 2645 2188 ut
2681 2137 2773 2204 qui
2823 2149 3022 2199 nazvos,
3072 2145 3125 2189 et
3160 2135 3310 2199 vitia,
3355 2141 3410 2186 et

114 2229 238 2282 τῶν
290 2227 587 2299 θεραπείας
638 2226 824 2295 ἀξίων.
885 2226 1220 2299 Ἐπειράσθη
1277 2227 1376 2298 μὲν
1431 2226 1541 2298 γὰρ
1575 2226 1715 2280 κατά

1823 2225 2011 2280 sordes
2040 2239 2069 2278 a
2113 2237 2335 2294 peccato
2367 2237 2685 2295 manantes,
2735 2238 2908 2284 curet.
2959 2227 3218 2294 Quamvis
3262 2226 3409 2281 enim

118 2320 328 2384 πάντα,
363 2320 484 2373 καθ’
517 2319 814 2391 ὁμοιότητα
845 2319 942 2390 τὴν
969 2305 1269 2390 ἡμετέραν,
1313 2319 1484 2390 χωρὶς
1536 2320 1715 2391 ἁμαρ-

1821 2327 2040 2386 peccata
2074 2331 2256 2374 nostra
2309 2322 2629 2391 susceperit,
2661 2330 2716 2376 et
2781 2320 2994 2373 morbos
3023 2318 3318 2386 portaverit
3339 2316 3409 2381 i',

117 2412 250 2474 τίας
269 2411 348 2464 δέ.
394 2410 456 2464 '0
487 2411 597 2481 γὰρ
625 2410 823 2477 διώξας
851 2410 912 2464 τὸ
937 2412 1127 2480 φαῖνον
1155 2411 1215 2463 ἐν
1247 2413 1312 2482 τῇ
1349 2409 1542 2481 σκοτία
1572 2409 1709 2479 φῶς,

1821 2408 1936 2478 ipse
1967 2419 2146 2464 tamen
2172 2410 2302 2465 nihil
2331 2427 2542 2478 eorum,
2588 2426 2709 2480 quae
2739 2411 2908 2482 856
2936 2410 3234 2464 curationis
3268 2409 3408 2461 indi-

119 2501 187 2554 οὐ
219 2499 540 2553 κατέλαϐεν.

1820 2510 1966 2570 gem.
2004 2516 2289 2572 perpessus
2319 2515 2420 2560 est.
2470 2505 2737 2560 Tentatus
2780 2514 2864 2558 est
2911 2504 3058 2557 enim
3100 2515 3194 2570 per
3231 2503 3411 2555 omnia

120 2611 228 2664 pro
246 2594 598 2650 similitudine
623 2603 828 2660 nostra,
861 2602 1119 2650 caeterum
1148 2595 1354 2664 absque
1385 2603 1608 2664 peccato
1637 2593 1700 2648 ιε.
1742 2593 1834 2650 Ille
1862 2599 2031 2667 enim,
2057 2602 2150 2670 qui
2207 2601 2384 2657 lucem
2410 2601 2463 2657 in
2517 2601 2757 2656 tenebris
2779 2600 3044 2654 lucentem
3081 2600 3124 2632 η
3156 2612 3413 2668 persecu.

124 2702 220 2742 tus
241 2697 349 2752 est,
384 2703 503 2742 eam
536 2688 951 2757 haudquaquam
979 2691 1410 2759 comprehendit.

199 2777 298 2832 IA'.
337 2779 400 2832 Τί
428 2783 544 2845 Eu;
593 2780 718 2850 Μὴν
753 2781 852 2850 μὲν
903 2782 1187 2851 εἰσάγεται
1241 2783 1480 2855 πρῶτος,
1517 2783 1715 2854 μᾶλλον

1887 2782 2028 2840 XIV.
2091 2783 2229 2851 Quid
2285 2785 2591 2854 praeterea?
2638 2784 2838 2840 Mensis
2894 2783 3114 2854 quidem
3175 2784 3408 2853 primus,

118 2869 207 2932 δὲ,
239 2869 384 2940 ἀρχὴ
414 2868 632 2940 μηνῶνο
664 2868 777 2922 εἴτε
832 2887 917 2933 τις
962 2869 1120 2924 τοῦτο
1150 2871 1278 2942 παρ’
1319 2871 1596 2944 Ἑϐραίοις
1643 2871 1720 2926 ὢν

121 2963 224 3015 ἀπ’
259 2961 459 3032 ἀρχῆς,
517 2959 629 3012 εἴτε
685 2959 914 3031 ὕστερον
964 2960 1214 3014 ἐντεῦθεν
1257 2963 1568 3033 γενόμενος,
1629 2964 1721 3016 καὶ

122 3053 288 3125 παρά
314 3051 409 3106 τοῦ
452 3053 752 3124 μυστηρίου
791 3054 853 3107 τὸ
885 3049 1027 3108 εἶναι
1059 3054 1274 3126 πρῶτος
1299 3053 1500 3110 λαϐών.
1529 3056 1607 3126 Τῇ
1633 3055 1722 3108 δε-

123 3147 276 3216 κάτῃ
307 3144 365 3196 δὲ
392 3143 487 3197 τοῦ
517 3145 685 3215 μηνός
709 3160 726 3177 ⁶
747 3139 902 3208 οὗτος
930 3145 1039 3216 γὰρ
1057 3144 1308 3216 ἀριθμῶν
1327 3145 1718 3217 πληρέστατος,

123 3241 198 3290 ἐκ
232 3236 478 3308 μονάδων
514 3234 708 3307 πρώτη
750 3237 917 3307 μονὰς
943 3236 1144 3303 τελεία,
1177 3238 1272 3291 καὶ
1306 3237 1598 3308 γεννητικὴ
1627 3255 1720 3291 τε-

126 3328 430 3400 λειότητος.
453 3329 802 3398 Διατηρεϊται
847 3328 907 3381 δὲ
936 3329 1016 3392 είς
1044 3327 1301 3398 πέμπτην
1331 3328 1566 3399 ἡμέραν,
1591 3329 1721 3390 ἴσως

127 3419 216 3472 ὃτι
270 3417 606 3488 καθαρτικὸν
659 3417 970 3489 αἰσθήσεων
1008 3420 1070 3472 τὸ
1096 3416 1230 3488 ἐμὸν
1261 3416 1428 3488 θῦμα,
1465 3418 1523 3484 ἐξ
1557 3411 1632 3472 ὧν
1659 3419 1721 3472 τὸ

128 3508 374 3571 πταίειν,
421 3509 517 3562 καὶ
569 3510 698 3580 περὶ
729 3508 797 3572 ἃς
849 3512 878 3563 ὁ
928 3509 1187 3580 πόλεμος,
1251 3509 1632 3580 είσδεχομένας
1659 3511 1722 3564 τὸ

130 3601 360 3672 κέντρον
408 3600 509 3671 τῆς
561 3599 854 3672 ἁμαρτίας.
912 3600 1224 3668 Ἐκλέγεται
1247 3600 1324 3664 δὲ,
1355 3601 1456 3654 οὐκ
1485 3599 1592 3653 ἀπὸ
1614 3600 1721 3656 τῶν

131 3693 317 3766 ἀρνῶν
347 3695 528 3764 μόνον,
560 3692 695 3746 ἀλλά
744 3692 954 3745 καὶτοῦ
993 3692 1235 3764 χείρονος
1267 3691 1460 3756 εἴδους,
1498 3692 1593 3744 καὶ
1622 3693 1722 3763 τῆς

131 3787 431 3858 ἀριστερᾶς
465 3785 648 3856 χειρὸς
689 3785 798 3838 τῶν
829 3785 1057 3856 ἐρίφων,
1089 3785 1174 3837 ὅτι
1215 3784 1290 3856 μὴ
1316 3783 1458 3855 ὑπὲρ
1488 3783 1598 3836 τῶν
1641 3785 1718 3838 δι-

131 3877 308 3931 καίων
334 3877 515 3947 μόνον,
550 3876 687 3930 ἀλλὰ
715 3877 807 3929 καὶ
832 3875 940 3946 (49)
971 3874 1078 3927 τῶν
1112 3874 1452 3945 ἁμαρτωλῶν
1487 3876 1722 3944 σφαγιά-

130 3968 288 4031 ζεται
306 3982 318 3996 ’
349 3967 492 4037 τάχα
513 3968 571 4022 δὲ
605 3969 744 4038 ὑπὲρ
772 3966 976 4019 τούτοιν
1005 3965 1101 4019 καὶ
1123 3965 1304 4028 πλέον,
1328 3967 1438 4036 ὅσῳ
1467 3967 1560 4019 καὶ
1598 3967 1720 4037 μεί-

129 4057 287 4122 ζονος
336 4057 611 4130 χρῄζομεν
672 4057 774 4126 τῆς
824 4055 1258 4126 φιλανθρωπίας.
1306 4055 1634 4126 Θαυμαστὸν
1661 4057 1719 4109 δὲ

1821 2872 1906 2926 vel
1933 2873 2198 2928 mensium
2226 2873 2404 2943 potius
2446 2874 2772 2944 principium
2829 2875 3098 2928 inducitur
3152 2874 3234 2938 ";
3291 2874 3409 2929 sive

1821 2963 2088 3034 quispiam
2121 2964 2190 3019 ah
2222 2965 2376 3019 initio
2411 2966 2551 3034 apud
2582 2965 2834 3020 Hebraeos
2867 2965 2921 3019 id
2961 2964 3141 3029 fuerit,
3193 2965 3306 3020 sive
3338 2980 3409 3019 ex

1821 3071 1883 3111 ea
1916 3069 1976 3110 re
2008 3063 2193 3125 postea
2238 3055 2412 3111 factus
2451 3057 2543 3120 sit,
2590 3068 2754 3127 atque
2783 3058 2850 3112 ab
2878 3057 2979 3112 hoc
3007 3059 3266 3128 mysterio
3306 3058 3408 3112 boc

1822 3149 2115 3218 acceperit,
2141 3157 2200 3202 ut
2225 3149 2476 3218 princeps
2508 3158 2673 3204 esset.
2709 3148 2923 3203 Decima
2955 3159 3135 3202 autem
3169 3149 3407 3204 mensis:

1821 3241 1947 3309 quia
1980 3240 2067 3295 hic
2097 3255 2352 3295 numerus
2377 3241 2617 3295 omnium
2648 3240 3108 3304 absolutissimus,
3150 3240 3407 3294 nimirum

1821 3347 1885 3387 ex
1922 3332 2220 3386 unitatibus
2257 3333 2436 3386 unitas
2463 3333 2632 3402 prima
2673 3331 2934 3401 perfecta,
2973 3339 3028 3385 et
3060 3330 3408 3399 perfectionis

1820 3438 2040 3494 parens.
2070 3423 2398 3479 Asservatur
2418 3437 2581 3494 porro
2611 3423 2664 3477 in
2693 3424 2940 3493 quintum
2974 3422 3138 3490 diem,
3169 3420 3404 3478 fortasse

1822 3515 1945 3585 quia
1978 3516 2194 3570 victima
2237 3529 2357 3570 mea
2398 3516 2450 3569 id
2483 3517 2666 3579 habet,
2719 3526 2777 3568 ut
2815 3529 3008 3570 sensus
3054 3523 3338 3586 expurget,
3375 3529 3407 3568 a

1823 3606 2018 3675 quibus
2044 3618 2325 3677 peccatum
2356 3607 2553 3672 oritur,
2607 3617 2662 3663 et
2687 3609 2834 3662 circa
2867 3622 3006 3677 quos
3034 3607 3231 3661 bellum
3260 3620 3408 3660 com-

1823 3697 2077 3763 mittitur,
2103 3704 2288 3763 utpote
2322 3696 2529 3764 peecati
2566 3696 2815 3750 aculeum
2850 3694 3220 3750 admittentes.
3256 3694 3401 3748 Deli-

1821 3788 1968 3858 gitur
1997 3797 2197 3852 autem,
2241 3802 2345 3841 non
2379 3788 2553 3842 solum
2601 3803 2666 3842 ex
2713 3788 2869 3857 agnis
2898 3788 2966 3852 “,
3010 3786 3107 3842 sed
3141 3787 3304 3841 etiam
3340 3803 3408 3844 ex

1820 3879 2072 3932 deteriori
2125 3892 2345 3950 genere,
2412 3893 2478 3932 ex
2514 3879 2684 3934 Iuedis
2720 3880 2970 3947 scilicet,
3021 3879 3113 3948 qui
3180 3879 3406 3934 sinistra

1821 3984 1982 4024 manu
2013 3971 2242 4035 sunt“;
2299 3971 2424 4038 quia
2469 3984 2577 4024 non
2629 3985 2727 4038 pro
2777 3969 2940 4040 justis
2989 3970 3271 4036 duntaxat,
3299 3969 3406 4044 sed

1819 4061 1982 4115 etiam
2010 4073 2106 4127 pro
2141 4059 2517 4128 peccatoribus
2553 4069 2855 4125 mactatur;
2890 4073 2952 4112 ac
2998 4057 3230 4112 fortasse
3263 4059 3408 4126 ipso-

129 4150 309 4212 οὐδὲν,
341 4153 390 4204 εί
421 4151 654 4221 μάλιστα
679 4151 776 4220 μὲν
803 4149 922 4203 κατ’
951 4143 1102 4201 οἷκον
1120 4148 1350 4200 ἕκαστον
1374 4146 1713 4219 ὲπιζητεῖται

1821 4168 1938 4206 rum
1963 4153 2142 4221 potius
2171 4168 2356 4217 causa,
2393 4154 2829 4223 quandoquidem
2857 4151 3050 4218 majori
3091 4151 3406 4205 misericor-

127 4239 196 4292 τὸ
223 4239 515 4310 πρόϐατον,
540 4241 588 4292 εί
609 4240 665 4292 δὲ
701 4239 797 4311 μὴ,
826 4239 921 4292 καὶ
950 4239 1072 4290 κατ’
1110 4239 1294 4300 οἴκους
1323 4239 1591 4309 πατριῶν,
1625 4239 1716 4293 διά

129 4331 326 4386 πενίαν
356 4329 736 4402 ἐρανιξόμενον
756 4348 768 4361 ·
795 4329 983 4399 ἐπειδὴ
1009 4330 1323 4400 κράτιστον,
1352 4328 1588 4399 μάλιστα
1616 4330 1716 4400 μὲν

128 4421 296 4475 αὐτὴν
322 4422 551 4478 ἕκαστον
579 4425 771 4494 ἀρκεῖν
797 4421 975 4490 ἐαυτῷ
1002 4419 1138 4491 πρὸς
1166 4419 1466 4485 τελείωσιν,
1491 4422 1585 4474 καὶ
1619 4421 1714 4474 θυ-

131 4511 258 4564 σίαν
295 4511 502 4577 ζῶσαν,
539 4513 704 4580 ἁγίαν
728 4511 1025 4582 προσάγειν
1053 4508 1132 4580 τῷ
1157 4509 1412 4563 καλοῦντι
1440 4511 1553 4582 (50)
1573 4504 1712 4583 Θεῷ,

128 4603 368 4656 πάντοτε
396 4604 491 4657 καὶ
541 4603 630 4656 διὰ
682 4603 898 4657 πάντων
951 4599 1380 4671 καθιερούμενον
1406 4614 1423 4629 ⁸
1453 4601 1584 4654 εἰδὲ
1615 4603 1712 4673 μὴ,

205 4697 252 4728 ³⁸
276 4696 382 4750 Isa.
408 4709 528 4760 vin,
557 4695 611 4749 5.
688 4694 733 4725 ¹⁶
773 4691 915 4748 Psal.
965 4707 1114 4756 L'xw,
1159 4691 1247 4744 12.
1330 4691 1371 4722 ¹⁷
1414 4690 1516 4745 Isa.
1547 4707 1664 4759 LIII,
1696 4695 1753 4749 4.

127 4782 253 4835 Sqq.
329 4765 374 4796 "
403 4765 534 4818 ibid.
561 4765 614 4819 5.
692 4765 738 4795 ¹¹
779 4763 970 4818 Matth.
1007 4778 1134 4828 xxv,
1175 4762 1264 4816 35.

201 4857 312 4930 (41)
353 4855 598 4930 Χρῒσριν.
648 4853 740 4930 Sic
794 4852 962 4930 Regg.
1011 4853 1123 4917 bm,
1170 4852 1260 4921 ph,
1310 4849 1473 4906 Coisl.
1508 4850 1567 4917 2,
1604 4859 1712 4906 etc.

127 4921 464 4983 mendose—in
492 4924 618 4977 Par.
645 4925 756 4988 ed.,
779 4921 993 4994 χρῖξαν.

200 4997 312 5068 (42)
364 4997 461 5068 Ὠς
497 4990 977 5068 ὺπέρτλξίόῐὶςςε.
1015 4994 1127 5068 byn,
1159 5007 1250 5068 p_n,
1279 4991 1477 5068 aliique
1506 4990 1706 5061 plures.

129 5061 224 5124 Sic
261 5061 421 5121 etiam
449 5066 578 5133 legit
609 5061 1020 5133 BilliusnPrave
1053 5064 1105 5116 in
1132 5063 1243 5124 ed.,
1269 5061 1478 5133 ὥσπερ.

199 5139 313 5209 (45)
351 5131 601 5209 Μᾶλλον
639 5133 708 5187 δὲ
740 5132 868 5188 τοῦ.
909 5131 1079 5204 Regg.
1133 5133 1246 5197 bm,
1299 5131 1394 5202 ph,
1439 5139 1572 5198 etc.,
1605 5132 1711 5201 μά-

125 5206 285 5262 λιστα
313 5206 430 5261 τοῦ.

197 5277 312 5346 (44)
351 5277 460 5330 Kal
493 5275 749 5344 ἐκραγὲν
772 5276 901 5344 βίᾳ.
933 5295 952 5327 ι
975 5275 1040 5346 Vi
1064 5282 1318 5343 eruperit,
1345 5292 1364 5325 ι
1396 5274 1582 5346 idest,
1614 5291 1634 5324 ι
1655 5273 1707 5328 vi

124 5343 338 5402 natura;
364 5347 529 5412 illata,
562 5343 732 5400 illaesa
763 5343 950 5401 matris
977 5345 1308 5415 virginitate.
1348 5364 1366 5396 ι
1395 5343 1515 5398 Bill.
1553 5361 1572 5395 ι
1596 5346 1711 5398 vio-

124 5419 300 5472 lenter
328 5419 584 5483 eruperit.
623 5435 642 5466 ι

195 5488 309 5555 (45)
358 5482 682 5555 Ὀρωμένῳ.
721 5486 811 5540 Sic
862 5486 1031 5554 Regg.
1076 5500 1127 5548 c,
1177 5485 1232 5549 d,
1262 5484 1354 5552 ph,
1395 5495 1504 5539 tres
1531 5482 1706 5548 Colb.,

120 5557 288 5612 Coisl.
321 5555 376 5620 ‘2,
410 5557 520 5611 .les.
557 5559 648 5610 Sic
669 5557 831 5609 etiam
868 5557 999 5626 legit
1032 5556 1234 5610 Billius.
1279 5555 1334 5608 In
1374 5557 1485 5621 ed.,
1521 5555 1706 5625 ὁρμω-

126 5628 294 5698 μένῳ,
323 5643 410 5698 ca
432 5626 806 5698 progrediente
826 5627 1154 5698 descriptus."
1190 5643 1208 5676 ι

192 5693 306 5766 (46)
357 5693 855 5764 Ἐπισξρέαιοντα,
910 5693 1022 5752 ειςζ
1077 5696 1135 5750 lu
1189 5693 1458 5751 nonnullis
1513 5693 1704 5757 codd.,

1818 4245 1904 4297 dia
1935 4259 2069 4314 opus
2108 4244 2390 4302 habemus.
2437 4244 2573 4298 Illud
2603 4254 2781 4297 autem
2829 4243 3050 4297 minime
3099 4243 3404 4296 mirandum

1818 4344 1919 4400 est,
1947 4334 2091 4404 quod
2117 4335 2356 4390 maxime
2380 4335 2596 4405 quidem
2641 4349 2734 4404 per
2775 4332 3013 4405 singulas
3060 4333 3249 4386 domos
3284 4332 3404 4386 ovis

1819 4425 2140 4493 requiritur;
2173 4425 2256 4479 sin
2285 4425 2482 4487 minus,
2527 4433 2585 4478 at
2636 4432 2784 4479 certe
2813 4439 2908 4492 per
2939 4423 3129 4476 domos
3161 4420 3402 4474 familia-

1821 4529 1937 4568 rum
1966 4516 2036 4568 oh
2068 4522 2438 4583 paupertatem
2461 4521 2712 4583 erogatus
2741 4529 2755 4565 :
2788 4509 3226 4581 quandoquidem
3258 4509 3399 4577 opti-

1819 4620 1965 4657 mum
1993 4613 2096 4669 est,
2129 4605 2470 4674 potissimum
2495 4606 2712 4672 quidem
2742 4603 2843 4659 sibi
2869 4615 3138 4672 quemque
3169 4599 3236 4653 ad
3279 4613 3405 4667 per-

1853 4695 1897 4727 “
1928 4695 2094 4752 Hebr.
2131 4695 2320 4760 tv,15.
2425 4693 2469 4725 ¹⁹
2501 4693 2657 4750 Joan.
2703 4710 2743 4763 ι,
2793 4695 2846 4750 5.
2942 4692 2988 4724 ²⁰
3022 4689 3192 4746 Exod.
3235 4703 3332 4752 xu,
3365 4689 3403 4742 2

1811 4853 2176 4975 ἐπιστρέφων,
2214 4853 2592 4922 στέφανος.....
2637 4850 3138 4923 εὐλογοῦμενος.....
3164 4843 3398 4913 lace"...

1847 4940 2017 4975 ιιοιος.
2057 4937 2160 4975 etc.

1886 4940 2017 4988 οιος,
2057 4937 2160 4977 etc.

1845 4941 2404 5064 P?Igj,zeda%y~oroﬁr.
2431 5012 2450 5045 ι
2483 4992 2648 5048 Vitali
2687 4992 2796 5048 fetu
2818 4991 3196 5062 progignens.)
3231 4987 3400 5057 Quiu-

1809 5063 1916 5133 que
1949 5064 2138 5132 μείξει..
2169 5063 2472 5132 ζωογονῶν.

1879 5134 1993 5204 (48)
2032 5131 2316 5201 “Ἀρετῶν.
2343 5134 2504 5188 Coisl.
2537 5132 2586 5198 I,
2611 5131 2793 5203 ὡρῶν,
2829 5151 2848 5183 ι
2867 5131 2994 5185 anni
3019 5139 3346 5204 temporum,
3373 5151 3391 5183 ι

1807 5200 1927 5272 quia
1975 5200 2121 5258 inter
2169 5219 2228 5258 se
2284 5204 2480 5258 leniter
2524 5200 2968 5272 commiscentur.
3016 5200 3204 5269 Neque
3249 5205 3396 5256 enim

1809 5271 1989 5328 subita
2038 5274 2106 5328 ab
2154 5289 2260 5327 uno
2299 5273 2577 5328 contrario
2626 5273 2694 5325 ad
2750 5271 2980 5325 alterum
3030 5272 3088 5322 lit
3127 5273 3393 5338 mutatio;

1807 5359 1926 5408 nec,
1965 5353 2024 5398 ut
2058 5345 2313 5400 observat
2334 5344 2577 5406 Nicetas,
2603 5343 2692 5412 qui
2722 5342 2865 5395 hunc
2891 5342 3053 5393 etiam
3078 5340 3252 5412 locum
3283 5359 3302 5391 ι
3327 5342 3396 5396 de

1807 5415 2095 5494 virtutibus
2125 5433 2145 5466 ι
2181 5415 2422 5482 exponit,
2465 5409 2650 5468 statim
2691 5413 2759 5466 ab
2810 5418 3000 5465 aestate
3037 5409 3104 5463 ad
3161 5410 3395 5466 hiemem

1810 5493 2126 5538 transimus.

1878 5551 1990 5623 (49)
2029 5555 2162 5608 Καί.
2201 5553 2434 5608 Savilius
2469 5552 2637 5617 addit,
2671 5550 2836 5623 ὑπέρ.

1878 5617 1994 5694 (50)
2033 5622 2353 5681 Καλοῦντι.
2396 5624 2654 5694 Hervag.,
2685 5617 2873 5687 ζῶντι,
2905 5637 2927 5673 ι
2955 5617 3176 5675 viventi.
3202 5636 3223 5672 ι
