3898 6222
499 263 603 318 6ιὸ

1732 260 1789 316 S.
1828 259 2152 316 GREGORII
2193 259 2534 316 THEOLOG!

3664 271 3783 326 645

498 381 782 437 fectionem
809 377 1070 446 sitdicere,
1103 393 1328 449 seseque
1357 379 1588 433 hostiam
1617 391 1861 434 sanctam
1899 380 2079 434 viven-

2193 379 2278 432 καὶ
2303 381 2583 449 συνεργοῖς
2607 380 2685 442 είς
2714 377 2872 432 τοῦτο
2901 381 3069 450 κεχρῆ
3081 378 3221 444 σθαι,
3277 384 3392 445 τοῖς
3421 385 3540 436 κατ’
3563 385 3783 456 ἀρετὴν

498 482 607 528 tem
639 471 847 526 vocanti
878 471 983 526 Deo
1011 471 1224 536 otl'erre,
1288 479 1446 539 atque
1473 470 1758 540 ejusmodi,
1791 487 1909 540 quae
1931 486 2075 525 sem-

500 581 615 634 per,
645 573 698 618 et
731 578 827 632 per
847 565 1023 618 omnia
1056 572 1398 617 consecretur
1431 581 1445 617 :
1484 564 1567 616 sin
1623 563 1676 616 id
1723 579 1830 616 non
1892 565 2073 626 datur,

500 671 685 710 eorum
713 656 900 710 saltem
927 670 1089 724 opera
1122 664 1177 709 et
1210 656 1521 724 adjumento
1571 655 1636 708 ad
1678 669 1796 709 eam
1827 669 1938 708 rem
1976 655 2073 718 uti,

2183 472 2464 541 όμογενέσι
2513 472 2607 524 καὶ
2652 472 2976 542 ὁμοτρόποις
2999 471 3137 542 (Si).
3163 473 3334 526 Τοῦτο
3354 475 3461 546 γάρ
3493 494 3585 546 μοι
3616 479 3783 530 δοκεῖ

2186 563 2488 631 βούλεσθαι,
2515 564 2576 616 τὸ
2605 567 3009 627 κοινωνεῖντοῖς
3035 564 3262 632 ἔγγιστα
3288 567 3382 619 τοῦ
3414 567 3683 638 θύματος,
3715 573 3777 623 εί

2181 653 2444 724 δεήσειεν.

501 752 593 821 qui
636 753 828 806 virtute
872 753 1027 807 nobis
1076 750 1452 820 consanguinei
1499 760 1658 814 sunt,
1728 750 2077 818 moribusque
2107 750 2429 815 persimiles.
2461 751 2572 806 lloc
2600 751 2742 806 enim
2783 751 2912 806 mihi
2979 748 3288 822 signiﬁcare
3347 750 3586 816 videtur,
3618 752 3782 819 quod

501 845 706 898 vicinos
750 843 1000 897 sacrificii
1047 843 1337 910 participes
1383 842 1499 894 ﬁeri
1535 841 1674 895 Deus
1707 841 1970 909 praecipit,
2025 839 2070 892 si
2110 838 2181 891 ita
2214 856 2347 908 opus
2371 842 2552 900 fuerit.

575 932 691 986 XV.
740 931 878 986 Hinc
900 947 1054 986 sacra
1096 947 1226 996 nox,
1270 931 1552 1000 noctisque
1582 931 1760 1000 hujus,
1790 945 1897 998 qua
1941 945 2079 998 pra:-

503 1039 624 1078 sens
668 1024 777 1077 vita
821 1022 1166 1086 suffunditur,
1210 1022 1459 1085 inimica,
1506 1023 1560 1075 in
1610 1036 1719 1092 qua
1769 1022 2080 1090 primigcnm

503 1116 735 1169 tenebrae
773 1113 1134 1184 depelluntur,
1167 1123 1331 1181 atque
1364 1113 1543 1166 omnia
1577 1113 1628 1166 in
1661 1112 1834 1165 lucem
1857 1119 1911 1166 et
1943 1111 2083 1166 ordi-

505 1221 623 1259 nem
677 1204 1013 1274 formamque
1061 1204 1351 1271 prodeunt,
1417 1219 1480 1257 ac
1532 1203 1785 1258 confusio
1831 1217 1917 1268 ea,
1963 1216 2082 1270 quae

420 1333 423 1335 -
505 1298 654 1365 prius
709 1297 957 1365 vigebat,
1010 1305 1262 1350 ornatum
1311 1295 1528 1363 accipit.
1609 1294 1745 1348 Hinc
1794 1293 2080 1363 Egyptnm

505 1385 760 1458 fugimus,
802 1389 902 1442 hoc
932 1397 1034 1454 est,
1076 1389 1229 1442 triste
1276 1401 1478 1456 nosque
1527 1399 1859 1456 persequens
1897 1401 2084 1456 pecca-

508 1489 640 1541 tum,
679 1495 740 1534 ac
770 1478 1107 1535 Pharaonem
1136 1477 1461 1533 invisibilem
1495 1487 1804 1548 tyrannum,
1832 1485 1887 1530 et
1913 1491 2084 1530 saevos

503 1586 727 1642 Operum
747 1573 1046 1640 praefectos,
1072 1570 1137 1623 ad
1165 1584 1456 1638 supernum
1480 1570 1739 1622 mundum
1760 1567 2084 1636 migrantes:

508 1678 572 1716 ac
605 1662 716 1716 luto
751 1671 805 1715 et
853 1660 1313 1716 conficiendorum
1364 1659 1594 1714 laterum
1645 1658 1831 1713 labore
1879 1658 2082 1711 libera-

510 1767 650 1816 mur,
676 1750 840 1821 857
869 1751 1071 1821 paleari
1116 1751 1372 1805 nimirum
1404 1759 1458 1805 et
1483 1749 1722 1804 instabili
1763 1750 1945 1804 carnis
1977 1749 2078 1801 hu-

504 1840 594 1908 jus
625 1843 1027 1906 constitutione,
1080 1857 1197 1910 qute
1233 1857 1300 1896 ne
1325 1841 1563 1896 acerosis
1591 1842 1811 1912 quidem
1854 1841 2080 1895 rationi-

512 1933 611 1986 bus
656 1931 708 1984 in
741 1931 924 1985 multis
955 1932 1182 1986 validior
1229 1942 1333 1988 est.
1376 1932 1514 1988 Hinc
1566 1949 1738 2003 agnus
1790 1944 2078 1997 mactatur,

509 2030 668 2088 atque
702 2020 842 2074 actio
869 2029 924 2074 et
957 2021 1362 2092 contemplatio,
1414 2037 1507 2076 seu
1545 2022 1765 2076 habitus
1805 2033 1858 2077 et
1908 2033 2078 2090 actus,

508 2109 742 2176 pretioso
766 2110 1026 2178 sanguine
1051 2110 1371 2178 signantur;
1424 2126 1546 2164 nam
1589 2111 1643 2165 hi
1685 2113 1947 2166 ostiorum
1989 2127 2084 2166 no-

506 2207 741 2252 strorum
786 2209 963 2268 postes
990 2209 1132 2265 sunt,
1185 2201 1289 2255 hoc
1323 2211 1426 2266 est,
1477 2203 1674 2256 mentis
1727 2203 2079 2272 agitationum

506 2297 563 2343 ct
612 2292 942 2359 dogmatnm,
995 2306 1114 2359 quae
1169 2306 1234 2345 ex
1273 2293 1727 2362 contemplatione
1771 2306 1916 2349 recte
1959 2311 2084 2364 ape-

509 2381 720 2434 riuntur
744 2390 902 2450 atque
947 2381 1292 2448 clauduntur,
1347 2385 1785 2454 quandoquidem
1833 2400 2083 2454 compre-

509 2473 824 2527 hensionum
852 2488 1068 2543 quoque
1087 2475 1280 2530 modus
1313 2475 1530 2544 quidam
1569 2486 1670 2530 est.
1705 2477 1840 2532 Hinc
1867 2490 2080 2546 postre-

505 2580 618 2632 ma,
659 2576 712 2621 et
753 2568 1186 2635 persecutoribus
1230 2567 1545 2636 gravissima
1581 2568 1756 2638 plaga,
1817 2579 2086 2639 nocteque

506 2657 746 2725 profecto
776 2659 932 2729 digna
971 2676 982 2712 :
1017 2674 1082 2713 ac
1109 2659 1500 2729 cogitationum
1525 2675 1743 2714 suarum
1779 2661 2084 2715 actionum-

505 2763 611 2816 que
669 2749 1023 2819 primogenita
1080 2749 1225 2820 luget
1269 2749 1733 2820 Egyptusmnod
1794 2759 1850 2805 et
1899 2765 2122 2816 semen,

505 2839 850 2894 Chaldaicum
903 2841 1177 2896 sublatum
1230 2851 1392 2911 atque
1432 2857 1747 2912 oppressum
1805 2841 2085 2910 Scriptura

505 2939 664 2986 vocat
695 2932 764 2998 ’³,
794 2941 850 2986 et
872 2933 1123 3001 puerulos
1164 2930 1488 3004 Babylonios
1518 2933 1586 2987 ad
1609 2941 1815 3001 petram
1846 2932 2086 2987 allisos"

508 3033 563 3076 et
593 3022 850 3094 solutos),
903 3034 1065 3093 atque
1115 3025 1353 3078 clamore
1402 3034 1457 3079 et
1505 3023 1893 3078 vociferatione
1945 3025 2084 3094 apud
2112 3051 2156 3110 ο

507 3112 788 3184 Egyptios
817 3116 998 3170 omnia
1029 3125 1322 3185 personant
1349 3133 1364 3173 :
1405 3130 1468 3169 ac
1492 3124 1604 3168 tum
1633 3129 1663 3168 a
1691 3114 1847 3168 nobis
1870 3114 2080 3168 illorum

507 3209 898 3262 exterminatur
932 3209 1166 3272 secedet,
1195 3208 1465 3264 unctionis
1495 3216 1638 3262 metu
1665 3222 1728 3261 ac
1753 3208 2079 3265 reverentia.

507 3295 646 3350 Hinc
693 3297 1013 3352 fermentum
1055 3309 1263 3367 septem
1311 3300 1521 3354 dierum
1569 3296 1745 3366 spatio
1787 3297 1833 3329 ”
1872 3297 2088 3351 submo-

507 3396 662 3442 vetur
706 3389 828 3461 (hic
863 3391 1005 3444 enim
1039 3405 1296 3445 numerus
1329 3390 1571 3445 omnium
1617 3389 1851 3443 maxime
1894 3391 2087 3460 mysti-

507 3493 624 3546 cus,
657 3489 818 3551 atque
851 3482 977 3537 huic
1010 3484 1209 3537 mundo
1234 3479 1637 3552 consociatus),
1665 3483 1768 3535 hoc
1794 3490 1897 3546 est,
1933 3492 2087 3537 vetus

509 3583 566 3626 et
625 3574 780 3627 acida
827 3575 1062 3642 pravitas
1108 3575 1246 3646 (non
1302 3575 1449 3628 enim
1491 3573 1659 3638 illud,
1699 3573 1840 3641 quod
1891 3588 2084 3642 panem

507 3663 670 3719 efﬁcit
697 3681 762 3719 ac
793 3666 953 3721 vitale
979 3666 1130 3736 est);
1176 3675 1234 3720 nt
1273 3681 1342 3720 ne
1375 3666 1516 3733 quod
1584 3663 1916 3734 IEgyptiacaz
1955 3679 2085 3719 con-

510 3757 810 3826 spersionis
838 3757 1092 3812 viaticum
1119 3758 1188 3824 “,
1213 3772 1310 3812 nec
1331 3756 1464 3810 ullas
1486 3755 1809 3810 Pharisaicze
1833 3765 1881 3809 et
1913 3755 2088 3823 impia:

508 3849 763 3903 doctrinae
791 3849 836 3890 ’τ
862 3848 1115 3918 reliquias
1145 3848 1298 3903 nobis
1332 3863 1605 3916 paremus.

577 3937 910 4010 XVI.Atque
931 3939 1002 3993 illi
1031 3940 1245 4009 quidem
1269 3939 1517 4006 lugeant:
1543 3953 1640 3991 nos
1670 3945 1850 3992 autem
1885 3953 2085 4008 agnum

507 4031 881 4099 comedamus;
914 4030 982 4085 ad
1029 4045 1310 4099 veSperam
1359 4028 1576 4097 quidem
1612 4028 1676 4093 ³⁸,
1715 4031 1972 4096 quoniam
2032 4028 2085 4080 in

508 4122 829 4177 saeculorum
880 4121 986 4176 fine
1030 4120 1231 4175 Christi
1286 4120 1468 4187 passio
1503 4119 1760 4186 contigit;
1815 4118 2083 4185 siquidem

509 4228 732 4282 vespere
755 4213 1096 4281 quandoque,
1126 4212 1331 4278 peccati
1361 4209 1610 4264 videlicet
1649 4209 1932 4277 caliginem
1969 4210 2080 4262 dis-

507 4306 741 4370 cutiens,
799 4303 1074 4372 discipulis
1127 4312 1522 4357 sacramentum
1577 4301 1908 4369 impertitur.
1963 4298 2077 4353 Non

2248 930 2349 986 IE'.
2405 932 2682 986 Ἐντεῦθεν
2712 935 2745 1004 ή
2791 935 2911 1005 ἱερὰ
2945 935 3040 1000 νὺξ
3092 934 3223 1004 (52).
3255 933 3466 986 καὶτοῦ
3493 933 3782 1002 παρόντος

2181 1023 2296 1092 βίου
2347 1024 2447 1094 τῆς
2473 1027 2798 1096 κεχυμένης,
2833 1027 2995 1097 τῆσδε
3046 1025 3240 1087 νυκτὸς
3286 1024 3600 1087 ἀντίπαλος,
3637 1024 3778 1076 καθ’

2177 1116 2245 1186 ἣν
2275 1116 2335 1168 τὸ
2355 1117 2694 1186 πρωτόγονον
2721 1117 2905 1169 λύεται
2931 1118 3140 1180 σκότος,
3167 1114 3259 1168 καὶ
3280 1117 3360 1178 εἰς
3386 1114 3500 1183 φῶς
3519 1115 3778 1177 ἅπαντα,

2180 1207 2274 1260 καὶ
2326 1207 2499 1273 τάξιν,
2537 1211 2631 1262 καὶ
2679 1205 2816 1272 εἶδος
2870 1209 3119 1280 ἔρχεται,
3167 1208 3261 1261 καὶ
3312 1208 3516 1276 κόσμον
3550 1207 3584 1275 ἡ
3628 1206 3778 1275 πρὶν

2181 1299 2422 1369 ἀκοσμία
2462 1299 2750 1369 λαμϐάνει.
2817 1298 3095 1352 Ἐντεῦθεν
3148 1298 3425 1366 Αἴγυπτον
3456 1296 3775 1364 φεύγομεν.

2180 1389 2278 1460 τὴν
2307 1389 2636 1460 σκυθρωπὴν
2662 1392 2754 1443 καὶ
2783 1389 3074 1462 διώκτριαν
3113 1389 3410 1459 ἁμαρτίαν,
3439 1388 3532 1440 καὶ
3554 1385 3778 1457 Φαραὼ

2180 1481 2270 1533 τὸν
2302 1482 2532 1552 ἀόρατον
2563 1481 2845 1552 τύραννον,
2886 1482 2978 1534 καὶ
3008 1482 3134 1542 τοὺς
3167 1481 3398 1550 πικροὺς
3447 1479 3774 1549 ἐργοδότας,

2183 1573 2319 1642 πρὸς
2344 1573 2435 1625 τὸν
2457 1573 2568 1626 ἀνω
2595 1571 3122 1643 μετασκευαξόμενοι
3149 1571 3350 1640 κόσμον
3375 1582 3388 1596 ·
3419 1568 3512 1622 καὶ
3533 1567 3628 1621 τοῦ
3661 1587 3780 1639 πη-

2184 1661 2273 1713 λοῦ
2326 1662 2419 1714 καὶ
2446 1665 2544 1731 τῆς
2573 1661 2850 1723 πλινθείας
2903 1659 3369 1730 ὲλευθερούμεθα,
3421 1659 3518 1726 τῆς
3565 1673 3626 1709 τε
3663 1654 3774 1708 τοῦ

2187 1752 2392 1823 ἁχύρου
2427 1752 2540 1822 (55)
2575 1753 2668 1804 καὶ
2697 1752 2969 1823 σφαλερᾶς
2996 1751 3090 1803 τοῦ
3125 1751 3346 1821 σαρκίου
3375 1748 3528 1801 τοῦδε
3563 1747 3779 1800 συστά-

2186 1843 2462 1906 σεως.καὶ
2504 1842 2624 1913 μηδ’
2681 1843 2802 1895 ὅσον
2836 1839 3136 1911 ἀχυρώδεσι
3169 1839 3447 1908 λογισμοῖς
3501 1837 3596 1890 ἐπὶ
3650 1835 3778 1888 τῶν

2185 1931 2394 1984 πολλῶν
2417 1933 2818 2004 κρατουμένης.
2864 1930 3142 1983 Ἐντεῦθεν
3175 1933 3203 1982 ὁ
3254 1928 3423 1998 ἀμνὸς
3453 1927 3778 1996 σφαγιάζε-

2181 2037 2294 2086 ται,
2327 2021 2422 2074 καὶ
2469 2019 2860 2092 σφραγίζονται
2890 2018 2968 2089 τῷ
3006 2018 3170 2089 τιμίῳ
3204 2019 3400 2088 αἵματι
3426 2017 3628 2086 πρᾶξις
3667 2017 3780 2069 καὶ

2185 2110 2340 2180 λόγος
2371 2112 2506 2182 (54),
2543 2111 2718 2165 εἵτουν
2742 2111 2854 2177 ἕξις
2889 2111 2983 2164 καὶ
3027 2111 3296 2180 ἐνέργεια,
3338 2110 3391 2162 αἱ
3417 2108 3525 2160 τῶν
3553 2106 3776 2176 ἡμετέ-

2186 2223 2296 2277 ρων
2330 2205 2507 2274 θυρῶν
2533 2203 2936 2274 παραστάτιδες
2971 2204 3104 2273 (55),
3131 2203 3274 2271 λέγω
3305 2201 3368 2272 δὴ
3396 2201 3503 2255 τῶν
3534 2200 3629 2254 τοῦ
3670 2201 3775 2254 νοῦ

2187 2297 2503 2367 κινημάτων
2552 2296 2662 2365 (56)
2712 2313 2772 2348 τε
2811 2298 2904 2349 καὶ
2933 2295 3238 2365 δογμάτων,
3263 2292 3442 2356 καλῶς
3474 2292 3778 2362 ἀνοιγομέο

2184 2403 2289 2438 νων
2325 2386 2419 2438 καὶ
2455 2384 2783 2454 κλειομένων
2815 2386 2880 2437 ὲκ
2925 2384 3180 2454 θεωρίας,
3205 2382 3391 2452 ἐπειδὴ
3421 2383 3620 2451 μέτρον
3645 2382 3775 2434 ἐστί

2184 2496 2238 2531 τι
2271 2477 2368 2530 καὶ
2406 2477 2784 2546 καταλήψεων.
2834 2475 3114 2530 Ἐντεῦθεν
3148 2478 3180 2546 ἠ
3224 2475 3509 2528 τελευταία
3545 2475 3641 2527 καὶ
3674 2475 3778 2543 βα.-

2185 2569 2384 2641 ρυτάτη
2410 2571 2518 2630 τοῖς
2539 2567 2792 2630 διώκταις
2823 2567 3024 2638 πληγὴ,
3060 2567 3154 2619 καὶ
3182 2565 3374 2628 νυκτὸς
3400 2565 3567 2628 ὅντως
3598 2565 3731 2630 ἀξία
3753 2581 3771 2595 ·

2186 2660 2278 2713 καὶ
2309 2659 2497 2730 θρηνεῖ
2514 2659 2583 2712 τὰ
2624 2659 2942 2729 πρωτότοκα
2964 2658 3071 2711 τῶν
3105 2658 3318 2712 οἰκείων
3351 2658 3631 2727 λογισμῶν
3664 2660 3776 2711 καὶ

2185 2750 2435 2821 πράξεων
2481 2753 2751 2819 Αἴγυπτος
2797 2751 2864 2820 (ὃ
2896 2750 2990 2803 καὶ
3039 2750 3260 2821 σπέρμα
3292 2750 3591 2802 Χαλδαῖκὺν
3618 2749 3778 2814 ἐξαι-

2190 2839 2415 2910 ρόμενον
2452 2839 2568 2910 (57)
2601 2842 2668 2910 τῇ
2712 2840 2904 2910 Γραφῇ
2959 2838 3226 2905 καλεῖται,
3257 2840 3352 2892 καὶ
3386 2841 3554 2910 νήπια
3583 2840 3777 2892 Βαϐυ-

2185 2930 2352 2984 λώνια
2373 2934 2438 3002 τῇ
2474 2931 2648 3002 πέτρᾳ⁵
2681 2931 3161 3004 προσκροτούμενα
3210 2930 3322 3003 [58]
3349 2931 3442 2984 καὶ
3470 2931 3772 3000 λυόμενα),

2186 3023 2279 3076 καὶ
2308 3023 2436 3093 βοῆς
2467 3023 2646 3077 πάντα
2678 3023 2850 3094 μεστὰ
2880 3026 2976 3076 καὶ
3013 3023 3258 3094 κραυγῆς
3280 3022 3595 3090 Αἰγυπτίοις
3623 3023 3770 3092 (59)·

2187 3114 2283 3168 καὶ
2347 3113 2506 3184 ἡμῶν
2561 3115 2912 3186 ἀποχωρήσει
2949 3114 3250 3184 τηνικαῦτα
3304 3115 3332 3166 ὁ
3387 3115 3609 3166 ἐκείνων
3642 3115 3773 3166 ὀλο-

2187 3205 2437 3276 θρευτὴς,
2482 3204 2620 3257 αἰδοῖ
2657 3205 2751 3258 καὶ
2790 3205 2939 3274 φόϐῳ
2984 3205 3080 3258 τοῦ
3111 3205 3433 3275 χρίσματος.
3478 3203 3774 3258 Ἐντεῦθεν

2185 3298 2344 3368 ἄρσις
2377 3297 2476 3366 τῆς
2518 3297 2697 3366 ζύμης
2736 3298 3085 3368 ἑπταήμερος
3111 3291 3288 3366 (οὗτος
3322 3300 3428 3368 γὰρ
3479 3297 3772 3368 μυστικὼ-

2184 3402 2343 3448 τατος
2359 3385 2630 3456 ἀριθμῶν,
2652 3387 2748 3439 καὶ
2775 3385 2852 3455 τῷ
2879 3386 3067 3456 κόσμῳ
3083 3386 3255 3457 τούτῳ
3273 3386 3550 3456 σύστοιχος
3580 3387 3706 3458 [60]
3721 3387 3770 3458 ),

2184 3479 2287 3547 τῆς
2323 3478 2559 3540 παλαιᾶς
2589 3478 2683 3530 καὶ
2711 3477 2945 3542 όξῶδους
2973 3479 3174 3541 κακίας
3216 3480 3296 3549 (οὐ
3337 3479 3444 3551 γὰρ
3473 3481 3568 3550 τῆς
3601 3481 3774 3551 ἀρτο-

2186 3569 2340 3622 ποιοῦ
2369 3586 2428 3621 τε
2460 3569 2554 3622 κα)⁸
2575 3567 2834 3639 ζωτικῆς)
2857 3583 2871 3598 ·
2895 3570 2979 3621 ἴνα
3014 3570 3179 3641 μηδὲν
3207 3571 3502 3640 Αίγύπτιον
3535 3574 3774 3625 ἐπισιτι-

2188 3659 2408 3730 ζώμεθα
2441 3659 2689 3730 φύραμα,
2716 3661 2808 3713 καὶ
2834 3660 3084 3730 λείψανον
3124 3663 3458 3733 Φαοισαῖκῆς
3480 3663 3574 3715 καὶ
3594 3664 3770 3716 ἀθέου

2185 3752 2552 3814 διδασκαλίας.

2255 3937 2372 4002 IG'.
2411 3936 2523 3988 Καὶ
2556 3936 2605 3988 oi
2642 3936 2739 4006 μὲν
2767 3935 3139 4006 θρηνείτωσαν
3164 3952 3178 3967 ·
3223 3937 3354 4006 ἡμῖν
3410 3937 3466 3989 δὲ
3513 3939 3540 3990 ό
3587 3938 3774 4007 ἁμνος

2189 4027 2558 4098 βρωθήσεται·
2591 4028 2652 4080 τὸ
2676 4028 2806 4097 πρὸς
2836 4028 3073 4100 ἑσπέραν
3103 4028 3222 4099 μὲν,
3251 4031 3332 4082 ὅτι
3363 4031 3454 4082 ἐπὶ
3479 4030 3590 4099 (61)
3638 4048 3775 4083 συν-

2186 4118 2367 4189 τελεία
2403 4119 2511 4171 τῶν
2535 4121 2744 4172 αἰώνων
2777 4120 2837 4172 τὸ
2857 4119 3092 4189 Χριστοῦ
3122 4120 3290 4182 πάθος
3319 4137 3333 4150 ·
3371 4121 3492 4172 ἐπεὶ
3521 4120 3635 4189 (62)
3670 4122 3775 4175 καὶ

2187 4211 2434 4261 κοινωνεῖ
2457 4208 2550 4261 τοῦ
2581 4209 2878 4280 μυστηρίου
2903 4210 3012 4278 (65)
3034 4212 3144 4272 τοῖς
3171 4210 3435 4280 μαθηταῖς
3453 4212 3508 4262 ὲν
3527 4211 3769 4282 ἑσπέρᾳ,

2185 4299 2328 4352 λύων
2364 4301 2455 4352 τὸν
2487 4299 2673 4353 σκότον
2723 4299 2825 4369 τῆς
2872 4301 3178 4371 ἁμαρτίας.
3239 4301 3349 4370 Οὐχ
3387 4300 3653 4369 ἑψόμενος
3686 4302 3771 4366 δὲ,

507 4395 707 4448 clixum
741 4404 944 4459 autem,
978 4395 1070 4450 sed
1103 4403 1300 4448 tostum
1333 4393 1408 4458 '9;
1443 4401 1502 4446 ut
1555 4406 1622 4446 ne
1665 4391 1793 4460 quid
1826 4390 2076 4457 specula-

2193 4392 2294 4446 nx
2332 4390 2678 4460 ὀπτώμενος’
2714 4390 2787 4454 ὼς
2813 4391 2878 4444 ἂν
2916 4393 3079 4462 μηδὲν
3110 4391 3442 4461 ἀθεώρητον,
3475 4392 3594 4461 μηδ’
3629 4394 3770 4446 ὑδα-

611 4487 656 4519 ”
676 4486 858 4541 Judith
887 4501 940 4553 γ,
969 4485 1024 4540 6.
1100 4485 1148 4518 ³⁸
1168 4485 1308 4542 Psal.
1334 4503 1550 4553 cxxxvr,
1578 4485 1634 4550 8,
1673 4485 1728 4539 9.
1803 4487 1848 4516 ’⁵
1875 4484 2039 4538 Exod.

2217 4484 2302 4541 19.
2379 4487 2429 4518 ³⁸
2461 4486 2589 4540 ibid.
2668 4486 2712 4517 ²⁷
2744 4484 2931 4539 Matth.
2967 4502 3078 4552 xvr,
3113 4486 3164 4539 6.

507 4557 551 4588 ³⁸
584 4556 714 4611 ibid.
747 4558 800 4611 9.

574 4649 688 4722 (5!)
751 4651 1151 4720 Ὁμοτρόποις.
1182 4651 1359 4722 0n],
1386 4648 1777 4722 ὁμοιοτρόποις.

574 4721 687 4792 (52)
737 4722 796 4776 Ἠ
832 4721 957 4790 ιερὰ
991 4722 1131 4788 νύξ,
1157 4732 1259 4777 etc.
1286 4721 1447 4792 Bill.’;
1479 4740 1496 4772 (
1518 4727 2073 4792 sacrarno;,_etpr:e-

505 4789 676 4845 sentis
694 4792 838 4855 vitae,
865 4789 965 4846 hoc
986 4802 1087 4854 est,
1119 4792 1334 4847 suffusa:
1364 4791 1519 4858 hujus
1552 4791 1749 4852 noctis,
1779 4789 2014 4853 inimica,
2047 4808 2066 4840 ι

503 4870 608 4913 etc.
638 4859 750 4914 Hac
799 4862 1235 4931 interpretatione
1279 4862 1360 4914 vir
1394 4861 1584 4931 doctus
1616 4874 1735 4931 non
1765 4861 1896 4912 satis
1939 4858 2073 4931 Gre-

504 4931 638 4999 gorii
670 4940 900 4984 mentem
934 4929 1124 5000 aperit.
1169 4931 1417 5000 Magnum
1465 4929 1754 5000 discrimen
1810 4929 2073 4996 reperitur

504 4998 647 5052 inter
672 4998 990 5068 praesentem
1024 5002 1211 5064 vitam,
1239 4998 1292 5054 et
1329 5000 1576 5052 tenebras
1601 4998 1796 5068 quibus
1837 5011 2072 5068 praesens

503 5071 610 5121 vita
637 5067 978 5122 suffunditur.
1003 5087 1021 5120 ι
1042 5069 1156 5124 Nox
1171 5084 1381 5132 sacra,»
1413 5069 1477 5123 de
1502 5082 1607 5137 qua
1631 5067 1824 5137 agitur,
1859 5067 2074 5137 inimica

503 5139 716 5205 quidem
753 5146 835 5193 est
872 5141 1232 5202 tenebrarum,
1283 5140 1423 5201 vitii,
1463 5136 1687 5206 peccati,
1732 5136 2068 5204 ignorantitn,

503 5222 624 5275 qua;
648 5207 808 5260 vitam
845 5219 1082 5262 nostram
1130 5209 1411 5272 obsident;
1450 5208 1542 5262 sed
1590 5206 1755 5276 ipsius
1786 5206 2069 5274 praesentis

504 5278 627 5328 vita)
654 5277 873 5330 multum
903 5278 1072 5330 amica
1105 5289 1206 5331 est.

574 5345 686 5415 (53)
730 5346 844 5414 Τῆς
873 5363 937 5400 τε
965 5347 1071 5401 τοῦ
1107 5349 1354 5416 ἀχύρου,
1386 5356 1489 5400 etc.
1519 5345 1738 5416 (Atque
1764 5341 1848 5416 his
1883 5340 2070 5416 paleis,

503 5424 558 5467 et
585 5411 720 5478 levi,
759 5411 1066 5479 straminea,
1110 5411 1421 5486 lubricaque
1467 5411 1665 5469 infidae
1683 5413 1864 5467 carnis
1913 5411 2073 5480 hujus

503 5487 902 5550 constitutione,
934 5506 953 5539 ι
973 5498 1074 5541 etc.

569 5554 687 5626 ’(54)
725 5555 836 5608 Καὶ
863 5557 1063 5626 λόγος.
1104 5575 1124 5608 ι
1153 5556 1363 5620 Sermo,
1398 5575 1416 5607 ι
1445 5554 1548 5619 vel,
1590 5572 1608 5605 ι
1641 5553 1798 5626 ratio.
1830 5569 1852 5626 ε

575 5618 687 5696 (55)
723 5618 1182 5695 Παραστάὰδες.
1217 5629 1309 5680 Sic
1336 5618 1500 5696 Regg.
1539 5618 1646 5691 btn,
1691 5624 1781 5693 ph,
1822 5619 1985 5675 Coisl.
2019 5618 2072 5685 Ι,

503 5694 715 5764 (ἐοιιώη
755 5694 857 5753 etc.
890 5696 945 5751 In
978 5700 1088 5763 ed.,
1117 5695 1474 5768 παραστάδες.

3266 4486 3311 4516 ³⁸
3338 4487 3506 4541 Exod.
3545 4503 3633 4550 xu,
3677 4489 3766 4541 l8.

2248 4643 2361 4720 (56)
2389 4641 2515 4720 ζῶν
2540 4639 2649 4720 τοῦ
2678 4639 3169 4720 νοῦῆκινημιίτων.
3198 4637 3286 4720 Sic
3305 4639 3537 4708 quinque
3562 4638 3763 4708 chg.,

2177 4710 2272 4771 0r;
2316 4710 2366 4775 l’,
2401 4712 2616 4769 Cmnb.,
2648 4721 2750 4763 etc.
2789 4710 2940 4765 Deest
2966 4711 3073 4761 τῶν
3107 4713 3154 4760 in
3183 4711 3266 4759 ed.

2248 4784 2361 4851 (57)
2413 4780 2848 4849 Ἐξαιρόμενον.
2879 4781 3120 4846 Quatuor
3147 4776 3301 4832 Colb.
3326 4787 3379 4832 et
3413 4777 3505 4832 0r.
3539 4778 3592 4842 1,
3617 4779 3767 4844 ἐξαι-

2215 4855 2274 4908 ού
2285 4868 2459 4908 μενον.

2180 4871 2948 4995 ροῖἕὲἶοῖῖροσκρρτούμενα..
2990 4917 3193 4995 ΝἱοειιηΔ
3218 4916 3661 4995 προσκρούμενα.

2198 5017 2200 5022 τ
2250 4987 2364 5062 (59)
2404 4987 3010 5062 Αίιπψπὲίοιςζϐίῃιιιιηλ
3025 4988 3138 5047 τοῖς
3167 4987 3505 5062 Αἰγυπτίοις.

2253 5055 2362 5133 (60)
2379 5055 2748 5133 -Σύο-τοιχος.
2777 5077 2809 5133 ἰ
2851 5057 3102 5133 Ejusdem
3143 5071 3262 5109 cum
3301 5058 3400 5108 hoc
3439 5055 3640 5133 mundo
3665 5071 3759 5106 nr-

2179 5124 2352 5186 dinis.'
2375 5131 2510 5183 Tum
2543 5124 2688 5197 quia,
2725 5147 2743 5178 ι
2775 5124 2949 5195 inquit
2980 5124 3216 5188 Nicetas,
3255 5143 3275 5197 ς
3310 5134 3511 5197 septeni
3540 5125 3757 5177 dierum

2180 5203 2353 5270 spatio
2386 5193 2614 5252 mundus
2641 5193 2889 5270 omnibus
2919 5197 3033 5250 suis
3061 5195 3301 5249 numeris
3331 5193 3608 5270 absolutus
3641 5209 3757 5270 est,

2181 5263 2291 5325 tum
2317 5271 2438 5337 quia
2471 5268 2697 5335 expletis
2729 5278 2934 5334 septem
2981 5280 3241 5337 annornm
3277 5263 3532 5337 millibus,
3563 5266 3757 5337 mundi

2183 5342 2304 5393 finis
2333 5332 2666 5392 futurus'est.
2695 5357 2712 5388 ι
2745 5332 3057 5404 Aitonymns
3087 5336 3139 5388 in
3165 5334 3296 5404 Reg.
3321 5350 3349 5387 a
3371 5351 3385 5388 :
3404 5332 3502 5384 Διά
3529 5332 3590 5384 τὸ
3615 5333 3763 5384 ἑπτὰ

2183 5409 2340 5462 αἰῶσι
2374 5408 2461 5460 τὸν
2491 5407 2694 5479 κόσμον
2726 5402 3151 5479 περιορίξεσθαι.

2253 5479 2366 5544 (tit)
2416 5479 2569 5530 Ἐπί.
2596 5472 2702 5532 ’δὶα
2742 5472 2901 5530 codd.
2935 5474 3187 5529 Mendose
3226 5489 3279 5527 tn
3322 5475 3445 5526 sar.
3472 5472 3581 5544 ed_.,
3609 5473 3757 5544 επεί.

2253 5542 2366 5617 (62)
2420 5548 2603 5602 Ἐπεί.
2636 5547 2726 5600 Sic
2757 5546 2913 5599 codd.
2948 5545 3116 5617 Prav_e
3149 5546 3202 5598 in
3236 5545 3356 5598 Par.
3389 5545 3498 5617 ed._,
3530 5542 3648 5617 ὲτὶί.

2251 5612 2359 5689 (65)
2404 5618 2512 5670 Τοῦ
2536 5617 2900 5689 μρστηρίουη
2930 5616 3019 5670 Sic
3068 5613 3233 5685 ﬂcgg.
3287 5617 3395 5680 ιηιι,
3444 5613 3538 5682 ph,
3579 5612 3674 5668 0r.
3707 5612 3760 5679 1,

2181 5687 2286 5745 etc.
2327 5689 2484 5743 Deest
2515 5687 2607 5740 τοῦ
2647 5689 2696 5742 in
2726 5688 2811 5740 ed.
