  <div class='ocr_page' id='page_1' title='image "/cluster/home/n/w/nwhite01/storage/ocr_20150623/36/nnc1.0022377409/364.png"; bbox 0 0 3898 6222; ppageno 0'>
   <div class='ocr_carea' id='block_1_1' title="bbox 209 261 346 337">
    <p class='ocr_par' dir='ltr' id='par_1_1' title="bbox 209 261 346 337">
     <span class='ocr_line' id='line_1_1' title="bbox 209 261 346 337; baseline -0.029 0"><span class='ocrx_word' id='word_1_1' title='bbox 209 261 346 337; x_wconf 70' lang='grc' dir='ltr'>’διε</span> 
     </span>
    </p>
   </div>
   <div class='ocr_carea' id='block_1_2' title="bbox 1202 262 2578 321">
    <p class='ocr_par' dir='ltr' id='par_1_2' title="bbox 1202 262 2578 321">
     <span class='ocr_line' id='line_1_2' title="bbox 1202 262 2578 321; baseline -0.001 0"><span class='ocrx_word' id='word_1_2' title='bbox 1202 263 1459 321; x_wconf 82' lang='lat' dir='ltr'><strong>ORATIO</strong></span> <span class='ocrx_word' id='word_1_3' title='bbox 1496 262 1657 321; x_wconf 75' lang='lat' dir='ltr'><strong>XLV.</strong></span> <span class='ocrx_word' id='word_1_4' title='bbox 1699 293 1767 303; x_wconf 95' lang='lat'><strong>—</strong></span> <span class='ocrx_word' id='word_1_5' title='bbox 1803 263 1871 321; x_wconf 83' lang='lat' dir='ltr'><strong>IN</strong></span> <span class='ocrx_word' id='word_1_6' title='bbox 1915 262 2246 321; x_wconf 82' lang='lat' dir='ltr'><strong>SANCTUM</strong></span> <span class='ocrx_word' id='word_1_7' title='bbox 2283 262 2578 321; x_wconf 81' lang='lat' dir='ltr'><strong>PASCHA.</strong></span> 
     </span>
    </p>
   </div>
   <div class='ocr_carea' id='block_1_3' title="bbox 3397 263 3504 323">
    <p class='ocr_par' dir='ltr' id='par_1_3' title="bbox 3397 263 3504 323">
     <span class='ocr_line' id='line_1_3' title="bbox 3397 263 3504 323; baseline 0.019 -2"><span class='ocrx_word' id='word_1_8' title='bbox 3397 263 3504 323; x_wconf 64' lang='grc'>646</span> 
     </span>
    </p>
   </div>
   <div class='ocr_carea' id='block_1_4' title="bbox 235 377 1821 463">
    <p class='ocr_par' dir='ltr' id='par_1_4' title="bbox 235 378 1820 463">
     <span class='ocr_line' id='line_1_4' title="bbox 235 378 1820 463; baseline -0.011 0"><span class='ocrx_word' id='word_1_9' title='bbox 235 391 335 463; x_wconf 77' lang='grc' dir='ltr'><strong>ρὲς</strong></span> <span class='ocrx_word' id='word_1_10' title='bbox 372 384 484 458; x_wconf 77' lang='grc'>(64)</span> <span class='ocrx_word' id='word_1_11' title='bbox 513 386 543 438; x_wconf 79' lang='grc' dir='ltr'><strong>ὁ</strong></span> <span class='ocrx_word' id='word_1_12' title='bbox 577 382 736 453; x_wconf 79' lang='grc' dir='ltr'>λόγος</span> <span class='ocrx_word' id='word_1_13' title='bbox 758 383 890 454; x_wconf 75' lang='grc' dir='ltr'>ἡμῖν</span> <span class='ocrx_word' id='word_1_14' title='bbox 921 378 988 436; x_wconf 78' lang='grc' dir='ltr'>ἂν</span> <span class='ocrx_word' id='word_1_15' title='bbox 1012 378 1126 453; x_wconf 80' lang='lat'><strong>(65)</strong></span> <span class='ocrx_word' id='word_1_16' title='bbox 1146 378 1269 453; x_wconf 59' lang='grc' dir='ltr'>ἔκη’</span> <span class='ocrx_word' id='word_1_17' title='bbox 1306 380 1429 452; x_wconf 77' lang='grc' dir='ltr'>μηδ’</span> <span class='ocrx_word' id='word_1_18' title='bbox 1464 379 1779 434; x_wconf 80' lang='grc' dir='ltr'><strong>εὐδιάλυτον</strong></span> <span class='ocrx_word' id='word_1_19' title='bbox 1803 419 1820 445; x_wconf 83' lang='grc'><strong>.</strong></span> 
     </span>
    </p>
   </div>
   <div class='ocr_carea' id='block_1_5' title="bbox 1926 377 3498 463">
    <p class='ocr_par' dir='ltr' id='par_1_5' title="bbox 1935 377 3498 451">
     <span class='ocr_line' id='line_1_5' title="bbox 1935 377 3498 451; baseline 0 -18"><span class='ocrx_word' id='word_1_20' title='bbox 1935 379 2099 436; x_wconf 92' lang='lat' dir='ltr'><strong>tionis</strong></span> <span class='ocrx_word' id='word_1_21' title='bbox 2154 393 2349 451; x_wconf 82' lang='lat' dir='ltr'><strong>expers</strong></span> <span class='ocrx_word' id='word_1_22' title='bbox 2382 389 2546 450; x_wconf 90' lang='lat' dir='ltr'><strong>atque</strong></span> <span class='ocrx_word' id='word_1_23' title='bbox 2586 392 2849 449; x_wconf 93' lang='lat' dir='ltr'><strong>aquosum</strong></span> <span class='ocrx_word' id='word_1_24' title='bbox 2909 377 3066 434; x_wconf 88' lang='lat' dir='ltr'><strong>nobis</strong></span> <span class='ocrx_word' id='word_1_25' title='bbox 3096 378 3218 435; x_wconf 85' lang='lat' dir='ltr'><strong>lidei</strong></span> <span class='ocrx_word' id='word_1_26' title='bbox 3253 379 3498 434; x_wconf 75' lang='lat' dir='ltr'><strong>doctrina</strong></span> 
     </span>
    </p>
   </div>
   <div class='ocr_carea' id='block_1_6' title="bbox 232 469 1820 547">
    <p class='ocr_par' dir='ltr' id='par_1_6' title="bbox 232 469 1820 547">
     <span class='ocr_line' id='line_1_6' title="bbox 232 469 1820 547; baseline -0.008 -11"><span class='ocrx_word' id='word_1_27' title='bbox 232 480 354 537; x_wconf 82' lang='grc' dir='ltr'>ἀλλ’</span> <span class='ocrx_word' id='word_1_28' title='bbox 386 479 508 540; x_wconf 81' lang='grc' dir='ltr'>ὅλος</span> <span class='ocrx_word' id='word_1_29' title='bbox 542 474 649 545; x_wconf 88' lang='grc'>(66)</span> <span class='ocrx_word' id='word_1_30' title='bbox 682 472 950 536; x_wconf 86' lang='grc' dir='ltr'>συνεστὼς</span> <span class='ocrx_word' id='word_1_31' title='bbox 981 469 1039 547; x_wconf 83' lang='grc' dir='ltr'>ᾗ,</span> <span class='ocrx_word' id='word_1_32' title='bbox 1060 472 1156 527; x_wconf 74' lang='grc' dir='ltr'>καὶ</span> <span class='ocrx_word' id='word_1_33' title='bbox 1187 473 1434 543; x_wconf 79' lang='grc' dir='ltr'>στερρὸς,</span> <span class='ocrx_word' id='word_1_34' title='bbox 1460 472 1555 525; x_wconf 78' lang='grc' dir='ltr'>καὶ</span> <span class='ocrx_word' id='word_1_35' title='bbox 1583 470 1660 542; x_wconf 86' lang='grc' dir='ltr'>τῷ</span> <span class='ocrx_word' id='word_1_36' title='bbox 1685 469 1820 524; x_wconf 89' lang='grc' dir='ltr'>καθ-</span> 
     </span>
    </p>
   </div>
   <div class='ocr_carea' id='block_1_7' title="bbox 231 561 1820 645">
    <p class='ocr_par' dir='ltr' id='par_1_7' title="bbox 231 561 1820 645">
     <span class='ocr_line' id='line_1_7' title="bbox 231 561 1820 645; baseline -0.008 -19"><span class='ocrx_word' id='word_1_37' title='bbox 231 570 449 645; x_wconf 86' lang='grc' dir='ltr'>αρτικῷ</span> <span class='ocrx_word' id='word_1_38' title='bbox 492 568 626 639; x_wconf 81' lang='grc' dir='ltr'>πυρὶ</span> <span class='ocrx_word' id='word_1_39' title='bbox 669 564 1149 635; x_wconf 80' lang='grc' dir='ltr'><strong>δεδοκιμασμένος,</strong></span> <span class='ocrx_word' id='word_1_40' title='bbox 1204 564 1301 617; x_wconf 71' lang='grc' dir='ltr'>καὶ</span> <span class='ocrx_word' id='word_1_41' title='bbox 1346 563 1549 626; x_wconf 85' lang='grc' dir='ltr'>παντὸς</span> <span class='ocrx_word' id='word_1_42' title='bbox 1584 561 1820 626; x_wconf 82' lang='grc' dir='ltr'><strong>ὑλώδους</strong></span> 
     </span>
    </p>
   </div>
   <div class='ocr_carea' id='block_1_8' title="bbox 233 652 1818 733">
    <p class='ocr_par' dir='ltr' id='par_1_8' title="bbox 233 652 1818 733">
     <span class='ocr_line' id='line_1_8' title="bbox 233 652 1818 733; baseline -0.006 -16"><span class='ocrx_word' id='word_1_43' title='bbox 233 662 544 733; x_wconf 65' lang='grc' dir='ltr'>ἐλεύθερος,</span> <span class='ocrx_word' id='word_1_44' title='bbox 580 659 675 713; x_wconf 75' lang='grc' dir='ltr'>καὶ</span> <span class='ocrx_word' id='word_1_45' title='bbox 722 657 1037 727; x_wconf 80' lang='grc' dir='ltr'>ἁπέριττος,</span> <span class='ocrx_word' id='word_1_46' title='bbox 1089 656 1182 709; x_wconf 70' lang='grc' dir='ltr'>καὶ</span> <span class='ocrx_word' id='word_1_47' title='bbox 1214 659 1328 719; x_wconf 88' lang='grc' dir='ltr'>τοῖς</span> <span class='ocrx_word' id='word_1_48' title='bbox 1372 655 1556 719; x_wconf 84' lang='grc' dir='ltr'>καλοῖς</span> <span class='ocrx_word' id='word_1_49' title='bbox 1586 652 1818 727; x_wconf 78' lang='grc' dir='ltr'><strong>ἄνθραξι</strong></span> 
     </span>
    </p>
   </div>
   <div class='ocr_carea' id='block_1_9' title="bbox 240 747 1820 827">
    <p class='ocr_par' dir='ltr' id='par_1_9' title="bbox 240 747 1820 827">
     <span class='ocr_line' id='line_1_9' title="bbox 240 747 1820 827; baseline -0.005 -19"><span class='ocrx_word' id='word_1_50' title='bbox 240 753 587 827; x_wconf 86' lang='grc' dir='ltr'>βοηθώμεθα,</span> <span class='ocrx_word' id='word_1_51' title='bbox 610 751 672 805; x_wconf 85' lang='grc' dir='ltr'>τὸ</span> <span class='ocrx_word' id='word_1_52' title='bbox 698 750 1036 820; x_wconf 84' lang='grc' dir='ltr'>διανοητικὸν</span> <span class='ocrx_word' id='word_1_53' title='bbox 1057 747 1215 820; x_wconf 83' lang='grc' dir='ltr'>ἡμῶν</span> <span class='ocrx_word' id='word_1_54' title='bbox 1235 748 1536 802; x_wconf 84' lang='grc' dir='ltr'><strong>ἀνάπτουσι</strong></span> <span class='ocrx_word' id='word_1_55' title='bbox 1566 748 1662 802; x_wconf 80' lang='grc' dir='ltr'>καὶ</span> <span class='ocrx_word' id='word_1_56' title='bbox 1687 747 1820 801; x_wconf 89' lang='grc' dir='ltr'>καθ-</span> 
     </span>
    </p>
   </div>
   <div class='ocr_carea' id='block_1_10' title="bbox 236 838 1817 916">
    <p class='ocr_par' dir='ltr' id='par_1_10' title="bbox 236 838 1817 916">
     <span class='ocr_line' id='line_1_10' title="bbox 236 838 1817 916; baseline -0.003 -19"><span class='ocrx_word' id='word_1_57' title='bbox 236 845 475 916; x_wconf 84' lang='grc' dir='ltr'>αίρουσι,</span> <span class='ocrx_word' id='word_1_58' title='bbox 508 841 662 913; x_wconf 73' lang='grc' dir='ltr'>παρὰ</span> <span class='ocrx_word' id='word_1_59' title='bbox 700 838 793 894; x_wconf 80' lang='grc' dir='ltr'>τοῦ</span> <span class='ocrx_word' id='word_1_60' title='bbox 826 840 939 911; x_wconf 81' lang='grc' dir='ltr'>πῦρ</span> <span class='ocrx_word' id='word_1_61' title='bbox 968 839 1215 902; x_wconf 78' lang='grc' dir='ltr'><strong>ἐλθόντος</strong></span> <span class='ocrx_word' id='word_1_62' title='bbox 1243 839 1423 910; x_wconf 80' lang='grc' dir='ltr'>βαλεῖν</span> <span class='ocrx_word' id='word_1_63' title='bbox 1455 840 1547 893; x_wconf 75' lang='grc' dir='ltr'><strong>ἐπὶ</strong></span> <span class='ocrx_word' id='word_1_64' title='bbox 1565 839 1668 910; x_wconf 82' lang='grc' dir='ltr'>τῆς</span> <span class='ocrx_word' id='word_1_65' title='bbox 1693 839 1817 910; x_wconf 84' lang='grc' dir='ltr'>γῆς,</span> 
     </span>
    </p>
   </div>
   <div class='ocr_carea' id='block_1_11' title="bbox 234 930 1819 1005">
    <p class='ocr_par' dir='ltr' id='par_1_11' title="bbox 234 930 1819 1005">
     <span class='ocr_line' id='line_1_11' title="bbox 234 930 1819 1005; baseline -0.004 -15"><span class='ocrx_word' id='word_1_66' title='bbox 234 937 302 990; x_wconf 77' lang='grc' dir='ltr'><strong>τὸ</strong></span> <span class='ocrx_word' id='word_1_67' title='bbox 332 935 442 989; x_wconf 87' lang='grc' dir='ltr'><strong>τῶν</strong></span> <span class='ocrx_word' id='word_1_68' title='bbox 474 930 763 1005; x_wconf 82' lang='grc' dir='ltr'><strong>μοχθηρῶν</strong></span> <span class='ocrx_word' id='word_1_69' title='bbox 792 930 959 998; x_wconf 74' lang='grc' dir='ltr'>ἕξεων</span> <span class='ocrx_word' id='word_1_70' title='bbox 983 930 1341 995; x_wconf 83' lang='grc' dir='ltr'>ἀναλωτικὸν,</span> <span class='ocrx_word' id='word_1_71' title='bbox 1367 931 1462 985; x_wconf 78' lang='grc' dir='ltr'>καὶ</span> <span class='ocrx_word' id='word_1_72' title='bbox 1492 930 1590 1001; x_wconf 82' lang='grc' dir='ltr'>τὴν</span> <span class='ocrx_word' id='word_1_73' title='bbox 1619 930 1819 1001; x_wconf 82' lang='grc' dir='ltr'>ἄναψιν</span> 
     </span>
    </p>
   </div>
   <div class='ocr_carea' id='block_1_12' title="bbox 236 1013 1817 1090">
    <p class='ocr_par' dir='ltr' id='par_1_12' title="bbox 236 1013 1817 1090">
     <span class='ocr_line' id='line_1_12' title="bbox 236 1013 1817 1090; baseline 0 -16"><span class='ocrx_word' id='word_1_74' title='bbox 236 1021 677 1083; x_wconf 72' lang='grc' dir='ltr'>ἐπισπεύδοντος.</span> <span class='ocrx_word' id='word_1_75' title='bbox 716 1018 881 1072; x_wconf 84' lang='grc' dir='ltr'>Ὅσον</span> <span class='ocrx_word' id='word_1_76' title='bbox 942 1018 1042 1089; x_wconf 85' lang='grc' dir='ltr'>μὲν</span> <span class='ocrx_word' id='word_1_77' title='bbox 1091 1013 1187 1071; x_wconf 76' lang='grc' dir='ltr'><strong>οὖν</strong></span> <span class='ocrx_word' id='word_1_78' title='bbox 1218 1018 1497 1090; x_wconf 87' lang='grc' dir='ltr'>σαρκῶδες</span> <span class='ocrx_word' id='word_1_79' title='bbox 1533 1020 1627 1073; x_wconf 83' lang='grc' dir='ltr'>τοῦ</span> <span class='ocrx_word' id='word_1_80' title='bbox 1657 1020 1817 1090; x_wconf 85' lang='grc' dir='ltr'>λόγου</span> 
     </span>
    </p>
   </div>
   <div class='ocr_carea' id='block_1_13' title="bbox 238 1110 1821 1185">
    <p class='ocr_par' dir='ltr' id='par_1_13' title="bbox 238 1110 1821 1185">
     <span class='ocr_line' id='line_1_13' title="bbox 238 1110 1821 1185; baseline -0.002 -17"><span class='ocrx_word' id='word_1_81' title='bbox 238 1116 336 1169; x_wconf 78' lang='grc' dir='ltr'>καὶ</span> <span class='ocrx_word' id='word_1_82' title='bbox 362 1114 650 1185; x_wconf 85' lang='grc' dir='ltr'>τρόφιμον,</span> <span class='ocrx_word' id='word_1_83' title='bbox 690 1110 829 1182; x_wconf 83' lang='grc' dir='ltr'>μετὰ</span> <span class='ocrx_word' id='word_1_84' title='bbox 847 1110 955 1163; x_wconf 91' lang='grc' dir='ltr'><strong>τῶν</strong></span> <span class='ocrx_word' id='word_1_85' title='bbox 984 1111 1274 1164; x_wconf 82' lang='grc' dir='ltr'>ὲντοσθίων</span> <span class='ocrx_word' id='word_1_86' title='bbox 1303 1112 1415 1179; x_wconf 88' lang='grc'><strong>(67)</strong></span> <span class='ocrx_word' id='word_1_87' title='bbox 1436 1113 1529 1165; x_wconf 81' lang='grc' dir='ltr'>καὶ</span> <span class='ocrx_word' id='word_1_88' title='bbox 1544 1112 1654 1165; x_wconf 86' lang='grc' dir='ltr'><strong>τῶν</strong></span> <span class='ocrx_word' id='word_1_89' title='bbox 1687 1130 1821 1184; x_wconf 89' lang='grc' dir='ltr'>κρυ-</span> 
     </span>
    </p>
   </div>
   <div class='ocr_carea' id='block_1_14' title="bbox 236 1199 1820 1271">
    <p class='ocr_par' dir='ltr' id='par_1_14' title="bbox 236 1199 1820 1271">
     <span class='ocr_line' id='line_1_14' title="bbox 236 1199 1820 1271; baseline -0.001 -16"><span class='ocrx_word' id='word_1_90' title='bbox 236 1202 380 1271; x_wconf 79' lang='grc' dir='ltr'>φίων</span> <span class='ocrx_word' id='word_1_91' title='bbox 397 1200 493 1254; x_wconf 82' lang='grc' dir='ltr'><strong>τοῦ</strong></span> <span class='ocrx_word' id='word_1_92' title='bbox 516 1199 610 1253; x_wconf 81' lang='grc' dir='ltr'><strong>νοῦ</strong></span> <span class='ocrx_word' id='word_1_93' title='bbox 644 1199 985 1271; x_wconf 81' lang='grc' dir='ltr'>βρωθήσεται</span> <span class='ocrx_word' id='word_1_94' title='bbox 1035 1199 1130 1253; x_wconf 72' lang='grc' dir='ltr'>καὶ</span> <span class='ocrx_word' id='word_1_95' title='bbox 1153 1199 1583 1271; x_wconf 81' lang='grc' dir='ltr'>ἀναλωθήσεται,</span> <span class='ocrx_word' id='word_1_96' title='bbox 1616 1202 1708 1254; x_wconf 72' lang='grc' dir='ltr'><strong>καὶ</strong></span> <span class='ocrx_word' id='word_1_97' title='bbox 1739 1202 1820 1265; x_wconf 73' lang='grc' dir='ltr'>εἰς</span> 
     </span>
    </p>
   </div>
   <div class='ocr_carea' id='block_1_15' title="bbox 236 1289 1820 1363">
    <p class='ocr_par' dir='ltr' id='par_1_15' title="bbox 236 1289 1820 1363">
     <span class='ocr_line' id='line_1_15' title="bbox 236 1289 1820 1363; baseline 0 -17"><span class='ocrx_word' id='word_1_98' title='bbox 236 1293 405 1363; x_wconf 79' lang='grc' dir='ltr'>πέψιν</span> <span class='ocrx_word' id='word_1_99' title='bbox 436 1291 811 1363; x_wconf 78' lang='grc' dir='ltr'>πνευματικὴν</span> <span class='ocrx_word' id='word_1_100' title='bbox 848 1289 1253 1361; x_wconf 85' lang='grc' dir='ltr'>ἀναδοθήσεται,</span> <span class='ocrx_word' id='word_1_101' title='bbox 1280 1290 1408 1362; x_wconf 79' lang='grc' dir='ltr'>ἄχρι</span> <span class='ocrx_word' id='word_1_102' title='bbox 1451 1292 1691 1363; x_wconf 79' lang='grc' dir='ltr'><strong>κεφαλῆς</strong></span> <span class='ocrx_word' id='word_1_103' title='bbox 1725 1292 1820 1346; x_wconf 59' lang='grc' dir='ltr'><strong>κα)Ι</strong></span> 
     </span>
    </p>
   </div>
   <div class='ocr_carea' id='block_1_16' title="bbox 237 1380 1823 1455">
    <p class='ocr_par' dir='ltr' id='par_1_16' title="bbox 237 1380 1823 1455">
     <span class='ocr_line' id='line_1_16' title="bbox 237 1380 1823 1455; baseline -0.001 -17"><span class='ocrx_word' id='word_1_104' title='bbox 237 1383 440 1447; x_wconf 85' lang='grc' dir='ltr'>ποδῶν,</span> <span class='ocrx_word' id='word_1_105' title='bbox 468 1384 579 1437; x_wconf 87' lang='grc' dir='ltr'><strong>τῶν</strong></span> <span class='ocrx_word' id='word_1_106' title='bbox 602 1399 661 1435; x_wconf 87' lang='grc' dir='ltr'><strong>τε</strong></span> <span class='ocrx_word' id='word_1_107' title='bbox 695 1380 927 1453; x_wconf 86' lang='grc' dir='ltr'>πρώτων</span> <span class='ocrx_word' id='word_1_108' title='bbox 963 1382 1073 1450; x_wconf 88' lang='lat'><strong>(68)</strong></span> <span class='ocrx_word' id='word_1_109' title='bbox 1097 1381 1222 1452; x_wconf 78' lang='grc' dir='ltr'>περὶ</span> <span class='ocrx_word' id='word_1_110' title='bbox 1253 1380 1505 1451; x_wconf 84' lang='grc' dir='ltr'>θεότητος</span> <span class='ocrx_word' id='word_1_111' title='bbox 1537 1383 1823 1455; x_wconf 87' lang='grc' dir='ltr'>θεωρημὰ-</span> 
     </span>
    </p>
   </div>
   <div class='ocr_carea' id='block_1_17' title="bbox 234 1470 1821 1545">
    <p class='ocr_par' dir='ltr' id='par_1_17' title="bbox 234 1470 1821 1545">
     <span class='ocr_line' id='line_1_17' title="bbox 234 1470 1821 1545; baseline 0 -19"><span class='ocrx_word' id='word_1_112' title='bbox 234 1490 369 1535; x_wconf 89' lang='grc' dir='ltr'>των,</span> <span class='ocrx_word' id='word_1_113' title='bbox 395 1472 492 1527; x_wconf 74' lang='grc' dir='ltr'>καὶ</span> <span class='ocrx_word' id='word_1_114' title='bbox 520 1471 629 1525; x_wconf 91' lang='grc' dir='ltr'><strong>τῶν</strong></span> <span class='ocrx_word' id='word_1_115' title='bbox 671 1470 998 1524; x_wconf 81' lang='grc' dir='ltr'>τελευταίων</span> <span class='ocrx_word' id='word_1_116' title='bbox 1022 1470 1124 1541; x_wconf 83' lang='grc' dir='ltr'>τῆς</span> <span class='ocrx_word' id='word_1_117' title='bbox 1157 1470 1491 1541; x_wconf 82' lang='grc' dir='ltr'>σαρκώσεως</span> <span class='ocrx_word' id='word_1_118' title='bbox 1517 1471 1625 1543; x_wconf 87' lang='grc'><strong>(69)</strong></span> <span class='ocrx_word' id='word_1_119' title='bbox 1654 1491 1821 1545; x_wconf 80' lang='grc' dir='ltr'>φρον-</span> 
     </span>
    </p>
   </div>
   <div class='ocr_carea' id='block_1_18' title="bbox 232 1559 1822 1635">
    <p class='ocr_par' dir='ltr' id='par_1_18' title="bbox 232 1559 1822 1635">
     <span class='ocr_line' id='line_1_18' title="bbox 232 1559 1822 1635; baseline -0.002 -17"><span class='ocrx_word' id='word_1_120' title='bbox 232 1564 541 1635; x_wconf 84' lang='grc' dir='ltr'>τισμάτων.</span> <span class='ocrx_word' id='word_1_121' title='bbox 589 1562 703 1616; x_wconf 86' lang='grc' dir='ltr'><strong>Οὐκ</strong></span> <span class='ocrx_word' id='word_1_122' title='bbox 755 1559 1036 1632; x_wconf 79' lang='grc' dir='ltr'>ἐξοίσομεν</span> <span class='ocrx_word' id='word_1_123' title='bbox 1057 1560 1115 1612; x_wconf 77' lang='grc' dir='ltr'>δὲ</span> <span class='ocrx_word' id='word_1_124' title='bbox 1140 1560 1313 1621; x_wconf 81' lang='grc' dir='ltr'>οὐδὲν,</span> <span class='ocrx_word' id='word_1_125' title='bbox 1342 1561 1462 1614; x_wconf 78' lang='grc' dir='ltr'>οὐδὲ</span> <span class='ocrx_word' id='word_1_126' title='bbox 1484 1564 1565 1626; x_wconf 72' lang='grc' dir='ltr'>εἰς</span> <span class='ocrx_word' id='word_1_127' title='bbox 1586 1563 1646 1616; x_wconf 87' lang='grc' dir='ltr'>τὸ</span> <span class='ocrx_word' id='word_1_128' title='bbox 1673 1564 1822 1635; x_wconf 76' lang='grc' dir='ltr'>πρωὶ</span> 
     </span>
    </p>
   </div>
   <div class='ocr_carea' id='block_1_19' title="bbox 233 1652 1822 1726">
    <p class='ocr_par' dir='ltr' id='par_1_19' title="bbox 233 1652 1822 1726">
     <span class='ocr_line' id='line_1_19' title="bbox 233 1652 1822 1726; baseline 0 -17"><span class='ocrx_word' id='word_1_129' title='bbox 233 1654 642 1726; x_wconf 74' lang='grc' dir='ltr'>καταλείψομεν</span> <span class='ocrx_word' id='word_1_130' title='bbox 693 1653 841 1726; x_wconf 82' lang='grc'>(70)’</span> <span class='ocrx_word' id='word_1_131' title='bbox 897 1654 980 1706; x_wconf 83' lang='grc' dir='ltr'>ὅτι</span> <span class='ocrx_word' id='word_1_132' title='bbox 1039 1652 1175 1724; x_wconf 86' lang='grc' dir='ltr'>μηδὲ</span> <span class='ocrx_word' id='word_1_133' title='bbox 1234 1653 1442 1725; x_wconf 75' lang='grc' dir='ltr'>ἐκφορὰ</span> <span class='ocrx_word' id='word_1_134' title='bbox 1474 1657 1585 1718; x_wconf 88' lang='grc' dir='ltr'>τοῖς</span> <span class='ocrx_word' id='word_1_135' title='bbox 1620 1654 1723 1720; x_wconf 76' lang='grc' dir='ltr'><strong>ἔξω</strong></span> <span class='ocrx_word' id='word_1_136' title='bbox 1751 1655 1822 1710; x_wconf 84' lang='grc' dir='ltr'><strong>τὰ</strong></span> 
     </span>
    </p>
   </div>
   <div class='ocr_carea' id='block_1_20' title="bbox 1925 471 3502 541">
    <p class='ocr_par' dir='ltr' id='par_1_20' title="bbox 1925 471 3502 541">
     <span class='ocr_line' id='line_1_20' title="bbox 1925 471 3502 541; baseline 0.001 -14"><span class='ocrx_word' id='word_1_137' title='bbox 1925 472 2143 537; x_wconf 89' lang='lat' dir='ltr'><strong>habeat,</strong></span> <span class='ocrx_word' id='word_1_138' title='bbox 2173 487 2272 529; x_wconf 91' lang='lat' dir='ltr'><strong>nec</strong></span> <span class='ocrx_word' id='word_1_139' title='bbox 2298 471 2589 541; x_wconf 83' lang='lat' dir='ltr'><strong>ejusmodi,</strong></span> <span class='ocrx_word' id='word_1_140' title='bbox 2617 480 2676 527; x_wconf 92' lang='lat' dir='ltr'><strong>ut</strong></span> <span class='ocrx_word' id='word_1_141' title='bbox 2723 471 2879 527; x_wconf 80' lang='lat' dir='ltr'><strong>facile</strong></span> <span class='ocrx_word' id='word_1_142' title='bbox 2928 471 3148 528; x_wconf 86' lang='lat' dir='ltr'><strong>dissolvi</strong></span> <span class='ocrx_word' id='word_1_143' title='bbox 3186 482 3372 541; x_wconf 89' lang='lat' dir='ltr'><strong>queat,</strong></span> <span class='ocrx_word' id='word_1_144' title='bbox 3404 472 3502 528; x_wconf 87' lang='lat' dir='ltr'><strong>sed</strong></span> 
     </span>
    </p>
   </div>
   <div class='ocr_carea' id='block_1_21' title="bbox 1926 563 3501 635">
    <p class='ocr_par' dir='ltr' id='par_1_21' title="bbox 1926 563 3501 635">
     <span class='ocr_line' id='line_1_21' title="bbox 1926 563 3501 635; baseline 0 -17"><span class='ocrx_word' id='word_1_145' title='bbox 1926 572 2039 618; x_wconf 90' lang='lat' dir='ltr'><strong>tota</strong></span> <span class='ocrx_word' id='word_1_146' title='bbox 2070 565 2237 619; x_wconf 86' lang='lat' dir='ltr'><strong>densa</strong></span> <span class='ocrx_word' id='word_1_147' title='bbox 2262 573 2316 619; x_wconf 93' lang='lat' dir='ltr'><strong>et</strong></span> <span class='ocrx_word' id='word_1_148' title='bbox 2340 566 2533 627; x_wconf 88' lang='lat' dir='ltr'><strong>solida,</strong></span> <span class='ocrx_word' id='word_1_149' title='bbox 2560 574 2722 635; x_wconf 89' lang='lat' dir='ltr'><strong>atque</strong></span> <span class='ocrx_word' id='word_1_150' title='bbox 2758 567 2881 634; x_wconf 89' lang='lat' dir='ltr'><strong>igne</strong></span> <span class='ocrx_word' id='word_1_151' title='bbox 2909 574 3171 635; x_wconf 86' lang='lat' dir='ltr'><strong>purgante</strong></span> <span class='ocrx_word' id='word_1_152' title='bbox 3195 563 3501 632; x_wconf 80' lang='lat' dir='ltr'><strong>explorata,</strong></span> 
     </span>
    </p>
   </div>
   <div class='ocr_carea' id='block_1_22' title="bbox 1921 653 3503 723">
    <p class='ocr_par' dir='ltr' id='par_1_22' title="bbox 1921 653 3503 723">
     <span class='ocr_line' id='line_1_22' title="bbox 1921 653 3503 723; baseline 0 -16"><span class='ocrx_word' id='word_1_153' title='bbox 1921 662 1978 707; x_wconf 90' lang='lat' dir='ltr'><strong>et</strong></span> <span class='ocrx_word' id='word_1_154' title='bbox 2009 653 2077 707; x_wconf 88' lang='lat' dir='ltr'><strong>ab</strong></span> <span class='ocrx_word' id='word_1_155' title='bbox 2107 654 2252 707; x_wconf 91' lang='lat' dir='ltr'><strong>omni</strong></span> <span class='ocrx_word' id='word_1_156' title='bbox 2300 653 2568 707; x_wconf 83' lang='lat' dir='ltr'><strong>crassiore</strong></span> <span class='ocrx_word' id='word_1_157' title='bbox 2597 669 2661 706; x_wconf 90' lang='lat' dir='ltr'><strong>ac</strong></span> <span class='ocrx_word' id='word_1_158' title='bbox 2688 654 2961 723; x_wconf 84' lang='lat' dir='ltr'><strong>superﬂua</strong></span> <span class='ocrx_word' id='word_1_159' title='bbox 2995 655 3221 707; x_wconf 87' lang='lat' dir='ltr'><strong>materia</strong></span> <span class='ocrx_word' id='word_1_160' title='bbox 3257 667 3389 721; x_wconf 90' lang='lat' dir='ltr'><strong>pura</strong></span> <span class='ocrx_word' id='word_1_161' title='bbox 3447 663 3503 707; x_wconf 89' lang='lat' dir='ltr'><strong>et</strong></span> 
     </span>
    </p>
   </div>
   <div class='ocr_carea' id='block_1_23' title="bbox 1923 744 3493 811">
    <p class='ocr_par' dir='ltr' id='par_1_23' title="bbox 1923 744 3493 811">
     <span class='ocr_line' id='line_1_23' title="bbox 1923 744 3493 811; baseline 0.002 -15"><span class='ocrx_word' id='word_1_162' title='bbox 1923 744 2094 798; x_wconf 89' lang='lat' dir='ltr'><strong>libera</strong></span> <span class='ocrx_word' id='word_1_163' title='bbox 2137 745 2229 811; x_wconf 86' lang='lat' dir='ltr'><strong>sit,</strong></span> <span class='ocrx_word' id='word_1_164' title='bbox 2262 756 2426 811; x_wconf 89' lang='lat' dir='ltr'><strong>utque</strong></span> <span class='ocrx_word' id='word_1_165' title='bbox 2458 744 2613 799; x_wconf 85' lang='lat' dir='ltr'><strong>bonis</strong></span> <span class='ocrx_word' id='word_1_166' title='bbox 2648 744 2752 799; x_wconf 91' lang='lat' dir='ltr'><strong>illis</strong></span> <span class='ocrx_word' id='word_1_167' title='bbox 2781 745 3130 810; x_wconf 83' lang='lat' dir='ltr'><strong>carbonibus,</strong></span> <span class='ocrx_word' id='word_1_168' title='bbox 3160 745 3493 800; x_wconf 89' lang='lat' dir='ltr'><strong>intellectum</strong></span> 
     </span>
    </p>
   </div>
   <div class='ocr_carea' id='block_1_24' title="bbox 1923 837 3502 908">
    <p class='ocr_par' dir='ltr' id='par_1_24' title="bbox 1923 837 3502 908">
     <span class='ocr_line' id='line_1_24' title="bbox 1923 837 3502 908; baseline 0.001 -18"><span class='ocrx_word' id='word_1_169' title='bbox 1923 846 2167 890; x_wconf 90' lang='lat' dir='ltr'><strong>nostrum</strong></span> <span class='ocrx_word' id='word_1_170' title='bbox 2199 837 2621 891; x_wconf 85' lang='lat' dir='ltr'><strong>accendentibus</strong></span> <span class='ocrx_word' id='word_1_171' title='bbox 2642 847 2695 892; x_wconf 91' lang='lat' dir='ltr'><strong>et</strong></span> <span class='ocrx_word' id='word_1_172' title='bbox 2748 839 3124 908; x_wconf 88' lang='lat' dir='ltr'><strong>purgantibus,</strong></span> <span class='ocrx_word' id='word_1_173' title='bbox 3163 839 3231 892; x_wconf 92' lang='lat' dir='ltr'><strong>ab</strong></span> <span class='ocrx_word' id='word_1_174' title='bbox 3262 852 3328 894; x_wconf 89' lang='lat' dir='ltr'><strong>eo</strong></span> <span class='ocrx_word' id='word_1_175' title='bbox 3357 838 3502 908; x_wconf 82' lang='lat' dir='ltr'><strong>adju-</strong></span> 
     </span>
    </p>
   </div>
   <div class='ocr_carea' id='block_1_25' title="bbox 1921 928 3502 998">
    <p class='ocr_par' dir='ltr' id='par_1_25' title="bbox 1921 928 3502 998">
     <span class='ocr_line' id='line_1_25' title="bbox 1921 928 3502 998; baseline 0.002 -17"><span class='ocrx_word' id='word_1_176' title='bbox 1921 943 2134 995; x_wconf 83' lang='lat' dir='ltr'><strong>vemur,</strong></span> <span class='ocrx_word' id='word_1_177' title='bbox 2160 928 2249 997; x_wconf 92' lang='lat' dir='ltr'><strong>qui</strong></span> <span class='ocrx_word' id='word_1_178' title='bbox 2275 929 2478 983; x_wconf 90' lang='lat' dir='ltr'><strong>idcirco</strong></span> <span class='ocrx_word' id='word_1_179' title='bbox 2510 928 2563 983; x_wconf 92' lang='lat' dir='ltr'><strong>in</strong></span> <span class='ocrx_word' id='word_1_180' title='bbox 2594 938 2791 983; x_wconf 88' lang='lat' dir='ltr'><strong>terram</strong></span> <span class='ocrx_word' id='word_1_181' title='bbox 2822 931 2991 995; x_wconf 81' lang='lat' dir='ltr'><strong>venit,</strong></span> <span class='ocrx_word' id='word_1_182' title='bbox 3030 940 3089 984; x_wconf 93' lang='lat' dir='ltr'><strong>ut</strong></span> <span class='ocrx_word' id='word_1_183' title='bbox 3124 931 3190 984; x_wconf 89' lang='lat' dir='ltr'><strong>ad</strong></span> <span class='ocrx_word' id='word_1_184' title='bbox 3228 930 3502 998; x_wconf 88' lang='lat' dir='ltr'><strong>improbas</strong></span> 
     </span>
    </p>
   </div>
   <div class='ocr_carea' id='block_1_26' title="bbox 1922 1020 3501 1092">
    <p class='ocr_par' dir='ltr' id='par_1_26' title="bbox 1922 1020 3501 1092">
     <span class='ocr_line' id='line_1_26' title="bbox 1922 1020 3501 1092; baseline 0.004 -21"><span class='ocrx_word' id='word_1_185' title='bbox 1922 1020 2086 1073; x_wconf 89' lang='lat' dir='ltr'><strong>animi</strong></span> <span class='ocrx_word' id='word_1_186' title='bbox 2141 1021 2480 1074; x_wconf 90' lang='lat' dir='ltr'><strong>habitudines</strong></span> <span class='ocrx_word' id='word_1_187' title='bbox 2536 1020 2894 1077; x_wconf 89' lang='lat' dir='ltr'><strong>absumendas</strong></span> <span class='ocrx_word' id='word_1_188' title='bbox 2929 1023 3107 1092; x_wconf 90' lang='lat' dir='ltr'><strong>ignem</strong></span> <span class='ocrx_word' id='word_1_189' title='bbox 3149 1022 3392 1078; x_wconf 82' lang='lat' dir='ltr'><strong>mitteret</strong></span> <span class='ocrx_word' id='word_1_190' title='bbox 3425 1020 3501 1092; x_wconf 82' lang='grc'><strong>³⁸,</strong></span> 
     </span>
    </p>
   </div>
   <div class='ocr_carea' id='block_1_27' title="bbox 1922 1109 3504 1184">
    <p class='ocr_par' dir='ltr' id='par_1_27' title="bbox 1922 1109 3504 1184">
     <span class='ocr_line' id='line_1_27' title="bbox 1922 1109 3504 1184; baseline 0.003 -19"><span class='ocrx_word' id='word_1_191' title='bbox 1922 1109 2147 1180; x_wconf 87' lang='lat' dir='ltr'><strong>ejusque</strong></span> <span class='ocrx_word' id='word_1_192' title='bbox 2188 1111 2565 1166; x_wconf 88' lang='lat' dir='ltr'><strong>accensionem</strong></span> <span class='ocrx_word' id='word_1_193' title='bbox 2632 1112 2941 1182; x_wconf 86' lang='lat' dir='ltr'><strong>adnrgeret.</strong></span> <span class='ocrx_word' id='word_1_194' title='bbox 3001 1113 3270 1184; x_wconf 84' lang='lat' dir='ltr'><strong>Quidquid</strong></span> <span class='ocrx_word' id='word_1_195' title='bbox 3336 1129 3504 1184; x_wconf 83' lang='lat' dir='ltr'><strong>porro</strong></span> 
     </span>
    </p>
   </div>
   <div class='ocr_carea' id='block_1_28' title="bbox 1922 1202 3504 1268">
    <p class='ocr_par' dir='ltr' id='par_1_28' title="bbox 1922 1202 3504 1268">
     <span class='ocr_line' id='line_1_28' title="bbox 1922 1202 3504 1268; baseline 0.003 -13"><span class='ocrx_word' id='word_1_196' title='bbox 1922 1216 2179 1255; x_wconf 87' lang='lat' dir='ltr'><strong>carneum</strong></span> <span class='ocrx_word' id='word_1_197' title='bbox 2226 1210 2281 1257; x_wconf 92' lang='lat' dir='ltr'><strong>et</strong></span> <span class='ocrx_word' id='word_1_198' title='bbox 2324 1202 2659 1256; x_wconf 89' lang='lat' dir='ltr'><strong>esculentum</strong></span> <span class='ocrx_word' id='word_1_199' title='bbox 2696 1204 2854 1257; x_wconf 84' lang='lat' dir='ltr'><strong>habet</strong></span> <span class='ocrx_word' id='word_1_200' title='bbox 2885 1205 3153 1268; x_wconf 84' lang='lat' dir='ltr'><strong>doctrina,</strong></span> <span class='ocrx_word' id='word_1_201' title='bbox 3188 1220 3314 1259; x_wconf 89' lang='lat' dir='ltr'><strong>cum</strong></span> <span class='ocrx_word' id='word_1_202' title='bbox 3363 1206 3504 1259; x_wconf 86' lang='lat' dir='ltr'><strong>inte-</strong></span> 
     </span>
    </p>
   </div>
   <div class='ocr_carea' id='block_1_29' title="bbox 1923 1290 3503 1364">
    <p class='ocr_par' dir='ltr' id='par_1_29' title="bbox 1923 1290 3503 1364">
     <span class='ocr_line' id='line_1_29' title="bbox 1923 1290 3503 1364; baseline 0.003 -20"><span class='ocrx_word' id='word_1_203' title='bbox 1923 1290 2082 1345; x_wconf 89' lang='lat' dir='ltr'><strong>stinis</strong></span> <span class='ocrx_word' id='word_1_204' title='bbox 2133 1290 2440 1361; x_wconf 89' lang='lat' dir='ltr'><strong>abditisque</strong></span> <span class='ocrx_word' id='word_1_205' title='bbox 2475 1292 2672 1346; x_wconf 90' lang='lat' dir='ltr'><strong>mentis</strong></span> <span class='ocrx_word' id='word_1_206' title='bbox 2702 1293 2940 1361; x_wconf 83' lang='lat' dir='ltr'><strong>partibus</strong></span> <span class='ocrx_word' id='word_1_207' title='bbox 2979 1293 3148 1364; x_wconf 74' lang='lat'><strong>858</strong></span> <span class='ocrx_word' id='word_1_208' title='bbox 3187 1295 3503 1349; x_wconf 87' lang='lat' dir='ltr'><strong>comedetur</strong></span> 
     </span>
    </p>
   </div>
   <div class='ocr_carea' id='block_1_30' title="bbox 1922 1385 3499 1456">
    <p class='ocr_par' dir='ltr' id='par_1_30' title="bbox 1922 1385 3499 1456">
     <span class='ocr_line' id='line_1_30' title="bbox 1922 1385 3499 1456; baseline -0.002 -16"><span class='ocrx_word' id='word_1_209' title='bbox 1922 1394 1980 1440; x_wconf 91' lang='lat' dir='ltr'><strong>et</strong></span> <span class='ocrx_word' id='word_1_210' title='bbox 2010 1385 2327 1439; x_wconf 88' lang='lat' dir='ltr'><strong>absumetur</strong></span> <span class='ocrx_word' id='word_1_211' title='bbox 2349 1386 2417 1449; x_wconf 72' lang='grc' dir='ltr'><strong>δι,</strong></span> <span class='ocrx_word' id='word_1_212' title='bbox 2456 1399 2618 1456; x_wconf 83' lang='lat' dir='ltr'><strong>atque</strong></span> <span class='ocrx_word' id='word_1_213' title='bbox 2644 1386 2710 1439; x_wconf 90' lang='lat' dir='ltr'><strong>ad</strong></span> <span class='ocrx_word' id='word_1_214' title='bbox 2739 1385 3069 1455; x_wconf 79' lang='lat' dir='ltr'><strong>spiritualetn</strong></span> <span class='ocrx_word' id='word_1_215' title='bbox 3097 1387 3499 1441; x_wconf 72' lang='lat' dir='ltr'><strong>concoctionem</strong></span> 
     </span>
    </p>
   </div>
   <div class='ocr_carea' id='block_1_31' title="bbox 1925 1473 3501 1546">
    <p class='ocr_par' dir='ltr' id='par_1_31' title="bbox 1925 1473 3501 1546">
     <span class='ocr_line' id='line_1_31' title="bbox 1925 1473 3501 1546; baseline 0.001 -18"><span class='ocrx_word' id='word_1_216' title='bbox 1925 1473 2220 1542; x_wconf 83' lang='lat' dir='ltr'><strong>digeretur,</strong></span> <span class='ocrx_word' id='word_1_217' title='bbox 2252 1475 2318 1528; x_wconf 87' lang='lat' dir='ltr'><strong>ad</strong></span> <span class='ocrx_word' id='word_1_218' title='bbox 2352 1484 2515 1545; x_wconf 89' lang='lat' dir='ltr'><strong>caput</strong></span> <span class='ocrx_word' id='word_1_219' title='bbox 2549 1490 2717 1544; x_wconf 91' lang='lat' dir='ltr'><strong>usque</strong></span> <span class='ocrx_word' id='word_1_220' title='bbox 2740 1489 2804 1529; x_wconf 88' lang='lat' dir='ltr'><strong>ac</strong></span> <span class='ocrx_word' id='word_1_221' title='bbox 2833 1475 3018 1544; x_wconf 78' lang='lat' dir='ltr'><strong>pedes,</strong></span> <span class='ocrx_word' id='word_1_222' title='bbox 3038 1477 3139 1531; x_wconf 89' lang='lat' dir='ltr'><strong>hoc</strong></span> <span class='ocrx_word' id='word_1_223' title='bbox 3169 1487 3272 1542; x_wconf 87' lang='lat' dir='ltr'><strong>est,</strong></span> <span class='ocrx_word' id='word_1_224' title='bbox 3298 1476 3501 1546; x_wconf 90' lang='lat' dir='ltr'><strong>primas</strong></span> 
     </span>
    </p>
   </div>
   <div class='ocr_carea' id='block_1_32' title="bbox 1926 1548 3503 1637">
    <p class='ocr_par' dir='ltr' id='par_1_32' title="bbox 1926 1548 3503 1637">
     <span class='ocr_line' id='line_1_32' title="bbox 1926 1548 3503 1637; baseline 0.001 -17"><span class='ocrx_word' id='word_1_225' title='bbox 1926 1567 1995 1621; x_wconf 88' lang='lat' dir='ltr'><strong>de</strong></span> <span class='ocrx_word' id='word_1_226' title='bbox 2045 1548 2342 1621; x_wconf 78' lang='lat' dir='ltr'><strong>Divinitale</strong></span> <span class='ocrx_word' id='word_1_227' title='bbox 2367 1569 2854 1637; x_wconf 87' lang='lat' dir='ltr'><strong>contemplationes</strong></span> <span class='ocrx_word' id='word_1_228' title='bbox 2884 1577 2939 1622; x_wconf 91' lang='lat' dir='ltr'><strong>et</strong></span> <span class='ocrx_word' id='word_1_229' title='bbox 2993 1576 3294 1636; x_wconf 88' lang='lat' dir='ltr'><strong>postremas</strong></span> <span class='ocrx_word' id='word_1_230' title='bbox 3327 1568 3503 1623; x_wconf 86' lang='lat' dir='ltr'><strong>lucar-</strong></span> 
     </span>
    </p>
   </div>
   <div class='ocr_carea' id='block_1_33' title="bbox 1925 1658 3504 1729">
    <p class='ocr_par' dir='ltr' id='par_1_33' title="bbox 1925 1658 3504 1729">
     <span class='ocr_line' id='line_1_33' title="bbox 1925 1658 3504 1729; baseline 0.003 -17"><span class='ocrx_word' id='word_1_231' title='bbox 1925 1658 2164 1714; x_wconf 88' lang='lat' dir='ltr'><strong>nationis</strong></span> <span class='ocrx_word' id='word_1_232' title='bbox 2218 1659 2614 1713; x_wconf 85' lang='lat' dir='ltr'><strong>meditationes.</strong></span> <span class='ocrx_word' id='word_1_233' title='bbox 2647 1658 2758 1714; x_wconf 83' lang='lat' dir='ltr'><strong>Nec</strong></span> <span class='ocrx_word' id='word_1_234' title='bbox 2790 1673 2922 1713; x_wconf 81' lang='lat' dir='ltr'><strong>vero</strong></span> <span class='ocrx_word' id='word_1_235' title='bbox 2968 1660 3261 1729; x_wconf 88' lang='lat' dir='ltr'><strong>quidquam</strong></span> <span class='ocrx_word' id='word_1_236' title='bbox 3311 1660 3504 1716; x_wconf 64' lang='lat' dir='ltr'><strong>edere-</strong></span> 
     </span>
    </p>
   </div>
   <div class='ocr_carea' id='block_1_34' title="bbox 236 1731 1821 1819">
    <p class='ocr_par' dir='ltr' id='par_1_34' title="bbox 236 1744 1820 1818">
     <span class='ocr_line' id='line_1_34' title="bbox 236 1744 1820 1818; baseline 0.001 -19"><span class='ocrx_word' id='word_1_237' title='bbox 236 1745 412 1799; x_wconf 81' lang='grc' dir='ltr'>πολλὰ</span> <span class='ocrx_word' id='word_1_238' title='bbox 464 1745 574 1806; x_wconf 85' lang='grc' dir='ltr'><strong>τῶν</strong></span> <span class='ocrx_word' id='word_1_239' title='bbox 611 1745 894 1816; x_wconf 79' lang='grc' dir='ltr'>ἡμετέρων</span> <span class='ocrx_word' id='word_1_240' title='bbox 962 1744 1299 1814; x_wconf 78' lang='grc' dir='ltr'>μυστηρίων,</span> <span class='ocrx_word' id='word_1_241' title='bbox 1358 1746 1494 1815; x_wconf 84' lang='grc' dir='ltr'>μηδὲ</span> <span class='ocrx_word' id='word_1_242' title='bbox 1552 1746 1690 1817; x_wconf 85' lang='grc' dir='ltr'>ὑπὲρ</span> <span class='ocrx_word' id='word_1_243' title='bbox 1720 1747 1820 1818; x_wconf 81' lang='grc' dir='ltr'>τὴν</span> 
     </span>
    </p>
   </div>
   <div class='ocr_carea' id='block_1_35' title="bbox 1926 1731 3500 1819">
    <p class='ocr_par' dir='ltr' id='par_1_35' title="bbox 1926 1736 3500 1819">
     <span class='ocr_line' id='line_1_35' title="bbox 1926 1736 3500 1819; baseline 0.003 -20"><span class='ocrx_word' id='word_1_244' title='bbox 1926 1761 2067 1813; x_wconf 89' lang='lat' dir='ltr'><strong>mus,</strong></span> <span class='ocrx_word' id='word_1_245' title='bbox 2097 1762 2196 1803; x_wconf 89' lang='lat' dir='ltr'><strong>nec</strong></span> <span class='ocrx_word' id='word_1_246' title='bbox 2245 1763 2414 1819; x_wconf 88' lang='lat' dir='ltr'><strong>usque</strong></span> <span class='ocrx_word' id='word_1_247' title='bbox 2441 1750 2507 1802; x_wconf 87' lang='lat' dir='ltr'><strong>ad</strong></span> <span class='ocrx_word' id='word_1_248' title='bbox 2554 1763 2711 1803; x_wconf 89' lang='lat' dir='ltr'><strong>mane</strong></span> <span class='ocrx_word' id='word_1_249' title='bbox 2747 1749 3114 1817; x_wconf 87' lang='lat' dir='ltr'><strong>relinquemus</strong></span> <span class='ocrx_word' id='word_1_250' title='bbox 3145 1750 3212 1817; x_wconf 78' lang='lat'><strong>“,</strong></span> <span class='ocrx_word' id='word_1_251' title='bbox 3245 1736 3500 1819; x_wconf 86' lang='lat' dir='ltr'><strong>quoniam</strong></span> 
     </span>
    </p>
   </div>
   <div class='ocr_carea' id='block_1_36' title="bbox 232 1834 1821 1908">
    <p class='ocr_par' dir='ltr' id='par_1_36' title="bbox 232 1834 1821 1908">
     <span class='ocr_line' id='line_1_36' title="bbox 232 1834 1821 1908; baseline -0.001 -17"><span class='ocrx_word' id='word_1_252' title='bbox 232 1836 414 1892; x_wconf 81' lang='grc' dir='ltr'>νύκτα</span> <span class='ocrx_word' id='word_1_253' title='bbox 436 1836 640 1908; x_wconf 88' lang='grc' dir='ltr'>ταύτην</span> <span class='ocrx_word' id='word_1_254' title='bbox 667 1836 782 1890; x_wconf 80' lang='grc' dir='ltr'>ἔστι</span> <span class='ocrx_word' id='word_1_255' title='bbox 804 1854 889 1899; x_wconf 90' lang='grc' dir='ltr'><strong>τις</strong></span> <span class='ocrx_word' id='word_1_256' title='bbox 918 1834 1204 1906; x_wconf 84' lang='grc' dir='ltr'>κάθαρσις,</span> <span class='ocrx_word' id='word_1_257' title='bbox 1228 1837 1322 1887; x_wconf 75' lang='grc' dir='ltr'>καὶ</span> <span class='ocrx_word' id='word_1_258' title='bbox 1345 1836 1405 1889; x_wconf 81' lang='grc' dir='ltr'>τὸ</span> <span class='ocrx_word' id='word_1_259' title='bbox 1426 1838 1524 1908; x_wconf 83' lang='grc' dir='ltr'>τῆς</span> <span class='ocrx_word' id='word_1_260' title='bbox 1553 1837 1821 1903; x_wconf 82' lang='grc' dir='ltr'>ἀναϐολῆς</span> 
     </span>
    </p>
   </div>
   <div class='ocr_carea' id='block_1_37' title="bbox 231 1926 1818 1999">
    <p class='ocr_par' dir='ltr' id='par_1_37' title="bbox 231 1926 1818 1999">
     <span class='ocr_line' id='line_1_37' title="bbox 231 1926 1818 1999; baseline 0.001 -18"><span class='ocrx_word' id='word_1_261' title='bbox 231 1931 341 1983; x_wconf 86' lang='grc' dir='ltr'>οὐκ</span> <span class='ocrx_word' id='word_1_262' title='bbox 399 1929 681 1983; x_wconf 75' lang='grc' dir='ltr'>ἐπαινετὸν</span> <span class='ocrx_word' id='word_1_263' title='bbox 733 1930 845 1991; x_wconf 87' lang='grc' dir='ltr'>τοῖς</span> <span class='ocrx_word' id='word_1_264' title='bbox 906 1926 998 1981; x_wconf 82' lang='grc' dir='ltr'>τοῦ</span> <span class='ocrx_word' id='word_1_265' title='bbox 1052 1927 1227 1995; x_wconf 88' lang='grc' dir='ltr'>Λόγου</span> <span class='ocrx_word' id='word_1_266' title='bbox 1288 1927 1818 1999; x_wconf 78' lang='grc' dir='ltr'>μεταλαμϐάνουσιν.</span> 
     </span>
    </p>
   </div>
   <div class='ocr_carea' id='block_1_38' title="bbox 235 2018 1823 2093">
    <p class='ocr_par' dir='ltr' id='par_1_38' title="bbox 235 2018 1823 2093">
     <span class='ocr_line' id='line_1_38' title="bbox 235 2018 1823 2093; baseline 0 -19"><span class='ocrx_word' id='word_1_267' title='bbox 235 2022 455 2093; x_wconf 81' lang='grc' dir='ltr'>Ὥσπερ</span> <span class='ocrx_word' id='word_1_268' title='bbox 484 2021 594 2092; x_wconf 81' lang='grc' dir='ltr'>γὰρ</span> <span class='ocrx_word' id='word_1_269' title='bbox 610 2020 710 2092; x_wconf 82' lang='grc' dir='ltr'>τὴν</span> <span class='ocrx_word' id='word_1_270' title='bbox 730 2020 898 2091; x_wconf 80' lang='grc' dir='ltr'>ὀργὴν</span> <span class='ocrx_word' id='word_1_271' title='bbox 930 2018 1003 2091; x_wconf 86' lang='grc' dir='ltr'>μὴ</span> <span class='ocrx_word' id='word_1_272' title='bbox 1046 2021 1415 2092; x_wconf 84' lang='grc' dir='ltr'>διημερεύειν,</span> <span class='ocrx_word' id='word_1_273' title='bbox 1452 2020 1588 2073; x_wconf 72' lang='grc' dir='ltr'>ἀλλὰ</span> <span class='ocrx_word' id='word_1_274' title='bbox 1615 2037 1823 2092; x_wconf 88' lang='grc' dir='ltr'>προκα-</span> 
     </span>
    </p>
   </div>
   <div class='ocr_carea' id='block_1_39' title="bbox 229 2111 1822 2184">
    <p class='ocr_par' dir='ltr' id='par_1_39' title="bbox 229 2111 1822 2184">
     <span class='ocr_line' id='line_1_39' title="bbox 229 2111 1822 2184; baseline -0.001 -17"><span class='ocrx_word' id='word_1_275' title='bbox 229 2114 455 2167; x_wconf 78' lang='grc' dir='ltr'>ταλύειν</span> <span class='ocrx_word' id='word_1_276' title='bbox 485 2112 637 2184; x_wconf 82' lang='grc' dir='ltr'>ἡλίου</span> <span class='ocrx_word' id='word_1_277' title='bbox 668 2112 831 2167; x_wconf 82' lang='grc' dir='ltr'>καλὸν</span> <span class='ocrx_word' id='word_1_278' title='bbox 853 2113 986 2183; x_wconf 87' lang='grc'>(71),</span> <span class='ocrx_word' id='word_1_279' title='bbox 1021 2113 1115 2166; x_wconf 78' lang='grc' dir='ltr'>καὶ</span> <span class='ocrx_word' id='word_1_280' title='bbox 1136 2111 1213 2182; x_wconf 82' lang='grc' dir='ltr'>τῷ</span> <span class='ocrx_word' id='word_1_281' title='bbox 1232 2112 1349 2182; x_wconf 89' lang='grc' dir='ltr'><strong>Θεῷ</strong></span> <span class='ocrx_word' id='word_1_282' title='bbox 1361 2112 1531 2180; x_wconf 78' lang='grc' dir='ltr'>φίλον,</span> <span class='ocrx_word' id='word_1_283' title='bbox 1559 2111 1822 2183; x_wconf 89' lang='grc' dir='ltr'>χρονικῶς</span> 
     </span>
    </p>
   </div>
   <div class='ocr_carea' id='block_1_40' title="bbox 230 2203 1823 2275">
    <p class='ocr_par' dir='ltr' id='par_1_40' title="bbox 230 2203 1823 2275">
     <span class='ocr_line' id='line_1_40' title="bbox 230 2203 1823 2275; baseline -0.002 -16"><span class='ocrx_word' id='word_1_284' title='bbox 230 2222 299 2259; x_wconf 82' lang='grc' dir='ltr'><strong>τε</strong></span> <span class='ocrx_word' id='word_1_285' title='bbox 341 2206 437 2258; x_wconf 73' lang='grc' dir='ltr'><strong>κα)⁸</strong></span> <span class='ocrx_word' id='word_1_286' title='bbox 471 2204 834 2271; x_wconf 85' lang='grc' dir='ltr'>ἀναγωγικῶς</span> <span class='ocrx_word' id='word_1_287' title='bbox 899 2203 1237 2274; x_wconf 78' lang='grc' dir='ltr'>(ἐπιδύεσθαι</span> <span class='ocrx_word' id='word_1_288' title='bbox 1285 2204 1394 2272; x_wconf 83' lang='grc' dir='ltr'>γὰρ</span> <span class='ocrx_word' id='word_1_289' title='bbox 1445 2203 1823 2275; x_wconf 73' lang='grc' dir='ltr'>ὀργιζομένοις</span> 
     </span>
    </p>
   </div>
   <div class='ocr_carea' id='block_1_41' title="bbox 231 2292 1823 2365">
    <p class='ocr_par' dir='ltr' id='par_1_41' title="bbox 231 2292 1823 2365">
     <span class='ocr_line' id='line_1_41' title="bbox 231 2292 1823 2365; baseline -0.001 -17"><span class='ocrx_word' id='word_1_290' title='bbox 231 2296 374 2365; x_wconf 78' lang='grc' dir='ltr'>ἡμῖν</span> <span class='ocrx_word' id='word_1_291' title='bbox 405 2294 507 2347; x_wconf 84' lang='grc' dir='ltr'>οὐκ</span> <span class='ocrx_word' id='word_1_292' title='bbox 536 2292 775 2361; x_wconf 83' lang='grc' dir='ltr'>ἀσφαλὲς</span> <span class='ocrx_word' id='word_1_293' title='bbox 806 2292 900 2345; x_wconf 84' lang='grc' dir='ltr'>τὸν</span> <span class='ocrx_word' id='word_1_294' title='bbox 932 2294 1032 2363; x_wconf 84' lang='grc' dir='ltr'>τῆς</span> <span class='ocrx_word' id='word_1_295' title='bbox 1060 2292 1409 2362; x_wconf 80' lang='grc' dir='ltr'>δικαιοσύνης</span> <span class='ocrx_word' id='word_1_296' title='bbox 1437 2292 1609 2362; x_wconf 83' lang='grc' dir='ltr'>ἧλιον)</span> <span class='ocrx_word' id='word_1_297' title='bbox 1635 2309 1649 2323; x_wconf 77' lang='grc'><strong>⁸</strong></span> <span class='ocrx_word' id='word_1_298' title='bbox 1681 2292 1823 2346; x_wconf 77' lang='grc' dir='ltr'>οὓτω</span> 
     </span>
    </p>
   </div>
   <div class='ocr_carea' id='block_1_42' title="bbox 229 2383 1823 2458">
    <p class='ocr_par' dir='ltr' id='par_1_42' title="bbox 229 2383 1823 2458">
     <span class='ocr_line' id='line_1_42' title="bbox 229 2383 1823 2458; baseline -0.003 -19"><span class='ocrx_word' id='word_1_299' title='bbox 229 2387 341 2458; x_wconf 82' lang='grc' dir='ltr'>τὴν</span> <span class='ocrx_word' id='word_1_300' title='bbox 372 2385 629 2455; x_wconf 85' lang='grc' dir='ltr'>τοιαύτην</span> <span class='ocrx_word' id='word_1_301' title='bbox 656 2383 857 2456; x_wconf 86' lang='grc' dir='ltr'>βρῶσιν</span> <span class='ocrx_word' id='word_1_302' title='bbox 895 2383 969 2455; x_wconf 85' lang='grc' dir='ltr'>μὴ</span> <span class='ocrx_word' id='word_1_303' title='bbox 1016 2383 1454 2454; x_wconf 85' lang='grc' dir='ltr'>διανυκτερεύειν</span> <span class='ocrx_word' id='word_1_304' title='bbox 1499 2383 1637 2454; x_wconf 71' lang='grc'>(72»,</span> <span class='ocrx_word' id='word_1_305' title='bbox 1685 2383 1823 2454; x_wconf 88' lang='grc' dir='ltr'>μηδὲ</span> 
     </span>
    </p>
   </div>
   <div class='ocr_carea' id='block_1_43' title="bbox 232 2475 1825 2549">
    <p class='ocr_par' dir='ltr' id='par_1_43' title="bbox 232 2475 1825 2549">
     <span class='ocr_line' id='line_1_43' title="bbox 232 2475 1825 2549; baseline -0.004 -16"><span class='ocrx_word' id='word_1_306' title='bbox 232 2479 321 2543; x_wconf 74' lang='grc' dir='ltr'>εἰς</span> <span class='ocrx_word' id='word_1_307' title='bbox 351 2477 449 2549; x_wconf 81' lang='grc' dir='ltr'>τὴν</span> <span class='ocrx_word' id='word_1_308' title='bbox 470 2477 597 2549; x_wconf 81' lang='grc' dir='ltr'><strong>ἑξῆς</strong></span> <span class='ocrx_word' id='word_1_309' title='bbox 621 2475 992 2531; x_wconf 79' lang='grc' dir='ltr'>ἀποτίθεσθαι.</span> <span class='ocrx_word' id='word_1_310' title='bbox 1009 2476 1172 2528; x_wconf 87' lang='grc' dir='ltr'>Ὅσον</span> <span class='ocrx_word' id='word_1_311' title='bbox 1192 2476 1247 2528; x_wconf 85' lang='grc' dir='ltr'>δὲ</span> <span class='ocrx_word' id='word_1_312' title='bbox 1276 2475 1507 2538; x_wconf 84' lang='grc' dir='ltr'>ὀστῶδες</span> <span class='ocrx_word' id='word_1_313' title='bbox 1534 2476 1626 2529; x_wconf 81' lang='grc' dir='ltr'>καὶ</span> <span class='ocrx_word' id='word_1_314' title='bbox 1647 2475 1825 2546; x_wconf 85' lang='grc' dir='ltr'>ἄϐρω-</span> 
     </span>
    </p>
   </div>
   <div class='ocr_carea' id='block_1_44' title="bbox 232 2564 1822 2639">
    <p class='ocr_par' dir='ltr' id='par_1_44' title="bbox 232 2564 1822 2639">
     <span class='ocr_line' id='line_1_44' title="bbox 232 2564 1822 2639; baseline -0.004 -17"><span class='ocrx_word' id='word_1_315' title='bbox 232 2585 356 2633; x_wconf 88' lang='grc' dir='ltr'>τον,</span> <span class='ocrx_word' id='word_1_316' title='bbox 410 2569 504 2621; x_wconf 77' lang='grc' dir='ltr'>καὶ</span> <span class='ocrx_word' id='word_1_317' title='bbox 554 2570 688 2639; x_wconf 83' lang='grc' dir='ltr'>ἡμῖν</span> <span class='ocrx_word' id='word_1_318' title='bbox 740 2565 1137 2636; x_wconf 85' lang='grc' dir='ltr'>δυσθεώρητον,</span> <span class='ocrx_word' id='word_1_319' title='bbox 1201 2566 1322 2619; x_wconf 82' lang='grc' dir='ltr'>οὐδὲ</span> <span class='ocrx_word' id='word_1_320' title='bbox 1384 2564 1822 2634; x_wconf 85' lang='grc' dir='ltr'>συντριϐήσεται,</span> 
     </span>
    </p>
   </div>
   <div class='ocr_carea' id='block_1_45' title="bbox 231 2654 1821 2728">
    <p class='ocr_par' dir='ltr' id='par_1_45' title="bbox 231 2654 1821 2728">
     <span class='ocr_line' id='line_1_45' title="bbox 231 2654 1821 2728; baseline -0.003 -14"><span class='ocrx_word' id='word_1_321' title='bbox 231 2658 427 2722; x_wconf 83' lang='grc' dir='ltr'>κακῶς</span> <span class='ocrx_word' id='word_1_322' title='bbox 475 2658 854 2728; x_wconf 87' lang='grc' dir='ltr'>διαιρούμενον</span> <span class='ocrx_word' id='word_1_323' title='bbox 881 2656 974 2708; x_wconf 73' lang='grc' dir='ltr'>καὶ</span> <span class='ocrx_word' id='word_1_324' title='bbox 1000 2655 1286 2725; x_wconf 84' lang='grc' dir='ltr'>νοούμενον</span> <span class='ocrx_word' id='word_1_325' title='bbox 1330 2656 1425 2723; x_wconf 66' lang='lat' dir='ltr'><strong>(se</strong></span> <span class='ocrx_word' id='word_1_326' title='bbox 1456 2654 1564 2724; x_wconf 82' lang='grc' dir='ltr'>γὰρ</span> <span class='ocrx_word' id='word_1_327' title='bbox 1601 2655 1780 2724; x_wconf 86' lang='grc' dir='ltr'>λέγειν</span> <span class='ocrx_word' id='word_1_328' title='bbox 1805 2694 1821 2719; x_wconf 94' lang='grc'><strong>,</strong></span> 
     </span>
    </p>
   </div>
   <div class='ocr_carea' id='block_1_46' title="bbox 230 2746 1823 2822">
    <p class='ocr_par' dir='ltr' id='par_1_46' title="bbox 230 2746 1823 2822">
     <span class='ocr_line' id='line_1_46' title="bbox 230 2746 1823 2822; baseline -0.003 -15"><span class='ocrx_word' id='word_1_329' title='bbox 230 2754 321 2808; x_wconf 80' lang='grc' dir='ltr'><strong>δτι</strong></span> <span class='ocrx_word' id='word_1_330' title='bbox 349 2750 507 2822; x_wconf 85' lang='grc' dir='ltr'>μηδὲ,</span> <span class='ocrx_word' id='word_1_331' title='bbox 560 2750 702 2803; x_wconf 77' lang='grc' dir='ltr'>κατὰ</span> <span class='ocrx_word' id='word_1_332' title='bbox 729 2747 825 2820; x_wconf 84' lang='grc' dir='ltr'>τὴν</span> <span class='ocrx_word' id='word_1_333' title='bbox 866 2750 1123 2821; x_wconf 79' lang='grc' dir='ltr'>ἱστορίαν,</span> <span class='ocrx_word' id='word_1_334' title='bbox 1178 2748 1271 2801; x_wconf 77' lang='grc' dir='ltr'>τοῦ</span> <span class='ocrx_word' id='word_1_335' title='bbox 1326 2747 1497 2819; x_wconf 82' lang='grc' dir='ltr'><strong>Ἰησοῦ</strong></span> <span class='ocrx_word' id='word_1_336' title='bbox 1537 2746 1648 2820; x_wconf 77' lang='grc'><strong>[75]</strong></span> <span class='ocrx_word' id='word_1_337' title='bbox 1698 2766 1823 2803; x_wconf 88' lang='grc' dir='ltr'>συν-</span> 
     </span>
    </p>
   </div>
   <div class='ocr_carea' id='block_1_47' title="bbox 232 2841 1825 2915">
    <p class='ocr_par' dir='ltr' id='par_1_47' title="bbox 232 2841 1825 2915">
     <span class='ocr_line' id='line_1_47' title="bbox 232 2841 1825 2915; baseline -0.003 -17"><span class='ocrx_word' id='word_1_338' title='bbox 232 2843 455 2915; x_wconf 78' lang='grc' dir='ltr'>ετρίϐη,</span> <span class='ocrx_word' id='word_1_339' title='bbox 479 2841 574 2897; x_wconf 82' lang='grc' dir='ltr'>και</span> <span class='ocrx_word' id='word_1_340' title='bbox 600 2842 683 2894; x_wconf 84' lang='grc' dir='ltr'><strong>τοί</strong></span> <span class='ocrx_word' id='word_1_341' title='bbox 704 2858 770 2910; x_wconf 91' lang='grc' dir='ltr'><strong>γε</strong></span> <span class='ocrx_word' id='word_1_342' title='bbox 801 2841 895 2894; x_wconf 82' lang='grc' dir='ltr'>τοῦ</span> <span class='ocrx_word' id='word_1_343' title='bbox 928 2841 1158 2895; x_wconf 88' lang='grc' dir='ltr'>θανάτου</span> <span class='ocrx_word' id='word_1_344' title='bbox 1187 2844 1300 2904; x_wconf 88' lang='grc' dir='ltr'>τοῖς</span> <span class='ocrx_word' id='word_1_345' title='bbox 1328 2844 1666 2911; x_wconf 80' lang='grc' dir='ltr'>σταυρωταίς</span> <span class='ocrx_word' id='word_1_346' title='bbox 1688 2844 1825 2894; x_wconf 86' lang='grc' dir='ltr'>ὲπι-</span> 
     </span>
    </p>
   </div>
   <div class='ocr_carea' id='block_1_48' title="bbox 233 2931 1825 3004">
    <p class='ocr_par' dir='ltr' id='par_1_48' title="bbox 233 2931 1825 3004">
     <span class='ocr_line' id='line_1_48' title="bbox 233 2931 1825 3004; baseline -0.003 -15"><span class='ocrx_word' id='word_1_347' title='bbox 233 2934 633 3004; x_wconf 81' lang='grc' dir='ltr'>σπευδομένου,</span> <span class='ocrx_word' id='word_1_348' title='bbox 668 2931 757 2986; x_wconf 81' lang='grc' dir='ltr'>διὰ</span> <span class='ocrx_word' id='word_1_349' title='bbox 812 2931 874 2985; x_wconf 84' lang='grc' dir='ltr'>τὸ</span> <span class='ocrx_word' id='word_1_350' title='bbox 907 2932 1213 3002; x_wconf 86' lang='grc' dir='ltr'>Σάϐϐατον)</span> <span class='ocrx_word' id='word_1_351' title='bbox 1234 2947 1247 2961; x_wconf 76' lang='grc'><strong><em>⁸</em></strong></span> <span class='ocrx_word' id='word_1_352' title='bbox 1285 2932 1408 2984; x_wconf 84' lang='grc' dir='ltr'>οὐδὲ</span> <span class='ocrx_word' id='word_1_353' title='bbox 1445 2933 1557 3001; x_wconf 74' lang='grc'>(74)</span> <span class='ocrx_word' id='word_1_354' title='bbox 1588 2933 1825 3003; x_wconf 76' lang='grc' dir='ltr'>ἀπορρι-</span> 
     </span>
    </p>
   </div>
   <div class='ocr_carea' id='block_1_49' title="bbox 1926 1839 3501 1913">
    <p class='ocr_par' dir='ltr' id='par_1_49' title="bbox 1926 1839 3501 1913">
     <span class='ocr_line' id='line_1_49' title="bbox 1926 1839 3501 1913; baseline 0.004 -22"><span class='ocrx_word' id='word_1_355' title='bbox 1926 1850 2027 1891; x_wconf 90' lang='lat' dir='ltr'><strong>nec</strong></span> <span class='ocrx_word' id='word_1_356' title='bbox 2060 1839 2126 1891; x_wconf 90' lang='lat' dir='ltr'><strong>ad</strong></span> <span class='ocrx_word' id='word_1_357' title='bbox 2153 1849 2372 1894; x_wconf 77' lang='lat' dir='ltr'><strong>exteros</strong></span> <span class='ocrx_word' id='word_1_358' title='bbox 2406 1855 2598 1911; x_wconf 87' lang='lat' dir='ltr'><strong>magna</strong></span> <span class='ocrx_word' id='word_1_359' title='bbox 2627 1850 2936 1895; x_wconf 89' lang='lat' dir='ltr'><strong>nostrorum</strong></span> <span class='ocrx_word' id='word_1_360' title='bbox 2957 1844 3341 1912; x_wconf 85' lang='lat' dir='ltr'><strong>mysteriorum</strong></span> <span class='ocrx_word' id='word_1_361' title='bbox 3373 1858 3501 1913; x_wconf 89' lang='lat' dir='ltr'><strong>pars</strong></span> 
     </span>
    </p>
   </div>
   <div class='ocr_carea' id='block_1_50' title="bbox 1922 1925 3502 2003">
    <p class='ocr_par' dir='ltr' id='par_1_50' title="bbox 1922 1925 3502 2003">
     <span class='ocr_line' id='line_1_50' title="bbox 1922 1925 3502 2003; baseline 0.006 -23"><span class='ocrx_word' id='word_1_362' title='bbox 1922 1925 2193 1981; x_wconf 82' lang='lat' dir='ltr'><strong>ell&#39;erenda</strong></span> <span class='ocrx_word' id='word_1_363' title='bbox 2228 1938 2333 1994; x_wconf 88' lang='lat' dir='ltr'><strong>est,</strong></span> <span class='ocrx_word' id='word_1_364' title='bbox 2362 1945 2462 1984; x_wconf 86' lang='lat' dir='ltr'><strong>nec</strong></span> <span class='ocrx_word' id='word_1_365' title='bbox 2492 1929 2629 1985; x_wconf 90' lang='lat' dir='ltr'><strong>ultra</strong></span> <span class='ocrx_word' id='word_1_366' title='bbox 2668 1931 2807 1985; x_wconf 85' lang='lat' dir='ltr'><strong>hanc</strong></span> <span class='ocrx_word' id='word_1_367' title='bbox 2858 1941 3070 1986; x_wconf 87' lang='lat' dir='ltr'><strong>noctem</strong></span> <span class='ocrx_word' id='word_1_368' title='bbox 3119 1934 3366 2003; x_wconf 89' lang='lat' dir='ltr'><strong>purgatio</strong></span> <span class='ocrx_word' id='word_1_369' title='bbox 3393 1934 3502 1990; x_wconf 88' lang='lat' dir='ltr'><strong>ulla</strong></span> 
     </span>
    </p>
   </div>
   <div class='ocr_carea' id='block_1_51' title="bbox 1923 2021 3495 2093">
    <p class='ocr_par' dir='ltr' id='par_1_51' title="bbox 1923 2021 3495 2093">
     <span class='ocr_line' id='line_1_51' title="bbox 1923 2021 3495 2093; baseline 0.007 -23"><span class='ocrx_word' id='word_1_370' title='bbox 1923 2029 2214 2087; x_wconf 82' lang='lat' dir='ltr'><strong>superest,</strong></span> <span class='ocrx_word' id='word_1_371' title='bbox 2250 2035 2350 2074; x_wconf 91' lang='lat' dir='ltr'><strong>nec</strong></span> <span class='ocrx_word' id='word_1_372' title='bbox 2406 2021 2457 2075; x_wconf 93' lang='lat' dir='ltr'><strong>in</strong></span> <span class='ocrx_word' id='word_1_373' title='bbox 2503 2021 2568 2076; x_wconf 91' lang='lat' dir='ltr'><strong>iis</strong></span> <span class='ocrx_word' id='word_1_374' title='bbox 2613 2022 2704 2090; x_wconf 93' lang='lat' dir='ltr'><strong>qui</strong></span> <span class='ocrx_word' id='word_1_375' title='bbox 2748 2022 2908 2077; x_wconf 87' lang='lat' dir='ltr'><strong>Verbi</strong></span> <span class='ocrx_word' id='word_1_376' title='bbox 2968 2024 3259 2093; x_wconf 89' lang='lat' dir='ltr'><strong>participes</strong></span> <span class='ocrx_word' id='word_1_377' title='bbox 3313 2025 3495 2091; x_wconf 8' lang='lat' dir='ltr'><strong>linunt,</strong></span> 
     </span>
    </p>
   </div>
   <div class='ocr_carea' id='block_1_52' title="bbox 1925 2110 3502 2179">
    <p class='ocr_par' dir='ltr' id='par_1_52' title="bbox 1925 2110 3502 2179">
     <span class='ocr_line' id='line_1_52' title="bbox 1925 2110 3502 2179; baseline 0.006 -17"><span class='ocrx_word' id='word_1_378' title='bbox 1925 2112 2354 2178; x_wconf 85' lang='lat' dir='ltr'><strong>procrastinatio</strong></span> <span class='ocrx_word' id='word_1_379' title='bbox 2386 2110 2599 2166; x_wconf 89' lang='lat' dir='ltr'><strong>laudem</strong></span> <span class='ocrx_word' id='word_1_380' title='bbox 2630 2112 2814 2167; x_wconf 87' lang='lat' dir='ltr'><strong>habet.</strong></span> <span class='ocrx_word' id='word_1_381' title='bbox 2843 2113 3305 2179; x_wconf 86' lang='lat' dir='ltr'><strong>Quemadmodum</strong></span> <span class='ocrx_word' id='word_1_382' title='bbox 3355 2118 3502 2171; x_wconf 87' lang='lat' dir='ltr'><strong>enim</strong></span> 
     </span>
    </p>
   </div>
   <div class='ocr_carea' id='block_1_53' title="bbox 1926 2202 3501 2276">
    <p class='ocr_par' dir='ltr' id='par_1_53' title="bbox 1926 2202 3501 2276">
     <span class='ocr_line' id='line_1_53' title="bbox 1926 2202 3501 2276; baseline 0.007 -23"><span class='ocrx_word' id='word_1_383' title='bbox 1926 2202 2244 2270; x_wconf 56' lang='lat' dir='ltr'><strong>praclarum</strong></span> <span class='ocrx_word' id='word_1_384' title='bbox 2278 2219 2343 2257; x_wconf 93' lang='lat' dir='ltr'><strong>ac</strong></span> <span class='ocrx_word' id='word_1_385' title='bbox 2406 2203 2515 2258; x_wconf 86' lang='lat' dir='ltr'><strong>Deo</strong></span> <span class='ocrx_word' id='word_1_386' title='bbox 2567 2212 2780 2273; x_wconf 90' lang='lat' dir='ltr'><strong>gratum</strong></span> <span class='ocrx_word' id='word_1_387' title='bbox 2835 2218 2942 2269; x_wconf 89' lang='lat' dir='ltr'><strong>est,</strong></span> <span class='ocrx_word' id='word_1_388' title='bbox 2974 2217 3031 2259; x_wconf 92' lang='lat' dir='ltr'><strong>ut</strong></span> <span class='ocrx_word' id='word_1_389' title='bbox 3061 2206 3137 2259; x_wconf 90' lang='lat' dir='ltr'><strong>ira</strong></span> <span class='ocrx_word' id='word_1_390' title='bbox 3169 2223 3265 2276; x_wconf 91' lang='lat' dir='ltr'><strong>per</strong></span> <span class='ocrx_word' id='word_1_391' title='bbox 3285 2222 3501 2263; x_wconf 89' lang='lat' dir='ltr'><strong>omnem</strong></span> 
     </span>
    </p>
   </div>
   <div class='ocr_carea' id='block_1_54' title="bbox 1926 2291 3505 2360">
    <p class='ocr_par' dir='ltr' id='par_1_54' title="bbox 1926 2291 3505 2360">
     <span class='ocr_line' id='line_1_54' title="bbox 1926 2291 3505 2360; baseline 0.006 -17"><span class='ocrx_word' id='word_1_392' title='bbox 1926 2291 2033 2345; x_wconf 90' lang='lat' dir='ltr'><strong>diei</strong></span> <span class='ocrx_word' id='word_1_393' title='bbox 2071 2307 2289 2345; x_wconf 85' lang='lat' dir='ltr'><strong>cursum</strong></span> <span class='ocrx_word' id='word_1_394' title='bbox 2323 2294 2548 2349; x_wconf 88' lang='lat' dir='ltr'><strong>minime</strong></span> <span class='ocrx_word' id='word_1_395' title='bbox 2577 2298 2756 2360; x_wconf 88' lang='lat' dir='ltr'><strong>duret,</strong></span> <span class='ocrx_word' id='word_1_396' title='bbox 2793 2313 2982 2351; x_wconf 83' lang='lat' dir='ltr'><strong>verum</strong></span> <span class='ocrx_word' id='word_1_397' title='bbox 3007 2310 3135 2354; x_wconf 88' lang='lat' dir='ltr'><strong>ante</strong></span> <span class='ocrx_word' id='word_1_398' title='bbox 3159 2299 3332 2352; x_wconf 85' lang='lat' dir='ltr'><strong>solem</strong></span> <span class='ocrx_word' id='word_1_399' title='bbox 3361 2298 3505 2354; x_wconf 82' lang='lat' dir='ltr'><strong>occi-</strong></span> 
     </span>
    </p>
   </div>
   <div class='ocr_carea' id='block_1_55' title="bbox 1927 2384 3503 2459">
    <p class='ocr_par' dir='ltr' id='par_1_55' title="bbox 1927 2384 3503 2459">
     <span class='ocr_line' id='line_1_55' title="bbox 1927 2384 3503 2459; baseline 0.006 -25"><span class='ocrx_word' id='word_1_400' title='bbox 1927 2384 2018 2436; x_wconf 92' lang='lat' dir='ltr'><strong>dat</strong></span> <span class='ocrx_word' id='word_1_401' title='bbox 2045 2384 2113 2447; x_wconf 89' lang='grc'>³³,</span> <span class='ocrx_word' id='word_1_402' title='bbox 2148 2386 2263 2438; x_wconf 81' lang='lat' dir='ltr'><strong>sive</strong></span> <span class='ocrx_word' id='word_1_403' title='bbox 2311 2385 2361 2438; x_wconf 89' lang='lat' dir='ltr'><strong>id</strong></span> <span class='ocrx_word' id='word_1_404' title='bbox 2398 2386 2698 2455; x_wconf 48' lang='lat' dir='ltr'><strong>\temporali</strong></span> <span class='ocrx_word' id='word_1_405' title='bbox 2736 2389 2915 2451; x_wconf 87' lang='lat' dir='ltr'><strong>modo,</strong></span> <span class='ocrx_word' id='word_1_406' title='bbox 2943 2390 3058 2444; x_wconf 81' lang='lat' dir='ltr'><strong>sive</strong></span> <span class='ocrx_word' id='word_1_407' title='bbox 3082 2392 3376 2459; x_wconf 85' lang='lat' dir='ltr'><strong>anagogico</strong></span> <span class='ocrx_word' id='word_1_408' title='bbox 3415 2391 3503 2444; x_wconf 87' lang='lat' dir='ltr'><strong>iu-</strong></span> 
     </span>
    </p>
   </div>
   <div class='ocr_carea' id='block_1_56' title="bbox 1927 2477 3504 2550">
    <p class='ocr_par' dir='ltr' id='par_1_56' title="bbox 1927 2477 3504 2550">
     <span class='ocr_line' id='line_1_56' title="bbox 1927 2477 3504 2550; baseline 0.004 -20"><span class='ocrx_word' id='word_1_409' title='bbox 1927 2477 2136 2547; x_wconf 89' lang='lat' dir='ltr'><strong>telligas</strong></span> <span class='ocrx_word' id='word_1_410' title='bbox 2167 2481 2289 2546; x_wconf 89' lang='lat' dir='ltr'><strong>(nec</strong></span> <span class='ocrx_word' id='word_1_411' title='bbox 2315 2479 2461 2533; x_wconf 89' lang='lat' dir='ltr'><strong>enim</strong></span> <span class='ocrx_word' id='word_1_412' title='bbox 2491 2479 2649 2534; x_wconf 90' lang='lat' dir='ltr'><strong>nobis</strong></span> <span class='ocrx_word' id='word_1_413' title='bbox 2676 2480 3036 2537; x_wconf 88' lang='lat' dir='ltr'><strong>irascentibus</strong></span> <span class='ocrx_word' id='word_1_414' title='bbox 3080 2483 3305 2550; x_wconf 81' lang='lat' dir='ltr'><strong>justitiae</strong></span> <span class='ocrx_word' id='word_1_415' title='bbox 3333 2483 3504 2537; x_wconf 89' lang='lat' dir='ltr'><strong>solem</strong></span> 
     </span>
    </p>
   </div>
   <div class='ocr_carea' id='block_1_57' title="bbox 1928 2572 3504 2641">
    <p class='ocr_par' dir='ltr' id='par_1_57' title="bbox 1928 2572 3504 2641">
     <span class='ocr_line' id='line_1_57' title="bbox 1928 2572 3504 2641; baseline 0.004 -18"><span class='ocrx_word' id='word_1_416' title='bbox 1928 2573 2253 2624; x_wconf 85' lang='lat' dir='ltr'><strong>occumbere</strong></span> <span class='ocrx_word' id='word_1_417' title='bbox 2309 2578 2479 2625; x_wconf 86' lang='lat' dir='ltr'><strong>tutum</strong></span> <span class='ocrx_word' id='word_1_418' title='bbox 2513 2572 2655 2641; x_wconf 90' lang='lat' dir='ltr'><strong>est);</strong></span> <span class='ocrx_word' id='word_1_419' title='bbox 2703 2572 2776 2627; x_wconf 86' lang='lat' dir='ltr'><strong>ita</strong></span> <span class='ocrx_word' id='word_1_420' title='bbox 2819 2588 2919 2628; x_wconf 90' lang='lat' dir='ltr'><strong>nec</strong></span> <span class='ocrx_word' id='word_1_421' title='bbox 2966 2572 3273 2641; x_wconf 75' lang='lat' dir='ltr'><strong>huiusmodi</strong></span> <span class='ocrx_word' id='word_1_422' title='bbox 3320 2587 3504 2629; x_wconf 88' lang='lat' dir='ltr'><strong>escam</strong></span> 
     </span>
    </p>
   </div>
   <div class='ocr_carea' id='block_1_58' title="bbox 1925 2664 3503 2734">
    <p class='ocr_par' dir='ltr' id='par_1_58' title="bbox 1925 2664 3503 2734">
     <span class='ocr_line' id='line_1_58' title="bbox 1925 2664 3503 2734; baseline 0.004 -20"><span class='ocrx_word' id='word_1_423' title='bbox 1925 2671 2267 2731; x_wconf 88' lang='lat' dir='ltr'><strong>pernoctare,</strong></span> <span class='ocrx_word' id='word_1_424' title='bbox 2295 2678 2391 2718; x_wconf 88' lang='lat' dir='ltr'><strong>nec</strong></span> <span class='ocrx_word' id='word_1_425' title='bbox 2428 2664 2480 2717; x_wconf 93' lang='lat' dir='ltr'><strong>in</strong></span> <span class='ocrx_word' id='word_1_426' title='bbox 2507 2670 2783 2733; x_wconf 88' lang='lat' dir='ltr'><strong>posterum</strong></span> <span class='ocrx_word' id='word_1_427' title='bbox 2817 2666 2957 2719; x_wconf 91' lang='lat' dir='ltr'><strong>diem</strong></span> <span class='ocrx_word' id='word_1_428' title='bbox 3008 2665 3229 2720; x_wconf 86' lang='lat' dir='ltr'><strong>recondi</strong></span> <span class='ocrx_word' id='word_1_429' title='bbox 3262 2666 3503 2734; x_wconf 82' lang='lat' dir='ltr'><strong>expedit.</strong></span> 
     </span>
    </p>
   </div>
   <div class='ocr_carea' id='block_1_59' title="bbox 1926 2753 3503 2828">
    <p class='ocr_par' dir='ltr' id='par_1_59' title="bbox 1926 2753 3503 2828">
     <span class='ocr_line' id='line_1_59' title="bbox 1926 2753 3503 2828; baseline 0.002 -21"><span class='ocrx_word' id='word_1_430' title='bbox 1926 2753 2196 2823; x_wconf 81' lang='lat' dir='ltr'><strong>Quidquid</strong></span> <span class='ocrx_word' id='word_1_431' title='bbox 2239 2767 2417 2809; x_wconf 86' lang='lat' dir='ltr'><strong>autem</strong></span> <span class='ocrx_word' id='word_1_432' title='bbox 2456 2771 2672 2815; x_wconf 89' lang='lat' dir='ltr'><strong>osseum</strong></span> <span class='ocrx_word' id='word_1_433' title='bbox 2731 2758 3060 2828; x_wconf 87' lang='lat' dir='ltr'><strong>minimeque</strong></span> <span class='ocrx_word' id='word_1_434' title='bbox 3107 2760 3176 2811; x_wconf 89' lang='lat' dir='ltr'><strong>ad</strong></span> <span class='ocrx_word' id='word_1_435' title='bbox 3235 2757 3503 2812; x_wconf 86' lang='lat' dir='ltr'><strong>edendum</strong></span> 
     </span>
    </p>
   </div>
   <div class='ocr_carea' id='block_1_60' title="bbox 1924 2847 3508 2918">
    <p class='ocr_par' dir='ltr' id='par_1_60' title="bbox 1924 2847 3508 2918">
     <span class='ocr_line' id='line_1_60' title="bbox 1924 2847 3508 2918; baseline 0.004 -20"><span class='ocrx_word' id='word_1_436' title='bbox 1924 2855 2109 2916; x_wconf 90' lang='lat' dir='ltr'><strong>aptum</strong></span> <span class='ocrx_word' id='word_1_437' title='bbox 2141 2856 2224 2901; x_wconf 88' lang='lat' dir='ltr'><strong>est</strong></span> <span class='ocrx_word' id='word_1_438' title='bbox 2250 2887 2266 2912; x_wconf 90' lang='lat'><strong>,</strong></span> <span class='ocrx_word' id='word_1_439' title='bbox 2296 2848 2543 2918; x_wconf 85' lang='lat' dir='ltr'><strong>hancque</strong></span> <span class='ocrx_word' id='word_1_440' title='bbox 2583 2851 2847 2904; x_wconf 89' lang='lat' dir='ltr'><strong>rationem</strong></span> <span class='ocrx_word' id='word_1_441' title='bbox 2887 2849 3084 2915; x_wconf 84' lang='lat' dir='ltr'><strong>habet,</strong></span> <span class='ocrx_word' id='word_1_442' title='bbox 3116 2857 3175 2902; x_wconf 90' lang='lat' dir='ltr'><strong>ut</strong></span> <span class='ocrx_word' id='word_1_443' title='bbox 3195 2847 3508 2904; x_wconf 82' lang='lat' dir='ltr'><strong>diﬂicillime</strong></span> 
     </span>
    </p>
   </div>
   <div class='ocr_carea' id='block_1_61' title="bbox 1926 2937 3502 3013">
    <p class='ocr_par' dir='ltr' id='par_1_61' title="bbox 1926 2937 3502 3013">
     <span class='ocr_line' id='line_1_61' title="bbox 1926 2937 3502 3013; baseline 0.003 -21"><span class='ocrx_word' id='word_1_444' title='bbox 1926 2937 2149 3009; x_wconf 86' lang='lat' dir='ltr'><strong>intelligi</strong></span> <span class='ocrx_word' id='word_1_445' title='bbox 2173 2950 2359 3009; x_wconf 85' lang='lat' dir='ltr'><strong>queat,</strong></span> <span class='ocrx_word' id='word_1_446' title='bbox 2398 2942 2450 2996; x_wconf 90' lang='lat' dir='ltr'><strong>id</strong></span> <span class='ocrx_word' id='word_1_447' title='bbox 2483 2958 2583 2997; x_wconf 90' lang='lat' dir='ltr'><strong>nec</strong></span> <span class='ocrx_word' id='word_1_448' title='bbox 2616 2943 2985 3013; x_wconf 82' lang='lat' dir='ltr'><strong>conlringetur</strong></span> <span class='ocrx_word' id='word_1_449' title='bbox 3011 2942 3079 3008; x_wconf 75' lang='lat'><strong>“,</strong></span> <span class='ocrx_word' id='word_1_450' title='bbox 3110 2943 3211 2998; x_wconf 85' lang='lat' dir='ltr'><strong>hoc</strong></span> <span class='ocrx_word' id='word_1_451' title='bbox 3231 2952 3337 3005; x_wconf 83' lang='lat' dir='ltr'><strong>est,</strong></span> <span class='ocrx_word' id='word_1_452' title='bbox 3357 2940 3502 2996; x_wconf 88' lang='lat' dir='ltr'><strong>male</strong></span> 
     </span>
    </p>
   </div>
   <div class='ocr_carea' id='block_1_62' title="bbox 230 3022 1821 3126">
    <p class='ocr_par' dir='ltr' id='par_1_62' title="bbox 230 3022 1821 3099">
     <span class='ocr_line' id='line_1_62' title="bbox 230 3022 1821 3099; baseline -0.002 -19"><span class='ocrx_word' id='word_1_453' title='bbox 230 3029 471 3099; x_wconf 81' lang='grc' dir='ltr'>φήσεται</span> <span class='ocrx_word' id='word_1_454' title='bbox 519 3026 611 3080; x_wconf 79' lang='grc' dir='ltr'>καὶ</span> <span class='ocrx_word' id='word_1_455' title='bbox 660 3026 1085 3096; x_wconf 84' lang='grc' dir='ltr'>περισυρήσεται</span> <span class='ocrx_word' id='word_1_456' title='bbox 1132 3024 1274 3093; x_wconf 69' lang='grc'>(75)*</span> <span class='ocrx_word' id='word_1_457' title='bbox 1321 3024 1407 3076; x_wconf 85' lang='grc' dir='ltr'>ἵνα</span> <span class='ocrx_word' id='word_1_458' title='bbox 1448 3022 1521 3094; x_wconf 84' lang='grc' dir='ltr'>μὴ</span> <span class='ocrx_word' id='word_1_459' title='bbox 1584 3022 1711 3095; x_wconf 79' lang='grc' dir='ltr'>δοθῇ</span> <span class='ocrx_word' id='word_1_460' title='bbox 1753 3023 1821 3077; x_wconf 83' lang='grc' dir='ltr'>τὰ</span> 
     </span>
    </p>
   </div>
   <div class='ocr_carea' id='block_1_63' title="bbox 1926 3022 3504 3126">
    <p class='ocr_par' dir='ltr' id='par_1_63' title="bbox 1928 3031 3504 3107">
     <span class='ocr_line' id='line_1_63' title="bbox 1928 3031 3504 3107; baseline 0.001 -21"><span class='ocrx_word' id='word_1_461' title='bbox 1928 3031 2203 3087; x_wconf 80' lang='lat' dir='ltr'><strong>dividetur</strong></span> <span class='ocrx_word' id='word_1_462' title='bbox 2253 3043 2416 3103; x_wconf 87' lang='lat' dir='ltr'><strong>atque</strong></span> <span class='ocrx_word' id='word_1_463' title='bbox 2468 3034 2802 3105; x_wconf 92' lang='lat' dir='ltr'><strong>intelligetur</strong></span> <span class='ocrx_word' id='word_1_464' title='bbox 2855 3034 3035 3107; x_wconf 92' lang='lat' dir='ltr'><strong>(mitto</strong></span> <span class='ocrx_word' id='word_1_465' title='bbox 3078 3035 3223 3090; x_wconf 89' lang='lat' dir='ltr'><strong>enim</strong></span> <span class='ocrx_word' id='word_1_466' title='bbox 3280 3034 3504 3100; x_wconf 87' lang='lat' dir='ltr'><strong>dicere,</strong></span> 
     </span>
    </p>
   </div>
   <div class='ocr_carea' id='block_1_64' title="bbox 231 3115 1821 3191">
    <p class='ocr_par' dir='ltr' id='par_1_64' title="bbox 231 3115 1820 3190">
     <span class='ocr_line' id='line_1_64' title="bbox 231 3115 1820 3190; baseline -0.004 -15"><span class='ocrx_word' id='word_1_467' title='bbox 231 3120 372 3190; x_wconf 71' lang='grc' dir='ltr'>ἅγια</span> <span class='ocrx_word' id='word_1_468' title='bbox 412 3122 527 3183; x_wconf 85' lang='grc' dir='ltr'>τοῖς</span> <span class='ocrx_word' id='word_1_469' title='bbox 567 3119 695 3173; x_wconf 74' lang='grc' dir='ltr'>κυσὶ</span> <span class='ocrx_word' id='word_1_470' title='bbox 735 3120 830 3172; x_wconf 75' lang='grc' dir='ltr'>καὶ</span> <span class='ocrx_word' id='word_1_471' title='bbox 871 3120 1061 3179; x_wconf 82' lang='grc' dir='ltr'>κακοῖς</span> <span class='ocrx_word' id='word_1_472' title='bbox 1107 3115 1200 3168; x_wconf 77' lang='grc' dir='ltr'>τοῦ</span> <span class='ocrx_word' id='word_1_473' title='bbox 1240 3115 1413 3185; x_wconf 89' lang='grc' dir='ltr'>Λόγου</span> <span class='ocrx_word' id='word_1_474' title='bbox 1454 3116 1820 3187; x_wconf 85' lang='grc' dir='ltr'>σπαράκταις,</span> 
     </span>
    </p>
   </div>
   <div class='ocr_carea' id='block_1_65' title="bbox 1926 3115 3501 3191">
    <p class='ocr_par' dir='ltr' id='par_1_65' title="bbox 1929 3121 3501 3191">
     <span class='ocr_line' id='line_1_65' title="bbox 1929 3121 3501 3191; baseline 0.003 -18"><span class='ocrx_word' id='word_1_475' title='bbox 1929 3122 2095 3189; x_wconf 89' lang='lat' dir='ltr'><strong>quod,</strong></span> <span class='ocrx_word' id='word_1_476' title='bbox 2122 3137 2242 3186; x_wconf 92' lang='lat' dir='ltr'><strong>nec,</strong></span> <span class='ocrx_word' id='word_1_477' title='bbox 2274 3133 2535 3191; x_wconf 87' lang='lat' dir='ltr'><strong>quantum</strong></span> <span class='ocrx_word' id='word_1_478' title='bbox 2572 3126 2637 3178; x_wconf 87' lang='lat' dir='ltr'><strong>ad</strong></span> <span class='ocrx_word' id='word_1_479' title='bbox 2668 3125 2984 3179; x_wconf 87' lang='lat' dir='ltr'><strong>historicum</strong></span> <span class='ocrx_word' id='word_1_480' title='bbox 3018 3139 3257 3189; x_wconf 88' lang='lat' dir='ltr'><strong>sensum,</strong></span> <span class='ocrx_word' id='word_1_481' title='bbox 3284 3138 3346 3179; x_wconf 90' lang='lat' dir='ltr'><strong>os</strong></span> <span class='ocrx_word' id='word_1_482' title='bbox 3370 3121 3501 3179; x_wconf 87' lang='lat' dir='ltr'><strong>Jesu</strong></span> 
     </span>
    </p>
   </div>
   <div class='ocr_carea' id='block_1_66' title="bbox 231 3207 1821 3286">
    <p class='ocr_par' dir='ltr' id='par_1_66' title="bbox 231 3207 1821 3281">
     <span class='ocr_line' id='line_1_66' title="bbox 231 3207 1821 3281; baseline -0.003 -16"><span class='ocrx_word' id='word_1_483' title='bbox 231 3211 430 3281; x_wconf 84' lang='grc' dir='ltr'>ὥσπερ</span> <span class='ocrx_word' id='word_1_484' title='bbox 478 3210 600 3264; x_wconf 80' lang='grc' dir='ltr'>οὐδὲ</span> <span class='ocrx_word' id='word_1_485' title='bbox 633 3213 745 3273; x_wconf 87' lang='grc' dir='ltr'>τοῖς</span> <span class='ocrx_word' id='word_1_486' title='bbox 783 3210 987 3281; x_wconf 78' lang='grc' dir='ltr'>χοίροις</span> <span class='ocrx_word' id='word_1_487' title='bbox 1018 3208 1079 3260; x_wconf 83' lang='grc' dir='ltr'><strong>τὺ</strong></span> <span class='ocrx_word' id='word_1_488' title='bbox 1102 3207 1352 3278; x_wconf 78' lang='grc' dir='ltr'>λαμπρὸν</span> <span class='ocrx_word' id='word_1_489' title='bbox 1396 3207 1490 3260; x_wconf 82' lang='grc' dir='ltr'>τοῦ</span> <span class='ocrx_word' id='word_1_490' title='bbox 1520 3207 1697 3275; x_wconf 88' lang='grc' dir='ltr'>Λόγου</span> <span class='ocrx_word' id='word_1_491' title='bbox 1727 3208 1821 3262; x_wconf 76' lang='grc' dir='ltr'>καὶ</span> 
     </span>
    </p>
   </div>
   <div class='ocr_carea' id='block_1_67' title="bbox 1926 3207 3505 3286">
    <p class='ocr_par' dir='ltr' id='par_1_67' title="bbox 1928 3214 3505 3286">
     <span class='ocr_line' id='line_1_67' title="bbox 1928 3214 3505 3286; baseline 0.001 -19"><span class='ocrx_word' id='word_1_492' title='bbox 1928 3214 2263 3267; x_wconf 79' lang='lat' dir='ltr'><strong>confractum</strong></span> <span class='ocrx_word' id='word_1_493' title='bbox 2296 3223 2397 3278; x_wconf 91' lang='lat' dir='ltr'><strong>est,</strong></span> <span class='ocrx_word' id='word_1_494' title='bbox 2429 3215 2590 3286; x_wconf 92' lang='lat' dir='ltr'><strong>idque</strong></span> <span class='ocrx_word' id='word_1_495' title='bbox 2617 3232 2740 3273; x_wconf 92' lang='lat' dir='ltr'><strong>cum</strong></span> <span class='ocrx_word' id='word_1_496' title='bbox 2767 3216 3051 3272; x_wconf 82' lang='lat' dir='ltr'><strong>carniﬁces</strong></span> <span class='ocrx_word' id='word_1_497' title='bbox 3082 3216 3125 3248; x_wconf 82' lang='grc'>³⁸</span> <span class='ocrx_word' id='word_1_498' title='bbox 3154 3217 3325 3285; x_wconf 88' lang='lat' dir='ltr'><strong>ipsius</strong></span> <span class='ocrx_word' id='word_1_499' title='bbox 3354 3230 3505 3269; x_wconf 87' lang='lat' dir='ltr'><strong>mor-</strong></span> 
     </span>
    </p>
   </div>
   <div class='ocr_carea' id='block_1_68' title="bbox 233 3300 1821 3381">
    <p class='ocr_par' dir='ltr' id='par_1_68' title="bbox 233 3300 1821 3377">
     <span class='ocr_line' id='line_1_68' title="bbox 233 3300 1821 3377; baseline -0.003 -19"><span class='ocrx_word' id='word_1_500' title='bbox 233 3303 604 3377; x_wconf 85' lang='grc' dir='ltr'>μαργαρῶδες</span> <span class='ocrx_word' id='word_1_501' title='bbox 626 3320 641 3335; x_wconf 89' lang='grc'><strong>·</strong></span> <span class='ocrx_word' id='word_1_502' title='bbox 681 3302 818 3357; x_wconf 85' lang='grc' dir='ltr'>ἀλλὰ</span> <span class='ocrx_word' id='word_1_503' title='bbox 866 3303 998 3374; x_wconf 77' lang='grc' dir='ltr'>πυρὶ</span> <span class='ocrx_word' id='word_1_504' title='bbox 1034 3302 1569 3373; x_wconf 82' lang='grc' dir='ltr'>καταναλωθήσεται,</span> <span class='ocrx_word' id='word_1_505' title='bbox 1616 3300 1695 3371; x_wconf 84' lang='grc' dir='ltr'>τῷ</span> <span class='ocrx_word' id='word_1_506' title='bbox 1728 3300 1821 3354; x_wconf 77' lang='grc' dir='ltr'>καὶ</span> 
     </span>
    </p>
   </div>
   <div class='ocr_carea' id='block_1_69' title="bbox 1926 3300 3508 3381">
    <p class='ocr_par' dir='ltr' id='par_1_69' title="bbox 1932 3306 3508 3381">
     <span class='ocr_line' id='line_1_69' title="bbox 1932 3306 3508 3381; baseline 0.002 -23"><span class='ocrx_word' id='word_1_507' title='bbox 1932 3314 2037 3358; x_wconf 88' lang='lat' dir='ltr'><strong>tem</strong></span> <span class='ocrx_word' id='word_1_508' title='bbox 2090 3309 2160 3361; x_wconf 88' lang='lat' dir='ltr'><strong>ob</strong></span> <span class='ocrx_word' id='word_1_509' title='bbox 2198 3306 2498 3362; x_wconf 88' lang='lat' dir='ltr'><strong>Sabbatum</strong></span> <span class='ocrx_word' id='word_1_510' title='bbox 2549 3307 2930 3381; x_wconf 84' lang='lat' dir='ltr'><strong>adurgerent);</strong></span> <span class='ocrx_word' id='word_1_511' title='bbox 2963 3323 3063 3365; x_wconf 92' lang='lat' dir='ltr'><strong>nec</strong></span> <span class='ocrx_word' id='word_1_512' title='bbox 3105 3307 3422 3378; x_wconf 83' lang='lat' dir='ltr'><strong>projicietur</strong></span> <span class='ocrx_word' id='word_1_513' title='bbox 3451 3314 3508 3363; x_wconf 89' lang='lat' dir='ltr'><strong>et</strong></span> 
     </span>
    </p>
   </div>
   <div class='ocr_carea' id='block_1_70' title="bbox 230 3393 1821 3467">
    <p class='ocr_par' dir='ltr' id='par_1_70' title="bbox 230 3393 1821 3466">
     <span class='ocr_line' id='line_1_70' title="bbox 230 3393 1821 3466; baseline -0.004 -15"><span class='ocrx_word' id='word_1_514' title='bbox 230 3398 307 3451; x_wconf 74' lang='grc' dir='ltr'>τὰ.</span> <span class='ocrx_word' id='word_1_515' title='bbox 334 3397 447 3466; x_wconf 92' lang='grc'>(76)</span> <span class='ocrx_word' id='word_1_516' title='bbox 476 3394 924 3465; x_wconf 85' lang='grc' dir='ltr'>ὁλοκαυτώματα,</span> <span class='ocrx_word' id='word_1_517' title='bbox 959 3394 1028 3447; x_wconf 82' lang='grc' dir='ltr'><strong>τὰ</strong></span> <span class='ocrx_word' id='word_1_518' title='bbox 1079 3395 1259 3448; x_wconf 81' lang='grc' dir='ltr'>πάντα</span> <span class='ocrx_word' id='word_1_519' title='bbox 1298 3394 1587 3464; x_wconf 83' lang='grc' dir='ltr'>ὲρευνῶντι</span> <span class='ocrx_word' id='word_1_520' title='bbox 1620 3393 1715 3447; x_wconf 80' lang='grc' dir='ltr'>καὶ</span> <span class='ocrx_word' id='word_1_521' title='bbox 1745 3394 1821 3446; x_wconf 77' lang='grc' dir='ltr'><strong>εἰ-</strong></span> 
     </span>
    </p>
   </div>
   <div class='ocr_carea' id='block_1_71' title="bbox 1926 3393 3511 3467">
    <p class='ocr_par' dir='ltr' id='par_1_71' title="bbox 1929 3398 3511 3467">
     <span class='ocr_line' id='line_1_71' title="bbox 1929 3398 3511 3467; baseline 0.001 -15"><span class='ocrx_word' id='word_1_522' title='bbox 1929 3398 2252 3467; x_wconf 88' lang='lat' dir='ltr'><strong>raptabitur,</strong></span> <span class='ocrx_word' id='word_1_523' title='bbox 2286 3414 2352 3454; x_wconf 92' lang='lat' dir='ltr'><strong>ne</strong></span> <span class='ocrx_word' id='word_1_524' title='bbox 2395 3409 2581 3455; x_wconf 90' lang='lat' dir='ltr'><strong>sancta</strong></span> <span class='ocrx_word' id='word_1_525' title='bbox 2622 3401 2846 3455; x_wconf 89' lang='lat' dir='ltr'><strong>canibus</strong></span> <span class='ocrx_word' id='word_1_526' title='bbox 2902 3403 3118 3466; x_wconf 84' lang='lat' dir='ltr'><strong>dentur,</strong></span> <span class='ocrx_word' id='word_1_527' title='bbox 3158 3414 3224 3454; x_wconf 89' lang='lat' dir='ltr'><strong>ac</strong></span> <span class='ocrx_word' id='word_1_528' title='bbox 3278 3398 3511 3454; x_wconf 82' lang='lat' dir='ltr'><strong>scelera-</strong></span> 
     </span>
    </p>
   </div>
   <div class='ocr_carea' id='block_1_72' title="bbox 231 3484 1821 3557">
    <p class='ocr_par' dir='ltr' id='par_1_72' title="bbox 231 3484 1821 3557">
     <span class='ocr_line' id='line_1_72' title="bbox 231 3484 1821 3557; baseline -0.003 -16"><span class='ocrx_word' id='word_1_529' title='bbox 231 3490 348 3542; x_wconf 86' lang='grc' dir='ltr'>δότι</span> <span class='ocrx_word' id='word_1_530' title='bbox 377 3487 660 3557; x_wconf 90' lang='grc' dir='ltr'>Πνεύματι</span> <span class='ocrx_word' id='word_1_531' title='bbox 683 3486 1053 3556; x_wconf 85' lang='grc' dir='ltr'>λεπτυνόμενα</span> <span class='ocrx_word' id='word_1_532' title='bbox 1084 3485 1177 3538; x_wconf 74' lang='grc' dir='ltr'>καὶ</span> <span class='ocrx_word' id='word_1_533' title='bbox 1209 3485 1510 3555; x_wconf 78' lang='grc' dir='ltr'>σωζόμενα,</span> <span class='ocrx_word' id='word_1_534' title='bbox 1537 3485 1637 3537; x_wconf 87' lang='grc' dir='ltr'><strong>ούκ</strong></span> <span class='ocrx_word' id='word_1_535' title='bbox 1664 3484 1821 3537; x_wconf 86' lang='grc' dir='ltr'>ἀπολ-</span> 
     </span>
    </p>
   </div>
   <div class='ocr_carea' id='block_1_73' title="bbox 1926 3484 3508 3557">
    <p class='ocr_par' dir='ltr' id='par_1_73' title="bbox 1934 3485 3508 3557">
     <span class='ocr_line' id='line_1_73' title="bbox 1934 3485 3508 3557; baseline 0 -16"><span class='ocrx_word' id='word_1_536' title='bbox 1934 3487 2001 3541; x_wconf 90' lang='lat' dir='ltr'><strong>tis</strong></span> <span class='ocrx_word' id='word_1_537' title='bbox 2036 3485 2194 3540; x_wconf 87' lang='lat' dir='ltr'><strong>Verbi</strong></span> <span class='ocrx_word' id='word_1_538' title='bbox 2238 3488 2669 3557; x_wconf 86' lang='lat' dir='ltr'><strong>discerptoribus</strong></span> <span class='ocrx_word' id='word_1_539' title='bbox 2695 3530 2710 3555; x_wconf 91' lang='lat'><strong>,</strong></span> <span class='ocrx_word' id='word_1_540' title='bbox 2738 3488 3193 3557; x_wconf 89' lang='lat' dir='ltr'><strong>quemadmodum</strong></span> <span class='ocrx_word' id='word_1_541' title='bbox 3229 3502 3332 3543; x_wconf 91' lang='lat' dir='ltr'><strong>nec</strong></span> <span class='ocrx_word' id='word_1_542' title='bbox 3379 3503 3508 3557; x_wconf 89' lang='lat' dir='ltr'><strong>por-</strong></span> 
     </span>
    </p>
   </div>
   <div class='ocr_carea' id='block_1_74' title="bbox 232 3574 1821 3650">
    <p class='ocr_par' dir='ltr' id='par_1_74' title="bbox 232 3574 1821 3650">
     <span class='ocr_line' id='line_1_74' title="bbox 232 3574 1821 3650; baseline -0.004 -16"><span class='ocrx_word' id='word_1_543' title='bbox 232 3579 447 3650; x_wconf 85' lang='grc' dir='ltr'>λύμενα</span> <span class='ocrx_word' id='word_1_544' title='bbox 471 3578 594 3631; x_wconf 88' lang='grc' dir='ltr'>καθ’</span> <span class='ocrx_word' id='word_1_545' title='bbox 621 3577 849 3640; x_wconf 84' lang='grc' dir='ltr'>ὑδάτων,</span> <span class='ocrx_word' id='word_1_546' title='bbox 881 3577 998 3630; x_wconf 79' lang='grc' dir='ltr'>οὐδὲ</span> <span class='ocrx_word' id='word_1_547' title='bbox 1038 3576 1403 3648; x_wconf 87' lang='grc' dir='ltr'>σπειρόμενα·</span> <span class='ocrx_word' id='word_1_548' title='bbox 1440 3574 1627 3649; x_wconf 83' lang='grc' dir='ltr'>ὥσπερ</span> <span class='ocrx_word' id='word_1_549' title='bbox 1660 3578 1694 3647; x_wconf 81' lang='grc' dir='ltr'><strong>ἠ</strong></span> <span class='ocrx_word' id='word_1_550' title='bbox 1732 3592 1821 3628; x_wconf 90' lang='grc' dir='ltr'>κε-</span> 
     </span>
    </p>
   </div>
   <div class='ocr_carea' id='block_1_75' title="bbox 1926 3574 3506 3650">
    <p class='ocr_par' dir='ltr' id='par_1_75' title="bbox 1942 3576 3506 3648">
     <span class='ocr_line' id='line_1_75' title="bbox 1942 3576 3506 3648; baseline 0.001 -19"><span class='ocrx_word' id='word_1_551' title='bbox 1942 3577 2021 3629; x_wconf 76' lang='lat' dir='ltr'><strong>eis</strong></span> <span class='ocrx_word' id='word_1_552' title='bbox 2045 3576 2093 3607; x_wconf 81' lang='grc'><strong>³⁸</strong></span> <span class='ocrx_word' id='word_1_553' title='bbox 2125 3578 2266 3645; x_wconf 89' lang='lat' dir='ltr'><strong>quod</strong></span> <span class='ocrx_word' id='word_1_554' title='bbox 2300 3578 2352 3630; x_wconf 91' lang='lat' dir='ltr'><strong>in</strong></span> <span class='ocrx_word' id='word_1_555' title='bbox 2394 3576 2567 3631; x_wconf 84' lang='lat' dir='ltr'><strong>Verbo</strong></span> <span class='ocrx_word' id='word_1_556' title='bbox 2594 3577 2929 3647; x_wconf 86' lang='lat' dir='ltr'><strong>splendidum</strong></span> <span class='ocrx_word' id='word_1_557' title='bbox 2960 3585 3015 3632; x_wconf 90' lang='lat' dir='ltr'><strong>et</strong></span> <span class='ocrx_word' id='word_1_558' title='bbox 3052 3591 3359 3648; x_wconf 87' lang='lat' dir='ltr'><strong>gemmeum</strong></span> <span class='ocrx_word' id='word_1_559' title='bbox 3400 3585 3506 3642; x_wconf 90' lang='lat' dir='ltr'><strong>est,</strong></span> 
     </span>
    </p>
   </div>
   <div class='ocr_carea' id='block_1_76' title="bbox 232 3666 1821 3742">
    <p class='ocr_par' dir='ltr' id='par_1_76' title="bbox 232 3666 1821 3742">
     <span class='ocr_line' id='line_1_76' title="bbox 232 3666 1821 3742; baseline -0.002 -19"><span class='ocrx_word' id='word_1_560' title='bbox 232 3670 382 3742; x_wconf 80' lang='grc' dir='ltr'>φαλὴ</span> <span class='ocrx_word' id='word_1_561' title='bbox 407 3668 502 3722; x_wconf 81' lang='grc' dir='ltr'><strong>τοῦ</strong></span> <span class='ocrx_word' id='word_1_562' title='bbox 537 3668 739 3739; x_wconf 85' lang='grc' dir='ltr'>μόσχου</span> <span class='ocrx_word' id='word_1_563' title='bbox 771 3668 921 3739; x_wconf 76' lang='grc' dir='ltr'>παρὰ</span> <span class='ocrx_word' id='word_1_564' title='bbox 950 3668 1251 3730; x_wconf 81' lang='grc' dir='ltr'>Μωῦσέως,</span> <span class='ocrx_word' id='word_1_565' title='bbox 1284 3668 1317 3737; x_wconf 85' lang='grc' dir='ltr'>ή</span> <span class='ocrx_word' id='word_1_566' title='bbox 1349 3666 1725 3737; x_wconf 89' lang='grc' dir='ltr'>σχεδιασθείσα</span> <span class='ocrx_word' id='word_1_567' title='bbox 1749 3666 1821 3739; x_wconf 77' lang='grc' dir='ltr'><strong>τῷ</strong></span> 
     </span>
    </p>
   </div>
   <div class='ocr_carea' id='block_1_77' title="bbox 1926 3666 3513 3742">
    <p class='ocr_par' dir='ltr' id='par_1_77' title="bbox 1933 3668 3513 3739">
     <span class='ocr_line' id='line_1_77' title="bbox 1933 3668 3513 3739; baseline 0.003 -19"><span class='ocrx_word' id='word_1_568' title='bbox 1933 3682 2121 3723; x_wconf 84' lang='lat' dir='ltr'><strong>verum</strong></span> <span class='ocrx_word' id='word_1_569' title='bbox 2146 3669 2266 3737; x_wconf 91' lang='lat' dir='ltr'><strong>igne</strong></span> <span class='ocrx_word' id='word_1_570' title='bbox 2298 3668 2634 3732; x_wconf 87' lang='lat' dir='ltr'><strong>absumetur,</strong></span> <span class='ocrx_word' id='word_1_571' title='bbox 2664 3684 2773 3738; x_wconf 93' lang='lat' dir='ltr'><strong>quo</strong></span> <span class='ocrx_word' id='word_1_572' title='bbox 2793 3679 2849 3723; x_wconf 91' lang='lat' dir='ltr'><strong>et</strong></span> <span class='ocrx_word' id='word_1_573' title='bbox 2874 3669 3217 3736; x_wconf 84' lang='lat' dir='ltr'><strong>holocausta,</strong></span> <span class='ocrx_word' id='word_1_574' title='bbox 3241 3685 3272 3723; x_wconf 90' lang='lat' dir='ltr'><strong>a</strong></span> <span class='ocrx_word' id='word_1_575' title='bbox 3304 3669 3513 3739; x_wconf 87' lang='lat' dir='ltr'><strong>Spiritu</strong></span> 
     </span>
    </p>
   </div>
   <div class='ocr_carea' id='block_1_78' title="bbox 247 3757 1821 3834">
    <p class='ocr_par' dir='ltr' id='par_1_78' title="bbox 247 3758 1619 3834">
     <span class='ocr_line' id='line_1_78' title="bbox 247 3758 1619 3834; baseline -0.003 -18"><span class='ocrx_word' id='word_1_576' title='bbox 247 3760 489 3834; x_wconf 79' lang='grc' dir='ltr'>Ἰσραὴλ,</span> <span class='ocrx_word' id='word_1_577' title='bbox 523 3763 603 3824; x_wconf 88' lang='grc' dir='ltr'><strong>εἰς</strong></span> <span class='ocrx_word' id='word_1_578' title='bbox 624 3760 927 3829; x_wconf 79' lang='grc' dir='ltr'>ὀνειδισμὸν</span> <span class='ocrx_word' id='word_1_579' title='bbox 963 3760 1062 3829; x_wconf 83' lang='grc' dir='ltr'>τῆς</span> <span class='ocrx_word' id='word_1_580' title='bbox 1094 3759 1461 3831; x_wconf 87' lang='grc' dir='ltr'>σκληρότητος</span> <span class='ocrx_word' id='word_1_581' title='bbox 1484 3758 1619 3829; x_wconf 65' lang='grc'>(77).</span> 
     </span>
    </p>
   </div>
   <div class='ocr_carea' id='block_1_79' title="bbox 1926 3757 3513 3834">
    <p class='ocr_par' dir='ltr' id='par_1_79' title="bbox 1932 3757 3513 3824">
     <span class='ocr_line' id='line_1_79' title="bbox 1932 3757 3513 3824; baseline 0.001 -13"><span class='ocrx_word' id='word_1_582' title='bbox 1932 3758 2113 3812; x_wconf 80' lang='lat' dir='ltr'><strong>etnnia</strong></span> <span class='ocrx_word' id='word_1_583' title='bbox 2144 3768 2421 3812; x_wconf 86' lang='lat' dir='ltr'><strong>scrutante</strong></span> <span class='ocrx_word' id='word_1_584' title='bbox 2447 3769 2504 3812; x_wconf 91' lang='lat' dir='ltr'><strong>et</strong></span> <span class='ocrx_word' id='word_1_585' title='bbox 2532 3757 2741 3813; x_wconf 89' lang='lat' dir='ltr'><strong>sciente</strong></span> <span class='ocrx_word' id='word_1_586' title='bbox 2766 3768 3042 3813; x_wconf 86' lang='lat' dir='ltr'><strong>attenuata</strong></span> <span class='ocrx_word' id='word_1_587' title='bbox 3067 3769 3124 3814; x_wconf 91' lang='lat' dir='ltr'><strong>et</strong></span> <span class='ocrx_word' id='word_1_588' title='bbox 3146 3766 3380 3824; x_wconf 85' lang='lat' dir='ltr'><strong>servata,</strong></span> <span class='ocrx_word' id='word_1_589' title='bbox 3400 3773 3513 3814; x_wconf 90' lang='lat' dir='ltr'><strong>non</strong></span> 
     </span>
    </p>
   </div>
   <div class='ocr_carea' id='block_1_80' title="bbox 233 3847 3513 3922">
    <p class='ocr_par' dir='ltr' id='par_1_80' title="bbox 233 3847 3513 3922">
     <span class='ocr_line' id='line_1_80' title="bbox 233 3847 3513 3922; baseline -0.001 -13"><span class='ocrx_word' id='word_1_590' title='bbox 233 3864 419 3909; x_wconf 85' lang='lat' dir='ltr'><strong>autem</strong></span> <span class='ocrx_word' id='word_1_591' title='bbox 454 3854 509 3907; x_wconf 92' lang='lat' dir='ltr'><strong>in</strong></span> <span class='ocrx_word' id='word_1_592' title='bbox 560 3852 716 3922; x_wconf 90' lang='lat' dir='ltr'><strong>aquis</strong></span> <span class='ocrx_word' id='word_1_593' title='bbox 743 3852 1051 3921; x_wconf 87' lang='lat' dir='ltr'><strong>pereuntia,</strong></span> <span class='ocrx_word' id='word_1_594' title='bbox 1124 3866 1224 3905; x_wconf 90' lang='lat' dir='ltr'><strong>nec</strong></span> <span class='ocrx_word' id='word_1_595' title='bbox 1293 3851 1563 3919; x_wconf 87' lang='lat' dir='ltr'><strong>dispersa;</strong></span> <span class='ocrx_word' id='word_1_596' title='bbox 1617 3850 2068 3919; x_wconf 82' lang='lat' dir='ltr'><strong>quemadmodum</strong></span> <span class='ocrx_word' id='word_1_597' title='bbox 2138 3848 2291 3903; x_wconf 79' lang='lat' dir='ltr'><strong>vituli</strong></span> <span class='ocrx_word' id='word_1_598' title='bbox 2352 3848 2495 3904; x_wconf 90' lang='lat' dir='ltr'><strong>illius</strong></span> <span class='ocrx_word' id='word_1_599' title='bbox 2533 3848 2602 3903; x_wconf 89' lang='lat' dir='ltr'><strong>ah</strong></span> <span class='ocrx_word' id='word_1_600' title='bbox 2665 3849 2832 3904; x_wconf 85' lang='lat' dir='ltr'><strong>Israel</strong></span> <span class='ocrx_word' id='word_1_601' title='bbox 2883 3849 3232 3905; x_wconf 88' lang='lat' dir='ltr'><strong>tumultuarie</strong></span> <span class='ocrx_word' id='word_1_602' title='bbox 3279 3847 3513 3906; x_wconf 83' lang='lat' dir='ltr'><strong>conlecti</strong></span> 
     </span>
    </p>
   </div>
   <div class='ocr_carea' id='block_1_81' title="bbox 234 3943 3220 4016">
    <p class='ocr_par' dir='ltr' id='par_1_81' title="bbox 234 3943 3220 4016">
     <span class='ocr_line' id='line_1_81' title="bbox 234 3943 3220 4016; baseline -0.001 -15"><span class='ocrx_word' id='word_1_603' title='bbox 234 3954 401 4016; x_wconf 86' lang='lat' dir='ltr'><strong>caput</strong></span> <span class='ocrx_word' id='word_1_604' title='bbox 426 3960 457 3999; x_wconf 92' lang='lat' dir='ltr'><strong>a</strong></span> <span class='ocrx_word' id='word_1_605' title='bbox 492 3943 674 4015; x_wconf 78' lang='lat' dir='ltr'><strong>Moyse</strong></span> <span class='ocrx_word' id='word_1_606' title='bbox 720 3945 773 3998; x_wconf 92' lang='lat' dir='ltr'><strong>in</strong></span> <span class='ocrx_word' id='word_1_607' title='bbox 801 3944 1013 3998; x_wconf 73' lang='lat' dir='ltr'><strong>duritiae</strong></span> <span class='ocrx_word' id='word_1_608' title='bbox 1042 3944 1184 3998; x_wconf 88' lang='lat' dir='ltr'><strong>illius</strong></span> <span class='ocrx_word' id='word_1_609' title='bbox 1219 3944 1472 4011; x_wconf 89' lang='lat' dir='ltr'><strong>probrum</strong></span> <span class='ocrx_word' id='word_1_610' title='bbox 1523 3959 1771 4012; x_wconf 88' lang='lat' dir='ltr'><strong>sparsum</strong></span> <span class='ocrx_word' id='word_1_611' title='bbox 1810 3953 1893 3999; x_wconf 86' lang='lat' dir='ltr'><strong>est</strong></span> <span class='ocrx_word' id='word_1_612' title='bbox 1915 3943 1984 3997; x_wconf 86' lang='lat'><strong>&quot;.</strong></span> <span class='ocrx_word' id='word_1_613' title='bbox 3213 3998 3220 4005; x_wconf 79' lang='grc'><strong>,</strong></span> 
     </span>
    </p>
   </div>
   <div class='ocr_carea' id='block_1_82' title="bbox 310 4031 1821 4107">
    <p class='ocr_par' dir='ltr' id='par_1_82' title="bbox 310 4033 1821 4107">
     <span class='ocr_line' id='line_1_82' title="bbox 310 4033 1821 4107; baseline -0.001 -18"><span class='ocrx_word' id='word_1_614' title='bbox 310 4036 410 4089; x_wconf 91' lang='lat' dir='ltr'><strong>lZ&#39;.</strong></span> <span class='ocrx_word' id='word_1_615' title='bbox 455 4033 640 4100; x_wconf 77' lang='grc' dir='ltr'>’Δξιον</span> <span class='ocrx_word' id='word_1_616' title='bbox 672 4035 729 4088; x_wconf 86' lang='grc' dir='ltr'>δὲ</span> <span class='ocrx_word' id='word_1_617' title='bbox 762 4035 896 4106; x_wconf 86' lang='grc' dir='ltr'>μηδὲ</span> <span class='ocrx_word' id='word_1_618' title='bbox 929 4035 1021 4089; x_wconf 87' lang='grc' dir='ltr'>τόν</span> <span class='ocrx_word' id='word_1_619' title='bbox 1052 4037 1151 4107; x_wconf 84' lang='grc' dir='ltr'>τῆς</span> <span class='ocrx_word' id='word_1_620' title='bbox 1189 4035 1447 4107; x_wconf 85' lang='grc' dir='ltr'>βρώσεως</span> <span class='ocrx_word' id='word_1_621' title='bbox 1490 4034 1691 4106; x_wconf 89' lang='grc' dir='ltr'>τρόπον</span> <span class='ocrx_word' id='word_1_622' title='bbox 1721 4051 1821 4087; x_wconf 87' lang='grc' dir='ltr'>πα-</span> 
     </span>
    </p>
   </div>
   <div class='ocr_carea' id='block_1_83' title="bbox 1926 4031 3512 4107">
    <p class='ocr_par' dir='ltr' id='par_1_83' title="bbox 1999 4031 3512 4103">
     <span class='ocr_line' id='line_1_83' title="bbox 1999 4031 3512 4103; baseline 0.001 -16"><span class='ocrx_word' id='word_1_623' title='bbox 1999 4031 2163 4087; x_wconf 77' lang='lat' dir='ltr'><strong>XVII.</strong></span> <span class='ocrx_word' id='word_1_624' title='bbox 2202 4031 2280 4087; x_wconf 87' lang='lat' dir='ltr'><strong>Ne</strong></span> <span class='ocrx_word' id='word_1_625' title='bbox 2302 4033 2494 4087; x_wconf 90' lang='lat' dir='ltr'><strong>modus</strong></span> <span class='ocrx_word' id='word_1_626' title='bbox 2526 4032 2748 4103; x_wconf 90' lang='lat' dir='ltr'><strong>quidem</strong></span> <span class='ocrx_word' id='word_1_627' title='bbox 2795 4033 3230 4089; x_wconf 89' lang='lat' dir='ltr'><strong>manducationis</strong></span> <span class='ocrx_word' id='word_1_628' title='bbox 3280 4046 3512 4103; x_wconf 65' lang='lat' dir='ltr'><strong>praeter-</strong></span> 
     </span>
    </p>
   </div>
   <div class='ocr_carea' id='block_1_84' title="bbox 236 4124 1821 4208">
    <p class='ocr_par' dir='ltr' id='par_1_84' title="bbox 236 4127 1821 4208">
     <span class='ocr_line' id='line_1_84' title="bbox 236 4127 1821 4208; baseline 0 -27"><span class='ocrx_word' id='word_1_629' title='bbox 236 4128 566 4202; x_wconf 85' lang='grc' dir='ltr'>ραδραμεῖν,</span> <span class='ocrx_word' id='word_1_630' title='bbox 599 4129 682 4182; x_wconf 84' lang='grc' dir='ltr'>ὅτι</span> <span class='ocrx_word' id='word_1_631' title='bbox 719 4129 853 4200; x_wconf 80' lang='grc' dir='ltr'>μηδὲ</span> <span class='ocrx_word' id='word_1_632' title='bbox 902 4129 931 4181; x_wconf 87' lang='grc' dir='ltr'>ὁ</span> <span class='ocrx_word' id='word_1_633' title='bbox 973 4130 1157 4200; x_wconf 89' lang='grc' dir='ltr'>νόμος,</span> <span class='ocrx_word' id='word_1_634' title='bbox 1188 4129 1315 4199; x_wconf 78' lang='grc' dir='ltr'>ἄχρι</span> <span class='ocrx_word' id='word_1_635' title='bbox 1344 4130 1439 4182; x_wconf 72' lang='grc' dir='ltr'>καὶ</span> <span class='ocrx_word' id='word_1_636' title='bbox 1476 4127 1690 4208; x_wconf 84' lang='grc' dir='ltr'>τούτου,</span> <span class='ocrx_word' id='word_1_637' title='bbox 1724 4128 1821 4198; x_wconf 78' lang='grc' dir='ltr'><strong>τὴν</strong></span> 
     </span>
    </p>
   </div>
   <div class='ocr_carea' id='block_1_85' title="bbox 1926 4124 3506 4208">
    <p class='ocr_par' dir='ltr' id='par_1_85' title="bbox 1926 4124 3506 4196">
     <span class='ocr_line' id='line_1_85' title="bbox 1926 4124 3506 4196; baseline -0.002 -15"><span class='ocrx_word' id='word_1_638' title='bbox 1926 4128 2135 4182; x_wconf 89' lang='lat' dir='ltr'><strong>eundus</strong></span> <span class='ocrx_word' id='word_1_639' title='bbox 2180 4135 2306 4191; x_wconf 90' lang='lat' dir='ltr'><strong>est,</strong></span> <span class='ocrx_word' id='word_1_640' title='bbox 2348 4141 2471 4180; x_wconf 92' lang='lat' dir='ltr'><strong>cum</strong></span> <span class='ocrx_word' id='word_1_641' title='bbox 2506 4141 2605 4182; x_wconf 89' lang='lat' dir='ltr'><strong>nec</strong></span> <span class='ocrx_word' id='word_1_642' title='bbox 2634 4124 2721 4181; x_wconf 77' lang='lat' dir='ltr'><strong>lex</strong></span> <span class='ocrx_word' id='word_1_643' title='bbox 2773 4127 2886 4195; x_wconf 89' lang='lat' dir='ltr'><strong>ipsa</strong></span> <span class='ocrx_word' id='word_1_644' title='bbox 2925 4139 3048 4180; x_wconf 91' lang='lat' dir='ltr'><strong>eum</strong></span> <span class='ocrx_word' id='word_1_645' title='bbox 3078 4127 3506 4196; x_wconf 79' lang='lat' dir='ltr'><strong>praetermiserit,</strong></span> 
     </span>
    </p>
   </div>
   <div class='ocr_carea' id='block_1_86' title="bbox 235 4216 1821 4292">
    <p class='ocr_par' dir='ltr' id='par_1_86' title="bbox 235 4217 1821 4292">
     <span class='ocr_line' id='line_1_86' title="bbox 235 4217 1821 4292; baseline -0.001 -18"><span class='ocrx_word' id='word_1_646' title='bbox 235 4220 479 4292; x_wconf 75' lang='grc' dir='ltr'>θεωρίαν</span> <span class='ocrx_word' id='word_1_647' title='bbox 536 4219 841 4290; x_wconf 86' lang='grc' dir='ltr'>φιλοπονῶν</span> <span class='ocrx_word' id='word_1_648' title='bbox 910 4221 969 4275; x_wconf 88' lang='grc' dir='ltr'>ὲν</span> <span class='ocrx_word' id='word_1_649' title='bbox 1017 4219 1096 4290; x_wconf 85' lang='grc' dir='ltr'>τῷ</span> <span class='ocrx_word' id='word_1_650' title='bbox 1154 4221 1463 4291; x_wconf 85' lang='grc' dir='ltr'>γράμματι.</span> <span class='ocrx_word' id='word_1_651' title='bbox 1528 4217 1821 4273; x_wconf 85' lang='grc' dir='ltr'>Ἀναλώσο-</span> 
     </span>
    </p>
   </div>
   <div class='ocr_carea' id='block_1_87' title="bbox 1926 4216 3511 4292">
    <p class='ocr_par' dir='ltr' id='par_1_87' title="bbox 1927 4216 3511 4288">
     <span class='ocr_line' id='line_1_87' title="bbox 1927 4216 3511 4288; baseline 0.001 -16"><span class='ocrx_word' id='word_1_652' title='bbox 1927 4220 2019 4272; x_wconf 91' lang='lat' dir='ltr'><strong>sed</strong></span> <span class='ocrx_word' id='word_1_653' title='bbox 2056 4217 2567 4287; x_wconf 84' lang='lat' dir='ltr'><strong>contemplationem</strong></span> <span class='ocrx_word' id='word_1_654' title='bbox 2620 4219 2673 4270; x_wconf 94' lang='lat' dir='ltr'><strong>in</strong></span> <span class='ocrx_word' id='word_1_655' title='bbox 2715 4216 2899 4271; x_wconf 78' lang='lat' dir='ltr'><strong>verbis</strong></span> <span class='ocrx_word' id='word_1_656' title='bbox 2941 4224 2996 4271; x_wconf 90' lang='lat' dir='ltr'><strong>et</strong></span> <span class='ocrx_word' id='word_1_657' title='bbox 3044 4216 3223 4271; x_wconf 87' lang='lat' dir='ltr'><strong>littera</strong></span> <span class='ocrx_word' id='word_1_658' title='bbox 3270 4231 3511 4288; x_wconf 87' lang='lat' dir='ltr'><strong>eousque</strong></span> 
     </span>
    </p>
   </div>
   <div class='ocr_carea' id='block_1_88' title="bbox 238 4301 1821 4382">
    <p class='ocr_par' dir='ltr' id='par_1_88' title="bbox 238 4301 1821 4382">
     <span class='ocr_line' id='line_1_88' title="bbox 238 4301 1821 4382; baseline -0.002 -19"><span class='ocrx_word' id='word_1_659' title='bbox 238 4326 345 4382; x_wconf 83' lang='grc' dir='ltr'><strong>μεν</strong></span> <span class='ocrx_word' id='word_1_660' title='bbox 372 4308 486 4381; x_wconf 74' lang='grc'>(78)</span> <span class='ocrx_word' id='word_1_661' title='bbox 516 4309 627 4380; x_wconf 84' lang='grc' dir='ltr'><strong>γὰρ</strong></span> <span class='ocrx_word' id='word_1_662' title='bbox 658 4301 718 4362; x_wconf 81' lang='grc' dir='ltr'><strong>τδ</strong></span> <span class='ocrx_word' id='word_1_663' title='bbox 755 4309 903 4380; x_wconf 79' lang='grc' dir='ltr'>θῦμα</span> <span class='ocrx_word' id='word_1_664' title='bbox 940 4309 1081 4363; x_wconf 82' lang='grc' dir='ltr'>κατὰ</span> <span class='ocrx_word' id='word_1_665' title='bbox 1106 4309 1362 4380; x_wconf 81' lang='grc' dir='ltr'>σπουδὴν,</span> <span class='ocrx_word' id='word_1_666' title='bbox 1389 4308 1485 4360; x_wconf 81' lang='grc' dir='ltr'>καὶ</span> <span class='ocrx_word' id='word_1_667' title='bbox 1516 4308 1702 4378; x_wconf 77' lang='grc' dir='ltr'>ἄζυμα</span> <span class='ocrx_word' id='word_1_668' title='bbox 1734 4307 1821 4360; x_wconf 72' lang='grc' dir='ltr'><strong>ἐπὶ</strong></span> 
     </span>
    </p>
   </div>
   <div class='ocr_carea' id='block_1_89' title="bbox 1926 4301 3510 4382">
    <p class='ocr_par' dir='ltr' id='par_1_89' title="bbox 1928 4307 3510 4382">
     <span class='ocr_line' id='line_1_89' title="bbox 1928 4307 3510 4382; baseline 0 -17"><span class='ocrx_word' id='word_1_669' title='bbox 1928 4311 2309 4367; x_wconf 86' lang='lat' dir='ltr'><strong>elaboraverit.</strong></span> <span class='ocrx_word' id='word_1_670' title='bbox 2344 4310 2630 4365; x_wconf 84' lang='lat' dir='ltr'><strong>Victimam</strong></span> <span class='ocrx_word' id='word_1_671' title='bbox 2682 4310 2828 4364; x_wconf 92' lang='lat' dir='ltr'><strong>enim</strong></span> <span class='ocrx_word' id='word_1_672' title='bbox 2879 4307 3206 4364; x_wconf 78' lang='lat' dir='ltr'><strong>festinanter</strong></span> <span class='ocrx_word' id='word_1_673' title='bbox 3252 4311 3510 4382; x_wconf 80' lang='lat' dir='ltr'><strong>absume-</strong></span> 
     </span>
    </p>
   </div>
   <div class='ocr_carea' id='block_1_90' title="bbox 234 4377 1821 4474">
    <p class='ocr_par' dir='ltr' id='par_1_90' title="bbox 234 4377 1821 4474">
     <span class='ocr_line' id='line_1_90' title="bbox 234 4377 1821 4474; baseline -0.003 -18"><span class='ocrx_word' id='word_1_674' title='bbox 234 4377 511 4474; x_wconf 49' lang='grc' dir='ltr'><strong>⁸σιτικριδων</strong></span> <span class='ocrx_word' id='word_1_675' title='bbox 531 4377 884 4465; x_wconf 18' lang='grc' dir='ltr'>γσυ-νὲσθοντες</span> <span class='ocrx_word' id='word_1_676' title='bbox 916 4402 1050 4472; x_wconf 87' lang='grc'>(79),</span> <span class='ocrx_word' id='word_1_677' title='bbox 1081 4402 1176 4454; x_wconf 81' lang='grc' dir='ltr'><strong>καὶ</strong></span> <span class='ocrx_word' id='word_1_678' title='bbox 1194 4377 1528 4468; x_wconf 28' lang='grc' dir='ltr'>τὰς-ὀσφύας</span> <span class='ocrx_word' id='word_1_679' title='bbox 1560 4377 1821 4472; x_wconf 76' lang='grc' dir='ltr'>περιεζω-</span> 
     </span>
    </p>
   </div>
   <div class='ocr_carea' id='block_1_91' title="bbox 1926 4377 3512 4474">
    <p class='ocr_par' dir='ltr' id='par_1_91' title="bbox 1932 4377 3512 4473">
     <span class='ocr_line' id='line_1_91' title="bbox 1932 4377 3512 4473; baseline 0.001 -17"><span class='ocrx_word' id='word_1_680' title='bbox 1932 4418 2072 4466; x_wconf 91' lang='lat' dir='ltr'><strong>mus,</strong></span> <span class='ocrx_word' id='word_1_681' title='bbox 2106 4411 2162 4456; x_wconf 92' lang='lat' dir='ltr'><strong>et</strong></span> <span class='ocrx_word' id='word_1_682' title='bbox 2190 4416 2413 4473; x_wconf 84' lang='lat' dir='ltr'><strong>azymos</strong></span> <span class='ocrx_word' id='word_1_683' title='bbox 2442 4416 2611 4471; x_wconf 91' lang='lat' dir='ltr'><strong>panes</strong></span> <span class='ocrx_word' id='word_1_684' title='bbox 2641 4416 2764 4456; x_wconf 89' lang='lat' dir='ltr'><strong>cum</strong></span> <span class='ocrx_word' id='word_1_685' title='bbox 2809 4401 3040 4456; x_wconf 89' lang='lat' dir='ltr'><strong>lactucis</strong></span> <span class='ocrx_word' id='word_1_686' title='bbox 3068 4401 3374 4469; x_wconf 87' lang='lat' dir='ltr'><strong>agrestibus</strong></span> <span class='ocrx_word' id='word_1_687' title='bbox 3404 4377 3512 4457; x_wconf 55' lang='grc' dir='ltr'><strong>Ἑο-</strong></span> 
     </span>
    </p>
   </div>
   <div class='ocr_carea' id='block_1_92' title="bbox 237 4474 1821 4565">
    <p class='ocr_par' dir='ltr' id='par_1_92' title="bbox 237 4490 1821 4565">
     <span class='ocr_line' id='line_1_92' title="bbox 237 4490 1821 4565; baseline -0.004 -17"><span class='ocrx_word' id='word_1_688' title='bbox 237 4493 452 4565; x_wconf 81' lang='grc' dir='ltr'>σμένοι,</span> <span class='ocrx_word' id='word_1_689' title='bbox 477 4492 572 4547; x_wconf 84' lang='grc' dir='ltr'>καὶ</span> <span class='ocrx_word' id='word_1_690' title='bbox 605 4492 675 4547; x_wconf 85' lang='grc' dir='ltr'><strong>τὰ</strong></span> <span class='ocrx_word' id='word_1_691' title='bbox 708 4492 1027 4564; x_wconf 75' lang='grc' dir='ltr'>ὑποδήματα</span> <span class='ocrx_word' id='word_1_692' title='bbox 1049 4491 1442 4565; x_wconf 82' lang='grc' dir='ltr'>περικείμενοι,</span> <span class='ocrx_word' id='word_1_693' title='bbox 1468 4491 1561 4544; x_wconf 76' lang='grc' dir='ltr'>καὶ</span> <span class='ocrx_word' id='word_1_694' title='bbox 1582 4490 1821 4563; x_wconf 86' lang='grc' dir='ltr'>πρεσϐυ-</span> 
     </span>
    </p>
   </div>
   <div class='ocr_carea' id='block_1_93' title="bbox 1926 4474 3513 4565">
    <p class='ocr_par' dir='ltr' id='par_1_93' title="bbox 1930 4493 3513 4560">
     <span class='ocr_line' id='line_1_93' title="bbox 1930 4493 3513 4560; baseline -0.001 -11"><span class='ocrx_word' id='word_1_695' title='bbox 1930 4496 2228 4560; x_wconf 86' lang='lat' dir='ltr'><strong>medentes,</strong></span> <span class='ocrx_word' id='word_1_696' title='bbox 2251 4505 2303 4548; x_wconf 92' lang='lat' dir='ltr'><strong>et</strong></span> <span class='ocrx_word' id='word_1_697' title='bbox 2327 4494 2524 4548; x_wconf 91' lang='lat' dir='ltr'><strong>lumbis</strong></span> <span class='ocrx_word' id='word_1_698' title='bbox 2552 4493 2803 4558; x_wconf 89' lang='lat' dir='ltr'><strong>accincti,</strong></span> <span class='ocrx_word' id='word_1_699' title='bbox 2827 4502 2880 4548; x_wconf 92' lang='lat' dir='ltr'><strong>et</strong></span> <span class='ocrx_word' id='word_1_700' title='bbox 2903 4493 3281 4549; x_wconf 84' lang='lat' dir='ltr'><strong>calceamentis</strong></span> <span class='ocrx_word' id='word_1_701' title='bbox 3311 4494 3513 4549; x_wconf 84' lang='lat' dir='ltr'><strong>instru-</strong></span> 
     </span>
    </p>
   </div>
   <div class='ocr_carea' id='block_1_94' title="bbox 235 4581 1821 4657">
    <p class='ocr_par' dir='ltr' id='par_1_94' title="bbox 235 4581 1821 4657">
     <span class='ocr_line' id='line_1_94' title="bbox 235 4581 1821 4657; baseline -0.003 -17"><span class='ocrx_word' id='word_1_702' title='bbox 235 4584 411 4650; x_wconf 84' lang='grc' dir='ltr'>τικῶς</span> <span class='ocrx_word' id='word_1_703' title='bbox 466 4584 921 4657; x_wconf 88' lang='grc' dir='ltr'>βακτηρεύοντες.</span> <span class='ocrx_word' id='word_1_704' title='bbox 967 4584 1126 4638; x_wconf 84' lang='grc' dir='ltr'>Κατὰ</span> <span class='ocrx_word' id='word_1_705' title='bbox 1166 4583 1402 4655; x_wconf 83' lang='grc' dir='ltr'>σπουδὴν</span> <span class='ocrx_word' id='word_1_706' title='bbox 1452 4582 1576 4654; x_wconf 82' lang='grc' dir='ltr'>μὲν,</span> <span class='ocrx_word' id='word_1_707' title='bbox 1616 4582 1705 4636; x_wconf 84' lang='grc' dir='ltr'>ἵνα</span> <span class='ocrx_word' id='word_1_708' title='bbox 1755 4581 1821 4654; x_wconf 70' lang='grc' dir='ltr'>μὴ</span> 
     </span>
    </p>
   </div>
   <div class='ocr_carea' id='block_1_95' title="bbox 1926 4581 3505 4657">
    <p class='ocr_par' dir='ltr' id='par_1_95' title="bbox 1931 4584 3505 4656">
     <span class='ocr_line' id='line_1_95' title="bbox 1931 4584 3505 4656; baseline -0.001 -17"><span class='ocrx_word' id='word_1_709' title='bbox 1931 4586 2027 4650; x_wconf 88' lang='lat' dir='ltr'><strong>eti,</strong></span> <span class='ocrx_word' id='word_1_710' title='bbox 2055 4602 2119 4641; x_wconf 90' lang='lat' dir='ltr'><strong>ac</strong></span> <span class='ocrx_word' id='word_1_711' title='bbox 2148 4586 2406 4656; x_wconf 87' lang='lat' dir='ltr'><strong>denique,</strong></span> <span class='ocrx_word' id='word_1_712' title='bbox 2437 4598 2626 4640; x_wconf 89' lang='lat' dir='ltr'><strong>senum</strong></span> <span class='ocrx_word' id='word_1_713' title='bbox 2653 4600 2823 4651; x_wconf 91' lang='lat' dir='ltr'><strong>more,</strong></span> <span class='ocrx_word' id='word_1_714' title='bbox 2856 4585 3106 4640; x_wconf 88' lang='lat' dir='ltr'><strong>baculum</strong></span> <span class='ocrx_word' id='word_1_715' title='bbox 3136 4595 3411 4656; x_wconf 87' lang='lat' dir='ltr'><strong>gestantes</strong></span> <span class='ocrx_word' id='word_1_716' title='bbox 3434 4584 3505 4638; x_wconf 84' lang='grc'>³⁸.</span> 
     </span>
    </p>
   </div>
   <div class='ocr_carea' id='block_1_96' title="bbox 235 4667 1821 4748">
    <p class='ocr_par' dir='ltr' id='par_1_96' title="bbox 235 4667 1821 4746">
     <span class='ocr_line' id='line_1_96' title="bbox 235 4667 1821 4746; baseline -0.004 -18"><span class='ocrx_word' id='word_1_717' title='bbox 235 4675 507 4746; x_wconf 77' lang='grc' dir='ltr'>πάθωμεν</span> <span class='ocrx_word' id='word_1_718' title='bbox 540 4674 680 4746; x_wconf 81' lang='grc' dir='ltr'>ὅπερ</span> <span class='ocrx_word' id='word_1_719' title='bbox 713 4674 744 4726; x_wconf 85' lang='grc' dir='ltr'><strong>ὀ</strong></span> <span class='ocrx_word' id='word_1_720' title='bbox 769 4672 893 4727; x_wconf 89' lang='grc' dir='ltr'>Λὼτ</span> <span class='ocrx_word' id='word_1_721' title='bbox 922 4674 1134 4737; x_wconf 78' lang='grc' dir='ltr'>ἐκεῖνος</span> <span class='ocrx_word' id='word_1_722' title='bbox 1153 4671 1531 4743; x_wconf 84' lang='grc' dir='ltr'>ἀπηγόρευται</span> <span class='ocrx_word' id='word_1_723' title='bbox 1564 4667 1717 4742; x_wconf 84' lang='grc' dir='ltr'>παρὰ</span> <span class='ocrx_word' id='word_1_724' title='bbox 1736 4670 1821 4741; x_wconf 76' lang='grc' dir='ltr'><strong>τῆς</strong></span> 
     </span>
    </p>
   </div>
   <div class='ocr_carea' id='block_1_97' title="bbox 1926 4667 3509 4748">
    <p class='ocr_par' dir='ltr' id='par_1_97' title="bbox 1935 4676 3509 4748">
     <span class='ocr_line' id='line_1_97' title="bbox 1935 4676 3509 4748; baseline -0.001 -14"><span class='ocrx_word' id='word_1_725' title='bbox 1935 4678 2281 4734; x_wconf 89' lang='lat' dir='ltr'><strong>Festinanter</strong></span> <span class='ocrx_word' id='word_1_726' title='bbox 2310 4678 2550 4748; x_wconf 89' lang='lat' dir='ltr'><strong>quidem,</strong></span> <span class='ocrx_word' id='word_1_727' title='bbox 2579 4692 2646 4733; x_wconf 91' lang='lat' dir='ltr'><strong>ne</strong></span> <span class='ocrx_word' id='word_1_728' title='bbox 2676 4677 2731 4732; x_wconf 91' lang='lat' dir='ltr'><strong>in</strong></span> <span class='ocrx_word' id='word_1_729' title='bbox 2762 4693 2881 4732; x_wconf 88' lang='lat' dir='ltr'><strong>eam</strong></span> <span class='ocrx_word' id='word_1_730' title='bbox 2919 4676 3133 4747; x_wconf 89' lang='lat' dir='ltr'><strong>culpam</strong></span> <span class='ocrx_word' id='word_1_731' title='bbox 3181 4677 3509 4746; x_wconf 86' lang='lat' dir='ltr'><strong>incidamus,</strong></span> 
     </span>
    </p>
   </div>
   <div class='ocr_carea' id='block_1_98' title="bbox 313 4828 1821 4901">
    <p class='ocr_par' dir='ltr' id='par_1_98' title="bbox 313 4831 1820 4899">
     <span class='ocr_line' id='line_1_98' title="bbox 313 4831 1820 4899; baseline -0.003 -8"><span class='ocrx_word' id='word_1_732' title='bbox 313 4836 360 4869; x_wconf 83' lang='grc'><strong>³³</strong></span> <span class='ocrx_word' id='word_1_733' title='bbox 390 4835 522 4891; x_wconf 89' lang='lat' dir='ltr'><strong>Luc.</strong></span> <span class='ocrx_word' id='word_1_734' title='bbox 563 4852 664 4898; x_wconf 68' lang='grc' dir='ltr'>χιι,</span> <span class='ocrx_word' id='word_1_735' title='bbox 695 4833 786 4894; x_wconf 71' lang='grc'>49.</span> <span class='ocrx_word' id='word_1_736' title='bbox 872 4836 916 4868; x_wconf 86' lang='grc'>³¹</span> <span class='ocrx_word' id='word_1_737' title='bbox 945 4835 1116 4891; x_wconf 74' lang='lat' dir='ltr'><strong>Exod.</strong></span> <span class='ocrx_word' id='word_1_738' title='bbox 1139 4850 1236 4899; x_wconf 82' lang='lat' dir='ltr'><strong>xu,</strong></span> <span class='ocrx_word' id='word_1_739' title='bbox 1267 4833 1322 4888; x_wconf 92' lang='lat'><strong>8.</strong></span> <span class='ocrx_word' id='word_1_740' title='bbox 1398 4833 1443 4864; x_wconf 79' lang='grc'><strong>³³</strong></span> <span class='ocrx_word' id='word_1_741' title='bbox 1472 4832 1604 4887; x_wconf 91' lang='lat' dir='ltr'><strong>ibid.</strong></span> <span class='ocrx_word' id='word_1_742' title='bbox 1635 4831 1725 4887; x_wconf 85' lang='grc'>10.</span> <span class='ocrx_word' id='word_1_743' title='bbox 1799 4834 1820 4865; x_wconf 90' lang='grc'>³</span> 
     </span>
    </p>
   </div>
   <div class='ocr_carea' id='block_1_99' title="bbox 1926 4828 3509 4901">
    <p class='ocr_par' dir='ltr' id='par_1_99' title="bbox 1927 4828 3509 4901">
     <span class='ocr_line' id='line_1_99' title="bbox 1927 4828 3509 4901; baseline 0 -15"><span class='ocrx_word' id='word_1_744' title='bbox 1927 4833 2076 4901; x_wconf 79' lang='lat' dir='ltr'><strong>pltes.</strong></span> <span class='ocrx_word' id='word_1_745' title='bbox 2113 4846 2190 4898; x_wconf 77' lang='grc' dir='ltr'><strong>ιν,</strong></span> <span class='ocrx_word' id='word_1_746' title='bbox 2222 4830 2313 4886; x_wconf 74' lang='grc'>26.</span> <span class='ocrx_word' id='word_1_747' title='bbox 2406 4831 2453 4864; x_wconf 76' lang='grc'><strong>³⁸</strong></span> <span class='ocrx_word' id='word_1_748' title='bbox 2492 4830 2664 4886; x_wconf 81' lang='lat' dir='ltr'><strong>Exod.</strong></span> <span class='ocrx_word' id='word_1_749' title='bbox 2688 4845 2790 4896; x_wconf 78' lang='lat' dir='ltr'><strong>xu,</strong></span> <span class='ocrx_word' id='word_1_750' title='bbox 2829 4828 2917 4885; x_wconf 75' lang='grc'>16,</span> <span class='ocrx_word' id='word_1_751' title='bbox 2994 4830 3041 4864; x_wconf 86' lang='grc'>³⁸</span> <span class='ocrx_word' id='word_1_752' title='bbox 3069 4829 3226 4886; x_wconf 87' lang='lat' dir='ltr'><strong>Joan.</strong></span> <span class='ocrx_word' id='word_1_753' title='bbox 3253 4845 3365 4897; x_wconf 74' lang='grc' dir='ltr'>ιιι,</span> <span class='ocrx_word' id='word_1_754' title='bbox 3415 4831 3509 4887; x_wconf 77' lang='lat'><strong>55.</strong></span> 
     </span>
    </p>
   </div>
   <div class='ocr_carea' id='block_1_100' title="bbox 237 4902 1821 4974">
    <p class='ocr_par' dir='ltr' id='par_1_100' title="bbox 237 4902 1818 4974">
     <span class='ocr_line' id='line_1_100' title="bbox 237 4902 1818 4974; baseline -0.003 -13"><span class='ocrx_word' id='word_1_755' title='bbox 237 4906 288 4941; x_wconf 77' lang='grc'><strong>³³</strong></span> <span class='ocrx_word' id='word_1_756' title='bbox 318 4905 506 4961; x_wconf 71' lang='lat' dir='ltr'><strong>Matth.</strong></span> <span class='ocrx_word' id='word_1_757' title='bbox 536 4922 637 4972; x_wconf 80' lang='lat' dir='ltr'><strong>vn,</strong></span> <span class='ocrx_word' id='word_1_758' title='bbox 668 4905 724 4961; x_wconf 83' lang='grc'><strong>6.</strong></span> <span class='ocrx_word' id='word_1_759' title='bbox 827 4905 870 4937; x_wconf 88' lang='grc'><strong>³⁷</strong></span> <span class='ocrx_word' id='word_1_760' title='bbox 899 4905 1071 4960; x_wconf 82' lang='lat' dir='ltr'><strong>Exod.</strong></span> <span class='ocrx_word' id='word_1_761' title='bbox 1100 4921 1273 4971; x_wconf 76' lang='lat' dir='ltr'><strong>xxx&quot;,</strong></span> <span class='ocrx_word' id='word_1_762' title='bbox 1296 4907 1360 4960; x_wconf 88' lang='grc'><strong>19</strong></span> <span class='ocrx_word' id='word_1_763' title='bbox 1387 4919 1509 4974; x_wconf 93' lang='lat' dir='ltr'><strong>sqq.</strong></span> <span class='ocrx_word' id='word_1_764' title='bbox 1586 4902 1630 4934; x_wconf 82' lang='grc'><strong>³⁸</strong></span> <span class='ocrx_word' id='word_1_765' title='bbox 1668 4903 1818 4959; x_wconf 80' lang='lat' dir='ltr'><strong>Exod</strong></span> 
     </span>
    </p>
   </div>
   <div class='ocr_carea' id='block_1_101' title="bbox 1926 4902 2184 4974">
    <p class='ocr_par' dir='ltr' id='par_1_101' title="bbox 1935 4903 2184 4972">
     <span class='ocr_line' id='line_1_101' title="bbox 1935 4903 2184 4972; baseline 0.004 -16"><span class='ocrx_word' id='word_1_766' title='bbox 1935 4919 1973 4968; x_wconf 85' lang='grc' dir='ltr'><strong>ι,</strong></span> <span class='ocrx_word' id='word_1_767' title='bbox 1998 4903 2032 4956; x_wconf 83' lang='grc'><strong>’5</strong></span> <span class='ocrx_word' id='word_1_768' title='bbox 2062 4917 2184 4972; x_wconf 89' lang='lat' dir='ltr'><strong>sqq.</strong></span> 
     </span>
    </p>
   </div>
   <div class='ocr_carea' id='block_1_102' title="bbox 311 5019 1518 5094">
    <p class='ocr_par' dir='ltr' id='par_1_102' title="bbox 311 5019 1518 5094">
     <span class='ocr_line' id='line_1_102' title="bbox 311 5019 1518 5094; baseline 0.002 -3"><span class='ocrx_word' id='word_1_769' title='bbox 311 5019 424 5094; x_wconf 69' lang='grc'>(61)</span> <span class='ocrx_word' id='word_1_770' title='bbox 461 5020 610 5094; x_wconf 61' lang='lat' dir='ltr'><strong>Mm?</strong></span> <span class='ocrx_word' id='word_1_771' title='bbox 626 5021 869 5094; x_wconf 59' lang='grc' dir='ltr'>ρδαρέςο</span> <span class='ocrx_word' id='word_1_772' title='bbox 907 5022 1042 5094; x_wconf 68' lang='lat' dir='ltr'><strong>Jes-_-</strong></span> <span class='ocrx_word' id='word_1_773' title='bbox 1075 5020 1195 5093; x_wconf 85' lang='grc' dir='ltr'>μηδ’</span> <span class='ocrx_word' id='word_1_774' title='bbox 1229 5020 1518 5094; x_wconf 60' lang='grc' dir='ltr'><strong>ῠὼρῶδες-</strong></span> 
     </span>
    </p>
   </div>
   <div class='ocr_carea' id='block_1_103' title="bbox 310 5091 1461 5303">
    <p class='ocr_par' dir='ltr' id='par_1_103' title="bbox 310 5091 1461 5303">
     <span class='ocr_line' id='line_1_103' title="bbox 310 5091 1461 5163; baseline -0.001 -16"><span class='ocrx_word' id='word_1_775' title='bbox 310 5091 406 5158; x_wconf 82' lang='grc'>(65</span> <span class='ocrx_word' id='word_1_776' title='bbox 471 5093 591 5146; x_wconf 82' lang='lat' dir='ltr'><strong>&#39;Ar.</strong></span> <span class='ocrx_word' id='word_1_777' title='bbox 623 5092 784 5146; x_wconf 86' lang='lat' dir='ltr'><strong>Deest</strong></span> <span class='ocrx_word' id='word_1_778' title='bbox 804 5094 857 5146; x_wconf 92' lang='lat' dir='ltr'><strong>in</strong></span> <span class='ocrx_word' id='word_1_779' title='bbox 881 5108 975 5147; x_wconf 80' lang='lat' dir='ltr'><strong>sex</strong></span> <span class='ocrx_word' id='word_1_780' title='bbox 1006 5091 1174 5163; x_wconf 78' lang='lat' dir='ltr'><strong>Regg.</strong></span> <span class='ocrx_word' id='word_1_781' title='bbox 1202 5104 1257 5148; x_wconf 90' lang='lat' dir='ltr'><strong>et</strong></span> <span class='ocrx_word' id='word_1_782' title='bbox 1282 5091 1376 5149; x_wconf 62' lang='lat' dir='ltr'><strong>or.</strong></span> <span class='ocrx_word' id='word_1_783' title='bbox 1406 5093 1461 5146; x_wconf 93' lang='grc'><strong>1.</strong></span> 
     </span>
     <span class='ocr_line' id='line_1_104' title="bbox 310 5098 1247 5303; baseline 0.002 -88"><span class='ocrx_word' id='word_1_784' title='bbox 310 5098 428 5303; x_wconf 57' lang='grc' dir='ltr'>(ϐϐξ</span> <span class='ocrx_word' id='word_1_785' title='bbox 466 5160 674 5227; x_wconf 74' lang='grc' dir='ltr'>Ὀλος.</span> <span class='ocrx_word' id='word_1_786' title='bbox 705 5162 798 5217; x_wconf 92' lang='lat' dir='ltr'><strong>0r.</strong></span> <span class='ocrx_word' id='word_1_787' title='bbox 828 5161 881 5215; x_wconf 92' lang='grc'><strong>1.</strong></span> <span class='ocrx_word' id='word_1_788' title='bbox 914 5161 1069 5245; x_wconf 73' lang='grc' dir='ltr'>ὅλως.</span> <span class='ocrx_word' id='word_1_789' title='bbox 1217 5232 1247 5244; x_wconf 51' lang='grc' dir='ltr'><strong>η</strong></span> 
     </span>
     <span class='ocr_line' id='line_1_105' title="bbox 312 5231 1457 5303; baseline 0.003 -20"><span class='ocrx_word' id='word_1_790' title='bbox 312 5231 402 5303; x_wconf 75' lang='grc'><strong>(67</strong></span> <span class='ocrx_word' id='word_1_791' title='bbox 478 5231 850 5303; x_wconf 61' lang='lat' dir='ltr'><strong>Ego-reamur.</strong></span> <span class='ocrx_word' id='word_1_792' title='bbox 880 5231 1043 5303; x_wconf 75' lang='lat' dir='ltr'><strong>Cotsl.</strong></span> <span class='ocrx_word' id='word_1_793' title='bbox 1078 5232 1132 5297; x_wconf 76' lang='lat'><strong>2,</strong></span> <span class='ocrx_word' id='word_1_794' title='bbox 1160 5231 1359 5301; x_wconf 90' lang='lat' dir='ltr'><strong>aluque</strong></span> <span class='ocrx_word' id='word_1_795' title='bbox 1386 5247 1457 5287; x_wconf 93' lang='lat' dir='ltr'><strong>no</strong></span> 
     </span>
    </p>
   </div>
   <div class='ocr_carea' id='block_1_104' title="bbox 1927 5019 2452 5087">
    <p class='ocr_par' dir='ltr' id='par_1_104' title="bbox 1927 5019 2452 5087">
     <span class='ocr_line' id='line_1_106' title="bbox 1927 5019 2452 5087; baseline -0.01 -9"><span class='ocrx_word' id='word_1_796' title='bbox 1927 5023 2037 5087; x_wconf 87' lang='lat' dir='ltr'><strong>ed.,</strong></span> <span class='ocrx_word' id='word_1_797' title='bbox 2062 5019 2452 5076; x_wconf 86' lang='grc' dir='ltr'>διανυκτεύειν.</span> 
     </span>
    </p>
   </div>
   <div class='ocr_carea' id='block_1_105' title="bbox 1997 5090 3268 5163">
    <p class='ocr_par' dir='ltr' id='par_1_105' title="bbox 1997 5090 3268 5163">
     <span class='ocr_line' id='line_1_107' title="bbox 1997 5090 3268 5163; baseline 0.001 -19"><span class='ocrx_word' id='word_1_798' title='bbox 1997 5090 2110 5163; x_wconf 80' lang='grc'>(75)</span> <span class='ocrx_word' id='word_1_799' title='bbox 2156 5090 2533 5163; x_wconf 35' lang='grc' dir='ltr'>Τοῦ-Ἰησοῦ.</span> <span class='ocrx_word' id='word_1_800' title='bbox 2563 5090 2618 5163; x_wconf 78' lang='lat' dir='ltr'><strong>In</strong></span> <span class='ocrx_word' id='word_1_801' title='bbox 2648 5090 2941 5156; x_wconf 88' lang='lat' dir='ltr'><strong>nonnullis,</strong></span> <span class='ocrx_word' id='word_1_802' title='bbox 2970 5090 3032 5143; x_wconf 82' lang='grc' dir='ltr'>τὸ</span> <span class='ocrx_word' id='word_1_803' title='bbox 3070 5091 3268 5163; x_wconf 80' lang='grc' dir='ltr'>Ἰησοῦ.</span> 
     </span>
    </p>
   </div>
   <div class='ocr_carea' id='block_1_106' title="bbox 1996 5153 2702 5232">
    <p class='ocr_par' dir='ltr' id='par_1_106' title="bbox 1996 5153 2702 5232">
     <span class='ocr_line' id='line_1_108' title="bbox 1996 5153 2702 5232; baseline -0.004 -17"><span class='ocrx_word' id='word_1_804' title='bbox 1996 5153 2110 5232; x_wconf 76' lang='grc'>(74)</span> <span class='ocrx_word' id='word_1_805' title='bbox 2141 5160 2314 5217; x_wconf 84' lang='grc' dir='ltr'>Οὐδέ.</span> <span class='ocrx_word' id='word_1_806' title='bbox 2347 5153 2441 5232; x_wconf 76' lang='lat' dir='ltr'><strong>0r.</strong></span> <span class='ocrx_word' id='word_1_807' title='bbox 2471 5163 2520 5222; x_wconf 87' lang='grc'><strong>1,</strong></span> <span class='ocrx_word' id='word_1_808' title='bbox 2559 5159 2702 5232; x_wconf 66' lang='grc' dir='ltr'>οὔτε.</span> 
     </span>
    </p>
   </div>
   <div class='ocr_carea' id='block_1_107' title="bbox 1997 5230 3322 5305">
    <p class='ocr_par' dir='ltr' id='par_1_107' title="bbox 1997 5230 3322 5305">
     <span class='ocr_line' id='line_1_109' title="bbox 1997 5230 3322 5305; baseline 0.001 -19"><span class='ocrx_word' id='word_1_809' title='bbox 1997 5230 2109 5305; x_wconf 70' lang='grc'>(75)</span> <span class='ocrx_word' id='word_1_810' title='bbox 2146 5230 2767 5305; x_wconf 55' lang='grc' dir='ltr'>Περισυρήρνεςαι.-Οι’.</span> <span class='ocrx_word' id='word_1_811' title='bbox 2802 5232 2857 5305; x_wconf 63' lang='grc'><strong>1.</strong></span> <span class='ocrx_word' id='word_1_812' title='bbox 2891 5232 3322 5304; x_wconf 78' lang='grc' dir='ltr'>περισυρεσεται.</span> 
     </span>
    </p>
   </div>
   <div class='ocr_carea' id='block_1_108' title="bbox 1997 5300 3505 5377">
    <p class='ocr_par' dir='ltr' id='par_1_108' title="bbox 1997 5300 3505 5377">
     <span class='ocr_line' id='line_1_110' title="bbox 1997 5300 3505 5377; baseline 0.005 -21"><span class='ocrx_word' id='word_1_813' title='bbox 1997 5300 2111 5377; x_wconf 77' lang='grc'>(76)</span> <span class='ocrx_word' id='word_1_814' title='bbox 2154 5301 2238 5368; x_wconf 84' lang='grc' dir='ltr'><strong>Τῷ</strong></span> <span class='ocrx_word' id='word_1_815' title='bbox 2265 5300 2485 5377; x_wconf 70' lang='grc' dir='ltr'>κᾳῑτᾴ.</span> <span class='ocrx_word' id='word_1_816' title='bbox 2514 5302 2606 5377; x_wconf 81' lang='lat' dir='ltr'><strong>S_ic</strong></span> <span class='ocrx_word' id='word_1_817' title='bbox 2639 5300 2807 5377; x_wconf 59' lang='grc' dir='ltr'>ἣξεις.</span> <span class='ocrx_word' id='word_1_818' title='bbox 2844 5300 3304 5371; x_wconf 75' lang='grc' dir='ltr'>ιιιιι,’ρ1ι,“ιιονειῐι</span> <span class='ocrx_word' id='word_1_819' title='bbox 3325 5306 3505 5377; x_wconf 80' lang='lat' dir='ltr'><strong>Colb.,</strong></span> 
     </span>
    </p>
   </div>
   <div class='ocr_carea' id='block_1_109' title="bbox 309 5160 1069 5230">
    <p class='ocr_par' dir='ltr' id='par_1_109' title="bbox 309 5160 1069 5230">
     <span class='ocr_line' id='line_1_111' title="bbox 309 5160 1069 5230; baseline 0.003 -15"><span class='ocrx_word' id='word_1_820' title='bbox 309 5160 426 5230; x_wconf 85' lang='grc'>(66)</span> <span class='ocrx_word' id='word_1_821' title='bbox 466 5160 674 5227; x_wconf 74' lang='grc' dir='ltr'>ὀλος.</span> <span class='ocrx_word' id='word_1_822' title='bbox 705 5162 798 5217; x_wconf 91' lang='lat' dir='ltr'><strong>0r.</strong></span> <span class='ocrx_word' id='word_1_823' title='bbox 828 5161 881 5215; x_wconf 83' lang='grc' dir='ltr'><strong>ι.</strong></span> <span class='ocrx_word' id='word_1_824' title='bbox 914 5161 1069 5226; x_wconf 85' lang='grc' dir='ltr'>ὅλως.</span> 
     </span>
    </p>
   </div>
   <div class='ocr_carea' id='block_1_110' title="bbox 312 5231 1817 5301">
    <p class='ocr_par' dir='ltr' id='par_1_110' title="bbox 312 5231 1817 5301">
     <span class='ocr_line' id='line_1_112' title="bbox 312 5231 1817 5301; baseline 0 -14"><span class='ocrx_word' id='word_1_825' title='bbox 312 5231 426 5301; x_wconf 84' lang='grc'>(67)</span> <span class='ocrx_word' id='word_1_826' title='bbox 478 5231 850 5301; x_wconf 67' lang='grc' dir='ltr'>Ἐντοσθίων.</span> <span class='ocrx_word' id='word_1_827' title='bbox 880 5231 1043 5288; x_wconf 86' lang='lat' dir='ltr'><strong>Coisl.</strong></span> <span class='ocrx_word' id='word_1_828' title='bbox 1078 5232 1132 5297; x_wconf 76' lang='lat'><strong>2,</strong></span> <span class='ocrx_word' id='word_1_829' title='bbox 1160 5231 1359 5301; x_wconf 91' lang='lat' dir='ltr'><strong>aliique</strong></span> <span class='ocrx_word' id='word_1_830' title='bbox 1386 5231 1654 5298; x_wconf 89' lang='lat' dir='ltr'><strong>nonnulli,</strong></span> <span class='ocrx_word' id='word_1_831' title='bbox 1679 5233 1817 5288; x_wconf 72' lang='grc' dir='ltr'>ἐντο-</span> 
     </span>
    </p>
   </div>
   <div class='ocr_carea' id='block_1_111' title="bbox 240 5299 1039 5365">
    <p class='ocr_par' dir='ltr' id='par_1_111' title="bbox 240 5299 1039 5365">
     <span class='ocr_line' id='line_1_113' title="bbox 240 5299 1039 5365; baseline 0.004 -10"><span class='ocrx_word' id='word_1_832' title='bbox 240 5299 482 5355; x_wconf 78' lang='grc' dir='ltr'>σθιδίων.</span> <span class='ocrx_word' id='word_1_833' title='bbox 518 5299 614 5357; x_wconf 79' lang='lat' dir='ltr'><strong>0r.</strong></span> <span class='ocrx_word' id='word_1_834' title='bbox 645 5303 699 5365; x_wconf 85' lang='grc'><strong>1,</strong></span> <span class='ocrx_word' id='word_1_835' title='bbox 734 5301 1039 5358; x_wconf 81' lang='grc' dir='ltr'>ὲνδοσθίων.</span> 
     </span>
    </p>
   </div>
   <div class='ocr_carea' id='block_1_112' title="bbox 405 5374 429 5582">
    <p class='ocr_par' dir='ltr' id='par_1_112' title="bbox 405 5374 429 5582">
     <span class='ocr_line' id='line_1_114' title="bbox 405 5374 429 5582; baseline 0 0"><span class='ocrx_word' id='word_1_836' title='bbox 405 5374 429 5582; x_wconf 68' lang='grc' dir='ltr'>ξ</span> 
     </span>
    </p>
   </div>
   <div class='ocr_carea' id='block_1_113' title="bbox 312 5371 335 5592">
    <p class='ocr_par' dir='ltr' id='par_1_113' title="bbox 312 5371 335 5592">
     <span class='ocr_line' id='line_1_115' title="bbox 312 5371 335 5592; baseline 0 0"><span class='ocrx_word' id='word_1_837' title='bbox 312 5371 335 5592; x_wconf 73' lang='lat' dir='ltr'><strong>l</strong></span> 
     </span>
    </p>
   </div>
   <div class='ocr_carea' id='block_1_114' title="bbox 336 5366 1821 5445">
    <p class='ocr_par' dir='ltr' id='par_1_114' title="bbox 336 5370 1359 5445">
     <span class='ocr_line' id='line_1_116' title="bbox 336 5370 1359 5445; baseline 0.002 -20"><span class='ocrx_word' id='word_1_838' title='bbox 465 5370 738 5445; x_wconf 70' lang='grc' dir='ltr'>Πρώτων.</span> <span class='ocrx_word' id='word_1_839' title='bbox 771 5372 915 5445; x_wconf 49' lang='lat' dir='ltr'><strong>Reg:</strong></span> <span class='ocrx_word' id='word_1_840' title='bbox 943 5373 1053 5438; x_wconf 81' lang='lat' dir='ltr'><strong>but,</strong></span> <span class='ocrx_word' id='word_1_841' title='bbox 1089 5372 1326 5445; x_wconf 86' lang='grc' dir='ltr'>πρῶτον.</span> <span class='ocrx_word' id='word_1_842' title='bbox 1348 5442 1359 5445; x_wconf 89' lang='lat'><em>_</em></span> 
     </span>
    </p>
   </div>
   <div class='ocr_carea' id='block_1_115' title="bbox 1926 5366 2807 5445">
    <p class='ocr_par' dir='ltr' id='par_1_115' title="bbox 1926 5366 2807 5445">
     <span class='ocr_line' id='line_1_117' title="bbox 1926 5366 2807 5445; baseline -0.006 -18"><span class='ocrx_word' id='word_1_843' title='bbox 1926 5366 2270 5445; x_wconf 52' lang='grc' dir='ltr'>(Ιοῂιιῇηεέο.</span> <span class='ocrx_word' id='word_1_844' title='bbox 2302 5373 2356 5425; x_wconf 90' lang='lat' dir='ltr'><strong>In</strong></span> <span class='ocrx_word' id='word_1_845' title='bbox 2397 5374 2505 5432; x_wconf 84' lang='lat' dir='ltr'><strong>ed.,</strong></span> <span class='ocrx_word' id='word_1_846' title='bbox 2599 5370 2693 5423; x_wconf 76' lang='grc' dir='ltr'>καὶ</span> <span class='ocrx_word' id='word_1_847' title='bbox 2721 5366 2807 5445; x_wconf 61' lang='grc' dir='ltr'><strong>τά.</strong></span> 
     </span>
    </p>
   </div>
   <div class='ocr_carea' id='block_1_116' title="bbox 334 5439 1821 5519">
    <p class='ocr_par' dir='ltr' id='par_1_116' title="bbox 334 5439 1702 5519">
     <span class='ocr_line' id='line_1_118' title="bbox 334 5439 1702 5519; baseline 0 0"><span class='ocrx_word' id='word_1_848' title='bbox 334 5439 426 5519; x_wconf 65' lang='lat' dir='ltr'><strong>ﬁ?)</strong></span> <span class='ocrx_word' id='word_1_849' title='bbox 466 5439 1017 5519; x_wconf 56' lang='grc' dir='ltr'><strong>ἔρρκφσεωςοίἶθε·</strong></span> <span class='ocrx_word' id='word_1_850' title='bbox 1047 5439 1155 5519; x_wconf 75' lang='grc' dir='ltr'>ι)πηί</span> <span class='ocrx_word' id='word_1_851' title='bbox 1181 5442 1412 5519; x_wconf 55' lang='grc' dir='ltr'><strong>,σαρκόςο</strong></span> <span class='ocrx_word' id='word_1_852' title='bbox 1471 5512 1509 5519; x_wconf 91' lang='lat'><em>_</em></span> <span class='ocrx_word' id='word_1_853' title='bbox 1691 5514 1702 5519; x_wconf 89' lang='lat'>_</span> 
     </span>
    </p>
   </div>
   <div class='ocr_carea' id='block_1_117' title="bbox 1926 5439 3505 5519">
    <p class='ocr_par' dir='ltr' id='par_1_117' title="bbox 1926 5439 3505 5519">
     <span class='ocr_line' id='line_1_119' title="bbox 1926 5439 3505 5519; baseline 0.006 -25"><span class='ocrx_word' id='word_1_854' title='bbox 1926 5512 1958 5519; x_wconf 78' lang='lat'>_</span> <span class='ocrx_word' id='word_1_855' title='bbox 1996 5443 2107 5514; x_wconf 88' lang='lat'><strong>(77)</strong></span> <span class='ocrx_word' id='word_1_856' title='bbox 2147 5441 2266 5519; x_wconf 60' lang='grc' dir='ltr'><strong>Τῆς</strong></span> <span class='ocrx_word' id='word_1_857' title='bbox 2296 5442 2733 5519; x_wconf 63' lang='grc' dir='ltr'>σκληρότητος.</span> <span class='ocrx_word' id='word_1_858' title='bbox 2766 5439 2857 5496; x_wconf 91' lang='lat' dir='ltr'><strong>Sic</strong></span> <span class='ocrx_word' id='word_1_859' title='bbox 2906 5444 3141 5515; x_wconf 90' lang='lat' dir='ltr'><strong>quinque</strong></span> <span class='ocrx_word' id='word_1_860' title='bbox 3169 5445 3357 5519; x_wconf 82' lang='lat' dir='ltr'><strong>Regg.,</strong></span> <span class='ocrx_word' id='word_1_861' title='bbox 3394 5458 3505 5510; x_wconf 89' lang='lat' dir='ltr'><strong>etc.</strong></span> 
     </span>
    </p>
   </div>
   <div class='ocr_carea' id='block_1_118' title="bbox 338 5511 1821 5604">
    <p class='ocr_par' dir='ltr' id='par_1_118' title="bbox 338 5511 1821 5604">
     <span class='ocr_line' id='line_1_120' title="bbox 338 5511 1821 5604; baseline 0.005 -43"><span class='ocrx_word' id='word_1_862' title='bbox 338 5511 893 5604; x_wconf 52' lang='lat' dir='ltr'><strong>79).’E:€ofa’oyer...</strong></span> <span class='ocrx_word' id='word_1_863' title='bbox 943 5511 1408 5604; x_wconf 55' lang='grc' dir='ltr'>καταλείψομεν.</span> <span class='ocrx_word' id='word_1_864' title='bbox 1471 5512 1605 5584; x_wconf 82' lang='lat' dir='ltr'><strong>Reg.</strong></span> <span class='ocrx_word' id='word_1_865' title='bbox 1652 5514 1723 5583; x_wconf 86' lang='lat' dir='ltr'><strong>plt</strong></span> <span class='ocrx_word' id='word_1_866' title='bbox 1772 5524 1821 5571; x_wconf 87' lang='lat' dir='ltr'><strong>el</strong></span> 
     </span>
    </p>
   </div>
   <div class='ocr_carea' id='block_1_119' title="bbox 1926 5511 2410 5604">
    <p class='ocr_par' dir='ltr' id='par_1_119' title="bbox 1926 5511 2410 5604">
     <span class='ocr_line' id='line_1_121' title="bbox 1926 5511 2410 5604; baseline -0.008 0"><span class='ocrx_word' id='word_1_867' title='bbox 1926 5511 2213 5604; x_wconf 63' lang='grc' dir='ltr'><strong>υθέεέιέζτῆξ</strong></span> <span class='ocrx_word' id='word_1_868' title='bbox 2240 5515 2291 5567; x_wconf 64' lang='grc' dir='ltr'><strong>δι’</strong></span> <span class='ocrx_word' id='word_1_869' title='bbox 2320 5517 2410 5604; x_wconf 59' lang='grc' dir='ltr'>εδει</span> 
     </span>
    </p>
   </div>
   <div class='ocr_carea' id='block_1_120' title="bbox 235 5577 1821 5667">
    <p class='ocr_par' dir='ltr' id='par_1_120' title="bbox 235 5577 1669 5667">
     <span class='ocr_line' id='line_1_122' title="bbox 235 5577 1669 5667; baseline 0.001 -31"><span class='ocrx_word' id='word_1_870' title='bbox 235 5577 428 5667; x_wconf 39' lang='grc' dir='ltr'><strong>ὓοξξιιζὶ</strong></span> <span class='ocrx_word' id='word_1_871' title='bbox 444 5581 500 5667; x_wconf 57' lang='grc' dir='ltr'><strong>1ε</strong></span> <span class='ocrx_word' id='word_1_872' title='bbox 503 5577 887 5667; x_wconf 45' lang='grc' dir='ltr'>’ὲξρςσωξνω</span> <span class='ocrx_word' id='word_1_873' title='bbox 920 5577 1359 5667; x_wconf 55' lang='grc' dir='ltr'>ξαταλείψῶμεν.</span> <span class='ocrx_word' id='word_1_874' title='bbox 1556 5577 1581 5584; x_wconf 57' lang='grc'>⁷</span> <span class='ocrx_word' id='word_1_875' title='bbox 1654 5577 1669 5583; x_wconf 70' lang='grc'><em>’</em></span> 
     </span>
    </p>
   </div>
   <div class='ocr_carea' id='block_1_121' title="bbox 1926 5577 3507 5667">
    <p class='ocr_par' dir='ltr' id='par_1_121' title="bbox 1926 5577 3507 5667">
     <span class='ocr_line' id='line_1_123' title="bbox 1926 5577 3507 5667; baseline -0.007 -22"><span class='ocrx_word' id='word_1_876' title='bbox 1926 5653 1943 5667; x_wconf 34' lang='grc' dir='ltr'>λ</span> <span class='ocrx_word' id='word_1_877' title='bbox 1973 5584 2108 5667; x_wconf 51' lang='grc'>,(78)</span> <span class='ocrx_word' id='word_1_878' title='bbox 2161 5577 2597 5667; x_wconf 61' lang='grc' dir='ltr'>Ἇνααζώσομεν.</span> <span class='ocrx_word' id='word_1_879' title='bbox 2624 5580 2713 5637; x_wconf 89' lang='lat' dir='ltr'><strong>Sic</strong></span> <span class='ocrx_word' id='word_1_880' title='bbox 2735 5592 2969 5653; x_wconf 89' lang='lat' dir='ltr'><strong>quatuor</strong></span> <span class='ocrx_word' id='word_1_881' title='bbox 3007 5583 3171 5656; x_wconf 74' lang='lat' dir='ltr'><strong>Regg.</strong></span> <span class='ocrx_word' id='word_1_882' title='bbox 3217 5588 3341 5654; x_wconf 78' lang='lat' dir='ltr'><strong>Alli,</strong></span> <span class='ocrx_word' id='word_1_883' title='bbox 3373 5590 3507 5643; x_wconf 84' lang='grc' dir='ltr'>ἀνα-</span> 
     </span>
    </p>
   </div>
   <div class='ocr_carea' id='block_1_122' title="bbox 468 5652 1341 5717">
    <p class='ocr_par' dir='ltr' id='par_1_122' title="bbox 468 5652 1341 5717">
     <span class='ocr_line' id='line_1_124' title="bbox 468 5652 1341 5717; baseline 0.002 -12"><span class='ocrx_word' id='word_1_884' title='bbox 468 5652 694 5707; x_wconf 73' lang='grc' dir='ltr'>Καλόν.</span> <span class='ocrx_word' id='word_1_885' title='bbox 721 5652 974 5706; x_wconf 82' lang='lat' dir='ltr'><strong>Nonnulli</strong></span> <span class='ocrx_word' id='word_1_886' title='bbox 1002 5652 1341 5717; x_wconf 28' lang='lat' dir='ltr'><strong>-ddunt,&quot;re.</strong></span> 
     </span>
    </p>
   </div>
   <div class='ocr_carea' id='block_1_123' title="bbox 490 5720 1825 5795">
    <p class='ocr_par' dir='ltr' id='par_1_123' title="bbox 490 5720 1825 5795">
     <span class='ocr_line' id='line_1_125' title="bbox 490 5720 1825 5795; baseline 0.001 -18"><span class='ocrx_word' id='word_1_887' title='bbox 490 5722 993 5793; x_wconf 74' lang='grc' dir='ltr'>Διανυκτερεύειν.</span> <span class='ocrx_word' id='word_1_888' title='bbox 1035 5723 1129 5780; x_wconf 88' lang='lat' dir='ltr'><strong>Sic</strong></span> <span class='ocrx_word' id='word_1_889' title='bbox 1173 5722 1305 5795; x_wconf 72' lang='lat' dir='ltr'><strong>Reg.</strong></span> <span class='ocrx_word' id='word_1_890' title='bbox 1350 5724 1421 5794; x_wconf 84' lang='lat' dir='ltr'><strong>ph</strong></span> <span class='ocrx_word' id='word_1_891' title='bbox 1463 5732 1518 5779; x_wconf 83' lang='lat' dir='ltr'><strong>et</strong></span> <span class='ocrx_word' id='word_1_892' title='bbox 1541 5721 1634 5779; x_wconf 86' lang='lat' dir='ltr'><strong>Or.</strong></span> <span class='ocrx_word' id='word_1_893' title='bbox 1676 5722 1728 5779; x_wconf 93' lang='grc'><strong>1.</strong></span> <span class='ocrx_word' id='word_1_894' title='bbox 1768 5720 1825 5779; x_wconf 89' lang='lat' dir='ltr'><strong>In</strong></span> 
     </span>
    </p>
   </div>
   <div class='ocr_carea' id='block_1_124' title="bbox 1922 5653 2396 5724">
    <p class='ocr_par' dir='ltr' id='par_1_124' title="bbox 1922 5653 2396 5724">
     <span class='ocr_line' id='line_1_126' title="bbox 1922 5653 2396 5724; baseline 0.002 -19"><span class='ocrx_word' id='word_1_895' title='bbox 1922 5653 2207 5724; x_wconf 60' lang='grc' dir='ltr'>Σώσωμεν,</span> <span class='ocrx_word' id='word_1_896' title='bbox 2238 5654 2396 5707; x_wconf 80' lang='lat' dir='ltr'><strong>male.</strong></span> 
     </span>
    </p>
   </div>
   <div class='ocr_carea' id='block_1_125' title="bbox 312 5650 1821 5795">
    <p class='ocr_par' dir='ltr' id='par_1_125' title="bbox 312 5650 1821 5795">
     <span class='ocr_line' id='line_1_127' title="bbox 343 5650 1341 5717; baseline 0.004 -14"><span class='ocrx_word' id='word_1_897' title='bbox 343 5650 400 5704; x_wconf 89' lang='grc'><strong>71</strong></span> <span class='ocrx_word' id='word_1_898' title='bbox 468 5652 694 5707; x_wconf 73' lang='grc' dir='ltr'>Καλόν.</span> <span class='ocrx_word' id='word_1_899' title='bbox 721 5650 974 5706; x_wconf 84' lang='lat' dir='ltr'><strong>Nonnulli</strong></span> <span class='ocrx_word' id='word_1_900' title='bbox 1002 5650 1341 5717; x_wconf 57' lang='lat' dir='ltr'><strong>-ddunt,&quot;re.</strong></span> 
     </span>
     <span class='ocr_line' id='line_1_128' title="bbox 312 5650 1821 5795; baseline 0.004 -22"><span class='ocrx_word' id='word_1_901' title='bbox 312 5650 449 5794; x_wconf 42' lang='lat'><strong>273)</strong></span> <span class='ocrx_word' id='word_1_902' title='bbox 490 5722 993 5793; x_wconf 74' lang='grc' dir='ltr'>Διανυκτερεύειν.</span> <span class='ocrx_word' id='word_1_903' title='bbox 1035 5723 1129 5780; x_wconf 88' lang='lat' dir='ltr'><strong>Sic</strong></span> <span class='ocrx_word' id='word_1_904' title='bbox 1173 5722 1305 5795; x_wconf 72' lang='lat' dir='ltr'><strong>Reg.</strong></span> <span class='ocrx_word' id='word_1_905' title='bbox 1350 5724 1421 5794; x_wconf 84' lang='lat' dir='ltr'><strong>ph</strong></span> <span class='ocrx_word' id='word_1_906' title='bbox 1463 5732 1518 5779; x_wconf 83' lang='lat' dir='ltr'><strong>et</strong></span> <span class='ocrx_word' id='word_1_907' title='bbox 1541 5721 1634 5779; x_wconf 86' lang='lat' dir='ltr'><strong>Or.</strong></span> <span class='ocrx_word' id='word_1_908' title='bbox 1676 5722 1728 5779; x_wconf 93' lang='grc'><strong>1.</strong></span> <span class='ocrx_word' id='word_1_909' title='bbox 1768 5720 1821 5779; x_wconf 89' lang='lat' dir='ltr'><strong>In</strong></span> 
     </span>
    </p>
   </div>
   <div class='ocr_carea' id='block_1_126' title="bbox 1926 5650 3115 5795">
    <p class='ocr_par' dir='ltr' id='par_1_126' title="bbox 1926 5650 3115 5795">
     <span class='ocr_line' id='line_1_129' title="bbox 1926 5650 3113 5724; baseline 0.003 -19"><span class='ocrx_word' id='word_1_910' title='bbox 1926 5650 2207 5724; x_wconf 61' lang='grc' dir='ltr'>Σώσωμεν,</span> <span class='ocrx_word' id='word_1_911' title='bbox 2238 5654 2396 5707; x_wconf 80' lang='lat' dir='ltr'><strong>male.</strong></span> <span class='ocrx_word' id='word_1_912' title='bbox 2466 5650 2477 5652; x_wconf 56' lang='grc'>⁷</span> <span class='ocrx_word' id='word_1_913' title='bbox 2753 5650 2769 5653; x_wconf 56' lang='grc'>⁷</span> <span class='ocrx_word' id='word_1_914' title='bbox 3089 5650 3113 5653; x_wconf 65' lang='grc'><strong><em>“</em></strong></span> 
     </span>
     <span class='ocr_line' id='line_1_130' title="bbox 1995 5721 3115 5795; baseline 0.003 -18"><span class='ocrx_word' id='word_1_915' title='bbox 1995 5724 2108 5795; x_wconf 84' lang='grc'>(79)</span> <span class='ocrx_word' id='word_1_916' title='bbox 2148 5725 2576 5789; x_wconf 76' lang='grc' dir='ltr'>Συνέσθοντες.</span> <span class='ocrx_word' id='word_1_917' title='bbox 2604 5721 2817 5792; x_wconf 80' lang='lat' dir='ltr'><strong>Comb.,</strong></span> <span class='ocrx_word' id='word_1_918' title='bbox 2847 5721 3115 5789; x_wconf 67' lang='grc' dir='ltr'>ἔσθοντες.</span> 
     </span>
    </p>
   </div>
  </div>
