3898 6222
369 275 472 329 647

1599 261 1655 316 S.
1696 255 2024 315 GREGORII
2063 254 2412 312 THEOLOGI

3527 255 3648 309 GI8

376 406 401 445 ι
432 403 539 460 qua
567 386 666 442 Lot
695 384 875 440 divino
894 380 1180 437 interdicto
1201 378 1565 442 avocabatur;
1601 391 1669 431 ne
1700 376 1942 430 circum—

2079 371 2268 441 ντολῆς
2285 389 2299 401 ’
2330 371 2404 442 μὴ
2430 367 2908 442 περιϐλεψώμεθα,
2935 367 3009 438 μὴ
3032 369 3246 439 στῶμεν
3273 372 3329 424 ἐν
3349 370 3499 442 πάσῃ
3523 372 3650 441 (80)

373 480 682 550 .piciamus,
710 490 776 530 ne
802 484 1007 531 stemus
1030 473 1084 526 in
1111 471 1260 527 omni
1296 468 1720 538 circumjacente
1769 465 1952 536 regio-

375 583 484 630 ne;
530 567 583 619 in
639 574 916 626 montem,
963 561 1155 615 salutis
1206 573 1398 620 causa,
1433 555 1833 626 confugiamus,
1881 568 1951 605 ne

373 655 539 726 859
561 654 891 710 Sodomitico
927 650 1016 704 illo
1043 659 1096 704 et
1119 649 1378 703 inusitato
1413 647 1538 716 igne
1571 645 1736 700 simul
1780 644 1955 699 invol-

380 763 585 812 vamur,
618 761 718 801 nec
749 755 970 814 propter
992 750 1232 796 nostram
1273 740 1325 793 in
1367 739 1608 794 deterius
1630 737 1948 793 conversio-

379 855 524 906 nem,
553 854 674 907 quae
702 852 766 890 ex
797 833 1143 889 cunctatione
1177 832 1327 884 nasci
1365 831 1523 894 solet,
1566 830 1618 884 in
1671 829 1802 884 salis
1843 838 1955 884 sta-

379 944 522 981 tuam
559 939 976 981 concrescamus
1011 921 1078 973 ”.
1119 920 1253 972 Cum
1305 919 1535 974 lactucis
1586 926 1766 972 autem
1796 931 1955 986 agre-

372 1016 640 1081 stibus”,
671 1016 930 1084 quoniam
956 1012 1063 1064 vita
1100 1010 1296 1064 divina:
1334 1009 1432 1080 legi
1463 1018 1854 1073 consentanea,
1887 1007 1956 1061 iis

377 1106 678 1179 praesertim
705 1106 796 1174 qui
833 1103 1122 1172 incipiunt,
1153 1101 1347 1154 acerba
1379 1109 1433 1154 et
1473 1100 1638 1154 ardua
1672 1109 1777 1166 est,
1803 1099 1958 1153 volu-

375 1200 722 1268 ptatibusque
741 1197 1046 1251 sublimior.
1072 1195 1210 1247 Nam
1247 1194 1348 1247 etsi
1388 1208 1583 1246 novum
1617 1191 1804 1261 jugum
1830 1207 1956 1246 sua-

383 1311 440 1350 ve
473 1304 579 1358 est,
620 1304 674 1347 et
699 1307 835 1347 onus
876 1292 1014 1354 leve,
1045 1301 1104 1344 ut
1136 1304 1202 1343 ex
1254 1286 1536 1354 Scriptura
1594 1287 1750 1340 audis
1777 1287 1856 1351 ⁸¹;
1905 1285 1957 1340 id

377 1398 556 1441 tamen
607 1393 827 1456 prepter
859 1399 1008 1452 spem
1051 1381 1111 1435 lit
1155 1397 1220 1436 ac
1272 1381 1607 1444 mercedem,
1641 1378 1804 1450 hujus
1835 1381 1959 1432 vita:

375 1478 641 1533 molestiis
682 1487 737 1532 et
785 1476 1044 1530 mrumnis
1096 1473 1257 1543 longe
1319 1473 1628 1528 uberiorem
1685 1488 1700 1526 :
1753 1469 1957 1540 alioqui

372 1569 522 1623 enim
552 1568 674 1637 quis
706 1582 809 1620 non
836 1563 1184 1634 Evangelium
1212 1561 1479 1630 legalibus
1506 1560 1796 1630 praeceptis
1823 1560 1961 1613 mul-

2051 467 2117 534 τῇ
2140 461 2435 533 περιχώρῳ
2458 478 2472 494 ο
2504 463 2586 525 είς
2607 462 2668 513 τὸ
2695 461 2821 534 ὄρος
2847 461 3220 530 ἀποσωθῶμεν
3239 462 3374 531 (81),
3404 463 3478 533 μὴ
3511 481 3578 515 συ
3589 482 3655 534 μ-

2052 552 2498 625 παραληφθῶμεν
2532 551 2611 624 τῷ
2639 553 2970 625 Σοδομιτικῷ
3012 555 3106 606 καὶ
3148 554 3284 624 ξένῳ
3321 556 3478 624 πυρὶ,
3514 555 3652 625 μηδ’

2053 649 2140 709 εἰς
2185 645 2387 716 στήλην
2428 645 2556 710 ἁλὸς
2618 647 2906 716 παγῶμεν,
2945 648 3010 698 ἐκ
3070 647 3168 716 τῆς
3219 646 3314 699 ἐπὶ
3361 645 3422 699 τὺ
3459 650 3657 716 χεῖρον

2054 739 2410 809 ἐπιστροφῆς,
2458 741 2594 809 ὅπερ
2626 739 2919 810 ἐργάζεται
2972 738 3246 810 μέλλησις.
3295 739 3416 792 Ἐπὶ
3457 739 3515 791 δὲ
3555 755 3659 790 πι-

2054 827 2275 899 κρίδων,
2332 827 2422 880 διὰ
2474 827 2537 880 τὸ
2595 827 2790 898 πικρὸν
2832 826 2926 880 τοῦ
2979 826 3121 880 κατὰ
3169 826 3300 880 Θεὸν
3353 827 3493 896 βίου,
3547 828 3658 882 καὶ

2055 919 2376 990 πρόσαντες,
2433 921 2546 982 τοῖς
2595 919 2916 989 ἀρχομένοις
2967 917 3222 990 μάλιστα,
3285 920 3379 972 καὶ
3439 919 3660 990 ἡδονῶν

2057 1007 2408 1079 ὑψηλότερον.
2447 1009 2510 1061 El
2532 1007 2638 1081 γὰρ
2675 1009 2770 1060 καὶ
2793 1008 3027 1079 χρηστὸς
3051 1011 3079 1060 ὁ
3107 1008 3223 1072 νέος
3257 1006 3439 1078 ζυγὸς,
3463 1009 3558 1061 καὶ
3589 1009 3661 1062 τὸ

2057 1099 2276 1170 φορτίον
2306 1099 2560 1169 ἐλαφρὸν,
2587 1099 2774 1170 ὥσπερ
2800 1098 3018 1162 ἀκούεις
3040 1117 3053 1129 ’
3080 1098 3218 1151 ἀλλὰ
3243 1099 3331 1152 διὰ
3356 1100 3455 1169 τὴν
3488 1099 3658 1154 ἐλπί-

2056 1191 2121 1243 δα
2158 1191 2315 1244 τοῦτο
2343 1191 2437 1243 καὶ
2467 1189 2565 1260 τὴν
2599 1190 2885 1254 ἀντίδοσιν,
2920 1188 3099 1258 πολλῷ
3131 1189 3233 1258 τῆς
3271 1189 3505 1242 ἐνταῦθα
3544 1207 3662 1241 κα-

2057 1283 2353 1347 κοπαθείας
2403 1279 2571 1337 οὖσαν
2602 1282 2996 1353 δαψιλεστέραν
3018 1298 3030 1312 ·
3066 1283 3188 1334 ἐπεὶ
3231 1282 3404 1345 ἄλλως
3442 1299 3528 1348 γε,
3565 1283 3664 1345 τίς

2057 1376 2158 1428 οὐκ
2185 1374 2251 1429 ἂν
2290 1375 2454 1440 εἴποι,
2487 1374 2624 1428 πολὺ
2652 1374 2761 1428 τῶν
2786 1376 3026 1446 νομικῶν
3059 1373 3356 1437 διατάξεων
3387 1373 3448 1428 τὸ
3475 1375 3666 1442 Εὐαγ-

2059 1467 2237 1536 γέλιον
2280 1465 2682 1538 ἐργωδέστερον
2721 1462 2860 1521 εἶναι
2916 1468 3011 1521 καὶ
3057 1467 3492 1538 μοχθηρότερον;
3538 1466 3660 1520 Τοῦ

2059 1559 2168 1630 γὰρ
2201 1559 2370 1630 νόμου
2413 1559 2481 1614 τὰ
2515 1559 2643 1631 τέλη
2673 1560 2782 1613 τῶν
2816 1560 2930 1629 (82)
2965 1559 3380 1632 ἁμαρτημάτων
3409 1559 3662 1613 κωλύον-

379 1671 434 1716 ιο
461 1659 786 1714 laboriosius
820 1669 980 1726 atque
1006 1656 1368 1710 :erumnosius
1401 1668 1526 1708 esse
1553 1653 1799 1707 dixerit?
1824 1652 1956 1707 Nam

2078 1669 2175 1714 τος,
2207 1653 2370 1722 ἡμεῖς
2406 1651 2626 1714 καὶτὰς
2657 1652 2855 1717 αίτίας,
2877 1651 2952 1716 ὡς
2983 1652 3209 1722 πράξεις
3246 1652 3450 1722 σχεδὸν,
3481 1654 3662 1720 ἐγκα-

379 1766 500 1805 cum
526 1750 611 1804 lex
645 1758 984 1819 peccatorum
1033 1748 1298 1801 duntaxat
1333 1745 1496 1804 lines.
1520 1744 1825 1813 prohibeat,
1861 1759 1957 1797 no-

2078 1741 2322 1812 ιούμεθα.
2360 1744 2442 1795 Οὐ
2460 1743 2805 1811 μοιχεύσεις
2832 1742 2965 1812 (83),
3000 1743 3162 1812 φησὶν
3191 1744 3220 1795 ὁ
3252 1742 3414 1812 νόμος
3435 1760 3447 1770 ·
3481 1743 3546 1794 σὺ
3569 1742 3661 1808 δὲ,

381 1843 465 1897 bis
499 1842 630 1910 ipsae
686 1841 852 1895 etiam
907 1853 1102 1903 causa},
1157 1837 1544 1906 propemodum
1587 1845 1645 1888 ut
1695 1836 1957 1898 actiones,

379 1933 592 1989 crimini
643 1941 947 1986 vertuntur.
983 1928 1107 1983 Non
1150 1926 1471 1981 adulterium
1520 1927 1843 1982 committes.
1877 1925 1961 1977 in-

382 2027 500 2095 quit
551 2024 632 2079 lex
663 2025 710 2056 "
741 2038 756 2078 :
785 2033 840 2077 at
875 2033 953 2087 tu,
1015 2035 1083 2076 ne
1135 2019 1492 2088 concupisces
1520 2019 1739 2086 quidem
1772 2016 1842 2080 ⁸³,
1897 2031 1963 2070 ex

383 2117 598 2172 curioso
624 2133 686 2170 ac
721 2113 962 2170 studioso
985 2113 1234 2168 contuitu
1271 2111 1439 2164 animi
1481 2109 1737 2162 allectum
1777 2108 1959 2161 incen-

381 2210 535 2262 tlens.
573 2208 694 2262 Non
719 2207 943 2271 occides,
983 2207 1060 2258 ait
1083 2203 1170 2258 illa
1195 2202 1242 2234 ⁸⁸
1271 2220 1284 2256 :
1312 2211 1369 2256 at
1401 2210 1480 2265 tu,
1529 2217 1596 2255 ne
1617 2241 1630 2267 ,
1665 2201 1709 2254 si
1751 2197 1967 2252 feriaris

381 2301 624 2371 quidem,
657 2299 878 2354 ret‘eries
909 2297 975 2364 ⁸⁵,
1004 2297 1135 2366 quin
1167 2295 1350 2364 potius
1370 2292 1694 2362 percutienti
1729 2291 1961 2358 teipsum

381 2405 642 2459 expones.
671 2389 882 2456 Quanto
917 2389 1133 2442 tandem
1173 2388 1287 2440 haec
1311 2385 1414 2439 illis
1441 2385 1802 2453 sapientiora!
1839 2382 1967 2436 Non

381 2479 660 2552 pejor-abis,
689 2482 865 2549 inquit
897 2479 984 2534 illa
1009 2479 1055 2510 ⁸⁸
1085 2495 1100 2532 :
1143 2487 1200 2531 at
1231 2485 1308 2542 ιιι,
1343 2478 1559 2546 penitus
1590 2491 1690 2530 nec
1729 2475 1961 2546 jurabis,

385 2589 486 2629 nec
515 2589 764 2643 parvum,
798 2587 894 2626 nec
927 2585 1181 2640 magnum
1202 2569 1287 2635 ⁸⁷;
1325 2570 1472 2638 quod
1508 2569 1720 2623 scilicet
1757 2584 1823 2622 ex
1879 2569 1968 2637 jn-

386 2675 632 2720 ramento
677 2663 971 2734 periurium
1014 2674 1292 2717 nascatur.
1343 2659 1468 2716 Non
1508 2661 1706 2729 jungat
1754 2661 1966 2713 domum

384 2775 504 2811 cum
520 2757 697 2824 domo,
723 2757 800 2810 ait
828 2756 941 2820 illa,
973 2772 1067 2809 nec
1097 2771 1284 2824 agrum
1315 2771 1434 2808 cum
1455 2771 1582 2823 agro
1615 2754 1684 2817 ⁸⁸,
1717 2753 1964 2823 tyranni-

387 2853 454 2905 tIe
475 2864 762 2921 pauperem
791 2849 1103 2918 opprimens
1129 2865 1144 2902 :
1177 2858 1234 2902 at
1274 2859 1352 2916 ιιι,
1377 2849 1563 2903 libenti
1590 2846 1971 2914 animo,justis

2065 1841 2185 1893 οὐδὲ
2223 1839 2602 1910 ἐπιθυμήσεις,
2646 1839 2710 1892 ἐκ
2744 1840 3036 1911 περιέργου
3067 1839 3194 1902 θέας
3231 1844 3328 1893 καὶ
3361 1837 3661 1908 φιλοπόνου

2064 1933 2278 2002 φλέγων
2318 1932 2379 1984 τὸ
2413 1931 2588 1994 πάθος
2622 1929 2755 2000 (84).
2793 1933 2875 1985 Οὐ
2921 1932 3261 2000 φονεύσεις,
3301 1932 3545 1993 ἐκεῖνος’
3586 1931 3663 1983 σὺ

2063 2026 2140 2089 δὲ,
2171 2024 2294 2078 οὐδὲ
2339 2023 2708 2095 ἀντιπλήξεις,
2741 2023 2879 2076 ἀλλὰ
2922 2024 3015 2076 κα)⁵
3061 2023 3283 2075 σεαυτὸν
3323 2021 3666 2094 ὲμπαρέξεις

2061 2114 2141 2184 τῷ
2194 2113 2428 2166 παίοντι.
2463 2115 2628 2167 ’ὐσον
2677 2113 2846 2166 ταῦτα
2879 2113 3103 2166 ἐκείνων
3140 2113 3249 2185 (85)
3291 2112 3668 2182 φιλοσοφώτε-

2067 2209 2165 2279 ραί
2199 2209 2322 2260 Οὐκ
2353 2206 2759 2276 ἐπιορκήσεις,
2791 2209 3029 2269 ἐκεῖνος’
3059 2208 3123 2260 σὺ
3149 2207 3206 2259 δὲ
3238 2206 3371 2278 (86),
3399 2207 3522 2260 οὐδὲ
3545 2208 3662 2277 ὁμῇ

2063 2299 2164 2371 τὴν
2194 2298 2389 2370 ἀρχὴν,
2420 2300 2479 2352 οὐ
2519 2299 2736 2370 μικρὸν,
2773 2301 2833 2351 οὐ
2870 2300 3076 2370 μεῖζον,
3106 2298 3182 2362 ώς
3226 2299 3319 2353 τοῦ
3359 2301 3526 2370 ὅρκου
3559 2300 3665 2370 τὴν

2065 2390 2355 2460 ἐπιορκίαν
2383 2389 2679 2452 τίκτοντος.
2709 2392 2791 2444 Οὐ
2820 2389 3124 2458 συνάψεις
3156 2390 3354 2442 οὶκίαν
3391 2389 3543 2458 πρὸς
3575 2393 3664 2443 οἱ-

2065 2485 2228 2548 κίαν,
2283 2485 2512 2548 ἐκεῖνος,
2555 2484 2652 2538 καὶ
2702 2483 2887 2554 ἀγρὸν
2929 2486 3080 2553 πρὸς
3112 2485 3317 2555 ἀγρὸν,
3358 2487 3665 2539 καταδυνα-

2068 2575 2276 2628 στεύων
2301 2575 2396 2629 τοῦ
2427 2576 2658 2647 πένητος
2678 2595 2692 2607 ·
2731 2579 2796 2630 σὺ
2822 2577 2900 2640 δέ,
2941 2575 3192 2648 ἀποθήσῃ
3221 2577 3315 2628 καὶ
3338 2577 3406 2629 τὰ
3430 2577 3664 2640 δικαίως

2067 2664 2340 2734 κτηθέντα
2390 2667 2710 2739 προθύμως,
2744 2669 2839 2721 καὶ
2878 2667 3213 2740 γυμνωθήσῃ
3260 2670 3373 2731 τοῖς
3409 2669 3665 2738 πένησιν,

2071 2755 2158 2808 ἵνα
2187 2755 2407 2824 κούφως
2428 2757 2520 2811 τὸν
2550 2759 2782 2830 σταυρὸν
2815 2758 2998 2831 αἴρῃς,
3022 2759 3119 2812 καὶ
3151 2758 3464 2832 πλουτήσῃς
3490 2757 3558 2811 τὰ
3585 2759 3668 2829 μὴ

2070 2848 2348 2920 ὁρώμενα.

387 2942 549 2998 etiam
584 2941 882 2996 rationibus
907 2938 1166 3008 quaesitas
1207 2954 1341 3008 opes
1374 2939 1619 2994 excuties
1645 2977 1660 3001 ,
1691 2947 1860 3006 atque
1911 2937 1964 2991 in
2005 2952 2307 3007 pauperum
2373 2938 2672 2994 subsidium
2725 2941 3046 3010 spolianerts
3071 2941 3139 3007 ⁸⁸,
3196 2951 3254 2996 nt
3291 2941 3482 2996 leviter
3536 2957 3667 2996 cru-

387 3055 507 3096 cem
541 3037 694 3094 tollas
728 3037 1053 3106 divitiasque
1075 3035 1144 3089 ab
1177 3040 1399 3101 aspectu
1442 3041 1680 3085 remotas
1709 3029 2044 3098 assequaris.

462 3129 652 3186 XVIII.
700 3128 820 3184 Jam
875 3127 1042 3182 lumbi
1073 3165 1089 3189 ,
1133 3123 1296 3179 mutis
1333 3122 1549 3192 quidem
1606 3119 1968 3174 animantibus

2148 3118 2256 3173 lH’.
2309 3118 2509 3188 Ὀσφὺς
2529 3119 2606 3184 δὲ,
2644 3123 2758 3184 τοῖς
2785 3124 2884 3194 μὲν
2914 3142 3150 3195 αΑογοις,
3179 3127 3368 3192 ἄνετος
3400 3127 3542 3181 ἔστω
3573 3131 3674 3184 καὶ

386 3218 606 3273 remissi
630 3231 694 3272 ac
722 3216 882 3270 soluti
913 3215 1023 3268 sint
1044 3214 1091 3246 ⁸ο
1127 3231 1140 3267 :
1188 3226 1365 3281 neque
1396 3213 1542 3266 enim
1573 3209 1680 3264 illis
1715 3209 1859 3263 inest
1879 3222 1969 3261 ra-

392 3311 490 3372 tio,
513 3323 633 3379 qua:
655 3305 1022 3375 voluptatibus
1049 3305 1314 3371 imperet;
1343 3315 1654 3370 quanquam
1692 3299 1809 3352 haec
1832 3313 1972 3366 quo-

391 3415 498 3469 que
545 3409 727 3454 motus
777 3397 1038 3451 naturalis
1095 3394 1442 3463 libidinisque
1483 3394 1701 3446 modum
1751 3400 1970 3444 norunt.

393 3491 514 3546 Tibi
549 3498 728 3544 autem
759 3503 858 3558 per
882 3503 1078 3541 zonam
1131 3501 1196 3541 ac
1231 3483 1646 3554 temperantiam
1681 3482 1975 3552 restringa-

395 3595 484 3637 tur
514 3597 640 3652 pars
671 3581 782 3645 illa,
813 3595 934 3649 qua:
979 3579 1202 3634 libidine
1232 3585 1449 3640 aestuat,
1489 3590 1551 3629 ac
1583 3574 1729 3627 velut
1783 3574 1970 3628 hinni-

396 3688 510 3729 tum
539 3675 653 3729 edit
675 3675 716 3705 ⁵¹
747 3675 896 3744 (nam
932 3671 1035 3726 hoc
1063 3672 1232 3724 verbo
1258 3668 1540 3736 Scriptura
1567 3706 1582 3730 ,
1636 3664 1794 3732 hujus
1841 3665 1974 3719 aﬂ'e-

396 3777 517 3821 ctus
548 3765 934 3835 turpitudinem
969 3764 1275 3831 exagitans,
1314 3759 1505 3830 utitur)
1534 3776 1549 3824 ;
1585 3768 1667 3822 ut,
1694 3759 1980 3810 tnortilica-

403 3860 471 3915 tis
527 3858 789 3914 membris
815 3897 832 3923 ,
885 3873 1005 3927 quae
1056 3866 1182 3910 sunt
1229 3869 1392 3923 super
1430 3862 1631 3906 terram
1669 3851 1738 3918 δ’,
1766 3850 1974 3904 Pascha

396 3965 534 4022 pure
553 3949 828 4013 comedas,
861 3948 1088 4003 solitarii
1151 3947 1292 4000 illius
1335 3944 1557 3999 Joannis
1595 3953 1649 3998 et
1677 3957 1980 4013 praecurso-

397 4045 477 4098 ris
509 4042 578 4108 ³³,
617 4041 906 4110 magnique
933 4040 1178 4094 veritatis
1212 4037 1498 4108 prteconis,
1529 4033 1979 4103 praecinctionem

400 4135 640 4189 imitans.
671 4133 777 4187 Sed
806 4142 860 4186 et
885 4132 1047 4186 aliam
1077 4144 1274 4184 zonam
1306 4129 1454 4192 novi,
1490 4128 1746 4181 nimirum
1776 4125 1978 4179 milita-

401 4242 513 4280 rem
545 4235 598 4281 et
625 4225 856 4287 virilem,
892 4223 1043 4293 juxta
1074 4236 1235 4291 quam
1267 4221 1472 4275 Euzoni
1504 4218 1675 4290 Syriae
1700 4226 1756 4272 et
1792 4217 1982 4271 Mono-

401 4319 524 4373 zoni
543 4318 758 4386 quidam
789 4316 1141 4369 nominantur
1161 4313 1242 4376 ⁵⁸;
1269 4327 1334 4365 ac
1365 4313 1506 4366 Deus
1539 4312 1654 4379 ipse
1681 4308 1876 4364 Jobum
1905 4307 1986 4361 al-

2078 3209 2295 3274 ἄδετος·
2328 3212 2447 3264 οὐδὲ
2486 3212 2596 3284 γὰρ
2641 3214 2797 3283 λόγον
2827 3215 3030 3287 ἔχουσι,
3065 3219 3155 3272 τὸν
3191 3221 3500 3292 κρατοῦντα
3558 3221 3673 3275 τῶν

2079 3302 2280 3373 ἡδονῶν
2299 3319 2312 3332 ’
2344 3303 2498 3358 οὔπω
2529 3305 2690 3371 λέγω,
2722 3307 2803 3360 ὅτι
2832 3309 3060 3362 κάκεῖνα
3091 3311 3216 3382 ὅρον
3245 3308 3352 3364 οἶδε
3375 3313 3475 3383 τῆς
3505 3329 3636 3382 φυσι
3658 3347 3673 3354 -

2081 3396 2186 3464 κῆς
2220 3396 2525 3464 κινήσεως·
2559 3397 2641 3448 σοὶ
2671 3397 2764 3449 καὶ
2803 3399 3210 3454 ἀναστελλέσθω
3242 3401 3388 3476 ζώνῃ
3435 3405 3529 3456 καὶ
3566 3420 3675 3456 σω-

2083 3485 2327 3558 φροσύνῃ
2355 3486 2466 3557 (87)
2495 3487 2556 3539 τὸ
2586 3488 2979 3560 ἐπιθυμητικὸν
3005 3492 3099 3544 καὶ
3128 3493 3539 3564 χρεμετιστικὸν
3575 3495 3676 3563 (ὡς

2081 3580 2114 3648 ὴ
2151 3578 2270 3632 θεία
2299 3577 2414 3651 [88]
2448 3580 2582 3651 φησὶ
2609 3581 2822 3653 Γραφὴ,
2853 3583 2912 3636 τὸ
2942 3585 3034 3638 τοῦ
3069 3586 3272 3650 πάθους
3296 3586 3519 3656 αἰσχρὸν
3552 3586 3674 3640 δια-

2085 3668 2368 3740 σύρουσα),
2408 3669 2494 3723 ἵνα
2535 3669 2793 3743 καθαρῶς
2835 3675 3022 3746 ἐσθίῃς
3051 3677 3110 3730 τὸ
3149 3678 3357 3748 Πάσχα,
3391 3677 3675 3747 νεκρώσας

2085 3757 2154 3808 τὰ
2206 3757 2343 3827 μέλη
2400 3758 2470 3811 τὰ
2515 3760 2607 3812 ἐπὶ
2651 3762 2752 3833 τῆς
2777 3763 2903 3833 γῆς,
2941 3767 3035 3818 καὶ
3071 3767 3170 3836 τὴν
3212 3769 3458 3820 Ἰωάννου
3495 3767 3675 3837 ζώνην

2089 3851 2444 3922 μιμούμενος,
2474 3853 2566 3906 τοῦ
2607 3857 2900 3927 ἐρημικοῦ,
2943 3859 3038 3911 καὶ
3072 3860 3402 3931 προδρόμου,
3439 3861 3535 3913 καὶ
3574 3878 3674 3931 με-

2087 3942 2256 4010 γάλου
2286 3944 2386 4013 τῆς
2417 3943 2675 4014 ἀληθείας
2697 3948 2959 4018 κήρυκος.
2994 3945 3123 4002 Οἶδα
3150 3950 3246 4004 καὶ
3274 3949 3450 4020 ζώνην
3482 3949 3672 4021 ἄλλην,

2089 4036 2187 4106 τὴν
2210 4039 2606 4109 στρατιωτικὴν
2635 4039 2778 4108 λέγω
2813 4043 2907 4094 καὶ
2938 4041 3217 4114 ἀνδρικὴν,
3250 4043 3370 4096 καθ’
3392 4045 3456 4113 ῆν
3489 4042 3674 4107 Εὖζω-

2089 4143 2170 4179 νοι
2204 4128 2403 4199 Συρίας
2432 4129 2526 4182 καὶ
2551 4130 2858 4194 Μονόζωνοί
2881 4151 3021 4196 τινες
3038 4132 3392 4204 ὀνομάζονται
3419 4151 3430 4165 ·
3465 4135 3588 4187 καθ’
3611 4136 3679 4205 ἣν

2091 4219 2185 4270 καὶ
2228 4218 2306 4288 τῷ
2349 4219 2470 4272 ’1ὼὸ
2508 4224 2859 4293 χρηματίζων
2889 4228 3052 4296 φησιν
3090 4229 3118 4278 ὁ
3150 4225 3282 4289 Θεός
3307 4243 3320 4255 ο
3356 4225 3475 4294 Μὴ,
3517 4227 3680 4281 ἀλλὰ

2092 4309 2269 4369 ζῶσαι
2293 4312 2494 4382 ὥσπερ
2525 4315 2680 4383 ἀνὴρ
2703 4315 2817 4384 τὴν
2842 4319 3042 4386 ὀσφύν
3067 4335 3205 4383 σου,
3232 4320 3324 4372 καὶ
3345 4318 3434 4381 δὸς
3454 4318 3681 4390 ἀπόκριο

400 4411 628 4480 loquens
663 4427 676 4462 :
710 4407 1055 4480 Nequaquam
1077 4445 1093 4471 ,
1137 4405 1311 4473 inquit
1342 4405 1412 4468 ⁵⁸,
1447 4420 1624 4458 verum
1672 4402 1883 4472 accinge
1927 4418 1968 4454 ut

2096 4419 2179 4456 σιν
2202 4405 2460 4477 ἀνδρικήν
2483 4423 2497 4437 ⁸
2532 4409 2598 4479 ἢν
2627 4408 2721 4461 καὶ
2754 4411 2782 4461 ὁ
2808 4409 2950 4473 θεῖος
2975 4410 3138 4463 Δαὸὶδ
3167 4410 3275 4480 (89)
3308 4410 3680 4482 περιεζῶσθαι

399 4506 479 4558 vir
524 4503 729 4555 lumbos
772 4511 914 4562 tuos,
945 4508 999 4553 et
1049 4499 1116 4551 da
1175 4511 1498 4566 responsum
1545 4495 1731 4560 virile;
1791 4494 1968 4564 quibus

2091 4493 2317 4549 δύναμιν
2348 4500 2410 4550 ἐκ
2435 4499 2570 4552 Θεοῦ
2601 4500 2954 4572 μεγαλαυχεῖ,
2984 4501 3188 4557 καὶτὸν
3215 4503 3347 4555 Θεὸν
3378 4502 3490 4574 (90)
3517 4505 3679 4556 αὑτὸν

480 4680 524 4712 ³⁸
550 4679 685 4733 Gen.
727 4694 845 4743 xtx,
877 4677 948 4731 24
972 4693 1093 4748 sqq.

405 4749 495 4805 15.
553 4750 598 4782 ⁸⁸
639 4749 826 4803 Matth.
870 4764 919 4810 ν,
945 4746 1070 4802 59.’
1109 4749 1155 4780 ⁸⁸
1174 4746 1345 4800 Exod.
1373 4762 1468 4805 xx.
1503 4747 1555 4798 7.

402 4820 450 4854 “
475 4820 587 4876 Jer.
616 4836 668 4886 ν,
697 4820 750 4874 8.
825 4819 872 4850 δ’
901 4819 1106 4874 Coloss.
1135 4835 1218 4883 ιιι,
1247 4818 1304 4872 5.
1375 4816 1424 4848 ⁸³
1451 4814 1642 4871 Matth.
1677 4831 1767 4880 ιιι,
1795 4817 1849 4869 4.

480 4997 592 5070 (se)
631 4996 824 5070 Πάσῃ.
861 4993 952 5070 Sic
975 4994 1226 5070 codd._ln_
1243 4993 1354 5070 ecl.,
1379 4993 1536 5070 πᾶσι.

505 5061 594 5136 81)
644 5061 1083 5133 Ἀποσωθῶμεν.
1115 5064 1266 5136 ςοιι).
1298 5065 1353 5125 b,
1384 5061 1772 5136 ὀινασωθῶμεν.

505 5073 594 5136 81)
644 5073 1083 5133 Ἀποσωθωμεν.
1115 5073 1266 5118 (Loth.
1298 5073 1353 5125 ιι,
1384 5073 1449 5115 αν

481 5073 594 5207 (8⁵2)
637 5137 780 5192 Τῶν.
817 5138 906 5189 Sic
934 5136 1088 5207 codd.
1119 5133 1180 5207 ltt
1202 5135 1312 5195 ed.,
1339 5133 1453 5207 τοῦἶ

481 5202 594 5278 (85)
632 5207 1008 5278 Μοιχεΰσεις.
1038 5203 1228 5278 Savil.,
1267 5202 1580 5278 μοιχεύσῃς.

406 5349 462 5406 d.
485 5272 596 5347 (84)
636 5277 705 5332 Τὸ
735 5272 942 5341 ἐέὰθος.
973 5294 992 5324 ‹
1027 5275 1205 5329 Animi
1231 5272 1550 5336 allectutn,'t
1583 5273 1634 5328 id
1667 5282 1771 5339 est,
1814 5291 1832 5324 ι
1865 5272 1989 5326 libi.-

454 5367 613 5403 tnetn.
650 5369 668 5400 ι

454 5367 613 5403 ιιιιιιιι.
650 5369 668 5400 ι

485 5419 599 5486 (85)
651 5420 833 5472 Ὅσον
878 5417 1062 5471 ταῦτα
1108 5415 1376 5486 ἐκείνων.
1429 5413 1485 5468 1η
1539 5413 1991 5486 ηοιιιιιιίιῑδνὸσῳ

409 5484 589 5544 ταῦτα
625 5489 853 5548 ἐκείνου,
905 5498 1010 5542 etc.
1047 5505 1065 5538 ι
1101 5489 1314 5550 Quanto
1364 5485 1476 5539 Ita-c
1531 5484 1897 5553 exquisitioris
1937 5493 1992 5537 et

412 5562 705 5615 severioris
726 5559 1040 5627 disciplinas.
1077 5577 1096 5609 ι
1124 5555 1374 5627 Billiusin
1400 5556 1568 5622 prima
1583 5552 1703 5608 ed.:
1735 5572 1753 5605 ι
1777 5552 1992 5618 Quanto

418 5631 633 5684 tandem
669 5630 779 5682 haec
805 5625 908 5683 illis
930 5629 1115 5682 altiora
1145 5643 1208 5680 ac
1230 5625 1545 5680 dilbetliora.
1578 5645 1599 5677 ι

487 5697 600 5770 (86)
637 5699 722 5754 Σὺ
748 5699 834 5769 δέ,
863 5710 968 5756 etc.
993 5699 1112 5753 BilI.
1153 5717 1166 5752 :
1205 5715 1222 5748 ι
1249 5698 1318 5752 At
1340 5706 1394 5751 tu
1413 5736 1427 5763 ,
1459 5710 1558 5750 nec
1586 5694 1693 5752 ullo
1724 5693 1884 5752 modo
1909 5693 1994 5768 ju-

1179 4677 1226 4748 ff’
1248 4676 1416 4730 Exod.
1452 4691 1553 4748 κιι,
1572 4675 1625 4732 8.
1655 4745 1672 4748 ᾼ
1699 4675 1744 4748 ff
1771 4673 1956 4748 Matth.

2080 4678 2166 4732 50.
2246 4679 2290 4711 ⁸¹
2324 4680 2490 4734 Exod.
2512 4697 2605 4740 xx.
2626 4682 2713 4734 M.
2792 4683 2837 4713 ⁸³
2862 4683 3047 4736 Matth.
3078 4699 3128 4746 ν,
3157 4682 3246 4735 28.
3324 4683 3370 4714 ⁸⁸
3390 4684 3559 4740 Exod.
3587 4700 3679 4748 xx,

1631 4745 1672 4776 ⁸⁷
1699 4744 1887 4851 Matth.
1914 4763 1963 4851 v;

2078 4791 2082 4828 ε
2120 4749 2328 4851 uinvisa“-
2361 4767 2421 4851 νό
2440 4752 2494 4804 8.
2544 4752 2831 4851 l:lMlattlt.
2870 4744 3123 4851 “Lilla
3170 4755 3214 4785 ⁵⁰
3239 4753 3415 4809 Exod.
3446 4770 3546 4818 xu,
3591 4744 3676 4808 ll;

2018 4819 2082 4874 IV
2120 4819 2250 4888 Reg.
2294 4835 2348 4886 ν,
2387 4821 2441 4874 2.

2544 4821 2589 4854 ⁸⁸
2619 4821 2720 4876 Job
2753 4837 2994 4885 xxxvm,
3026 4824 3080 4877 3.

2127 4995 2210 5046 abi
2248 5035 2262 5047 .

2098 5010 2488 5223 ζ)ρὲξῇ
2519 5065 2616 5120 καὶ
2650 5070 3037 5140 σωφροσύνῃ.
3071 5068 3221 5136 Par.,
3253 5071 3430 5143 ζώνην
3461 5073 3556 5126 καὶ
3584 5091 3685 5126 σω-

2168 5205 2280 5275 (88)
2328 5205 2426 5271 Ὠς
2457 5207 2496 5272 ἠ
2539 5211 2686 5272 θεία,
2726 5219 2831 5262 etc.
2875 5209 3076 5264 Alludit
3122 5212 3188 5264 ad
3229 5213 3343 5266 haec
3383 5214 3545 5266 verba
3589 5211 3682 5265 Je-

2099 5291 2247 5356 rem.’
2280 5291 2334 5338 ν,
2363 5276 2397 5330 8
2432 5294 2444 5329 :
2486 5295 2505 5328 ι
2547 5279 2927 5350 Unusquisque
2963 5283 3028 5334 ad
3063 5297 3285 5337 uxorem
3325 5283 3554 5353 proximi
3595 5285 3679 5338 sui

2100 5347 2393 5400 ltttttttebat.
2436 5365 2455 5398 ι

2171 5415 2282 5484 (89)
2309 5418 2443 5491 _“Hr
2469 5418 2568 5470 καὶ
2603 5423 2635 5474 d
2671 5419 2827 5485 θεῖος
2860 5420 3056 5474 Δαόίό.
3088 5421 3336 5491 Intelligit
3381 5422 3494 5476 hinc
3528 5421 3684 5476 Davi-

2428 5493 2564 5607 psal.
2598 5506 2730 5557 xvtt,
2769 5491 2841 5544 40
2883 5509 2896 5544 ι
2941 5511 2959 5543 ι
2999 5487 3337 5546 Praecinxisti
3366 5507 3452 5548 me
3486 5494 3684 5550 virtute

2172 5626 2282 5695 (9t!)
2311 5627 2558 5702 Kalhn'nf
2587 5631 2752 5694 Θεόν,
2787 5641 2894 5702 etc.
2933 5630 3025 5686 Sic
3061 5632 3113 5685 in
3145 5632 3279 5702 psal.
3314 5647 3444 5695 xc".
3477 5633 3502 5685 l
3532 5650 3547 5686 :
3578 5631 3687 5690 cln-

2103 5696 2263 5752 dutus
2296 5706 2379 5752 est
2406 5697 2661 5757 Dominus
2689 5701 3076 5768 fortitudinem,
3097 5696 3454 5774 et'praccinxit
3476 5718 3555 5760 se.
3592 5725 3610 5758 ι
