  <div class='ocr_page' id='page_1' title='image "/cluster/home/n/w/nwhite01/storage/ocr_20150623/36/nnc1.0022377409/366.png"; bbox 0 0 3898 6222; ppageno 0'>
   <div class='ocr_carea' id='block_1_1' title="bbox 290 290 403 348">
    <p class='ocr_par' dir='ltr' id='par_1_1' title="bbox 290 290 403 348">
     <span class='ocr_line' id='line_1_1' title="bbox 290 290 403 348; baseline 0.027 -4"><span class='ocrx_word' id='word_1_1' title='bbox 290 290 403 348; x_wconf 63' lang='grc' dir='ltr'><strong>ϐὶ9</strong></span> 
     </span>
    </p>
   </div>
   <div class='ocr_carea' id='block_1_2' title="bbox 1257 282 2619 349">
    <p class='ocr_par' dir='ltr' id='par_1_2' title="bbox 1257 282 2619 349">
     <span class='ocr_line' id='line_1_2' title="bbox 1257 282 2619 349; baseline -0.001 0"><span class='ocrx_word' id='word_1_2' title='bbox 1257 293 1514 349; x_wconf 78' lang='lat' dir='ltr'><strong>ORATIO</strong></span> <span class='ocrx_word' id='word_1_3' title='bbox 1552 293 1712 349; x_wconf 80' lang='lat' dir='ltr'><strong>XLV.</strong></span> <span class='ocrx_word' id='word_1_4' title='bbox 1753 325 1821 333; x_wconf 91' lang='lat'><strong>——</strong></span> <span class='ocrx_word' id='word_1_5' title='bbox 1857 294 1924 348; x_wconf 87' lang='lat' dir='ltr'><strong>IN</strong></span> <span class='ocrx_word' id='word_1_6' title='bbox 1964 282 2291 349; x_wconf 77' lang='lat' dir='ltr'><strong>SANCTUM</strong></span> <span class='ocrx_word' id='word_1_7' title='bbox 2330 291 2619 348; x_wconf 76' lang='lat' dir='ltr'><strong>PASCliA.</strong></span> 
     </span>
    </p>
   </div>
   <div class='ocr_carea' id='block_1_3' title="bbox 3432 289 3537 342">
    <p class='ocr_par' dir='ltr' id='par_1_3' title="bbox 3432 289 3537 342">
     <span class='ocr_line' id='line_1_3' title="bbox 3432 289 3537 342; baseline -0.019 0"><span class='ocrx_word' id='word_1_8' title='bbox 3432 289 3537 342; x_wconf 75' lang='lat'><strong>650</strong></span> 
     </span>
    </p>
   </div>
   <div class='ocr_carea' id='block_1_4' title="bbox 290 403 1879 481">
    <p class='ocr_par' dir='ltr' id='par_1_4' title="bbox 290 403 1868 481">
     <span class='ocr_line' id='line_1_4' title="bbox 290 403 1868 481; baseline 0.004 -25"><span class='ocrx_word' id='word_1_9' title='bbox 290 403 505 473; x_wconf 74' lang='grc' dir='ltr'>εἰσάγει</span> <span class='ocrx_word' id='word_1_10' title='bbox 538 405 884 478; x_wconf 76' lang='grc' dir='ltr'><strong>ἐνδεδυμένον</strong></span> <span class='ocrx_word' id='word_1_11' title='bbox 908 407 1135 479; x_wconf 82' lang='grc' dir='ltr'>δύναμιν</span> <span class='ocrx_word' id='word_1_12' title='bbox 1165 410 1261 462; x_wconf 75' lang='grc' dir='ltr'>καὶ</span> <span class='ocrx_word' id='word_1_13' title='bbox 1288 409 1745 481; x_wconf 76' lang='grc' dir='ltr'><strong>περιεζωσμένον,</strong></span> <span class='ocrx_word' id='word_1_14' title='bbox 1776 411 1868 481; x_wconf 89' lang='grc' dir='ltr'>δη-</span> 
     </span>
    </p>
   </div>
   <div class='ocr_carea' id='block_1_5' title="bbox 1986 403 3540 481">
    <p class='ocr_par' dir='ltr' id='par_1_5' title="bbox 1986 408 3540 466">
     <span class='ocr_line' id='line_1_5' title="bbox 1986 408 3540 466; baseline 0 -3"><span class='ocrx_word' id='word_1_15' title='bbox 1986 413 2144 464; x_wconf 84' lang='lat' dir='ltr'><strong>etiam</strong></span> <span class='ocrx_word' id='word_1_16' title='bbox 2185 411 2388 466; x_wconf 87' lang='lat' dir='ltr'><strong>viribus</strong></span> <span class='ocrx_word' id='word_1_17' title='bbox 2441 409 2703 464; x_wconf 88' lang='lat' dir='ltr'><strong>beneﬁcio</strong></span> <span class='ocrx_word' id='word_1_18' title='bbox 2748 408 2931 464; x_wconf 85' lang='lat' dir='ltr'><strong>divino</strong></span> <span class='ocrx_word' id='word_1_19' title='bbox 2976 409 3278 463; x_wconf 77' lang='lat' dir='ltr'><strong>accinctum</strong></span> <span class='ocrx_word' id='word_1_20' title='bbox 3322 423 3380 463; x_wconf 91' lang='lat' dir='ltr'><strong>se</strong></span> <span class='ocrx_word' id='word_1_21' title='bbox 3418 423 3540 463; x_wconf 82' lang='lat' dir='ltr'><strong>esse</strong></span> 
     </span>
    </p>
   </div>
   <div class='ocr_carea' id='block_1_6' title="bbox 292 492 1878 568">
    <p class='ocr_par' dir='ltr' id='par_1_6' title="bbox 292 492 1878 568">
     <span class='ocr_line' id='line_1_6' title="bbox 292 492 1878 568; baseline 0.002 -23"><span class='ocrx_word' id='word_1_22' title='bbox 292 492 429 565; x_wconf 84' lang='grc' dir='ltr'>λαδὴ</span> <span class='ocrx_word' id='word_1_23' title='bbox 464 494 607 548; x_wconf 85' lang='grc' dir='ltr'><strong>κατά</strong></span> <span class='ocrx_word' id='word_1_24' title='bbox 631 493 742 547; x_wconf 87' lang='grc' dir='ltr'><strong>τῶν</strong></span> <span class='ocrx_word' id='word_1_25' title='bbox 770 496 1014 549; x_wconf 70' lang='grc' dir='ltr'>ἀσεϐῶν·</span> <span class='ocrx_word' id='word_1_26' title='bbox 1042 498 1091 550; x_wconf 83' lang='grc' dir='ltr'><strong>εί</strong></span> <span class='ocrx_word' id='word_1_27' title='bbox 1140 497 1214 568; x_wconf 83' lang='grc' dir='ltr'>μή</span> <span class='ocrx_word' id='word_1_28' title='bbox 1254 513 1332 566; x_wconf 84' lang='grc' dir='ltr'>τῳ</span> <span class='ocrx_word' id='word_1_29' title='bbox 1374 496 1546 565; x_wconf 91' lang='grc' dir='ltr'>φίλον,</span> <span class='ocrx_word' id='word_1_30' title='bbox 1580 495 1642 548; x_wconf 85' lang='grc' dir='ltr'><strong>τὸ</strong></span> <span class='ocrx_word' id='word_1_31' title='bbox 1690 497 1878 567; x_wconf 84' lang='grc' dir='ltr'>περιὸν</span> 
     </span>
    </p>
   </div>
   <div class='ocr_carea' id='block_1_7' title="bbox 294 580 1879 658">
    <p class='ocr_par' dir='ltr' id='par_1_7' title="bbox 294 580 1879 658">
     <span class='ocr_line' id='line_1_7' title="bbox 294 580 1879 658; baseline 0.002 -21"><span class='ocrx_word' id='word_1_32' title='bbox 294 585 397 654; x_wconf 84' lang='grc' dir='ltr'>τῆς</span> <span class='ocrx_word' id='word_1_33' title='bbox 419 584 722 655; x_wconf 86' lang='grc' dir='ltr'>δυνάμεως,</span> <span class='ocrx_word' id='word_1_34' title='bbox 747 586 842 639; x_wconf 76' lang='grc' dir='ltr'><strong>καὶ</strong></span> <span class='ocrx_word' id='word_1_35' title='bbox 868 580 980 640; x_wconf 77' lang='grc' dir='ltr'>οἷον</span> <span class='ocrx_word' id='word_1_36' title='bbox 1011 586 1425 657; x_wconf 82' lang='grc' dir='ltr'>άνεσταλμένον,</span> <span class='ocrx_word' id='word_1_37' title='bbox 1460 586 1601 640; x_wconf 81' lang='grc' dir='ltr'>οὕτω</span> <span class='ocrx_word' id='word_1_38' title='bbox 1633 587 1879 658; x_wconf 84' lang='grc' dir='ltr'>παραδη-</span> 
     </span>
    </p>
   </div>
   <div class='ocr_carea' id='block_1_8' title="bbox 294 672 1877 746">
    <p class='ocr_par' dir='ltr' id='par_1_8' title="bbox 294 672 1877 746">
     <span class='ocr_line' id='line_1_8' title="bbox 294 672 1877 746; baseline 0.001 -19"><span class='ocrx_word' id='word_1_39' title='bbox 294 672 540 739; x_wconf 89' lang='grc' dir='ltr'>λοῦσθαι,</span> <span class='ocrx_word' id='word_1_40' title='bbox 572 674 709 728; x_wconf 83' lang='grc' dir='ltr'>καθὸ</span> <span class='ocrx_word' id='word_1_41' title='bbox 743 678 836 729; x_wconf 73' lang='grc' dir='ltr'><strong>καὶ</strong></span> <span class='ocrx_word' id='word_1_42' title='bbox 878 676 994 745; x_wconf 84' lang='grc' dir='ltr'><strong>φῶς</strong></span> <span class='ocrx_word' id='word_1_43' title='bbox 1015 676 1397 739; x_wconf 82' lang='grc' dir='ltr'>ἀναϐάλλεται,</span> <span class='ocrx_word' id='word_1_44' title='bbox 1425 675 1502 738; x_wconf 86' lang='grc' dir='ltr'>ὡς</span> <span class='ocrx_word' id='word_1_45' title='bbox 1531 674 1767 746; x_wconf 80' lang='grc' dir='ltr'>ἱμάτιον.</span> <span class='ocrx_word' id='word_1_46' title='bbox 1803 675 1877 729; x_wconf 81' lang='grc' dir='ltr'>Τὸ</span> 
     </span>
    </p>
   </div>
   <div class='ocr_carea' id='block_1_9' title="bbox 294 766 1878 841">
    <p class='ocr_par' dir='ltr' id='par_1_9' title="bbox 294 766 1878 841">
     <span class='ocr_line' id='line_1_9' title="bbox 294 766 1878 841; baseline 0.001 -21"><span class='ocrx_word' id='word_1_47' title='bbox 294 766 411 839; x_wconf 86' lang='grc' dir='ltr'>γὰρ</span> <span class='ocrx_word' id='word_1_48' title='bbox 431 768 658 838; x_wconf 75' lang='grc' dir='ltr'>ἄσχετον</span> <span class='ocrx_word' id='word_1_49' title='bbox 691 768 859 822; x_wconf 84' lang='grc' dir='ltr'>αὐτοῦ</span> <span class='ocrx_word' id='word_1_50' title='bbox 895 771 992 839; x_wconf 83' lang='grc' dir='ltr'>τῆς</span> <span class='ocrx_word' id='word_1_51' title='bbox 1011 769 1294 841; x_wconf 86' lang='grc' dir='ltr'>δυνάμεως</span> <span class='ocrx_word' id='word_1_52' title='bbox 1329 768 1426 822; x_wconf 78' lang='grc' dir='ltr'><strong>καὶ</strong></span> <span class='ocrx_word' id='word_1_53' title='bbox 1456 767 1549 822; x_wconf 87' lang='grc' dir='ltr'><strong>τοῦ</strong></span> <span class='ocrx_word' id='word_1_54' title='bbox 1580 768 1757 837; x_wconf 83' lang='grc' dir='ltr'>φωτὸς</span> <span class='ocrx_word' id='word_1_55' title='bbox 1796 768 1878 833; x_wconf 85' lang='grc' dir='ltr'><strong>τίς</strong></span> 
     </span>
    </p>
   </div>
   <div class='ocr_carea' id='block_1_10' title="bbox 303 860 1878 932">
    <p class='ocr_par' dir='ltr' id='par_1_10' title="bbox 303 860 1878 932">
     <span class='ocr_line' id='line_1_10' title="bbox 303 860 1878 932; baseline 0 -20"><span class='ocrx_word' id='word_1_56' title='bbox 303 862 699 932; x_wconf 82' lang='grc' dir='ltr'>ὑποστήσεται;</span> <span class='ocrx_word' id='word_1_57' title='bbox 728 861 903 932; x_wconf 87' lang='grc' dir='ltr'>Ζητῶ,</span> <span class='ocrx_word' id='word_1_58' title='bbox 936 861 990 914; x_wconf 88' lang='grc' dir='ltr'><strong>τί</strong></span> <span class='ocrx_word' id='word_1_59' title='bbox 1017 862 1193 917; x_wconf 74' lang='grc' dir='ltr'>κοινὸν</span> <span class='ocrx_word' id='word_1_60' title='bbox 1221 861 1384 931; x_wconf 83' lang='grc' dir='ltr'><strong>ὀσφύϊ</strong></span> <span class='ocrx_word' id='word_1_61' title='bbox 1403 860 1496 914; x_wconf 80' lang='grc' dir='ltr'><strong>καὶ</strong></span> <span class='ocrx_word' id='word_1_62' title='bbox 1526 860 1786 932; x_wconf 82' lang='grc' dir='ltr'>ἅληθείᾳ;</span> <span class='ocrx_word' id='word_1_63' title='bbox 1824 860 1878 913; x_wconf 89' lang='grc' dir='ltr'><strong>τί</strong></span> 
     </span>
    </p>
   </div>
   <div class='ocr_carea' id='block_1_11' title="bbox 296 949 1876 1025">
    <p class='ocr_par' dir='ltr' id='par_1_11' title="bbox 296 949 1876 1025">
     <span class='ocr_line' id='line_1_11' title="bbox 296 949 1876 1025; baseline 0 -20"><span class='ocrx_word' id='word_1_64' title='bbox 296 951 388 1005; x_wconf 76' lang='grc' dir='ltr'><strong>δαὶ</strong></span> <span class='ocrx_word' id='word_1_65' title='bbox 417 952 493 1023; x_wconf 84' lang='grc' dir='ltr'><strong>τῷ</strong></span> <span class='ocrx_word' id='word_1_66' title='bbox 525 954 666 1025; x_wconf 81' lang='grc' dir='ltr'>ἁγίῳ</span> <span class='ocrx_word' id='word_1_67' title='bbox 700 953 899 1025; x_wconf 80' lang='grc' dir='ltr'>Παύλῳ</span> <span class='ocrx_word' id='word_1_68' title='bbox 928 957 1126 1007; x_wconf 78' lang='grc' dir='ltr'>νοεῖται</span> <span class='ocrx_word' id='word_1_69' title='bbox 1151 953 1213 1007; x_wconf 83' lang='grc' dir='ltr'><strong>τὸ</strong></span> <span class='ocrx_word' id='word_1_70' title='bbox 1249 954 1477 1022; x_wconf 82' lang='grc' dir='ltr'><strong>φάσκειν</strong></span> <span class='ocrx_word' id='word_1_71' title='bbox 1496 969 1510 983; x_wconf 89' lang='grc'><strong>·</strong></span> <span class='ocrx_word' id='word_1_72' title='bbox 1548 951 1737 1020; x_wconf 83' lang='grc' dir='ltr'>Στῆτε</span> <span class='ocrx_word' id='word_1_73' title='bbox 1764 949 1876 1006; x_wconf 80' lang='grc' dir='ltr'><strong>οὖν</strong></span> 
     </span>
    </p>
   </div>
   <div class='ocr_carea' id='block_1_12' title="bbox 297 1041 1874 1115">
    <p class='ocr_par' dir='ltr' id='par_1_12' title="bbox 297 1041 1874 1115">
     <span class='ocr_line' id='line_1_12' title="bbox 297 1041 1874 1115; baseline 0.001 -20"><span class='ocrx_word' id='word_1_74' title='bbox 297 1041 748 1113; x_wconf 72' lang='grc' dir='ltr'><strong>περιεζωσμένοι</strong></span> <span class='ocrx_word' id='word_1_75' title='bbox 777 1046 889 1115; x_wconf 78' lang='grc'>(91)</span> <span class='ocrx_word' id='word_1_76' title='bbox 922 1045 1038 1114; x_wconf 76' lang='grc' dir='ltr'><strong>τὴν</strong></span> <span class='ocrx_word' id='word_1_77' title='bbox 1062 1044 1266 1115; x_wconf 73' lang='grc' dir='ltr'>ὀσφὺν</span> <span class='ocrx_word' id='word_1_78' title='bbox 1291 1043 1458 1113; x_wconf 81' lang='grc' dir='ltr'>ὑμῶν</span> <span class='ocrx_word' id='word_1_79' title='bbox 1493 1044 1564 1097; x_wconf 84' lang='grc' dir='ltr'><strong>ἐν</strong></span> <span class='ocrx_word' id='word_1_80' title='bbox 1591 1043 1874 1111; x_wconf 59' lang='lat' dir='ltr'><strong>adnotata;</strong></span> 
     </span>
    </p>
   </div>
   <div class='ocr_carea' id='block_1_13' title="bbox 299 1135 1877 1211">
    <p class='ocr_par' dir='ltr' id='par_1_13' title="bbox 299 1135 1877 1211">
     <span class='ocr_line' id='line_1_13' title="bbox 299 1135 1877 1211; baseline -0.001 -22"><span class='ocrx_word' id='word_1_81' title='bbox 299 1136 525 1208; x_wconf 74' lang='grc' dir='ltr'>Μήποτε</span> <span class='ocrx_word' id='word_1_82' title='bbox 557 1139 631 1202; x_wconf 85' lang='grc' dir='ltr'><strong>ὡς</strong></span> <span class='ocrx_word' id='word_1_83' title='bbox 669 1140 763 1193; x_wconf 87' lang='grc' dir='ltr'><strong>τοῦ</strong></span> <span class='ocrx_word' id='word_1_84' title='bbox 802 1138 1136 1211; x_wconf 76' lang='grc' dir='ltr'><strong>θεωρητικοῦ</strong></span> <span class='ocrx_word' id='word_1_85' title='bbox 1176 1139 1235 1192; x_wconf 85' lang='grc' dir='ltr'><strong>τὸ</strong></span> <span class='ocrx_word' id='word_1_86' title='bbox 1280 1135 1671 1208; x_wconf 76' lang='grc' dir='ltr'>ἐπιθυμητικὸν</span> <span class='ocrx_word' id='word_1_87' title='bbox 1716 1152 1877 1207; x_wconf 88' lang='grc' dir='ltr'>περι-</span> 
     </span>
    </p>
   </div>
   <div class='ocr_carea' id='block_1_14' title="bbox 300 1226 1876 1300">
    <p class='ocr_par' dir='ltr' id='par_1_14' title="bbox 300 1226 1876 1300">
     <span class='ocr_line' id='line_1_14' title="bbox 300 1226 1876 1300; baseline 0.001 -22"><span class='ocrx_word' id='word_1_88' title='bbox 300 1227 643 1297; x_wconf 84' lang='grc' dir='ltr'>σφίγγοντος,</span> <span class='ocrx_word' id='word_1_89' title='bbox 701 1232 796 1284; x_wconf 80' lang='grc' dir='ltr'><strong>καὶ</strong></span> <span class='ocrx_word' id='word_1_90' title='bbox 836 1231 937 1285; x_wconf 85' lang='grc' dir='ltr'><strong>οὐκ</strong></span> <span class='ocrx_word' id='word_1_91' title='bbox 975 1230 1171 1294; x_wconf 74' lang='grc' dir='ltr'>ἐῶντος</span> <span class='ocrx_word' id='word_1_92' title='bbox 1200 1227 1433 1300; x_wconf 80' lang='grc' dir='ltr'><strong>ἀλλαχοῦ</strong></span> <span class='ocrx_word' id='word_1_93' title='bbox 1469 1226 1763 1300; x_wconf 82' lang='grc' dir='ltr'>φέρεσθαι;</span> <span class='ocrx_word' id='word_1_94' title='bbox 1803 1226 1876 1280; x_wconf 78' lang='grc' dir='ltr'><strong>Οὐ</strong></span> 
     </span>
    </p>
   </div>
   <div class='ocr_carea' id='block_1_15' title="bbox 298 1318 1882 1394">
    <p class='ocr_par' dir='ltr' id='par_1_15' title="bbox 298 1318 1882 1394">
     <span class='ocr_line' id='line_1_15' title="bbox 298 1318 1882 1394; baseline 0.002 -24"><span class='ocrx_word' id='word_1_95' title='bbox 298 1320 411 1391; x_wconf 84' lang='grc' dir='ltr'>γὰρ</span> <span class='ocrx_word' id='word_1_96' title='bbox 436 1320 609 1374; x_wconf 79' lang='grc' dir='ltr'>ἐθέλει</span> <span class='ocrx_word' id='word_1_97' title='bbox 626 1322 689 1375; x_wconf 75' lang='grc' dir='ltr'>τὸ</span> <span class='ocrx_word' id='word_1_98' title='bbox 712 1322 839 1394; x_wconf 88' lang='grc' dir='ltr'>περί</span> <span class='ocrx_word' id='word_1_99' title='bbox 864 1341 915 1376; x_wconf 90' lang='grc' dir='ltr'><strong>τι</strong></span> <span class='ocrx_word' id='word_1_100' title='bbox 938 1323 1279 1392; x_wconf 84' lang='grc' dir='ltr'>διακείμενον</span> <span class='ocrx_word' id='word_1_101' title='bbox 1301 1320 1600 1394; x_wconf 80' lang='grc' dir='ltr'><strong>ἐρωτικῶς,</strong></span> <span class='ocrx_word' id='word_1_102' title='bbox 1629 1319 1764 1391; x_wconf 82' lang='grc' dir='ltr'>πρὸς</span> <span class='ocrx_word' id='word_1_103' title='bbox 1783 1318 1882 1383; x_wconf 83' lang='grc' dir='ltr'>τὰς</span> 
     </span>
    </p>
   </div>
   <div class='ocr_carea' id='block_1_16' title="bbox 296 1408 1479 1484">
    <p class='ocr_par' dir='ltr' id='par_1_16' title="bbox 296 1408 1479 1484">
     <span class='ocr_line' id='line_1_16' title="bbox 296 1408 1479 1484; baseline 0.002 -22"><span class='ocrx_word' id='word_1_104' title='bbox 296 1408 469 1473; x_wconf 78' lang='grc' dir='ltr'>ἄλλας</span> <span class='ocrx_word' id='word_1_105' title='bbox 499 1412 691 1481; x_wconf 73' lang='grc' dir='ltr'>ἡδονάς</span> <span class='ocrx_word' id='word_1_106' title='bbox 721 1413 819 1484; x_wconf 81' lang='grc' dir='ltr'><strong>τὴν</strong></span> <span class='ocrx_word' id='word_1_107' title='bbox 849 1413 1016 1484; x_wconf 83' lang='grc' dir='ltr'>αὐτὴν</span> <span class='ocrx_word' id='word_1_108' title='bbox 1052 1412 1195 1483; x_wconf 73' lang='grc' dir='ltr'>ἔχειν</span> <span class='ocrx_word' id='word_1_109' title='bbox 1232 1411 1479 1481; x_wconf 87' lang='grc' dir='ltr'>δύναμιν.</span> 
     </span>
    </p>
   </div>
   <div class='ocr_carea' id='block_1_17' title="bbox 1977 500 3539 575">
    <p class='ocr_par' dir='ltr' id='par_1_17' title="bbox 1977 500 3539 575">
     <span class='ocr_line' id='line_1_17' title="bbox 1977 500 3539 575; baseline -0.003 -21"><span class='ocrx_word' id='word_1_110' title='bbox 1977 502 2145 555; x_wconf 83' lang='lat' dir='ltr'><strong>David</strong></span> <span class='ocrx_word' id='word_1_111' title='bbox 2191 503 2455 575; x_wconf 74' lang='lat' dir='ltr'><strong>gloriatur</strong></span> <span class='ocrx_word' id='word_1_112' title='bbox 2480 502 2549 565; x_wconf 80' lang='lat'><strong>&quot;,</strong></span> <span class='ocrx_word' id='word_1_113' title='bbox 2574 516 2638 556; x_wconf 92' lang='lat' dir='ltr'><strong>ac</strong></span> <span class='ocrx_word' id='word_1_114' title='bbox 2677 502 2840 556; x_wconf 92' lang='lat' dir='ltr'><strong>Deum</strong></span> <span class='ocrx_word' id='word_1_115' title='bbox 2893 500 3063 573; x_wconf 76' lang='lat'><strong>860</strong></span> <span class='ocrx_word' id='word_1_116' title='bbox 3109 513 3321 570; x_wconf 89' lang='lat' dir='ltr'><strong>quoque</strong></span> <span class='ocrx_word' id='word_1_117' title='bbox 3363 501 3539 570; x_wconf 76' lang='lat' dir='ltr'><strong>ipsqu</strong></span> 
     </span>
    </p>
   </div>
   <div class='ocr_carea' id='block_1_18' title="bbox 1975 593 3509 665">
    <p class='ocr_par' dir='ltr' id='par_1_18' title="bbox 1975 593 3509 665">
     <span class='ocr_line' id='line_1_18' title="bbox 1975 593 3509 665; baseline 0.001 -20"><span class='ocrx_word' id='word_1_118' title='bbox 1975 593 2210 661; x_wconf 87' lang='lat' dir='ltr'><strong>potentia</strong></span> <span class='ocrx_word' id='word_1_119' title='bbox 2245 593 2487 647; x_wconf 87' lang='lat' dir='ltr'><strong>indutum</strong></span> <span class='ocrx_word' id='word_1_120' title='bbox 2528 599 2690 665; x_wconf 90' lang='lat' dir='ltr'><strong>atque</strong></span> <span class='ocrx_word' id='word_1_121' title='bbox 2730 594 3030 649; x_wconf 72' lang='lat' dir='ltr'><strong>accinctum</strong></span> <span class='ocrx_word' id='word_1_122' title='bbox 3063 593 3355 658; x_wconf 76' lang='lat' dir='ltr'><strong>inducit&quot;,</strong></span> <span class='ocrx_word' id='word_1_123' title='bbox 3383 608 3509 649; x_wconf 85' lang='lat' dir='ltr'><strong>nem</strong></span> 
     </span>
    </p>
   </div>
   <div class='ocr_carea' id='block_1_19' title="bbox 1972 683 3541 753">
    <p class='ocr_par' dir='ltr' id='par_1_19' title="bbox 1972 683 3541 753">
     <span class='ocr_line' id='line_1_19' title="bbox 1972 683 3541 753; baseline 0.001 -17"><span class='ocrx_word' id='word_1_124' title='bbox 1972 697 2040 751; x_wconf 86' lang='lat' dir='ltr'><strong>pe</strong></span> <span class='ocrx_word' id='word_1_125' title='bbox 2064 684 2320 738; x_wconf 89' lang='lat' dir='ltr'><strong>adversus</strong></span> <span class='ocrx_word' id='word_1_126' title='bbox 2348 684 2541 751; x_wconf 91' lang='lat' dir='ltr'><strong>impios</strong></span> <span class='ocrx_word' id='word_1_127' title='bbox 2568 702 2581 738; x_wconf 94' lang='lat'>:</span> <span class='ocrx_word' id='word_1_128' title='bbox 2617 683 2719 738; x_wconf 90' lang='lat' dir='ltr'><strong>nisi</strong></span> <span class='ocrx_word' id='word_1_129' title='bbox 2753 693 2932 737; x_wconf 87' lang='lat' dir='ltr'><strong>tamen</strong></span> <span class='ocrx_word' id='word_1_130' title='bbox 2962 683 3115 737; x_wconf 86' lang='lat' dir='ltr'><strong>malit</strong></span> <span class='ocrx_word' id='word_1_131' title='bbox 3143 684 3409 752; x_wconf 85' lang='lat' dir='ltr'><strong>quispiam</strong></span> <span class='ocrx_word' id='word_1_132' title='bbox 3450 698 3541 753; x_wconf 92' lang='lat' dir='ltr'><strong>po-</strong></span> 
     </span>
    </p>
   </div>
   <div class='ocr_carea' id='block_1_20' title="bbox 1977 773 3542 830">
    <p class='ocr_par' dir='ltr' id='par_1_20' title="bbox 1977 773 3542 830">
     <span class='ocr_line' id='line_1_20' title="bbox 1977 773 3542 830; baseline 0.002 -4"><span class='ocrx_word' id='word_1_133' title='bbox 1977 775 2158 828; x_wconf 68' lang='lat' dir='ltr'><strong>tentiae</strong></span> <span class='ocrx_word' id='word_1_134' title='bbox 2215 773 2621 830; x_wconf 76' lang='lat' dir='ltr'><strong>exuberantiam</strong></span> <span class='ocrx_word' id='word_1_135' title='bbox 2677 789 2741 829; x_wconf 90' lang='lat' dir='ltr'><strong>ac</strong></span> <span class='ocrx_word' id='word_1_136' title='bbox 2793 775 2957 830; x_wconf 87' lang='lat' dir='ltr'><strong>veluti</strong></span> <span class='ocrx_word' id='word_1_137' title='bbox 3010 775 3404 830; x_wconf 88' lang='lat' dir='ltr'><strong>restrictionem</strong></span> <span class='ocrx_word' id='word_1_138' title='bbox 3455 775 3542 829; x_wconf 90' lang='lat' dir='ltr'><strong>his</strong></span> 
     </span>
    </p>
   </div>
   <div class='ocr_carea' id='block_1_21' title="bbox 1972 863 3541 935">
    <p class='ocr_par' dir='ltr' id='par_1_21' title="bbox 1972 863 3541 935">
     <span class='ocr_line' id='line_1_21' title="bbox 1972 863 3541 935; baseline 0.002 -20"><span class='ocrx_word' id='word_1_139' title='bbox 1972 864 2154 919; x_wconf 81' lang='lat' dir='ltr'><strong>verbis</strong></span> <span class='ocrx_word' id='word_1_140' title='bbox 2183 865 2515 933; x_wconf 77' lang='lat' dir='ltr'><strong>signiﬁcari:</strong></span> <span class='ocrx_word' id='word_1_141' title='bbox 2551 880 2658 935; x_wconf 89' lang='lat' dir='ltr'><strong>quo</strong></span> <span class='ocrx_word' id='word_1_142' title='bbox 2691 865 2853 920; x_wconf 91' lang='lat' dir='ltr'><strong>etiam</strong></span> <span class='ocrx_word' id='word_1_143' title='bbox 2915 879 3099 930; x_wconf 88' lang='lat' dir='ltr'><strong>sensu,</strong></span> <span class='ocrx_word' id='word_1_144' title='bbox 3127 864 3351 929; x_wconf 87' lang='lat' dir='ltr'><strong>lumine,</strong></span> <span class='ocrx_word' id='word_1_145' title='bbox 3402 863 3541 919; x_wconf 87' lang='lat' dir='ltr'><strong>sicut</strong></span> 
     </span>
    </p>
   </div>
   <div class='ocr_carea' id='block_1_22' title="bbox 1979 955 3537 1026">
    <p class='ocr_par' dir='ltr' id='par_1_22' title="bbox 1979 955 3537 1026">
     <span class='ocr_line' id='line_1_22' title="bbox 1979 955 3537 1026; baseline 0.002 -21"><span class='ocrx_word' id='word_1_146' title='bbox 1979 956 2299 1011; x_wconf 85' lang='lat' dir='ltr'><strong>vestimento</strong></span> <span class='ocrx_word' id='word_1_147' title='bbox 2328 957 2396 1021; x_wconf 80' lang='grc'><strong>⁵⁸,</strong></span> <span class='ocrx_word' id='word_1_148' title='bbox 2428 961 2656 1013; x_wconf 85' lang='lat' dir='ltr'><strong>amictus</strong></span> <span class='ocrx_word' id='word_1_149' title='bbox 2679 957 2896 1012; x_wconf 88' lang='lat' dir='ltr'><strong>dicitur.</strong></span> <span class='ocrx_word' id='word_1_150' title='bbox 2938 956 3359 1026; x_wconf 87' lang='lat' dir='ltr'><strong>Insuperabilem</strong></span> <span class='ocrx_word' id='word_1_151' title='bbox 3392 955 3537 1009; x_wconf 89' lang='lat' dir='ltr'><strong>enim</strong></span> 
     </span>
    </p>
   </div>
   <div class='ocr_carea' id='block_1_23' title="bbox 1977 1046 3541 1121">
    <p class='ocr_par' dir='ltr' id='par_1_23' title="bbox 1977 1046 3541 1121">
     <span class='ocr_line' id='line_1_23' title="bbox 1977 1046 3541 1121; baseline -0.002 -19"><span class='ocrx_word' id='word_1_152' title='bbox 1977 1048 2235 1116; x_wconf 59' lang='lat' dir='ltr'><strong>potentia:</strong></span> <span class='ocrx_word' id='word_1_153' title='bbox 2290 1048 2459 1119; x_wconf 87' lang='lat' dir='ltr'><strong>ipsius</strong></span> <span class='ocrx_word' id='word_1_154' title='bbox 2514 1063 2578 1105; x_wconf 88' lang='lat' dir='ltr'><strong>ac</strong></span> <span class='ocrx_word' id='word_1_155' title='bbox 2626 1049 2847 1105; x_wconf 85' lang='lat' dir='ltr'><strong>luminis</strong></span> <span class='ocrx_word' id='word_1_156' title='bbox 2871 1051 2981 1105; x_wconf 89' lang='lat' dir='ltr'><strong>vim</strong></span> <span class='ocrx_word' id='word_1_157' title='bbox 3028 1050 3150 1121; x_wconf 91' lang='lat' dir='ltr'><strong>quis</strong></span> <span class='ocrx_word' id='word_1_158' title='bbox 3208 1046 3541 1103; x_wconf 78' lang='lat' dir='ltr'><strong>sustinebit?</strong></span> 
     </span>
    </p>
   </div>
   <div class='ocr_carea' id='block_1_24' title="bbox 1981 1137 3545 1209">
    <p class='ocr_par' dir='ltr' id='par_1_24' title="bbox 1981 1137 3545 1209">
     <span class='ocr_line' id='line_1_24' title="bbox 1981 1137 3545 1209; baseline 0.001 -17"><span class='ocrx_word' id='word_1_159' title='bbox 1981 1137 2175 1205; x_wconf 69' lang='lat' dir='ltr'><strong>Quaaro</strong></span> <span class='ocrx_word' id='word_1_160' title='bbox 2202 1139 2330 1209; x_wconf 89' lang='lat' dir='ltr'><strong>quid</strong></span> <span class='ocrx_word' id='word_1_161' title='bbox 2364 1139 2562 1195; x_wconf 90' lang='lat' dir='ltr'><strong>lumbis</strong></span> <span class='ocrx_word' id='word_1_162' title='bbox 2608 1155 2733 1195; x_wconf 91' lang='lat' dir='ltr'><strong>cum</strong></span> <span class='ocrx_word' id='word_1_163' title='bbox 2774 1141 2999 1197; x_wconf 84' lang='lat' dir='ltr'><strong>veritate</strong></span> <span class='ocrx_word' id='word_1_164' title='bbox 3028 1155 3316 1196; x_wconf 89' lang='lat' dir='ltr'><strong>commune</strong></span> <span class='ocrx_word' id='word_1_165' title='bbox 3363 1140 3458 1202; x_wconf 88' lang='lat' dir='ltr'><strong>sit,</strong></span> <span class='ocrx_word' id='word_1_166' title='bbox 3487 1149 3545 1195; x_wconf 90' lang='lat' dir='ltr'><strong>et</strong></span> 
     </span>
    </p>
   </div>
   <div class='ocr_carea' id='block_1_25' title="bbox 1985 1229 3544 1301">
    <p class='ocr_par' dir='ltr' id='par_1_25' title="bbox 1985 1229 3544 1301">
     <span class='ocr_line' id='line_1_25' title="bbox 1985 1229 3544 1301; baseline 0.002 -22"><span class='ocrx_word' id='word_1_167' title='bbox 1985 1245 2105 1299; x_wconf 69' lang='lat' dir='ltr'><strong>(piae</strong></span> <span class='ocrx_word' id='word_1_168' title='bbox 2138 1229 2289 1285; x_wconf 82' lang='lat' dir='ltr'><strong>Pauli</strong></span> <span class='ocrx_word' id='word_1_169' title='bbox 2322 1246 2475 1286; x_wconf 89' lang='lat' dir='ltr'><strong>mens</strong></span> <span class='ocrx_word' id='word_1_170' title='bbox 2505 1230 2671 1287; x_wconf 80' lang='lat' dir='ltr'><strong>fuerit</strong></span> <span class='ocrx_word' id='word_1_171' title='bbox 2695 1274 2710 1300; x_wconf 92' lang='lat'><strong>,</strong></span> <span class='ocrx_word' id='word_1_172' title='bbox 2743 1246 2864 1287; x_wconf 92' lang='lat' dir='ltr'><strong>cum</strong></span> <span class='ocrx_word' id='word_1_173' title='bbox 2900 1232 3104 1287; x_wconf 86' lang='lat' dir='ltr'><strong>diceret</strong></span> <span class='ocrx_word' id='word_1_174' title='bbox 3140 1249 3155 1286; x_wconf 92' lang='lat'><strong>:</strong></span> <span class='ocrx_word' id='word_1_175' title='bbox 3187 1230 3338 1286; x_wconf 80' lang='lat' dir='ltr'><strong>State</strong></span> <span class='ocrx_word' id='word_1_176' title='bbox 3381 1232 3544 1301; x_wconf 80' lang='lat' dir='ltr'><strong>igitur</strong></span> 
     </span>
    </p>
   </div>
   <div class='ocr_carea' id='block_1_26' title="bbox 1973 1318 3544 1376">
    <p class='ocr_par' dir='ltr' id='par_1_26' title="bbox 1973 1318 3544 1376">
     <span class='ocr_line' id='line_1_26' title="bbox 1973 1318 3544 1376; baseline 0.001 -2"><span class='ocrx_word' id='word_1_177' title='bbox 1973 1318 2226 1374; x_wconf 75' lang='lat' dir='ltr'><strong>succincti</strong></span> <span class='ocrx_word' id='word_1_178' title='bbox 2268 1319 2471 1375; x_wconf 80' lang='lat' dir='ltr'><strong>lumbos</strong></span> <span class='ocrx_word' id='word_1_179' title='bbox 2498 1332 2689 1376; x_wconf 75' lang='lat' dir='ltr'><strong>vestros</strong></span> <span class='ocrx_word' id='word_1_180' title='bbox 2734 1323 2790 1375; x_wconf 85' lang='lat' dir='ltr'><strong>in</strong></span> <span class='ocrx_word' id='word_1_181' title='bbox 2834 1324 3049 1376; x_wconf 83' lang='lat' dir='ltr'><strong>veritate</strong></span> <span class='ocrx_word' id='word_1_182' title='bbox 3079 1321 3123 1354; x_wconf 79' lang='lat'><strong>”</strong></span> <span class='ocrx_word' id='word_1_183' title='bbox 3150 1322 3175 1374; x_wconf 87' lang='lat'><strong>?</strong></span> <span class='ocrx_word' id='word_1_184' title='bbox 3217 1321 3353 1375; x_wconf 86' lang='lat' dir='ltr'><strong>Num</strong></span> <span class='ocrx_word' id='word_1_185' title='bbox 3404 1320 3544 1375; x_wconf 80' lang='lat' dir='ltr'><strong>forte</strong></span> 
     </span>
    </p>
   </div>
   <div class='ocr_carea' id='block_1_27' title="bbox 1976 1409 3542 1481">
    <p class='ocr_par' dir='ltr' id='par_1_27' title="bbox 1976 1409 3542 1481">
     <span class='ocr_line' id='line_1_27' title="bbox 1976 1409 3542 1481; baseline 0.002 -20"><span class='ocrx_word' id='word_1_186' title='bbox 1976 1409 2121 1477; x_wconf 88' lang='lat' dir='ltr'><strong>quod</strong></span> <span class='ocrx_word' id='word_1_187' title='bbox 2183 1411 2478 1478; x_wconf 88' lang='lat' dir='ltr'><strong>speculatio</strong></span> <span class='ocrx_word' id='word_1_188' title='bbox 2536 1413 3029 1481; x_wconf 85' lang='lat' dir='ltr'><strong>concupiscentiam</strong></span> <span class='ocrx_word' id='word_1_189' title='bbox 3100 1419 3385 1475; x_wconf 81' lang='lat' dir='ltr'><strong>coerceat,</strong></span> <span class='ocrx_word' id='word_1_190' title='bbox 3440 1424 3542 1464; x_wconf 92' lang='lat' dir='ltr'><strong>nec</strong></span> 
     </span>
    </p>
   </div>
   <div class='ocr_carea' id='block_1_28' title="bbox 298 1498 3545 1574">
    <p class='ocr_par' dir='ltr' id='par_1_28' title="bbox 298 1498 3545 1574">
     <span class='ocr_line' id='line_1_28' title="bbox 298 1498 3545 1574; baseline 0.001 -21"><span class='ocrx_word' id='word_1_191' title='bbox 298 1499 557 1554; x_wconf 83' lang='lat' dir='ltr'><strong>aliorsum</strong></span> <span class='ocrx_word' id='word_1_192' title='bbox 594 1500 721 1555; x_wconf 85' lang='lat' dir='ltr'><strong>ferri</strong></span> <span class='ocrx_word' id='word_1_193' title='bbox 754 1502 935 1556; x_wconf 77' lang='lat' dir='ltr'><strong>sinat?</strong></span> <span class='ocrx_word' id='word_1_194' title='bbox 973 1500 1083 1557; x_wconf 86' lang='lat' dir='ltr'><strong>Nec</strong></span> <span class='ocrx_word' id='word_1_195' title='bbox 1099 1502 1253 1572; x_wconf 86' lang='lat' dir='ltr'><strong>enim</strong></span> <span class='ocrx_word' id='word_1_196' title='bbox 1292 1500 1408 1556; x_wconf 83' lang='lat' dir='ltr'><strong>ﬁeri</strong></span> <span class='ocrx_word' id='word_1_197' title='bbox 1446 1508 1646 1570; x_wconf 78' lang='lat' dir='ltr'><strong>potest,</strong></span> <span class='ocrx_word' id='word_1_198' title='bbox 1684 1506 1743 1553; x_wconf 87' lang='lat' dir='ltr'><strong>ut</strong></span> <span class='ocrx_word' id='word_1_199' title='bbox 1783 1498 1876 1569; x_wconf 88' lang='lat' dir='ltr'><strong>qui</strong></span> <span class='ocrx_word' id='word_1_200' title='bbox 1917 1499 1993 1553; x_wconf 89' lang='lat' dir='ltr'><strong>rei</strong></span> <span class='ocrx_word' id='word_1_201' title='bbox 2028 1499 2326 1570; x_wconf 87' lang='lat' dir='ltr'><strong>cujnspiam</strong></span> <span class='ocrx_word' id='word_1_202' title='bbox 2356 1516 2542 1558; x_wconf 88' lang='lat' dir='ltr'><strong>amore</strong></span> <span class='ocrx_word' id='word_1_203' title='bbox 2580 1502 2787 1574; x_wconf 82' lang='lat' dir='ltr'><strong>ﬂagrat,</strong></span> <span class='ocrx_word' id='word_1_204' title='bbox 2858 1517 3041 1572; x_wconf 88' lang='lat' dir='ltr'><strong>parem</strong></span> <span class='ocrx_word' id='word_1_205' title='bbox 3103 1502 3170 1557; x_wconf 90' lang='lat' dir='ltr'><strong>ad</strong></span> <span class='ocrx_word' id='word_1_206' title='bbox 3218 1503 3353 1558; x_wconf 87' lang='lat' dir='ltr'><strong>alias</strong></span> <span class='ocrx_word' id='word_1_207' title='bbox 3392 1499 3545 1557; x_wconf 84' lang='lat' dir='ltr'><strong>volu-</strong></span> 
     </span>
    </p>
   </div>
   <div class='ocr_carea' id='block_1_29' title="bbox 299 1591 863 1659">
    <p class='ocr_par' dir='ltr' id='par_1_29' title="bbox 299 1591 863 1659">
     <span class='ocr_line' id='line_1_29' title="bbox 299 1591 863 1659; baseline 0.005 -16"><span class='ocrx_word' id='word_1_208' title='bbox 299 1598 477 1659; x_wconf 84' lang='lat' dir='ltr'><strong>ptates</strong></span> <span class='ocrx_word' id='word_1_209' title='bbox 508 1592 616 1645; x_wconf 82' lang='lat' dir='ltr'><strong>vim</strong></span> <span class='ocrx_word' id='word_1_210' title='bbox 649 1591 863 1646; x_wconf 81' lang='lat' dir='ltr'><strong>habeat.</strong></span> 
     </span>
    </p>
   </div>
   <div class='ocr_carea' id='block_1_30' title="bbox 384 1680 1879 1772">
    <p class='ocr_par' dir='ltr' id='par_1_30' title="bbox 384 1699 1877 1772">
     <span class='ocr_line' id='line_1_30' title="bbox 384 1699 1877 1772; baseline 0 -19"><span class='ocrx_word' id='word_1_211' title='bbox 384 1699 480 1756; x_wconf 71' lang='grc' dir='ltr'><strong>ἰδ’.</strong></span> <span class='ocrx_word' id='word_1_212' title='bbox 524 1699 606 1753; x_wconf 83' lang='grc' dir='ltr'><strong>Τὰ</strong></span> <span class='ocrx_word' id='word_1_213' title='bbox 636 1700 692 1753; x_wconf 78' lang='grc' dir='ltr'>δὲ</span> <span class='ocrx_word' id='word_1_214' title='bbox 738 1700 1079 1772; x_wconf 81' lang='grc' dir='ltr'>ὑποδήματα,</span> <span class='ocrx_word' id='word_1_215' title='bbox 1110 1701 1139 1754; x_wconf 87' lang='grc' dir='ltr'>ὁ</span> <span class='ocrx_word' id='word_1_216' title='bbox 1182 1702 1281 1772; x_wconf 79' lang='grc' dir='ltr'>μὲν</span> <span class='ocrx_word' id='word_1_217' title='bbox 1316 1702 1415 1770; x_wconf 84' lang='grc' dir='ltr'>τῆς</span> <span class='ocrx_word' id='word_1_218' title='bbox 1456 1699 1619 1769; x_wconf 83' lang='grc' dir='ltr'>ἁγίας</span> <span class='ocrx_word' id='word_1_219' title='bbox 1645 1700 1747 1770; x_wconf 87' lang='grc' dir='ltr'>γῆς</span> <span class='ocrx_word' id='word_1_220' title='bbox 1784 1699 1877 1753; x_wconf 75' lang='grc' dir='ltr'><strong>καὶ</strong></span> 
     </span>
    </p>
   </div>
   <div class='ocr_carea' id='block_1_31' title="bbox 1986 1680 3543 1772">
    <p class='ocr_par' dir='ltr' id='par_1_31' title="bbox 2049 1680 3543 1755">
     <span class='ocr_line' id='line_1_31' title="bbox 2049 1680 3543 1755; baseline 0.001 -19"><span class='ocrx_word' id='word_1_221' title='bbox 2049 1680 2190 1736; x_wconf 81' lang='lat' dir='ltr'><strong>XIX.</strong></span> <span class='ocrx_word' id='word_1_222' title='bbox 2216 1681 2332 1736; x_wconf 74' lang='lat' dir='ltr'><strong>iam</strong></span> <span class='ocrx_word' id='word_1_223' title='bbox 2359 1682 2451 1755; x_wconf 75' lang='lat' dir='ltr'><strong>qui</strong></span> <span class='ocrx_word' id='word_1_224' title='bbox 2482 1692 2677 1736; x_wconf 91' lang='lat' dir='ltr'><strong>terram</strong></span> <span class='ocrx_word' id='word_1_225' title='bbox 2710 1690 2951 1737; x_wconf 86' lang='lat' dir='ltr'><strong>sanctam</strong></span> <span class='ocrx_word' id='word_1_226' title='bbox 2981 1697 3044 1736; x_wconf 89' lang='lat' dir='ltr'><strong>ac</strong></span> <span class='ocrx_word' id='word_1_227' title='bbox 3073 1682 3269 1736; x_wconf 86' lang='lat' dir='ltr'><strong>divinis</strong></span> <span class='ocrx_word' id='word_1_228' title='bbox 3299 1684 3543 1754; x_wconf 79' lang='lat' dir='ltr'><strong>vestigiis</strong></span> 
     </span>
    </p>
   </div>
   <div class='ocr_carea' id='block_1_32' title="bbox 296 1789 1877 1861">
    <p class='ocr_par' dir='ltr' id='par_1_32' title="bbox 296 1789 1877 1861">
     <span class='ocr_line' id='line_1_32' title="bbox 296 1789 1877 1861; baseline -0.001 -18"><span class='ocrx_word' id='word_1_229' title='bbox 296 1790 611 1853; x_wconf 74' lang='grc' dir='ltr'>θεοστιὸοῦς</span> <span class='ocrx_word' id='word_1_230' title='bbox 636 1790 832 1859; x_wconf 74' lang='grc' dir='ltr'>ψαύειν</span> <span class='ocrx_word' id='word_1_231' title='bbox 861 1791 1088 1861; x_wconf 79' lang='grc' dir='ltr'><strong>μέλλων,</strong></span> <span class='ocrx_word' id='word_1_232' title='bbox 1120 1791 1452 1853; x_wconf 85' lang='grc' dir='ltr'>ὑπολυέσθω,</span> <span class='ocrx_word' id='word_1_233' title='bbox 1478 1790 1618 1843; x_wconf 83' lang='grc' dir='ltr'>καθὰ</span> <span class='ocrx_word' id='word_1_234' title='bbox 1641 1789 1751 1860; x_wconf 72' lang='grc'>(92)</span> <span class='ocrx_word' id='word_1_235' title='bbox 1782 1789 1877 1842; x_wconf 77' lang='grc' dir='ltr'><strong>καὶ</strong></span> 
     </span>
    </p>
   </div>
   <div class='ocr_carea' id='block_1_33' title="bbox 294 1879 1877 1954">
    <p class='ocr_par' dir='ltr' id='par_1_33' title="bbox 294 1879 1877 1954">
     <span class='ocr_line' id='line_1_33' title="bbox 294 1879 1877 1954; baseline -0.001 -20"><span class='ocrx_word' id='word_1_236' title='bbox 294 1882 541 1953; x_wconf 79' lang='grc' dir='ltr'>Μωῦσῆς</span> <span class='ocrx_word' id='word_1_237' title='bbox 574 1883 778 1945; x_wconf 80' lang='grc' dir='ltr'>ἐκεῖνος</span> <span class='ocrx_word' id='word_1_238' title='bbox 808 1881 899 1934; x_wconf 75' lang='grc' dir='ltr'>ἐπὶ</span> <span class='ocrx_word' id='word_1_239' title='bbox 931 1881 1022 1935; x_wconf 81' lang='grc' dir='ltr'><strong>τοῦ</strong></span> <span class='ocrx_word' id='word_1_240' title='bbox 1048 1882 1227 1952; x_wconf 73' lang='grc' dir='ltr'>ὅρους,</span> <span class='ocrx_word' id='word_1_241' title='bbox 1254 1881 1340 1935; x_wconf 80' lang='grc' dir='ltr'><strong>ἵνα</strong></span> <span class='ocrx_word' id='word_1_242' title='bbox 1370 1882 1535 1953; x_wconf 83' lang='grc' dir='ltr'>μηδὲν</span> <span class='ocrx_word' id='word_1_243' title='bbox 1560 1880 1750 1954; x_wconf 79' lang='grc' dir='ltr'>νεκρὸν</span> <span class='ocrx_word' id='word_1_244' title='bbox 1781 1879 1877 1951; x_wconf 74' lang='lat' dir='ltr'><strong>cpt-S-</strong></span> 
     </span>
    </p>
   </div>
   <div class='ocr_carea' id='block_1_34' title="bbox 300 1972 1883 2046">
    <p class='ocr_par' dir='ltr' id='par_1_34' title="bbox 300 1972 1883 2046">
     <span class='ocr_line' id='line_1_34' title="bbox 300 1972 1883 2046; baseline -0.004 -15"><span class='ocrx_word' id='word_1_245' title='bbox 300 1989 396 2046; x_wconf 75' lang='grc' dir='ltr'>ρῃ,</span> <span class='ocrx_word' id='word_1_246' title='bbox 438 1973 569 2044; x_wconf 81' lang='grc' dir='ltr'>μηδὲ</span> <span class='ocrx_word' id='word_1_247' title='bbox 615 1972 778 2044; x_wconf 81' lang='grc' dir='ltr'>μέσον</span> <span class='ocrx_word' id='word_1_248' title='bbox 817 1972 951 2026; x_wconf 87' lang='grc' dir='ltr'>Θεοῦ</span> <span class='ocrx_word' id='word_1_249' title='bbox 979 1975 1073 2031; x_wconf 73' lang='grc' dir='ltr'><strong>καὶ</strong></span> <span class='ocrx_word' id='word_1_250' title='bbox 1096 1972 1417 2046; x_wconf 85' lang='grc' dir='ltr'>ἀνθρώπων.</span> <span class='ocrx_word' id='word_1_251' title='bbox 1463 1974 1551 2039; x_wconf 83' lang='grc' dir='ltr'>Ὠς</span> <span class='ocrx_word' id='word_1_252' title='bbox 1580 1974 1638 2027; x_wconf 82' lang='grc' dir='ltr'>δὲ</span> <span class='ocrx_word' id='word_1_253' title='bbox 1687 1974 1780 2028; x_wconf 74' lang='grc' dir='ltr'>καὶ</span> <span class='ocrx_word' id='word_1_254' title='bbox 1827 1972 1883 2026; x_wconf 75' lang='lat' dir='ltr'><strong>ei</strong></span> 
     </span>
    </p>
   </div>
   <div class='ocr_carea' id='block_1_35' title="bbox 294 2064 1878 2137">
    <p class='ocr_par' dir='ltr' id='par_1_35' title="bbox 294 2064 1878 2137">
     <span class='ocr_line' id='line_1_35' title="bbox 294 2064 1878 2137; baseline 0.001 -19"><span class='ocrx_word' id='word_1_255' title='bbox 294 2082 385 2128; x_wconf 85' lang='grc' dir='ltr'><strong>τις</strong></span> <span class='ocrx_word' id='word_1_256' title='bbox 414 2064 660 2137; x_wconf 83' lang='grc' dir='ltr'>μαθητὴς</span> <span class='ocrx_word' id='word_1_257' title='bbox 682 2066 777 2120; x_wconf 72' lang='grc' dir='ltr'><strong>ἐπὶ</strong></span> <span class='ocrx_word' id='word_1_258' title='bbox 800 2066 859 2119; x_wconf 78' lang='grc' dir='ltr'>τὸ</span> <span class='ocrx_word' id='word_1_259' title='bbox 887 2065 1218 2135; x_wconf 82' lang='grc' dir='ltr'>Εὐαγγέλιον</span> <span class='ocrx_word' id='word_1_260' title='bbox 1251 2066 1547 2137; x_wconf 78' lang='grc' dir='ltr'>πέμπεται,</span> <span class='ocrx_word' id='word_1_261' title='bbox 1577 2066 1878 2137; x_wconf 83' lang='grc' dir='ltr'>φιλοσόφως</span> 
     </span>
    </p>
   </div>
   <div class='ocr_carea' id='block_1_36' title="bbox 295 2154 1877 2232">
    <p class='ocr_par' dir='ltr' id='par_1_36' title="bbox 295 2154 1877 2232">
     <span class='ocr_line' id='line_1_36' title="bbox 295 2154 1877 2232; baseline 0.003 -22"><span class='ocrx_word' id='word_1_262' title='bbox 295 2158 399 2211; x_wconf 73' lang='grc' dir='ltr'><strong>καὶ</strong></span> <span class='ocrx_word' id='word_1_263' title='bbox 429 2157 736 2228; x_wconf 80' lang='grc' dir='ltr'>ἀπερίττως</span> <span class='ocrx_word' id='word_1_264' title='bbox 788 2154 901 2230; x_wconf 76' lang='grc'>(93)</span> <span class='ocrx_word' id='word_1_265' title='bbox 926 2176 942 2191; x_wconf 87' lang='grc'><strong>·</strong></span> <span class='ocrx_word' id='word_1_266' title='bbox 985 2159 1046 2213; x_wconf 78' lang='grc' dir='ltr'>ὃν</span> <span class='ocrx_word' id='word_1_267' title='bbox 1095 2159 1176 2213; x_wconf 88' lang='grc' dir='ltr'><strong>δεῖ</strong></span> <span class='ocrx_word' id='word_1_268' title='bbox 1215 2159 1325 2232; x_wconf 70' lang='grc'>(94)</span> <span class='ocrx_word' id='word_1_269' title='bbox 1358 2158 1495 2231; x_wconf 81' lang='grc' dir='ltr'>πρὸς</span> <span class='ocrx_word' id='word_1_270' title='bbox 1526 2158 1604 2230; x_wconf 84' lang='grc' dir='ltr'><strong>τῷ</strong></span> <span class='ocrx_word' id='word_1_271' title='bbox 1632 2159 1877 2230; x_wconf 80' lang='grc' dir='ltr'>άχάλκῳ,</span> 
     </span>
    </p>
   </div>
   <div class='ocr_carea' id='block_1_37' title="bbox 295 2249 1879 2322">
    <p class='ocr_par' dir='ltr' id='par_1_37' title="bbox 295 2249 1879 2322">
     <span class='ocr_line' id='line_1_37' title="bbox 295 2249 1879 2322; baseline 0.003 -20"><span class='ocrx_word' id='word_1_272' title='bbox 295 2250 398 2302; x_wconf 79' lang='grc' dir='ltr'><strong>καὶ</strong></span> <span class='ocrx_word' id='word_1_273' title='bbox 449 2249 702 2321; x_wconf 77' lang='grc' dir='ltr'>άράϐδῳ,</span> <span class='ocrx_word' id='word_1_274' title='bbox 758 2251 853 2303; x_wconf 72' lang='grc' dir='ltr'>καὶ</span> <span class='ocrx_word' id='word_1_275' title='bbox 906 2250 1245 2321; x_wconf 87' lang='grc' dir='ltr'>μονοχίτωνι,</span> <span class='ocrx_word' id='word_1_276' title='bbox 1315 2250 1397 2303; x_wconf 74' lang='grc' dir='ltr'>ἔτι</span> <span class='ocrx_word' id='word_1_277' title='bbox 1454 2251 1550 2305; x_wconf 75' lang='grc' dir='ltr'>καὶ</span> <span class='ocrx_word' id='word_1_278' title='bbox 1603 2267 1879 2322; x_wconf 82' lang='grc' dir='ltr'>γυμνοπο-</span> 
     </span>
    </p>
   </div>
   <div class='ocr_carea' id='block_1_38' title="bbox 294 2337 1879 2414">
    <p class='ocr_par' dir='ltr' id='par_1_38' title="bbox 294 2337 1879 2414">
     <span class='ocr_line' id='line_1_38' title="bbox 294 2337 1879 2414; baseline 0.002 -22"><span class='ocrx_word' id='word_1_279' title='bbox 294 2339 413 2392; x_wconf 81' lang='grc' dir='ltr'>δεῖν</span> <span class='ocrx_word' id='word_1_280' title='bbox 444 2340 574 2411; x_wconf 83' lang='grc'>(95),</span> <span class='ocrx_word' id='word_1_281' title='bbox 609 2341 696 2395; x_wconf 75' lang='grc' dir='ltr'>ἵνα</span> <span class='ocrx_word' id='word_1_282' title='bbox 724 2337 964 2411; x_wconf 78' lang='grc' dir='ltr'>φανῶσιν</span> <span class='ocrx_word' id='word_1_283' title='bbox 983 2341 1220 2405; x_wconf 66' lang='lat' dir='ltr'><strong>aindas;</strong></span> <span class='ocrx_word' id='word_1_284' title='bbox 1246 2341 1436 2414; x_wconf 85' lang='grc' dir='ltr'>ὡραῖοι</span> <span class='ocrx_word' id='word_1_285' title='bbox 1464 2341 1573 2395; x_wconf 87' lang='grc' dir='ltr'><strong>τῶν</strong></span> <span class='ocrx_word' id='word_1_286' title='bbox 1594 2341 1879 2411; x_wconf 82' lang='grc' dir='ltr'>εὐαγγελι-</span> 
     </span>
    </p>
   </div>
   <div class='ocr_carea' id='block_1_39' title="bbox 297 2431 1879 2504">
    <p class='ocr_par' dir='ltr' id='par_1_39' title="bbox 297 2431 1879 2504">
     <span class='ocr_line' id='line_1_39' title="bbox 297 2431 1879 2504; baseline 0.001 -20"><span class='ocrx_word' id='word_1_287' title='bbox 297 2431 541 2502; x_wconf 83' lang='grc' dir='ltr'>ζομένων</span> <span class='ocrx_word' id='word_1_288' title='bbox 568 2433 810 2504; x_wconf 80' lang='grc' dir='ltr'>εἰρήνην,</span> <span class='ocrx_word' id='word_1_289' title='bbox 843 2434 937 2486; x_wconf 78' lang='grc' dir='ltr'><strong>καὶ</strong></span> <span class='ocrx_word' id='word_1_290' title='bbox 959 2432 1085 2486; x_wconf 87' lang='grc' dir='ltr'>ἄλλο</span> <span class='ocrx_word' id='word_1_291' title='bbox 1109 2434 1216 2486; x_wconf 85' lang='grc' dir='ltr'>πᾶν</span> <span class='ocrx_word' id='word_1_292' title='bbox 1244 2432 1468 2501; x_wconf 86' lang='grc' dir='ltr'>ἀγαθόν.</span> <span class='ocrx_word' id='word_1_293' title='bbox 1507 2434 1564 2487; x_wconf 87' lang='lat'><strong>&#39;0</strong></span> <span class='ocrx_word' id='word_1_294' title='bbox 1588 2433 1644 2487; x_wconf 86' lang='grc' dir='ltr'>δὲ</span> <span class='ocrx_word' id='word_1_295' title='bbox 1665 2433 1879 2502; x_wconf 82' lang='grc' dir='ltr'>φεύγων</span> 
     </span>
    </p>
   </div>
   <div class='ocr_carea' id='block_1_40' title="bbox 294 2522 1877 2593">
    <p class='ocr_par' dir='ltr' id='par_1_40' title="bbox 294 2522 1877 2593">
     <span class='ocr_line' id='line_1_40' title="bbox 294 2522 1877 2593; baseline 0.001 -18"><span class='ocrx_word' id='word_1_296' title='bbox 294 2522 575 2589; x_wconf 75' lang='grc' dir='ltr'>Αἴγυπτόν</span> <span class='ocrx_word' id='word_1_297' title='bbox 619 2539 678 2574; x_wconf 90' lang='grc' dir='ltr'><strong>τε</strong></span> <span class='ocrx_word' id='word_1_298' title='bbox 710 2523 807 2575; x_wconf 75' lang='grc' dir='ltr'>καὶ</span> <span class='ocrx_word' id='word_1_299' title='bbox 849 2522 918 2575; x_wconf 81' lang='grc' dir='ltr'>τὰ</span> <span class='ocrx_word' id='word_1_300' title='bbox 959 2522 1248 2591; x_wconf 83' lang='grc' dir='ltr'>Αἰγύπτια,</span> <span class='ocrx_word' id='word_1_301' title='bbox 1289 2523 1647 2587; x_wconf 86' lang='grc' dir='ltr'>ὑποδεδέσθω,</span> <span class='ocrx_word' id='word_1_302' title='bbox 1679 2525 1777 2593; x_wconf 85' lang='grc' dir='ltr'>τῆς</span> <span class='ocrx_word' id='word_1_303' title='bbox 1818 2540 1877 2576; x_wconf 86' lang='grc' dir='ltr'><strong>τε</strong></span> 
     </span>
    </p>
   </div>
   <div class='ocr_carea' id='block_1_41' title="bbox 296 2610 1880 2683">
    <p class='ocr_par' dir='ltr' id='par_1_41' title="bbox 296 2610 1880 2683">
     <span class='ocr_line' id='line_1_41' title="bbox 296 2610 1880 2683; baseline -0.001 -17"><span class='ocrx_word' id='word_1_304' title='bbox 296 2610 468 2682; x_wconf 79' lang='grc' dir='ltr'>ἄλλης</span> <span class='ocrx_word' id='word_1_305' title='bbox 494 2610 791 2680; x_wconf 79' lang='grc' dir='ltr'>ἀσφαλείας</span> <span class='ocrx_word' id='word_1_306' title='bbox 812 2610 978 2665; x_wconf 73' lang='grc' dir='ltr'>ἕνεκα</span> <span class='ocrx_word' id='word_1_307' title='bbox 1011 2611 1106 2664; x_wconf 76' lang='grc' dir='ltr'><strong>καὶ</strong></span> <span class='ocrx_word' id='word_1_308' title='bbox 1138 2612 1238 2680; x_wconf 79' lang='grc' dir='ltr'>τῆς</span> <span class='ocrx_word' id='word_1_309' title='bbox 1270 2612 1407 2683; x_wconf 87' lang='grc' dir='ltr'>πρὸς</span> <span class='ocrx_word' id='word_1_310' title='bbox 1428 2613 1554 2674; x_wconf 76' lang='grc' dir='ltr'>τοὺς</span> <span class='ocrx_word' id='word_1_311' title='bbox 1588 2611 1880 2680; x_wconf 84' lang='grc' dir='ltr'>σκορπίους</span> 
     </span>
    </p>
   </div>
   <div class='ocr_carea' id='block_1_42' title="bbox 298 2701 1876 2774">
    <p class='ocr_par' dir='ltr' id='par_1_42' title="bbox 298 2701 1876 2774">
     <span class='ocr_line' id='line_1_42' title="bbox 298 2701 1876 2774; baseline -0.002 -16"><span class='ocrx_word' id='word_1_312' title='bbox 298 2704 400 2758; x_wconf 77' lang='grc' dir='ltr'><strong>καὶ</strong></span> <span class='ocrx_word' id='word_1_313' title='bbox 440 2703 564 2766; x_wconf 78' lang='grc' dir='ltr'>τοὺς</span> <span class='ocrx_word' id='word_1_314' title='bbox 590 2703 765 2771; x_wconf 74' lang='grc' dir='ltr'>ὄφεις,</span> <span class='ocrx_word' id='word_1_315' title='bbox 796 2701 890 2765; x_wconf 81' lang='grc' dir='ltr'><strong>οὓς</strong></span> <span class='ocrx_word' id='word_1_316' title='bbox 931 2703 1027 2756; x_wconf 76' lang='grc' dir='ltr'>καὶ</span> <span class='ocrx_word' id='word_1_317' title='bbox 1077 2702 1305 2766; x_wconf 84' lang='grc' dir='ltr'>πολλοὺς</span> <span class='ocrx_word' id='word_1_318' title='bbox 1350 2703 1623 2771; x_wconf 79' lang='grc' dir='ltr'>Αἴγυπτος</span> <span class='ocrx_word' id='word_1_319' title='bbox 1668 2702 1876 2774; x_wconf 83' lang='grc' dir='ltr'>τρέφει,</span> 
     </span>
    </p>
   </div>
   <div class='ocr_carea' id='block_1_43' title="bbox 294 2789 1876 2863">
    <p class='ocr_par' dir='ltr' id='par_1_43' title="bbox 294 2789 1876 2863">
     <span class='ocr_line' id='line_1_43' title="bbox 294 2789 1876 2863; baseline -0.001 -18"><span class='ocrx_word' id='word_1_320' title='bbox 294 2791 443 2845; x_wconf 81' lang='grc' dir='ltr'>ὥστε</span> <span class='ocrx_word' id='word_1_321' title='bbox 473 2790 547 2861; x_wconf 79' lang='grc' dir='ltr'><strong>μὴ</strong></span> <span class='ocrx_word' id='word_1_322' title='bbox 578 2789 903 2860; x_wconf 85' lang='grc' dir='ltr'>βλάπτεσθαι</span> <span class='ocrx_word' id='word_1_323' title='bbox 938 2790 1089 2862; x_wconf 80' lang='grc' dir='ltr'>παρὰ</span> <span class='ocrx_word' id='word_1_324' title='bbox 1122 2790 1230 2843; x_wconf 90' lang='grc' dir='ltr'><strong>τῶν</strong></span> <span class='ocrx_word' id='word_1_325' title='bbox 1253 2789 1559 2861; x_wconf 81' lang='grc' dir='ltr'>τηρούντων</span> <span class='ocrx_word' id='word_1_326' title='bbox 1588 2790 1685 2862; x_wconf 81' lang='grc' dir='ltr'>τὴν</span> <span class='ocrx_word' id='word_1_327' title='bbox 1710 2791 1876 2863; x_wconf 85' lang='grc' dir='ltr'>πτέρ-</span> 
     </span>
    </p>
   </div>
   <div class='ocr_carea' id='block_1_44' title="bbox 294 2881 1881 2954">
    <p class='ocr_par' dir='ltr' id='par_1_44' title="bbox 294 2881 1881 2954">
     <span class='ocr_line' id='line_1_44' title="bbox 294 2881 1881 2954; baseline -0.002 -17"><span class='ocrx_word' id='word_1_328' title='bbox 294 2901 421 2948; x_wconf 78' lang='grc' dir='ltr'>ναν,</span> <span class='ocrx_word' id='word_1_329' title='bbox 460 2883 554 2946; x_wconf 82' lang='grc' dir='ltr'><strong>οὓς</strong></span> <span class='ocrx_word' id='word_1_330' title='bbox 591 2885 782 2937; x_wconf 83' lang='grc' dir='ltr'>πατεῖν</span> <span class='ocrx_word' id='word_1_331' title='bbox 826 2881 1247 2953; x_wconf 84' lang='grc' dir='ltr'>ὲκελεύσθημεν.</span> <span class='ocrx_word' id='word_1_332' title='bbox 1283 2882 1421 2954; x_wconf 74' lang='grc' dir='ltr'>Περὶ</span> <span class='ocrx_word' id='word_1_333' title='bbox 1461 2882 1517 2935; x_wconf 82' lang='grc' dir='ltr'>δὲ</span> <span class='ocrx_word' id='word_1_334' title='bbox 1552 2882 1651 2953; x_wconf 84' lang='grc' dir='ltr'>τῆς</span> <span class='ocrx_word' id='word_1_335' title='bbox 1673 2881 1881 2952; x_wconf 77' lang='grc' dir='ltr'>βακτη-</span> 
     </span>
    </p>
   </div>
   <div class='ocr_carea' id='block_1_45' title="bbox 300 2971 1879 3048">
    <p class='ocr_par' dir='ltr' id='par_1_45' title="bbox 300 2971 1879 3048">
     <span class='ocr_line' id='line_1_45' title="bbox 300 2971 1879 3048; baseline -0.003 -21"><span class='ocrx_word' id='word_1_336' title='bbox 300 2975 427 3048; x_wconf 87' lang='grc' dir='ltr'>ρίας</span> <span class='ocrx_word' id='word_1_337' title='bbox 474 2975 644 3038; x_wconf 72' lang='grc' dir='ltr'>οὕτως</span> <span class='ocrx_word' id='word_1_338' title='bbox 679 2974 807 3045; x_wconf 76' lang='grc' dir='ltr'>ἔχω,</span> <span class='ocrx_word' id='word_1_339' title='bbox 845 2976 939 3027; x_wconf 76' lang='grc' dir='ltr'><strong>καὶ</strong></span> <span class='ocrx_word' id='word_1_340' title='bbox 965 2973 1058 3026; x_wconf 87' lang='grc' dir='ltr'><strong>τοῦ</strong></span> <span class='ocrx_word' id='word_1_341' title='bbox 1094 2972 1222 3044; x_wconf 72' lang='grc' dir='ltr'>περὶ</span> <span class='ocrx_word' id='word_1_342' title='bbox 1250 2972 1457 3042; x_wconf 87' lang='grc' dir='ltr'>ταύτην</span> <span class='ocrx_word' id='word_1_343' title='bbox 1484 2971 1595 3042; x_wconf 87' lang='grc'>(96)</span> <span class='ocrx_word' id='word_1_344' title='bbox 1624 2972 1879 3042; x_wconf 80' lang='grc' dir='ltr'>αἰνίγμα-</span> 
     </span>
    </p>
   </div>
   <div class='ocr_carea' id='block_1_46' title="bbox 294 3058 1878 3137">
    <p class='ocr_par' dir='ltr' id='par_1_46' title="bbox 294 3058 1878 3137">
     <span class='ocr_line' id='line_1_46' title="bbox 294 3058 1878 3137; baseline -0.003 -18"><span class='ocrx_word' id='word_1_345' title='bbox 294 3083 417 3129; x_wconf 80' lang='grc' dir='ltr'>τος.</span> <span class='ocrx_word' id='word_1_346' title='bbox 448 3066 560 3137; x_wconf 82' lang='grc' dir='ltr'><strong>Τὴν</strong></span> <span class='ocrx_word' id='word_1_347' title='bbox 596 3066 692 3136; x_wconf 78' lang='grc' dir='ltr'>μὲν</span> <span class='ocrx_word' id='word_1_348' title='bbox 725 3065 1110 3137; x_wconf 82' lang='grc' dir='ltr'>ὑπερειστικὴν</span> <span class='ocrx_word' id='word_1_349' title='bbox 1146 3058 1283 3125; x_wconf 74' lang='grc' dir='ltr'>οἴδα,</span> <span class='ocrx_word' id='word_1_350' title='bbox 1309 3063 1406 3133; x_wconf 81' lang='grc' dir='ltr'>τὴν</span> <span class='ocrx_word' id='word_1_351' title='bbox 1435 3063 1490 3115; x_wconf 83' lang='grc' dir='ltr'>δὲ</span> <span class='ocrx_word' id='word_1_352' title='bbox 1516 3063 1878 3132; x_wconf 86' lang='grc' dir='ltr'>ποιμαντικήν</span> 
     </span>
    </p>
   </div>
   <div class='ocr_carea' id='block_1_47' title="bbox 293 3152 1880 3227">
    <p class='ocr_par' dir='ltr' id='par_1_47' title="bbox 293 3152 1880 3227">
     <span class='ocr_line' id='line_1_47' title="bbox 293 3152 1880 3227; baseline -0.004 -16"><span class='ocrx_word' id='word_1_353' title='bbox 293 3174 363 3211; x_wconf 80' lang='grc' dir='ltr'><strong>τε</strong></span> <span class='ocrx_word' id='word_1_354' title='bbox 394 3157 486 3210; x_wconf 75' lang='grc' dir='ltr'><strong>καὶ</strong></span> <span class='ocrx_word' id='word_1_355' title='bbox 507 3156 911 3227; x_wconf 85' lang='grc' dir='ltr'>διδασκαλικὴν,</span> <span class='ocrx_word' id='word_1_356' title='bbox 939 3155 1034 3208; x_wconf 71' lang='grc' dir='ltr'>καὶ</span> <span class='ocrx_word' id='word_1_357' title='bbox 1050 3154 1120 3206; x_wconf 82' lang='grc' dir='ltr'><strong>τά</strong></span> <span class='ocrx_word' id='word_1_358' title='bbox 1141 3152 1333 3222; x_wconf 86' lang='grc' dir='ltr'>λογικά</span> <span class='ocrx_word' id='word_1_359' title='bbox 1361 3153 1610 3223; x_wconf 77' lang='grc' dir='ltr'>πρόϐατα</span> <span class='ocrx_word' id='word_1_360' title='bbox 1635 3152 1880 3223; x_wconf 77' lang='grc' dir='ltr'>ἐπιστρέ-</span> 
     </span>
    </p>
   </div>
   <div class='ocr_carea' id='block_1_48' title="bbox 297 3241 1881 3317">
    <p class='ocr_par' dir='ltr' id='par_1_48' title="bbox 297 3241 1881 3317">
     <span class='ocr_line' id='line_1_48' title="bbox 297 3241 1881 3317; baseline -0.004 -17"><span class='ocrx_word' id='word_1_361' title='bbox 297 3263 533 3317; x_wconf 83' lang='grc' dir='ltr'>φουσαν.</span> <span class='ocrx_word' id='word_1_362' title='bbox 580 3245 740 3298; x_wconf 80' lang='grc' dir='ltr'><strong>Ἀλλὰ</strong></span> <span class='ocrx_word' id='word_1_363' title='bbox 767 3247 849 3298; x_wconf 78' lang='grc' dir='ltr'><strong>σοὶ</strong></span> <span class='ocrx_word' id='word_1_364' title='bbox 876 3243 971 3297; x_wconf 79' lang='grc' dir='ltr'><strong>νῦν</strong></span> <span class='ocrx_word' id='word_1_365' title='bbox 999 3244 1097 3315; x_wconf 78' lang='grc' dir='ltr'>τὴν</span> <span class='ocrx_word' id='word_1_366' title='bbox 1120 3242 1506 3314; x_wconf 82' lang='grc' dir='ltr'>ὑπερείδουσαν</span> <span class='ocrx_word' id='word_1_367' title='bbox 1536 3245 1564 3296; x_wconf 84' lang='grc' dir='ltr'>ὁ</span> <span class='ocrx_word' id='word_1_368' title='bbox 1584 3241 1747 3313; x_wconf 82' lang='grc' dir='ltr'>νόμος</span> <span class='ocrx_word' id='word_1_369' title='bbox 1766 3242 1881 3295; x_wconf 86' lang='grc' dir='ltr'>δια-</span> 
     </span>
    </p>
   </div>
   <div class='ocr_carea' id='block_1_49' title="bbox 298 3329 1876 3408">
    <p class='ocr_par' dir='ltr' id='par_1_49' title="bbox 298 3329 1876 3408">
     <span class='ocr_line' id='line_1_49' title="bbox 298 3329 1876 3408; baseline -0.004 -16"><span class='ocrx_word' id='word_1_370' title='bbox 298 3337 606 3401; x_wconf 85' lang='grc' dir='ltr'>κελεύεται,</span> <span class='ocrx_word' id='word_1_371' title='bbox 643 3339 825 3408; x_wconf 84' lang='grc' dir='ltr'>μήπου</span> <span class='ocrx_word' id='word_1_372' title='bbox 857 3336 949 3389; x_wconf 84' lang='grc' dir='ltr'><strong>τὸν</strong></span> <span class='ocrx_word' id='word_1_373' title='bbox 976 3335 1232 3405; x_wconf 85' lang='grc' dir='ltr'>λογισμὸν</span> <span class='ocrx_word' id='word_1_374' title='bbox 1260 3334 1516 3405; x_wconf 82' lang='grc' dir='ltr'>ὀκλάσῃς,</span> <span class='ocrx_word' id='word_1_375' title='bbox 1550 3329 1691 3407; x_wconf 76' lang='grc' dir='ltr'>αἷμα</span> <span class='ocrx_word' id='word_1_376' title='bbox 1719 3333 1876 3399; x_wconf 86' lang='grc' dir='ltr'>Θεοῦ,</span> 
     </span>
    </p>
   </div>
   <div class='ocr_carea' id='block_1_50' title="bbox 297 3424 1879 3496">
    <p class='ocr_par' dir='ltr' id='par_1_50' title="bbox 297 3424 1879 3496">
     <span class='ocr_line' id='line_1_50' title="bbox 297 3424 1879 3496; baseline -0.003 -15"><span class='ocrx_word' id='word_1_377' title='bbox 297 3428 402 3481; x_wconf 72' lang='grc' dir='ltr'><strong>καὶ</strong></span> <span class='ocrx_word' id='word_1_378' title='bbox 435 3427 608 3493; x_wconf 66' lang='grc' dir='ltr'>πάθος</span> <span class='ocrx_word' id='word_1_379' title='bbox 636 3426 866 3491; x_wconf 85' lang='grc' dir='ltr'>ἁκούων,</span> <span class='ocrx_word' id='word_1_380' title='bbox 896 3426 989 3479; x_wconf 73' lang='grc' dir='ltr'><strong>καὶ</strong></span> <span class='ocrx_word' id='word_1_381' title='bbox 1024 3426 1270 3489; x_wconf 81' lang='grc' dir='ltr'>θάνατον,</span> <span class='ocrx_word' id='word_1_382' title='bbox 1310 3425 1495 3496; x_wconf 81' lang='grc' dir='ltr'>μήπου</span> <span class='ocrx_word' id='word_1_383' title='bbox 1527 3424 1879 3496; x_wconf 83' lang='grc' dir='ltr'>περιενεχθῇς</span> 
     </span>
    </p>
   </div>
   <div class='ocr_carea' id='block_1_51' title="bbox 297 3514 1881 3587">
    <p class='ocr_par' dir='ltr' id='par_1_51' title="bbox 297 3514 1881 3587">
     <span class='ocr_line' id='line_1_51' title="bbox 297 3514 1881 3587; baseline -0.004 -13"><span class='ocrx_word' id='word_1_384' title='bbox 297 3519 500 3582; x_wconf 84' lang='grc' dir='ltr'>ἀθέως,</span> <span class='ocrx_word' id='word_1_385' title='bbox 529 3518 604 3581; x_wconf 87' lang='grc' dir='ltr'><strong>ὡς</strong></span> <span class='ocrx_word' id='word_1_386' title='bbox 635 3516 770 3570; x_wconf 87' lang='grc' dir='ltr'>Θεοῦ</span> <span class='ocrx_word' id='word_1_387' title='bbox 801 3517 1096 3587; x_wconf 83' lang='grc' dir='ltr'>συνήγορος</span> <span class='ocrx_word' id='word_1_388' title='bbox 1118 3532 1131 3546; x_wconf 89' lang='grc'><strong>·</strong></span> <span class='ocrx_word' id='word_1_389' title='bbox 1160 3516 1274 3570; x_wconf 85' lang='grc' dir='ltr'>ἀλλ’</span> <span class='ocrx_word' id='word_1_390' title='bbox 1313 3514 1755 3585; x_wconf 85' lang='grc' dir='ltr'>ἀνεπαισχύντως</span> <span class='ocrx_word' id='word_1_391' title='bbox 1787 3515 1881 3568; x_wconf 80' lang='grc' dir='ltr'><strong>καὶ</strong></span> 
     </span>
    </p>
   </div>
   <div class='ocr_carea' id='block_1_52' title="bbox 298 3601 1881 3678">
    <p class='ocr_par' dir='ltr' id='par_1_52' title="bbox 298 3601 1881 3678">
     <span class='ocr_line' id='line_1_52' title="bbox 298 3601 1881 3678; baseline -0.002 -15"><span class='ocrx_word' id='word_1_392' title='bbox 298 3609 711 3673; x_wconf 80' lang='grc' dir='ltr'>ἀνενδοιάστως,</span> <span class='ocrx_word' id='word_1_393' title='bbox 761 3607 903 3677; x_wconf 84' lang='grc' dir='ltr'>φάγε</span> <span class='ocrx_word' id='word_1_394' title='bbox 955 3607 1016 3660; x_wconf 87' lang='grc' dir='ltr'>τὸ</span> <span class='ocrx_word' id='word_1_395' title='bbox 1065 3607 1242 3678; x_wconf 88' lang='grc' dir='ltr'>σῶμα,</span> <span class='ocrx_word' id='word_1_396' title='bbox 1276 3608 1366 3660; x_wconf 86' lang='grc' dir='ltr'>πίε</span> <span class='ocrx_word' id='word_1_397' title='bbox 1405 3607 1466 3661; x_wconf 86' lang='grc' dir='ltr'>τὸ</span> <span class='ocrx_word' id='word_1_398' title='bbox 1496 3601 1654 3677; x_wconf 76' lang='grc' dir='ltr'>αἷμα,</span> <span class='ocrx_word' id='word_1_399' title='bbox 1698 3610 1747 3660; x_wconf 84' lang='grc' dir='ltr'><strong>εί</strong></span> <span class='ocrx_word' id='word_1_400' title='bbox 1783 3607 1881 3677; x_wconf 85' lang='grc' dir='ltr'><strong>τῆς</strong></span> 
     </span>
    </p>
   </div>
   <div class='ocr_carea' id='block_1_53' title="bbox 298 3698 1883 3773">
    <p class='ocr_par' dir='ltr' id='par_1_53' title="bbox 298 3698 1883 3773">
     <span class='ocr_line' id='line_1_53' title="bbox 298 3698 1883 3773; baseline -0.004 -17"><span class='ocrx_word' id='word_1_401' title='bbox 298 3703 452 3773; x_wconf 76' lang='grc' dir='ltr'>ζωῆς</span> <span class='ocrx_word' id='word_1_402' title='bbox 511 3699 923 3772; x_wconf 78' lang='grc' dir='ltr'>ἐπιθυμητικῶς</span> <span class='ocrx_word' id='word_1_403' title='bbox 975 3698 1140 3769; x_wconf 77' lang='grc' dir='ltr'>ἔχεις,</span> <span class='ocrx_word' id='word_1_404' title='bbox 1208 3701 1343 3771; x_wconf 85' lang='grc' dir='ltr'>μήτε</span> <span class='ocrx_word' id='word_1_405' title='bbox 1405 3702 1517 3763; x_wconf 84' lang='grc' dir='ltr'>τοῖς</span> <span class='ocrx_word' id='word_1_406' title='bbox 1578 3699 1707 3770; x_wconf 84' lang='grc' dir='ltr'>περὶ</span> <span class='ocrx_word' id='word_1_407' title='bbox 1752 3715 1883 3771; x_wconf 90' lang='grc' dir='ltr'>σαρ-</span> 
     </span>
    </p>
   </div>
   <div class='ocr_carea' id='block_1_54' title="bbox 300 3788 1881 3862">
    <p class='ocr_par' dir='ltr' id='par_1_54' title="bbox 300 3788 1881 3862">
     <span class='ocr_line' id='line_1_54' title="bbox 300 3788 1881 3862; baseline -0.002 -17"><span class='ocrx_word' id='word_1_408' title='bbox 300 3793 399 3855; x_wconf 81' lang='grc' dir='ltr'><strong>κὸς</strong></span> <span class='ocrx_word' id='word_1_409' title='bbox 446 3791 557 3862; x_wconf 81' lang='grc'>(97)</span> <span class='ocrx_word' id='word_1_410' title='bbox 589 3790 833 3844; x_wconf 88' lang='grc' dir='ltr'>ἀπιστῶν</span> <span class='ocrx_word' id='word_1_411' title='bbox 871 3790 1067 3859; x_wconf 85' lang='grc' dir='ltr'>λόγοις,</span> <span class='ocrx_word' id='word_1_412' title='bbox 1120 3790 1256 3862; x_wconf 85' lang='grc' dir='ltr'>μήτε</span> <span class='ocrx_word' id='word_1_413' title='bbox 1299 3793 1412 3853; x_wconf 90' lang='grc' dir='ltr'>τοῖς</span> <span class='ocrx_word' id='word_1_414' title='bbox 1454 3789 1582 3861; x_wconf 74' lang='grc' dir='ltr'>περὶ</span> <span class='ocrx_word' id='word_1_415' title='bbox 1622 3790 1684 3843; x_wconf 84' lang='grc' dir='ltr'><strong>τὸ</strong></span> <span class='ocrx_word' id='word_1_416' title='bbox 1709 3788 1881 3853; x_wconf 82' lang='grc' dir='ltr'>πάθος</span> 
     </span>
    </p>
   </div>
   <div class='ocr_carea' id='block_1_55' title="bbox 302 3879 1879 3954">
    <p class='ocr_par' dir='ltr' id='par_1_55' title="bbox 302 3879 1879 3954">
     <span class='ocr_line' id='line_1_55' title="bbox 302 3879 1879 3954; baseline -0.001 -19"><span class='ocrx_word' id='word_1_417' title='bbox 302 3882 692 3954; x_wconf 84' lang='grc' dir='ltr'>βλαπτόμενος.</span> <span class='ocrx_word' id='word_1_418' title='bbox 737 3881 1158 3951; x_wconf 85' lang='grc' dir='ltr'>Ἐρηρεισμένος</span> <span class='ocrx_word' id='word_1_419' title='bbox 1204 3882 1411 3946; x_wconf 77' lang='grc' dir='ltr'>ἵστασο,</span> <span class='ocrx_word' id='word_1_420' title='bbox 1453 3883 1670 3950; x_wconf 86' lang='grc' dir='ltr'>πάγιος,</span> <span class='ocrx_word' id='word_1_421' title='bbox 1716 3879 1879 3952; x_wconf 74' lang='grc' dir='ltr'>βεϐη-</span> 
     </span>
    </p>
   </div>
   <div class='ocr_carea' id='block_1_56' title="bbox 301 3973 1877 4046">
    <p class='ocr_par' dir='ltr' id='par_1_56' title="bbox 301 3973 1877 4046">
     <span class='ocr_line' id='line_1_56' title="bbox 301 3973 1877 4046; baseline -0.004 -16"><span class='ocrx_word' id='word_1_422' title='bbox 301 3976 438 4043; x_wconf 81' lang='grc' dir='ltr'>κὼς,</span> <span class='ocrx_word' id='word_1_423' title='bbox 468 3977 526 4030; x_wconf 83' lang='grc' dir='ltr'>ὲν</span> <span class='ocrx_word' id='word_1_424' title='bbox 567 3975 757 4046; x_wconf 75' lang='grc' dir='ltr'>μηδενὶ</span> <span class='ocrx_word' id='word_1_425' title='bbox 796 3974 1152 4044; x_wconf 81' lang='grc' dir='ltr'>σαλευόμενος</span> <span class='ocrx_word' id='word_1_426' title='bbox 1189 3974 1293 4027; x_wconf 81' lang='grc' dir='ltr'><strong>ὑπὸ</strong></span> <span class='ocrx_word' id='word_1_427' title='bbox 1329 3973 1437 4027; x_wconf 87' lang='grc' dir='ltr'><strong>τῶν</strong></span> <span class='ocrx_word' id='word_1_428' title='bbox 1467 3973 1877 4042; x_wconf 82' lang='grc' dir='ltr'>ἀντικειμένων,</span> 
     </span>
    </p>
   </div>
   <div class='ocr_carea' id='block_1_57' title="bbox 307 4064 1881 4140">
    <p class='ocr_par' dir='ltr' id='par_1_57' title="bbox 307 4064 1881 4140">
     <span class='ocr_line' id='line_1_57' title="bbox 307 4064 1881 4140; baseline -0.004 -17"><span class='ocrx_word' id='word_1_429' title='bbox 307 4070 447 4140; x_wconf 84' lang='grc' dir='ltr'>μηδὲ</span> <span class='ocrx_word' id='word_1_430' title='bbox 504 4068 859 4140; x_wconf 87' lang='grc' dir='ltr'>πιθανότητος</span> <span class='ocrx_word' id='word_1_431' title='bbox 909 4067 1087 4137; x_wconf 85' lang='grc' dir='ltr'>λόγοις</span> <span class='ocrx_word' id='word_1_432' title='bbox 1141 4066 1613 4138; x_wconf 79' lang='grc' dir='ltr'>παρασυρόμενος.</span> <span class='ocrx_word' id='word_1_433' title='bbox 1660 4065 1782 4118; x_wconf 75' lang='grc' dir='ltr'><strong>Ἐπὶ</strong></span> <span class='ocrx_word' id='word_1_434' title='bbox 1821 4064 1881 4118; x_wconf 78' lang='grc' dir='ltr'><strong>τὸ</strong></span> 
     </span>
    </p>
   </div>
   <div class='ocr_carea' id='block_1_58' title="bbox 303 4159 1881 4230">
    <p class='ocr_par' dir='ltr' id='par_1_58' title="bbox 303 4159 1881 4230">
     <span class='ocr_line' id='line_1_58' title="bbox 303 4159 1881 4230; baseline -0.003 -15"><span class='ocrx_word' id='word_1_435' title='bbox 303 4162 440 4228; x_wconf 73' lang='grc' dir='ltr'>ὕψος</span> <span class='ocrx_word' id='word_1_436' title='bbox 507 4159 732 4214; x_wconf 84' lang='grc' dir='ltr'>σεαυτοῦ</span> <span class='ocrx_word' id='word_1_437' title='bbox 788 4159 973 4230; x_wconf 81' lang='grc' dir='ltr'>στῆθι,</span> <span class='ocrx_word' id='word_1_438' title='bbox 1044 4161 1101 4213; x_wconf 76' lang='grc' dir='ltr'>ὲν</span> <span class='ocrx_word' id='word_1_439' title='bbox 1164 4160 1285 4222; x_wconf 86' lang='grc' dir='ltr'>ταῖς</span> <span class='ocrx_word' id='word_1_440' title='bbox 1345 4159 1536 4221; x_wconf 81' lang='grc' dir='ltr'>αὐλαῖς</span> <span class='ocrx_word' id='word_1_441' title='bbox 1612 4159 1881 4229; x_wconf 84' lang='grc' dir='ltr'>Ἰερουσα-</span> 
     </span>
    </p>
   </div>
   <div class='ocr_carea' id='block_1_59' title="bbox 303 4248 1879 4324">
    <p class='ocr_par' dir='ltr' id='par_1_59' title="bbox 303 4248 1879 4324">
     <span class='ocr_line' id='line_1_59' title="bbox 303 4248 1879 4324; baseline -0.004 -16"><span class='ocrx_word' id='word_1_442' title='bbox 303 4255 421 4324; x_wconf 84' lang='grc' dir='ltr'>λὴμ</span> <span class='ocrx_word' id='word_1_443' title='bbox 469 4253 663 4323; x_wconf 81' lang='grc' dir='ltr'>στῆσον</span> <span class='ocrx_word' id='word_1_444' title='bbox 703 4252 827 4315; x_wconf 82' lang='grc' dir='ltr'>τοὺς</span> <span class='ocrx_word' id='word_1_445' title='bbox 873 4251 1058 4313; x_wconf 83' lang='grc' dir='ltr'>πόδας,</span> <span class='ocrx_word' id='word_1_446' title='bbox 1098 4249 1192 4302; x_wconf 77' lang='grc' dir='ltr'>ἐπὶ</span> <span class='ocrx_word' id='word_1_447' title='bbox 1221 4250 1319 4318; x_wconf 80' lang='grc' dir='ltr'>τῆς</span> <span class='ocrx_word' id='word_1_448' title='bbox 1354 4249 1561 4321; x_wconf 81' lang='grc' dir='ltr'>πέτρας</span> <span class='ocrx_word' id='word_1_449' title='bbox 1589 4248 1701 4320; x_wconf 87' lang='grc'>(98)</span> <span class='ocrx_word' id='word_1_450' title='bbox 1736 4248 1879 4320; x_wconf 74' lang='grc' dir='ltr'>ἐρει-</span> 
     </span>
    </p>
   </div>
   <div class='ocr_carea' id='block_1_60' title="bbox 1983 1771 3541 1841">
    <p class='ocr_par' dir='ltr' id='par_1_60' title="bbox 1983 1771 3541 1841">
     <span class='ocr_line' id='line_1_60' title="bbox 1983 1771 3541 1841; baseline 0.004 -16"><span class='ocrx_word' id='word_1_451' title='bbox 1983 1771 2303 1841; x_wconf 90' lang='lat' dir='ltr'><strong>impressam</strong></span> <span class='ocrx_word' id='word_1_452' title='bbox 2373 1783 2720 1830; x_wconf 86' lang='lat' dir='ltr'><strong>contacturus</strong></span> <span class='ocrx_word' id='word_1_453' title='bbox 2776 1784 2880 1841; x_wconf 87' lang='lat' dir='ltr'><strong>est,</strong></span> <span class='ocrx_word' id='word_1_454' title='bbox 2941 1774 3304 1830; x_wconf 85' lang='lat' dir='ltr'><strong>calceamenta</strong></span> <span class='ocrx_word' id='word_1_455' title='bbox 3347 1775 3541 1841; x_wconf 87' lang='lat' dir='ltr'><strong>solvat,</strong></span> 
     </span>
    </p>
   </div>
   <div class='ocr_carea' id='block_1_61' title="bbox 1976 1864 3546 1934">
    <p class='ocr_par' dir='ltr' id='par_1_61' title="bbox 1976 1864 3546 1934">
     <span class='ocr_line' id='line_1_61' title="bbox 1976 1864 3546 1934; baseline 0.001 -15"><span class='ocrx_word' id='word_1_456' title='bbox 1976 1865 2428 1934; x_wconf 85' lang='lat' dir='ltr'><strong>quemadmodum</strong></span> <span class='ocrx_word' id='word_1_457' title='bbox 2453 1873 2510 1920; x_wconf 89' lang='lat' dir='ltr'><strong>et</strong></span> <span class='ocrx_word' id='word_1_458' title='bbox 2533 1864 2743 1934; x_wconf 82' lang='lat' dir='ltr'><strong>Moyses</strong></span> <span class='ocrx_word' id='word_1_459' title='bbox 2776 1865 2865 1921; x_wconf 89' lang='lat' dir='ltr'><strong>ille</strong></span> <span class='ocrx_word' id='word_1_460' title='bbox 2897 1866 2949 1920; x_wconf 92' lang='lat' dir='ltr'><strong>in</strong></span> <span class='ocrx_word' id='word_1_461' title='bbox 3004 1875 3185 1922; x_wconf 89' lang='lat' dir='ltr'><strong>monte</strong></span> <span class='ocrx_word' id='word_1_462' title='bbox 3216 1865 3283 1932; x_wconf 80' lang='lat'><strong>°°,</strong></span> <span class='ocrx_word' id='word_1_463' title='bbox 3317 1877 3376 1922; x_wconf 89' lang='lat' dir='ltr'><strong>ut</strong></span> <span class='ocrx_word' id='word_1_464' title='bbox 3412 1867 3546 1922; x_wconf 87' lang='lat' dir='ltr'><strong>nihil</strong></span> 
     </span>
    </p>
   </div>
   <div class='ocr_carea' id='block_1_62' title="bbox 1976 1954 3541 2029">
    <p class='ocr_par' dir='ltr' id='par_1_62' title="bbox 1976 1954 3541 2029">
     <span class='ocr_line' id='line_1_62' title="bbox 1976 1954 3541 2029; baseline 0.001 -17"><span class='ocrx_word' id='word_1_465' title='bbox 1976 1967 2247 2014; x_wconf 88' lang='lat' dir='ltr'><strong>mortuum</strong></span> <span class='ocrx_word' id='word_1_466' title='bbox 2277 1957 2436 2024; x_wconf 82' lang='lat' dir='ltr'><strong>ferat,</strong></span> <span class='ocrx_word' id='word_1_467' title='bbox 2472 1973 2571 2015; x_wconf 91' lang='lat' dir='ltr'><strong>nec</strong></span> <span class='ocrx_word' id='word_1_468' title='bbox 2602 1959 2744 2014; x_wconf 88' lang='lat' dir='ltr'><strong>inter</strong></span> <span class='ocrx_word' id='word_1_469' title='bbox 2775 1957 2945 2014; x_wconf 89' lang='lat' dir='ltr'><strong>Deum</strong></span> <span class='ocrx_word' id='word_1_470' title='bbox 2975 1969 3141 2029; x_wconf 88' lang='lat' dir='ltr'><strong>atque</strong></span> <span class='ocrx_word' id='word_1_471' title='bbox 3172 1954 3422 2016; x_wconf 80' lang='lat' dir='ltr'><strong>homines</strong></span> <span class='ocrx_word' id='word_1_472' title='bbox 3450 1962 3541 2015; x_wconf 90' lang='lat' dir='ltr'><strong>in-</strong></span> 
     </span>
    </p>
   </div>
   <div class='ocr_carea' id='block_1_63' title="bbox 1979 2048 3545 2123">
    <p class='ocr_par' dir='ltr' id='par_1_63' title="bbox 1979 2048 3545 2123">
     <span class='ocr_line' id='line_1_63' title="bbox 1979 2048 3545 2123; baseline 0.003 -20"><span class='ocrx_word' id='word_1_473' title='bbox 1979 2048 2317 2105; x_wconf 88' lang='lat' dir='ltr'><strong>termedium.</strong></span> <span class='ocrx_word' id='word_1_474' title='bbox 2349 2050 2627 2106; x_wconf 88' lang='lat' dir='ltr'><strong>Consimili</strong></span> <span class='ocrx_word' id='word_1_475' title='bbox 2661 2052 2818 2108; x_wconf 89' lang='lat' dir='ltr'><strong>modo</strong></span> <span class='ocrx_word' id='word_1_476' title='bbox 2877 2052 2922 2107; x_wconf 90' lang='lat' dir='ltr'><strong>si</strong></span> <span class='ocrx_word' id='word_1_477' title='bbox 2975 2052 3094 2123; x_wconf 87' lang='lat' dir='ltr'><strong>quis</strong></span> <span class='ocrx_word' id='word_1_478' title='bbox 3142 2052 3437 2123; x_wconf 85' lang='lat' dir='ltr'><strong>discipulus</strong></span> <span class='ocrx_word' id='word_1_479' title='bbox 3476 2054 3545 2108; x_wconf 85' lang='lat' dir='ltr'><strong>ad</strong></span> 
     </span>
    </p>
   </div>
   <div class='ocr_carea' id='block_1_64' title="bbox 1976 2126 3535 2214">
    <p class='ocr_par' dir='ltr' id='par_1_64' title="bbox 1976 2126 3535 2214">
     <span class='ocr_line' id='line_1_64' title="bbox 1976 2126 3535 2214; baseline 0.003 -19"><span class='ocrx_word' id='word_1_480' title='bbox 1976 2141 2373 2210; x_wconf 68' lang='lat' dir='ltr'><strong>praedicandum</strong></span> <span class='ocrx_word' id='word_1_481' title='bbox 2406 2141 2753 2212; x_wconf 85' lang='lat' dir='ltr'><strong>Evangelium</strong></span> <span class='ocrx_word' id='word_1_482' title='bbox 2789 2126 3018 2197; x_wconf 85' lang='lat' dir='ltr'><strong>mittitur</strong></span> <span class='ocrx_word' id='word_1_483' title='bbox 3042 2144 3111 2207; x_wconf 79' lang='grc'><strong>⁶¹,</strong></span> <span class='ocrx_word' id='word_1_484' title='bbox 3152 2142 3444 2214; x_wconf 78' lang='lat' dir='ltr'><strong>frugalitati</strong></span> <span class='ocrx_word' id='word_1_485' title='bbox 3471 2160 3535 2199; x_wconf 83' lang='lat' dir='ltr'><strong>ac</strong></span> 
     </span>
    </p>
   </div>
   <div class='ocr_carea' id='block_1_65' title="bbox 1976 2231 3537 2306">
    <p class='ocr_par' dir='ltr' id='par_1_65' title="bbox 1976 2231 3537 2306">
     <span class='ocr_line' id='line_1_65' title="bbox 1976 2231 3537 2306; baseline 0.004 -21"><span class='ocrx_word' id='word_1_486' title='bbox 1976 2231 2304 2299; x_wconf 84' lang='lat' dir='ltr'><strong>simplicitati</strong></span> <span class='ocrx_word' id='word_1_487' title='bbox 2339 2234 2551 2290; x_wconf 82' lang='lat' dir='ltr'><strong>studeat</strong></span> <span class='ocrx_word' id='word_1_488' title='bbox 2579 2251 2593 2288; x_wconf 87' lang='lat'><strong>:</strong></span> <span class='ocrx_word' id='word_1_489' title='bbox 2637 2235 2831 2304; x_wconf 81' lang='lat' dir='ltr'><strong>quippe</strong></span> <span class='ocrx_word' id='word_1_490' title='bbox 2861 2250 3041 2305; x_wconf 82' lang='lat' dir='ltr'><strong>quem,</strong></span> <span class='ocrx_word' id='word_1_491' title='bbox 3071 2247 3266 2305; x_wconf 65' lang='lat' dir='ltr'><strong>praeter</strong></span> <span class='ocrx_word' id='word_1_492' title='bbox 3299 2236 3352 2292; x_wconf 89' lang='lat' dir='ltr'><strong>id</strong></span> <span class='ocrx_word' id='word_1_493' title='bbox 3391 2238 3537 2306; x_wconf 87' lang='lat' dir='ltr'><strong>quod</strong></span> 
     </span>
    </p>
   </div>
   <div class='ocr_carea' id='block_1_66' title="bbox 1977 2325 3546 2396">
    <p class='ocr_par' dir='ltr' id='par_1_66' title="bbox 1977 2325 3546 2396">
     <span class='ocr_line' id='line_1_66' title="bbox 1977 2325 3546 2396; baseline 0.004 -19"><span class='ocrx_word' id='word_1_494' title='bbox 1977 2337 2077 2377; x_wconf 91' lang='lat' dir='ltr'><strong>nec</strong></span> <span class='ocrx_word' id='word_1_495' title='bbox 2125 2336 2221 2390; x_wconf 74' lang='lat' dir='ltr'><strong>aes,</strong></span> <span class='ocrx_word' id='word_1_496' title='bbox 2254 2338 2355 2380; x_wconf 88' lang='lat' dir='ltr'><strong>nec</strong></span> <span class='ocrx_word' id='word_1_497' title='bbox 2404 2325 2677 2389; x_wconf 85' lang='lat' dir='ltr'><strong>baculum,</strong></span> <span class='ocrx_word' id='word_1_498' title='bbox 2709 2340 2808 2380; x_wconf 91' lang='lat' dir='ltr'><strong>nec</strong></span> <span class='ocrx_word' id='word_1_499' title='bbox 2859 2326 3124 2396; x_wconf 91' lang='lat' dir='ltr'><strong>duplicem</strong></span> <span class='ocrx_word' id='word_1_500' title='bbox 3160 2328 3398 2382; x_wconf 78' lang='lat' dir='ltr'><strong>tunicam</strong></span> <span class='ocrx_word' id='word_1_501' title='bbox 3444 2330 3546 2383; x_wconf 88' lang='lat' dir='ltr'><strong>ha-</strong></span> 
     </span>
    </p>
   </div>
   <div class='ocr_carea' id='block_1_67' title="bbox 1976 2416 3545 2488">
    <p class='ocr_par' dir='ltr' id='par_1_67' title="bbox 1976 2416 3545 2488">
     <span class='ocr_line' id='line_1_67' title="bbox 1976 2416 3545 2488; baseline 0.002 -18"><span class='ocrx_word' id='word_1_502' title='bbox 1976 2416 2125 2481; x_wconf 89' lang='lat' dir='ltr'><strong>beat,</strong></span> <span class='ocrx_word' id='word_1_503' title='bbox 2163 2416 2328 2470; x_wconf 90' lang='lat' dir='ltr'><strong>etiam</strong></span> <span class='ocrx_word' id='word_1_504' title='bbox 2379 2416 2537 2472; x_wconf 90' lang='lat' dir='ltr'><strong>nudis</strong></span> <span class='ocrx_word' id='word_1_505' title='bbox 2561 2416 2787 2485; x_wconf 89' lang='lat' dir='ltr'><strong>pedibus</strong></span> <span class='ocrx_word' id='word_1_506' title='bbox 2820 2418 2923 2471; x_wconf 87' lang='lat' dir='ltr'><strong>iter</strong></span> <span class='ocrx_word' id='word_1_507' title='bbox 2969 2418 3149 2473; x_wconf 81' lang='lat' dir='ltr'><strong>facere</strong></span> <span class='ocrx_word' id='word_1_508' title='bbox 3178 2429 3442 2488; x_wconf 89' lang='lat' dir='ltr'><strong>oporteat,</strong></span> <span class='ocrx_word' id='word_1_509' title='bbox 3485 2430 3545 2474; x_wconf 90' lang='grc' dir='ltr'><strong>ιιι</strong></span> 
     </span>
    </p>
   </div>
   <div class='ocr_carea' id='block_1_68' title="bbox 1978 2507 3547 2581">
    <p class='ocr_par' dir='ltr' id='par_1_68' title="bbox 1978 2507 3547 2581">
     <span class='ocr_line' id='line_1_68' title="bbox 1978 2507 3547 2581; baseline 0.005 -21"><span class='ocrx_word' id='word_1_510' title='bbox 1978 2508 2185 2575; x_wconf 88' lang='lat' dir='ltr'><strong>pulchri</strong></span> <span class='ocrx_word' id='word_1_511' title='bbox 2215 2507 2380 2577; x_wconf 86' lang='lat' dir='ltr'><strong>pedes</strong></span> <span class='ocrx_word' id='word_1_512' title='bbox 2413 2507 2899 2576; x_wconf 75' lang='lat' dir='ltr'><strong>evangelizantium</strong></span> <span class='ocrx_word' id='word_1_513' title='bbox 2937 2525 3120 2579; x_wconf 89' lang='lat' dir='ltr'><strong>pacem</strong></span> <span class='ocrx_word' id='word_1_514' title='bbox 3150 2512 3216 2576; x_wconf 77' lang='lat'><strong>&quot;,</strong></span> <span class='ocrx_word' id='word_1_515' title='bbox 3276 2521 3332 2567; x_wconf 89' lang='lat' dir='ltr'><strong>et</strong></span> <span class='ocrx_word' id='word_1_516' title='bbox 3372 2511 3547 2581; x_wconf 86' lang='lat' dir='ltr'><strong>quod-</strong></span> 
     </span>
    </p>
   </div>
   <div class='ocr_carea' id='block_1_69' title="bbox 1977 2598 3546 2674">
    <p class='ocr_par' dir='ltr' id='par_1_69' title="bbox 1977 2598 3546 2674">
     <span class='ocr_line' id='line_1_69' title="bbox 1977 2598 3546 2674; baseline 0.004 -23"><span class='ocrx_word' id='word_1_517' title='bbox 1977 2598 2110 2652; x_wconf 80' lang='lat' dir='ltr'><strong>libet</strong></span> <span class='ocrx_word' id='word_1_518' title='bbox 2139 2598 2284 2653; x_wconf 87' lang='lat' dir='ltr'><strong>aliud</strong></span> <span class='ocrx_word' id='word_1_519' title='bbox 2316 2599 2515 2653; x_wconf 89' lang='lat' dir='ltr'><strong>bonum</strong></span> <span class='ocrx_word' id='word_1_520' title='bbox 2544 2639 2558 2663; x_wconf 87' lang='lat'><strong>,</strong></span> <span class='ocrx_word' id='word_1_521' title='bbox 2609 2608 2930 2668; x_wconf 89' lang='lat' dir='ltr'><strong>appareant.</strong></span> <span class='ocrx_word' id='word_1_522' title='bbox 2974 2599 3042 2654; x_wconf 84' lang='lat' dir='ltr'><strong>At</strong></span> <span class='ocrx_word' id='word_1_523' title='bbox 3081 2616 3211 2655; x_wconf 85' lang='lat' dir='ltr'><strong>vero</strong></span> <span class='ocrx_word' id='word_1_524' title='bbox 3251 2603 3342 2670; x_wconf 86' lang='lat' dir='ltr'><strong>qui</strong></span> <span class='ocrx_word' id='word_1_525' title='bbox 3377 2602 3546 2674; x_wconf 71' lang='lat' dir='ltr'><strong>JEgy-</strong></span> 
     </span>
    </p>
   </div>
   <div class='ocr_carea' id='block_1_70' title="bbox 1978 2688 3547 2762">
    <p class='ocr_par' dir='ltr' id='par_1_70' title="bbox 1978 2688 3547 2762">
     <span class='ocr_line' id='line_1_70' title="bbox 1978 2688 3547 2762; baseline 0.002 -17"><span class='ocrx_word' id='word_1_526' title='bbox 1978 2701 2122 2759; x_wconf 88' lang='lat' dir='ltr'><strong>ptum</strong></span> <span class='ocrx_word' id='word_1_527' title='bbox 2147 2705 2211 2744; x_wconf 87' lang='lat' dir='ltr'><strong>ac</strong></span> <span class='ocrx_word' id='word_1_528' title='bbox 2246 2704 2331 2744; x_wconf 88' lang='lat' dir='ltr'><strong>res</strong></span> <span class='ocrx_word' id='word_1_529' title='bbox 2358 2688 2573 2762; x_wconf 55' lang='lat' dir='ltr'><strong>(Egypti</strong></span> <span class='ocrx_word' id='word_1_530' title='bbox 2600 2690 2755 2761; x_wconf 79' lang='lat' dir='ltr'><strong>fugit,</strong></span> <span class='ocrx_word' id='word_1_531' title='bbox 2784 2692 2997 2747; x_wconf 89' lang='lat' dir='ltr'><strong>calceos</strong></span> <span class='ocrx_word' id='word_1_532' title='bbox 3025 2704 3204 2747; x_wconf 83' lang='lat' dir='ltr'><strong>sumat</strong></span> <span class='ocrx_word' id='word_1_533' title='bbox 3227 2694 3292 2759; x_wconf 80' lang='lat'><strong>“,</strong></span> <span class='ocrx_word' id='word_1_534' title='bbox 3321 2706 3377 2748; x_wconf 90' lang='lat' dir='ltr'><strong>ut</strong></span> <span class='ocrx_word' id='word_1_535' title='bbox 3401 2706 3547 2749; x_wconf 90' lang='lat' dir='ltr'><strong>tutus</strong></span> 
     </span>
    </p>
   </div>
   <div class='ocr_carea' id='block_1_71' title="bbox 1977 2783 3544 2856">
    <p class='ocr_par' dir='ltr' id='par_1_71' title="bbox 1977 2783 3544 2856">
     <span class='ocr_line' id='line_1_71' title="bbox 1977 2783 3544 2856; baseline 0.001 -18"><span class='ocrx_word' id='word_1_536' title='bbox 1977 2784 2067 2847; x_wconf 90' lang='lat' dir='ltr'><strong>sit,</strong></span> <span class='ocrx_word' id='word_1_537' title='bbox 2101 2799 2223 2838; x_wconf 91' lang='lat' dir='ltr'><strong>cum</strong></span> <span class='ocrx_word' id='word_1_538' title='bbox 2257 2784 2324 2837; x_wconf 89' lang='lat' dir='ltr'><strong>ab</strong></span> <span class='ocrx_word' id='word_1_539' title='bbox 2357 2784 2478 2839; x_wconf 88' lang='lat' dir='ltr'><strong>aliis</strong></span> <span class='ocrx_word' id='word_1_540' title='bbox 2508 2783 2692 2848; x_wconf 81' lang='lat' dir='ltr'><strong>rebus,</strong></span> <span class='ocrx_word' id='word_1_541' title='bbox 2722 2793 2832 2840; x_wconf 89' lang='lat' dir='ltr'><strong>tum</strong></span> <span class='ocrx_word' id='word_1_542' title='bbox 2872 2800 2903 2839; x_wconf 89' lang='lat' dir='ltr'><strong>a</strong></span> <span class='ocrx_word' id='word_1_543' title='bbox 2942 2786 3170 2856; x_wconf 86' lang='lat' dir='ltr'><strong>scorpiis</strong></span> <span class='ocrx_word' id='word_1_544' title='bbox 3193 2793 3249 2841; x_wconf 85' lang='lat' dir='ltr'><strong>et</strong></span> <span class='ocrx_word' id='word_1_545' title='bbox 3270 2790 3544 2856; x_wconf 83' lang='lat' dir='ltr'><strong>serpenti-</strong></span> 
     </span>
    </p>
   </div>
   <div class='ocr_carea' id='block_1_72' title="bbox 1980 2865 3549 2948">
    <p class='ocr_par' dir='ltr' id='par_1_72' title="bbox 1980 2865 3549 2948">
     <span class='ocr_line' id='line_1_72' title="bbox 1980 2865 3549 2948; baseline 0.002 -18"><span class='ocrx_word' id='word_1_546' title='bbox 1980 2878 2098 2942; x_wconf 89' lang='lat' dir='ltr'><strong>bus,</strong></span> <span class='ocrx_word' id='word_1_547' title='bbox 2126 2891 2263 2945; x_wconf 88' lang='lat' dir='ltr'><strong>quos</strong></span> <span class='ocrx_word' id='word_1_548' title='bbox 2293 2876 2591 2947; x_wconf 87' lang='lat' dir='ltr'><strong>permultos</strong></span> <span class='ocrx_word' id='word_1_549' title='bbox 2616 2875 2881 2947; x_wconf 65' lang='lat' dir='ltr'><strong>Egyptus</strong></span> <span class='ocrx_word' id='word_1_550' title='bbox 2932 2877 3048 2943; x_wconf 88' lang='lat' dir='ltr'><strong>alit,</strong></span> <span class='ocrx_word' id='word_1_551' title='bbox 3090 2887 3150 2932; x_wconf 92' lang='lat' dir='ltr'><strong>ut</strong></span> <span class='ocrx_word' id='word_1_552' title='bbox 3199 2879 3267 2934; x_wconf 90' lang='lat' dir='ltr'><strong>ab</strong></span> <span class='ocrx_word' id='word_1_553' title='bbox 3306 2879 3373 2934; x_wconf 91' lang='lat' dir='ltr'><strong>iis</strong></span> <span class='ocrx_word' id='word_1_554' title='bbox 3398 2920 3413 2947; x_wconf 96' lang='lat'><strong>,</strong></span> <span class='ocrx_word' id='word_1_555' title='bbox 3454 2865 3549 2948; x_wconf 86' lang='lat' dir='ltr'><strong>qui</strong></span> 
     </span>
    </p>
   </div>
   <div class='ocr_carea' id='block_1_73' title="bbox 1982 2968 3545 3039">
    <p class='ocr_par' dir='ltr' id='par_1_73' title="bbox 1982 2968 3545 3039">
     <span class='ocr_line' id='line_1_73' title="bbox 1982 2968 3545 3039; baseline 0.003 -17"><span class='ocrx_word' id='word_1_556' title='bbox 1982 2968 2295 3025; x_wconf 88' lang='lat' dir='ltr'><strong>calcaneum</strong></span> <span class='ocrx_word' id='word_1_557' title='bbox 2321 2970 2703 3033; x_wconf 87' lang='lat' dir='ltr'><strong>observant,et</strong></span> <span class='ocrx_word' id='word_1_558' title='bbox 2721 2984 2857 3039; x_wconf 87' lang='lat' dir='ltr'><strong>quos</strong></span> <span class='ocrx_word' id='word_1_559' title='bbox 2885 2970 3095 3025; x_wconf 91' lang='lat' dir='ltr'><strong>calcare</strong></span> <span class='ocrx_word' id='word_1_560' title='bbox 3115 2970 3253 3039; x_wconf 78' lang='lat' dir='ltr'><strong>iussi</strong></span> <span class='ocrx_word' id='word_1_561' title='bbox 3276 2972 3545 3039; x_wconf 78' lang='lat' dir='ltr'><strong>sumus“,</strong></span> 
     </span>
    </p>
   </div>
   <div class='ocr_carea' id='block_1_74' title="bbox 1984 3061 3550 3134">
    <p class='ocr_par' dir='ltr' id='par_1_74' title="bbox 1984 3061 3550 3134">
     <span class='ocr_line' id='line_1_74' title="bbox 1984 3061 3550 3134; baseline 0.003 -18"><span class='ocrx_word' id='word_1_562' title='bbox 1984 3063 2206 3116; x_wconf 87' lang='lat' dir='ltr'><strong>minime</strong></span> <span class='ocrx_word' id='word_1_563' title='bbox 2230 3063 2560 3118; x_wconf 87' lang='lat' dir='ltr'><strong>vulneretur.</strong></span> <span class='ocrx_word' id='word_1_564' title='bbox 2589 3061 2709 3119; x_wconf 81' lang='lat' dir='ltr'><strong>Jam</strong></span> <span class='ocrx_word' id='word_1_565' title='bbox 2744 3062 2812 3118; x_wconf 92' lang='lat' dir='ltr'><strong>de</strong></span> <span class='ocrx_word' id='word_1_566' title='bbox 2836 3062 3029 3118; x_wconf 89' lang='lat' dir='ltr'><strong>baculo</strong></span> <span class='ocrx_word' id='word_1_567' title='bbox 3062 3063 3111 3095; x_wconf 80' lang='lat'><strong>&quot;</strong></span> <span class='ocrx_word' id='word_1_568' title='bbox 3146 3073 3310 3134; x_wconf 90' lang='lat' dir='ltr'><strong>atque</strong></span> <span class='ocrx_word' id='word_1_569' title='bbox 3338 3064 3452 3133; x_wconf 85' lang='lat' dir='ltr'><strong>ejus</strong></span> <span class='ocrx_word' id='word_1_570' title='bbox 3474 3067 3550 3120; x_wconf 88' lang='lat' dir='ltr'><strong>si-</strong></span> 
     </span>
    </p>
   </div>
   <div class='ocr_carea' id='block_1_75' title="bbox 1982 3153 3549 3225">
    <p class='ocr_par' dir='ltr' id='par_1_75' title="bbox 1982 3153 3549 3225">
     <span class='ocr_line' id='line_1_75' title="bbox 1982 3153 3549 3225; baseline 0.003 -17"><span class='ocrx_word' id='word_1_571' title='bbox 1982 3154 2332 3225; x_wconf 83' lang='lat' dir='ltr'><strong>gniﬁcatione</strong></span> <span class='ocrx_word' id='word_1_572' title='bbox 2383 3154 2454 3208; x_wconf 89' lang='lat' dir='ltr'><strong>ita</strong></span> <span class='ocrx_word' id='word_1_573' title='bbox 2497 3155 2693 3213; x_wconf 88' lang='lat' dir='ltr'><strong>sentio.</strong></span> <span class='ocrx_word' id='word_1_574' title='bbox 2741 3153 2874 3208; x_wconf 88' lang='lat' dir='ltr'><strong>Nam</strong></span> <span class='ocrx_word' id='word_1_575' title='bbox 2929 3169 3051 3209; x_wconf 86' lang='lat' dir='ltr'><strong>cum</strong></span> <span class='ocrx_word' id='word_1_576' title='bbox 3104 3153 3240 3209; x_wconf 88' lang='lat' dir='ltr'><strong>alter</strong></span> <span class='ocrx_word' id='word_1_577' title='bbox 3292 3154 3549 3212; x_wconf 82' lang='lat' dir='ltr'><strong>fulciendi</strong></span> 
     </span>
    </p>
   </div>
   <div class='ocr_carea' id='block_1_76' title="bbox 1981 3244 3550 3315">
    <p class='ocr_par' dir='ltr' id='par_1_76' title="bbox 1981 3244 3550 3315">
     <span class='ocr_line' id='line_1_76' title="bbox 1981 3244 3550 3315; baseline 0.001 -17"><span class='ocrx_word' id='word_1_578' title='bbox 1981 3247 2089 3300; x_wconf 75' lang='lat' dir='ltr'><strong>vim</strong></span> <span class='ocrx_word' id='word_1_579' title='bbox 2126 3245 2348 3312; x_wconf 88' lang='lat' dir='ltr'><strong>habeat,</strong></span> <span class='ocrx_word' id='word_1_580' title='bbox 2375 3244 2513 3300; x_wconf 88' lang='lat' dir='ltr'><strong>alter</strong></span> <span class='ocrx_word' id='word_1_581' title='bbox 2543 3245 2777 3315; x_wconf 86' lang='lat' dir='ltr'><strong>pastoris</strong></span> <span class='ocrx_word' id='word_1_582' title='bbox 2813 3251 2868 3300; x_wconf 86' lang='lat' dir='ltr'><strong>et</strong></span> <span class='ocrx_word' id='word_1_583' title='bbox 2906 3245 3146 3300; x_wconf 90' lang='lat' dir='ltr'><strong>doctoris</strong></span> <span class='ocrx_word' id='word_1_584' title='bbox 3176 3246 3426 3315; x_wconf 90' lang='lat' dir='ltr'><strong>proprius</strong></span> <span class='ocrx_word' id='word_1_585' title='bbox 3455 3248 3550 3311; x_wconf 87' lang='lat' dir='ltr'><strong>sit,</strong></span> 
     </span>
    </p>
   </div>
   <div class='ocr_carea' id='block_1_77' title="bbox 1984 3336 3550 3407">
    <p class='ocr_par' dir='ltr' id='par_1_77' title="bbox 1984 3336 3550 3407">
     <span class='ocr_line' id='line_1_77' title="bbox 1984 3336 3550 3407; baseline 0.001 -17"><span class='ocrx_word' id='word_1_586' title='bbox 1984 3346 2148 3405; x_wconf 90' lang='lat' dir='ltr'><strong>atque</strong></span> <span class='ocrx_word' id='word_1_587' title='bbox 2178 3352 2308 3391; x_wconf 87' lang='lat' dir='ltr'><strong>oves</strong></span> <span class='ocrx_word' id='word_1_588' title='bbox 2335 3337 2545 3391; x_wconf 89' lang='lat' dir='ltr'><strong>ratione</strong></span> <span class='ocrx_word' id='word_1_589' title='bbox 2589 3336 2839 3406; x_wconf 71' lang='lat' dir='ltr'><strong>praeditas</strong></span> <span class='ocrx_word' id='word_1_590' title='bbox 2866 3344 3166 3401; x_wconf 85' lang='lat' dir='ltr'><strong>convertat,</strong></span> <span class='ocrx_word' id='word_1_591' title='bbox 3210 3336 3262 3389; x_wconf 90' lang='lat' dir='ltr'><strong>in</strong></span> <span class='ocrx_word' id='word_1_592' title='bbox 3297 3337 3550 3407; x_wconf 84' lang='lat' dir='ltr'><strong>viamque</strong></span> 
     </span>
    </p>
   </div>
   <div class='ocr_carea' id='block_1_78' title="bbox 1983 3426 3550 3495">
    <p class='ocr_par' dir='ltr' id='par_1_78' title="bbox 1983 3426 3550 3495">
     <span class='ocr_line' id='line_1_78' title="bbox 1983 3426 3550 3495; baseline 0.001 -15"><span class='ocrx_word' id='word_1_593' title='bbox 1983 3427 2243 3481; x_wconf 77' lang='lat' dir='ltr'><strong>reducat:</strong></span> <span class='ocrx_word' id='word_1_594' title='bbox 2278 3426 2369 3482; x_wconf 88' lang='lat' dir='ltr'><strong>hic</strong></span> <span class='ocrx_word' id='word_1_595' title='bbox 2403 3427 2485 3482; x_wconf 80' lang='lat' dir='ltr'><strong>lex</strong></span> <span class='ocrx_word' id='word_1_596' title='bbox 2519 3426 2834 3482; x_wconf 82' lang='lat' dir='ltr'><strong>fulcientem</strong></span> <span class='ocrx_word' id='word_1_597' title='bbox 2880 3426 3131 3482; x_wconf 88' lang='lat' dir='ltr'><strong>baculum</strong></span> <span class='ocrx_word' id='word_1_598' title='bbox 3170 3427 3264 3482; x_wconf 91' lang='lat' dir='ltr'><strong>tibi</strong></span> <span class='ocrx_word' id='word_1_599' title='bbox 3296 3429 3550 3495; x_wconf 81' lang='lat' dir='ltr'><strong>praescri—</strong></span> 
     </span>
    </p>
   </div>
   <div class='ocr_carea' id='block_1_79' title="bbox 1983 3519 3550 3591">
    <p class='ocr_par' dir='ltr' id='par_1_79' title="bbox 1983 3519 3550 3591">
     <span class='ocr_line' id='line_1_79' title="bbox 1983 3519 3550 3591; baseline 0.001 -17"><span class='ocrx_word' id='word_1_600' title='bbox 1983 3519 2082 3582; x_wconf 91' lang='lat' dir='ltr'><strong>bit,</strong></span> <span class='ocrx_word' id='word_1_601' title='bbox 2114 3519 2306 3574; x_wconf 87' lang='lat' dir='ltr'><strong>necubi</strong></span> <span class='ocrx_word' id='word_1_602' title='bbox 2337 3520 2519 3573; x_wconf 83' lang='lat' dir='ltr'><strong>animo</strong></span> <span class='ocrx_word' id='word_1_603' title='bbox 2559 3519 2757 3575; x_wconf 90' lang='lat' dir='ltr'><strong>titubes</strong></span> <span class='ocrx_word' id='word_1_604' title='bbox 2778 3561 2792 3583; x_wconf 96' lang='lat'><strong>,</strong></span> <span class='ocrx_word' id='word_1_605' title='bbox 2836 3520 2960 3574; x_wconf 90' lang='lat' dir='ltr'><strong>dum</strong></span> <span class='ocrx_word' id='word_1_606' title='bbox 2997 3519 3088 3573; x_wconf 89' lang='lat' dir='ltr'><strong>Dei</strong></span> <span class='ocrx_word' id='word_1_607' title='bbox 3144 3521 3465 3591; x_wconf 77' lang='lat' dir='ltr'><strong>sanguinem</strong></span> <span class='ocrx_word' id='word_1_608' title='bbox 3497 3531 3550 3575; x_wconf 78' lang='lat' dir='ltr'><strong>et</strong></span> 
     </span>
    </p>
   </div>
   <div class='ocr_carea' id='block_1_80' title="bbox 1982 3612 3551 3682">
    <p class='ocr_par' dir='ltr' id='par_1_80' title="bbox 1982 3612 3551 3682">
     <span class='ocr_line' id='line_1_80' title="bbox 1982 3612 3551 3682; baseline 0.001 -17"><span class='ocrx_word' id='word_1_609' title='bbox 1982 3612 2296 3667; x_wconf 89' lang='lat' dir='ltr'><strong>Passionem</strong></span> <span class='ocrx_word' id='word_1_610' title='bbox 2328 3622 2382 3667; x_wconf 79' lang='lat' dir='ltr'><strong>et</strong></span> <span class='ocrx_word' id='word_1_611' title='bbox 2410 3620 2637 3667; x_wconf 90' lang='lat' dir='ltr'><strong>mortem</strong></span> <span class='ocrx_word' id='word_1_612' title='bbox 2684 3612 2875 3677; x_wconf 89' lang='lat' dir='ltr'><strong>audis,</strong></span> <span class='ocrx_word' id='word_1_613' title='bbox 2907 3627 2970 3666; x_wconf 89' lang='lat' dir='ltr'><strong>ac</strong></span> <span class='ocrx_word' id='word_1_614' title='bbox 2998 3612 3124 3666; x_wconf 91' lang='lat' dir='ltr'><strong>dum</strong></span> <span class='ocrx_word' id='word_1_615' title='bbox 3167 3613 3257 3666; x_wconf 89' lang='lat' dir='ltr'><strong>Dei</strong></span> <span class='ocrx_word' id='word_1_616' title='bbox 3291 3622 3551 3682; x_wconf 89' lang='lat' dir='ltr'><strong>patronus</strong></span> 
     </span>
    </p>
   </div>
   <div class='ocr_carea' id='block_1_81' title="bbox 1984 3704 3553 3774">
    <p class='ocr_par' dir='ltr' id='par_1_81' title="bbox 1984 3704 3553 3774">
     <span class='ocr_line' id='line_1_81' title="bbox 1984 3704 3553 3774; baseline 0.001 -16"><span class='ocrx_word' id='word_1_617' title='bbox 1984 3715 2147 3774; x_wconf 89' lang='lat' dir='ltr'><strong>atque</strong></span> <span class='ocrx_word' id='word_1_618' title='bbox 2199 3704 2450 3759; x_wconf 80' lang='lat' dir='ltr'><strong>defensor</strong></span> <span class='ocrx_word' id='word_1_619' title='bbox 2481 3704 2648 3759; x_wconf 87' lang='lat' dir='ltr'><strong>videri</strong></span> <span class='ocrx_word' id='word_1_620' title='bbox 2695 3705 2871 3773; x_wconf 89' lang='lat' dir='ltr'><strong>cupis,</strong></span> <span class='ocrx_word' id='word_1_621' title='bbox 2937 3704 3101 3773; x_wconf 89' lang='lat' dir='ltr'><strong>impie</strong></span> <span class='ocrx_word' id='word_1_622' title='bbox 3144 3718 3383 3759; x_wconf 88' lang='lat' dir='ltr'><strong>corruas.</strong></span> <span class='ocrx_word' id='word_1_623' title='bbox 3413 3704 3553 3771; x_wconf 87' lang='lat' dir='ltr'><strong>Quin</strong></span> 
     </span>
    </p>
   </div>
   <div class='ocr_carea' id='block_1_82' title="bbox 1983 3795 3550 3865">
    <p class='ocr_par' dir='ltr' id='par_1_82' title="bbox 1983 3795 3550 3865">
     <span class='ocr_line' id='line_1_82' title="bbox 1983 3795 3550 3865; baseline -0.001 -15"><span class='ocrx_word' id='word_1_624' title='bbox 1983 3796 2183 3863; x_wconf 82' lang='lat' dir='ltr'><strong>potius,</strong></span> <span class='ocrx_word' id='word_1_625' title='bbox 2217 3797 2336 3850; x_wconf 84' lang='lat' dir='ltr'><strong>sine</strong></span> <span class='ocrx_word' id='word_1_626' title='bbox 2363 3798 2567 3863; x_wconf 91' lang='lat' dir='ltr'><strong>pudore</strong></span> <span class='ocrx_word' id='word_1_627' title='bbox 2597 3810 2659 3849; x_wconf 86' lang='lat' dir='ltr'><strong>ac</strong></span> <span class='ocrx_word' id='word_1_628' title='bbox 2683 3795 3013 3851; x_wconf 82' lang='lat' dir='ltr'><strong>dubitatione</strong></span> <span class='ocrx_word' id='word_1_629' title='bbox 3041 3811 3237 3865; x_wconf 87' lang='lat' dir='ltr'><strong>corpus</strong></span> <span class='ocrx_word' id='word_1_630' title='bbox 3267 3796 3387 3864; x_wconf 91' lang='lat' dir='ltr'><strong>ede,</strong></span> <span class='ocrx_word' id='word_1_631' title='bbox 3420 3811 3550 3849; x_wconf 85' lang='lat' dir='ltr'><strong>san-</strong></span> 
     </span>
    </p>
   </div>
   <div class='ocr_carea' id='block_1_83' title="bbox 1982 3887 3554 3957">
    <p class='ocr_par' dir='ltr' id='par_1_83' title="bbox 1982 3887 3554 3957">
     <span class='ocr_line' id='line_1_83' title="bbox 1982 3887 3554 3957; baseline -0.001 -16"><span class='ocrx_word' id='word_1_632' title='bbox 1982 3888 2195 3957; x_wconf 80' lang='lat' dir='ltr'><strong>guinem</strong></span> <span class='ocrx_word' id='word_1_633' title='bbox 2234 3887 2356 3942; x_wconf 89' lang='lat' dir='ltr'><strong>bibe</strong></span> <span class='ocrx_word' id='word_1_634' title='bbox 2380 3926 2396 3952; x_wconf 89' lang='lat'><strong>,</strong></span> <span class='ocrx_word' id='word_1_635' title='bbox 2441 3888 2487 3942; x_wconf 88' lang='lat' dir='ltr'><strong>si</strong></span> <span class='ocrx_word' id='word_1_636' title='bbox 2521 3888 2679 3942; x_wconf 91' lang='lat' dir='ltr'><strong>modo</strong></span> <span class='ocrx_word' id='word_1_637' title='bbox 2704 3888 2827 3942; x_wconf 67' lang='lat' dir='ltr'><strong>vitae</strong></span> <span class='ocrx_word' id='word_1_638' title='bbox 2875 3887 3147 3942; x_wconf 88' lang='lat' dir='ltr'><strong>desiderio</strong></span> <span class='ocrx_word' id='word_1_639' title='bbox 3200 3889 3554 3951; x_wconf 86' lang='lat' dir='ltr'><strong>teueris,_nec</strong></span> 
     </span>
    </p>
   </div>
   <div class='ocr_carea' id='block_1_84' title="bbox 1983 3976 3546 4047">
    <p class='ocr_par' dir='ltr' id='par_1_84' title="bbox 1983 3976 3546 4047">
     <span class='ocr_line' id='line_1_84' title="bbox 1983 3976 3546 4047; baseline -0.001 -14"><span class='ocrx_word' id='word_1_640' title='bbox 1983 3978 2326 4033; x_wconf 87' lang='lat' dir='ltr'><strong>sermonibus</strong></span> <span class='ocrx_word' id='word_1_641' title='bbox 2376 3978 2444 4032; x_wconf 89' lang='lat' dir='ltr'><strong>de</strong></span> <span class='ocrx_word' id='word_1_642' title='bbox 2477 3991 2639 4032; x_wconf 91' lang='lat' dir='ltr'><strong>carne</strong></span> <span class='ocrx_word' id='word_1_643' title='bbox 2678 3976 2836 4031; x_wconf 84' lang='lat' dir='ltr'><strong>ﬁdem</strong></span> <span class='ocrx_word' id='word_1_644' title='bbox 2873 3978 3159 4047; x_wconf 80' lang='lat' dir='ltr'><strong>abrogans,</strong></span> <span class='ocrx_word' id='word_1_645' title='bbox 3192 3990 3291 4031; x_wconf 91' lang='lat' dir='ltr'><strong>nec</strong></span> <span class='ocrx_word' id='word_1_646' title='bbox 3330 3976 3393 4029; x_wconf 84' lang='lat' dir='ltr'><strong>ad</strong></span> <span class='ocrx_word' id='word_1_647' title='bbox 3429 3991 3546 4038; x_wconf 77' lang='lat' dir='ltr'><strong>ecs,</strong></span> 
     </span>
    </p>
   </div>
   <div class='ocr_carea' id='block_1_85' title="bbox 1982 4067 3550 4139">
    <p class='ocr_par' dir='ltr' id='par_1_85' title="bbox 1982 4067 3550 4139">
     <span class='ocr_line' id='line_1_85' title="bbox 1982 4067 3550 4139; baseline 0.001 -19"><span class='ocrx_word' id='word_1_648' title='bbox 1982 4072 2073 4139; x_wconf 86' lang='lat' dir='ltr'><strong>qui</strong></span> <span class='ocrx_word' id='word_1_649' title='bbox 2102 4069 2168 4124; x_wconf 91' lang='lat' dir='ltr'><strong>de</strong></span> <span class='ocrx_word' id='word_1_650' title='bbox 2199 4069 2450 4139; x_wconf 89' lang='lat' dir='ltr'><strong>passione</strong></span> <span class='ocrx_word' id='word_1_651' title='bbox 2489 4068 2776 4131; x_wconf 86' lang='lat' dir='ltr'><strong>habentur,</strong></span> <span class='ocrx_word' id='word_1_652' title='bbox 2818 4069 3143 4139; x_wconf 75' lang='lat' dir='ltr'><strong>impingens.</strong></span> <span class='ocrx_word' id='word_1_653' title='bbox 3191 4067 3550 4134; x_wconf 72' lang='lat' dir='ltr'><strong>lnnixus.sta,</strong></span> 
     </span>
    </p>
   </div>
   <div class='ocr_carea' id='block_1_86' title="bbox 1985 4159 3546 4228">
    <p class='ocr_par' dir='ltr' id='par_1_86' title="bbox 1985 4159 3546 4228">
     <span class='ocr_line' id='line_1_86' title="bbox 1985 4159 3546 4228; baseline -0.001 -14"><span class='ocrx_word' id='word_1_654' title='bbox 1985 4161 2171 4216; x_wconf 86' lang='lat' dir='ltr'><strong>ﬁrmus</strong></span> <span class='ocrx_word' id='word_1_655' title='bbox 2229 4170 2283 4215; x_wconf 91' lang='lat' dir='ltr'><strong>et</strong></span> <span class='ocrx_word' id='word_1_656' title='bbox 2337 4160 2568 4227; x_wconf 85' lang='lat' dir='ltr'><strong>stabilis,</strong></span> <span class='ocrx_word' id='word_1_657' title='bbox 2601 4169 2764 4227; x_wconf 88' lang='lat' dir='ltr'><strong>atque</strong></span> <span class='ocrx_word' id='word_1_658' title='bbox 2800 4159 2873 4214; x_wconf 89' lang='lat' dir='ltr'><strong>ita</strong></span> <span class='ocrx_word' id='word_1_659' title='bbox 2919 4171 3287 4228; x_wconf 85' lang='lat' dir='ltr'><strong>comparatus,</strong></span> <span class='ocrx_word' id='word_1_660' title='bbox 3320 4168 3376 4212; x_wconf 91' lang='lat' dir='ltr'><strong>ut</strong></span> <span class='ocrx_word' id='word_1_661' title='bbox 3402 4169 3546 4213; x_wconf 81' lang='lat' dir='ltr'><strong>nuha</strong></span> 
     </span>
    </p>
   </div>
   <div class='ocr_carea' id='block_1_87' title="bbox 1985 4248 3554 4320">
    <p class='ocr_par' dir='ltr' id='par_1_87' title="bbox 1985 4248 3554 4320">
     <span class='ocr_line' id='line_1_87' title="bbox 1985 4248 3554 4320; baseline 0 -16"><span class='ocrx_word' id='word_1_662' title='bbox 1985 4252 2038 4306; x_wconf 91' lang='lat' dir='ltr'><strong>in</strong></span> <span class='ocrx_word' id='word_1_663' title='bbox 2063 4267 2121 4306; x_wconf 93' lang='lat' dir='ltr'><strong>re</strong></span> <span class='ocrx_word' id='word_1_664' title='bbox 2156 4250 2421 4320; x_wconf 82' lang='lat' dir='ltr'><strong>qualiaris</strong></span> <span class='ocrx_word' id='word_1_665' title='bbox 2449 4252 2516 4304; x_wconf 91' lang='lat' dir='ltr'><strong>ab</strong></span> <span class='ocrx_word' id='word_1_666' title='bbox 2546 4250 2894 4311; x_wconf 85' lang='lat' dir='ltr'><strong>adversariis,</strong></span> <span class='ocrx_word' id='word_1_667' title='bbox 2922 4263 3022 4303; x_wconf 90' lang='lat' dir='ltr'><strong>nec</strong></span> <span class='ocrx_word' id='word_1_668' title='bbox 3049 4250 3335 4303; x_wconf 87' lang='lat' dir='ltr'><strong>verborum</strong></span> <span class='ocrx_word' id='word_1_669' title='bbox 3369 4248 3554 4318; x_wconf 87' lang='lat' dir='ltr'><strong>lepore</strong></span> 
     </span>
    </p>
   </div>
   <div class='ocr_carea' id='block_1_88' title="bbox 307 4338 1879 4414">
    <p class='ocr_par' dir='ltr' id='par_1_88' title="bbox 307 4338 1879 4414">
     <span class='ocr_line' id='line_1_88' title="bbox 307 4338 1879 4414; baseline -0.004 -15"><span class='ocrx_word' id='word_1_670' title='bbox 307 4361 424 4410; x_wconf 85' lang='grc' dir='ltr'>σον,</span> <span class='ocrx_word' id='word_1_671' title='bbox 476 4345 561 4398; x_wconf 85' lang='grc' dir='ltr'><strong>ῐνα</strong></span> <span class='ocrx_word' id='word_1_672' title='bbox 615 4344 688 4414; x_wconf 82' lang='grc' dir='ltr'>μὴ</span> <span class='ocrx_word' id='word_1_673' title='bbox 746 4341 1035 4414; x_wconf 89' lang='grc' dir='ltr'>σαλεύηταί</span> <span class='ocrx_word' id='word_1_674' title='bbox 1089 4357 1182 4395; x_wconf 91' lang='grc' dir='ltr'><strong>σου</strong></span> <span class='ocrx_word' id='word_1_675' title='bbox 1239 4340 1307 4394; x_wconf 83' lang='grc' dir='ltr'>τὰ</span> <span class='ocrx_word' id='word_1_676' title='bbox 1348 4340 1488 4393; x_wconf 85' lang='grc' dir='ltr'>κατὰ</span> <span class='ocrx_word' id='word_1_677' title='bbox 1535 4338 1666 4393; x_wconf 81' lang='grc' dir='ltr'>Θεὸν</span> <span class='ocrx_word' id='word_1_678' title='bbox 1697 4340 1879 4411; x_wconf 69' lang='grc' dir='ltr'>διαϐή-</span> 
     </span>
    </p>
   </div>
   <div class='ocr_carea' id='block_1_89' title="bbox 1986 4338 3552 4414">
    <p class='ocr_par' dir='ltr' id='par_1_89' title="bbox 1987 4339 3552 4410">
     <span class='ocr_line' id='line_1_89' title="bbox 1987 4339 3552 4410; baseline -0.001 -15"><span class='ocrx_word' id='word_1_679' title='bbox 1987 4353 2151 4410; x_wconf 89' lang='lat' dir='ltr'><strong>atque</strong></span> <span class='ocrx_word' id='word_1_680' title='bbox 2202 4341 2470 4396; x_wconf 87' lang='lat' dir='ltr'><strong>illecebris</strong></span> <span class='ocrx_word' id='word_1_681' title='bbox 2505 4340 2814 4409; x_wconf 86' lang='lat' dir='ltr'><strong>abripiaris.</strong></span> <span class='ocrx_word' id='word_1_682' title='bbox 2862 4340 2913 4392; x_wconf 91' lang='lat' dir='ltr'><strong>In</strong></span> <span class='ocrx_word' id='word_1_683' title='bbox 2965 4339 3177 4409; x_wconf 80' lang='lat' dir='ltr'><strong>fastigio</strong></span> <span class='ocrx_word' id='word_1_684' title='bbox 3227 4349 3316 4392; x_wconf 91' lang='lat' dir='ltr'><strong>tuo</strong></span> <span class='ocrx_word' id='word_1_685' title='bbox 3352 4348 3464 4403; x_wconf 89' lang='lat' dir='ltr'><strong>sla,</strong></span> <span class='ocrx_word' id='word_1_686' title='bbox 3499 4343 3552 4394; x_wconf 91' lang='lat' dir='ltr'><strong>in</strong></span> 
     </span>
    </p>
   </div>
   <div class='ocr_carea' id='block_1_90' title="bbox 307 4453 474 4509">
    <p class='ocr_par' dir='ltr' id='par_1_90' title="bbox 307 4453 474 4509">
     <span class='ocr_line' id='line_1_90' title="bbox 307 4453 474 4509; baseline 0 -20"><span class='ocrx_word' id='word_1_687' title='bbox 307 4453 474 4509; x_wconf 80' lang='grc' dir='ltr'>ματα.</span> 
     </span>
    </p>
   </div>
   <div class='ocr_carea' id='block_1_91' title="bbox 378 4703 1880 4783">
    <p class='ocr_par' dir='ltr' id='par_1_91' title="bbox 378 4703 1880 4783">
     <span class='ocr_line' id='line_1_91' title="bbox 378 4703 1880 4783; baseline -0.003 -22"><span class='ocrx_word' id='word_1_688' title='bbox 378 4707 466 4762; x_wconf 82' lang='grc' dir='ltr'><strong>Κ’.</strong></span> <span class='ocrx_word' id='word_1_689' title='bbox 503 4706 569 4759; x_wconf 84' lang='grc' dir='ltr'>Τί</span> <span class='ocrx_word' id='word_1_690' title='bbox 599 4705 735 4777; x_wconf 75' lang='grc' dir='ltr'>φῄςς</span> <span class='ocrx_word' id='word_1_691' title='bbox 775 4704 930 4759; x_wconf 80' lang='grc' dir='ltr'>Οὕτω</span> <span class='ocrx_word' id='word_1_692' title='bbox 975 4704 1157 4783; x_wconf 39' lang='grc' dir='ltr'>ταῦτα.</span> <span class='ocrx_word' id='word_1_693' title='bbox 1190 4703 1387 4769; x_wconf 73' lang='grc' dir='ltr'>ἔδοξεν,</span> <span class='ocrx_word' id='word_1_694' title='bbox 1420 4705 1694 4773; x_wconf 74' lang='grc' dir='ltr'>Αἴγυπτον</span> <span class='ocrx_word' id='word_1_695' title='bbox 1729 4703 1880 4769; x_wconf 79' lang='grc' dir='ltr'>ἐξελ-</span> 
     </span>
    </p>
   </div>
   <div class='ocr_carea' id='block_1_92' title="bbox 306 4795 1878 4868">
    <p class='ocr_par' dir='ltr' id='par_1_92' title="bbox 306 4795 1878 4868">
     <span class='ocr_line' id='line_1_92' title="bbox 306 4795 1878 4868; baseline -0.002 -17"><span class='ocrx_word' id='word_1_696' title='bbox 306 4798 443 4861; x_wconf 86' lang='grc' dir='ltr'>θεῖν,</span> <span class='ocrx_word' id='word_1_697' title='bbox 479 4799 580 4868; x_wconf 84' lang='grc' dir='ltr'><strong>τὴν</strong></span> <span class='ocrx_word' id='word_1_698' title='bbox 606 4799 831 4868; x_wconf 82' lang='grc' dir='ltr'>σιδηρᾶν</span> <span class='ocrx_word' id='word_1_699' title='bbox 853 4797 1102 4865; x_wconf 81' lang='grc' dir='ltr'>κάμινον,</span> <span class='ocrx_word' id='word_1_700' title='bbox 1129 4796 1450 4850; x_wconf 80' lang='grc' dir='ltr'>καταλιπεῖν</span> <span class='ocrx_word' id='word_1_701' title='bbox 1481 4813 1540 4849; x_wconf 82' lang='grc' dir='ltr'><strong>σε</strong></span> <span class='ocrx_word' id='word_1_702' title='bbox 1569 4795 1670 4867; x_wconf 80' lang='grc' dir='ltr'><strong>τὴν</strong></span> <span class='ocrx_word' id='word_1_703' title='bbox 1699 4797 1878 4849; x_wconf 77' lang='grc' dir='ltr'>ἐκεῖσε</span> 
     </span>
    </p>
   </div>
   <div class='ocr_carea' id='block_1_93' title="bbox 306 4887 1879 4959">
    <p class='ocr_par' dir='ltr' id='par_1_93' title="bbox 306 4887 1879 4959">
     <span class='ocr_line' id='line_1_93' title="bbox 306 4887 1879 4959; baseline -0.001 -17"><span class='ocrx_word' id='word_1_704' title='bbox 306 4889 597 4943; x_wconf 81' lang='grc' dir='ltr'>πολυθεῖαν</span> <span class='ocrx_word' id='word_1_705' title='bbox 631 4888 763 4959; x_wconf 89' lang='grc'>(99),</span> <span class='ocrx_word' id='word_1_706' title='bbox 805 4889 897 4941; x_wconf 78' lang='grc' dir='ltr'><strong>καὶ</strong></span> <span class='ocrx_word' id='word_1_707' title='bbox 929 4887 1035 4941; x_wconf 82' lang='grc' dir='ltr'>ὑπὸ</span> <span class='ocrx_word' id='word_1_708' title='bbox 1059 4887 1339 4950; x_wconf 79' lang='grc' dir='ltr'>Μωῦσέως</span> <span class='ocrx_word' id='word_1_709' title='bbox 1375 4887 1625 4959; x_wconf 80' lang='grc' dir='ltr'>ἀχθῆναι,</span> <span class='ocrx_word' id='word_1_710' title='bbox 1663 4889 1879 4958; x_wconf 77' lang='grc' dir='ltr'>καὶτῆς</span> 
     </span>
    </p>
   </div>
   <div class='ocr_carea' id='block_1_94' title="bbox 378 5043 1919 5107">
    <p class='ocr_par' dir='ltr' id='par_1_94' title="bbox 378 5043 1919 5107">
     <span class='ocr_line' id='line_1_94' title="bbox 378 5043 1919 5107; baseline -0.001 -8"><span class='ocrx_word' id='word_1_711' title='bbox 378 5047 424 5078; x_wconf 80' lang='grc'><strong>⁸⁸</strong></span> <span class='ocrx_word' id='word_1_712' title='bbox 461 5045 604 5099; x_wconf 85' lang='lat' dir='ltr'><strong>Psal.</strong></span> <span class='ocrx_word' id='word_1_713' title='bbox 640 5060 773 5105; x_wconf 77' lang='lat' dir='ltr'><strong>xvu.</strong></span> <span class='ocrx_word' id='word_1_714' title='bbox 802 5046 891 5100; x_wconf 77' lang='lat'><strong>35.</strong></span> <span class='ocrx_word' id='word_1_715' title='bbox 944 5044 988 5075; x_wconf 82' lang='grc'><strong>⁵⁷</strong></span> <span class='ocrx_word' id='word_1_716' title='bbox 1025 5043 1166 5098; x_wconf 84' lang='lat' dir='ltr'><strong>Psal.</strong></span> <span class='ocrx_word' id='word_1_717' title='bbox 1198 5058 1331 5107; x_wconf 81' lang='lat' dir='ltr'><strong>xcn.</strong></span> <span class='ocrx_word' id='word_1_718' title='bbox 1361 5045 1410 5099; x_wconf 79' lang='grc' dir='ltr'><strong>Ι.</strong></span> <span class='ocrx_word' id='word_1_719' title='bbox 1466 5043 1512 5075; x_wconf 82' lang='grc'><strong>⁸⁸</strong></span> <span class='ocrx_word' id='word_1_720' title='bbox 1543 5043 1685 5099; x_wconf 82' lang='lat' dir='ltr'><strong>Psal.</strong></span> <span class='ocrx_word' id='word_1_721' title='bbox 1716 5057 1833 5104; x_wconf 85' lang='lat' dir='ltr'><strong>cm.</strong></span> <span class='ocrx_word' id='word_1_722' title='bbox 1864 5043 1919 5099; x_wconf 79' lang='lat'><strong>‘2.</strong></span> 
     </span>
    </p>
   </div>
   <div class='ocr_carea' id='block_1_95' title="bbox 1989 4429 3552 4500">
    <p class='ocr_par' dir='ltr' id='par_1_95' title="bbox 1989 4429 3552 4500">
     <span class='ocr_line' id='line_1_95' title="bbox 1989 4429 3552 4500; baseline 0 -16"><span class='ocrx_word' id='word_1_723' title='bbox 1989 4433 2143 4486; x_wconf 84' lang='lat' dir='ltr'><strong>atriis</strong></span> <span class='ocrx_word' id='word_1_724' title='bbox 2187 4430 2487 4486; x_wconf 79' lang='lat' dir='ltr'><strong>Jerusalem</strong></span> <span class='ocrx_word' id='word_1_725' title='bbox 2518 4432 2680 4500; x_wconf 86' lang='lat' dir='ltr'><strong>pedes</strong></span> <span class='ocrx_word' id='word_1_726' title='bbox 2733 4438 2909 4484; x_wconf 87' lang='lat' dir='ltr'><strong>statue</strong></span> <span class='ocrx_word' id='word_1_727' title='bbox 2932 4429 2997 4493; x_wconf 81' lang='lat'><strong>“,</strong></span> <span class='ocrx_word' id='word_1_728' title='bbox 3042 4430 3095 4484; x_wconf 92' lang='lat' dir='ltr'><strong>in</strong></span> <span class='ocrx_word' id='word_1_729' title='bbox 3126 4441 3273 4498; x_wconf 88' lang='lat' dir='ltr'><strong>petra</strong></span> <span class='ocrx_word' id='word_1_730' title='bbox 3313 4429 3552 4495; x_wconf 82' lang='lat' dir='ltr'><strong>suﬂ&#39;ulci,</strong></span> 
     </span>
    </p>
   </div>
   <div class='ocr_carea' id='block_1_96' title="bbox 1984 4522 3558 4594">
    <p class='ocr_par' dir='ltr' id='par_1_96' title="bbox 1984 4522 3558 4594">
     <span class='ocr_line' id='line_1_96' title="bbox 1984 4522 3558 4594; baseline -0.001 -18"><span class='ocrx_word' id='word_1_731' title='bbox 1984 4523 2147 4594; x_wconf 73' lang='lat'><strong>861</strong></span> <span class='ocrx_word' id='word_1_732' title='bbox 2183 4531 2240 4577; x_wconf 90' lang='lat' dir='ltr'><strong>ut</strong></span> <span class='ocrx_word' id='word_1_733' title='bbox 2269 4525 2342 4578; x_wconf 90' lang='lat' dir='ltr'><strong>tui</strong></span> <span class='ocrx_word' id='word_1_734' title='bbox 2377 4525 2674 4577; x_wconf 88' lang='lat' dir='ltr'><strong>secundum</strong></span> <span class='ocrx_word' id='word_1_735' title='bbox 2705 4522 2870 4577; x_wconf 91' lang='lat' dir='ltr'><strong>Deum</strong></span> <span class='ocrx_word' id='word_1_736' title='bbox 2893 4536 3115 4592; x_wconf 83' lang='lat' dir='ltr'><strong>gressus</strong></span> <span class='ocrx_word' id='word_1_737' title='bbox 3156 4536 3260 4575; x_wconf 93' lang='lat' dir='ltr'><strong>non</strong></span> <span class='ocrx_word' id='word_1_738' title='bbox 3302 4537 3558 4576; x_wconf 55' lang='lat' dir='ltr'><strong>moveann</strong></span> 
     </span>
    </p>
   </div>
   <div class='ocr_carea' id='block_1_97' title="bbox 1991 4627 2097 4668">
    <p class='ocr_par' dir='ltr' id='par_1_97' title="bbox 1991 4627 2097 4668">
     <span class='ocr_line' id='line_1_97' title="bbox 1991 4627 2097 4668; baseline -0.009 0"><span class='ocrx_word' id='word_1_739' title='bbox 1991 4627 2097 4668; x_wconf 81' lang='lat' dir='ltr'><strong>llll&#39;.</strong></span> 
     </span>
    </p>
   </div>
   <div class='ocr_carea' id='block_1_98' title="bbox 2063 4703 3557 4770">
    <p class='ocr_par' dir='ltr' id='par_1_98' title="bbox 2063 4703 3557 4770">
     <span class='ocr_line' id='line_1_98' title="bbox 2063 4703 3557 4770; baseline -0.001 -11"><span class='ocrx_word' id='word_1_740' title='bbox 2063 4704 2178 4759; x_wconf 81' lang='lat' dir='ltr'><strong>XX.</strong></span> <span class='ocrx_word' id='word_1_741' title='bbox 2205 4704 2343 4770; x_wconf 83' lang='lat' dir='ltr'><strong>Quid</strong></span> <span class='ocrx_word' id='word_1_742' title='bbox 2379 4704 2498 4759; x_wconf 79' lang='lat' dir='ltr'><strong>ais?</strong></span> <span class='ocrx_word' id='word_1_743' title='bbox 2523 4703 2672 4759; x_wconf 89' lang='lat' dir='ltr'><strong>Itane</strong></span> <span class='ocrx_word' id='word_1_744' title='bbox 2706 4705 2867 4759; x_wconf 85' lang='lat' dir='ltr'><strong>ﬁxum</strong></span> <span class='ocrx_word' id='word_1_745' title='bbox 2887 4719 2949 4758; x_wconf 90' lang='lat' dir='ltr'><strong>ac</strong></span> <span class='ocrx_word' id='word_1_746' title='bbox 2972 4709 3246 4760; x_wconf 88' lang='lat' dir='ltr'><strong>decretum</strong></span> <span class='ocrx_word' id='word_1_747' title='bbox 3284 4713 3383 4764; x_wconf 85' lang='lat' dir='ltr'><strong>est.</strong></span> <span class='ocrx_word' id='word_1_748' title='bbox 3413 4715 3465 4758; x_wconf 91' lang='lat' dir='ltr'><strong>ut</strong></span> <span class='ocrx_word' id='word_1_749' title='bbox 3489 4720 3557 4758; x_wconf 74' lang='lat' dir='ltr'><strong>ex</strong></span> 
     </span>
    </p>
   </div>
   <div class='ocr_carea' id='block_1_99' title="bbox 1990 4794 3555 4865">
    <p class='ocr_par' dir='ltr' id='par_1_99' title="bbox 1990 4794 3555 4865">
     <span class='ocr_line' id='line_1_99' title="bbox 1990 4794 3555 4865; baseline -0.003 -15"><span class='ocrx_word' id='word_1_750' title='bbox 1990 4794 2245 4865; x_wconf 64' lang='lat' dir='ltr'><strong>Egypto,</strong></span> <span class='ocrx_word' id='word_1_751' title='bbox 2276 4797 2375 4850; x_wconf 92' lang='lat' dir='ltr'><strong>hoc</strong></span> <span class='ocrx_word' id='word_1_752' title='bbox 2410 4807 2513 4860; x_wconf 87' lang='lat' dir='ltr'><strong>est,</strong></span> <span class='ocrx_word' id='word_1_753' title='bbox 2536 4811 2600 4849; x_wconf 86' lang='lat' dir='ltr'><strong>ex</strong></span> <span class='ocrx_word' id='word_1_754' title='bbox 2635 4796 2851 4850; x_wconf 77' lang='lat' dir='ltr'><strong>fornace</strong></span> <span class='ocrx_word' id='word_1_755' title='bbox 2877 4795 3047 4849; x_wconf 81' lang='lat' dir='ltr'><strong>ferrea</strong></span> <span class='ocrx_word' id='word_1_756' title='bbox 3078 4796 3143 4861; x_wconf 73' lang='grc' dir='ltr'><strong>θ’,</strong></span> <span class='ocrx_word' id='word_1_757' title='bbox 3173 4796 3421 4859; x_wconf 82' lang='lat' dir='ltr'><strong>excedas,</strong></span> <span class='ocrx_word' id='word_1_758' title='bbox 3458 4796 3555 4847; x_wconf 64' lang='lat' dir='ltr'><strong>imo</strong></span> 
     </span>
    </p>
   </div>
   <div class='ocr_carea' id='block_1_100' title="bbox 1989 4886 3553 4956">
    <p class='ocr_par' dir='ltr' id='par_1_100' title="bbox 1989 4886 3553 4956">
     <span class='ocr_line' id='line_1_100' title="bbox 1989 4886 3553 4956; baseline 0.001 -17"><span class='ocrx_word' id='word_1_759' title='bbox 1989 4887 2246 4955; x_wconf 90' lang='lat' dir='ltr'><strong>piumque</strong></span> <span class='ocrx_word' id='word_1_760' title='bbox 2270 4887 2493 4940; x_wconf 87' lang='lat' dir='ltr'><strong>deorum</strong></span> <span class='ocrx_word' id='word_1_761' title='bbox 2518 4886 2810 4941; x_wconf 91' lang='lat' dir='ltr'><strong>multorum</strong></span> <span class='ocrx_word' id='word_1_762' title='bbox 2865 4889 3066 4942; x_wconf 90' lang='lat' dir='ltr'><strong>cultum</strong></span> <span class='ocrx_word' id='word_1_763' title='bbox 3121 4887 3231 4941; x_wconf 87' lang='lat' dir='ltr'><strong>illic</strong></span> <span class='ocrx_word' id='word_1_764' title='bbox 3282 4887 3553 4956; x_wconf 80' lang='lat' dir='ltr'><strong>vigentem</strong></span> 
     </span>
    </p>
   </div>
   <div class='ocr_carea' id='block_1_101' title="bbox 1996 5041 3535 5115">
    <p class='ocr_par' dir='ltr' id='par_1_101' title="bbox 1996 5041 3535 5115">
     <span class='ocr_line' id='line_1_101' title="bbox 1996 5041 3535 5115; baseline 0.001 -19"><span class='ocrx_word' id='word_1_765' title='bbox 1996 5044 2041 5115; x_wconf 62' lang='grc'>⁸9</span> <span class='ocrx_word' id='word_1_766' title='bbox 2068 5042 2264 5115; x_wconf 75' lang='lat' dir='ltr'><strong>Ephes.</strong></span> <span class='ocrx_word' id='word_1_767' title='bbox 2298 5058 2372 5103; x_wconf 79' lang='grc' dir='ltr'><strong>νι,</strong></span> <span class='ocrx_word' id='word_1_768' title='bbox 2396 5042 2496 5115; x_wconf 22' lang='lat' dir='ltr'><strong>Alﬁ.</strong></span> <span class='ocrx_word' id='word_1_769' title='bbox 2544 5043 2612 5115; x_wconf 69' lang='lat'><strong>_‘°</strong></span> <span class='ocrx_word' id='word_1_770' title='bbox 2645 5041 2813 5115; x_wconf 72' lang='lat' dir='ltr'><strong>Exod.</strong></span> <span class='ocrx_word' id='word_1_771' title='bbox 2842 5059 2929 5115; x_wconf 87' lang='grc' dir='ltr'>ιιι,</span> <span class='ocrx_word' id='word_1_772' title='bbox 2952 5045 3013 5115; x_wconf 55' lang='grc' dir='ltr'><strong>5ἒ</strong></span> <span class='ocrx_word' id='word_1_773' title='bbox 3057 5044 3099 5074; x_wconf 77' lang='grc'>⁸⁸</span> <span class='ocrx_word' id='word_1_774' title='bbox 3131 5043 3260 5099; x_wconf 88' lang='lat' dir='ltr'><strong>Luc.</strong></span> <span class='ocrx_word' id='word_1_775' title='bbox 3286 5060 3346 5115; x_wconf 70' lang='grc' dir='ltr'><strong>ιι,</strong></span> <span class='ocrx_word' id='word_1_776' title='bbox 3374 5043 3409 5097; x_wconf 85' lang='grc'><strong>5</strong></span> <span class='ocrx_word' id='word_1_777' title='bbox 3435 5059 3535 5115; x_wconf 88' lang='lat' dir='ltr'><strong>sqq</strong></span> 
     </span>
    </p>
   </div>
   <div class='ocr_carea' id='block_1_102' title="bbox 304 5111 1879 5182">
    <p class='ocr_par' dir='ltr' id='par_1_102' title="bbox 304 5113 1856 5182">
     <span class='ocr_line' id='line_1_102' title="bbox 304 5113 1856 5182; baseline -0.003 -11"><span class='ocrx_word' id='word_1_778' title='bbox 304 5118 351 5150; x_wconf 75' lang='lat'><strong>&quot;</strong></span> <span class='ocrx_word' id='word_1_779' title='bbox 380 5119 482 5172; x_wconf 88' lang='lat' dir='ltr'><strong>lsa.</strong></span> <span class='ocrx_word' id='word_1_780' title='bbox 509 5132 605 5182; x_wconf 84' lang='lat' dir='ltr'><strong>LII,</strong></span> <span class='ocrx_word' id='word_1_781' title='bbox 632 5118 683 5169; x_wconf 85' lang='lat'><strong>7.</strong></span> <span class='ocrx_word' id='word_1_782' title='bbox 761 5116 804 5147; x_wconf 82' lang='grc'><strong>⁸³</strong></span> <span class='ocrx_word' id='word_1_783' title='bbox 841 5114 1007 5169; x_wconf 80' lang='lat' dir='ltr'><strong>Exod.</strong></span> <span class='ocrx_word' id='word_1_784' title='bbox 1034 5130 1128 5177; x_wconf 70' lang='grc' dir='ltr'>χιι,</span> <span class='ocrx_word' id='word_1_785' title='bbox 1158 5114 1246 5168; x_wconf 78' lang='grc'><strong>11.</strong></span> <span class='ocrx_word' id='word_1_786' title='bbox 1323 5114 1367 5146; x_wconf 72' lang='grc'><strong>⁸⁵</strong></span> <span class='ocrx_word' id='word_1_787' title='bbox 1391 5115 1521 5168; x_wconf 76' lang='lat' dir='ltr'><strong>Luc.</strong></span> <span class='ocrx_word' id='word_1_788' title='bbox 1559 5131 1614 5175; x_wconf 78' lang='grc' dir='ltr'><strong>ιι,</strong></span> <span class='ocrx_word' id='word_1_789' title='bbox 1650 5114 1736 5168; x_wconf 81' lang='grc'><strong>19.</strong></span> <span class='ocrx_word' id='word_1_790' title='bbox 1811 5113 1856 5144; x_wconf 75' lang='grc'>⁸⁸</span> 
     </span>
    </p>
   </div>
   <div class='ocr_carea' id='block_1_103' title="bbox 1986 5111 3366 5182">
    <p class='ocr_par' dir='ltr' id='par_1_103' title="bbox 1986 5111 3366 5180">
     <span class='ocr_line' id='line_1_103' title="bbox 1986 5111 3366 5180; baseline 0.001 -14"><span class='ocrx_word' id='word_1_791' title='bbox 1986 5114 2053 5170; x_wconf 79' lang='grc' dir='ltr'>ιιΙ.</span> <span class='ocrx_word' id='word_1_792' title='bbox 2082 5129 2179 5177; x_wconf 77' lang='grc' dir='ltr'>χιι,</span> <span class='ocrx_word' id='word_1_793' title='bbox 2203 5114 2287 5166; x_wconf 84' lang='grc' dir='ltr'><strong>Η.</strong></span> <span class='ocrx_word' id='word_1_794' title='bbox 2366 5112 2410 5145; x_wconf 71' lang='grc'>⁸⁸</span> <span class='ocrx_word' id='word_1_795' title='bbox 2438 5111 2579 5166; x_wconf 84' lang='lat' dir='ltr'><strong>Psal.</strong></span> <span class='ocrx_word' id='word_1_796' title='bbox 2610 5129 2758 5177; x_wconf 72' lang='lat' dir='ltr'><strong>cui,</strong></span> <span class='ocrx_word' id='word_1_797' title='bbox 2786 5113 2838 5167; x_wconf 74' lang='grc'><strong>2.</strong></span> <span class='ocrx_word' id='word_1_798' title='bbox 2917 5114 2959 5145; x_wconf 74' lang='grc'><strong>⁸⁷</strong></span> <span class='ocrx_word' id='word_1_799' title='bbox 2989 5113 3142 5169; x_wconf 89' lang='lat' dir='ltr'><strong>Dent.</strong></span> <span class='ocrx_word' id='word_1_800' title='bbox 3174 5130 3248 5180; x_wconf 80' lang='lat' dir='ltr'><strong>tv,</strong></span> <span class='ocrx_word' id='word_1_801' title='bbox 3274 5114 3366 5167; x_wconf 79' lang='lat'><strong>20.</strong></span> 
     </span>
    </p>
   </div>
   <div class='ocr_carea' id='block_1_104' title="bbox 380 5226 1874 5302">
    <p class='ocr_par' dir='ltr' id='par_1_104' title="bbox 380 5226 1874 5302">
     <span class='ocr_line' id='line_1_104' title="bbox 380 5226 1874 5302; baseline -0.002 -17"><span class='ocrx_word' id='word_1_802' title='bbox 380 5230 491 5302; x_wconf 79' lang='lat' dir='ltr'><strong>(9i)</strong></span> <span class='ocrx_word' id='word_1_803' title='bbox 529 5228 1006 5302; x_wconf 81' lang='grc' dir='ltr'>Περιεζωσμένοι.</span> <span class='ocrx_word' id='word_1_804' title='bbox 1042 5226 1174 5284; x_wconf 85' lang='lat' dir='ltr'><strong>Tres</strong></span> <span class='ocrx_word' id='word_1_805' title='bbox 1200 5227 1362 5299; x_wconf 76' lang='lat' dir='ltr'><strong>Regg.</strong></span> <span class='ocrx_word' id='word_1_806' title='bbox 1393 5238 1448 5283; x_wconf 87' lang='lat' dir='ltr'><strong>et</strong></span> <span class='ocrx_word' id='word_1_807' title='bbox 1477 5244 1666 5284; x_wconf 88' lang='lat' dir='ltr'><strong>novem</strong></span> <span class='ocrx_word' id='word_1_808' title='bbox 1692 5228 1874 5293; x_wconf 87' lang='lat' dir='ltr'><strong>Colb.,</strong></span> 
     </span>
    </p>
   </div>
   <div class='ocr_carea' id='block_1_105' title="bbox 303 5300 758 5371">
    <p class='ocr_par' dir='ltr' id='par_1_105' title="bbox 303 5300 758 5371">
     <span class='ocr_line' id='line_1_105' title="bbox 303 5300 758 5371; baseline 0.002 0"><span class='ocrx_word' id='word_1_809' title='bbox 303 5300 758 5371; x_wconf 60' lang='grc' dir='ltr'>πριξωσάμεγοιτ</span> 
     </span>
    </p>
   </div>
   <div class='ocr_carea' id='block_1_106' title="bbox 376 5365 1161 5441">
    <p class='ocr_par' dir='ltr' id='par_1_106' title="bbox 376 5365 1161 5441">
     <span class='ocr_line' id='line_1_106' title="bbox 376 5365 1161 5441; baseline -0.001 -17"><span class='ocrx_word' id='word_1_810' title='bbox 376 5365 490 5441; x_wconf 73' lang='grc'>(92)</span> <span class='ocrx_word' id='word_1_811' title='bbox 526 5365 708 5441; x_wconf 51' lang='grc' dir='ltr'>Κάθά,</span> <span class='ocrx_word' id='word_1_812' title='bbox 741 5369 845 5441; x_wconf 71' lang='lat' dir='ltr'><strong>Or.</strong></span> <span class='ocrx_word' id='word_1_813' title='bbox 874 5369 926 5435; x_wconf 87' lang='grc'>1,</span> 
     </span>
    </p>
   </div>
   <div class='ocr_carea' id='block_1_107' title="bbox 374 5435 1416 5579">
    <p class='ocr_par' dir='ltr' id='par_1_107' title="bbox 374 5435 1416 5579">
     <span class='ocr_line' id='line_1_107' title="bbox 386 5435 1416 5508; baseline 0 -16"><span class='ocrx_word' id='word_1_814' title='bbox 386 5435 479 5492; x_wconf 63' lang='grc'>93</span> <span class='ocrx_word' id='word_1_815' title='bbox 530 5439 641 5494; x_wconf 79' lang='lat' dir='ltr'><strong>Kat</strong></span> <span class='ocrx_word' id='word_1_816' title='bbox 670 5440 1015 5508; x_wconf 76' lang='grc' dir='ltr'>ἀπερίττως.</span> <span class='ocrx_word' id='word_1_817' title='bbox 1048 5438 1205 5491; x_wconf 83' lang='lat' dir='ltr'><strong>Deest</strong></span> <span class='ocrx_word' id='word_1_818' title='bbox 1232 5437 1283 5492; x_wconf 93' lang='lat' dir='ltr'><strong>in</strong></span> <span class='ocrx_word' id='word_1_819' title='bbox 1308 5435 1416 5494; x_wconf 83' lang='lat' dir='ltr'><strong>Jes.</strong></span> 
     </span>
     <span class='ocr_line' id='line_1_108' title="bbox 374 5443 1305 5579; baseline 0.001 -17"><span class='ocrx_word' id='word_1_820' title='bbox 374 5443 492 5578; x_wconf 54' lang='grc' dir='ltr'><strong>ξω)</strong></span> <span class='ocrx_word' id='word_1_821' title='bbox 531 5510 646 5563; x_wconf 82' lang='grc' dir='ltr'>Δεῖ.</span> <span class='ocrx_word' id='word_1_822' title='bbox 683 5510 738 5563; x_wconf 83' lang='lat' dir='ltr'><strong>In</strong></span> <span class='ocrx_word' id='word_1_823' title='bbox 768 5509 1057 5579; x_wconf 59' lang='lat' dir='ltr'><strong>nonnullis,</strong></span> <span class='ocrx_word' id='word_1_824' title='bbox 1083 5507 1212 5579; x_wconf 81' lang='grc' dir='ltr'><strong>χρή.</strong></span> <span class='ocrx_word' id='word_1_825' title='bbox 1284 5577 1305 5579; x_wconf 95' lang='lat'>_</span> 
     </span>
    </p>
   </div>
   <div class='ocr_carea' id='block_1_108' title="bbox 376 5546 1875 5650">
    <p class='ocr_par' dir='ltr' id='par_1_108' title="bbox 376 5546 1875 5650">
     <span class='ocr_line' id='line_1_109' title="bbox 376 5546 1875 5650; baseline -0.001 -16"><span class='ocrx_word' id='word_1_826' title='bbox 376 5546 491 5650; x_wconf 65' lang='grc' dir='ltr'><strong>ἰδεἶὶ</strong></span> <span class='ocrx_word' id='word_1_827' title='bbox 529 5546 1238 5650; x_wconf 61' lang='grc' dir='ltr'><strong>ῗῗιὶνῖξὲσὲξὲὲὲἱὶἷ”ὲῖολῖιῖἕε</strong></span> <span class='ocrx_word' id='word_1_828' title='bbox 1278 5577 1468 5650; x_wconf 61' lang='lat' dir='ltr'><strong>Restm,</strong></span> <span class='ocrx_word' id='word_1_829' title='bbox 1501 5577 1665 5633; x_wconf 85' lang='lat' dir='ltr'><strong>Coisl.</strong></span> <span class='ocrx_word' id='word_1_830' title='bbox 1698 5579 1747 5643; x_wconf 81' lang='grc' dir='ltr'><strong>ι,</strong></span> <span class='ocrx_word' id='word_1_831' title='bbox 1784 5576 1875 5632; x_wconf 91' lang='lat' dir='ltr'><strong>Or.</strong></span> 
     </span>
    </p>
   </div>
   <div class='ocr_carea' id='block_1_109' title="bbox 307 5646 1435 5717">
    <p class='ocr_par' dir='ltr' id='par_1_109' title="bbox 307 5646 1435 5717">
     <span class='ocr_line' id='line_1_110' title="bbox 307 5646 1435 5717; baseline -0.003 -12"><span class='ocrx_word' id='word_1_832' title='bbox 307 5650 362 5716; x_wconf 74' lang='grc'>1,</span> <span class='ocrx_word' id='word_1_833' title='bbox 398 5646 541 5711; x_wconf 65' lang='lat' dir='ltr'><strong>Pan,</strong></span> <span class='ocrx_word' id='word_1_834' title='bbox 569 5646 673 5703; x_wconf 80' lang='lat' dir='ltr'><strong>etc.</strong></span> <span class='ocrx_word' id='word_1_835' title='bbox 710 5647 765 5700; x_wconf 93' lang='lat' dir='ltr'><strong>ln</strong></span> <span class='ocrx_word' id='word_1_836' title='bbox 798 5648 916 5700; x_wconf 87' lang='lat' dir='ltr'><strong>Par.</strong></span> <span class='ocrx_word' id='word_1_837' title='bbox 955 5647 1062 5717; x_wconf 90' lang='lat' dir='ltr'><strong>ed.,</strong></span> <span class='ocrx_word' id='word_1_838' title='bbox 1093 5646 1435 5717; x_wconf 85' lang='grc' dir='ltr'>γυμνοποδεῖ.</span> 
     </span>
    </p>
   </div>
   <div class='ocr_carea' id='block_1_110' title="bbox 377 5716 1874 5790">
    <p class='ocr_par' dir='ltr' id='par_1_110' title="bbox 377 5716 1874 5790">
     <span class='ocr_line' id='line_1_111' title="bbox 377 5716 1874 5790; baseline -0.004 -17"><span class='ocrx_word' id='word_1_839' title='bbox 377 5722 492 5790; x_wconf 72' lang='lat'><strong>‘96)</strong></span> <span class='ocrx_word' id='word_1_840' title='bbox 531 5718 671 5788; x_wconf 76' lang='grc' dir='ltr'>Περὶ</span> <span class='ocrx_word' id='word_1_841' title='bbox 703 5719 947 5786; x_wconf 81' lang='grc' dir='ltr'>ταύτην.</span> <span class='ocrx_word' id='word_1_842' title='bbox 985 5716 1148 5771; x_wconf 85' lang='lat' dir='ltr'><strong>Coisl.</strong></span> <span class='ocrx_word' id='word_1_843' title='bbox 1182 5719 1205 5770; x_wconf 84' lang='lat' dir='ltr'><strong>l</strong></span> <span class='ocrx_word' id='word_1_844' title='bbox 1240 5728 1294 5773; x_wconf 90' lang='lat' dir='ltr'><strong>et</strong></span> <span class='ocrx_word' id='word_1_845' title='bbox 1330 5717 1463 5783; x_wconf 79' lang='lat' dir='ltr'><strong>.les.,</strong></span> <span class='ocrx_word' id='word_1_846' title='bbox 1497 5718 1622 5789; x_wconf 68' lang='grc' dir='ltr'>περ).</span> <span class='ocrx_word' id='word_1_847' title='bbox 1654 5718 1874 5789; x_wconf 79' lang='grc' dir='ltr'>ταύτης.</span> 
     </span>
    </p>
   </div>
   <div class='ocr_carea' id='block_1_111' title="bbox 664 5802 1440 5872">
    <p class='ocr_par' dir='ltr' id='par_1_111' title="bbox 664 5802 1440 5872">
     <span class='ocr_line' id='line_1_112' title="bbox 664 5802 1440 5872; baseline 0.006 -5"><span class='ocrx_word' id='word_1_848' title='bbox 664 5811 936 5870; x_wconf 55' lang='lat' dir='ltr'><strong>Parnm”</strong></span> <span class='ocrx_word' id='word_1_849' title='bbox 980 5809 1095 5872; x_wconf 73' lang='lat' dir='ltr'><strong>(in.</strong></span> <span class='ocrx_word' id='word_1_850' title='bbox 1146 5802 1440 5872; x_wconf 78' lang='lat' dir='ltr'><strong>XXXVI.</strong></span> 
     </span>
    </p>
   </div>
   <div class='ocr_carea' id='block_1_112' title="bbox 2055 5224 3560 5296">
    <p class='ocr_par' dir='ltr' id='par_1_112' title="bbox 2055 5224 3560 5296">
     <span class='ocr_line' id='line_1_113' title="bbox 2055 5224 3560 5296; baseline -0.001 -14"><span class='ocrx_word' id='word_1_851' title='bbox 2055 5225 2166 5296; x_wconf 87' lang='lat'><strong>(97)</strong></span> <span class='ocrx_word' id='word_1_852' title='bbox 2204 5224 2368 5293; x_wconf 80' lang='grc' dir='ltr'>Μήτε</span> <span class='ocrx_word' id='word_1_853' title='bbox 2396 5226 2520 5292; x_wconf 77' lang='grc' dir='ltr'>τοῖς</span> <span class='ocrx_word' id='word_1_854' title='bbox 2548 5226 2681 5294; x_wconf 76' lang='grc' dir='ltr'>περὶ</span> <span class='ocrx_word' id='word_1_855' title='bbox 2711 5226 2956 5295; x_wconf 82' lang='grc' dir='ltr'>σαρκός,</span> <span class='ocrx_word' id='word_1_856' title='bbox 2987 5237 3095 5283; x_wconf 91' lang='lat' dir='ltr'><strong>etc.</strong></span> <span class='ocrx_word' id='word_1_857' title='bbox 3139 5226 3257 5279; x_wconf 85' lang='lat' dir='ltr'><strong>Dill.</strong></span> <span class='ocrx_word' id='word_1_858' title='bbox 3292 5226 3344 5279; x_wconf 91' lang='lat' dir='ltr'><strong>in</strong></span> <span class='ocrx_word' id='word_1_859' title='bbox 3389 5226 3560 5296; x_wconf 86' lang='lat' dir='ltr'><strong>prima</strong></span> 
     </span>
    </p>
   </div>
   <div class='ocr_carea' id='block_1_113' title="bbox 1984 5296 3563 5365">
    <p class='ocr_par' dir='ltr' id='par_1_113' title="bbox 1984 5296 3563 5365">
     <span class='ocr_line' id='line_1_114' title="bbox 1984 5296 3563 5365; baseline 0 -14"><span class='ocrx_word' id='word_1_860' title='bbox 1984 5298 2116 5351; x_wconf 81' lang='lat' dir='ltr'><strong>edit.</strong></span> <span class='ocrx_word' id='word_1_861' title='bbox 2165 5315 2184 5347; x_wconf 80' lang='grc' dir='ltr'><strong>ι</strong></span> <span class='ocrx_word' id='word_1_862' title='bbox 2216 5296 2327 5351; x_wconf 88' lang='lat' dir='ltr'><strong>Nec</strong></span> <span class='ocrx_word' id='word_1_863' title='bbox 2364 5297 2623 5351; x_wconf 85' lang='lat' dir='ltr'><strong>doctrinae</strong></span> <span class='ocrx_word' id='word_1_864' title='bbox 2667 5298 2844 5365; x_wconf 84' lang='lat' dir='ltr'><strong>carnis</strong></span> <span class='ocrx_word' id='word_1_865' title='bbox 2896 5297 3052 5350; x_wconf 82' lang='lat' dir='ltr'><strong>ﬁdem</strong></span> <span class='ocrx_word' id='word_1_866' title='bbox 3104 5297 3406 5365; x_wconf 81' lang='lat' dir='ltr'><strong>abrogans,</strong></span> <span class='ocrx_word' id='word_1_867' title='bbox 3460 5313 3563 5351; x_wconf 89' lang='lat' dir='ltr'><strong>nec</strong></span> 
     </span>
    </p>
   </div>
   <div class='ocr_carea' id='block_1_114' title="bbox 1983 5364 2965 5422">
    <p class='ocr_par' dir='ltr' id='par_1_114' title="bbox 1983 5364 2965 5422">
     <span class='ocr_line' id='line_1_115' title="bbox 1983 5364 2965 5422; baseline -0.006 0"><span class='ocrx_word' id='word_1_868' title='bbox 1983 5367 2257 5422; x_wconf 73' lang='lat' dir='ltr'><strong>Passionis</strong></span> <span class='ocrx_word' id='word_1_869' title='bbox 2285 5367 2625 5419; x_wconf 86' lang='lat' dir='ltr'><strong>sermonibus</strong></span> <span class='ocrx_word' id='word_1_870' title='bbox 2651 5364 2906 5421; x_wconf 69' lang='lat' dir='ltr'><strong>oﬂ‘ensns.</strong></span> <span class='ocrx_word' id='word_1_871' title='bbox 2946 5384 2965 5416; x_wconf 76' lang='grc' dir='ltr'><strong>ι</strong></span> 
     </span>
    </p>
   </div>
   <div class='ocr_carea' id='block_1_115' title="bbox 2053 5435 3559 5506">
    <p class='ocr_par' dir='ltr' id='par_1_115' title="bbox 2053 5435 3559 5506">
     <span class='ocr_line' id='line_1_116' title="bbox 2053 5435 3559 5506; baseline -0.004 -15"><span class='ocrx_word' id='word_1_872' title='bbox 2053 5436 2165 5506; x_wconf 90' lang='grc'>(98)</span> <span class='ocrx_word' id='word_1_873' title='bbox 2204 5436 2329 5490; x_wconf 78' lang='grc' dir='ltr'><strong>Ἐπὶ</strong></span> <span class='ocrx_word' id='word_1_874' title='bbox 2370 5435 2481 5503; x_wconf 85' lang='grc' dir='ltr'>τῆς</span> <span class='ocrx_word' id='word_1_875' title='bbox 2523 5435 2762 5506; x_wconf 72' lang='grc' dir='ltr'>πέτρας.</span> <span class='ocrx_word' id='word_1_876' title='bbox 2798 5455 2843 5506; x_wconf 20' lang='grc' dir='ltr'><strong>ί(</strong></span> <span class='ocrx_word' id='word_1_877' title='bbox 2867 5436 2922 5489; x_wconf 90' lang='lat' dir='ltr'><strong>In</strong></span> <span class='ocrx_word' id='word_1_878' title='bbox 2947 5445 3117 5506; x_wconf 79' lang='lat' dir='ltr'><strong>petra,</strong></span> <span class='ocrx_word' id='word_1_879' title='bbox 3148 5454 3166 5486; x_wconf 77' lang='grc' dir='ltr'><strong>ι</strong></span> <span class='ocrx_word' id='word_1_880' title='bbox 3189 5435 3272 5506; x_wconf 86' lang='lat' dir='ltr'><strong>_id</strong></span> <span class='ocrx_word' id='word_1_881' title='bbox 3321 5442 3424 5499; x_wconf 84' lang='lat' dir='ltr'><strong>est,</strong></span> <span class='ocrx_word' id='word_1_882' title='bbox 3462 5452 3483 5485; x_wconf 77' lang='grc' dir='ltr'><strong>ι</strong></span> <span class='ocrx_word' id='word_1_883' title='bbox 3508 5435 3559 5486; x_wconf 93' lang='lat' dir='ltr'><strong>in</strong></span> 
     </span>
    </p>
   </div>
   <div class='ocr_carea' id='block_1_116' title="bbox 1982 5503 3556 5576">
    <p class='ocr_par' dir='ltr' id='par_1_116' title="bbox 1982 5503 3556 5576">
     <span class='ocr_line' id='line_1_117' title="bbox 1982 5503 3556 5576; baseline -0.004 -16"><span class='ocrx_word' id='word_1_884' title='bbox 1982 5503 2219 5576; x_wconf 43' lang='lat' dir='ltr'><strong>Christo,</strong></span> <span class='ocrx_word' id='word_1_885' title='bbox 2246 5525 2264 5557; x_wconf 77' lang='grc' dir='ltr'><strong>ι</strong></span> <span class='ocrx_word' id='word_1_886' title='bbox 2298 5507 2449 5573; x_wconf 77' lang='lat' dir='ltr'><strong>juxta</strong></span> <span class='ocrx_word' id='word_1_887' title='bbox 2500 5503 2685 5576; x_wconf 66' lang='grc' dir='ltr'>Αροέι.</span> <span class='ocrx_word' id='word_1_888' title='bbox 2719 5506 2736 5559; x_wconf 94' lang='grc' dir='ltr'><strong>Ι</strong></span> <span class='ocrx_word' id='word_1_889' title='bbox 2784 5505 2909 5560; x_wconf 85' lang='lat' dir='ltr'><strong>Cor.</strong></span> <span class='ocrx_word' id='word_1_890' title='bbox 2949 5503 3003 5569; x_wconf 58' lang='lat' dir='ltr'><strong>x,</strong></span> <span class='ocrx_word' id='word_1_891' title='bbox 3043 5505 3098 5569; x_wconf 74' lang='grc'>4,</span> <span class='ocrx_word' id='word_1_892' title='bbox 3139 5523 3158 5554; x_wconf 77' lang='grc' dir='ltr'><strong>ι</strong></span> <span class='ocrx_word' id='word_1_893' title='bbox 3187 5503 3346 5558; x_wconf 87' lang='lat' dir='ltr'><strong>Petra</strong></span> <span class='ocrx_word' id='word_1_894' title='bbox 3375 5514 3556 5571; x_wconf 56' lang='lat' dir='ltr'><strong>angam</strong></span> 
     </span>
    </p>
   </div>
   <div class='ocr_carea' id='block_1_117' title="bbox 1983 5575 2446 5631">
    <p class='ocr_par' dir='ltr' id='par_1_117' title="bbox 1983 5575 2446 5631">
     <span class='ocr_line' id='line_1_118' title="bbox 1983 5575 2446 5631; baseline -0.009 -1"><span class='ocrx_word' id='word_1_895' title='bbox 1983 5586 2099 5631; x_wconf 89' lang='lat' dir='ltr'><strong>erat</strong></span> <span class='ocrx_word' id='word_1_896' title='bbox 2129 5575 2394 5629; x_wconf 80' lang='lat' dir='ltr'><strong>Christus.</strong></span> <span class='ocrx_word' id='word_1_897' title='bbox 2427 5593 2446 5625; x_wconf 75' lang='grc' dir='ltr'><strong>ι</strong></span> 
     </span>
    </p>
   </div>
   <div class='ocr_carea' id='block_1_118' title="bbox 2054 5642 3558 5716">
    <p class='ocr_par' dir='ltr' id='par_1_118' title="bbox 2054 5642 3558 5716">
     <span class='ocr_line' id='line_1_119' title="bbox 2054 5642 3558 5716; baseline -0.003 -16"><span class='ocrx_word' id='word_1_898' title='bbox 2054 5645 2163 5716; x_wconf 87' lang='grc'>(99)</span> <span class='ocrx_word' id='word_1_899' title='bbox 2192 5645 2544 5701; x_wconf 75' lang='grc' dir='ltr'>Πολυθεΐαν.</span> <span class='ocrx_word' id='word_1_900' title='bbox 2586 5644 2749 5700; x_wconf 79' lang='lat' dir='ltr'><strong>Coisl.</strong></span> <span class='ocrx_word' id='word_1_901' title='bbox 2784 5646 2808 5699; x_wconf 78' lang='lat' dir='ltr'><strong>i</strong></span> <span class='ocrx_word' id='word_1_902' title='bbox 2843 5642 3006 5701; x_wconf 87' lang='lat' dir='ltr'><strong>ctOr.</strong></span> <span class='ocrx_word' id='word_1_903' title='bbox 3037 5644 3059 5698; x_wconf 76' lang='lat' dir='ltr'><strong>i</strong></span> <span class='ocrx_word' id='word_1_904' title='bbox 3095 5643 3316 5709; x_wconf 86' lang='lat' dir='ltr'><strong>addunt,</strong></span> <span class='ocrx_word' id='word_1_905' title='bbox 3348 5642 3558 5709; x_wconf 84' lang='grc' dir='ltr'>άθείαν,</span> 
     </span>
    </p>
   </div>
   <div class='ocr_carea' id='block_1_119' title="bbox 1990 5716 2692 5792">
    <p class='ocr_par' dir='ltr' id='par_1_119' title="bbox 1990 5716 2692 5792">
     <span class='ocr_line' id='line_1_120' title="bbox 1990 5716 2692 5792; baseline -0.001 -24"><span class='ocrx_word' id='word_1_906' title='bbox 1990 5736 2008 5768; x_wconf 80' lang='grc' dir='ltr'><strong>ι</strong></span> <span class='ocrx_word' id='word_1_907' title='bbox 2037 5718 2275 5792; x_wconf 52' lang='lat' dir='ltr'><strong>impiam,</strong></span> <span class='ocrx_word' id='word_1_908' title='bbox 2307 5716 2644 5785; x_wconf 78' lang='lat' dir='ltr'><strong>sacrilegam.</strong></span> <span class='ocrx_word' id='word_1_909' title='bbox 2673 5735 2692 5767; x_wconf 75' lang='grc' dir='ltr'><strong>ι</strong></span> 
     </span>
    </p>
   </div>
   <div class='ocr_carea' id='block_1_120' title="bbox 3124 5767 3238 5865">
    <p class='ocr_par' dir='ltr' id='par_1_120' title="bbox 3124 5767 3238 5865">
     <span class='ocr_line' id='line_1_121' title="bbox 3124 5767 3238 5865; baseline 0.035 -4"><span class='ocrx_word' id='word_1_910' title='bbox 3124 5767 3238 5865; x_wconf 79' lang='lat' dir='ltr'><strong>2t</strong></span> 
     </span>
    </p>
   </div>
  </div>
