3898 6222
364 289 466 346 651

1578 288 1635 344 S.
1677 286 2006 346 GREGORII
2047 286 2392 344 TIIEOLOGI

3526 285 3643 345 652

369 404 666 474 relinquas,
698 409 859 473 atque
877 417 907 456 a
935 401 1141 473 Moyse,
1167 402 1444 473 ipsmsque
1471 401 1681 472 legibus
1702 419 1766 458 ac
1798 403 1943 457 mili-

2078 403 2256 457 κείνου
2290 404 2365 473 (1)
2392 402 2714 473 νομοθεσίας
2756 402 2851 455 καὶ
2885 402 3253 475 στρατηγίαςς
3286 402 3642 473 Είσηγοῦμαι

372 499 475 553 tari
508 497 738 568 imperio
769 496 1029 551 ducaris?
1064 496 1359 551 Consilium
1403 499 1673 566 quoddam
1701 496 1794 550 tibi
1822 511 1950 563 por-

372 592 509 660 rigo,
562 604 903 660 nequaquam
968 603 1168 656 meum,
1220 588 1329 643 imo
1385 589 1675 643 admodum
1732 602 1949 658 quoque

372 697 581 747 meum,
615 683 661 737 si
689 696 803 736 rem
833 680 1192 750 spiritualitcr
1228 682 1573 749 expenderis.
1624 679 1760 736 Vasa
1785 696 1948 735 aurea

374 786 429 831 et
458 787 709 846 argentea
728 772 1001 846 [Egyptiis
1030 774 1375 829 commodato
1424 784 1542 844 pete
1576 774 1658 829 “z
1712 789 1834 829 cum
1868 774 1952 828 bis

376 880 429 923 te
460 868 638 923 itineri
667 867 988 922 committe:
1038 881 1106 919 ex
1172 865 1362 920 alienis
1407 865 1751 920 facultatibus
1792 867 1952 919 viati-

374 977 497 1015 cum
533 961 624 1015 tibi
655 974 806 1029 para,
838 959 946 1011 imo
976 973 1041 1011 ex
1095 958 1200 1012 tuis
1233 959 1433 1026 potius.
1490 957 1780 1014 Servitutis
1806 959 1950 1012 enim

375 1071 440 1111 ac
465 1052 834 1109 cdnfectorum
859 1050 1093 1105 laterum
1123 1066 1331 1106 merces
1354 1052 1447 1106 tibi
1481 1052 1726 1107 debetur.
1746 1052 1953 1107 Callide

376 1157 433 1200 tu
460 1159 675 1216 quoque
700 1143 901 1212 aliquid
924 1143 1065 1197 circa
1100 1146 1366 1199 mercedis
1394 1144 1776 1213 ﬂagitationem
1801 1159 1953 1199 com-

374 1238 702 1292 miniscere:
735 1235 957 1305 pulchre
984 1235 1196 1289 frauda.
1227 1233 1361 1291 Esto
1394 1251 1547 1302 sane,
1580 1236 1833 1307 gravibus
1866 1236 1954 1290 hic

376 1328 656 1384 laboribus
692 1338 919 1381 vexatus
953 1342 1033 1390 es,
1065 1342 1187 1381 cum
1236 1328 1348 1382 luto
1394 1328 1709 1393 colluctans,
1766 1329 1819 1382 id
1850 1336 1950 1394 est,

378 1435 503 1474 cum
532 1433 837 1474 aerumnoso
864 1428 917 1472 et
941 1418 1151 1486 impuro
1181 1433 1423 1488 corpore,
1452 1434 1513 1472 ac
1540 1419 1726 1474 domos
1749 1418 1955 1472 alienas

378 1521 433 1565 et
458 1513 689 1567 caducas
718 1521 1029 1577 exstructis,
1065 1527 1294 1580 quarum
1342 1512 1600 1566 memoria
1627 1525 1750 1565 cum
1777 1511 1954 1565 sonitu

377 1604 540 1672 perit.
569 1601 745 1670 Quid?
776 1601 1032 1656 Gratisne
1092 1612 1146 1655 ct
1186 1604 1393 1671 absque
1437 1603 1606 1673 pretio
1653 1603 1956 1673 egrederis?

380 1693 553 1760 Quid?
585 1693 666 1747 An
689 1690 961 1764 [Egyptiis
1007 1700 1063 1746 et
1114 1693 1441 1747 adversariis
1500 1695 1854 1763 potestatibus
1895 1711 1954 1747 ca

2051 513 2103 548 τι
2128 495 2222 548 καὶ⁹
2250 494 2360 550 τῶν
2392 496 2493 548 οὐκ
2518 493 2691 566 ἐμῶν,
2724 494 2924 565 μᾶλλον
2957 494 3015 548 δὲ
3063 496 3159 547 xui.
3203 493 3325 546 λίαν
3353 492 3521 563 ἐμῶν,
3562 492 3640 548 ἂν

2053 586 2435 657 πνευματικῶς
2462 586 2691 658 θεωρῇς.
2724 586 2942 658 Χρῆσαι
2965 586 3094 657 παρ’
3117 584 3429 654 Αἰγυπτίων
3462 583 3640 651 σκεύη
3724 584 3731 589 ’

2052 681 2229 751 χρυσᾶ
2267 680 2359 733 καὶ
2392 680 2610 751 ἀργυρᾶ
2636 695 2649 709 ο
2686 678 2824 750 μετά
2851 677 3057 731 τούτων
3101 676 3347 730 ὃδευσονο
3408 678 3471 730 ἐκ
3524 674 3640 728 τῶν

2052 770 2348 842 ἀλλοτρίων
2382 770 2763 841 ἐφοδιάσθητι,
2803 770 3001 840 μᾶλλον
3038 768 3094 821 δὲ
3138 768 3247 823 τῶν
3283 767 3420 820 σῶν·
3462 783 3640 837 χρεωο

2056 859 2256 913 στεῖταί
2288 876 2369 913 σοι
2400 860 2589 929 μισθὸς
2622 859 2722 929 τῆς
2750 859 2995 922 δουλείας
3033 858 3128 911 καὶ
3163 859 3260 928 τῆς
3312 857 3591 920 πλινθείας
3624 874 3638 886 ·

2056 950 2274 1020 σόφισαί
2304 968 2357 1003 τι
2397 952 2490 1004 καὶ
2518 952 2581 1004 σὺ
2617 950 2743 1022 περὶ
2776 950 2876 1021 τὴν
2910 950 3210 1020 ἀπαίτησιν
3232 965 3247 978 ·
3285 946 3466 1010 καλῶς
3503 948 3643 999 ἀπο-

2057 1042 2340 1114 στέρησον.
2369 1040 3071 1113 Ἔστω,τεταλαιπὼρηκας
3104 1039 3360 1102 ἐνταῦθα,
3391 1036 3646 1109 τῷ

2059 1135 2386 1205 μαχόμενος,
2424 1134 2503 1205 τῷ
2552 1133 2811 1206 μοχθηρῷ
2868 1132 3044 1204 τούτῳ
3093 1134 3189 1187 καὶ
3243 1132 3472 1204 ῥυπαρῷ
3530 1130 3646 1183 σώ-

2060 1246 2207 1299 ματι,
2238 1228 2330 1281 καὶ
2363 1228 2545 1290 πόλεις
2572 1225 2868 1298 οἰκοδομῶν
2901 1225 3187 1297 ἀλλοτρίας
3213 1224 3309 1279 καὶ
3339 1223 3643 1295 σφαλεράς,

2057 1313 2132 1374 ὧν
2176 1319 2457 1374 ἀπολεῖται
2499 1319 2560 1372 τὸ
2613 1318 2957 1390 μνημόσυνον
3026 1318 3143 1388 μετ’
3195 1310 3347 1387 ἦχον.
3407 1316 3471 1368 Τί
3506 1316 3642 1377 δαίς

2062 1416 2261 1485 προῖκα
2323 1412 2518 1483 ἐξέρχῃ
2572 1413 2667 1465 καὶ
2725 1412 2958 1482 ἁμισθίς
3000 1410 3064 1463 Τί
3108 1410 3235 1474 δαί;
3289 1408 3647 1478 καταλείψεις

2057 1501 2377 1571 Αἰγυπτίοις
2410 1503 2505 1554 καὶ
2534 1503 2652 1565 ταῖς
2681 1499 3087 1571 ἀντικειμέναις
3123 1499 3439 1567 δυνάμεσιν,
3473 1497 3509 1550 ἀ
3540 1513 3649 1550 κα-

2060 1592 2171 1657 κῶς
2201 1595 2516 1663 ἐκτήσαντο,
2542 1593 2636 1645 καὶ
2668 1594 2848 1662 χεῖρον
2876 1590 3310 1659 δαπανήσουσιν;
3347 1588 3461 1640 Οὐκ
3496 1585 3651 1638 ἔστιν

2061 1684 2309 1735 ἐκείνων⁹
2358 1681 2649 1754 ἐσύλησαν,
2692 1682 2949 1751 ἥρπασαν
2993 1679 3087 1732 τοῦ
3145 1679 3425 1739 εἰπόντος·
3469 1676 3651 1746 Ἐμόν

384 1785 683 1853 relinques,
714 1801 833 1855 qua:
862 1785 1001 1839 male
1032 1786 1209 1855 adepti
1269 1797 1416 1848 sunt,
1468 1801 1531 1840 ac
1578 1786 1727 1855 pejus
1759 1802 1954 1841 censu-

2076 1773 2190 1827 ἑστι
2214 1774 2276 1826 τὸ
2316 1774 2602 1843 ἀργύριον
2647 1771 2747 1843 (Ξ),
2793 1772 2889 1825 καὶ
2926 1772 3073 1840 ἐμόν
3114 1770 3246 1824 ἐστι
3271 1768 3336 1823 τὸ
3360 1770 3648 1838 χρυσίον,

383 1873 569 1927 ment?
592 1872 804 1926 Nullum
834 1873 922 1941 jus
952 1873 1005 1925 in
1062 1889 1123 1927 ea
1166 1875 1390 1940 habent;
1446 1876 1732 1946 sacrilegio
1766 1877 1960 1946 compi-

384 1963 583 2027 larunt,
619 1965 929 2032 eripuerunt
954 1965 1026 2028 ei,
1053 1964 1142 2033 qui
1173 1966 1342 2020 dixit:
1374 1965 1549 2021 Meum
1578 1981 1648 2021 est
1667 1978 1957 2037 argentum,

384 2064 429 2105 et
458 2069 625 2106 meum
677 2064 757 2106 est
813 2071 1000 2108 aurum
1037 2055 1102 2121 ⁸⁸,
1153 2055 1389 2127 daboque
1437 2061 1503 2125 ei,
1540 2062 1623 2111 cui
1652 2063 1856 2113 voluero
1890 2060 1956 2112 "°.

386 2142 513 2197 Heri
551 2144 636 2198 illa
667 2145 1016 2213 possidebant
1058 2164 1075 2203 :
1106 2147 1186 2201 sic
1220 2150 1361 2202 enim
1388 2151 1820 2219 permittebatur.
1856 2151 1962 2204 llo-

391 2236 477 2288 die
498 2252 559 2289 ea
595 2237 687 2289 tibi
724 2235 982 2292 Dominus
1017 2237 1174 2293 oﬂ‘ert
1221 2256 1285 2295 ac
1325 2242 1506 2309 tradit,
1562 2242 1783 2296 honeste
1810 2251 1862 2297 et
1895 2244 1961 2297 ad

387 2326 613 2381 salutem
648 2344 832 2383 usuro.
891 2331 1108 2386 Amicos
1140 2331 1293 2386 nobis
1320 2333 1387 2386 de
1415 2350 1722 2388 mammona
1756 2335 1958 2403 iniqui-

388 2419 513 2472 tatis
539 2434 935 2488 comparemus,
960 2428 1035 2484 ut,
1063 2436 1186 2475 cum
1215 2422 1571 2479 defecerimus
1596 2466 1611 2491 ,
1668 2427 1721 2479 in
1765 2427 1958 2496 judicii

389 2514 991 2581 tempore‘recipiamus
1034 2516 1103 2569 “.

459 2600 597 2657 XXI.
642 2602 698 2657 Si
729 2602 928 2656 Rachel
956 2605 1198 2673 qnmdam
1228 2619 1308 2667 es,
1335 2617 1426 2659 aut
1452 2605 1568 2671 Lia,
1604 2607 1705 2662 hoc
1740 2621 1841 2673 est,
1871 2625 1965 2678 pa-

388 2696 676 2751 triarchica
705 2707 760 2751 et
788 2713 977 2767 magna
1010 2698 1207 2761 anima,
1245 2701 1415 2768 patris
1445 2715 1659 2767 quoque
1692 2703 1764 2755 lui
1800 2703 1963 2768 idola,

388 2804 721 2858 quaecunque
750 2788 1042 2854 inveneris,
1072 2792 1305 2860 surripe,
1342 2808 1446 2846 non
1481 2805 1539 2847 ttt
1571 2808 1773 2860 serves,
1804 2798 1968 2851 sedut

388 2881 568 2937 deleas
589 2883 656 2936 ⁷³.
720 2880 776 2935 Si
824 2892 1004 2936 autem
1056 2884 1273 2951 sapiens
1334 2884 1619 2951 Israelitis,
1668 2887 1734 2939 ad
1767 2897 1966 2941 terram

391 2976 766 3044 promissionis
802 2973 1064 3040 transfer;
1134 2991 1306 3043 eoque
1342 2978 1561 3031 nomine
1613 2977 1969 3033 discrucietnr

390 3078 725 3137 persecutor,
754 3075 917 3135 atque
945 3079 1011 3119 ex
1047 3066 1230 3120 fraude
1255 3068 1353 3122 sibi
1380 3066 1519 3121 facta
1555 3070 1659 3124 hoc
1688 3070 1965 3141 intelligat,

391 3160 534 3229 quod
563 3159 850 3229 tyrannide
880 3174 945 3211 ac
986 3158 1249 3213 servitute
1280 3157 1527 3214 meliores
1561 3159 1760 3215 frustra
1785 3164 1969 3232 oppri-

391 3247 592 3300 mebat.
626 3246 739 3300 Hoc
761 3246 807 3301 si
836 3245 1050 3311 feceris,
1082 3256 1243 3315 atque
1276 3247 1346 3300 ita
1399 3264 1464 3302 ex
1515 3248 1755 3320 Egypto
1779 3268 1971 3307 exces-

392 3336 553 3397 seris,
586 3334 746 3404 ignis,
782 3333 911 3386 mihi
944 3333 1121 3397 crede,
1158 3348 1221 3388 ac
1276 3335 1434 3389 nubis
1478 3336 1725 3391 columna
1760 3339 1852 3393 tibi
1885 3339 1973 3393 die

392 3443 464 3482 ac
495 3437 651 3481 nocte
685 3429 789 3480 iter
826 3426 1263 3494 prmmoustrabit
1300 3426 1347 3457 ⁷³
1374 3467 1390 3491 ,
1440 3428 1712 3483 desertum
1771 3431 1975 3501 mitiga-

392 3521 560 3583 bitur,
598 3534 745 3572 mare
763 3519 854 3573 tibi
880 3518 1410 3583 scindetur,Pltarao
1431 3523 1793 3591 demergetur,
1820 3526 1973 3592 panis

392 3612 566 3683 pluet,
616 3622 767 3680 petra
808 3613 1100 3676 scaturiat,
1156 3610 1383 3667 Amalec
1444 3616 1813 3682 opprimetur;
1866 3632 1970 3670 non

396 3707 565 3761 armis
596 3716 824 3770 tantum,
859 3707 950 3761 sed
981 3708 1144 3760 etiam
1174 3706 1465 3761 hostilibus
1494 3706 1763 3776 iustorum
1798 3711 1974 3764 mani-

395 3802 519 3864 bus,
550 3800 917 3870 precationem
978 3799 1325 3869 simulatque
1380 3800 1746 3870 insuperabile
1797 3804 1976 3857 crucis

394 3901 661 3962 tropamm
721 3892 1083 3959 signautibns;
1148 3890 1385 3946 ﬂuminis
1441 3908 1632 3947 cursus
1707 3894 1976 3950 iuhihebi-

395 3995 486 4039 tur
509 3984 578 4051 ",
606 3983 689 4040 sol
718 3984 961 4046 sistetur,
995 3983 1135 4037 hunc
1181 3999 1372 4038 cursus
1432 3986 1778 4052 repritnetur,
1813 3986 1973 4047 nmri,

394 4076 559 4131 nullis
591 4077 754 4129 etiam
787 4074 1051 4129 machinis
1075 4074 1331 4139 admotis,
1378 4084 1657 4140 corruent,
1683 4078 1978 4131 crabrones

393 4175 750 4235 prmeurrent,
770 4166 909 4219 viam
930 4165 1112 4220 lsraeli
1138 4166 1439 4221 munientes
1465 4166 1649 4238 862,
1678 4176 1838 4236 atque
1856 4168 1983 4223 alie-

396 4261 623 4328 nigenas
640 4268 922 4325 arcentes;
948 4259 1150 4326 reliqua
1171 4259 1332 4313 etiam
1346 4260 1551 4325 omnia,
1575 4278 1691 4330 qua:
1709 4265 1978 4331 posthaec,

396 4359 452 4403 et
488 4349 648 4403 simul
681 4365 802 4403 cum
837 4350 943 4413 his,
979 4352 1254 4405 memoria:
1305 4352 1514 4420 prodita
1552 4362 1699 4419 sunt,
1726 4371 1793 4409 ne
1818 4356 1981 4410 nimis

2063 1866 2162 1920 καὶ
2194 1863 2365 1918 δώσω
2390 1864 2536 1917 αὐτὸ
2569 1856 2617 1929 ᾧ
2635 1864 2958 1931 βούλομαι.
2986 1861 3126 1925 Χθὲς
3154 1857 3221 1932 ἧν
3249 1861 3489 1914 ἐκείνων·
3518 1878 3653 1913 συν-

2062 1960 2317 2029 εχωρεῖτο
2355 1959 2483 2030 γάρ.
2541 1960 2789 2029 Σήμερον
2838 1959 2921 2010 σοὶ
2976 1957 3239 2029 προσάγει
3286 1958 3380 2011 καὶ
3424 1957 3650 2011 δίδωσιν

2060 2049 2090 2100 ὁ
2122 2048 2413 2119 Δεσπότης,
2454 2049 2635 2112 καλῶς
2662 2048 2993 2121 χρησομένῳ
3027 2049 3123 2101 καὶ
3156 2050 3457 2120 σωτηρίως.
3490 2052 3647 2119 Κτη-

2066 2138 2284 2209 σώμεθα
2317 2142 2445 2211 ἡμῖν
2475 2141 2657 2203 αὐτοῖς
2684 2140 2870 2209 φίλους
2884 2142 2947 2192 ἐκ
2968 2138 3060 2193 τοῦ
3098 2142 3378 2211 μαμμωνᾶ
3407 2142 3504 2212 τῆς
3535 2141 3656 2195 ἀδι-

2065 2232 2208 2295 κίας,
2265 2233 2330 2284 ἵν’
2382 2233 2509 2286 ὅταν
2556 2231 2891 2303 ἐκλίποιμεν,
2943 2232 3319 2303 ἀντιλάϐωμεν
3366 2234 3423 2286 ὲν
3468 2232 3654 2305 καιρῷ

2067 2342 2327 2394 κρίσεως.

2140 2598 2269 2653 KA'.
2294 2600 2357 2653 Ei
2391 2598 2489 2670 μέν
2516 2616 2597 2663 τις
2616 2594 2668 2652 εἶ
2709 2598 2931 2670 Ῥαχὴλ,
2968 2599 3000 2670 ἢ
3032 2601 3187 2663 Λεία,
3216 2599 3363 2671 ψυχὴ
3386 2615 3655 2671 πατριαρ·

2070 2689 2199 2760 χικὴ
2231 2691 2325 2741 καὶ
2362 2689 2593 2761 μεγάλη,
2650 2691 2745 2743 καλ⁸
2789 2692 2858 2745 τὰ
2897 2691 3089 2744 εἴδωλα
3132 2691 3359 2760 κλέψον,
3411 2691 3558 2763 ἅπερ
3587 2691 3660 2745 ἂν

2071 2781 2257 2853 εὕρῃς,
2289 2781 2381 2835 τοῦ
2438 2783 2533 2836 σοῦ
2568 2783 2796 2855 πατρὸς,
2854 2785 2952 2855 οὐχ
3003 2785 3091 2837 ἵνα
3120 2783 3383 2856 φυλάξῃς,
3437 2785 3551 2839 ἀλλ’
3584 2785 3657 2837 ἶν’

2072 2874 2370 2946 ἀφανίσῃςο
2407 2874 2542 2926 εἰδὲ
2584 2874 2922 2945 Ἰσραηλίτης
2973 2876 3155 2943 σοφὸς,
3214 2875 3351 2946 πρὸς
3404 2874 3502 2945 τὴν
3550 2875 3661 2944 γῆν

2072 2969 2171 3038 τῆς
2202 2968 2529 3037 ἐπαγγελίας
2562 2970 2854 3039 μετένεγκε
2877 2986 2892 3001 ο
2929 2970 3021 3021 καὶ¹
3066 2970 3195 3040 περλ¹
3225 2969 3430 3022 τούτων
3458 2969 3486 3020 ό
3522 2967 3661 3021 διώ-

2074 3076 2209 3129 κτης
2242 3060 2552 3130 ἀλγησάτω,
2586 3061 2681 3115 καὶ
2707 3059 2897 3130 γνώτω
2936 3060 3375 3130 κατασοφισθεὶς,
3421 3061 3503 3113 ὅτι
3545 3061 3662 3131 μά-

2073 3171 2173 3224 την
2228 3155 2507 3225 ἐτυράννει
2546 3155 2640 3207 καὶ
2689 3154 3075 3208 κατεδουλοῦτο
3136 3156 3262 3220 τοὺς
3313 3156 3660 3226 κρείττονας.

2079 3245 2176 3299 Ἂν
2205 3244 2346 3298 οὕτω
2376 3249 2555 3316 ποιῇς,
2611 3245 2707 3299 καὶ
2759 3245 2932 3309 οὕτως
2977 3246 3197 3318 ἐξέλθῃς
3251 3248 3540 3316 Αἴγυπτον,
3596 3244 3663 3303 εὗ

2074 3333 2211 3401 οἶδα,
2249 3338 2424 3408 στόλῳ
2471 3338 2641 3410 πυρὸς
2694 3340 2787 3391 καὶ
2823 3339 3055 3409 νεφέλης
3113 3340 3426 3411 ὁδηγηθήσῃ
3465 3341 3667 3404 νυκτὸς

2080 3430 2173 3482 καὶ
2230 3430 2463 3502 ἡμέρας,
2517 3429 2722 3500 ἕρημος
2766 3430 3206 3502 ήμερωθησεται,
3270 3431 3518 3487 θάλασσά
3578 3451 3667 3486 σοι

2075 3520 2438 3592 τμηθήσεται,
2473 3520 2671 3592 Φαραὼ
2699 3521 3146 3592 βαπτισθήσεται,
3176 3522 3339 3593 ἀρτος
3366 3522 3665 3594 ὀμϐρήσει,

2079 3612 2252 3684 πέτρα
2285 3610 2547 3684 πηγάσει,
2590 3609 2840 3681 Ἀμαλὴκ
2886 3611 3471 3684 καταπολεμηθήσεται
3500 3630 3516 3646 ·
3558 3617 3663 3686 οὐχ

2078 3704 2260 3767 ὅπλοις
2291 3704 2471 3773 μόνον,
2506 3701 2642 3756 ἀλλὰ
2684 3702 2776 3754 καὶ
2797 3702 3085 3773 πολεμίαις
3108 3705 3263 3776 χερσὶ
3286 3706 3362 3775 (5)
3392 3706 3623 3760 δικαίων
3645 3748 3664 3774 ,

2079 3794 2245 3865 εὐχὴν
2300 3792 2437 3864 ὁμοῦ
2483 3793 2822 3858 τυπούσαις,
2881 3795 2977 3848 καὶ
3016 3796 3250 3868 σταυροῦ
3301 3796 3567 3869 τρόπαιον
3602 3798 3668 3852 τὸ

2078 3885 2344 3954 ἀήττητον
2368 3899 2380 3911 ·
2416 3884 2660 3953 ποταμὸς
2702 3885 3134 3956 ἀνακοπήσεται,
3183 3886 3333 3956 ἥλιος
3377 3891 3639 3958 στήσεται

2082 3975 2278 4046 σελήνη
2306 3974 2647 4046 σχεθήσεται,
2674 3974 2828 4047 τείχη
2874 3978 3364 4049 κατενεχθήσεται,
3401 3981 3497 4033 καὶ⁵
3541 3981 3669 4037 Sir:

2084 4067 2510 4139 μηχανημάτων,
2542 4068 2771 4147 σφηκίαι
2813 4070 3272 4141 προδραμοῦνται,
3318 4073 3668 4128 ὀδοποιοῢσαι

2079 4158 2158 4229 τῷ
2201 4158 2435 4230 Ἰσραὴλ,
2471 4160 2566 4212 καὶ
2602 4160 2730 4223 τοὺς
2771 4160 3101 4229 ἀλλοφύλους
3147 4163 3498 4235 ἀνείργουσαι
3531 4165 3610 4237 (4)
3642 4182 3662 4197 ·

2079 4251 2247 4305 τᾶλλα
2274 4267 2333 4302 τε
2365 4250 2467 4304 ὅσα
2490 4250 2584 4301 ἐπὶ
2615 4250 2826 4315 τούτοις
2852 4254 2946 4306 καὶ
2978 4254 3074 4307 σὺν
3105 4254 3313 4319 τούτοις
3357 4255 3666 4328 ἱστόρηται,

2084 4345 2172 4398 ἵνα
2212 4345 2287 4417 μὴ
2318 4344 2526 4416 μακρὸν
2549 4345 2817 4398 ἀποτείνω
2838 4345 3015 4411 λόγον,
3048 4348 3198 4419 παρά
3227 4346 3362 4400 Θεοῦ
3392 4365 3476 4401 σοι
3506 4348 3672 4421 δοθή-

395 4441 614 4511 longum
669 4456 974 4495 sermonem
1030 4442 1346 4511 producam,
1413 4444 1508 4498 Dei
1573 4446 1836 4501 beneficio
1885 4448 1959 4502 tib

2086 4454 2260 4490 σεται.
2295 4436 2565 4507 Τοιαύτην
2593 4437 2784 4508 ἑορτὴν
2836 4439 3112 4510 ἑορτάζεις
3169 4442 3409 4512 σήμερον
3431 4458 3447 4472 ·
3482 4441 3669 4495 τοιοῦ-

397 4534 784 4588 concedentur.
813 4535 890 4587 Ac
928 4533 1033 4587 tale
1064 4546 1149 4589 est
1175 4534 1397 4600 festum,
1424 4536 1567 4605 quod
1609 4536 1870 4594 hodierno
1892 4540 1978 4594 die

397 4626 605 4694 agitas;
641 4625 733 4679 tali
761 4626 939 4695 epulo,
961 4636 1069 4680 tum
1113 4627 1379 4694 natalitio,
1404 4638 1513 4683 tum
1543 4629 1777 4697 funebri,
1802 4648 1977 4702 quan-

400 4728 513 4771 tum
546 4717 598 4769 in
634 4724 686 4770 te
710 4724 814 4781 est,
846 4717 1104 4786 accipias,
1140 4718 1208 4771 ob
1235 4732 1384 4785 eum,
1416 4721 1530 4788 qui,
1583 4730 1670 4773 tua
1711 4736 1892 4788 causa,
1924 4733 1979 4777 et

397 4817 582 4870 natus,
613 4813 669 4860 et
702 4820 894 4874 passus
924 4815 1041 4872 est;
1074 4805 1178 4860 tale
1216 4805 1313 4860 tibi
1329 4805 1608 4862 Paschalis
1631 4809 1975 4879 mysterium.

397 4896 526 4953 Ha-c
553 4898 639 4952 lex
678 4896 1053 4964 adumbravit;
1099 4898 1215 4952 haec
1275 4896 1526 4954 Christus
1589 4900 1837 4970 perfecit,
1866 4902 1978 4967 ille,

398 4991 642 5059 inquam,
693 4989 889 5044 litterte
939 4990 1248 5060 abrogator,
1293 4991 1382 5043 ille
1437 4990 1671 5061 Spiritus
1715 4991 1980 5059 initiator,

2086 4547 2176 4586 τον
2204 4531 2358 4602 ἑστιᾷ
2386 4531 2461 4601 (5)
2493 4531 2554 4583 τὸ
2590 4531 2684 4583 ἐπὶ
2730 4532 2811 4583 σοί
2856 4532 2950 4584 τοῦ
2980 4532 3333 4603 γεννηθέντος
3363 4533 3669 4602 γενέθλιον,

2087 4624 2296 4677 καὶτοῦ
2321 4623 2584 4687 παθόντος
2615 4624 2692 4692 (6)
2733 4626 3019 4694 ἐπιτάφιον
3038 4644 3051 4656 ’
3082 4625 3322 4679 τοιοῦτόν
3357 4643 3439 4679 σοι
3469 4627 3533 4679 τὸ
3570 4625 3669 4679 τοῦ

2086 4714 2280 4785 Πάσχα
2307 4717 2625 4786 μυστήριον.
2660 4713 2845 4767 Ταῦτα
2870 4716 2899 4767 ὁ
2929 4715 3092 4786 νόμος
3122 4715 3409 4787 ὑπέγραψε
3428 4733 3441 4747 ·
3493 4713 3671 4769 ταῦτα

2084 4809 2319 4881 Χριστὸς
2343 4808 2679 4875 ἐτελείωσεν,
2707 4810 2735 4861 ὁ
2759 4806 2854 4860 τοῦ
2879 4807 3202 4878 γράμματος
3229 4807 3304 4877 (7)
3328 4805 3665 4876 καταλυτὴς,

2084 4902 2115 4954 ὁ
2135 4900 2425 4971 τελειωτὴς
2448 4900 2541 4953 τοῦ
2576 4898 2913 4971 Πνεύματος,
2945 4898 3005 4963 ὃς
3030 4893 3112 4963 οἷς
3132 4897 3323 4964 ἔπαθε,
3343 4898 3402 4951 τὸ
3430 4898 3671 4969 πάσχειν

2086 4992 2385 5059 διδάσκων,
2416 4986 2498 5055 οἷς
2521 4991 2803 5063 ἐδοξάσθη,
2823 4991 2884 5045 τὸ
2910 4989 3332 5062 ωνδοξασθῆναι
3361 4988 3669 5062 χαρίζεται.

400 5087 516 5157 qui,
547 5095 607 5141 ut
623 5100 691 5141 ex
720 5100 806 5150 eo,
844 5086 985 5154 quod
1026 5101 1223 5156 passus
1272 5096 1377 5152 est,
1435 5088 1502 5141 ad
1529 5088 1842 5157 patiendum
1876 5104 1975 5144 nos
2004 5090 2203 5155 erudit,
2238 5089 2313 5143 ita
2358 5101 2428 5143 ex
2465 5102 2554 5153 eo,
2603 5087 2746 5157 quod
2804 5085 3135 5158 gloriﬁcatus
3190 5093 3295 5150 est,
3347 5084 3452 5139 hoc
3515 5083 3675 5139 nobis

399 5178 574 5241 all‘ert,
603 5188 662 5231 ut
694 5175 854 5232 simul
879 5176 1265 5247 glorificemur.

470 5271 516 5342 εξ
548 5269 717 5326 Exod.
758 5284 836 5342 xi,
866 5269 921 5325 2.
998 5268 1041 5301 ⁵⁸
1066 5270 1231 5341 Agge.
1265 5286 1326 5338 tt,
1354 5271 1407 5326 9.
1482 5273 1528 5304 7°
1564 5272 1747 5329 Daniel
1775 5287 1849 5342 tv,
1878 5274 1964 5328 M.

2076 5274 2087 5305 ι
2120 5271 2253 5329 Luc.
2283 5287 2396 5339 ut,
2429 5273 2484 5329 9.
2557 5273 2604 5305 "
2628 5273 2769 5329 Gen.
2798 5286 2951 5340 XXXI,
2987 5272 3078 5338 19,
3153 5272 3201 5303 ⁷³
3227 5269 3397 5325 Exod.
3424 5285 3521 5324 xm
3579 5269 3670 5324 12.

399 5345 445 5375 ’⁸
472 5340 583 5395 .los.
625 5354 710 5403 ιιι,
757 5340 844 5394 15.

473 5434 549 5506 (Ι)
590 5434 876 5506 Ἐκεινου.
909 5434 1001 5492 Or.
1029 5435 1083 5499 1,
1117 5435 1314 5489 ἐκεῖσε.

474 5497 549 5577 (2)
586 5505 760 5573 Ἐμόν
798 5506 931 5559 ἐστι
959 5506 1023 5560 τὸ
1062 5497 1367 5576 ἀργύριον.
1434 5504 1526 5561 Sic
1556 5507 1796 5563 nonnulli
1825 5506 1985 5564 codd.

402 5578 565 5633 Deest
584 5582 701 5628 ἐστι
742 5577 794 5630 in
820 5580 951 5631 edit.

473 5648 551 5717 (5)
586 5647 907 5719 Πολεμίαις
945 5648 1136 5715 χερσί.
1199 5646 1364 5701 Coisl.
1402 5647 1455 5705 1.
1508 5647 1803 5719 ἀπολέμοις
1830 5648 1988 5702 πολε-

405 5718 600 5791 μίαιςς,⁸
622 5735 641 5767 ι
668 5718 971 5791 imbellibus
994 5719 1263 5791 iustorum
1300 5720 1649 5791 pugnantium
1672 5721 1908 5791 armis.)

477 5787 553 5861 (4)
586 5786 1013 5860 ’Δγείργουσαιζ
1046 5786 1263 5858 C0mb.,
1293 5786 1672 5861 ἀπείργουσαι.
1866 5788 1879 5805 ⁷

2167 5433 2244 5509 (β)
2275 5434 2550 5509 Τοιοῦτον
2571 5435 2769 5509 ἑστιᾷ.
2817 5435 3121 5509 Legendnm
3150 5432 3675 5509 videtur,__j;0toﬁtmg

2095 5504 2299 5576 ἐστὶᾷς·
2333 5524 2352 5557 ι
2381 5507 2599 5561 Talibus
2632 5507 2804 5576 epulis
2843 5504 3083 5561 natalitia
3122 5517 3176 5561 et
3201 5505 3361 5559 funus
3387 5504 3549 5571 illius,
3576 5506 3676 5575 qui

2092 5587 2279 5648 prote
2316 5586 2473 5648 natus
2496 5588 2549 5631 et
2573 5592 2761 5648 passus
2785 5587 2889 5642 est,
2920 5577 3152 5648 celebra.
3182 5595 3199 5648 ι

2166 5646 2241 5717 (6)
2264 5647 2587 5713 Παθόντος.
2617 5646 2674 5701 In
2711 5648 3052 5716 quibusdam,
3075 5646 3345 5714 θανόντος,
3385 5665 3405 5698 ι
3428 5655 3676 5703 mortuus

2094 5728 2248 5859 “2'73
2269 5785 2636 5859 Γράμματος.
2671 5786 2791 5843 Bill.
2827 5806 2846 5841 ι
2870 5786 3020 5859 legis.
3044 5805 3065 5840 ι
