  <div class='ocr_page' id='page_1' title='image "/cluster/home/n/w/nwhite01/storage/ocr_20150623/36/nnc1.0022377409/368.png"; bbox 0 0 3898 6222; ppageno 0'>
   <div class='ocr_carea' id='block_1_1' title="bbox 230 307 3499 389">
    <p class='ocr_par' dir='ltr' id='par_1_1' title="bbox 230 307 3499 389">
     <span class='ocr_line' id='line_1_1' title="bbox 230 307 3499 389; baseline -0.008 0"><span class='ocrx_word' id='word_1_1' title='bbox 230 333 349 389; x_wconf 66' lang='grc'><strong>655</strong></span> <span class='ocrx_word' id='word_1_2' title='bbox 1172 328 1430 386; x_wconf 76' lang='lat' dir='ltr'><strong>ORATIO</strong></span> <span class='ocrx_word' id='word_1_3' title='bbox 1468 328 1629 386; x_wconf 72' lang='lat' dir='ltr'><strong>XLV.</strong></span> <span class='ocrx_word' id='word_1_4' title='bbox 1676 359 1743 371; x_wconf 90' lang='lat'><strong>-—</strong></span> <span class='ocrx_word' id='word_1_5' title='bbox 1784 326 1847 381; x_wconf 84' lang='lat' dir='ltr'><strong>IN</strong></span> <span class='ocrx_word' id='word_1_6' title='bbox 1890 320 2218 383; x_wconf 79' lang='lat' dir='ltr'><strong>SANCTUM</strong></span> <span class='ocrx_word' id='word_1_7' title='bbox 2258 319 2553 377; x_wconf 77' lang='lat' dir='ltr'><strong>PASCHA.</strong></span> <span class='ocrx_word' id='word_1_8' title='bbox 3396 307 3499 366; x_wconf 61' lang='lat' dir='ltr'><strong>est</strong></span> 
     </span>
    </p>
   </div>
   <div class='ocr_carea' id='block_1_2' title="bbox 306 423 1840 517">
    <p class='ocr_par' dir='ltr' id='par_1_2' title="bbox 306 443 1821 517">
     <span class='ocr_line' id='line_1_2' title="bbox 306 443 1821 517; baseline -0.003 -16"><span class='ocrx_word' id='word_1_9' title='bbox 306 449 431 502; x_wconf 71' lang='grc' dir='ltr'><strong>ΚΒ.</strong></span> <span class='ocrx_word' id='word_1_10' title='bbox 472 447 626 499; x_wconf 85' lang='grc' dir='ltr'>Ἐστι</span> <span class='ocrx_word' id='word_1_11' title='bbox 657 444 837 497; x_wconf 81' lang='grc' dir='ltr'>τοίνυν</span> <span class='ocrx_word' id='word_1_12' title='bbox 855 443 931 514; x_wconf 90' lang='grc'>(8)</span> <span class='ocrx_word' id='word_1_13' title='bbox 950 443 1203 509; x_wconf 74' lang='grc' dir='ltr'><strong>ἐξετάσαι</strong></span> <span class='ocrx_word' id='word_1_14' title='bbox 1233 448 1466 517; x_wconf 82' lang='grc' dir='ltr'>πρᾶγμα</span> <span class='ocrx_word' id='word_1_15' title='bbox 1495 446 1591 500; x_wconf 82' lang='grc' dir='ltr'><strong>καὶ</strong></span> <span class='ocrx_word' id='word_1_16' title='bbox 1622 444 1821 515; x_wconf 82' lang='grc' dir='ltr'><strong>δόγμα,</strong></span> 
     </span>
    </p>
   </div>
   <div class='ocr_carea' id='block_1_3' title="bbox 1953 423 3503 517">
    <p class='ocr_par' dir='ltr' id='par_1_3' title="bbox 1997 423 3503 493">
     <span class='ocr_line' id='line_1_3' title="bbox 1997 423 3503 493; baseline -0.013 0"><span class='ocrx_word' id='word_1_17' title='bbox 1997 437 2165 493; x_wconf 81' lang='lat' dir='ltr'><strong>XXII.</strong></span> <span class='ocrx_word' id='word_1_18' title='bbox 2224 437 2514 492; x_wconf 83' lang='lat' dir='ltr'><strong>Enimvero</strong></span> <span class='ocrx_word' id='word_1_19' title='bbox 2562 430 2793 486; x_wconf 89' lang='lat' dir='ltr'><strong>alienum</strong></span> <span class='ocrx_word' id='word_1_20' title='bbox 2845 441 2950 481; x_wconf 92' lang='lat' dir='ltr'><strong>non</strong></span> <span class='ocrx_word' id='word_1_21' title='bbox 3011 423 3215 489; x_wconf 79' lang='lat' dir='ltr'><strong>fuerit,</strong></span> <span class='ocrx_word' id='word_1_22' title='bbox 3271 436 3380 477; x_wconf 80' lang='lat' dir='ltr'><strong>retr</strong></span> <span class='ocrx_word' id='word_1_23' title='bbox 3440 437 3503 475; x_wconf 86' lang='lat' dir='ltr'><strong>ac</strong></span> 
     </span>
    </p>
   </div>
   <div class='ocr_carea' id='block_1_4' title="bbox 215 516 1840 609">
    <p class='ocr_par' dir='ltr' id='par_1_4' title="bbox 215 516 1824 609">
     <span class='ocr_line' id='line_1_4' title="bbox 215 516 1824 609; baseline -0.001 -18"><span class='ocrx_word' id='word_1_24' title='bbox 215 542 345 602; x_wconf 83' lang='grc' dir='ltr'>τοῖς</span> <span class='ocrx_word' id='word_1_25' title='bbox 381 539 479 609; x_wconf 82' lang='grc' dir='ltr'>μὲν</span> <span class='ocrx_word' id='word_1_26' title='bbox 512 536 725 601; x_wconf 83' lang='grc' dir='ltr'><strong>πολλοῖς</strong></span> <span class='ocrx_word' id='word_1_27' title='bbox 770 534 1187 607; x_wconf 85' lang='grc' dir='ltr'><strong>παρορώμενον,</strong></span> <span class='ocrx_word' id='word_1_28' title='bbox 1233 516 1357 609; x_wconf 78' lang='grc' dir='ltr'>ἐμοὶ</span> <span class='ocrx_word' id='word_1_29' title='bbox 1406 538 1504 604; x_wconf 83' lang='grc' dir='ltr'>δὲ,</span> <span class='ocrx_word' id='word_1_30' title='bbox 1565 539 1662 592; x_wconf 71' lang='grc' dir='ltr'>καὶ</span> <span class='ocrx_word' id='word_1_31' title='bbox 1704 537 1824 591; x_wconf 85' lang='grc' dir='ltr'><strong>λίαν</strong></span> 
     </span>
    </p>
   </div>
   <div class='ocr_carea' id='block_1_5' title="bbox 1953 516 3502 609">
    <p class='ocr_par' dir='ltr' id='par_1_5' title="bbox 1953 516 3502 598">
     <span class='ocr_line' id='line_1_5' title="bbox 1953 516 3502 598; baseline -0.013 -12"><span class='ocrx_word' id='word_1_32' title='bbox 1953 532 2233 588; x_wconf 90' lang='lat' dir='ltr'><strong>loetrinam</strong></span> <span class='ocrx_word' id='word_1_33' title='bbox 2278 527 2573 598; x_wconf 85' lang='lat' dir='ltr'><strong>inquirere,</strong></span> <span class='ocrx_word' id='word_1_34' title='bbox 2613 540 2642 579; x_wconf 92' lang='lat' dir='ltr'><strong>a</strong></span> <span class='ocrx_word' id='word_1_35' title='bbox 2701 521 2883 578; x_wconf 92' lang='lat' dir='ltr'><strong>multis</strong></span> <span class='ocrx_word' id='word_1_36' title='bbox 2926 520 3142 588; x_wconf 90' lang='lat' dir='ltr'><strong>quidem</strong></span> <span class='ocrx_word' id='word_1_37' title='bbox 3180 516 3502 583; x_wconf 67' lang='lat' dir='ltr'><strong>neglectam,</strong></span> 
     </span>
    </p>
   </div>
   <div class='ocr_carea' id='block_1_6' title="bbox 215 605 1840 702">
    <p class='ocr_par' dir='ltr' id='par_1_6' title="bbox 215 605 1825 702">
     <span class='ocr_line' id='line_1_6' title="bbox 215 605 1825 702; baseline 0 -20"><span class='ocrx_word' id='word_1_38' title='bbox 215 605 637 700; x_wconf 76' lang='grc' dir='ltr'>ἐξεταζόμενον.</span> <span class='ocrx_word' id='word_1_39' title='bbox 697 629 816 681; x_wconf 86' lang='grc' dir='ltr'><strong>Τίνι</strong></span> <span class='ocrx_word' id='word_1_40' title='bbox 849 605 960 699; x_wconf 61' lang='grc' dir='ltr'><strong>χάρ</strong></span> <span class='ocrx_word' id='word_1_41' title='bbox 991 628 1051 681; x_wconf 81' lang='grc' dir='ltr'>τὸ</span> <span class='ocrx_word' id='word_1_42' title='bbox 1101 605 1457 701; x_wconf 28' lang='grc' dir='ltr'>ὑπὲρνήμῶν</span> <span class='ocrx_word' id='word_1_43' title='bbox 1514 624 1674 702; x_wconf 76' lang='grc' dir='ltr'>αἷμα,</span> <span class='ocrx_word' id='word_1_44' title='bbox 1730 629 1825 683; x_wconf 74' lang='grc' dir='ltr'><strong>καὶ</strong></span> 
     </span>
    </p>
   </div>
   <div class='ocr_carea' id='block_1_7' title="bbox 1953 605 3502 702">
    <p class='ocr_par' dir='ltr' id='par_1_7' title="bbox 1953 605 3502 691">
     <span class='ocr_line' id='line_1_7' title="bbox 1953 605 3502 691; baseline -0.012 -14"><span class='ocrx_word' id='word_1_45' title='bbox 1953 641 2049 680; x_wconf 83' lang='lat' dir='ltr'><strong>neo</strong></span> <span class='ocrx_word' id='word_1_46' title='bbox 2079 632 2256 678; x_wconf 88' lang='lat' dir='ltr'><strong>autem</strong></span> <span class='ocrx_word' id='word_1_47' title='bbox 2282 621 2506 691; x_wconf 82' lang='lat' dir='ltr'><strong>judicio,</strong></span> <span class='ocrx_word' id='word_1_48' title='bbox 2562 616 2799 672; x_wconf 74' lang='lat' dir='ltr'><strong>studiose</strong></span> <span class='ocrx_word' id='word_1_49' title='bbox 2855 610 3295 682; x_wconf 84' lang='lat' dir='ltr'><strong>perquirendam.</strong></span> <span class='ocrx_word' id='word_1_50' title='bbox 3332 605 3502 661; x_wconf 82' lang='lat' dir='ltr'><strong>Eccui</strong></span> 
     </span>
    </p>
   </div>
   <div class='ocr_carea' id='block_1_8' title="bbox 217 701 1840 794">
    <p class='ocr_par' dir='ltr' id='par_1_8' title="bbox 217 720 1820 794">
     <span class='ocr_line' id='line_1_8' title="bbox 217 720 1820 794; baseline 0.001 -20"><span class='ocrx_word' id='word_1_51' title='bbox 217 739 298 774; x_wconf 80' lang='grc' dir='ltr'><strong>πε</strong></span> <span class='ocrx_word' id='word_1_52' title='bbox 310 724 364 793; x_wconf 76' lang='grc' dir='ltr'><strong>ρὶ</strong></span> <span class='ocrx_word' id='word_1_53' title='bbox 404 722 549 785; x_wconf 86' lang='grc' dir='ltr'>τίνος</span> <span class='ocrx_word' id='word_1_54' title='bbox 575 720 759 792; x_wconf 83' lang='grc' dir='ltr'>ἐχέθη,</span> <span class='ocrx_word' id='word_1_55' title='bbox 788 721 849 775; x_wconf 89' lang='grc' dir='ltr'><strong>τὸ</strong></span> <span class='ocrx_word' id='word_1_56' title='bbox 874 721 1018 793; x_wconf 77' lang='grc' dir='ltr'>μέγα</span> <span class='ocrx_word' id='word_1_57' title='bbox 1040 722 1136 776; x_wconf 78' lang='grc' dir='ltr'><strong>καὶ</strong></span> <span class='ocrx_word' id='word_1_58' title='bbox 1164 722 1491 794; x_wconf 86' lang='grc' dir='ltr'>περιϐόητον</span> <span class='ocrx_word' id='word_1_59' title='bbox 1514 723 1610 776; x_wconf 92' lang='grc' dir='ltr'><strong>τοῦ</strong></span> <span class='ocrx_word' id='word_1_60' title='bbox 1662 722 1820 785; x_wconf 89' lang='grc' dir='ltr'>Θεοῦ,</span> 
     </span>
    </p>
   </div>
   <div class='ocr_carea' id='block_1_9' title="bbox 1953 701 3503 794">
    <p class='ocr_par' dir='ltr' id='par_1_9' title="bbox 1953 701 3503 784">
     <span class='ocr_line' id='line_1_9' title="bbox 1953 701 3503 784; baseline -0.011 -15"><span class='ocrx_word' id='word_1_61' title='bbox 1953 719 2071 772; x_wconf 73' lang='lat' dir='ltr'><strong>:nim</strong></span> <span class='ocrx_word' id='word_1_62' title='bbox 2107 715 2197 771; x_wconf 93' lang='lat' dir='ltr'><strong>ille</strong></span> <span class='ocrx_word' id='word_1_63' title='bbox 2221 730 2321 784; x_wconf 91' lang='lat' dir='ltr'><strong>pro</strong></span> <span class='ocrx_word' id='word_1_64' title='bbox 2385 712 2541 766; x_wconf 91' lang='lat' dir='ltr'><strong>nobis</strong></span> <span class='ocrx_word' id='word_1_65' title='bbox 2593 709 2832 777; x_wconf 83' lang='lat' dir='ltr'><strong>sanguis,</strong></span> <span class='ocrx_word' id='word_1_66' title='bbox 2895 714 2951 761; x_wconf 87' lang='lat' dir='ltr'><strong>et</strong></span> <span class='ocrx_word' id='word_1_67' title='bbox 2981 720 3145 774; x_wconf 88' lang='lat' dir='ltr'><strong>quam</strong></span> <span class='ocrx_word' id='word_1_68' title='bbox 3171 701 3239 756; x_wconf 91' lang='lat' dir='ltr'><strong>ob</strong></span> <span class='ocrx_word' id='word_1_69' title='bbox 3280 714 3503 754; x_wconf 81' lang='lat' dir='ltr'><strong>causam</strong></span> 
     </span>
    </p>
   </div>
   <div class='ocr_carea' id='block_1_10' title="bbox 219 813 1824 886">
    <p class='ocr_par' dir='ltr' id='par_1_10' title="bbox 219 813 1824 886">
     <span class='ocr_line' id='line_1_10' title="bbox 219 813 1824 886; baseline 0 -19"><span class='ocrx_word' id='word_1_70' title='bbox 219 816 334 868; x_wconf 75' lang='grc' dir='ltr'><strong>καὶ</strong></span> <span class='ocrx_word' id='word_1_71' title='bbox 368 813 688 885; x_wconf 81' lang='grc' dir='ltr'><strong>ἀρχιερέως,</strong></span> <span class='ocrx_word' id='word_1_72' title='bbox 730 815 825 868; x_wconf 80' lang='grc' dir='ltr'><strong>καὶ</strong></span> <span class='ocrx_word' id='word_1_73' title='bbox 877 814 1153 886; x_wconf 59' lang='lat' dir='ltr'><strong>Grip/stoc;</strong></span> <span class='ocrx_word' id='word_1_74' title='bbox 1195 814 1583 886; x_wconf 82' lang='grc' dir='ltr'>Κατειχόμεθα</span> <span class='ocrx_word' id='word_1_75' title='bbox 1617 814 1691 886; x_wconf 84' lang='grc'>(9)</span> <span class='ocrx_word' id='word_1_76' title='bbox 1724 816 1824 885; x_wconf 82' lang='grc' dir='ltr'><strong>μὲν</strong></span> 
     </span>
    </p>
   </div>
   <div class='ocr_carea' id='block_1_11' title="bbox 221 882 1840 977">
    <p class='ocr_par' dir='ltr' id='par_1_11' title="bbox 221 882 1827 977">
     <span class='ocr_line' id='line_1_11' title="bbox 221 882 1827 977; baseline 0.002 -20"><span class='ocrx_word' id='word_1_77' title='bbox 221 906 346 976; x_wconf 84' lang='grc' dir='ltr'><strong>γὰρ</strong></span> <span class='ocrx_word' id='word_1_78' title='bbox 503 882 596 958; x_wconf 80' lang='grc' dir='ltr'><strong>τοῦ</strong></span> <span class='ocrx_word' id='word_1_79' title='bbox 628 904 893 976; x_wconf 85' lang='grc' dir='ltr'>πονηροῦ,</span> <span class='ocrx_word' id='word_1_80' title='bbox 945 882 1294 977; x_wconf 84' lang='grc' dir='ltr'>πεπραμένοι</span> <span class='ocrx_word' id='word_1_81' title='bbox 1494 907 1593 976; x_wconf 78' lang='grc' dir='ltr'><strong>τὴν</strong></span> <span class='ocrx_word' id='word_1_82' title='bbox 1628 882 1827 976; x_wconf 75' lang='grc' dir='ltr'>ἀμαρ-</span> 
     </span>
    </p>
   </div>
   <div class='ocr_carea' id='block_1_12' title="bbox 1953 882 3505 977">
    <p class='ocr_par' dir='ltr' id='par_1_12' title="bbox 1953 882 3505 965">
     <span class='ocr_line' id='line_1_12' title="bbox 1953 882 3505 965; baseline -0.012 -12"><span class='ocrx_word' id='word_1_83' title='bbox 1953 899 2220 965; x_wconf 75' lang='grc' dir='ltr'>ιυιιιίῐὶρίε,</span> <span class='ocrx_word' id='word_1_84' title='bbox 2259 909 2370 952; x_wconf 90' lang='lat' dir='ltr'><strong>tum</strong></span> <span class='ocrx_word' id='word_1_85' title='bbox 2396 896 2631 951; x_wconf 74' lang='lat' dir='ltr'><strong>victima:</strong></span> <span class='ocrx_word' id='word_1_86' title='bbox 2653 891 2909 962; x_wconf 74' lang='lat' dir='ltr'><strong>sanguis?</strong></span> <span class='ocrx_word' id='word_1_87' title='bbox 2941 888 3050 945; x_wconf 86' lang='lat' dir='ltr'><strong>Nos</strong></span> <span class='ocrx_word' id='word_1_88' title='bbox 3068 887 3215 943; x_wconf 88' lang='lat' dir='ltr'><strong>enim</strong></span> <span class='ocrx_word' id='word_1_89' title='bbox 3243 902 3273 939; x_wconf 86' lang='lat' dir='ltr'><strong>a</strong></span> <span class='ocrx_word' id='word_1_90' title='bbox 3294 882 3505 939; x_wconf 81' lang='lat' dir='ltr'><strong>diabolo</strong></span> 
     </span>
    </p>
   </div>
   <div class='ocr_carea' id='block_1_13' title="bbox 1929 791 3612 872">
    <p class='ocr_par' dir='ltr' id='par_1_13' title="bbox 1929 791 3612 872">
     <span class='ocr_line' id='line_1_13' title="bbox 1929 791 3612 872; baseline -0.011 -11"><span class='ocrx_word' id='word_1_91' title='bbox 1929 807 2080 861; x_wconf 83' lang='lat' dir='ltr'><strong>lusus</strong></span> <span class='ocrx_word' id='word_1_92' title='bbox 2113 816 2215 872; x_wconf 78' lang='lat' dir='ltr'><strong>esr,</strong></span> <span class='ocrx_word' id='word_1_93' title='bbox 2254 804 2362 872; x_wconf 89' lang='lat' dir='ltr'><strong>ille,</strong></span> <span class='ocrx_word' id='word_1_94' title='bbox 2402 804 2642 871; x_wconf 92' lang='lat' dir='ltr'><strong>inquam,</strong></span> <span class='ocrx_word' id='word_1_95' title='bbox 2678 811 2905 869; x_wconf 86' lang='lat' dir='ltr'><strong>magnus</strong></span> <span class='ocrx_word' id='word_1_96' title='bbox 2929 803 2985 851; x_wconf 92' lang='lat' dir='ltr'><strong>et</strong></span> <span class='ocrx_word' id='word_1_97' title='bbox 3010 793 3204 848; x_wconf 92' lang='lat' dir='ltr'><strong>nobilis</strong></span> <span class='ocrx_word' id='word_1_98' title='bbox 3238 791 3362 857; x_wconf 91' lang='lat' dir='ltr'><strong>Dei,</strong></span> <span class='ocrx_word' id='word_1_99' title='bbox 3395 802 3508 845; x_wconf 85' lang='lat' dir='ltr'><strong>tum</strong></span> <span class='ocrx_word' id='word_1_100' title='bbox 3598 804 3612 821; x_wconf 83' lang='lat'><strong>&#39;-</strong></span> 
     </span>
    </p>
   </div>
   <div class='ocr_carea' id='block_1_14' title="bbox 223 995 1827 1070">
    <p class='ocr_par' dir='ltr' id='par_1_14' title="bbox 223 995 1827 1070">
     <span class='ocr_line' id='line_1_14' title="bbox 223 995 1827 1070; baseline 0 -21"><span class='ocrx_word' id='word_1_101' title='bbox 223 995 377 1061; x_wconf 83' lang='grc' dir='ltr'>τίαν,</span> <span class='ocrx_word' id='word_1_102' title='bbox 411 997 505 1049; x_wconf 77' lang='grc' dir='ltr'>καὶ</span> <span class='ocrx_word' id='word_1_103' title='bbox 538 995 918 1059; x_wconf 89' lang='grc' dir='ltr'>ἀντιλαϐόντες</span> <span class='ocrx_word' id='word_1_104' title='bbox 943 996 1044 1066; x_wconf 86' lang='grc' dir='ltr'>τῆς</span> <span class='ocrx_word' id='word_1_105' title='bbox 1069 998 1267 1061; x_wconf 80' lang='grc' dir='ltr'><strong>κακίας</strong></span> <span class='ocrx_word' id='word_1_106' title='bbox 1295 998 1392 1068; x_wconf 87' lang='grc' dir='ltr'>τὴν</span> <span class='ocrx_word' id='word_1_107' title='bbox 1419 997 1631 1070; x_wconf 78' lang='grc' dir='ltr'>ἡδονήν.</span> <span class='ocrx_word' id='word_1_108' title='bbox 1670 998 1732 1049; x_wconf 76' lang='lat' dir='ltr'><strong>El</strong></span> <span class='ocrx_word' id='word_1_109' title='bbox 1771 997 1827 1050; x_wconf 81' lang='grc' dir='ltr'>δὲ</span> 
     </span>
    </p>
   </div>
   <div class='ocr_carea' id='block_1_15' title="bbox 223 1078 1829 1153">
    <p class='ocr_par' dir='ltr' id='par_1_15' title="bbox 223 1078 1829 1153">
     <span class='ocr_line' id='line_1_15' title="bbox 223 1078 1829 1153; baseline 0.002 -21"><span class='ocrx_word' id='word_1_110' title='bbox 223 1079 298 1132; x_wconf 86' lang='grc' dir='ltr'><strong>τὸ</strong></span> <span class='ocrx_word' id='word_1_111' title='bbox 325 1078 517 1150; x_wconf 76' lang='grc' dir='ltr'>λύτρον</span> <span class='ocrx_word' id='word_1_112' title='bbox 570 1080 671 1132; x_wconf 84' lang='grc' dir='ltr'><strong>οὐκ</strong></span> <span class='ocrx_word' id='word_1_113' title='bbox 704 1078 866 1133; x_wconf 76' lang='grc' dir='ltr'>ἄλλου</span> <span class='ocrx_word' id='word_1_114' title='bbox 913 1081 1077 1145; x_wconf 83' lang='grc' dir='ltr'>τινὸς,</span> <span class='ocrx_word' id='word_1_115' title='bbox 1118 1080 1152 1151; x_wconf 87' lang='grc' dir='ltr'>ἢ</span> <span class='ocrx_word' id='word_1_116' title='bbox 1184 1081 1278 1134; x_wconf 89' lang='grc' dir='ltr'><strong>τοῦ</strong></span> <span class='ocrx_word' id='word_1_117' title='bbox 1311 1082 1634 1153; x_wconf 82' lang='grc' dir='ltr'>κατέχοντος</span> <span class='ocrx_word' id='word_1_118' title='bbox 1682 1082 1829 1152; x_wconf 81' lang='grc' dir='ltr'>γίνε-</span> 
     </span>
    </p>
   </div>
   <div class='ocr_carea' id='block_1_16' title="bbox 225 1170 1829 1247">
    <p class='ocr_par' dir='ltr' id='par_1_16' title="bbox 225 1170 1829 1247">
     <span class='ocr_line' id='line_1_16' title="bbox 225 1170 1829 1247; baseline 0.004 -26"><span class='ocrx_word' id='word_1_119' title='bbox 225 1187 351 1233; x_wconf 83' lang='grc' dir='ltr'>ται,</span> <span class='ocrx_word' id='word_1_120' title='bbox 377 1170 526 1241; x_wconf 80' lang='grc' dir='ltr'><strong>ζητῶ</strong></span> <span class='ocrx_word' id='word_1_121' title='bbox 556 1170 663 1223; x_wconf 85' lang='grc' dir='ltr'>τίνι</span> <span class='ocrx_word' id='word_1_122' title='bbox 705 1171 865 1224; x_wconf 86' lang='grc' dir='ltr'>τοῦτο</span> <span class='ocrx_word' id='word_1_123' title='bbox 913 1172 1224 1244; x_wconf 80' lang='grc' dir='ltr'><strong>εἰσηνέχθη,</strong></span> <span class='ocrx_word' id='word_1_124' title='bbox 1272 1176 1367 1228; x_wconf 83' lang='grc' dir='ltr'><strong>καὶ</strong></span> <span class='ocrx_word' id='word_1_125' title='bbox 1415 1174 1483 1228; x_wconf 74' lang='grc' dir='ltr'>δι’</span> <span class='ocrx_word' id='word_1_126' title='bbox 1510 1177 1700 1247; x_wconf 77' lang='grc' dir='ltr'>ἥντινα</span> <span class='ocrx_word' id='word_1_127' title='bbox 1730 1175 1829 1246; x_wconf 84' lang='grc' dir='ltr'>τὴν</span> 
     </span>
    </p>
   </div>
   <div class='ocr_carea' id='block_1_17' title="bbox 228 1262 1826 1338">
    <p class='ocr_par' dir='ltr' id='par_1_17' title="bbox 228 1262 1826 1338">
     <span class='ocr_line' id='line_1_17' title="bbox 228 1262 1826 1338; baseline 0.003 -23"><span class='ocrx_word' id='word_1_128' title='bbox 228 1263 453 1327; x_wconf 81' lang='grc' dir='ltr'>αίτίαν;</span> <span class='ocrx_word' id='word_1_129' title='bbox 490 1264 552 1316; x_wconf 81' lang='grc' dir='ltr'><strong>Εἰ</strong></span> <span class='ocrx_word' id='word_1_130' title='bbox 589 1262 688 1333; x_wconf 85' lang='grc' dir='ltr'><strong>μὲν</strong></span> <span class='ocrx_word' id='word_1_131' title='bbox 731 1262 809 1333; x_wconf 82' lang='grc' dir='ltr'>τῷ</span> <span class='ocrx_word' id='word_1_132' title='bbox 852 1263 1098 1335; x_wconf 80' lang='grc' dir='ltr'>πονηρῷ,</span> <span class='ocrx_word' id='word_1_133' title='bbox 1131 1264 1232 1332; x_wconf 82' lang='grc' dir='ltr'><strong>φεῦ</strong></span> <span class='ocrx_word' id='word_1_134' title='bbox 1259 1266 1360 1337; x_wconf 83' lang='grc' dir='ltr'>τῆς</span> <span class='ocrx_word' id='word_1_135' title='bbox 1395 1265 1639 1338; x_wconf 76' lang='grc' dir='ltr'>ὕϐρεωςο</span> <span class='ocrx_word' id='word_1_136' title='bbox 1670 1268 1717 1319; x_wconf 77' lang='grc' dir='ltr'><strong>εἰ</strong></span> <span class='ocrx_word' id='word_1_137' title='bbox 1752 1267 1826 1338; x_wconf 84' lang='grc' dir='ltr'>μὴ</span> 
     </span>
    </p>
   </div>
   <div class='ocr_carea' id='block_1_18' title="bbox 228 1354 1831 1425">
    <p class='ocr_par' dir='ltr' id='par_1_18' title="bbox 228 1354 1831 1425">
     <span class='ocr_line' id='line_1_18' title="bbox 228 1354 1831 1425; baseline 0.002 -17"><span class='ocrx_word' id='word_1_138' title='bbox 228 1354 397 1425; x_wconf 79' lang='grc' dir='ltr'>παρὰ</span> <span class='ocrx_word' id='word_1_139' title='bbox 422 1354 515 1408; x_wconf 91' lang='grc' dir='ltr'><strong>τοῦ</strong></span> <span class='ocrx_word' id='word_1_140' title='bbox 543 1354 678 1408; x_wconf 79' lang='grc' dir='ltr'>Θεοῦ</span> <span class='ocrx_word' id='word_1_141' title='bbox 714 1356 894 1425; x_wconf 87' lang='grc' dir='ltr'>μόνον,</span> <span class='ocrx_word' id='word_1_142' title='bbox 930 1356 1069 1410; x_wconf 85' lang='grc' dir='ltr'>ἀλλὰ</span> <span class='ocrx_word' id='word_1_143' title='bbox 1108 1357 1202 1410; x_wconf 78' lang='grc' dir='ltr'><strong>καὶ</strong></span> <span class='ocrx_word' id='word_1_144' title='bbox 1240 1357 1331 1411; x_wconf 83' lang='grc' dir='ltr'><strong>τὸν</strong></span> <span class='ocrx_word' id='word_1_145' title='bbox 1375 1357 1506 1412; x_wconf 84' lang='grc' dir='ltr'>Θεὸν</span> <span class='ocrx_word' id='word_1_146' title='bbox 1550 1359 1713 1413; x_wconf 84' lang='grc' dir='ltr'>αὐτὸν</span> <span class='ocrx_word' id='word_1_147' title='bbox 1737 1358 1831 1412; x_wconf 85' lang='grc' dir='ltr'><strong>λύ-</strong></span> 
     </span>
    </p>
   </div>
   <div class='ocr_carea' id='block_1_19' title="bbox 229 1447 1829 1522">
    <p class='ocr_par' dir='ltr' id='par_1_19' title="bbox 229 1447 1829 1522">
     <span class='ocr_line' id='line_1_19' title="bbox 229 1447 1829 1522; baseline 0.003 -22"><span class='ocrx_word' id='word_1_148' title='bbox 229 1464 369 1520; x_wconf 86' lang='grc' dir='ltr'>τρον</span> <span class='ocrx_word' id='word_1_149' title='bbox 417 1449 447 1500; x_wconf 87' lang='grc' dir='ltr'><strong>ό</strong></span> <span class='ocrx_word' id='word_1_150' title='bbox 493 1447 695 1519; x_wconf 81' lang='grc' dir='ltr'>λῃστὴς</span> <span class='ocrx_word' id='word_1_151' title='bbox 734 1447 1025 1518; x_wconf 81' lang='grc' dir='ltr'>λαμϐάνει,</span> <span class='ocrx_word' id='word_1_152' title='bbox 1055 1448 1151 1501; x_wconf 79' lang='grc' dir='ltr'><strong>καὶ</strong></span> <span class='ocrx_word' id='word_1_153' title='bbox 1189 1449 1382 1519; x_wconf 88' lang='grc' dir='ltr'>μισθὸν</span> <span class='ocrx_word' id='word_1_154' title='bbox 1438 1449 1612 1514; x_wconf 76' lang='grc' dir='ltr'>οὕτως</span> <span class='ocrx_word' id='word_1_155' title='bbox 1659 1452 1829 1522; x_wconf 72' lang='grc' dir='ltr'>ὑπερ›</span> 
     </span>
    </p>
   </div>
   <div class='ocr_carea' id='block_1_20' title="bbox 1930 973 3504 1059">
    <p class='ocr_par' dir='ltr' id='par_1_20' title="bbox 1930 973 3504 1059">
     <span class='ocr_line' id='line_1_20' title="bbox 1930 973 3504 1059; baseline -0.01 -15"><span class='ocrx_word' id='word_1_156' title='bbox 1930 993 2323 1056; x_wconf 81' lang='lat' dir='ltr'><strong>detinebamur,</strong></span> <span class='ocrx_word' id='word_1_157' title='bbox 2358 999 2543 1059; x_wconf 89' lang='lat' dir='ltr'><strong>utpote</strong></span> <span class='ocrx_word' id='word_1_158' title='bbox 2603 986 2693 1056; x_wconf 92' lang='lat' dir='ltr'><strong>qui</strong></span> <span class='ocrx_word' id='word_1_159' title='bbox 2754 981 3045 1038; x_wconf 88' lang='lat' dir='ltr'><strong>venundati</strong></span> <span class='ocrx_word' id='word_1_160' title='bbox 3107 992 3353 1034; x_wconf 86' lang='lat' dir='ltr'><strong>essemus</strong></span> <span class='ocrx_word' id='word_1_161' title='bbox 3402 973 3504 1029; x_wconf 85' lang='lat' dir='ltr'><strong>sub</strong></span> 
     </span>
    </p>
   </div>
   <div class='ocr_carea' id='block_1_21' title="bbox 1930 1078 3509 1157">
    <p class='ocr_par' dir='ltr' id='par_1_21' title="bbox 1930 1078 3509 1157">
     <span class='ocr_line' id='line_1_21' title="bbox 1930 1078 3509 1157; baseline -0.012 -15"><span class='ocrx_word' id='word_1_162' title='bbox 1930 1097 2176 1157; x_wconf 86' lang='lat' dir='ltr'><strong>peccato,</strong></span> <span class='ocrx_word' id='word_1_163' title='bbox 2208 1100 2271 1139; x_wconf 91' lang='lat' dir='ltr'><strong>ac</strong></span> <span class='ocrx_word' id='word_1_164' title='bbox 2298 1084 2488 1136; x_wconf 86' lang='lat' dir='ltr'><strong>vitium</strong></span> <span class='ocrx_word' id='word_1_165' title='bbox 2518 1097 2640 1136; x_wconf 92' lang='lat' dir='ltr'><strong>cum</strong></span> <span class='ocrx_word' id='word_1_166' title='bbox 2680 1078 2954 1147; x_wconf 86' lang='lat' dir='ltr'><strong>voluptate</strong></span> <span class='ocrx_word' id='word_1_167' title='bbox 2995 1082 3509 1129; x_wconf 86' lang='lat' dir='ltr'><strong>commutassemus.</strong></span> 
     </span>
    </p>
   </div>
   <div class='ocr_carea' id='block_1_22' title="bbox 1933 1161 3505 1245">
    <p class='ocr_par' dir='ltr' id='par_1_22' title="bbox 1933 1161 3505 1245">
     <span class='ocr_line' id='line_1_22' title="bbox 1933 1161 3505 1245; baseline -0.013 -13"><span class='ocrx_word' id='word_1_168' title='bbox 1933 1178 2085 1245; x_wconf 85' lang='lat' dir='ltr'><strong>Quod</strong></span> <span class='ocrx_word' id='word_1_169' title='bbox 2118 1178 2163 1232; x_wconf 88' lang='lat' dir='ltr'><strong>si</strong></span> <span class='ocrx_word' id='word_1_170' title='bbox 2202 1172 2587 1243; x_wconf 85' lang='lat' dir='ltr'><strong>redemptionis</strong></span> <span class='ocrx_word' id='word_1_171' title='bbox 2642 1171 2872 1241; x_wconf 88' lang='lat' dir='ltr'><strong>pretium</strong></span> <span class='ocrx_word' id='word_1_172' title='bbox 2909 1182 3013 1222; x_wconf 94' lang='lat' dir='ltr'><strong>non</strong></span> <span class='ocrx_word' id='word_1_173' title='bbox 3069 1165 3158 1219; x_wconf 84' lang='lat' dir='ltr'><strong>alii</strong></span> <span class='ocrx_word' id='word_1_174' title='bbox 3195 1161 3309 1225; x_wconf 86' lang='lat' dir='ltr'><strong>ulli,</strong></span> <span class='ocrx_word' id='word_1_175' title='bbox 3339 1175 3505 1231; x_wconf 90' lang='lat' dir='ltr'><strong>quam</strong></span> 
     </span>
    </p>
   </div>
   <div class='ocr_carea' id='block_1_23' title="bbox 1930 1253 3506 1339">
    <p class='ocr_par' dir='ltr' id='par_1_23' title="bbox 1930 1253 3506 1339">
     <span class='ocr_line' id='line_1_23' title="bbox 1930 1253 3506 1339; baseline -0.013 -15"><span class='ocrx_word' id='word_1_176' title='bbox 1930 1272 2002 1333; x_wconf 89' lang='lat' dir='ltr'><strong>ei,</strong></span> <span class='ocrx_word' id='word_1_177' title='bbox 2027 1269 2115 1339; x_wconf 92' lang='lat' dir='ltr'><strong>qui</strong></span> <span class='ocrx_word' id='word_1_178' title='bbox 2148 1268 2389 1338; x_wconf 86' lang='lat' dir='ltr'><strong>captivos</strong></span> <span class='ocrx_word' id='word_1_179' title='bbox 2443 1275 2607 1329; x_wconf 88' lang='lat' dir='ltr'><strong>tenet,</strong></span> <span class='ocrx_word' id='word_1_180' title='bbox 2660 1261 2987 1331; x_wconf 88' lang='lat' dir='ltr'><strong>persolvitur</strong></span> <span class='ocrx_word' id='word_1_181' title='bbox 3008 1299 3022 1324; x_wconf 90' lang='lat'><strong>,</strong></span> <span class='ocrx_word' id='word_1_182' title='bbox 3055 1270 3237 1326; x_wconf 72' lang='lat' dir='ltr'><strong>qumro</strong></span> <span class='ocrx_word' id='word_1_183' title='bbox 3261 1253 3346 1309; x_wconf 92' lang='lat' dir='ltr'><strong>cui</strong></span> <span class='ocrx_word' id='word_1_184' title='bbox 3385 1261 3506 1307; x_wconf 87' lang='lat' dir='ltr'><strong>tan-</strong></span> 
     </span>
    </p>
   </div>
   <div class='ocr_carea' id='block_1_24' title="bbox 1933 1343 3509 1425">
    <p class='ocr_par' dir='ltr' id='par_1_24' title="bbox 1933 1343 3509 1425">
     <span class='ocr_line' id='line_1_24' title="bbox 1933 1343 3509 1425; baseline -0.013 -9"><span class='ocrx_word' id='word_1_185' title='bbox 1933 1364 2052 1416; x_wconf 88' lang='lat' dir='ltr'><strong>dem</strong></span> <span class='ocrx_word' id='word_1_186' title='bbox 2082 1360 2319 1415; x_wconf 89' lang='lat' dir='ltr'><strong>oblatum</strong></span> <span class='ocrx_word' id='word_1_187' title='bbox 2345 1367 2448 1424; x_wconf 90' lang='lat' dir='ltr'><strong>est,</strong></span> <span class='ocrx_word' id='word_1_188' title='bbox 2474 1366 2525 1411; x_wconf 90' lang='lat' dir='ltr'><strong>et</strong></span> <span class='ocrx_word' id='word_1_189' title='bbox 2550 1370 2713 1425; x_wconf 92' lang='lat' dir='ltr'><strong>quam</strong></span> <span class='ocrx_word' id='word_1_190' title='bbox 2739 1354 2809 1409; x_wconf 94' lang='lat' dir='ltr'><strong>ob</strong></span> <span class='ocrx_word' id='word_1_191' title='bbox 2838 1366 3057 1407; x_wconf 85' lang='lat' dir='ltr'><strong>causam</strong></span> <span class='ocrx_word' id='word_1_192' title='bbox 3080 1349 3103 1403; x_wconf 88' lang='lat'><strong>?</strong></span> <span class='ocrx_word' id='word_1_193' title='bbox 3126 1348 3182 1404; x_wconf 90' lang='lat' dir='ltr'><strong>Si</strong></span> <span class='ocrx_word' id='word_1_194' title='bbox 3215 1360 3381 1415; x_wconf 88' lang='lat' dir='ltr'><strong>pravo</strong></span> <span class='ocrx_word' id='word_1_195' title='bbox 3410 1343 3509 1404; x_wconf 86' lang='lat' dir='ltr'><strong>illi,</strong></span> 
     </span>
    </p>
   </div>
   <div class='ocr_carea' id='block_1_25' title="bbox 1932 1437 3513 1524">
    <p class='ocr_par' dir='ltr' id='par_1_25' title="bbox 1932 1437 3513 1524">
     <span class='ocr_line' id='line_1_25' title="bbox 1932 1437 3513 1524; baseline -0.012 -16"><span class='ocrx_word' id='word_1_196' title='bbox 1932 1470 1964 1508; x_wconf 91' lang='grc' dir='ltr'><strong>ο</strong></span> <span class='ocrx_word' id='word_1_197' title='bbox 1993 1468 2210 1524; x_wconf 83' lang='lat' dir='ltr'><strong>gravem</strong></span> <span class='ocrx_word' id='word_1_198' title='bbox 2246 1450 2627 1508; x_wconf 87' lang='lat' dir='ltr'><strong>contumeliam</strong></span> <span class='ocrx_word' id='word_1_199' title='bbox 2658 1449 2671 1501; x_wconf 89' lang='lat'><strong>!</strong></span> <span class='ocrx_word' id='word_1_200' title='bbox 2703 1447 2745 1501; x_wconf 93' lang='lat' dir='ltr'><strong>si</strong></span> <span class='ocrx_word' id='word_1_201' title='bbox 2810 1459 2968 1499; x_wconf 88' lang='lat' dir='ltr'><strong>nona</strong></span> <span class='ocrx_word' id='word_1_202' title='bbox 3005 1442 3115 1497; x_wconf 90' lang='lat' dir='ltr'><strong>Deo</strong></span> <span class='ocrx_word' id='word_1_203' title='bbox 3169 1439 3364 1501; x_wconf 88' lang='lat' dir='ltr'><strong>solum,</strong></span> <span class='ocrx_word' id='word_1_204' title='bbox 3416 1437 3513 1490; x_wconf 87' lang='lat' dir='ltr'><strong>sed</strong></span> 
     </span>
    </p>
   </div>
   <div class='ocr_carea' id='block_1_26' title="bbox 229 1527 1840 1614">
    <p class='ocr_par' dir='ltr' id='par_1_26' title="bbox 229 1535 1830 1611">
     <span class='ocr_line' id='line_1_26' title="bbox 229 1535 1830 1611; baseline 0.002 -21"><span class='ocrx_word' id='word_1_205' title='bbox 229 1538 354 1607; x_wconf 82' lang='grc' dir='ltr'><strong>φυῆ</strong></span> <span class='ocrx_word' id='word_1_206' title='bbox 401 1537 514 1608; x_wconf 85' lang='grc' dir='ltr'>(1Ο)</span> <span class='ocrx_word' id='word_1_207' title='bbox 566 1537 667 1606; x_wconf 86' lang='grc' dir='ltr'><strong>τῆς</strong></span> <span class='ocrx_word' id='word_1_208' title='bbox 700 1535 897 1590; x_wconf 82' lang='grc' dir='ltr'>ἑαυτοῦ</span> <span class='ocrx_word' id='word_1_209' title='bbox 945 1537 1260 1608; x_wconf 74' lang='grc' dir='ltr'>τυραννίδος</span> <span class='ocrx_word' id='word_1_210' title='bbox 1283 1580 1295 1604; x_wconf 95' lang='grc'><strong>,</strong></span> <span class='ocrx_word' id='word_1_211' title='bbox 1334 1539 1401 1592; x_wconf 87' lang='grc' dir='ltr'><strong>δι’</strong></span> <span class='ocrx_word' id='word_1_212' title='bbox 1432 1539 1492 1593; x_wconf 84' lang='grc' dir='ltr'>ὃν</span> <span class='ocrx_word' id='word_1_213' title='bbox 1543 1539 1638 1594; x_wconf 75' lang='grc' dir='ltr'><strong>καὶ</strong></span> <span class='ocrx_word' id='word_1_214' title='bbox 1673 1540 1830 1611; x_wconf 79' lang='grc' dir='ltr'>ἡμῶν</span> 
     </span>
    </p>
   </div>
   <div class='ocr_carea' id='block_1_27' title="bbox 1953 1527 3513 1614">
    <p class='ocr_par' dir='ltr' id='par_1_27' title="bbox 1953 1527 3513 1614">
     <span class='ocr_line' id='line_1_27' title="bbox 1953 1527 3513 1614; baseline -0.012 -17"><span class='ocrx_word' id='word_1_215' title='bbox 1953 1546 2103 1600; x_wconf 89' lang='lat' dir='ltr'><strong>)eum</strong></span> <span class='ocrx_word' id='word_1_216' title='bbox 2132 1558 2347 1614; x_wconf 90' lang='lat' dir='ltr'><strong>quoque</strong></span> <span class='ocrx_word' id='word_1_217' title='bbox 2374 1544 2550 1612; x_wconf 89' lang='lat' dir='ltr'><strong>ipsum</strong></span> <span class='ocrx_word' id='word_1_218' title='bbox 2592 1556 2690 1609; x_wconf 88' lang='lat' dir='ltr'><strong>pro</strong></span> <span class='ocrx_word' id='word_1_219' title='bbox 2724 1534 3110 1605; x_wconf 85' lang='lat' dir='ltr'><strong>redemptionis</strong></span> <span class='ocrx_word' id='word_1_220' title='bbox 3167 1530 3342 1601; x_wconf 92' lang='lat' dir='ltr'><strong>pretio</strong></span> <span class='ocrx_word' id='word_1_221' title='bbox 3372 1527 3513 1580; x_wconf 83' lang='lat' dir='ltr'><strong>latro</strong></span> 
     </span>
    </p>
   </div>
   <div class='ocr_carea' id='block_1_28' title="bbox 228 1620 1840 1705">
    <p class='ocr_par' dir='ltr' id='par_1_28' title="bbox 228 1623 1831 1703">
     <span class='ocr_line' id='line_1_28' title="bbox 228 1623 1831 1703; baseline 0.002 -21"><span class='ocrx_word' id='word_1_222' title='bbox 228 1628 517 1699; x_wconf 61' lang='grc' dir='ltr'>φείδεσθαι</span> <span class='ocrx_word' id='word_1_223' title='bbox 548 1628 755 1682; x_wconf 84' lang='grc' dir='ltr'>δίκαιον</span> <span class='ocrx_word' id='word_1_224' title='bbox 780 1623 876 1699; x_wconf 81' lang='grc' dir='ltr'><strong>ἦν·</strong></span> <span class='ocrx_word' id='word_1_225' title='bbox 912 1629 961 1681; x_wconf 79' lang='grc' dir='ltr'><strong>εί</strong></span> <span class='ocrx_word' id='word_1_226' title='bbox 1009 1629 1068 1681; x_wconf 85' lang='grc' dir='ltr'><strong>δὲ</strong></span> <span class='ocrx_word' id='word_1_227' title='bbox 1118 1628 1198 1699; x_wconf 83' lang='grc' dir='ltr'><strong>τῷ</strong></span> <span class='ocrx_word' id='word_1_228' title='bbox 1232 1630 1428 1701; x_wconf 77' lang='grc' dir='ltr'>Πατρὶ,</span> <span class='ocrx_word' id='word_1_229' title='bbox 1464 1630 1677 1703; x_wconf 86' lang='grc' dir='ltr'>πρῶτον</span> <span class='ocrx_word' id='word_1_230' title='bbox 1734 1634 1831 1703; x_wconf 82' lang='grc' dir='ltr'><strong>μὲν</strong></span> 
     </span>
    </p>
   </div>
   <div class='ocr_carea' id='block_1_29' title="bbox 1953 1620 3515 1705">
    <p class='ocr_par' dir='ltr' id='par_1_29' title="bbox 1953 1620 3515 1705">
     <span class='ocr_line' id='line_1_29' title="bbox 1953 1620 3515 1705; baseline -0.012 -15"><span class='ocrx_word' id='word_1_231' title='bbox 1953 1637 2154 1705; x_wconf 75' lang='lat' dir='ltr'><strong>recipit,</strong></span> <span class='ocrx_word' id='word_1_232' title='bbox 2185 1636 2426 1701; x_wconf 90' lang='lat' dir='ltr'><strong>adeoque</strong></span> <span class='ocrx_word' id='word_1_233' title='bbox 2450 1632 2666 1703; x_wconf 82' lang='lat' dir='ltr'><strong>insigne</strong></span> <span class='ocrx_word' id='word_1_234' title='bbox 2701 1638 2754 1683; x_wconf 92' lang='lat' dir='ltr'><strong>et</strong></span> <span class='ocrx_word' id='word_1_235' title='bbox 2778 1626 3050 1683; x_wconf 83' lang='lat' dir='ltr'><strong>excellens</strong></span> <span class='ocrx_word' id='word_1_236' title='bbox 3076 1620 3383 1693; x_wconf 81' lang='lat' dir='ltr'><strong>tyrannidis</strong></span> <span class='ocrx_word' id='word_1_237' title='bbox 3403 1633 3515 1674; x_wconf 75' lang='lat' dir='ltr'><strong>suae</strong></span> 
     </span>
    </p>
   </div>
   <div class='ocr_carea' id='block_1_30' title="bbox 229 1714 1840 1800">
    <p class='ocr_par' dir='ltr' id='par_1_30' title="bbox 229 1719 1832 1794">
     <span class='ocr_line' id='line_1_30' title="bbox 229 1719 1832 1794; baseline 0.001 -20"><span class='ocrx_word' id='word_1_238' title='bbox 229 1720 398 1785; x_wconf 83' lang='grc' dir='ltr'><strong>πῶς;</strong></span> <span class='ocrx_word' id='word_1_239' title='bbox 435 1720 546 1789; x_wconf 84' lang='grc' dir='ltr'>Οὐχ</span> <span class='ocrx_word' id='word_1_240' title='bbox 595 1720 686 1773; x_wconf 80' lang='grc' dir='ltr'><strong>ὑπ’</strong></span> <span class='ocrx_word' id='word_1_241' title='bbox 722 1719 932 1773; x_wconf 76' lang='grc' dir='ltr'>ἐκείνου</span> <span class='ocrx_word' id='word_1_242' title='bbox 973 1719 1083 1790; x_wconf 83' lang='grc' dir='ltr'><strong>γὰρ</strong></span> <span class='ocrx_word' id='word_1_243' title='bbox 1123 1720 1524 1791; x_wconf 80' lang='grc' dir='ltr'>ἐκρατοῦμεθα.</span> <span class='ocrx_word' id='word_1_244' title='bbox 1566 1720 1832 1794; x_wconf 86' lang='grc' dir='ltr'>Δεύτερον</span> 
     </span>
    </p>
   </div>
   <div class='ocr_carea' id='block_1_31' title="bbox 1953 1714 3512 1800">
    <p class='ocr_par' dir='ltr' id='par_1_31' title="bbox 1953 1714 3512 1793">
     <span class='ocr_line' id='line_1_31' title="bbox 1953 1714 3512 1793; baseline -0.015 -9"><span class='ocrx_word' id='word_1_245' title='bbox 1953 1730 2244 1792; x_wconf 69' lang='grc' dir='ltr'>παιιιῆιιιη,</span> <span class='ocrx_word' id='word_1_246' title='bbox 2276 1726 2432 1793; x_wconf 87' lang='lat' dir='ltr'><strong>cujus</strong></span> <span class='ocrx_word' id='word_1_247' title='bbox 2478 1740 2638 1780; x_wconf 90' lang='lat' dir='ltr'><strong>causa</strong></span> <span class='ocrx_word' id='word_1_248' title='bbox 2690 1721 2844 1775; x_wconf 88' lang='lat' dir='ltr'><strong>nobis</strong></span> <span class='ocrx_word' id='word_1_249' title='bbox 2867 1730 3079 1788; x_wconf 92' lang='lat' dir='ltr'><strong>quoque</strong></span> <span class='ocrx_word' id='word_1_250' title='bbox 3124 1714 3268 1785; x_wconf 90' lang='lat' dir='ltr'><strong>parci</strong></span> <span class='ocrx_word' id='word_1_251' title='bbox 3299 1725 3512 1780; x_wconf 70' lang='lat' dir='ltr'><strong>mquam</strong></span> 
     </span>
    </p>
   </div>
   <div class='ocr_carea' id='block_1_32' title="bbox 229 1804 1840 1903">
    <p class='ocr_par' dir='ltr' id='par_1_32' title="bbox 229 1806 1830 1886">
     <span class='ocr_line' id='line_1_32' title="bbox 229 1806 1830 1886; baseline 0.001 -19"><span class='ocrx_word' id='word_1_252' title='bbox 229 1814 323 1876; x_wconf 78' lang='grc' dir='ltr'><strong>δὲ,</strong></span> <span class='ocrx_word' id='word_1_253' title='bbox 352 1813 435 1876; x_wconf 81' lang='grc' dir='ltr'><strong>τίς</strong></span> <span class='ocrx_word' id='word_1_254' title='bbox 476 1813 505 1864; x_wconf 88' lang='grc' dir='ltr'>ὁ</span> <span class='ocrx_word' id='word_1_255' title='bbox 543 1812 720 1880; x_wconf 85' lang='grc' dir='ltr'>λόγος,</span> <span class='ocrx_word' id='word_1_256' title='bbox 753 1811 1090 1881; x_wconf 81' lang='grc' dir='ltr'>Μονογενοῦς</span> <span class='ocrx_word' id='word_1_257' title='bbox 1114 1806 1257 1883; x_wconf 77' lang='grc' dir='ltr'>αἷμα</span> <span class='ocrx_word' id='word_1_258' title='bbox 1305 1812 1527 1884; x_wconf 81' lang='grc' dir='ltr'>τέρπειν</span> <span class='ocrx_word' id='word_1_259' title='bbox 1558 1815 1782 1886; x_wconf 86' lang='grc' dir='ltr'>Πατέρα</span> <span class='ocrx_word' id='word_1_260' title='bbox 1815 1857 1830 1882; x_wconf 94' lang='grc'><strong>,</strong></span> 
     </span>
    </p>
   </div>
   <div class='ocr_carea' id='block_1_33' title="bbox 1953 1804 3513 1903">
    <p class='ocr_par' dir='ltr' id='par_1_33' title="bbox 1953 1805 3513 1903">
     <span class='ocr_line' id='line_1_33' title="bbox 1953 1805 3513 1903; baseline -0.014 -28"><span class='ocrx_word' id='word_1_261' title='bbox 1953 1830 2093 1875; x_wconf 79' lang='lat' dir='ltr'><strong>:rat:</strong></span> <span class='ocrx_word' id='word_1_262' title='bbox 2126 1820 2169 1874; x_wconf 90' lang='lat' dir='ltr'><strong>si</strong></span> <span class='ocrx_word' id='word_1_263' title='bbox 2198 1829 2375 1903; x_wconf 75' lang='lat' dir='ltr'><strong>autem</strong></span> <span class='ocrx_word' id='word_1_264' title='bbox 2406 1817 2576 1881; x_wconf 87' lang='lat' dir='ltr'><strong>Patri,</strong></span> <span class='ocrx_word' id='word_1_265' title='bbox 2607 1814 2844 1885; x_wconf 87' lang='lat' dir='ltr'><strong>primum</strong></span> <span class='ocrx_word' id='word_1_266' title='bbox 2896 1808 3168 1881; x_wconf 88' lang='lat' dir='ltr'><strong>quomodo</strong></span> <span class='ocrx_word' id='word_1_267' title='bbox 3226 1805 3278 1859; x_wconf 91' lang='lat' dir='ltr'><strong>id</strong></span> <span class='ocrx_word' id='word_1_268' title='bbox 3313 1805 3513 1857; x_wconf 81' lang='lat' dir='ltr'><strong>factum</strong></span> 
     </span>
    </p>
   </div>
   <div class='ocr_carea' id='block_1_34' title="bbox 228 1903 1831 1978">
    <p class='ocr_par' dir='ltr' id='par_1_34' title="bbox 228 1903 1831 1978">
     <span class='ocr_line' id='line_1_34' title="bbox 228 1903 1831 1978; baseline 0.001 -20"><span class='ocrx_word' id='word_1_269' title='bbox 228 1905 299 1968; x_wconf 77' lang='grc' dir='ltr'>ὃς</span> <span class='ocrx_word' id='word_1_270' title='bbox 335 1903 455 1957; x_wconf 77' lang='grc' dir='ltr'>οὐδὲ</span> <span class='ocrx_word' id='word_1_271' title='bbox 486 1904 578 1956; x_wconf 84' lang='grc' dir='ltr'>τὸν</span> <span class='ocrx_word' id='word_1_272' title='bbox 621 1904 808 1957; x_wconf 81' lang='grc' dir='ltr'>Ἰσαὰκ</span> <span class='ocrx_word' id='word_1_273' title='bbox 847 1904 1065 1971; x_wconf 81' lang='grc' dir='ltr'>ἐδέξατο</span> <span class='ocrx_word' id='word_1_274' title='bbox 1107 1904 1255 1975; x_wconf 84' lang='grc' dir='ltr'><strong>παρά</strong></span> <span class='ocrx_word' id='word_1_275' title='bbox 1290 1905 1384 1957; x_wconf 86' lang='grc' dir='ltr'><strong>τοῦ</strong></span> <span class='ocrx_word' id='word_1_276' title='bbox 1418 1906 1624 1975; x_wconf 83' lang='grc' dir='ltr'>πατρὸς</span> <span class='ocrx_word' id='word_1_277' title='bbox 1658 1923 1831 1978; x_wconf 88' lang='grc' dir='ltr'>προσ-</span> 
     </span>
    </p>
   </div>
   <div class='ocr_carea' id='block_1_35' title="bbox 230 1994 1836 2069">
    <p class='ocr_par' dir='ltr' id='par_1_35' title="bbox 230 1994 1836 2069">
     <span class='ocr_line' id='line_1_35' title="bbox 230 1994 1836 2069; baseline 0.003 -22"><span class='ocrx_word' id='word_1_278' title='bbox 230 1996 566 2067; x_wconf 84' lang='grc' dir='ltr'>φερόμενον,</span> <span class='ocrx_word' id='word_1_279' title='bbox 594 1994 710 2047; x_wconf 83' lang='grc' dir='ltr'>ἀλλ’</span> <span class='ocrx_word' id='word_1_280' title='bbox 738 1996 1107 2066; x_wconf 81' lang='grc' dir='ltr'>ἀντηλλάξατο</span> <span class='ocrx_word' id='word_1_281' title='bbox 1133 1996 1231 2068; x_wconf 86' lang='grc' dir='ltr'><strong>τὴν</strong></span> <span class='ocrx_word' id='word_1_282' title='bbox 1252 1996 1466 2060; x_wconf 83' lang='grc' dir='ltr'>θυσίαν,</span> <span class='ocrx_word' id='word_1_283' title='bbox 1509 1997 1663 2069; x_wconf 81' lang='grc' dir='ltr'>κριὸν</span> <span class='ocrx_word' id='word_1_284' title='bbox 1692 1999 1836 2052; x_wconf 86' lang='grc' dir='ltr'>ἀντι-</span> 
     </span>
    </p>
   </div>
   <div class='ocr_carea' id='block_1_36' title="bbox 228 2088 1835 2161">
    <p class='ocr_par' dir='ltr' id='par_1_36' title="bbox 228 2088 1835 2161">
     <span class='ocr_line' id='line_1_36' title="bbox 228 2088 1835 2161; baseline 0.002 -20"><span class='ocrx_word' id='word_1_285' title='bbox 228 2088 370 2152; x_wconf 76' lang='grc' dir='ltr'>δοὺς</span> <span class='ocrx_word' id='word_1_286' title='bbox 400 2088 495 2141; x_wconf 89' lang='grc' dir='ltr'><strong>τοῦ</strong></span> <span class='ocrx_word' id='word_1_287' title='bbox 534 2088 756 2156; x_wconf 83' lang='grc' dir='ltr'>λογικοῦ</span> <span class='ocrx_word' id='word_1_288' title='bbox 802 2088 1074 2160; x_wconf 74' lang='grc' dir='ltr'>θύματος;</span> <span class='ocrx_word' id='word_1_289' title='bbox 1115 2090 1186 2142; x_wconf 84' lang='grc' dir='ltr'><strong>Ἦ</strong></span> <span class='ocrx_word' id='word_1_290' title='bbox 1217 2088 1395 2160; x_wconf 83' lang='grc' dir='ltr'>δῆλον,</span> <span class='ocrx_word' id='word_1_291' title='bbox 1425 2090 1506 2143; x_wconf 83' lang='grc' dir='ltr'>ὅτι</span> <span class='ocrx_word' id='word_1_292' title='bbox 1568 2090 1835 2161; x_wconf 80' lang='grc' dir='ltr'>λαμϐάνει</span> 
     </span>
    </p>
   </div>
   <div class='ocr_carea' id='block_1_37' title="bbox 235 2178 1836 2251">
    <p class='ocr_par' dir='ltr' id='par_1_37' title="bbox 235 2178 1836 2251">
     <span class='ocr_line' id='line_1_37' title="bbox 235 2178 1836 2251; baseline 0.004 -21"><span class='ocrx_word' id='word_1_293' title='bbox 235 2178 350 2248; x_wconf 82' lang='grc' dir='ltr'><strong>μὲν</strong></span> <span class='ocrx_word' id='word_1_294' title='bbox 381 2179 639 2249; x_wconf 76' lang='grc' dir='ltr'>ὁΠατὴρ,</span> <span class='ocrx_word' id='word_1_295' title='bbox 672 2180 772 2233; x_wconf 84' lang='grc' dir='ltr'><strong>οὐκ</strong></span> <span class='ocrx_word' id='word_1_296' title='bbox 805 2180 1036 2251; x_wconf 82' lang='grc' dir='ltr'>αἰτήσας</span> <span class='ocrx_word' id='word_1_297' title='bbox 1070 2180 1206 2249; x_wconf 91' lang='grc'>(11),</span> <span class='ocrx_word' id='word_1_298' title='bbox 1241 2181 1362 2234; x_wconf 77' lang='grc' dir='ltr'>οὐδὲ</span> <span class='ocrx_word' id='word_1_299' title='bbox 1417 2180 1653 2251; x_wconf 74' lang='grc' dir='ltr'>δεηθεὶς,</span> <span class='ocrx_word' id='word_1_300' title='bbox 1699 2182 1836 2236; x_wconf 86' lang='grc' dir='ltr'><strong>ἀλλά</strong></span> 
     </span>
    </p>
   </div>
   <div class='ocr_carea' id='block_1_38' title="bbox 230 2267 1834 2344">
    <p class='ocr_par' dir='ltr' id='par_1_38' title="bbox 230 2267 1834 2344">
     <span class='ocr_line' id='line_1_38' title="bbox 230 2267 1834 2344; baseline 0.004 -23"><span class='ocrx_word' id='word_1_301' title='bbox 230 2268 335 2321; x_wconf 75' lang='grc' dir='ltr'>διὰ</span> <span class='ocrx_word' id='word_1_302' title='bbox 372 2267 468 2339; x_wconf 81' lang='grc' dir='ltr'><strong>τὴν</strong></span> <span class='ocrx_word' id='word_1_303' title='bbox 497 2270 832 2341; x_wconf 81' lang='grc' dir='ltr'>οἰκονομίαν,</span> <span class='ocrx_word' id='word_1_304' title='bbox 869 2271 963 2324; x_wconf 74' lang='grc' dir='ltr'><strong>καὶ</strong></span> <span class='ocrx_word' id='word_1_305' title='bbox 1006 2271 1068 2323; x_wconf 83' lang='grc' dir='ltr'>τὸ</span> <span class='ocrx_word' id='word_1_306' title='bbox 1119 2272 1316 2343; x_wconf 83' lang='grc' dir='ltr'>χρῆναι</span> <span class='ocrx_word' id='word_1_307' title='bbox 1357 2272 1469 2341; x_wconf 71' lang='grc'>(12)</span> <span class='ocrx_word' id='word_1_308' title='bbox 1503 2272 1834 2344; x_wconf 83' lang='grc' dir='ltr'>ἁγιασθῆναι</span> 
     </span>
    </p>
   </div>
   <div class='ocr_carea' id='block_1_39' title="bbox 232 2362 1839 2436">
    <p class='ocr_par' dir='ltr' id='par_1_39' title="bbox 232 2362 1839 2436">
     <span class='ocr_line' id='line_1_39' title="bbox 232 2362 1839 2436; baseline 0.001 -18"><span class='ocrx_word' id='word_1_309' title='bbox 232 2362 331 2434; x_wconf 83' lang='grc' dir='ltr'>τῷ</span> <span class='ocrx_word' id='word_1_310' title='bbox 385 2363 709 2436; x_wconf 75' lang='grc' dir='ltr'>ἀνθρωπίνῳ</span> <span class='ocrx_word' id='word_1_311' title='bbox 750 2363 843 2418; x_wconf 89' lang='grc' dir='ltr'><strong>τοῦ</strong></span> <span class='ocrx_word' id='word_1_312' title='bbox 877 2364 1013 2419; x_wconf 89' lang='grc' dir='ltr'><strong>Θεοῦ</strong></span> <span class='ocrx_word' id='word_1_313' title='bbox 1045 2369 1137 2418; x_wconf 80' lang='grc' dir='ltr'><strong>τὸν</strong></span> <span class='ocrx_word' id='word_1_314' title='bbox 1171 2365 1460 2434; x_wconf 79' lang='grc' dir='ltr'>ἄνθρωπον</span> <span class='ocrx_word' id='word_1_315' title='bbox 1486 2383 1497 2395; x_wconf 75' lang='grc' dir='ltr'><strong>ο</strong></span> <span class='ocrx_word' id='word_1_316' title='bbox 1557 2366 1623 2420; x_wconf 81' lang='grc' dir='ltr'>ἵν’</span> <span class='ocrx_word' id='word_1_317' title='bbox 1676 2368 1839 2429; x_wconf 81' lang='grc' dir='ltr'>αὐτὸς</span> 
     </span>
    </p>
   </div>
   <div class='ocr_carea' id='block_1_40' title="bbox 237 2455 1839 2529">
    <p class='ocr_par' dir='ltr' id='par_1_40' title="bbox 237 2455 1839 2529">
     <span class='ocr_line' id='line_1_40' title="bbox 237 2455 1839 2529; baseline 0.001 -21"><span class='ocrx_word' id='word_1_318' title='bbox 237 2457 403 2527; x_wconf 77' lang='grc' dir='ltr'>ἡμᾶς</span> <span class='ocrx_word' id='word_1_319' title='bbox 428 2455 698 2527; x_wconf 74' lang='grc' dir='ltr'>ἐξέληται,</span> <span class='ocrx_word' id='word_1_320' title='bbox 724 2456 817 2508; x_wconf 84' lang='grc' dir='ltr'><strong>τοῦ</strong></span> <span class='ocrx_word' id='word_1_321' title='bbox 848 2457 1112 2527; x_wconf 86' lang='grc' dir='ltr'>τυράννου</span> <span class='ocrx_word' id='word_1_322' title='bbox 1138 2456 1229 2528; x_wconf 78' lang='grc' dir='ltr'><strong>βίᾳ</strong></span> <span class='ocrx_word' id='word_1_323' title='bbox 1251 2457 1554 2527; x_wconf 83' lang='grc' dir='ltr'>κρατήσας,</span> <span class='ocrx_word' id='word_1_324' title='bbox 1587 2457 1839 2529; x_wconf 74' lang='grc' dir='ltr'>καὶπρὸς</span> 
     </span>
    </p>
   </div>
   <div class='ocr_carea' id='block_1_41' title="bbox 236 2546 1841 2619">
    <p class='ocr_par' dir='ltr' id='par_1_41' title="bbox 236 2546 1841 2619">
     <span class='ocr_line' id='line_1_41' title="bbox 236 2546 1841 2619; baseline 0.001 -18"><span class='ocrx_word' id='word_1_325' title='bbox 236 2547 447 2601; x_wconf 77' lang='grc' dir='ltr'>ἑαυτὸν</span> <span class='ocrx_word' id='word_1_326' title='bbox 487 2548 598 2617; x_wconf 83' lang='grc'>(15)</span> <span class='ocrx_word' id='word_1_327' title='bbox 634 2546 955 2618; x_wconf 78' lang='grc' dir='ltr'>ὲπαναγάγῃ</span> <span class='ocrx_word' id='word_1_328' title='bbox 1005 2546 1094 2599; x_wconf 82' lang='grc' dir='ltr'>διὰ</span> <span class='ocrx_word' id='word_1_329' title='bbox 1144 2547 1239 2600; x_wconf 90' lang='grc' dir='ltr'><strong>τοῦ</strong></span> <span class='ocrx_word' id='word_1_330' title='bbox 1295 2549 1425 2601; x_wconf 88' lang='grc' dir='ltr'><strong>Υἱοῦ</strong></span> <span class='ocrx_word' id='word_1_331' title='bbox 1490 2549 1841 2619; x_wconf 83' lang='grc' dir='ltr'>μεσιτεύσαν-</span> 
     </span>
    </p>
   </div>
   <div class='ocr_carea' id='block_1_42' title="bbox 233 2639 1843 2713">
    <p class='ocr_par' dir='ltr' id='par_1_42' title="bbox 233 2639 1843 2713">
     <span class='ocr_line' id='line_1_42' title="bbox 233 2639 1843 2713; baseline 0.001 -20"><span class='ocrx_word' id='word_1_332' title='bbox 233 2656 362 2702; x_wconf 87' lang='grc' dir='ltr'>τος,</span> <span class='ocrx_word' id='word_1_333' title='bbox 403 2640 495 2692; x_wconf 81' lang='grc' dir='ltr'><strong>καὶ</strong></span> <span class='ocrx_word' id='word_1_334' title='bbox 528 2640 607 2703; x_wconf 79' lang='grc' dir='ltr'><strong>είς</strong></span> <span class='ocrx_word' id='word_1_335' title='bbox 644 2639 809 2710; x_wconf 83' lang='grc' dir='ltr'>τιμὴν</span> <span class='ocrx_word' id='word_1_336' title='bbox 850 2639 947 2692; x_wconf 85' lang='grc' dir='ltr'><strong>τοῦ</strong></span> <span class='ocrx_word' id='word_1_337' title='bbox 986 2639 1199 2711; x_wconf 78' lang='grc' dir='ltr'>[ἰατρὸς</span> <span class='ocrx_word' id='word_1_338' title='bbox 1231 2640 1390 2694; x_wconf 88' lang='grc' dir='ltr'>τοῦτο</span> <span class='ocrx_word' id='word_1_339' title='bbox 1442 2642 1843 2713; x_wconf 74' lang='grc' dir='ltr'>οἰκονομήσαν-</span> 
     </span>
    </p>
   </div>
   <div class='ocr_carea' id='block_1_43' title="bbox 234 2721 1840 2803">
    <p class='ocr_par' dir='ltr' id='par_1_43' title="bbox 234 2721 1840 2803">
     <span class='ocr_line' id='line_1_43' title="bbox 234 2721 1840 2803; baseline 0.002 -22"><span class='ocrx_word' id='word_1_340' title='bbox 234 2744 365 2791; x_wconf 79' lang='grc' dir='ltr'>τος,</span> <span class='ocrx_word' id='word_1_341' title='bbox 485 2728 555 2781; x_wconf 78' lang='grc' dir='ltr'>τὰ</span> <span class='ocrx_word' id='word_1_342' title='bbox 601 2729 779 2782; x_wconf 83' lang='grc' dir='ltr'>πάντα</span> <span class='ocrx_word' id='word_1_343' title='bbox 831 2730 1179 2801; x_wconf 82' lang='grc' dir='ltr'>παραχωρῶν</span> <span class='ocrx_word' id='word_1_344' title='bbox 1208 2731 1483 2797; x_wconf 82' lang='grc' dir='ltr'>φαίνεται.</span> <span class='ocrx_word' id='word_1_345' title='bbox 1517 2732 1606 2786; x_wconf 85' lang='grc' dir='ltr'>Τά’</span> <span class='ocrx_word' id='word_1_346' title='bbox 1633 2732 1733 2800; x_wconf 84' lang='grc' dir='ltr'><strong>μὲν</strong></span> <span class='ocrx_word' id='word_1_347' title='bbox 1777 2731 1840 2803; x_wconf 88' lang='grc' dir='ltr'><strong>δὴ</strong></span> 
     </span>
    </p>
   </div>
   <div class='ocr_carea' id='block_1_44' title="bbox 238 2818 1841 2894">
    <p class='ocr_par' dir='ltr' id='par_1_44' title="bbox 238 2818 1841 2894">
     <span class='ocr_line' id='line_1_44' title="bbox 238 2818 1841 2894; baseline 0.002 -22"><span class='ocrx_word' id='word_1_348' title='bbox 238 2818 494 2890; x_wconf 79' lang='grc' dir='ltr'>Χριστοῦ</span> <span class='ocrx_word' id='word_1_349' title='bbox 527 2820 775 2884; x_wconf 85' lang='grc' dir='ltr'>τοιαῦτα,</span> <span class='ocrx_word' id='word_1_350' title='bbox 834 2821 926 2873; x_wconf 79' lang='grc' dir='ltr'><strong>καὶ</strong></span> <span class='ocrx_word' id='word_1_351' title='bbox 978 2820 1049 2873; x_wconf 84' lang='grc' dir='ltr'>τὰ</span> <span class='ocrx_word' id='word_1_352' title='bbox 1096 2820 1267 2875; x_wconf 86' lang='grc' dir='ltr'>πλείω</span> <span class='ocrx_word' id='word_1_353' title='bbox 1302 2826 1426 2894; x_wconf 82' lang='grc' dir='ltr'>σιγῇ</span> <span class='ocrx_word' id='word_1_354' title='bbox 1469 2823 1731 2879; x_wconf 86' lang='grc' dir='ltr'>σεϐέσθω.</span> <span class='ocrx_word' id='word_1_355' title='bbox 1784 2824 1841 2876; x_wconf 84' lang='grc' dir='ltr'><strong>ὐ</strong></span> 
     </span>
    </p>
   </div>
   <div class='ocr_carea' id='block_1_45' title="bbox 237 2908 1843 2982">
    <p class='ocr_par' dir='ltr' id='par_1_45' title="bbox 237 2908 1843 2982">
     <span class='ocr_line' id='line_1_45' title="bbox 237 2908 1843 2982; baseline 0.004 -21"><span class='ocrx_word' id='word_1_356' title='bbox 237 2909 305 2962; x_wconf 80' lang='grc' dir='ltr'>δὲ</span> <span class='ocrx_word' id='word_1_357' title='bbox 343 2908 575 2980; x_wconf 80' lang='grc' dir='ltr'>χαλκοῦς</span> <span class='ocrx_word' id='word_1_358' title='bbox 615 2909 740 2980; x_wconf 77' lang='grc' dir='ltr'>ὄφις</span> <span class='ocrx_word' id='word_1_359' title='bbox 782 2912 1055 2982; x_wconf 81' lang='grc' dir='ltr'>κρεμᾶται</span> <span class='ocrx_word' id='word_1_360' title='bbox 1104 2909 1217 2982; x_wconf 79' lang='grc'>(14)</span> <span class='ocrx_word' id='word_1_361' title='bbox 1271 2911 1369 2982; x_wconf 86' lang='grc' dir='ltr'>μὲν</span> <span class='ocrx_word' id='word_1_362' title='bbox 1414 2912 1557 2966; x_wconf 84' lang='grc' dir='ltr'>κατὰ</span> <span class='ocrx_word' id='word_1_363' title='bbox 1604 2912 1713 2965; x_wconf 85' lang='grc' dir='ltr'><strong>τῶν</strong></span> <span class='ocrx_word' id='word_1_364' title='bbox 1749 2912 1843 2967; x_wconf 88' lang='grc' dir='ltr'>δα-</span> 
     </span>
    </p>
   </div>
   <div class='ocr_carea' id='block_1_46' title="bbox 240 3003 1843 3079">
    <p class='ocr_par' dir='ltr' id='par_1_46' title="bbox 240 3003 1843 3079">
     <span class='ocr_line' id='line_1_46' title="bbox 240 3003 1843 3079; baseline 0.002 -22"><span class='ocrx_word' id='word_1_365' title='bbox 240 3003 489 3057; x_wconf 83' lang='grc' dir='ltr'>κνόντων</span> <span class='ocrx_word' id='word_1_366' title='bbox 511 3003 707 3072; x_wconf 73' lang='grc' dir='ltr'>ὄφεων,</span> <span class='ocrx_word' id='word_1_367' title='bbox 735 3004 834 3075; x_wconf 87' lang='grc' dir='ltr'><strong>οὐχ</strong></span> <span class='ocrx_word' id='word_1_368' title='bbox 865 3005 943 3068; x_wconf 86' lang='grc' dir='ltr'>ὡς</span> <span class='ocrx_word' id='word_1_369' title='bbox 960 3004 1131 3068; x_wconf 85' lang='grc' dir='ltr'>τύπος</span> <span class='ocrx_word' id='word_1_370' title='bbox 1165 3004 1279 3076; x_wconf 79' lang='grc'>(15)</span> <span class='ocrx_word' id='word_1_371' title='bbox 1315 3004 1373 3058; x_wconf 84' lang='grc' dir='ltr'><strong>δὲ</strong></span> <span class='ocrx_word' id='word_1_372' title='bbox 1396 3005 1491 3059; x_wconf 88' lang='grc' dir='ltr'><strong>τοῦ</strong></span> <span class='ocrx_word' id='word_1_373' title='bbox 1518 3006 1657 3076; x_wconf 84' lang='grc' dir='ltr'>ὑπὲρ</span> <span class='ocrx_word' id='word_1_374' title='bbox 1684 3006 1843 3079; x_wconf 78' lang='grc' dir='ltr'>ἡμῶν</span> 
     </span>
    </p>
   </div>
   <div class='ocr_carea' id='block_1_47' title="bbox 1938 1900 3517 1978">
    <p class='ocr_par' dir='ltr' id='par_1_47' title="bbox 1938 1900 3517 1978">
     <span class='ocr_line' id='line_1_47' title="bbox 1938 1900 3517 1978; baseline -0.014 -11"><span class='ocrx_word' id='word_1_375' title='bbox 1938 1912 2065 1967; x_wconf 87' lang='lat' dir='ltr'><strong>est?</strong></span> <span class='ocrx_word' id='word_1_376' title='bbox 2095 1911 2205 1966; x_wconf 87' lang='lat' dir='ltr'><strong>Nec</strong></span> <span class='ocrx_word' id='word_1_377' title='bbox 2230 1900 2373 1963; x_wconf 81' lang='lat' dir='ltr'><strong>enim</strong></span> <span class='ocrx_word' id='word_1_378' title='bbox 2406 1910 2475 1964; x_wconf 90' lang='lat' dir='ltr'><strong>ab</strong></span> <span class='ocrx_word' id='word_1_379' title='bbox 2500 1910 2613 1978; x_wconf 88' lang='lat' dir='ltr'><strong>ipso</strong></span> <span class='ocrx_word' id='word_1_380' title='bbox 2645 1907 2979 1961; x_wconf 87' lang='lat' dir='ltr'><strong>tenebamur.</strong></span> <span class='ocrx_word' id='word_1_381' title='bbox 3018 1900 3243 1963; x_wconf 87' lang='lat' dir='ltr'><strong>Deinde,</strong></span> <span class='ocrx_word' id='word_1_382' title='bbox 3286 1912 3406 1968; x_wconf 76' lang='lat' dir='ltr'><strong>qua:</strong></span> <span class='ocrx_word' id='word_1_383' title='bbox 3434 1913 3517 1948; x_wconf 67' lang='lat' dir='ltr'><strong>ra»</strong></span> 
     </span>
    </p>
   </div>
   <div class='ocr_carea' id='block_1_48' title="bbox 1940 1986 3517 2073">
    <p class='ocr_par' dir='ltr' id='par_1_48' title="bbox 1940 1986 3517 2073">
     <span class='ocr_line' id='line_1_48' title="bbox 1940 1986 3517 2073; baseline -0.011 -14"><span class='ocrx_word' id='word_1_384' title='bbox 1940 2005 2013 2059; x_wconf 94' lang='lat' dir='ltr'><strong>tio</strong></span> <span class='ocrx_word' id='word_1_385' title='bbox 2041 2003 2221 2059; x_wconf 79' lang='lat' dir='ltr'><strong>aﬂ‘erri</strong></span> <span class='ocrx_word' id='word_1_386' title='bbox 2254 2011 2448 2073; x_wconf 87' lang='lat' dir='ltr'><strong>potest,</strong></span> <span class='ocrx_word' id='word_1_387' title='bbox 2478 2012 2536 2055; x_wconf 92' lang='lat' dir='ltr'><strong>ut</strong></span> <span class='ocrx_word' id='word_1_388' title='bbox 2569 1998 2838 2070; x_wconf 87' lang='lat' dir='ltr'><strong>Unigeniti</strong></span> <span class='ocrx_word' id='word_1_389' title='bbox 2893 1994 3156 2065; x_wconf 89' lang='lat' dir='ltr'><strong>sanguine</strong></span> <span class='ocrx_word' id='word_1_390' title='bbox 3183 1989 3342 2045; x_wconf 89' lang='lat' dir='ltr'><strong>Pater</strong></span> <span class='ocrx_word' id='word_1_391' title='bbox 3363 1986 3517 2043; x_wconf 89' lang='lat' dir='ltr'><strong>oble-</strong></span> 
     </span>
    </p>
   </div>
   <div class='ocr_carea' id='block_1_49' title="bbox 1938 2082 3519 2163">
    <p class='ocr_par' dir='ltr' id='par_1_49' title="bbox 1938 2082 3519 2163">
     <span class='ocr_line' id='line_1_49' title="bbox 1938 2082 3519 2163; baseline -0.012 -13"><span class='ocrx_word' id='word_1_392' title='bbox 1938 2107 2135 2158; x_wconf 85' lang='lat' dir='ltr'><strong>ctetur,</strong></span> <span class='ocrx_word' id='word_1_393' title='bbox 2171 2096 2263 2163; x_wconf 91' lang='lat' dir='ltr'><strong>qui</strong></span> <span class='ocrx_word' id='word_1_394' title='bbox 2294 2111 2360 2148; x_wconf 90' lang='lat' dir='ltr'><strong>ne</strong></span> <span class='ocrx_word' id='word_1_395' title='bbox 2391 2094 2538 2148; x_wconf 89' lang='lat' dir='ltr'><strong>Isaac</strong></span> <span class='ocrx_word' id='word_1_396' title='bbox 2570 2092 2787 2161; x_wconf 82' lang='lat' dir='ltr'><strong>quidem</strong></span> <span class='ocrx_word' id='word_1_397' title='bbox 2846 2103 2875 2141; x_wconf 91' lang='lat' dir='ltr'><strong>a</strong></span> <span class='ocrx_word' id='word_1_398' title='bbox 2905 2096 3058 2156; x_wconf 87' lang='lat' dir='ltr'><strong>patre</strong></span> <span class='ocrx_word' id='word_1_399' title='bbox 3091 2082 3330 2139; x_wconf 88' lang='lat' dir='ltr'><strong>oblatmn</strong></span> <span class='ocrx_word' id='word_1_400' title='bbox 3359 2093 3519 2133; x_wconf 47' lang='lat' dir='ltr'><strong>acee‘</strong></span> 
     </span>
    </p>
   </div>
   <div class='ocr_carea' id='block_1_50' title="bbox 1939 2169 3521 2259">
    <p class='ocr_par' dir='ltr' id='par_1_50' title="bbox 1939 2169 3521 2259">
     <span class='ocr_line' id='line_1_50' title="bbox 1939 2169 3521 2259; baseline -0.011 -17"><span class='ocrx_word' id='word_1_401' title='bbox 1939 2189 2098 2259; x_wconf 91' lang='lat' dir='ltr'><strong>perit,</strong></span> <span class='ocrx_word' id='word_1_402' title='bbox 2123 2187 2431 2248; x_wconf 86' lang='lat' dir='ltr'><strong>sedariete,</strong></span> <span class='ocrx_word' id='word_1_403' title='bbox 2468 2187 2519 2238; x_wconf 91' lang='lat' dir='ltr'><strong>iu</strong></span> <span class='ocrx_word' id='word_1_404' title='bbox 2549 2183 2826 2237; x_wconf 87' lang='lat' dir='ltr'><strong>rationalis</strong></span> <span class='ocrx_word' id='word_1_405' title='bbox 2886 2179 3118 2233; x_wconf 64' lang='lat' dir='ltr'><strong>victimae</strong></span> <span class='ocrx_word' id='word_1_406' title='bbox 3163 2177 3338 2230; x_wconf 89' lang='lat' dir='ltr'><strong>locum</strong></span> <span class='ocrx_word' id='word_1_407' title='bbox 3391 2169 3521 2225; x_wconf 87' lang='lat' dir='ltr'><strong>sub-</strong></span> 
     </span>
    </p>
   </div>
   <div class='ocr_carea' id='block_1_51' title="bbox 1941 2266 3521 2347">
    <p class='ocr_par' dir='ltr' id='par_1_51' title="bbox 1941 2266 3521 2347">
     <span class='ocr_line' id='line_1_51' title="bbox 1941 2266 3521 2347; baseline -0.012 -11"><span class='ocrx_word' id='word_1_408' title='bbox 1941 2282 2155 2344; x_wconf 85' lang='lat' dir='ltr'><strong>stituto,</strong></span> <span class='ocrx_word' id='word_1_409' title='bbox 2193 2280 2522 2335; x_wconf 77' lang='lat' dir='ltr'><strong>sacrificium</strong></span> <span class='ocrx_word' id='word_1_410' title='bbox 2552 2274 2910 2347; x_wconf 86' lang='lat' dir='ltr'><strong>permutarit?</strong></span> <span class='ocrx_word' id='word_1_411' title='bbox 2940 2272 3295 2339; x_wconf 86' lang='lat' dir='ltr'><strong>Perspicuum</strong></span> <span class='ocrx_word' id='word_1_412' title='bbox 3329 2266 3521 2334; x_wconf 87' lang='lat' dir='ltr'><strong>utique</strong></span> 
     </span>
    </p>
   </div>
   <div class='ocr_carea' id='block_1_52' title="bbox 1940 2356 3521 2439">
    <p class='ocr_par' dir='ltr' id='par_1_52' title="bbox 1940 2356 3521 2439">
     <span class='ocr_line' id='line_1_52' title="bbox 1940 2356 3521 2439; baseline -0.012 -13"><span class='ocrx_word' id='word_1_413' title='bbox 1940 2381 2046 2437; x_wconf 90' lang='lat' dir='ltr'><strong>est,</strong></span> <span class='ocrx_word' id='word_1_414' title='bbox 2080 2371 2296 2425; x_wconf 88' lang='lat' dir='ltr'><strong>Patrem</strong></span> <span class='ocrx_word' id='word_1_415' title='bbox 2323 2370 2538 2439; x_wconf 89' lang='lat' dir='ltr'><strong>quidem</strong></span> <span class='ocrx_word' id='word_1_416' title='bbox 2576 2367 2870 2434; x_wconf 81' lang='lat' dir='ltr'><strong>accepisse,</strong></span> <span class='ocrx_word' id='word_1_417' title='bbox 2900 2378 3004 2418; x_wconf 91' lang='lat' dir='ltr'><strong>non</strong></span> <span class='ocrx_word' id='word_1_418' title='bbox 3048 2371 3226 2415; x_wconf 82' lang='lat' dir='ltr'><strong>tamen</strong></span> <span class='ocrx_word' id='word_1_419' title='bbox 3255 2356 3396 2427; x_wconf 94' lang='lat' dir='ltr'><strong>quod</strong></span> <span class='ocrx_word' id='word_1_420' title='bbox 3426 2369 3521 2423; x_wconf 82' lang='lat' dir='ltr'><strong>pe-</strong></span> 
     </span>
    </p>
   </div>
   <div class='ocr_carea' id='block_1_53' title="bbox 1944 2441 3523 2528">
    <p class='ocr_par' dir='ltr' id='par_1_53' title="bbox 1944 2441 3523 2528">
     <span class='ocr_line' id='line_1_53' title="bbox 1944 2441 3523 2528; baseline -0.012 -14"><span class='ocrx_word' id='word_1_421' title='bbox 1944 2462 2112 2525; x_wconf 90' lang='lat' dir='ltr'><strong>tierit,</strong></span> <span class='ocrx_word' id='word_1_422' title='bbox 2148 2469 2241 2514; x_wconf 92' lang='lat' dir='ltr'><strong>aut</strong></span> <span class='ocrx_word' id='word_1_423' title='bbox 2278 2474 2343 2513; x_wconf 86' lang='lat' dir='ltr'><strong>eo</strong></span> <span class='ocrx_word' id='word_1_424' title='bbox 2371 2473 2505 2528; x_wconf 82' lang='lat' dir='ltr'><strong>Opus</strong></span> <span class='ocrx_word' id='word_1_425' title='bbox 2557 2454 2826 2517; x_wconf 83' lang='lat' dir='ltr'><strong>habuerit,</strong></span> <span class='ocrx_word' id='word_1_426' title='bbox 2889 2467 3073 2505; x_wconf 86' lang='lat' dir='ltr'><strong>verum</strong></span> <span class='ocrx_word' id='word_1_427' title='bbox 3128 2458 3271 2503; x_wconf 82' lang='lat' dir='ltr'><strong>certa</strong></span> <span class='ocrx_word' id='word_1_428' title='bbox 3305 2441 3523 2500; x_wconf 76' lang='lat' dir='ltr'><strong>concilii</strong></span> 
     </span>
    </p>
   </div>
   <div class='ocr_carea' id='block_1_54' title="bbox 1941 2540 3520 2621">
    <p class='ocr_par' dir='ltr' id='par_1_54' title="bbox 1941 2540 3520 2621">
     <span class='ocr_line' id='line_1_54' title="bbox 1941 2540 3520 2621; baseline -0.013 -14"><span class='ocrx_word' id='word_1_429' title='bbox 1941 2554 2151 2608; x_wconf 89' lang='lat' dir='ltr'><strong>ratione</strong></span> <span class='ocrx_word' id='word_1_430' title='bbox 2175 2562 2230 2607; x_wconf 91' lang='lat' dir='ltr'><strong>et</strong></span> <span class='ocrx_word' id='word_1_431' title='bbox 2253 2551 2683 2621; x_wconf 89' lang='lat' dir='ltr'><strong>dispensatione,</strong></span> <span class='ocrx_word' id='word_1_432' title='bbox 2707 2559 2763 2603; x_wconf 88' lang='lat' dir='ltr'><strong>et</strong></span> <span class='ocrx_word' id='word_1_433' title='bbox 2786 2547 2933 2617; x_wconf 89' lang='lat' dir='ltr'><strong>quia,</strong></span> <span class='ocrx_word' id='word_1_434' title='bbox 2991 2559 3088 2615; x_wconf 89' lang='lat' dir='ltr'><strong>per</strong></span> <span class='ocrx_word' id='word_1_435' title='bbox 3126 2540 3520 2595; x_wconf 87' lang='lat' dir='ltr'><strong>humanitatem</strong></span> 
     </span>
    </p>
   </div>
   <div class='ocr_carea' id='block_1_55' title="bbox 1945 2631 3523 2711">
    <p class='ocr_par' dir='ltr' id='par_1_55' title="bbox 1945 2631 3523 2711">
     <span class='ocr_line' id='line_1_55' title="bbox 1945 2631 3523 2711; baseline -0.011 -11"><span class='ocrx_word' id='word_1_436' title='bbox 1945 2663 1972 2700; x_wconf 90' lang='lat' dir='ltr'><strong>a</strong></span> <span class='ocrx_word' id='word_1_437' title='bbox 1999 2648 2107 2702; x_wconf 89' lang='lat' dir='ltr'><strong>Deo</strong></span> <span class='ocrx_word' id='word_1_438' title='bbox 2137 2656 2492 2711; x_wconf 88' lang='lat' dir='ltr'><strong>assumptam,</strong></span> <span class='ocrx_word' id='word_1_439' title='bbox 2529 2638 3095 2696; x_wconf 88' lang='lat' dir='ltr'><strong>hominisanctitatem</strong></span> <span class='ocrx_word' id='word_1_440' title='bbox 3139 2631 3316 2687; x_wconf 73' lang='lat' dir='ltr'><strong>all‘erri</strong></span> <span class='ocrx_word' id='word_1_441' title='bbox 3363 2644 3523 2700; x_wconf 82' lang='lat' dir='ltr'><strong>opor-</strong></span> 
     </span>
    </p>
   </div>
   <div class='ocr_carea' id='block_1_56' title="bbox 1945 2724 3519 2808">
    <p class='ocr_par' dir='ltr' id='par_1_56' title="bbox 1945 2724 3519 2808">
     <span class='ocr_line' id='line_1_56' title="bbox 1945 2724 3519 2808; baseline -0.011 -15"><span class='ocrx_word' id='word_1_442' title='bbox 1945 2742 2127 2805; x_wconf 89' lang='lat' dir='ltr'><strong>tebat;</strong></span> <span class='ocrx_word' id='word_1_443' title='bbox 2158 2747 2236 2803; x_wconf 89' lang='lat' dir='ltr'><strong>ut,</strong></span> <span class='ocrx_word' id='word_1_444' title='bbox 2266 2745 2497 2808; x_wconf 89' lang='lat' dir='ltr'><strong>tyranno</strong></span> <span class='ocrx_word' id='word_1_445' title='bbox 2522 2749 2620 2803; x_wconf 90' lang='lat' dir='ltr'><strong>per</strong></span> <span class='ocrx_word' id='word_1_446' title='bbox 2663 2732 2772 2785; x_wconf 88' lang='lat' dir='ltr'><strong>vim</strong></span> <span class='ocrx_word' id='word_1_447' title='bbox 2799 2738 3072 2799; x_wconf 87' lang='lat' dir='ltr'><strong>superato,</strong></span> <span class='ocrx_word' id='word_1_448' title='bbox 3108 2740 3208 2780; x_wconf 92' lang='lat' dir='ltr'><strong>nos</strong></span> <span class='ocrx_word' id='word_1_449' title='bbox 3242 2724 3519 2787; x_wconf 87' lang='lat' dir='ltr'><strong>liberaret,</strong></span> 
     </span>
    </p>
   </div>
   <div class='ocr_carea' id='block_1_57' title="bbox 1945 2814 3519 2899">
    <p class='ocr_par' dir='ltr' id='par_1_57' title="bbox 1945 2814 3519 2899">
     <span class='ocr_line' id='line_1_57' title="bbox 1945 2814 3519 2899; baseline -0.011 -15"><span class='ocrx_word' id='word_1_450' title='bbox 1945 2839 2108 2899; x_wconf 91' lang='lat' dir='ltr'><strong>atque</strong></span> <span class='ocrx_word' id='word_1_451' title='bbox 2143 2829 2209 2883; x_wconf 91' lang='lat' dir='ltr'><strong>ad</strong></span> <span class='ocrx_word' id='word_1_452' title='bbox 2236 2842 2294 2883; x_wconf 90' lang='lat' dir='ltr'><strong>se</strong></span> <span class='ocrx_word' id='word_1_453' title='bbox 2318 2842 2415 2896; x_wconf 88' lang='lat' dir='ltr'><strong>per</strong></span> <span class='ocrx_word' id='word_1_454' title='bbox 2446 2824 2793 2879; x_wconf 89' lang='lat' dir='ltr'><strong>mediatorem</strong></span> <span class='ocrx_word' id='word_1_455' title='bbox 2827 2820 3023 2875; x_wconf 87' lang='lat' dir='ltr'><strong>Filium</strong></span> <span class='ocrx_word' id='word_1_456' title='bbox 3056 2819 3361 2879; x_wconf 89' lang='lat' dir='ltr'><strong>reduceret,</strong></span> <span class='ocrx_word' id='word_1_457' title='bbox 3391 2814 3519 2879; x_wconf 91' lang='lat' dir='ltr'><strong>hoc,</strong></span> 
     </span>
    </p>
   </div>
   <div class='ocr_carea' id='block_1_58' title="bbox 1948 2907 3524 2980">
    <p class='ocr_par' dir='ltr' id='par_1_58' title="bbox 1948 2907 3524 2980">
     <span class='ocr_line' id='line_1_58' title="bbox 1948 2907 3524 2980; baseline -0.011 -4"><span class='ocrx_word' id='word_1_458' title='bbox 1948 2924 2013 2976; x_wconf 91' lang='lat' dir='ltr'><strong>ad</strong></span> <span class='ocrx_word' id='word_1_459' title='bbox 2038 2920 2219 2975; x_wconf 90' lang='lat' dir='ltr'><strong>Patris</strong></span> <span class='ocrx_word' id='word_1_460' title='bbox 2248 2920 2506 2973; x_wconf 89' lang='lat' dir='ltr'><strong>honorem</strong></span> <span class='ocrx_word' id='word_1_461' title='bbox 2533 2957 2547 2980; x_wconf 93' lang='lat'><strong>,</strong></span> <span class='ocrx_word' id='word_1_462' title='bbox 2598 2914 2685 2969; x_wconf 91' lang='lat' dir='ltr'><strong>cui</strong></span> <span class='ocrx_word' id='word_1_463' title='bbox 2720 2915 2772 2967; x_wconf 92' lang='lat' dir='ltr'><strong>in</strong></span> <span class='ocrx_word' id='word_1_464' title='bbox 2823 2911 3076 2967; x_wconf 77' lang='lat' dir='ltr'><strong>omnibus</strong></span> <span class='ocrx_word' id='word_1_465' title='bbox 3140 2908 3301 2963; x_wconf 89' lang='lat' dir='ltr'><strong>rebus</strong></span> <span class='ocrx_word' id='word_1_466' title='bbox 3329 2907 3524 2961; x_wconf 87' lang='lat' dir='ltr'><strong>cedere</strong></span> 
     </span>
    </p>
   </div>
   <div class='ocr_carea' id='block_1_59' title="bbox 1947 3000 3526 3083">
    <p class='ocr_par' dir='ltr' id='par_1_59' title="bbox 1947 3000 3526 3083">
     <span class='ocr_line' id='line_1_59' title="bbox 1947 3000 3526 3083; baseline -0.011 -14"><span class='ocrx_word' id='word_1_467' title='bbox 1947 3013 2288 3083; x_wconf 88' lang='lat' dir='ltr'><strong>perspicitur,</strong></span> <span class='ocrx_word' id='word_1_468' title='bbox 2318 3010 2735 3079; x_wconf 80' lang='lat' dir='ltr'><strong>dispensantern.</strong></span> <span class='ocrx_word' id='word_1_469' title='bbox 2767 3002 2932 3074; x_wconf 77' lang='lat'><strong>863</strong></span> <span class='ocrx_word' id='word_1_470' title='bbox 2959 3002 3037 3057; x_wconf 86' lang='lat' dir='ltr'><strong>Ac</strong></span> <span class='ocrx_word' id='word_1_471' title='bbox 3063 3003 3130 3056; x_wconf 91' lang='lat' dir='ltr'><strong>de</strong></span> <span class='ocrx_word' id='word_1_472' title='bbox 3158 3000 3377 3057; x_wconf 87' lang='lat' dir='ltr'><strong>Christo</strong></span> <span class='ocrx_word' id='word_1_473' title='bbox 3409 3000 3526 3052; x_wconf 77' lang='lat' dir='ltr'><strong>haec</strong></span> 
     </span>
    </p>
   </div>
   <div class='ocr_carea' id='block_1_60' title="bbox 244 3094 1840 3197">
    <p class='ocr_par' dir='ltr' id='par_1_60' title="bbox 244 3094 1840 3162">
     <span class='ocr_line' id='line_1_60' title="bbox 244 3094 1840 3162; baseline 0.001 -12"><span class='ocrx_word' id='word_1_474' title='bbox 244 3094 541 3160; x_wconf 79' lang='grc' dir='ltr'>παθόντος,</span> <span class='ocrx_word' id='word_1_475' title='bbox 591 3095 705 3148; x_wconf 87' lang='grc' dir='ltr'>ἀλλ’</span> <span class='ocrx_word' id='word_1_476' title='bbox 752 3095 829 3160; x_wconf 82' lang='grc' dir='ltr'>ὡς</span> <span class='ocrx_word' id='word_1_477' title='bbox 881 3095 1172 3159; x_wconf 81' lang='grc' dir='ltr'>ἀντίτυπος</span> <span class='ocrx_word' id='word_1_478' title='bbox 1198 3113 1210 3125; x_wconf 88' lang='grc'><strong>·</strong></span> <span class='ocrx_word' id='word_1_479' title='bbox 1248 3097 1341 3149; x_wconf 75' lang='grc' dir='ltr'><strong>καὶ</strong></span> <span class='ocrx_word' id='word_1_480' title='bbox 1392 3094 1556 3162; x_wconf 78' lang='grc' dir='ltr'>σώζει</span> <span class='ocrx_word' id='word_1_481' title='bbox 1601 3099 1729 3162; x_wconf 85' lang='grc' dir='ltr'>τοὺς</span> <span class='ocrx_word' id='word_1_482' title='bbox 1762 3101 1840 3162; x_wconf 84' lang='grc' dir='ltr'>εἰς</span> 
     </span>
    </p>
   </div>
   <div class='ocr_carea' id='block_1_61' title="bbox 1953 3094 3526 3197">
    <p class='ocr_par' dir='ltr' id='par_1_61' title="bbox 1953 3094 3526 3170">
     <span class='ocr_line' id='line_1_61' title="bbox 1953 3094 3526 3170; baseline -0.008 -11"><span class='ocrx_word' id='word_1_483' title='bbox 1953 3106 2104 3159; x_wconf 92' lang='lat' dir='ltr'><strong>nobis</strong></span> <span class='ocrx_word' id='word_1_484' title='bbox 2132 3105 2277 3160; x_wconf 89' lang='lat' dir='ltr'><strong>dicta</strong></span> <span class='ocrx_word' id='word_1_485' title='bbox 2311 3105 2444 3169; x_wconf 90' lang='lat' dir='ltr'><strong>sint,</strong></span> <span class='ocrx_word' id='word_1_486' title='bbox 2508 3102 2720 3170; x_wconf 92' lang='lat' dir='ltr'><strong>aliaque</strong></span> <span class='ocrx_word' id='word_1_487' title='bbox 2773 3103 2943 3156; x_wconf 89' lang='lat' dir='ltr'><strong>multo</strong></span> <span class='ocrx_word' id='word_1_488' title='bbox 2993 3097 3147 3166; x_wconf 89' lang='lat' dir='ltr'><strong>plura</strong></span> <span class='ocrx_word' id='word_1_489' title='bbox 3194 3094 3394 3149; x_wconf 87' lang='lat' dir='ltr'><strong>silentii</strong></span> <span class='ocrx_word' id='word_1_490' title='bbox 3424 3094 3526 3147; x_wconf 85' lang='lat' dir='ltr'><strong>ho-</strong></span> 
     </span>
    </p>
   </div>
   <div class='ocr_carea' id='block_1_62' title="bbox 241 3183 1840 3256">
    <p class='ocr_par' dir='ltr' id='par_1_62' title="bbox 241 3183 1840 3256">
     <span class='ocr_line' id='line_1_62' title="bbox 241 3183 1840 3256; baseline 0.001 -19"><span class='ocrx_word' id='word_1_491' title='bbox 241 3184 420 3238; x_wconf 81' lang='grc' dir='ltr'>αὑτὸν</span> <span class='ocrx_word' id='word_1_492' title='bbox 456 3184 717 3256; x_wconf 85' lang='grc' dir='ltr'>ὁρῶντας,</span> <span class='ocrx_word' id='word_1_493' title='bbox 752 3184 851 3254; x_wconf 84' lang='grc' dir='ltr'><strong>οὑχ</strong></span> <span class='ocrx_word' id='word_1_494' title='bbox 890 3184 973 3236; x_wconf 85' lang='grc' dir='ltr'><strong>ὅτι</strong></span> <span class='ocrx_word' id='word_1_495' title='bbox 1020 3183 1085 3254; x_wconf 83' lang='grc' dir='ltr'><strong>ζῇ</strong></span> <span class='ocrx_word' id='word_1_496' title='bbox 1135 3185 1549 3255; x_wconf 82' lang='grc' dir='ltr'>πιστευόμενος,</span> <span class='ocrx_word' id='word_1_497' title='bbox 1611 3185 1725 3239; x_wconf 84' lang='grc' dir='ltr'>ἀλλ’</span> <span class='ocrx_word' id='word_1_498' title='bbox 1759 3187 1840 3240; x_wconf 79' lang='grc' dir='ltr'>ὅτι</span> 
     </span>
    </p>
   </div>
   <div class='ocr_carea' id='block_1_63' title="bbox 241 3275 1840 3349">
    <p class='ocr_par' dir='ltr' id='par_1_63' title="bbox 241 3275 1840 3349">
     <span class='ocr_line' id='line_1_63' title="bbox 241 3275 1840 3349; baseline -0.001 -19"><span class='ocrx_word' id='word_1_499' title='bbox 241 3277 606 3349; x_wconf 84' lang='grc' dir='ltr'>νενέκρωται,</span> <span class='ocrx_word' id='word_1_500' title='bbox 635 3277 729 3329; x_wconf 78' lang='grc' dir='ltr'><strong>καὶ</strong></span> <span class='ocrx_word' id='word_1_501' title='bbox 758 3278 1043 3346; x_wconf 85' lang='grc' dir='ltr'>συννεκροῖ</span> <span class='ocrx_word' id='word_1_502' title='bbox 1074 3275 1172 3338; x_wconf 77' lang='grc' dir='ltr'>τὰς</span> <span class='ocrx_word' id='word_1_503' title='bbox 1209 3275 1300 3328; x_wconf 76' lang='grc' dir='ltr'>ὑπ’</span> <span class='ocrx_word' id='word_1_504' title='bbox 1331 3275 1492 3328; x_wconf 84' lang='grc' dir='ltr'>αὐτὸν</span> <span class='ocrx_word' id='word_1_505' title='bbox 1528 3275 1639 3346; x_wconf 89' lang='grc'><strong>(16)</strong></span> <span class='ocrx_word' id='word_1_506' title='bbox 1677 3276 1840 3330; x_wconf 87' lang='grc' dir='ltr'>δυνά-</span> 
     </span>
    </p>
   </div>
   <div class='ocr_carea' id='block_1_64' title="bbox 250 3362 1841 3439">
    <p class='ocr_par' dir='ltr' id='par_1_64' title="bbox 250 3362 1841 3439">
     <span class='ocr_line' id='line_1_64' title="bbox 250 3362 1841 3439; baseline 0.001 -19"><span class='ocrx_word' id='word_1_507' title='bbox 250 3385 406 3439; x_wconf 73' lang='grc' dir='ltr'>μείς,</span> <span class='ocrx_word' id='word_1_508' title='bbox 441 3366 783 3433; x_wconf 60' lang='grc' dir='ltr'>καταλυθεὶς,</span> <span class='ocrx_word' id='word_1_509' title='bbox 841 3367 1029 3438; x_wconf 76' lang='grc' dir='ltr'>ὥσπερ</span> <span class='ocrx_word' id='word_1_510' title='bbox 1073 3362 1141 3437; x_wconf 81' lang='grc' dir='ltr'>ἦν</span> <span class='ocrx_word' id='word_1_511' title='bbox 1170 3366 1341 3431; x_wconf 78' lang='grc' dir='ltr'>ἄξιος.</span> <span class='ocrx_word' id='word_1_512' title='bbox 1381 3367 1489 3419; x_wconf 75' lang='grc' dir='ltr'>Καὶ</span> <span class='ocrx_word' id='word_1_513' title='bbox 1530 3367 1616 3429; x_wconf 85' lang='grc' dir='ltr'><strong>τίς</strong></span> <span class='ocrx_word' id='word_1_514' title='bbox 1646 3370 1676 3420; x_wconf 86' lang='grc' dir='ltr'><strong>ὁ</strong></span> <span class='ocrx_word' id='word_1_515' title='bbox 1705 3368 1841 3439; x_wconf 82' lang='grc' dir='ltr'>πρέ-</span> 
     </span>
    </p>
   </div>
   <div class='ocr_carea' id='block_1_65' title="bbox 248 3457 1843 3530">
    <p class='ocr_par' dir='ltr' id='par_1_65' title="bbox 248 3457 1843 3530">
     <span class='ocr_line' id='line_1_65' title="bbox 248 3457 1843 3530; baseline -0.001 -17"><span class='ocrx_word' id='word_1_516' title='bbox 248 3476 380 3513; x_wconf 85' lang='grc' dir='ltr'><strong>πων</strong></span> <span class='ocrx_word' id='word_1_517' title='bbox 412 3458 562 3529; x_wconf 76' lang='grc' dir='ltr'>αὐτῷ</span> <span class='ocrx_word' id='word_1_518' title='bbox 618 3458 748 3530; x_wconf 88' lang='grc' dir='ltr'>παρ’</span> <span class='ocrx_word' id='word_1_519' title='bbox 786 3458 944 3529; x_wconf 82' lang='grc' dir='ltr'>ἡμῶν</span> <span class='ocrx_word' id='word_1_520' title='bbox 1001 3457 1325 3527; x_wconf 83' lang='grc' dir='ltr'>ὲπιτάφιος;</span> <span class='ocrx_word' id='word_1_521' title='bbox 1380 3458 1506 3512; x_wconf 86' lang='grc' dir='ltr'>Ποῦ</span> <span class='ocrx_word' id='word_1_522' title='bbox 1542 3472 1681 3523; x_wconf 83' lang='grc' dir='ltr'>σου,</span> <span class='ocrx_word' id='word_1_523' title='bbox 1743 3459 1843 3514; x_wconf 83' lang='grc' dir='ltr'><strong>θά-</strong></span> 
     </span>
    </p>
   </div>
   <div class='ocr_carea' id='block_1_66' title="bbox 248 3547 1843 3621">
    <p class='ocr_par' dir='ltr' id='par_1_66' title="bbox 248 3547 1843 3621">
     <span class='ocr_line' id='line_1_66' title="bbox 248 3547 1843 3621; baseline -0.001 -16"><span class='ocrx_word' id='word_1_524' title='bbox 248 3567 424 3614; x_wconf 76' lang='grc' dir='ltr'>νατε,</span> <span class='ocrx_word' id='word_1_525' title='bbox 448 3550 518 3604; x_wconf 89' lang='grc' dir='ltr'>τὸ</span> <span class='ocrx_word' id='word_1_526' title='bbox 546 3547 834 3618; x_wconf 82' lang='grc' dir='ltr'>κέντρον;</span> <span class='ocrx_word' id='word_1_527' title='bbox 873 3548 998 3603; x_wconf 91' lang='grc' dir='ltr'>Ποῦ</span> <span class='ocrx_word' id='word_1_528' title='bbox 1040 3564 1178 3614; x_wconf 86' lang='grc' dir='ltr'>σου,</span> <span class='ocrx_word' id='word_1_529' title='bbox 1233 3548 1371 3617; x_wconf 82' lang='grc' dir='ltr'>ᾅδη,</span> <span class='ocrx_word' id='word_1_530' title='bbox 1406 3551 1469 3602; x_wconf 82' lang='grc' dir='ltr'>τὸ</span> <span class='ocrx_word' id='word_1_531' title='bbox 1511 3550 1723 3616; x_wconf 84' lang='grc' dir='ltr'>νῖκος;</span> <span class='ocrx_word' id='word_1_532' title='bbox 1754 3551 1843 3621; x_wconf 83' lang='grc' dir='ltr'>Τῷ</span> 
     </span>
    </p>
   </div>
   <div class='ocr_carea' id='block_1_67' title="bbox 253 3639 1844 3711">
    <p class='ocr_par' dir='ltr' id='par_1_67' title="bbox 253 3639 1844 3711">
     <span class='ocr_line' id='line_1_67' title="bbox 253 3639 1844 3711; baseline 0.001 -17"><span class='ocrx_word' id='word_1_533' title='bbox 253 3639 482 3711; x_wconf 80' lang='grc' dir='ltr'>σταυρῷ</span> <span class='ocrx_word' id='word_1_534' title='bbox 536 3639 819 3711; x_wconf 83' lang='grc' dir='ltr'>βέϐλησαι,</span> <span class='ocrx_word' id='word_1_535' title='bbox 866 3639 946 3711; x_wconf 83' lang='grc' dir='ltr'>τῷ</span> <span class='ocrx_word' id='word_1_536' title='bbox 1001 3639 1250 3709; x_wconf 81' lang='grc' dir='ltr'>ζωοποιῷ</span> <span class='ocrx_word' id='word_1_537' title='bbox 1302 3639 1698 3697; x_wconf 85' lang='grc' dir='ltr'>τεθανὰτωσαι.</span> <span class='ocrx_word' id='word_1_538' title='bbox 1744 3644 1844 3695; x_wconf 77' lang='grc' dir='ltr'><strong>Ἀ-</strong></span> 
     </span>
    </p>
   </div>
   <div class='ocr_carea' id='block_1_68' title="bbox 254 3734 1844 3809">
    <p class='ocr_par' dir='ltr' id='par_1_68' title="bbox 254 3734 1844 3809">
     <span class='ocr_line' id='line_1_68' title="bbox 254 3734 1844 3809; baseline 0.004 -23"><span class='ocrx_word' id='word_1_539' title='bbox 254 3751 431 3798; x_wconf 87' lang='grc' dir='ltr'>πνους</span> <span class='ocrx_word' id='word_1_540' title='bbox 477 3734 608 3807; x_wconf 89' lang='grc'>(17),</span> <span class='ocrx_word' id='word_1_541' title='bbox 652 3737 870 3809; x_wconf 85' lang='grc' dir='ltr'>νεκρὸς,</span> <span class='ocrx_word' id='word_1_542' title='bbox 910 3737 1186 3808; x_wconf 85' lang='grc' dir='ltr'>ἀκίνητος,</span> <span class='ocrx_word' id='word_1_543' title='bbox 1220 3736 1601 3809; x_wconf 83' lang='grc' dir='ltr'>ἀνενέργητος,</span> <span class='ocrx_word' id='word_1_544' title='bbox 1642 3739 1758 3804; x_wconf 78' lang='grc' dir='ltr'>καὶ,</span> <span class='ocrx_word' id='word_1_545' title='bbox 1795 3742 1844 3793; x_wconf 80' lang='grc' dir='ltr'><strong>εἰ</strong></span> 
     </span>
    </p>
   </div>
   <div class='ocr_carea' id='block_1_69' title="bbox 253 3826 1842 3903">
    <p class='ocr_par' dir='ltr' id='par_1_69' title="bbox 253 3826 1842 3903">
     <span class='ocr_line' id='line_1_69' title="bbox 253 3826 1842 3903; baseline 0.004 -24"><span class='ocrx_word' id='word_1_546' title='bbox 253 3826 327 3879; x_wconf 82' lang='grc' dir='ltr'><strong>τὸ</strong></span> <span class='ocrx_word' id='word_1_547' title='bbox 360 3827 471 3898; x_wconf 87' lang='grc'>(18)</span> <span class='ocrx_word' id='word_1_548' title='bbox 520 3829 704 3900; x_wconf 87' lang='grc' dir='ltr'>σχῆμα</span> <span class='ocrx_word' id='word_1_549' title='bbox 738 3829 932 3893; x_wconf 79' lang='grc' dir='ltr'>σώζεις</span> <span class='ocrx_word' id='word_1_550' title='bbox 959 3828 1157 3898; x_wconf 76' lang='grc' dir='ltr'>ὄφεως,</span> <span class='ocrx_word' id='word_1_551' title='bbox 1210 3830 1269 3881; x_wconf 82' lang='grc' dir='ltr'><strong>ἐν</strong></span> <span class='ocrx_word' id='word_1_552' title='bbox 1295 3827 1420 3897; x_wconf 78' lang='grc' dir='ltr'>ὕψει</span> <span class='ocrx_word' id='word_1_553' title='bbox 1454 3830 1842 3903; x_wconf 84' lang='grc' dir='ltr'>στηλιτευόμε-</span> 
     </span>
    </p>
   </div>
   <div class='ocr_carea' id='block_1_70' title="bbox 256 3918 529 3989">
    <p class='ocr_par' dir='ltr' id='par_1_70' title="bbox 256 3918 529 3989">
     <span class='ocr_line' id='line_1_70' title="bbox 256 3918 529 3989; baseline 0.011 -17"><span class='ocrx_word' id='word_1_554' title='bbox 256 3933 356 3980; x_wconf 83' lang='grc' dir='ltr'><strong>νος</strong></span> <span class='ocrx_word' id='word_1_555' title='bbox 394 3918 529 3989; x_wconf 85' lang='grc'>(19).</span> 
     </span>
    </p>
   </div>
   <div class='ocr_carea' id='block_1_71' title="bbox 1951 3186 3526 3262">
    <p class='ocr_par' dir='ltr' id='par_1_71' title="bbox 1951 3186 3526 3262">
     <span class='ocr_line' id='line_1_71' title="bbox 1951 3186 3526 3262; baseline -0.008 -12"><span class='ocrx_word' id='word_1_556' title='bbox 1951 3212 2082 3252; x_wconf 89' lang='lat' dir='ltr'><strong>nore</strong></span> <span class='ocrx_word' id='word_1_557' title='bbox 2112 3197 2433 3251; x_wconf 81' lang='lat' dir='ltr'><strong>afﬁciantur.</strong></span> <span class='ocrx_word' id='word_1_558' title='bbox 2467 3195 2537 3247; x_wconf 85' lang='lat' dir='ltr'><strong>At</strong></span> <span class='ocrx_word' id='word_1_559' title='bbox 2593 3208 2740 3258; x_wconf 88' lang='lat' dir='ltr'><strong>vero,</strong></span> <span class='ocrx_word' id='word_1_560' title='bbox 2785 3205 3009 3262; x_wconf 89' lang='lat' dir='ltr'><strong>serpens</strong></span> <span class='ocrx_word' id='word_1_561' title='bbox 3040 3204 3223 3243; x_wconf 58' lang='lat' dir='ltr'><strong>aeneus</strong></span> <span class='ocrx_word' id='word_1_562' title='bbox 3263 3186 3526 3241; x_wconf 88' lang='lat' dir='ltr'><strong>adversus</strong></span> 
     </span>
    </p>
   </div>
   <div class='ocr_carea' id='block_1_72' title="bbox 1951 3282 3530 3358">
    <p class='ocr_par' dir='ltr' id='par_1_72' title="bbox 1951 3282 3530 3358">
     <span class='ocr_line' id='line_1_72' title="bbox 1951 3282 3530 3358; baseline -0.009 -15"><span class='ocrx_word' id='word_1_563' title='bbox 1951 3300 2261 3358; x_wconf 89' lang='lat' dir='ltr'><strong>serpentum</strong></span> <span class='ocrx_word' id='word_1_564' title='bbox 2328 3301 2545 3341; x_wconf 88' lang='lat' dir='ltr'><strong>morsus</strong></span> <span class='ocrx_word' id='word_1_565' title='bbox 2601 3284 2949 3354; x_wconf 88' lang='lat' dir='ltr'><strong>suspenditur</strong></span> <span class='ocrx_word' id='word_1_566' title='bbox 3004 3282 3072 3346; x_wconf 83' lang='grc'><strong>⁷⁵,</strong></span> <span class='ocrx_word' id='word_1_567' title='bbox 3118 3295 3221 3333; x_wconf 91' lang='lat' dir='ltr'><strong>non</strong></span> <span class='ocrx_word' id='word_1_568' title='bbox 3259 3287 3438 3331; x_wconf 86' lang='lat' dir='ltr'><strong>tamen</strong></span> <span class='ocrx_word' id='word_1_569' title='bbox 3469 3284 3530 3329; x_wconf 87' lang='lat' dir='ltr'><strong>ut.</strong></span> 
     </span>
    </p>
   </div>
   <div class='ocr_carea' id='block_1_73' title="bbox 1950 3370 3525 3449">
    <p class='ocr_par' dir='ltr' id='par_1_73' title="bbox 1950 3370 3525 3449">
     <span class='ocr_line' id='line_1_73' title="bbox 1950 3370 3525 3449; baseline -0.009 -14"><span class='ocrx_word' id='word_1_570' title='bbox 1950 3380 2149 3435; x_wconf 86' lang='lat' dir='ltr'><strong>Christi</strong></span> <span class='ocrx_word' id='word_1_571' title='bbox 2179 3394 2275 3449; x_wconf 91' lang='lat' dir='ltr'><strong>pro</strong></span> <span class='ocrx_word' id='word_1_572' title='bbox 2310 3378 2468 3433; x_wconf 88' lang='lat' dir='ltr'><strong>nobis</strong></span> <span class='ocrx_word' id='word_1_573' title='bbox 2500 3377 2642 3447; x_wconf 86' lang='lat' dir='ltr'><strong>passi</strong></span> <span class='ocrx_word' id='word_1_574' title='bbox 2675 3389 2853 3446; x_wconf 88' lang='lat' dir='ltr'><strong>typus,</strong></span> <span class='ocrx_word' id='word_1_575' title='bbox 2882 3388 3069 3428; x_wconf 85' lang='lat' dir='ltr'><strong>verum</strong></span> <span class='ocrx_word' id='word_1_576' title='bbox 3118 3381 3179 3425; x_wconf 93' lang='lat' dir='ltr'><strong>ut</strong></span> <span class='ocrx_word' id='word_1_577' title='bbox 3200 3370 3479 3440; x_wconf 86' lang='lat' dir='ltr'><strong>antitypus</strong></span> <span class='ocrx_word' id='word_1_578' title='bbox 3508 3383 3525 3420; x_wconf 85' lang='lat'><strong>:</strong></span> 
     </span>
    </p>
   </div>
   <div class='ocr_carea' id='block_1_74' title="bbox 1952 3461 3528 3542">
    <p class='ocr_par' dir='ltr' id='par_1_74' title="bbox 1952 3461 3528 3542">
     <span class='ocr_line' id='line_1_74' title="bbox 1952 3461 3528 3542; baseline -0.01 -15"><span class='ocrx_word' id='word_1_579' title='bbox 1952 3482 2113 3542; x_wconf 89' lang='lat' dir='ltr'><strong>atque</strong></span> <span class='ocrx_word' id='word_1_580' title='bbox 2143 3471 2211 3526; x_wconf 87' lang='lat' dir='ltr'><strong>iis</strong></span> <span class='ocrx_word' id='word_1_581' title='bbox 2230 3471 2320 3542; x_wconf 94' lang='lat' dir='ltr'><strong>qui</strong></span> <span class='ocrx_word' id='word_1_582' title='bbox 2353 3471 2528 3541; x_wconf 91' lang='lat' dir='ltr'><strong>ipsum</strong></span> <span class='ocrx_word' id='word_1_583' title='bbox 2558 3469 2857 3529; x_wconf 86' lang='lat' dir='ltr'><strong>intuentur,</strong></span> <span class='ocrx_word' id='word_1_584' title='bbox 2908 3464 3138 3521; x_wconf 88' lang='lat' dir='ltr'><strong>salutem</strong></span> <span class='ocrx_word' id='word_1_585' title='bbox 3191 3461 3370 3526; x_wconf 81' lang='lat' dir='ltr'><strong>all&#39;ert,</strong></span> <span class='ocrx_word' id='word_1_586' title='bbox 3401 3462 3528 3514; x_wconf 91' lang='lat' dir='ltr'><strong>dum</strong></span> 
     </span>
    </p>
   </div>
   <div class='ocr_carea' id='block_1_75' title="bbox 1953 3551 3528 3625">
    <p class='ocr_par' dir='ltr' id='par_1_75' title="bbox 1953 3551 3528 3625">
     <span class='ocr_line' id='line_1_75' title="bbox 1953 3551 3528 3625; baseline -0.01 -6"><span class='ocrx_word' id='word_1_587' title='bbox 1953 3580 2059 3619; x_wconf 91' lang='lat' dir='ltr'><strong>non</strong></span> <span class='ocrx_word' id='word_1_588' title='bbox 2092 3564 2197 3617; x_wconf 89' lang='lat' dir='ltr'><strong>vita</strong></span> <span class='ocrx_word' id='word_1_589' title='bbox 2229 3561 2358 3625; x_wconf 83' lang='lat' dir='ltr'><strong>frui,</strong></span> <span class='ocrx_word' id='word_1_590' title='bbox 2391 3562 2484 3619; x_wconf 89' lang='lat' dir='ltr'><strong>sed</strong></span> <span class='ocrx_word' id='word_1_591' title='bbox 2550 3568 2798 3614; x_wconf 90' lang='lat' dir='ltr'><strong>mortuus</strong></span> <span class='ocrx_word' id='word_1_592' title='bbox 2848 3570 2992 3620; x_wconf 83' lang='lat' dir='ltr'><strong>esse,</strong></span> <span class='ocrx_word' id='word_1_593' title='bbox 3056 3570 3119 3609; x_wconf 91' lang='lat' dir='ltr'><strong>ac</strong></span> <span class='ocrx_word' id='word_1_594' title='bbox 3147 3552 3395 3609; x_wconf 89' lang='lat' dir='ltr'><strong>subditas</strong></span> <span class='ocrx_word' id='word_1_595' title='bbox 3425 3551 3528 3604; x_wconf 92' lang='lat' dir='ltr'><strong>sibi</strong></span> 
     </span>
    </p>
   </div>
   <div class='ocr_carea' id='block_1_76' title="bbox 1952 3642 3532 3719">
    <p class='ocr_par' dir='ltr' id='par_1_76' title="bbox 1952 3642 3532 3719">
     <span class='ocr_line' id='line_1_76' title="bbox 1952 3642 3532 3719; baseline -0.007 -14"><span class='ocrx_word' id='word_1_596' title='bbox 1952 3659 2249 3719; x_wconf 88' lang='lat' dir='ltr'><strong>potestates</strong></span> <span class='ocrx_word' id='word_1_597' title='bbox 2272 3664 2456 3704; x_wconf 89' lang='lat' dir='ltr'><strong>secum</strong></span> <span class='ocrx_word' id='word_1_598' title='bbox 2491 3648 2805 3701; x_wconf 90' lang='lat' dir='ltr'><strong>interimere</strong></span> <span class='ocrx_word' id='word_1_599' title='bbox 2830 3645 3093 3708; x_wconf 81' lang='lat' dir='ltr'><strong>creditur,</strong></span> <span class='ocrx_word' id='word_1_600' title='bbox 3141 3657 3433 3713; x_wconf 89' lang='lat' dir='ltr'><strong>oppressus</strong></span> <span class='ocrx_word' id='word_1_601' title='bbox 3450 3642 3532 3695; x_wconf 90' lang='lat' dir='ltr'><strong>ui-</strong></span> 
     </span>
    </p>
   </div>
   <div class='ocr_carea' id='block_1_77' title="bbox 1953 3733 3530 3804">
    <p class='ocr_par' dir='ltr' id='par_1_77' title="bbox 1953 3733 3530 3804">
     <span class='ocr_line' id='line_1_77' title="bbox 1953 3733 3530 3804; baseline -0.007 -10"><span class='ocrx_word' id='word_1_602' title='bbox 1953 3740 2151 3795; x_wconf 88' lang='lat' dir='ltr'><strong>mirum</strong></span> <span class='ocrx_word' id='word_1_603' title='bbox 2182 3749 2237 3793; x_wconf 92' lang='lat' dir='ltr'><strong>et</strong></span> <span class='ocrx_word' id='word_1_604' title='bbox 2264 3739 2584 3804; x_wconf 84' lang='lat' dir='ltr'><strong>exstinctus,</strong></span> <span class='ocrx_word' id='word_1_605' title='bbox 2618 3737 2759 3790; x_wconf 90' lang='lat' dir='ltr'><strong>sicut</strong></span> <span class='ocrx_word' id='word_1_606' title='bbox 2781 3734 3111 3790; x_wconf 86' lang='lat' dir='ltr'><strong>merebatur.</strong></span> <span class='ocrx_word' id='word_1_607' title='bbox 3134 3733 3194 3786; x_wconf 89' lang='lat' dir='ltr'><strong>Et</strong></span> <span class='ocrx_word' id='word_1_608' title='bbox 3233 3733 3375 3802; x_wconf 92' lang='lat' dir='ltr'><strong>quod</strong></span> <span class='ocrx_word' id='word_1_609' title='bbox 3404 3742 3530 3784; x_wconf 88' lang='lat' dir='ltr'><strong>tan-</strong></span> 
     </span>
    </p>
   </div>
   <div class='ocr_carea' id='block_1_78' title="bbox 1954 3824 3530 3901">
    <p class='ocr_par' dir='ltr' id='par_1_78' title="bbox 1954 3824 3530 3901">
     <span class='ocr_line' id='line_1_78' title="bbox 1954 3824 3530 3901; baseline -0.008 -14"><span class='ocrx_word' id='word_1_610' title='bbox 1954 3832 2075 3888; x_wconf 86' lang='lat' dir='ltr'><strong>dem</strong></span> <span class='ocrx_word' id='word_1_611' title='bbox 2111 3832 2185 3885; x_wconf 92' lang='lat' dir='ltr'><strong>illi</strong></span> <span class='ocrx_word' id='word_1_612' title='bbox 2219 3846 2525 3901; x_wconf 85' lang='lat' dir='ltr'><strong>congruens</strong></span> <span class='ocrx_word' id='word_1_613' title='bbox 2570 3830 2907 3899; x_wconf 90' lang='lat' dir='ltr'><strong>epitaphium</strong></span> <span class='ocrx_word' id='word_1_614' title='bbox 2954 3826 3248 3881; x_wconf 80' lang='lat' dir='ltr'><strong>canemus?</strong></span> <span class='ocrx_word' id='word_1_615' title='bbox 3296 3824 3396 3878; x_wconf 83' lang='lat' dir='ltr'><strong>Ubi</strong></span> <span class='ocrx_word' id='word_1_616' title='bbox 3432 3833 3530 3886; x_wconf 74' lang='lat' dir='ltr'><strong>est,</strong></span> 
     </span>
    </p>
   </div>
   <div class='ocr_carea' id='block_1_79' title="bbox 1955 3914 3534 3991">
    <p class='ocr_par' dir='ltr' id='par_1_79' title="bbox 1955 3914 3534 3991">
     <span class='ocr_line' id='line_1_79' title="bbox 1955 3914 3534 3991; baseline -0.006 -15"><span class='ocrx_word' id='word_1_617' title='bbox 1955 3940 2117 3991; x_wconf 78' lang='lat' dir='ltr'><strong>mors,</strong></span> <span class='ocrx_word' id='word_1_618' title='bbox 2138 3925 2381 3977; x_wconf 79' lang='lat' dir='ltr'><strong>stimulus</strong></span> <span class='ocrx_word' id='word_1_619' title='bbox 2412 3921 2572 3975; x_wconf 77' lang='lat' dir='ltr'><strong>tuus?</strong></span> <span class='ocrx_word' id='word_1_620' title='bbox 2609 3918 2709 3973; x_wconf 86' lang='lat' dir='ltr'><strong>Ubi</strong></span> <span class='ocrx_word' id='word_1_621' title='bbox 2763 3932 2876 3986; x_wconf 78' lang='lat' dir='ltr'><strong>tua,</strong></span> <span class='ocrx_word' id='word_1_622' title='bbox 2913 3918 3117 3983; x_wconf 77' lang='lat' dir='ltr'><strong>inferne</strong></span> <span class='ocrx_word' id='word_1_623' title='bbox 3143 3955 3158 3979; x_wconf 88' lang='lat'><strong>,</strong></span> <span class='ocrx_word' id='word_1_624' title='bbox 3207 3916 3429 3970; x_wconf 83' lang='lat' dir='ltr'><strong>victoria</strong></span> <span class='ocrx_word' id='word_1_625' title='bbox 3445 3914 3534 3967; x_wconf 70' lang='lat'><strong>7&quot;?</strong></span> 
     </span>
    </p>
   </div>
   <div class='ocr_carea' id='block_1_80' title="bbox 256 4011 3533 4083">
    <p class='ocr_par' dir='ltr' id='par_1_80' title="bbox 256 4011 3533 4083">
     <span class='ocr_line' id='line_1_80' title="bbox 256 4011 3533 4083; baseline -0.002 -14"><span class='ocrx_word' id='word_1_626' title='bbox 256 4014 411 4069; x_wconf 81' lang='lat' dir='ltr'><strong>Crux</strong></span> <span class='ocrx_word' id='word_1_627' title='bbox 445 4021 499 4066; x_wconf 90' lang='lat' dir='ltr'><strong>te</strong></span> <span class='ocrx_word' id='word_1_628' title='bbox 526 4015 845 4083; x_wconf 82' lang='lat' dir='ltr'><strong>prostravit,</strong></span> <span class='ocrx_word' id='word_1_629' title='bbox 877 4013 1001 4068; x_wconf 75' lang='lat' dir='ltr'><strong>vitae</strong></span> <span class='ocrx_word' id='word_1_630' title='bbox 1051 4022 1241 4069; x_wconf 90' lang='lat' dir='ltr'><strong>auctor</strong></span> <span class='ocrx_word' id='word_1_631' title='bbox 1291 4015 1384 4069; x_wconf 86' lang='lat' dir='ltr'><strong>tibi</strong></span> <span class='ocrx_word' id='word_1_632' title='bbox 1421 4030 1607 4070; x_wconf 92' lang='lat' dir='ltr'><strong>necem</strong></span> <span class='ocrx_word' id='word_1_633' title='bbox 1645 4020 1846 4072; x_wconf 90' lang='lat' dir='ltr'><strong>attulit.</strong></span> <span class='ocrx_word' id='word_1_634' title='bbox 1889 4018 2170 4074; x_wconf 81' lang='lat' dir='ltr'><strong>Exanimis</strong></span> <span class='ocrx_word' id='word_1_635' title='bbox 2204 4034 2284 4081; x_wconf 82' lang='lat' dir='ltr'><strong>es,</strong></span> <span class='ocrx_word' id='word_1_636' title='bbox 2320 4028 2587 4082; x_wconf 89' lang='lat' dir='ltr'><strong>mortuus,</strong></span> <span class='ocrx_word' id='word_1_637' title='bbox 2646 4015 2938 4070; x_wconf 86' lang='lat' dir='ltr'><strong>immobilis</strong></span> <span class='ocrx_word' id='word_1_638' title='bbox 2961 4053 2976 4079; x_wconf 93' lang='lat'><strong>,</strong></span> <span class='ocrx_word' id='word_1_639' title='bbox 3033 4012 3197 4073; x_wconf 85' lang='lat' dir='ltr'><strong>iners,</strong></span> <span class='ocrx_word' id='word_1_640' title='bbox 3263 4011 3533 4080; x_wconf 87' lang='lat' dir='ltr'><strong>serpentis</strong></span> 
     </span>
    </p>
   </div>
   <div class='ocr_carea' id='block_1_81' title="bbox 260 4106 2099 4181">
    <p class='ocr_par' dir='ltr' id='par_1_81' title="bbox 260 4106 2099 4181">
     <span class='ocr_line' id='line_1_81' title="bbox 260 4106 2099 4181; baseline 0.002 -19"><span class='ocrx_word' id='word_1_641' title='bbox 260 4110 394 4164; x_wconf 89' lang='lat' dir='ltr'><strong>licet</strong></span> <span class='ocrx_word' id='word_1_642' title='bbox 424 4107 651 4177; x_wconf 70' lang='lat' dir='ltr'><strong>figuram</strong></span> <span class='ocrx_word' id='word_1_643' title='bbox 681 4122 890 4171; x_wconf 82' lang='lat' dir='ltr'><strong>serves,</strong></span> <span class='ocrx_word' id='word_1_644' title='bbox 940 4108 994 4161; x_wconf 90' lang='lat' dir='ltr'><strong>in</strong></span> <span class='ocrx_word' id='word_1_645' title='bbox 1055 4106 1272 4162; x_wconf 87' lang='lat' dir='ltr'><strong>sublimi</strong></span> <span class='ocrx_word' id='word_1_646' title='bbox 1327 4108 1444 4162; x_wconf 89' lang='lat' dir='ltr'><strong>loco</strong></span> <span class='ocrx_word' id='word_1_647' title='bbox 1485 4109 1843 4177; x_wconf 83' lang='lat' dir='ltr'><strong>ignominiosc</strong></span> <span class='ocrx_word' id='word_1_648' title='bbox 1877 4113 2099 4181; x_wconf 91' lang='lat' dir='ltr'><strong>pendes.</strong></span> 
     </span>
    </p>
   </div>
   <div class='ocr_carea' id='block_1_82' title="bbox 336 4200 1850 4276">
    <p class='ocr_par' dir='ltr' id='par_1_82' title="bbox 336 4200 1850 4276">
     <span class='ocr_line' id='line_1_82' title="bbox 336 4200 1850 4276; baseline -0.001 -17"><span class='ocrx_word' id='word_1_649' title='bbox 336 4204 463 4259; x_wconf 80' lang='lat' dir='ltr'><strong>Kl&quot;.</strong></span> <span class='ocrx_word' id='word_1_650' title='bbox 508 4201 944 4275; x_wconf 79' lang='grc' dir='ltr'>Μεταληψόμεθα</span> <span class='ocrx_word' id='word_1_651' title='bbox 982 4200 1092 4274; x_wconf 75' lang='grc'>(20)</span> <span class='ocrx_word' id='word_1_652' title='bbox 1143 4202 1202 4255; x_wconf 85' lang='grc' dir='ltr'><strong>δὲ</strong></span> <span class='ocrx_word' id='word_1_653' title='bbox 1231 4201 1326 4257; x_wconf 86' lang='grc' dir='ltr'><strong>τοῦ</strong></span> <span class='ocrx_word' id='word_1_654' title='bbox 1357 4204 1570 4275; x_wconf 88' lang='grc' dir='ltr'>Πάσχα,</span> <span class='ocrx_word' id='word_1_655' title='bbox 1605 4205 1700 4258; x_wconf 89' lang='grc' dir='ltr'><strong>νῦν</strong></span> <span class='ocrx_word' id='word_1_656' title='bbox 1751 4206 1850 4276; x_wconf 81' lang='grc' dir='ltr'><strong>μὲν</strong></span> 
     </span>
    </p>
   </div>
   <div class='ocr_carea' id='block_1_83' title="bbox 337 4314 1828 4383">
    <p class='ocr_par' dir='ltr' id='par_1_83' title="bbox 337 4314 1828 4383">
     <span class='ocr_line' id='line_1_83' title="bbox 337 4314 1828 4383; baseline 0 -12"><span class='ocrx_word' id='word_1_657' title='bbox 337 4318 383 4349; x_wconf 77' lang='grc'><strong>⁷⁸</strong></span> <span class='ocrx_word' id='word_1_658' title='bbox 410 4316 569 4374; x_wconf 84' lang='lat' dir='ltr'><strong>Num.</strong></span> <span class='ocrx_word' id='word_1_659' title='bbox 594 4332 711 4383; x_wconf 80' lang='lat' dir='ltr'><strong>xxi,</strong></span> <span class='ocrx_word' id='word_1_660' title='bbox 744 4316 799 4371; x_wconf 88' lang='grc'><strong>8.</strong></span> <span class='ocrx_word' id='word_1_661' title='bbox 874 4316 922 4347; x_wconf 76' lang='grc'><strong>⁷⁸</strong></span> <span class='ocrx_word' id='word_1_662' title='bbox 952 4315 1076 4372; x_wconf 88' lang='lat' dir='ltr'><strong>Ose.</strong></span> <span class='ocrx_word' id='word_1_663' title='bbox 1103 4331 1225 4382; x_wconf 86' lang='lat' dir='ltr'><strong>xm,</strong></span> <span class='ocrx_word' id='word_1_664' title='bbox 1251 4316 1348 4383; x_wconf 74' lang='lat' dir='ltr'><strong>l4;</strong></span> <span class='ocrx_word' id='word_1_665' title='bbox 1382 4314 1403 4369; x_wconf 95' lang='lat' dir='ltr'><strong>l</strong></span> <span class='ocrx_word' id='word_1_666' title='bbox 1433 4316 1559 4371; x_wconf 90' lang='lat' dir='ltr'><strong>Cor.</strong></span> <span class='ocrx_word' id='word_1_667' title='bbox 1601 4331 1691 4381; x_wconf 89' lang='lat' dir='ltr'><strong>xv,</strong></span> 
     </span>
    </p>
   </div>
   <div class='ocr_carea' id='block_1_84' title="bbox 2027 4198 3529 4271">
    <p class='ocr_par' dir='ltr' id='par_1_84' title="bbox 2027 4198 3529 4271">
     <span class='ocr_line' id='line_1_84' title="bbox 2027 4198 3529 4271; baseline -0.005 -11"><span class='ocrx_word' id='word_1_668' title='bbox 2027 4205 2214 4262; x_wconf 77' lang='lat' dir='ltr'><strong>XXlll.</strong></span> <span class='ocrx_word' id='word_1_669' title='bbox 2257 4206 2376 4261; x_wconf 82' lang='lat' dir='ltr'><strong>Jam</strong></span> <span class='ocrx_word' id='word_1_670' title='bbox 2440 4223 2568 4261; x_wconf 87' lang='lat' dir='ltr'><strong>vero</strong></span> <span class='ocrx_word' id='word_1_671' title='bbox 2631 4203 2914 4261; x_wconf 83' lang='lat' dir='ltr'><strong>Pascbatis</strong></span> <span class='ocrx_word' id='word_1_672' title='bbox 2959 4201 3248 4271; x_wconf 84' lang='lat' dir='ltr'><strong>participes</strong></span> <span class='ocrx_word' id='word_1_673' title='bbox 3300 4198 3529 4267; x_wconf 91' lang='lat' dir='ltr'><strong>erimus,</strong></span> 
     </span>
    </p>
   </div>
   <div class='ocr_carea' id='block_1_85' title="bbox 338 4445 1840 4523">
    <p class='ocr_par' dir='ltr' id='par_1_85' title="bbox 338 4449 1840 4523">
     <span class='ocr_line' id='line_1_85' title="bbox 338 4449 1840 4523; baseline -0.001 -16"><span class='ocrx_word' id='word_1_674' title='bbox 338 4450 414 4523; x_wconf 88' lang='lat'><strong>(8)</strong></span> <span class='ocrx_word' id='word_1_675' title='bbox 445 4452 617 4504; x_wconf 80' lang='grc' dir='ltr'>Ἐστι</span> <span class='ocrx_word' id='word_1_676' title='bbox 648 4450 878 4505; x_wconf 80' lang='grc' dir='ltr'>τοίνυν.</span> <span class='ocrx_word' id='word_1_677' title='bbox 933 4449 1029 4505; x_wconf 90' lang='lat' dir='ltr'><strong>Or.</strong></span> <span class='ocrx_word' id='word_1_678' title='bbox 1074 4450 1129 4515; x_wconf 94' lang='grc'>1,</span> <span class='ocrx_word' id='word_1_679' title='bbox 1163 4450 1319 4503; x_wconf 86' lang='grc' dir='ltr'>Ἔστι</span> <span class='ocrx_word' id='word_1_680' title='bbox 1348 4449 1553 4515; x_wconf 88' lang='grc' dir='ltr'>λοιπόν,</span> <span class='ocrx_word' id='word_1_681' title='bbox 1623 4468 1642 4501; x_wconf 83' lang='grc' dir='ltr'><strong>ι</strong></span> <span class='ocrx_word' id='word_1_682' title='bbox 1674 4451 1840 4506; x_wconf 70' lang='lat' dir='ltr'><strong>Caete-</strong></span> 
     </span>
    </p>
   </div>
   <div class='ocr_carea' id='block_1_86' title="bbox 1953 4445 3533 4523">
    <p class='ocr_par' dir='ltr' id='par_1_86' title="bbox 2028 4445 3533 4523">
     <span class='ocr_line' id='line_1_86' title="bbox 2028 4445 3533 4523; baseline -0.003 -19"><span class='ocrx_word' id='word_1_683' title='bbox 2028 4451 2139 4523; x_wconf 75' lang='lat' dir='ltr'><strong>(l5)</strong></span> <span class='ocrx_word' id='word_1_684' title='bbox 2184 4450 2454 4523; x_wconf 65' lang='lat' dir='ltr'><strong>&#39;Eavro’rj.</strong></span> <span class='ocrx_word' id='word_1_685' title='bbox 2493 4449 2582 4503; x_wconf 76' lang='lat' dir='ltr'><strong>Sic</strong></span> <span class='ocrx_word' id='word_1_686' title='bbox 2616 4448 2794 4518; x_wconf 90' lang='lat' dir='ltr'><strong>plures</strong></span> <span class='ocrx_word' id='word_1_687' title='bbox 2814 4446 2979 4518; x_wconf 82' lang='lat' dir='ltr'><strong>Regg.</strong></span> <span class='ocrx_word' id='word_1_688' title='bbox 3009 4455 3063 4502; x_wconf 91' lang='lat' dir='ltr'><strong>et</strong></span> <span class='ocrx_word' id='word_1_689' title='bbox 3085 4445 3258 4507; x_wconf 90' lang='lat' dir='ltr'><strong>Colb.,</strong></span> <span class='ocrx_word' id='word_1_690' title='bbox 3293 4445 3458 4501; x_wconf 89' lang='lat' dir='ltr'><strong>Coisl.</strong></span> <span class='ocrx_word' id='word_1_691' title='bbox 3482 4446 3533 4512; x_wconf 88' lang='lat' dir='ltr'><strong>l,</strong></span> 
     </span>
    </p>
   </div>
   <div class='ocr_carea' id='block_1_87' title="bbox 263 4539 455 4577">
    <p class='ocr_par' dir='ltr' id='par_1_87' title="bbox 263 4539 455 4577">
     <span class='ocr_line' id='line_1_87' title="bbox 263 4539 455 4577; baseline -0.021 0"><span class='ocrx_word' id='word_1_692' title='bbox 263 4539 405 4577; x_wconf 87' lang='lat' dir='ltr'><strong>rum.</strong></span> <span class='ocrx_word' id='word_1_693' title='bbox 436 4539 455 4573; x_wconf 76' lang='grc'><strong>1</strong></span> 
     </span>
    </p>
   </div>
   <div class='ocr_carea' id='block_1_88' title="bbox 339 4589 1537 4662">
    <p class='ocr_par' dir='ltr' id='par_1_88' title="bbox 339 4589 1537 4662">
     <span class='ocr_line' id='line_1_88' title="bbox 339 4589 1537 4662; baseline -0.001 -17"><span class='ocrx_word' id='word_1_694' title='bbox 339 4595 414 4662; x_wconf 79' lang='grc'><strong>(9)</strong></span> <span class='ocrx_word' id='word_1_695' title='bbox 447 4591 497 4643; x_wconf 83' lang='grc' dir='ltr'><em>Κ</em></span> <span class='ocrx_word' id='word_1_696' title='bbox 500 4606 621 4644; x_wconf 68' lang='lat' dir='ltr'><strong>ater</strong></span> <span class='ocrx_word' id='word_1_697' title='bbox 626 4592 872 4662; x_wconf 54' lang='grc' dir='ltr'><strong>χόμεζθαἐ</strong></span> <span class='ocrx_word' id='word_1_698' title='bbox 894 4589 1081 4644; x_wconf 87' lang='lat' dir='ltr'><strong>Coml).</strong></span> <span class='ocrx_word' id='word_1_699' title='bbox 1093 4629 1107 4653; x_wconf 91' lang='lat'><strong>,</strong></span> <span class='ocrx_word' id='word_1_700' title='bbox 1131 4589 1370 4662; x_wconf 17' lang='grc' dir='ltr'>νὲκρατηύ</span> <span class='ocrx_word' id='word_1_701' title='bbox 1379 4589 1537 4661; x_wconf 89' lang='grc' dir='ltr'>μεθα.</span> 
     </span>
    </p>
   </div>
   <div class='ocr_carea' id='block_1_89' title="bbox 375 4660 1396 4731">
    <p class='ocr_par' dir='ltr' id='par_1_89' title="bbox 375 4660 1396 4731">
     <span class='ocr_line' id='line_1_89' title="bbox 375 4660 1396 4731; baseline -0.004 -16"><span class='ocrx_word' id='word_1_702' title='bbox 375 4660 455 4730; x_wconf 77' lang='grc' dir='ltr'><strong>Ιυ)</strong></span> <span class='ocrx_word' id='word_1_703' title='bbox 495 4660 809 4731; x_wconf 68' lang='grc' dir='ltr'><strong>’Υπερφυῆ.</strong></span> <span class='ocrx_word' id='word_1_704' title='bbox 844 4660 972 4730; x_wconf 88' lang='lat' dir='ltr'><strong>Reg.</strong></span> <span class='ocrx_word' id='word_1_705' title='bbox 1003 4662 1096 4729; x_wconf 90' lang='lat' dir='ltr'><strong>ph,</strong></span> <span class='ocrx_word' id='word_1_706' title='bbox 1119 4661 1396 4731; x_wconf 74' lang='grc' dir='ltr'>ὑπερφυᾶ.</span> 
     </span>
    </p>
   </div>
   <div class='ocr_carea' id='block_1_90' title="bbox 370 4730 1850 4802">
    <p class='ocr_par' dir='ltr' id='par_1_90' title="bbox 370 4730 1850 4802">
     <span class='ocr_line' id='line_1_90' title="bbox 370 4730 1850 4802; baseline -0.002 -16"><span class='ocrx_word' id='word_1_707' title='bbox 370 4733 453 4802; x_wconf 89' lang='grc'><strong>11)</strong></span> <span class='ocrx_word' id='word_1_708' title='bbox 490 4734 611 4786; x_wconf 82' lang='grc' dir='ltr'><strong>Οὐκ</strong></span> <span class='ocrx_word' id='word_1_709' title='bbox 641 4730 918 4799; x_wconf 79' lang='grc' dir='ltr'>αἰτήσας,</span> <span class='ocrx_word' id='word_1_710' title='bbox 949 4744 1053 4784; x_wconf 87' lang='lat' dir='ltr'><strong>etc.</strong></span> <span class='ocrx_word' id='word_1_711' title='bbox 1129 4730 1282 4802; x_wconf 21' lang='lat' dir='ltr'><strong>Oral</strong></span> <span class='ocrx_word' id='word_1_712' title='bbox 1336 4732 1503 4797; x_wconf 87' lang='lat' dir='ltr'><strong>addit,</strong></span> <span class='ocrx_word' id='word_1_713' title='bbox 1536 4732 1614 4787; x_wconf 83' lang='grc' dir='ltr'>δέ.</span> <span class='ocrx_word' id='word_1_714' title='bbox 1650 4731 1850 4786; x_wconf 81' lang='lat' dir='ltr'><strong>Obser-</strong></span> 
     </span>
    </p>
   </div>
   <div class='ocr_carea' id='block_1_91' title="bbox 264 4800 1849 4870">
    <p class='ocr_par' dir='ltr' id='par_1_91' title="bbox 264 4800 1849 4870">
     <span class='ocr_line' id='line_1_91' title="bbox 264 4800 1849 4870; baseline -0.001 -13"><span class='ocrx_word' id='word_1_715' title='bbox 264 4800 361 4858; x_wconf 83' lang='lat' dir='ltr'><strong>vat</strong></span> <span class='ocrx_word' id='word_1_716' title='bbox 391 4800 730 4867; x_wconf 78' lang='lat' dir='ltr'><strong>seboliastes,</strong></span> <span class='ocrx_word' id='word_1_717' title='bbox 783 4802 979 4870; x_wconf 86' lang='lat' dir='ltr'><strong>duplex</strong></span> <span class='ocrx_word' id='word_1_718' title='bbox 1006 4815 1127 4856; x_wconf 89' lang='lat' dir='ltr'><strong>esse</strong></span> <span class='ocrx_word' id='word_1_719' title='bbox 1164 4800 1459 4855; x_wconf 75' lang='lat' dir='ltr'><strong>redimendi</strong></span> <span class='ocrx_word' id='word_1_720' title='bbox 1488 4818 1689 4870; x_wconf 72' lang='lat' dir='ltr'><strong>genus;</strong></span> <span class='ocrx_word' id='word_1_721' title='bbox 1716 4803 1849 4857; x_wconf 84' lang='lat' dir='ltr'><strong>alte-</strong></span> 
     </span>
    </p>
   </div>
   <div class='ocr_carea' id='block_1_92' title="bbox 266 4871 1845 4942">
    <p class='ocr_par' dir='ltr' id='par_1_92' title="bbox 266 4871 1845 4942">
     <span class='ocr_line' id='line_1_92' title="bbox 266 4871 1845 4942; baseline -0.004 -13"><span class='ocrx_word' id='word_1_722' title='bbox 266 4890 413 4936; x_wconf 89' lang='lat' dir='ltr'><strong>rum,</strong></span> <span class='ocrx_word' id='word_1_723' title='bbox 466 4892 485 4924; x_wconf 83' lang='grc' dir='ltr'><strong>ι</strong></span> <span class='ocrx_word' id='word_1_724' title='bbox 509 4888 616 4942; x_wconf 89' lang='lat' dir='ltr'><strong>quo</strong></span> <span class='ocrx_word' id='word_1_725' title='bbox 647 4872 878 4941; x_wconf 88' lang='lat' dir='ltr'><strong>pretium</strong></span> <span class='ocrx_word' id='word_1_726' title='bbox 929 4871 1002 4933; x_wconf 88' lang='lat' dir='ltr'><strong>ei,</strong></span> <span class='ocrx_word' id='word_1_727' title='bbox 1063 4886 1090 4924; x_wconf 92' lang='lat' dir='ltr'><strong>a</strong></span> <span class='ocrx_word' id='word_1_728' title='bbox 1116 4885 1220 4940; x_wconf 75' lang='lat' dir='ltr'><strong>quo</strong></span> <span class='ocrx_word' id='word_1_729' title='bbox 1250 4871 1362 4942; x_wconf 82' lang='lat' dir='ltr'><strong>qui</strong></span> <span class='ocrx_word' id='word_1_730' title='bbox 1395 4883 1583 4938; x_wconf 86' lang='lat' dir='ltr'><strong>captus</strong></span> <span class='ocrx_word' id='word_1_731' title='bbox 1614 4883 1845 4936; x_wconf 83' lang='lat' dir='ltr'><strong>tenetur,</strong></span> 
     </span>
    </p>
   </div>
   <div class='ocr_carea' id='block_1_93' title="bbox 265 4941 1847 5009">
    <p class='ocr_par' dir='ltr' id='par_1_93' title="bbox 265 4941 1847 5009">
     <span class='ocr_line' id='line_1_93' title="bbox 265 4941 1847 5009; baseline -0.003 -10"><span class='ocrx_word' id='word_1_732' title='bbox 265 4941 539 5005; x_wconf 61' lang='lat' dir='ltr'><strong>solvitur,</strong></span> <span class='ocrx_word' id='word_1_733' title='bbox 577 4951 633 4997; x_wconf 87' lang='lat' dir='ltr'><strong>et</strong></span> <span class='ocrx_word' id='word_1_734' title='bbox 660 4942 884 5009; x_wconf 89' lang='lat' dir='ltr'><strong>pecunia</strong></span> <span class='ocrx_word' id='word_1_735' title='bbox 948 4943 1017 4995; x_wconf 91' lang='lat' dir='ltr'><strong>ab</strong></span> <span class='ocrx_word' id='word_1_736' title='bbox 1062 4955 1128 4995; x_wconf 88' lang='lat' dir='ltr'><strong>eo</strong></span> <span class='ocrx_word' id='word_1_737' title='bbox 1180 4941 1493 5008; x_wconf 86' lang='lat' dir='ltr'><strong>redimitur;</strong></span> <span class='ocrx_word' id='word_1_738' title='bbox 1521 4961 1539 4993; x_wconf 77' lang='grc' dir='ltr'><strong>ι</strong></span> <span class='ocrx_word' id='word_1_739' title='bbox 1595 4943 1847 5006; x_wconf 86' lang='lat' dir='ltr'><strong>alterum,</strong></span> 
     </span>
    </p>
   </div>
   <div class='ocr_carea' id='block_1_94' title="bbox 271 5011 1847 5085">
    <p class='ocr_par' dir='ltr' id='par_1_94' title="bbox 271 5011 1847 5085">
     <span class='ocr_line' id='line_1_94' title="bbox 271 5011 1847 5085; baseline -0.003 -18"><span class='ocrx_word' id='word_1_740' title='bbox 271 5035 290 5067; x_wconf 82' lang='grc' dir='ltr'><strong>ι</strong></span> <span class='ocrx_word' id='word_1_741' title='bbox 311 5029 420 5085; x_wconf 87' lang='lat' dir='ltr'><strong>quo</strong></span> <span class='ocrx_word' id='word_1_742' title='bbox 448 5016 569 5083; x_wconf 85' lang='lat' dir='ltr'><strong>quis</strong></span> <span class='ocrx_word' id='word_1_743' title='bbox 600 5027 697 5081; x_wconf 89' lang='lat' dir='ltr'><strong>pro</strong></span> <span class='ocrx_word' id='word_1_744' title='bbox 723 5026 818 5085; x_wconf 60' lang='lat' dir='ltr'><strong>[eo</strong></span> <span class='ocrx_word' id='word_1_745' title='bbox 839 5011 955 5085; x_wconf 82' lang='lat' dir='ltr'><strong>pati</strong></span> <span class='ocrx_word' id='word_1_746' title='bbox 983 5012 1214 5085; x_wconf 78' lang='lat' dir='ltr'><strong>sustinet</strong></span> <span class='ocrx_word' id='word_1_747' title='bbox 1232 5011 1288 5085; x_wconf 79' lang='lat' dir='ltr'><strong>in</strong></span> <span class='ocrx_word' id='word_1_748' title='bbox 1322 5012 1489 5085; x_wconf 80' lang='lat' dir='ltr'><strong>ipsius</strong></span> <span class='ocrx_word' id='word_1_749' title='bbox 1519 5014 1676 5065; x_wconf 90' lang='lat' dir='ltr'><strong>unius</strong></span> <span class='ocrx_word' id='word_1_750' title='bbox 1700 5029 1847 5085; x_wconf 78' lang='lat' dir='ltr'><strong>com-</strong></span> 
     </span>
    </p>
   </div>
   <div class='ocr_carea' id='block_1_95' title="bbox 266 5081 1847 5147">
    <p class='ocr_par' dir='ltr' id='par_1_95' title="bbox 266 5081 1847 5147">
     <span class='ocr_line' id='line_1_95' title="bbox 266 5081 1847 5147; baseline -0.002 -8"><span class='ocrx_word' id='word_1_751' title='bbox 266 5081 510 5139; x_wconf 77' lang='lat' dir='ltr'><strong>modum.</strong></span> <span class='ocrx_word' id='word_1_752' title='bbox 544 5103 564 5135; x_wconf 75' lang='grc' dir='ltr'><strong>ι</strong></span> <span class='ocrx_word' id='word_1_753' title='bbox 597 5085 689 5136; x_wconf 84' lang='lat' dir='ltr'><strong>Sic</strong></span> <span class='ocrx_word' id='word_1_754' title='bbox 723 5081 971 5135; x_wconf 86' lang='lat' dir='ltr'><strong>Christus</strong></span> <span class='ocrx_word' id='word_1_755' title='bbox 994 5096 1091 5147; x_wconf 90' lang='lat' dir='ltr'><strong>pro</strong></span> <span class='ocrx_word' id='word_1_756' title='bbox 1122 5081 1275 5134; x_wconf 87' lang='lat' dir='ltr'><strong>nobis</strong></span> <span class='ocrx_word' id='word_1_757' title='bbox 1304 5083 1577 5136; x_wconf 75' lang='lat' dir='ltr'><strong>cruciatus</strong></span> <span class='ocrx_word' id='word_1_758' title='bbox 1606 5082 1847 5147; x_wconf 81' lang='lat' dir='ltr'><strong>pertulit,</strong></span> 
     </span>
    </p>
   </div>
   <div class='ocr_carea' id='block_1_96' title="bbox 268 5150 1847 5224">
    <p class='ocr_par' dir='ltr' id='par_1_96' title="bbox 268 5150 1847 5224">
     <span class='ocr_line' id='line_1_96' title="bbox 268 5150 1847 5224; baseline -0.003 -15"><span class='ocrx_word' id='word_1_759' title='bbox 268 5172 332 5209; x_wconf 86' lang='lat' dir='ltr'><strong>ac</strong></span> <span class='ocrx_word' id='word_1_760' title='bbox 359 5156 438 5208; x_wconf 80' lang='lat' dir='ltr'><strong>sic</strong></span> <span class='ocrx_word' id='word_1_761' title='bbox 457 5155 575 5224; x_wconf 80' lang='lat' dir='ltr'><strong>ejus</strong></span> <span class='ocrx_word' id='word_1_762' title='bbox 604 5153 856 5224; x_wconf 79' lang='lat' dir='ltr'><strong>passione</strong></span> <span class='ocrx_word' id='word_1_763' title='bbox 883 5151 1037 5224; x_wconf 68' lang='lat' dir='ltr'><strong>nihil</strong></span> <span class='ocrx_word' id='word_1_764' title='bbox 1082 5150 1295 5205; x_wconf 90' lang='lat' dir='ltr'><strong>diabolo</strong></span> <span class='ocrx_word' id='word_1_765' title='bbox 1325 5153 1529 5206; x_wconf 87' lang='lat' dir='ltr'><strong>datum.</strong></span> <span class='ocrx_word' id='word_1_766' title='bbox 1580 5153 1847 5207; x_wconf 70' lang='lat' dir='ltr'><strong>Praeterea</strong></span> 
     </span>
    </p>
   </div>
   <div class='ocr_carea' id='block_1_97' title="bbox 266 5221 1849 5293">
    <p class='ocr_par' dir='ltr' id='par_1_97' title="bbox 266 5221 1849 5293">
     <span class='ocr_line' id='line_1_97' title="bbox 266 5221 1849 5293; baseline -0.003 -14"><span class='ocrx_word' id='word_1_767' title='bbox 266 5221 713 5293; x_wconf 55' lang='lat' dir='ltr'><strong>sanguis&#39;Christi</strong></span> <span class='ocrx_word' id='word_1_768' title='bbox 754 5221 897 5293; x_wconf 80' lang='lat' dir='ltr'><strong>Patri</strong></span> <span class='ocrx_word' id='word_1_769' title='bbox 926 5222 1138 5293; x_wconf 77' lang='lat' dir='ltr'><strong>oblatus</strong></span> <span class='ocrx_word' id='word_1_770' title='bbox 1168 5230 1271 5286; x_wconf 88' lang='lat' dir='ltr'><strong>est,</strong></span> <span class='ocrx_word' id='word_1_771' title='bbox 1300 5238 1319 5271; x_wconf 79' lang='grc' dir='ltr'><strong>ι</strong></span> <span class='ocrx_word' id='word_1_772' title='bbox 1344 5237 1446 5274; x_wconf 94' lang='lat' dir='ltr'><strong>non</strong></span> <span class='ocrx_word' id='word_1_773' title='bbox 1479 5224 1619 5289; x_wconf 87' lang='lat' dir='ltr'><strong>quod</strong></span> <span class='ocrx_word' id='word_1_774' title='bbox 1664 5224 1849 5290; x_wconf 78' lang='lat' dir='ltr'><strong>unige-</strong></span> 
     </span>
    </p>
   </div>
   <div class='ocr_carea' id='block_1_98' title="bbox 268 5291 1849 5354">
    <p class='ocr_par' dir='ltr' id='par_1_98' title="bbox 268 5291 1849 5354">
     <span class='ocr_line' id='line_1_98' title="bbox 268 5291 1849 5354; baseline -0.001 -6"><span class='ocrx_word' id='word_1_775' title='bbox 268 5291 511 5349; x_wconf 30' lang='lat' dir='ltr'><strong>uiti‘Filii</strong></span> <span class='ocrx_word' id='word_1_776' title='bbox 541 5307 734 5347; x_wconf 89' lang='lat' dir='ltr'><strong>cruore</strong></span> <span class='ocrx_word' id='word_1_777' title='bbox 762 5291 934 5347; x_wconf 81' lang='lat' dir='ltr'><strong>ell‘uso</strong></span> <span class='ocrx_word' id='word_1_778' title='bbox 981 5292 1364 5354; x_wconf 88' lang='lat' dir='ltr'><strong>delectaretur,</strong></span> <span class='ocrx_word' id='word_1_779' title='bbox 1388 5310 1406 5341; x_wconf 82' lang='grc'><strong>›</strong></span> <span class='ocrx_word' id='word_1_780' title='bbox 1454 5301 1510 5346; x_wconf 86' lang='grc' dir='ltr'><strong>ιιι</strong></span> <span class='ocrx_word' id='word_1_781' title='bbox 1536 5294 1640 5346; x_wconf 77' lang='grc' dir='ltr'><strong>⁴Ιιὶε</strong></span> <span class='ocrx_word' id='word_1_782' title='bbox 1671 5295 1849 5347; x_wconf 85' lang='lat' dir='ltr'><strong>verbis</strong></span> 
     </span>
    </p>
   </div>
   <div class='ocr_carea' id='block_1_99' title="bbox 268 5357 1850 5434">
    <p class='ocr_par' dir='ltr' id='par_1_99' title="bbox 268 5357 1850 5434">
     <span class='ocr_line' id='line_1_99' title="bbox 268 5357 1850 5434; baseline 0 -18"><span class='ocrx_word' id='word_1_783' title='bbox 268 5365 508 5434; x_wconf 72' lang='lat' dir='ltr'><strong>declarat</strong></span> <span class='ocrx_word' id='word_1_784' title='bbox 564 5363 704 5434; x_wconf 76' lang='lat' dir='ltr'><strong>idem</strong></span> <span class='ocrx_word' id='word_1_785' title='bbox 770 5359 1305 5434; x_wconf 70' lang='lat' dir='ltr'><strong>scholiastes:0_51:s</strong></span> <span class='ocrx_word' id='word_1_786' title='bbox 1351 5360 1429 5434; x_wconf 78' lang='grc' dir='ltr'><strong>τῷ</strong></span> <span class='ocrx_word' id='word_1_787' title='bbox 1476 5363 1653 5434; x_wconf 54' lang='grc' dir='ltr'>Πατρὶς</span> <span class='ocrx_word' id='word_1_788' title='bbox 1712 5357 1850 5434; x_wconf 74' lang='grc' dir='ltr'>αἷμα</span> 
     </span>
    </p>
   </div>
   <div class='ocr_carea' id='block_1_100' title="bbox 267 5430 1851 5504">
    <p class='ocr_par' dir='ltr' id='par_1_100' title="bbox 267 5430 1851 5504">
     <span class='ocr_line' id='line_1_100' title="bbox 267 5430 1851 5504; baseline -0.001 -17"><span class='ocrx_word' id='word_1_789' title='bbox 267 5433 362 5487; x_wconf 90' lang='grc' dir='ltr'><strong>τοῦ</strong></span> <span class='ocrx_word' id='word_1_790' title='bbox 392 5432 730 5501; x_wconf 85' lang='grc' dir='ltr'>Μονογενοῦς</span> <span class='ocrx_word' id='word_1_791' title='bbox 758 5430 1163 5504; x_wconf 83' lang='grc' dir='ltr'>προσφέρεσθαι</span> <span class='ocrx_word' id='word_1_792' title='bbox 1198 5430 1734 5504; x_wconf 74' lang='grc' dir='ltr'>ὑποτιθέμεθα.’5θί1</span> <span class='ocrx_word' id='word_1_793' title='bbox 1768 5430 1851 5485; x_wconf 76' lang='lat' dir='ltr'><strong>in-</strong></span> 
     </span>
    </p>
   </div>
   <div class='ocr_carea' id='block_1_101' title="bbox 268 5504 1850 5571">
    <p class='ocr_par' dir='ltr' id='par_1_101' title="bbox 268 5504 1850 5571">
     <span class='ocr_line' id='line_1_101' title="bbox 268 5504 1850 5571; baseline -0.001 -14"><span class='ocrx_word' id='word_1_794' title='bbox 268 5506 438 5566; x_wconf 88' lang='lat' dir='ltr'><strong>dicat,</strong></span> <span class='ocrx_word' id='word_1_795' title='bbox 483 5505 678 5559; x_wconf 84' lang='lat' dir='ltr'><strong>Filium</strong></span> <span class='ocrx_word' id='word_1_796' title='bbox 732 5519 829 5558; x_wconf 83' lang='lat' dir='ltr'><strong>sua</strong></span> <span class='ocrx_word' id='word_1_797' title='bbox 894 5514 1087 5571; x_wconf 89' lang='lat' dir='ltr'><strong>sponte</strong></span> <span class='ocrx_word' id='word_1_798' title='bbox 1143 5504 1379 5557; x_wconf 89' lang='lat' dir='ltr'><strong>hominis</strong></span> <span class='ocrx_word' id='word_1_799' title='bbox 1443 5514 1648 5558; x_wconf 84' lang='lat' dir='ltr'><strong>reatum</strong></span> <span class='ocrx_word' id='word_1_800' title='bbox 1707 5504 1758 5555; x_wconf 94' lang='lat' dir='ltr'><strong>in</strong></span> <span class='ocrx_word' id='word_1_801' title='bbox 1791 5518 1850 5556; x_wconf 91' lang='lat' dir='ltr'><strong>se</strong></span> 
     </span>
    </p>
   </div>
   <div class='ocr_carea' id='block_1_102' title="bbox 271 5572 1850 5637">
    <p class='ocr_par' dir='ltr' id='par_1_102' title="bbox 271 5572 1850 5637">
     <span class='ocr_line' id='line_1_102' title="bbox 271 5572 1850 5637; baseline -0.001 -10"><span class='ocrx_word' id='word_1_802' title='bbox 271 5577 616 5630; x_wconf 83' lang='lat' dir='ltr'><strong>transtulisse</strong></span> <span class='ocrx_word' id='word_1_803' title='bbox 665 5589 727 5628; x_wconf 92' lang='lat' dir='ltr'><strong>ac</strong></span> <span class='ocrx_word' id='word_1_804' title='bbox 766 5583 991 5627; x_wconf 91' lang='lat' dir='ltr'><strong>mortem</strong></span> <span class='ocrx_word' id='word_1_805' title='bbox 1025 5572 1281 5637; x_wconf 78' lang='lat' dir='ltr'><strong>subiisse,</strong></span> <span class='ocrx_word' id='word_1_806' title='bbox 1332 5580 1387 5625; x_wconf 91' lang='lat' dir='ltr'><strong>ut</strong></span> <span class='ocrx_word' id='word_1_807' title='bbox 1412 5573 1683 5626; x_wconf 85' lang='lat' dir='ltr'><strong>hominem</strong></span> <span class='ocrx_word' id='word_1_808' title='bbox 1710 5575 1850 5626; x_wconf 85' lang='lat' dir='ltr'><strong>redi-</strong></span> 
     </span>
    </p>
   </div>
   <div class='ocr_carea' id='block_1_103' title="bbox 270 5643 1849 5711">
    <p class='ocr_par' dir='ltr' id='par_1_103' title="bbox 270 5643 1849 5711">
     <span class='ocr_line' id='line_1_103' title="bbox 270 5643 1849 5711; baseline 0.001 -15"><span class='ocrx_word' id='word_1_809' title='bbox 270 5655 464 5711; x_wconf 88' lang='lat' dir='ltr'><strong>meret,</strong></span> <span class='ocrx_word' id='word_1_810' title='bbox 491 5661 553 5698; x_wconf 92' lang='lat' dir='ltr'><strong>ac</strong></span> <span class='ocrx_word' id='word_1_811' title='bbox 580 5659 702 5697; x_wconf 93' lang='lat' dir='ltr'><strong>cum</strong></span> <span class='ocrx_word' id='word_1_812' title='bbox 732 5643 841 5697; x_wconf 89' lang='lat' dir='ltr'><strong>Deo</strong></span> <span class='ocrx_word' id='word_1_813' title='bbox 889 5643 942 5696; x_wconf 92' lang='lat' dir='ltr'><strong>in</strong></span> <span class='ocrx_word' id='word_1_814' title='bbox 966 5643 1196 5711; x_wconf 79' lang='lat' dir='ltr'><strong>gratiam</strong></span> <span class='ocrx_word' id='word_1_815' title='bbox 1230 5643 1562 5710; x_wconf 80' lang='lat' dir='ltr'><strong>reStitueret,</strong></span> <span class='ocrx_word' id='word_1_816' title='bbox 1616 5643 1849 5697; x_wconf 89' lang='lat' dir='ltr'><strong>illatam-</strong></span> 
     </span>
    </p>
   </div>
   <div class='ocr_carea' id='block_1_104' title="bbox 268 5713 1456 5784">
    <p class='ocr_par' dir='ltr' id='par_1_104' title="bbox 268 5713 1456 5784">
     <span class='ocr_line' id='line_1_104' title="bbox 268 5713 1456 5784; baseline 0 -19"><span class='ocrx_word' id='word_1_817' title='bbox 268 5728 375 5784; x_wconf 89' lang='lat' dir='ltr'><strong>que</strong></span> <span class='ocrx_word' id='word_1_818' title='bbox 404 5717 598 5768; x_wconf 75' lang='lat' dir='ltr'><strong>divina:</strong></span> <span class='ocrx_word' id='word_1_819' title='bbox 625 5715 888 5784; x_wconf 78' lang='lat' dir='ltr'><strong>maiestati</strong></span> <span class='ocrx_word' id='word_1_820' title='bbox 916 5713 1164 5784; x_wconf 81' lang='lat' dir='ltr'><strong>iujuriam</strong></span> <span class='ocrx_word' id='word_1_821' title='bbox 1194 5714 1456 5784; x_wconf 76' lang='lat' dir='ltr'><strong>sarciret.:</strong></span> 
     </span>
    </p>
   </div>
   <div class='ocr_carea' id='block_1_105' title="bbox 340 5781 1740 5855">
    <p class='ocr_par' dir='ltr' id='par_1_105' title="bbox 340 5781 1740 5855">
     <span class='ocr_line' id='line_1_105' title="bbox 340 5781 1740 5855; baseline -0.001 -16"><span class='ocrx_word' id='word_1_822' title='bbox 340 5786 453 5855; x_wconf 73' lang='grc'>(12)</span> <span class='ocrx_word' id='word_1_823' title='bbox 490 5784 561 5840; x_wconf 81' lang='grc' dir='ltr'>Τό</span> <span class='ocrx_word' id='word_1_824' title='bbox 589 5782 824 5855; x_wconf 78' lang='grc' dir='ltr'>χρῆναι.</span> <span class='ocrx_word' id='word_1_825' title='bbox 861 5784 988 5854; x_wconf 83' lang='lat' dir='ltr'><strong>Reg.</strong></span> <span class='ocrx_word' id='word_1_826' title='bbox 1020 5783 1088 5848; x_wconf 81' lang='lat' dir='ltr'><strong>ph</strong></span> <span class='ocrx_word' id='word_1_827' title='bbox 1129 5793 1182 5838; x_wconf 82' lang='lat' dir='ltr'><strong>et</strong></span> <span class='ocrx_word' id='word_1_828' title='bbox 1205 5781 1297 5840; x_wconf 88' lang='lat' dir='ltr'><strong>Or.</strong></span> <span class='ocrx_word' id='word_1_829' title='bbox 1332 5783 1382 5836; x_wconf 90' lang='grc'>1.</span> <span class='ocrx_word' id='word_1_830' title='bbox 1415 5781 1492 5853; x_wconf 83' lang='grc' dir='ltr'>τῷ</span> <span class='ocrx_word' id='word_1_831' title='bbox 1524 5785 1740 5855; x_wconf 83' lang='grc' dir='ltr'>χρῆναι.</span> 
     </span>
    </p>
   </div>
   <div class='ocr_carea' id='block_1_106' title="bbox 1959 4520 2487 4582">
    <p class='ocr_par' dir='ltr' id='par_1_106' title="bbox 1959 4520 2487 4582">
     <span class='ocr_line' id='line_1_106' title="bbox 1959 4520 2487 4582; baseline -0.009 -6"><span class='ocrx_word' id='word_1_832' title='bbox 1959 4520 2062 4576; x_wconf 83' lang='lat' dir='ltr'><strong>etc.</strong></span> <span class='ocrx_word' id='word_1_833' title='bbox 2095 4520 2146 4574; x_wconf 87' lang='lat' dir='ltr'><strong>lu</strong></span> <span class='ocrx_word' id='word_1_834' title='bbox 2171 4523 2282 4582; x_wconf 87' lang='lat' dir='ltr'><strong>ed.,</strong></span> <span class='ocrx_word' id='word_1_835' title='bbox 2310 4520 2487 4573; x_wconf 90' lang='grc' dir='ltr'>αὑτόν.</span> 
     </span>
    </p>
   </div>
   <div class='ocr_carea' id='block_1_107' title="bbox 2028 4586 3539 4715">
    <p class='ocr_par' dir='ltr' id='par_1_107' title="bbox 2028 4586 3539 4715">
     <span class='ocr_line' id='line_1_107' title="bbox 2028 4586 3539 4715; baseline -0.003 -71"><span class='ocrx_word' id='word_1_836' title='bbox 2028 4593 2143 4715; x_wconf 54' lang='grc'>(114)</span> <span class='ocrx_word' id='word_1_837' title='bbox 2179 4590 2488 4659; x_wconf 71' lang='grc' dir='ltr'>Κρεμὰται.</span> <span class='ocrx_word' id='word_1_838' title='bbox 2551 4590 2680 4659; x_wconf 81' lang='lat' dir='ltr'><strong>llcg.</strong></span> <span class='ocrx_word' id='word_1_839' title='bbox 2733 4589 2842 4652; x_wconf 92' lang='lat' dir='ltr'><strong>bm,</strong></span> <span class='ocrx_word' id='word_1_840' title='bbox 2874 4587 3072 4656; x_wconf 89' lang='lat' dir='ltr'><strong>aliique</strong></span> <span class='ocrx_word' id='word_1_841' title='bbox 3108 4586 3372 4650; x_wconf 91' lang='lat' dir='ltr'><strong>nonnulli,</strong></span> <span class='ocrx_word' id='word_1_842' title='bbox 3407 4603 3539 4658; x_wconf 81' lang='grc' dir='ltr'>κρε-</span> 
     </span>
     <span class='ocr_line' id='line_1_108' title="bbox 2064 4679 2173 4715; baseline 0.009 -2"><span class='ocrx_word' id='word_1_843' title='bbox 2064 4679 2173 4715; x_wconf 88' lang='grc' dir='ltr'>ται.</span> 
     </span>
    </p>
   </div>
   <div class='ocr_carea' id='block_1_108' title="bbox 1996 4679 2173 4717">
    <p class='ocr_par' dir='ltr' id='par_1_108' title="bbox 1996 4679 2173 4717">
     <span class='ocr_line' id='line_1_109' title="bbox 1996 4679 2173 4717; baseline -0.017 0"><span class='ocrx_word' id='word_1_844' title='bbox 1996 4679 2173 4717; x_wconf 87' lang='grc' dir='ltr'>ναται.</span> 
     </span>
    </p>
   </div>
   <div class='ocr_carea' id='block_1_109' title="bbox 1953 4681 3540 4804">
    <p class='ocr_par' dir='ltr' id='par_1_109' title="bbox 1953 4681 3540 4804">
     <span class='ocr_line' id='line_1_110' title="bbox 1953 4681 3540 4804; baseline -0.004 -16"><span class='ocrx_word' id='word_1_845' title='bbox 1953 4681 2286 4804; x_wconf 49' lang='grc' dir='ltr'><strong>μνῧϐῗιδὺχ</strong></span> <span class='ocrx_word' id='word_1_846' title='bbox 2313 4732 2393 4797; x_wconf 87' lang='grc' dir='ltr'>ὡς</span> <span class='ocrx_word' id='word_1_847' title='bbox 2420 4731 2628 4795; x_wconf 78' lang='grc' dir='ltr'>τύπος,</span> <span class='ocrx_word' id='word_1_848' title='bbox 2661 4739 2835 4804; x_wconf 62' lang='lat' dir='ltr'><strong>etc.__r</strong></span> <span class='ocrx_word' id='word_1_849' title='bbox 2858 4727 3171 4804; x_wconf 66' lang='lat' dir='ltr'><strong>Gregorius,</strong></span> <span class='ocrx_word' id='word_1_850' title='bbox 3216 4727 3398 4804; x_wconf 72' lang='lat' dir='ltr'><strong>inquit</strong></span> <span class='ocrx_word' id='word_1_851' title='bbox 3441 4727 3540 4782; x_wconf 82' lang='lat' dir='ltr'><strong>Ni-</strong></span> 
     </span>
    </p>
   </div>
   <div class='ocr_carea' id='block_1_110' title="bbox 1952 4797 3540 4870">
    <p class='ocr_par' dir='ltr' id='par_1_110' title="bbox 1952 4797 3540 4870">
     <span class='ocr_line' id='line_1_111' title="bbox 1952 4797 3540 4870; baseline -0.003 -14"><span class='ocrx_word' id='word_1_852' title='bbox 1952 4797 2124 4868; x_wconf 74' lang='lat' dir='ltr'><strong>cetzts,</strong></span> <span class='ocrx_word' id='word_1_853' title='bbox 2160 4797 2464 4870; x_wconf 75' lang='lat' dir='ltr'><strong>serpentem</strong></span> <span class='ocrx_word' id='word_1_854' title='bbox 2518 4816 2725 4854; x_wconf 65' lang='lat' dir='ltr'><strong>mueum</strong></span> <span class='ocrx_word' id='word_1_855' title='bbox 2778 4797 2990 4853; x_wconf 74' lang='lat' dir='ltr'><strong>Christi</strong></span> <span class='ocrx_word' id='word_1_856' title='bbox 3025 4808 3209 4867; x_wconf 83' lang='lat' dir='ltr'><strong>typum</strong></span> <span class='ocrx_word' id='word_1_857' title='bbox 3260 4797 3540 4867; x_wconf 85' lang='lat' dir='ltr'><strong>haudqua-</strong></span> 
     </span>
    </p>
   </div>
   <div class='ocr_carea' id='block_1_111' title="bbox 1951 4870 3539 4942">
    <p class='ocr_par' dir='ltr' id='par_1_111' title="bbox 1951 4870 3539 4942">
     <span class='ocr_line' id='line_1_112' title="bbox 1951 4870 3539 4942; baseline -0.003 -16"><span class='ocrx_word' id='word_1_858' title='bbox 1951 4889 2113 4942; x_wconf 86' lang='lat' dir='ltr'><strong>quam</strong></span> <span class='ocrx_word' id='word_1_859' title='bbox 2159 4886 2279 4927; x_wconf 87' lang='lat' dir='ltr'><strong>esse</strong></span> <span class='ocrx_word' id='word_1_860' title='bbox 2309 4883 2493 4926; x_wconf 87' lang='lat' dir='ltr'><strong>censet</strong></span> <span class='ocrx_word' id='word_1_861' title='bbox 2537 4871 2733 4942; x_wconf 84' lang='lat' dir='ltr'><strong>(neque</strong></span> <span class='ocrx_word' id='word_1_862' title='bbox 2762 4870 2841 4923; x_wconf 85' lang='lat' dir='ltr'><strong>fas</strong></span> <span class='ocrx_word' id='word_1_863' title='bbox 2893 4880 2978 4922; x_wconf 68' lang='lat' dir='ltr'><strong>est</strong></span> <span class='ocrx_word' id='word_1_864' title='bbox 3012 4886 3089 4942; x_wconf 63' lang='lat' dir='ltr'><strong>ac</strong></span> <span class='ocrx_word' id='word_1_865' title='bbox 3130 4870 3274 4926; x_wconf 80' lang='lat' dir='ltr'><strong>bium</strong></span> <span class='ocrx_word' id='word_1_866' title='bbox 3317 4882 3539 4942; x_wconf 62' lang='lat' dir='ltr'><strong>perv_er«</strong></span> 
     </span>
    </p>
   </div>
   <div class='ocr_carea' id='block_1_112' title="bbox 1950 4937 3540 5011">
    <p class='ocr_par' dir='ltr' id='par_1_112' title="bbox 1950 4937 3540 5011">
     <span class='ocr_line' id='line_1_113' title="bbox 1950 4937 3540 5011; baseline -0.005 -14"><span class='ocrx_word' id='word_1_867' title='bbox 1950 4937 2067 4997; x_wconf 72' lang='lat' dir='ltr'><strong>sum</strong></span> <span class='ocrx_word' id='word_1_868' title='bbox 2093 4943 2344 5007; x_wconf 88' lang='lat' dir='ltr'><strong>spiritqu</strong></span> <span class='ocrx_word' id='word_1_869' title='bbox 2384 4937 2582 4996; x_wconf 83' lang='lat' dir='ltr'><strong>Christi</strong></span> <span class='ocrx_word' id='word_1_870' title='bbox 2627 4950 2811 5011; x_wconf 86' lang='lat' dir='ltr'><strong>typum</strong></span> <span class='ocrx_word' id='word_1_871' title='bbox 2845 4937 3098 5011; x_wconf 54' lang='lat' dir='ltr'><strong>vocari),</strong></span> <span class='ocrx_word' id='word_1_872' title='bbox 3118 4954 3304 5011; x_wconf 85' lang='lat' dir='ltr'><strong>verum</strong></span> <span class='ocrx_word' id='word_1_873' title='bbox 3338 4939 3540 5006; x_wconf 79' lang='lat' dir='ltr'><strong>autity-</strong></span> 
     </span>
    </p>
   </div>
   <div class='ocr_carea' id='block_1_113' title="bbox 1953 5009 3539 5082">
    <p class='ocr_par' dir='ltr' id='par_1_113' title="bbox 1953 5009 3539 5082">
     <span class='ocr_line' id='line_1_114' title="bbox 1953 5009 3539 5082; baseline -0.003 -17"><span class='ocrx_word' id='word_1_874' title='bbox 1953 5028 2099 5082; x_wconf 85' lang='lat' dir='ltr'><strong>pum,</strong></span> <span class='ocrx_word' id='word_1_875' title='bbox 2142 5015 2193 5066; x_wconf 89' lang='lat' dir='ltr'><strong>id</strong></span> <span class='ocrx_word' id='word_1_876' title='bbox 2247 5023 2349 5076; x_wconf 84' lang='lat' dir='ltr'><strong>est,</strong></span> <span class='ocrx_word' id='word_1_877' title='bbox 2392 5009 2718 5066; x_wconf 84' lang='lat' dir='ltr'><strong>contrariam</strong></span> <span class='ocrx_word' id='word_1_878' title='bbox 2756 5010 3004 5082; x_wconf 78' lang='lat' dir='ltr'><strong>ﬁguram.</strong></span> <span class='ocrx_word' id='word_1_879' title='bbox 3064 5009 3274 5082; x_wconf 66' lang='lat' dir='ltr'><strong>ljjtenim</strong></span> <span class='ocrx_word' id='word_1_880' title='bbox 3313 5022 3539 5075; x_wconf 82' lang='lat' dir='ltr'><strong>serpens</strong></span> 
     </span>
    </p>
   </div>
   <div class='ocr_carea' id='block_1_114' title="bbox 1951 5079 3536 5152">
    <p class='ocr_par' dir='ltr' id='par_1_114' title="bbox 1951 5079 3536 5152">
     <span class='ocr_line' id='line_1_115' title="bbox 1951 5079 3536 5152; baseline -0.004 -16"><span class='ocrx_word' id='word_1_881' title='bbox 1951 5079 1979 5136; x_wconf 81' lang='lat' dir='ltr'><strong>a</strong></span> <span class='ocrx_word' id='word_1_882' title='bbox 2011 5084 2274 5152; x_wconf 89' lang='lat' dir='ltr'><strong>principio</strong></span> <span class='ocrx_word' id='word_1_883' title='bbox 2309 5083 2509 5137; x_wconf 88' lang='lat' dir='ltr'><strong>homini</strong></span> <span class='ocrx_word' id='word_1_884' title='bbox 2548 5082 2771 5137; x_wconf 72' lang='lat' dir='ltr'><strong>exitium</strong></span> <span class='ocrx_word' id='word_1_885' title='bbox 2819 5079 3018 5143; x_wconf 85' lang='lat' dir='ltr'><strong>attulit,</strong></span> <span class='ocrx_word' id='word_1_886' title='bbox 3053 5080 3300 5133; x_wconf 75' lang='lat' dir='ltr'><strong>Christus</strong></span> <span class='ocrx_word' id='word_1_887' title='bbox 3351 5091 3536 5131; x_wconf 84' lang='lat' dir='ltr'><strong>autem</strong></span> 
     </span>
    </p>
   </div>
   <div class='ocr_carea' id='block_1_115' title="bbox 1952 5154 2471 5222">
    <p class='ocr_par' dir='ltr' id='par_1_115' title="bbox 1952 5154 2471 5222">
     <span class='ocr_line' id='line_1_116' title="bbox 1952 5154 2471 5222; baseline -0.006 -15"><span class='ocrx_word' id='word_1_888' title='bbox 1952 5165 2138 5222; x_wconf 86' lang='lat' dir='ltr'><strong>postea</strong></span> <span class='ocrx_word' id='word_1_889' title='bbox 2168 5154 2417 5207; x_wconf 82' lang='lat' dir='ltr'><strong>salutem.</strong></span> <span class='ocrx_word' id='word_1_890' title='bbox 2452 5172 2471 5204; x_wconf 71' lang='grc' dir='ltr'><strong>ι</strong></span> 
     </span>
    </p>
   </div>
   <div class='ocr_carea' id='block_1_116' title="bbox 2022 5218 3534 5292">
    <p class='ocr_par' dir='ltr' id='par_1_116' title="bbox 2022 5218 3534 5292">
     <span class='ocr_line' id='line_1_117' title="bbox 2022 5218 3534 5292; baseline -0.003 -15"><span class='ocrx_word' id='word_1_891' title='bbox 2022 5224 2135 5292; x_wconf 87' lang='grc'>(16)</span> <span class='ocrx_word' id='word_1_892' title='bbox 2176 5223 2307 5276; x_wconf 63' lang='grc' dir='ltr'><strong>’Υεί</strong></span> <span class='ocrx_word' id='word_1_893' title='bbox 2330 5224 2534 5277; x_wconf 79' lang='grc' dir='ltr'>αὐτόν.</span> <span class='ocrx_word' id='word_1_894' title='bbox 2565 5222 2657 5276; x_wconf 87' lang='lat' dir='ltr'><strong>Sic</strong></span> <span class='ocrx_word' id='word_1_895' title='bbox 2691 5222 2855 5292; x_wconf 83' lang='lat' dir='ltr'><strong>Regg.</strong></span> <span class='ocrx_word' id='word_1_896' title='bbox 2881 5220 2989 5287; x_wconf 83' lang='lat' dir='ltr'><strong>bm,</strong></span> <span class='ocrx_word' id='word_1_897' title='bbox 3008 5220 3101 5289; x_wconf 88' lang='lat' dir='ltr'><strong>ph,</strong></span> <span class='ocrx_word' id='word_1_898' title='bbox 3125 5218 3219 5275; x_wconf 90' lang='lat' dir='ltr'><strong>Or.</strong></span> <span class='ocrx_word' id='word_1_899' title='bbox 3240 5219 3292 5283; x_wconf 94' lang='grc'>1,</span> <span class='ocrx_word' id='word_1_900' title='bbox 3321 5218 3534 5283; x_wconf 83' lang='lat' dir='ltr'><strong>Comb.,</strong></span> 
     </span>
    </p>
   </div>
   <div class='ocr_carea' id='block_1_117' title="bbox 1951 5292 2627 5362">
    <p class='ocr_par' dir='ltr' id='par_1_117' title="bbox 1951 5292 2627 5362">
     <span class='ocr_line' id='line_1_118' title="bbox 1951 5292 2627 5362; baseline -0.006 -13"><span class='ocrx_word' id='word_1_901' title='bbox 1951 5303 2055 5349; x_wconf 78' lang='lat' dir='ltr'><strong>etc.</strong></span> <span class='ocrx_word' id='word_1_902' title='bbox 2095 5294 2148 5347; x_wconf 91' lang='lat' dir='ltr'><strong>ln</strong></span> <span class='ocrx_word' id='word_1_903' title='bbox 2188 5297 2299 5360; x_wconf 88' lang='lat' dir='ltr'><strong>ed.,</strong></span> <span class='ocrx_word' id='word_1_904' title='bbox 2336 5293 2427 5347; x_wconf 84' lang='grc' dir='ltr'>ὑπ’</span> <span class='ocrx_word' id='word_1_905' title='bbox 2460 5292 2627 5362; x_wconf 80' lang='grc' dir='ltr'>αὐτῷ.</span> 
     </span>
    </p>
   </div>
   <div class='ocr_carea' id='block_1_118' title="bbox 2024 5355 3197 5436">
    <p class='ocr_par' dir='ltr' id='par_1_118' title="bbox 2024 5355 3197 5436">
     <span class='ocr_line' id='line_1_119' title="bbox 2024 5355 3197 5436; baseline -0.004 -18"><span class='ocrx_word' id='word_1_906' title='bbox 2024 5365 2132 5436; x_wconf 89' lang='grc'>(17)</span> <span class='ocrx_word' id='word_1_907' title='bbox 2164 5355 2443 5436; x_wconf 54' lang='grc' dir='ltr'>Ἀπκουᾳ</span> <span class='ocrx_word' id='word_1_908' title='bbox 2463 5355 2662 5436; x_wconf 79' lang='lat' dir='ltr'><strong>Plures</strong></span> <span class='ocrx_word' id='word_1_909' title='bbox 2691 5361 2848 5417; x_wconf 89' lang='lat' dir='ltr'><strong>codd.</strong></span> <span class='ocrx_word' id='word_1_910' title='bbox 2878 5361 3099 5426; x_wconf 91' lang='lat' dir='ltr'><strong>addunt,</strong></span> <span class='ocrx_word' id='word_1_911' title='bbox 3128 5355 3197 5413; x_wconf 71' lang='grc' dir='ltr'><strong>εἴ.</strong></span> 
     </span>
    </p>
   </div>
   <div class='ocr_carea' id='block_1_119' title="bbox 2023 5434 2672 5505">
    <p class='ocr_par' dir='ltr' id='par_1_119' title="bbox 2023 5434 2672 5505">
     <span class='ocr_line' id='line_1_120' title="bbox 2023 5434 2672 5505; baseline -0.005 -17"><span class='ocrx_word' id='word_1_912' title='bbox 2023 5434 2136 5505; x_wconf 87' lang='grc'>(18)</span> <span class='ocrx_word' id='word_1_913' title='bbox 2172 5435 2262 5489; x_wconf 87' lang='grc' dir='ltr'><strong>Τό.</strong></span> <span class='ocrx_word' id='word_1_914' title='bbox 2290 5436 2421 5505; x_wconf 83' lang='lat' dir='ltr'><strong>Reg.</strong></span> <span class='ocrx_word' id='word_1_915' title='bbox 2462 5434 2573 5494; x_wconf 80' lang='lat' dir='ltr'><strong>hm.</strong></span> <span class='ocrx_word' id='word_1_916' title='bbox 2599 5450 2672 5485; x_wconf 89' lang='grc' dir='ltr'><strong>τι.</strong></span> 
     </span>
    </p>
   </div>
   <div class='ocr_carea' id='block_1_120' title="bbox 2024 5441 3507 5577">
    <p class='ocr_par' dir='ltr' id='par_1_120' title="bbox 2024 5441 3507 5577">
     <span class='ocr_line' id='line_1_121' title="bbox 2024 5441 2672 5505; baseline -0.005 -17"><span class='ocrx_word' id='word_1_917' title='bbox 2024 5441 2114 5503; x_wconf 85' lang='grc'>(18</span> <span class='ocrx_word' id='word_1_918' title='bbox 2172 5441 2262 5489; x_wconf 89' lang='grc' dir='ltr'><strong>Τό.</strong></span> <span class='ocrx_word' id='word_1_919' title='bbox 2290 5441 2421 5505; x_wconf 77' lang='lat' dir='ltr'><strong>Reg.</strong></span> <span class='ocrx_word' id='word_1_920' title='bbox 2463 5441 2573 5494; x_wconf 80' lang='lat' dir='ltr'><strong>hut.</strong></span> <span class='ocrx_word' id='word_1_921' title='bbox 2599 5450 2672 5485; x_wconf 90' lang='grc' dir='ltr'><strong>τι.</strong></span> 
     </span>
     <span class='ocr_line' id='line_1_122' title="bbox 2024 5441 3507 5577; baseline -0.005 -17"><span class='ocrx_word' id='word_1_922' title='bbox 2024 5441 2137 5577; x_wconf 52' lang='grc'>(19)</span> <span class='ocrx_word' id='word_1_923' title='bbox 2170 5505 2696 5574; x_wconf 77' lang='grc' dir='ltr'>Στηλιτευόμενος.</span> <span class='ocrx_word' id='word_1_924' title='bbox 2746 5500 2867 5556; x_wconf 86' lang='lat' dir='ltr'><strong>Bill.</strong></span> <span class='ocrx_word' id='word_1_925' title='bbox 2928 5520 2947 5553; x_wconf 83' lang='grc' dir='ltr'><strong>ι</strong></span> <span class='ocrx_word' id='word_1_926' title='bbox 2971 5500 3185 5557; x_wconf 85' lang='lat' dir='ltr'><strong>decoris</strong></span> <span class='ocrx_word' id='word_1_927' title='bbox 3209 5508 3263 5554; x_wconf 84' lang='lat' dir='ltr'><strong>et</strong></span> <span class='ocrx_word' id='word_1_928' title='bbox 3302 5498 3507 5571; x_wconf 88' lang='lat' dir='ltr'><strong>ignem.</strong></span> 
     </span>
    </p>
   </div>
   <div class='ocr_carea' id='block_1_121' title="bbox 1954 5578 2553 5632">
    <p class='ocr_par' dir='ltr' id='par_1_121' title="bbox 1954 5578 2553 5632">
     <span class='ocr_line' id='line_1_123' title="bbox 1954 5578 2553 5632; baseline -0.013 0"><span class='ocrx_word' id='word_1_929' title='bbox 1954 5578 2057 5632; x_wconf 68' lang='lat' dir='ltr'><strong>niae</strong></span> <span class='ocrx_word' id='word_1_930' title='bbox 2086 5578 2228 5631; x_wconf 70' lang='lat' dir='ltr'><strong>notis</strong></span> <span class='ocrx_word' id='word_1_931' title='bbox 2269 5588 2501 5630; x_wconf 86' lang='lat' dir='ltr'><strong>tnustus.</strong></span> <span class='ocrx_word' id='word_1_932' title='bbox 2534 5593 2553 5625; x_wconf 74' lang='grc' dir='ltr'><strong>ι</strong></span> 
     </span>
    </p>
   </div>
   <div class='ocr_carea' id='block_1_122' title="bbox 1947 5636 3539 5729">
    <p class='ocr_par' dir='ltr' id='par_1_122' title="bbox 1947 5636 3539 5729">
     <span class='ocr_line' id='line_1_124' title="bbox 1947 5636 3539 5729; baseline -0.006 -27"><span class='ocrx_word' id='word_1_933' title='bbox 1947 5649 1959 5659; x_wconf 87' lang='grc'><strong>’</strong></span> <span class='ocrx_word' id='word_1_934' title='bbox 2024 5645 2676 5729; x_wconf 60' lang='grc' dir='ltr'>(20)ρ1εταν1ηψόμεθα.</span> <span class='ocrx_word' id='word_1_935' title='bbox 2738 5644 2870 5715; x_wconf 80' lang='lat' dir='ltr'><strong>Reg.</strong></span> <span class='ocrx_word' id='word_1_936' title='bbox 2919 5645 3011 5714; x_wconf 89' lang='lat' dir='ltr'><strong>ph,</strong></span> <span class='ocrx_word' id='word_1_937' title='bbox 3076 5636 3539 5714; x_wconf 79' lang='grc' dir='ltr'>μεταληψώμεθα,</span> 
     </span>
    </p>
   </div>
   <div class='ocr_carea' id='block_1_123' title="bbox 1959 5732 2560 5789">
    <p class='ocr_par' dir='ltr' id='par_1_123' title="bbox 1959 5732 2560 5789">
     <span class='ocr_line' id='line_1_125' title="bbox 1959 5732 2560 5789; baseline -0.002 -19"><span class='ocrx_word' id='word_1_938' title='bbox 1959 5737 1978 5770; x_wconf 81' lang='grc' dir='ltr'><strong>ι</strong></span> <span class='ocrx_word' id='word_1_939' title='bbox 2005 5733 2293 5789; x_wconf 79' lang='lat' dir='ltr'><strong>participes</strong></span> <span class='ocrx_word' id='word_1_940' title='bbox 2325 5732 2513 5773; x_wconf 82' lang='lat' dir='ltr'><strong>simus.</strong></span> <span class='ocrx_word' id='word_1_941' title='bbox 2541 5736 2560 5769; x_wconf 77' lang='grc' dir='ltr'><strong>ι</strong></span> 
     </span>
    </p>
   </div>
  </div>
