3898 6222
368 346 479 405 655

1559 336 1617 391 S.
1657 333 1983 392 GREGORII
2017 336 2365 394 THEOLOGI

3502 338 3623 393 65f)

377 472 519 513 nunc
544 455 760 524 quidem
795 452 973 508 adhuc
1007 450 1202 523 typice,
1243 449 1458 505 tametsi
1488 450 1729 518 apertius
1775 464 1935 519 quam

2051 451 2282 516 τυπικῶς
2337 451 2440 515 ἔτι,
2499 450 2594 504 καὶ
2633 452 2681 505 εἰ
2717 449 2812 504 τοῦ
2851 449 3081 504 παλαιοῦ
3126 450 3460 523 γυμνότερον
3514 452 3619 523 (τδ

374 553 426 604 in
450 546 754 615 veterilege
787 544 980 614 (legale
1024 543 1287 612 siquidem
1344 542 1595 607 Pascha;
1660 554 1759 597 nec
1792 544 1935 597 enim

374 644 552 693 dicere
590 638 837 698 verebor,
860 634 1029 705 ﬁgura
1068 643 1182 688 erat
1217 633 1401 702 figurat
1455 629 1795 698 obscurior);
1834 630 1932 684 ali-

373 738 578 800 quanto
605 736 726 798 post
753 738 928 781 autem
960 726 1249 795 perfectius
1287 730 1342 778 et
1395 722 1604 792 purius,
1639 731 1753 776 tum
1791 721 1941 776 vide-

376 826 644 877 ticetcum
670 818 901 875 Verbum
938 830 1132 871 novum
1186 813 1314 868 illud
1356 812 1635 868 nobiscum
1680 813 1733 867 in
1777 827 1942 883 regno

375 910 554 965 Patris
583 910 731 964 bibet
779 908 848 973 ",
897 905 1223 976 patefaciens
1268 918 1331 958 ac
1356 905 1574 966 docens,
1636 916 1757 969 quae
1802 916 1943 956 nunc

378 1002 554 1054 minus
577 999 730 1070 plene
768 996 1175 1053 demonstravit.
1205 993 1414 1049 Novum
1460 994 1602 1048 enim
1639 994 1766 1047 illud
1794 1008 1940 1048 sem-

376 1105 475 1161 per
504 1098 607 1154 est,
635 1091 778 1158 quod
808 1100 954 1142 nunc
982 1085 1320 1156 intelligitur.
1358 1084 1614 1151 Quaenam
1649 1094 1827 1137 autem
1854 1081 1942 1136 illa

378 1179 450 1233 sit
475 1178 621 1247 potio
650 1186 810 1247 atque
843 1174 1137 1245 perceptio,
1173 1174 1355 1228 dicere
1388 1182 1632 1227 nostrum
1672 1178 1773 1236 est,
1801 1172 1944 1226 illius

380 1270 595 1333 docere,
619 1266 1005 1336 diScipulisque
1060 1266 1173 1321 suis
1226 1264 1368 1319 hanc
1420 1262 1717 1318 doctrinam
1747 1264 1944 1333 imper-

380 1360 491 1414 tiri.
529 1359 777 1413 Doctrina
825 1359 991 1423 enim,
1030 1357 1146 1425 ejus
1184 1370 1438 1427 quoque.
1495 1356 1586 1426 Qui
1621 1356 1737 1422 alit,
1792 1356 1943 1411 cibus

380 1459 483 1505 est.
513 1450 623 1520 Age
652 1464 798 1512 vero,
837 1463 933 1503 nos
981 1462 1194 1517 quoque
1242 1447 1376 1518 legis
1428 1448 1717 1517 participes
1743 1446 1942 1502 eﬁicia-

383 1556 523 1605 mur,
559 1555 742 1595 verum
786 1540 1097 1609 evangelice
1155 1554 1262 1593 non
1320 1538 1647 1594 litteraliter.
1711 1538 1945 1608 perfecte

380 1647 489 1688 non
513 1632 844 1700 imperfecte,
880 1631 1204 1700 sempiterne
1231 1645 1335 1685 non
1393 1632 1742 1700 temporarie.
1772 1630 1944 1700 Caput

384 1726 539 1782 nobis
573 1725 889 1789 eﬂicinmus,
916 1738 1023 1777 non
1053 1732 1323 1777 terrenam
1355 1722 1677 1790 Jerusalem,
1703 1725 1797 1779 sed
1834 1736 1944 1777 cte-

2038 541 2145 612 γάρ
2166 540 2388 612 νομικὸν
2409 539 2622 610 Πάσχα,
2650 537 2833 608 τολμῶ
2875 539 2970 594 καὶ
3018 539 3186 606 λέγω,
3236 539 3411 593 τύπου
3443 539 3619 605 τύπος

2036 629 2105 703 ἦν
2131 630 2532 704 ἀμυδρότερος)
2559 648 2572 662 ·
2638 630 2831 703 μικρὸν
2883 630 2941 684 δὲ
2992 629 3238 701 ὕστερον,
3285 630 3619 704 τελεώτερον

2039 724 2133 777 καὶ
2162 721 2564 796 καθαρώτερον,
2603 721 2764 793 ἡνίκα
2814 718 2881 775 ἂν
2910 720 3041 774 αὐτὸ
3085 722 3215 793 πίνῃ
3253 723 3442 778 καινὸν
3495 724 3618 794 μεθ’

2040 813 2196 884 ἡμῶν
2232 816 2260 868 ὁ
2291 814 2463 883 Λόγος
2507 814 2564 868 ὲν
2603 815 2670 885 τῇ
2724 810 2972 884 βασιλείᾳ
3016 811 3111 865 τοῦ
3143 813 3376 883 Πατρὸς,
3407 814 3623 869 ἀποκα-

2039 903 2257 959 λύπτων
2308 903 2401 957 καὶ
2454 902 2757 969 διδάσκων,
2796 901 2833 959 ἃ
2864 903 2959 958 νῦν
3019 903 3256 975 μετρίως
3298 904 3617 981 παρέδειξε.

2041 994 2239 1049 Καινὺν
2275 995 2385 1067 γάρ
2416 996 2563 1048 ἐστιν
2597 997 2683 1049 ἀεὶ
2738 996 2799 1050 τὸ
2840 996 2939 1052 νῦν
2975 996 3392 1068 γνωριζόμενον.
3435 997 3529 1061 Τίς
3556 998 3621 1052 δὲ

2041 1087 2075 1156 ὴ
2108 1085 2264 1149 πόσις
2296 1087 2391 1140 καὶ
2421 1087 2455 1157 ἡ
2478 1086 2796 1151 ἀπόλαυσις,
2830 1085 2991 1158 ἡμῶν
3017 1087 3114 1158 μὲν
3141 1087 3204 1139 τὸ
3231 1087 3443 1158 μαθεῖν,
3475 1089 3621 1141 ἐκεί-

2040 1194 2131 1230 νου
2156 1176 2211 1230 δὲ
2232 1176 2293 1231 τὸ
2320 1177 2547 1244 διδάξαι,
2579 1179 2675 1231 καὶ
2703 1178 3067 1232 κοινώσασθαι
3086 1179 3200 1242 τοῖς
3233 1179 3427 1233 ἑαυτοῦ
3450 1180 3621 1251 μαθη-

2040 1269 2160 1330 ταῖς
2181 1265 2271 1321 τὸν
2296 1267 2468 1337 λόγον.
2508 1266 2695 1340 Τροφὴ
2726 1269 2835 1341 γάρ
2876 1271 3023 1323 ἔστιν
3058 1271 3090 1340 ἡ
3120 1268 3344 1335 δίδαξις,
3374 1272 3469 1324 καὶ
3518 1270 3617 1324 τοῦ

2041 1357 2350 1425 τρέφοντος.
2368 1357 2527 1411 Ἀλλά
2557 1355 2736 1426 δεῦρο,
2753 1360 2849 1412 καὶ
2881 1360 3040 1430 ἡμεῖς
3056 1360 3149 1413 τοῦ
3181 1362 3348 1432 νόμου
3383 1361 3621 1432 μεταλά-

2043 1444 2226 1517 ϐωμεν
2249 1446 2636 1515 εὒαηελικῶς,
2656 1448 2790 1502 ἀλλὰ
2809 1449 2883 1518 μὴ
2907 1448 3167 1519 γραπτῶς
3190 1467 3204 1481 ·
3221 1449 3463 1513 τελείως,
3481 1450 3620 1504 ἀλλὰ

2046 1536 2120 1607 μὴ
2158 1536 2399 1600 ἀτελῶς’
2429 1538 2637 1602 ἀϊδίως,
2685 1539 2821 1592 ἀλλά
2860 1541 2933 1610 μὴ
2966 1539 3336 1612 προσκαίρως.
3373 1541 3620 1613 Ποιησώ-

2046 1628 2185 1699 μεθα
2218 1628 2482 1700 κεφαλὴν,
2518 1628 2592 1700 μὴ
2621 1628 2718 1701 τὴν
2747 1629 2899 1683 κάτω
2934 1630 3314 1701 Ἰερουσαλὴμ,
3351 1631 3488 1684 ἀλλὰ
3518 1631 3626 1702 τὴν

2043 1724 2155 1778 ἀνω
2181 1724 2542 1795 μητρόπολιν·
2579 1725 2653 1797 μὴ
2687 1724 2786 1797 τὴν
2813 1727 2919 1780 ὑπὸ
2961 1728 3338 1797 στρατοπέδων
3374 1727 3470 1784 νῦν
3514 1748 3621 1783 πα-

381 1817 568 1874 lestem
600 1816 966 1885 metropolim;
999 1830 1103 1870 non
1132 1829 1271 1875 eam.
1316 1816 1536 1884 inquam
1558 1855 1575 1878 ,
1629 1828 1748 1884 quae
1803 1830 1944 1869 nunc

2051 1793 2330 1886 τουμένην,
2360 1814 2495 1868 ἀλλὰ
2519 1793 2619 1888 την
2642 1793 2652 1797 ﬂ
2673 1793 2764 1870 ὑπ’
2798 1793 3046 1887 ἀγγέλων
3088 1818 3472 1890 δοξαζομένην.
3512 1819 3622 1874 Θύ-

383 1910 451 1964 ab
484 1908 808 1964 exercitibus
836 1907 1097 1971 calcatur,
1146 1907 1241 1962 sed
1294 1922 1415 1976 quae
1451 1908 1520 1961 ab
1552 1906 1757 1977 angelis
1787 1905 1945 1961 laude

382 2011 435 2056 et
461 1999 840 2070 prmdicatioue
861 1997 1101 2053 effertur.
1136 1997 1453 2060 Mactemus,
1484 2014 1589 2052 non
1623 1997 1820 2052 vitulos
1846 2011 1944 2052 nn-

383 2093 569 2157 vellos,
600 2106 698 2147 nec
731 2099 911 2162 agnos'
927 2104 1127 2146 cornua
1158 2092 1517 2159 producentes
1540 2097 1593 2144 et
1628 2090 1942 2160 ungulas",

383 2198 502 2253 quae
538 2197 727 2251 magna
752 2198 817 2237 ex
850 2190 1000 2250 parte
1028 2190 1237 2235 mortua
1262 2188 1408 2244 sunt,
1443 2195 1506 2233 ac
1529 2193 1688 2234 sensu
1719 2189 1939 2234 carent:

386 2288 569 2328 verum
606 2272 714 2328 Deo
743 2273 796 2326 in
832 2284 1066 2341 superno
1093 2272 1249 2325 altari
1278 2282 1400 2325 cum
1422 2270 1735 2324 caelestibus
1759 2270 1944 2325 choris

383 2364 706 2422 sacrificium
739 2364 910 2418 laudis
959 2362 1296 2418 immolemus
1350 2364 1417 2416 ⁷⁸.
1454 2358 1805 2415 Penetremus
1833 2361 1943 2430 pri-

383 2470 528 2510 mum
556 2455 821 2517 velamen,
857 2455 924 2508 ad
951 2452 1242 2508 secundum
1277 2453 1615 2515 accedamus,
1665 2451 1715 2504 in
1743 2450 1942 2505 Sancta

382 2557 689 2602 sanctorum
723 2545 1136 2614 pruspicimnus.
1190 2545 1385 2614 Atque,
1435 2553 1494 2597 ut
1518 2545 1689 2612 majus
1747 2542 1944 2609 aliquid

383 2639 583 2700 dicam,
632 2637 969 2691 immolemus
997 2650 1095 2691 nos
1151 2637 1291 2691 Deo:
1353 2636 1482 2700 imo,
1512 2633 1732 2705 singulis
1757 2634 1946 2688 diebus

384 2728 743 2797 nosmetipsos
788 2738 1073 2795 motusque
1125 2734 1313 2783 omnes
1368 2726 1726 2781 immolemus.
1752 2724 1943 2781 Omnia

383 2834 481 2887 pro
533 2817 712 2872 Verbo
770 2818 1123 2886 excipiamus,
1174 2832 1268 2886 per
1300 2816 1579 2884 passiones
1632 2814 1943 2870 Passiouem

383 2911 676 2972 imitemur,
716 2925 809 2977 per
863 2910 1178 2977 sanguinem
1223 2909 1539 2978 sanguinem
1599 2908 1944 2966 honoremus,

384 3015 600 3056 crucem
655 3000 864 3055 alacres
923 3001 1375 3054 conscendamus.
1406 2999 1599 3054 Dulces
1626 3009 1751 3052 sunt
1780 2994 1948 3068 865.

386 3094 544 3155 clavi,
570 3094 785 3146 tametsi
816 3093 970 3146 valde
1001 3092 1199 3146 acerbi.
1230 3091 1457 3145 Praestat
1482 3100 1602 3145 eum
1630 3091 1864 3155 Christo,
1892 3100 1948 3142 et
1974 3123 2015 3180 ο

383 3198 481 3253 pro
508 3184 724 3239 Christo
788 3184 921 3253 pati,
948 3198 1107 3252 quam
1158 3196 1277 3237 cum
1314 3183 1434 3237 aliis
1483 3182 1538 3235 in
1588 3180 1795 3236 deliciis
1821 3194 1946 3234 ver-

380 3289 441 3329 sa
451 3275 515 3329 ri.

455 3361 642 3417 XXIV.
668 3363 726 3417 Si
757 3361 939 3419 Simon
971 3364 1259 3433 Cyrenaeus
1290 3363 1613 3435 sis,fcruccm
1646 3362 1769 3419 tolle
1789 3364 1856 3429 ⁸ο,
1885 3378 1949 3417 ac

384 3466 630 3519 sequere.
669 3450 749 3515 Si,
780 3461 839 3504 ut
860 3451 1080 3516 latro”,
1101 3454 1247 3508 cruci
1279 3452 1436 3508 simul
1462 3452 1651 3508 aﬂixus
1674 3453 1860 3520 fueris,
1890 3465 1952 3508 ut

382 3543 469 3595 vir
502 3542 718 3610 probus,
751 3542 915 3597 Deum
956 3557 1188 3613 agnosce
1219 3561 1232 3597 :
1285 3543 1330 3597 si
1355 3542 1446 3597 ille
1471 3555 1683 3612 quoque
1732 3551 1951 3611 propter

383 3643 439 3688 te
471 3641 730 3703 tuumque
758 3644 1041 3703 peccatum
1079 3648 1199 3689 cum
1235 3635 1434 3705 iniquis
1485 3642 1765 3701 reputatus
1790 3634 1947 3697 sit",

383 3738 440 3780 tu
475 3734 696 3796 propter
718 3724 866 3779 illum
894 3726 1070 3794 justus
1124 3726 1241 3780 tias.
1294 3727 1471 3780 Adora
1527 3735 1614 3778 tua
1642 3740 1803 3778 causa
1830 3741 1950 3779 sus-

382 3830 645 3888 pensum;
667 3827 720 3873 et
752 3819 990 3887 pendens
1020 3818 1153 3886 ipse,
1196 3817 1328 3871 lucri
1361 3816 1560 3885 aliquid
1585 3831 1651 3870 ex
1689 3818 1803 3886 ipsa
1827 3830 1953 3884 quo-

384 3926 491 3981 que
541 3911 887 3981 improbitate
948 3911 1136 3981 collige
1182 3931 1196 3965 :
1251 3920 1423 3965 morte
1498 3910 1721 3964 salutem
1787 3924 1943 3963 eme:

385 4018 506 4057 cum
540 4001 666 4058 Iesu
696 4003 1002 4073 paradisum
1057 4003 1358 4073 ingredere,
1414 4010 1472 4057 ut
1510 4002 1795 4071 intelligas,
1826 4002 1949 4071 qui-

385 4095 486 4149 bus
515 4095 670 4150 bonis
720 4096 1018 4149 excideras.
1075 4093 1507 4148 Pulcliritudiues
1560 4093 1680 4147 illas
1711 4103 1950 4147 contem-

386 4185 535 4253 plare
566 4203 579 4238 :
610 4195 1062 4239 murmuratorem
1096 4199 1219 4239 cum
1281 4199 1377 4238 sua
1436 4182 1769 4250 blasphemia
1820 4181 1952 4236 foris

387 4275 523 4328 mori
552 4277 686 4330 sine.
720 4274 776 4329 Si
801 4273 997 4343 Josepb
1026 4275 1389 4349 Arimatbaaus
1437 4274 1514 4328 sis
1535 4273 1606 4341 ⁸³,
1654 4273 1721 4327 ab
1744 4289 1827 4338 eo,
1861 4274 1949 4341 qui

386 4364 532 4419 cruci
564 4363 753 4429 aliiin,
783 4380 978 4435 corpus
1007 4376 1162 4433 pete:
1214 4378 1361 4419 tuum
1418 4364 1509 4418 fiat
1558 4365 1739 4418 mundi
1766 4365 1949 4434 piacu-

2048 1923 2247 1977 σωμεν,
2289 1905 2365 1978 μὴ
2412 1904 2645 1978 μόσχους
2669 1909 2842 1972 νέους,
2897 1909 3031 1980 μηδὲ
3056 1911 3264 1980 ἀμνοὺς
3293 1911 3499 1982 κέρατα
3525 1913 3621 1965 ὲκο

2045 1997 2309 2070 φέροντας
2356 1999 2449 2051 καὶ
2496 1998 2689 2064 ὁπλὰς,
2727 2001 2858 2071 παρ’
2895 1996 2976 2064 οἷς
3024 1999 3158 2053 πολὺ
3196 2000 3259 2055 τὸ
3302 2001 3494 2070 νεκρὸν
3522 2002 3627 2057 καὶ

2045 2085 2400 2158 ἀναίσθητον·
2454 2087 2590 2142 ἀλλά
2641 2089 2892 2161 θύσωμεν
2929 2088 3009 2160 τῷ
3052 2088 3173 2160 Θεῷ
3225 2090 3414 2144 θυσίαν
3471 2091 3623 2145 αἰνέ-

2047 2195 2203 2243 σεως,
2247 2179 2339 2231 ἐπὶ
2386 2178 2448 2232 τὸ
2492 2180 2604 2234 ἄνω
2635 2178 3037 2251 θυσιαστήριον,
3070 2181 3206 2251 μετά
3234 2182 3332 2251 τῆς
3378 2180 3491 2235 ἀνω
3523 2199 3618 2252 χο-

2049 2268 2351 2340 ροστασίας.
2396 2270 2715 2341 Διάσχωμεν
2748 2271 2810 2325 τὸ
2836 2272 3050 2343 πρῶτον
3086 2273 3505 2344 καταπέτασμα,
3538 2273 3626 2345 τῷ

2043 2360 2276 2431 δευτέρῳ
2306 2360 2712 2432 προσέλθωμεν,
2743 2365 2822 2425 είς
2861 2362 2931 2416 τὰ
2981 2362 3149 2431 ’Ἅγια
3168 2362 3276 2417 τῶν
3310 2362 3481 2432 ἁγίων
3509 2380 3622 2418 πα-

2046 2450 2395 2522 ρακύψωμεν.
2426 2451 2580 2504 Εἴπω
2623 2452 2684 2504 τὸ
2715 2454 2919 2522 μεῖξον,
2952 2455 3102 2524 ἡμᾶς
3127 2453 3324 2518 αὐτοὺς
3356 2452 3617 2526 θύσωμεν

2043 2542 2122 2614 τῷ
2149 2541 2294 2612 Θεῷ·
2351 2543 2548 2613 μᾶλλον
2603 2544 2684 2610 δὲ,
2721 2543 2936 2614 θύωμεν
2968 2545 3086 2598 καθ’
3134 2545 3369 2616 ἑκάστην
3400 2546 3620 2617 ἡμέραν

2045 2633 2138 2687 καὶ
2166 2634 2348 2687 πᾶσαν
2379 2633 2615 2705 κίνησιν.
2666 2636 2852 2689 Πάντα
2880 2635 3020 2706 ὑπὲρ
3048 2636 3141 2689 τοῦ
3172 2636 3346 2704 Λόγου
3378 2634 3622 2708 δεχώμε-

2047 2724 2135 2791 θα,
2162 2724 2358 2778 πάθεσι
2389 2724 2451 2777 τὸ
2492 2725 2665 2789 πάθος
2713 2726 3028 2797 μιμώμεθα,
3060 2728 3253 2797 αἵματι
3279 2729 3340 2780 τὸ
3365 2723 3502 2799 αἷμα
3529 2745 3623 2782 σε·

2051 2816 2358 2888 μνύνωμεν,
2390 2818 2482 2870 ἐπὶ
2506 2817 2598 2870 τὸν
2629 2819 2858 2889 σταυρὸν
2896 2818 3136 2888 ἀνίωμεν
3167 2818 3457 2891 πρόθυμοι.
3490 2818 3622 2873 Γλυ-

2047 2911 2161 2971 κεῖς
2192 2909 2241 2961 οἱ
2271 2902 2412 2978 ἦλοι,
2444 2908 2539 2961 καὶ
2566 2910 2614 2960 εί
2646 2907 2767 2961 λίαν
2798 2908 3067 2980 ὀδυνηροί.
3097 2906 3172 2962 Τὸ
3202 2909 3311 2980 γὰρ
3335 2910 3449 2982 (2|)
3480 2911 3625 2980 μετά

2048 2999 2282 3070 Χριστοῦ
2307 2999 2558 3069 πάσχειν,
2582 3001 2676 3053 καὶ
2713 3000 2853 3071 ὑπὲρ
2876 3000 3130 3071 Χριστοῦ,
3164 2999 3259 3053 τοῦ
3297 3002 3415 3071 μετ’
3443 3001 3627 3057 ἄλλων

2047 3090 2256 3161 τρυφᾷν
2280 3089 2643 3162 αἱρετώτερον

2119 3360 2243 3416 KA'.
2278 3363 2376 3416 Ἂν
2412 3363 2596 3434 Σίμων
2622 3359 2688 3434 ᾗς
2715 3362 3043 3433 Κυρηναῖος,
3073 3364 3165 3417 τὸν
3206 3361 3439 3434 σταυρὸν
3466 3357 3625 3433 ἆρον,

2049 3456 2142 3507 καὶ
2172 3453 2550 3524 ἀκολούθησον.
2581 3454 2678 3506 Ἂν
2712 3454 3101 3526 συσταυρωθῇς
3132 3454 3207 3516 ὡς
3231 3453 3436 3525 λῃστὴς
3482 3452 3628 3525 (9.2),

2049 3544 2122 3607 ὡς
2149 3544 2443 3614 εὐγνώμων
2475 3544 2568 3597 τὸν
2608 3544 2740 3597 Θεὸν
2776 3543 3043 3615 γνώρισον
3072 3561 3087 3576 ο
3118 3546 3167 3598 εί
3200 3546 3454 3608 κάκεῖνος
3481 3546 3621 3616 μετά

2051 3637 2268 3706 ἀνόμων
2300 3635 2550 3706 ἐλογίσθη
2590 3635 2678 3689 διά
2707 3634 2765 3688 σὲ
2799 3636 2892 3688 καὶ
2941 3636 3039 3707 τὴν
3082 3635 3181 3707 σὴν
3224 3636 3521 3708 ἁμαρτίαν,
3558 3640 3633 3691 σὺ

2049 3724 2209 3794 γενοῦ
2234 3726 2303 3779 δι’
2336 3727 2545 3779 ἐκεῖνον
2579 3725 2822 3797 ἔννομος.
2869 3726 3254 3798 Προσκύνησον
3300 3728 3391 3781 τὸν
3428 3728 3517 3782 διὰ
3563 3728 3627 3782 σὲ

2051 3819 2430 3889 κρεμασθέντα
2489 3819 2622 3889 (ἓὸ),
2670 3820 2765 3871 καὶ
2818 3819 3205 3889 κρεμάμενος’
3258 3819 3521 3892 κέρδανόν
3568 3838 3626 3874 τι

2051 3910 2144 3965 καὶ
2177 3910 2328 3981 παρὰ
2348 3911 2447 3980 τῆς
2473 3911 2668 3973 κακίας
2688 3929 2701 3942 ·
2733 3909 2938 3980 ὤνησαι
2966 3910 3044 3981 τῷ
3077 3911 3290 3982 θανάτῳ
3319 3913 3417 3982 τὴν
3442 3929 3631 3984 σωτη-

2056 4000 2172 4070 ρίαν
2193 4016 2207 4031 ο
2234 4004 2313 4064 εἰς
2342 4002 2432 4054 τὸν
2470 4001 2796 4077 παράδεισον
2827 4000 3034 4054 εἴσελθε
3079 4002 3216 4073 μετὰ
3255 4003 3450 4073 Ἰησοῦ,
3482 4003 3627 4058 ὥστε

2056 4091 2245 4161 μαθεῖν
2269 4085 2343 4145 ὦν
2368 4093 2750 4156 ὲκπέπτωκας.
2805 4091 2886 4145 Td:
2915 4094 3034 4146 ἐκεῖ
3076 4093 3245 4165 κάλλη
3298 4092 3582 4166 θεώρησον
3606 4113 3623 4128 θ

2051 4181 2142 4236 τὸν
2170 4182 2475 4254 γογγυστὴν
2500 4184 2639 4252 ἄφες
2681 4184 2971 4239 ἀποθανεῖν
3018 4185 3142 4252 ἔξω,
3181 4185 3314 4255 μετά
3348 4185 3449 4257 τῆς
3497 4186 3637 4257 βλα-

2054 4276 2317 4347 σφημίας.
2347 4276 2467 4329 Κᾶν
2499 4278 2696 4347 Ἰωσὴφ
2712 4272 2778 4349 ᾖς
2810 4279 2837 4329 ὁ
2860 4277 2969 4330 ἀπὸ
2998 4276 3356 4347 Ἁριμαθαίας
3382 4278 3520 4349 (ει),
3539 4278 3628 4332 αῖ-

2052 4383 2216 4437 τησαι
2246 4366 2306 4418 τὸ
2341 4365 2500 4437 σῶμα
2531 4367 2682 4438 παρὰ
2710 4368 2804 4420 τοῦ
2846 4367 3234 4438 σταυροῦντος·
3268 4367 3358 4420 σὸν
3381 4368 3637 4437 γενέσθω

385 4454 514 4508 Ιιιιτι.
559 4454 614 4508 Si
646 4454 969 4511 Nicodamus
995 4457 1106 4521 sis,
1169 4466 1461 4510 nocturnus
1513 4454 1600 4510 ille
1631 4454 1722 4509 Dei
1753 4455 1944 4517 cultor,

2054 4456 2115 4510 τὺ
2146 4457 2238 4511 τοῦ
2268 4458 2475 4528 κόσμου
2506 4458 2818 4531 καθάρσιον.
2854 4459 2970 4513 Κᾶν
3003 4458 3312 4529 Νικόδημος
3355 4456 3442 4532 ᾖς,
3473 4461 3503 4513 ὁ
3533 4479 3627 4514 νυ-

385 4545 699 4600 funebribus
727 4547 1010 4613 unguentis
1034 4549 1211 4617 ipsum
1236 4563 1374 4617 unge
1398 4548 1465 4602 3‘.
1495 4545 1552 4601 Si
1587 4544 1755 4601 Maria
1794 4563 1943 4617 quae-

384 4638 505 4689 dam
546 4634 643 4699 sis,
673 4635 715 4688 si
744 4636 849 4689 alia
871 4635 1062 4704 Maria,
1110 4639 1155 4692 si
1208 4637 1444 4699 Salome,
1480 4639 1523 4692 si
1554 4635 1783 4703 Joauna,
1816 4636 1947 4691 dilu~

383 4723 800 4793 culolacrymas
854 4725 1137 4792 profunde.
1183 4725 1324 4789 Fac,
1365 4735 1426 4780 ut
1461 4726 1634 4795 prima
1672 4725 1941 4780 sublatum

401 4814 615 4884 apidem
642 4813 712 4878 ",
769 4815 988 4884 angelos
1020 4819 1181 4870 etiam
1218 4817 1467 4878 fortasse,
1513 4824 1673 4884 atque
1697 4815 1830 4870 adeo
1862 4815 1946 4871 1e-

383 4919 502 4958 sum
541 4903 741 4973 ipsum,
789 4905 993 4959 videas.
1037 4904 1286 4960 Nonnihil
1334 4905 1583 4974 loquere;
1618 4918 1799 4958 vocem
1847 4920 1946 4958 au-

2052 4546 2294 4616 κτερινὸς
2345 4547 2638 4618 θεοσεϐὴς,
2681 4549 2874 4620 μύροις
2923 4549 3084 4602 αὐτὸν
3122 4550 3467 4617 ὲνταφίασον.
3506 4550 3635 4604 Κᾶν

2050 4636 2233 4708 Μαρία
2264 4654 2348 4701 τις
2370 4633 2456 4711 ᾗς,
2490 4640 2593 4693 κᾶν
2616 4642 2650 4711 ἡ
2681 4639 2814 4711 άλλη
2852 4640 2964 4709 (25)
2991 4639 3193 4710 Μαρία,
3217 4640 3333 4693 κᾶν
3360 4640 3627 4711 Σαλώμη,

2051 4728 2154 4781 κᾶν
2199 4726 2439 4791 ’ῐωάννα,
2467 4729 2734 4802 δάκρυσον
2760 4731 2953 4803 ὀρθρία
2993 4730 3128 4802 (26).
3158 4728 3263 4784 Ἴδε
3296 4730 3488 4804 πρώτη
3530 4732 3635 4787 τῦν

2049 4816 2196 4870 λίθον
2229 4820 2487 4889 ἠρμένον,
2525 4820 2687 4891 τυχὸν
2714 4823 2771 4876 δὲ
2801 4825 2895 4877 καὶ
2924 4822 3049 4886 τοὺς
3074 4822 3358 4891 ἀγγέλους,
3391 4825 3487 4877 καὶ
3521 4825 3629 4896 ’1η-

2048 4910 2173 4963 σοῦν
2207 4911 2388 4968 αὐτόν.
2418 4912 2650 4983 Φθέγξω.
2685 4931 2765 4968 τιο
2796 4916 2977 4985 φωνῆς
3022 4914 3269 4968 ἄκουσον.
3306 4916 3403 4968 Ἂν
3457 4916 3629 4969 ἀκού-

452 5069 497 5100 ¹¹⁷
523 5066 902 5148 Ἀριαμένη,
933 5067 1023 5121 29.
1099 5064 1519 5148 ’ξρδαιμιξνιιῃ
1550 5066 1638 5121 52.
1716 5067 1928 5148 z’npsal:

2053 5088 2104 5137 ι,
2137 5074 2223 5127 14.
2301 5075 2346 5148 ἕθ
2372 5076 2500 5129 Luc.
2530 5092 2688 5139 nm,
2716 5075 2803 5130 26.
2880 5077 2922 5109 ⁸⁸
2958 5078 3084 5132 ibid.
3116 5079 3188 5133 40
3217 5094 3370 5148 seqq.
3444 5079 3491 5110 ⁸³
3517 5078 3625 5133 lsa.

385 5152 505 5205 mu,
538 5138 625 5191 12.
716 5139 762 5169 ⁸³
792 5137 919 5191 Luc.
953 5151 1106 5200 χχιιι,
1130 5136 1215 5187 50.
1292 5136 1335 5167 ⁸³
1361 5134 1513 5191 Joau.
1571 5152 1681 5202 xu,
1718 5136 1804 5191 39.
1880 5140 1923 5169 ⁸⁵

2051 5134 2117 5196 re.
2147 5160 2254 5209 va,
2295 5147 2344 5202 Ιι.

457 5296 569 5419 fligi)
598 5294 741 5364 de.
778 5294 933 5349 Deest
957 5295 1008 5348 in
1033 5294 1204 5365 ,Regg.
1238 5297 1325 5363 pb,
1357 5293 1452 5351 Or.
1483 5293 1533 5356 1,
1565 5294 1787 5365 aliisque
1808 5308 1943 5348 non-

457 5389 460 5418 ι
505 5380 570 5419 is.

388 5380 570 5422 lllllllS.

457 5435 570 5507 (22)
613 5435 709 5507 ἶῼς
736 5433 986 5507 λῃστής·
1016 5433 1148 5507 Res-
1178 5438 1271 5504 ph.
1306 5435 1382 5500 ὡς
1406 5439 1435 5507 ὁ
1461 5433 1681 5507 λῃστής·

459 5503 573 5575 (2'5)
602 5503 1038 5574 Κρεμασθέντα.
1100 5503 1154 5557 In
1183 5503 1947 5576 nonnullis,"6‘tdupw6évra,

387 5592 413 5627 ο
435 5575 582 5630 cruci
610 5576 849 5631 aflixum.
879 5594 897 5625 ι

459 5644 572 5715 (24)
624 5644 686 5697 '0
712 5644 826 5698 ἀπὸ
865 5644 1253 5712 Ἁριμαθαίας.
1311 5645 1498 5701 Plures
1543 5645 1719 5712 (3011).,
1764 5645 1855 5711 0r,
1894 5649 1945 5715 1,

388 5711 598 5783 Catan
634 5724 763 5783 etc.,
800 5716 827 5768 ὁ
873 5711 1236 5786 Ἀριμαθαῖος.

2122 5303 2232 5378 (25)
2265 5302 2456 5378 nam
2479 5305 2659 5378 άλλη.
2691 5307 2781 5362 Sic
2818 5306 3055 5376 quinque
3104 5305 3296 5378 Regg.,
3350 5306 3630 5362 duodecim

2056 5371 2230 5448 Cotin,
2255 5387 2359 5448 etc.
2396 5371 2552 5430 Deest
2579 5371 2703 5448 ὴῚιι
2725 5378 2809 5448 ed.

2124 5445 2235 5514 (26)
2280 5441 2612 5516 Δάκρυσον’
2640 5447 2862 5516 ὀρθρία.
2910 5444 3073 5516 cois].
3111 5445 3137 5498 1
3193 5444 3502 5516 etComb.,
3533 5441 3634 5516 δά-

2052 5513 2271 5588 κρυσον,
2303 5513 2684 5588 ⁸ἀκολούθησον
2731 5513 2867 5587 πρὸς
2915 5514 3117 5584 τάφον,
3162 5515 3471 5587 ἀπάντησον

2052 5582 2197 5708 ἕρξα,
2227 5604 2245 5636 ι
2266 5584 2435 5656 plora,
2482 5587 2549 5642 ad
2575 5582 2911 5658 'sepulcrum
2935 5582 3180 5653 sequere,
3209 5582 3468 5641 occurras
3491 5582 3638 5639 ditii-

2085 5671 2115 5708 u
2140 5670 2192 5708 o.
2222 5675 2244 5707 ι

2050 5669 2192 5710 ειιιο.
2222 5675 2244 5707 ι
