3898 6222
341 293 458 349 657

1278 291 1537 349 ORATIO
1570 292 1729 349 XLV.
1770 324 1839 336 -—
1876 292 1944 348 IN
1983 290 2309 349 SANCTUM
2345 290 2637 349 PASCHA.

3487 297 3609 353 658’

346 425 450 480 σῃι,
517 404 617 472 Μή
650 423 770 475 μου
800 404 1016 470 ἅπτου,
1063 407 1253 479 πόρρω
1293 407 1479 478 στῆθι,
1515 408 1805 481 σεϐάσθητι
1838 407 1928 463 τὸν

2037 407 2224 463 sculta.
2255 405 2312 461 Si
2351 405 2589 462 audieris
2618 422 2631 458 :
2658 403 2782 460 Non
2810 422 2888 460 me
2921 415 3131 477 tangere
3159 409 3226 474 ⁸⁸,
3252 413 3435 480 procul
3479 426 3587 483 sta,

351 493 550 561 Λόγον,
580 490 716 546 ἀλλὰ
748 492 822 564 μὴ
857 492 1123 567 λυπηθῇς.
1168 491 1289 548 Οἷδε
1325 496 1435 569 γὰρ
1473 492 1554 560 οἷς
1593 497 1729 569 ὀφθῇ
1772 498 1923 569 πρῶ-

344 603 463 639 τον.
510 585 851 653 Ἐγκαενισον
877 588 976 658 τὴν
1000 590 1297 644 ἀνάστασιν
1322 605 1334 619 '
1376 596 1441 664 τῇ
1474 593 1588 664 Eb;
1638 594 1922 669 βοήθησον,

344 681 417 750 τῇ
453 679 643 753 πρώτῃ
680 680 792 751 (27)
839 679 1103 753 πεσούσῃ,
1159 685 1226 753 τῇ
1266 682 1457 758 πρώτῃ
1486 685 1718 757 Χριστὸν
1751 687 1927 745 ἀσπά-

350 771 573 835 σασθαι,
606 773 700 825 καὶ
728 773 993 844 γνωρίσαι
1035 776 1144 837 τοῖς
1182 774 1472 846 μαθηταῖς.
1506 776 1670 830 Γενοῦ
1700 778 1923 849 Πέτρος,

348 860 387 930 ἢ
422 860 535 932 (28)
576 862 827 934 Ἰωάννης
847 879 860 891 ·
891 864 983 918 ἐπὶ
1010 864 1100 917 τὸν
1130 866 1298 935 τάφον
1331 866 1632 937 ἐπείχθητι,
1679 868 1926 939 ἀντιτρέ-

348 968 465 1021 χων
491 993 505 1016 ,
558 955 883 1026 συντρέχων,
929 957 1028 1027 τήν
1090 958 1259 1029 καλὴν
1325 960 1558 1031 ἅμιλλαν
1620 961 1929 1032 ἁμιλλώμε-

348 1060 444 1108 νος
473 1045 604 1115 (29).
638 1047 756 1101 Κᾶν
795 1049 1112 1121 προληφθῇς
1141 1051 1219 1121 τῷ
1262 1053 1452 1123 τάχει,
1492 1057 1558 1126 τῇ
1604 1055 1807 1125 σπουδῇ
1850 1055 1930 1109 νί-

350 1152 542 1208 κησον,
580 1138 654 1210 μὴ
705 1141 1033 1210 παρακύψας
1082 1144 1162 1206 εἰς
1204 1144 1264 1197 τὸ
1309 1147 1601 1215 μνημεῖον,
1639 1146 1753 1201 ἀλλ’
1784 1146 1928 1200 ἔνδον

346 1228 661 1301 γενόμενος.
688 1230 805 1284 Κᾶν
832 1230 906 1296 ὡς
935 1232 1136 1303 Θωμᾶς
1165 1234 1516 1308 ἀπολειφθῇς,
1537 1236 1645 1290 τῶν
1677 1237 1930 1309 μαθητῶν

353 1320 735 1389 συνηγμένων,
763 1316 846 1386 οἷς
874 1321 1106 1393 Χριστὸς
1130 1324 1511 1394 ἐμφανίζεται,
1542 1327 1668 1381 ὅταν
1692 1326 1826 1399 ἴδῃς,
1852 1328 1927 1398 μὴ

346 1409 692 1484 ἀπιστήσῃς·
725 1410 825 1467 κᾶν
857 1413 1185 1486 ἀπιστήσῃς,
1219 1418 1332 1480 τοῖς
1372 1416 1589 1484 λέγουσι
1620 1417 1927 1471 πίστευσοψ

348 1501 405 1552 εἰ
431 1500 489 1553 δὲ
518 1503 652 1571 μηδὲ
686 1502 915 1567 τούτοις,
946 1507 1059 1571 τοῖς
1086 1504 1278 1570 τύποις
1302 1507 1412 1561 τῶν
1437 1509 1580 1578 ἥλων
1606 1508 1927 1580 πιστώθητι.

356 1593 460 1644 Ἂν
489 1594 568 1655 εἰς
597 1592 722 1663 ᾅδου
755 1595 941 1667 κατίῃ,
969 1596 1320 1665 συγκάτελθε.
1346 1598 1519 1652 Γνῶθι
1540 1599 1634 1652 καὶ
1660 1598 1726 1652 τὰ
1752 1600 1929 1655 ἐκεῖσε

346 1680 449 1734 τοῦ
474 1681 711 1753 Χριστοῦ
743 1683 854 1752 (50)
880 1686 1171 1756 μυστήρια,
1210 1685 1294 1749 τίς
1327 1687 1359 1756 ἡ
1397 1686 1677 1758 οἰκονομία
1722 1685 1821 1755 τῆς
1862 1684 1932 1738 δι-

351 1771 497 1842 πλῆς
530 1771 902 1836 καταϐάσεως,
933 1773 1017 1839 τίς
1040 1776 1070 1828 ό
1095 1775 1252 1843 λόγος
1272 1794 1286 1807 ·
1313 1776 1500 1842 ἁπλῶς
1536 1776 1696 1841 σώζει
1723 1776 1929 1840 πάντας

346 1864 661 1934 ἐπιφανεὶς,
692 1865 722 1941 ἢ
750 1865 911 1923 κάκεῖ
927 1869 1054 1931 τοὺς
1093 1867 1446 1932 πιστεύοντας
1468 1869 1600 1940 (Si).

2035 499 2262 554 Verbum
2292 513 2572 564 venerare,
2604 512 2707 552 non
2759 509 2935 553 autem
2990 515 3176 553 nitere.
3204 499 3362 557 Novit
3388 506 3531 561 enim
3558 521 3589 559 a

2030 589 2225 659 quibus
2282 586 2514 657 primum
2561 586 2974 656 conspiciendus
3020 589 3107 643 sit.
3160 588 3592 647 Resnrrectionis

2025 683 2322 745 cncaenium
2343 680 2578 745 celebra;
2604 678 2727 735 Erae
2743 696 3021 747 succurre,
3041 697 3160 751 qua
3174 683 3402 751 primum
3418 684 3588 753 lapsa,

2028 775 2178 845 prior
2210 787 2426 842 quoque
2452 772 2727 827 Christum
2751 772 3029 839 salutavit,
3057 788 3123 828 ac
3155 774 3428 842 discipulis
3453 777 3593 830 indi-

2029 865 2192 923 cavit.
2225 864 2440 918 Petrnm
2475 864 2555 916 vel
2581 861 2842 921 Joannem
2895 864 3141 929 imitare,
3187 866 3252 923 ad
3286 867 3613 934 sepulcrutm

2029 971 2277 1025 propera,
2311 954 2472 1009 simul
2501 969 2562 1007 ac
2593 956 2839 1009 certatim
2870 969 3093 1009 currens
3125 955 3191 1021 ⁸⁷,
3232 964 3394 1026 atque
3427 957 3593 1012 hone-

2029 1062 2111 1109 sta
2146 1047 2491 1102 :enmlatione
2538 1047 2885 1102 contendens.
2914 1046 3070 1113 Quod
3109 1048 3153 1101 si
3186 1047 3462 1103 celeritate
3491 1064 3593 1105 anx-

2032 1141 2338 1204 tevertaris,
2367 1140 2544 1193 studio
2592 1139 2771 1202 vince,
2831 1153 2935 1192 non
2980 1139 3236 1195 inclinato
3284 1154 3508 1208 corpore
3536 1140 3603 1194 in-

2031 1238 2446 1285 nmnumentum
2468 1229 2863 1298 introspiciens,
2888 1229 2980 1283 sed
3004 1229 3056 1283 in
3077 1230 3248 1298 ipsum
3264 1230 3597 1299 ingrediens.

2031 1318 2182 1385 Quod
2206 1319 2274 1384 si,
2303 1317 2523 1373 Thema:
2555 1319 2745 1383 instar,
2777 1332 2807 1370 a
2858 1326 3001 1375 cmtu
3032 1317 3439 1387 discipulorum,
3467 1318 3591 1389 qni-

2030 1412 2133 1467 bus
2165 1410 2417 1479 apparuit
2449 1409 2721 1477 Christus,
2753 1408 3011 1475 abfueris,
3070 1420 3418 1478 posteaquam
3444 1409 3593 1464 vide-

2032 1505 2108 1560 ris
2128 1503 2198 1569 ⁸⁸,
2228 1517 2296 1557 ne
2330 1503 2405 1557 rei
2448 1501 2606 1556 [idem
2636 1502 2883 1571 abroges.
2938 1501 3090 1568 Quod
3127 1502 3172 1557 si
3205 1502 3259 1556 id
3314 1502 3410 1557 tibi
3436 1501 3590 1557 ﬁdem

2032 1609 2138 1648 non
2165 1593 2318 1659 facit,
2356 1594 2706 1649 narrantibus
2734 1592 2923 1647 saltem
2957 1593 3137 1653 crede.
3169 1593 3226 1649 Si
3264 1609 3330 1649 ne
3359 1594 3441 1651 bis
3473 1593 3593 1662 qui-

2033 1685 2174 1751 dem,
2207 1693 2265 1741 at
2309 1694 2460 1739 certe
2484 1682 2761 1739 clavorum
2788 1683 3227 1753 impressionibns
3243 1681 3401 1737 ﬁdem
3432 1681 3588 1737 habe.

2038 1775 2096 1830 Si
2129 1777 2180 1830 in
2210 1775 2478 1830 infernum
2510 1774 2818 1838 descendat,
2853 1773 3014 1828 simul
3051 1772 3333 1829 descende.
3366 1770 3440 1827 Ea
3463 1784 3595 1838 quo-

1966 1867 2008 1921 B
2043 1882 2147 1936 que
2176 1866 2437 1937 mysteria
2466 1879 2753 1935 cognosce,
2784 1879 2905 1933 quae
2933 1861 3181 1918 Christus
3209 1862 3321 1918 illic
3347 1861 3593 1930 designa-

355 1954 459 2016 vit,
487 1956 628 2023 quod
682 1954 909 2023 duplicis
943 1956 1239 2013 descensus
1271 1960 1555 2014 consilium
1582 1999 1601 2025 ,
1647 1975 1766 2030 quae
1794 1960 1933 2015 ratio
1969 1958 2177 2021 fuerit:
2224 1967 2403 2030 utrum
2451 1970 2640 2013 attines
2692 1957 2812 2010 sine
2860 1953 2964 2011 ulla
2996 1954 3314 2023 exceptione
3367 1953 3593 2011 adventu

356 2058 464 2099 suo
497 2044 672 2100 salvos
725 2043 937 2111 fecerit,
982 2063 1049 2101 an
1090 2048 1200 2104 illic
1245 2064 1458 2120 quoque
1502 2029 1781 2116 duntaxat,
1832 2051 1923 2120 qui
1950 2029 2334 2105 crediderunt:

428 2137 558 2190 KE’.
592 2136 709 2191 Κᾶν
756 2139 837 2201 εἰς
896 2140 1159 2210 οὐρανοὺς
1213 2141 1357 2212 ἀνίῃ,
1421 2142 1727 2201 συνάνελθε·
1777 2140 1934 2212 γενοῦ

2102 2138 2266 2210 865
2295 2137 2461 2194 XXV.
2491 2138 2545 2194 Si
2576 2139 2627 2193 in
2648 2138 2815 2196 cmlos
2850 2138 3126 2201 ascendat,
3145 2137 3303 2193 simul
3333 2137 3593 2192 ascende:

357 2229 500 2300 μετὰ
543 2229 652 2282 τῶν
673 2231 1150 2303 παραπεμπόντων
1188 2232 1455 2302 ἀγγέλων,
1490 2233 1522 2305 ἢ
1563 2234 1670 2288 τῶν
1716 2233 1928 2304 δεχομέ-

2037 2231 2418 2289 comitantibus
2455 2230 2539 2287 vel
2576 2230 2968 2300 excipientibus
3004 2229 3208 2297 angelis
3259 2240 3310 2284 te
3347 2229 3593 2303 adjunge.

348 2336 487 2373 νων.
532 2319 786 2390 Ἀρθῆναι
837 2323 957 2384 ταῖς
1001 2321 1197 2385 πύλαις
1254 2322 1595 2377 διακέλευσαι
1622 2364 1638 2389 ,
1684 2322 1935 2393 ὑψηλοτέ-

346 2428 485 2483 ραις
511 2410 797 2479 γενέσθαι,
848 2412 916 2466 ἵν’
960 2413 1026 2465 ὲκ
1069 2412 1163 2466 τοῦ
1197 2412 1309 2485 (52)
1364 2413 1556 2469 παθεῖν
1608 2414 1935 2486 ὑψηλότερον

346 2502 631 2566 δέξωνται.
682 2503 997 2573 ’Δπόκριναι
1018 2508 1130 2569 τοῖς
1167 2504 1428 2577 ἀποροῦσι
1448 2506 1536 2561 διὰ
1556 2507 1616 2561 τὸ
1636 2507 1812 2579 σῶμα,
1840 2508 1934 2562 καὶ

349 2593 428 2647 τὰ
456 2592 550 2646 τοῦ
590 2592 804 2657 Πάθους
827 2594 1090 2665 σύμϐολα,
1119 2590 1199 2659 οἷς
1235 2597 1309 2666 μὴ
1357 2595 1629 2651 κατελθὼν
1659 2597 1768 2668 (55)
1806 2615 1931 2650 συν-

350 2684 667 2755 ανέρχεται,
722 2686 816 2739 καὶ
846 2686 935 2740 διὰ
987 2686 1143 2751 τοῦτο
1171 2686 1606 2758 πυνθανομένοις·
1640 2688 1734 2752 Τίς
1763 2687 1934 2742 ἐστιν

347 2772 538 2840 οὗτος
559 2779 591 2831 ό
612 2775 914 2844 ,ϐασιλεὺς
945 2776 1056 2847 τῆς
1075 2777 1260 2844 δόξης
1279 2794 1298 2841 ;
1324 2778 1406 2833 ὅτι
1427 2779 1639 2846 Κύριος
1658 2778 1932 2847 κραταιὸς

351 2868 460 2921 καὶ
486 2867 742 2934 δυνατὸς
766 2869 824 2920 ὲν
845 2868 978 2922 πᾶσί
1015 2886 1074 2922 τε
1103 2866 1183 2934 οἷς
1215 2870 1300 2924 ἀεὶ
1322 2870 1605 2942 πεποίηκε,
1641 2872 1735 2925 καὶ
1762 2875 1924 2935 ποιεῖ,

346 2958 553 3029 ,καὶτῷ
582 2959 676 3013 νῦν
709 2959 928 3030 πολέμῳ
967 2961 1062 3013 καὶ
1094 2962 1485 3035 τροπαεῳοπερὶ
1511 2963 1613 3034 τῆς
1648 2964 1927 3035 ἀνθρωπό-

2031 2322 2227 2389 Portis,
2276 2332 2333 2377 ut
2389 2323 2706 2385 attolluntur
2733 2323 2780 2354 θ’
2818 2337 2883 2376 ac
2921 2321 3265 2377 sublimiores
3303 2320 3466 2385 (lant,
3491 2320 3594 2374 imo

2028 2429 2183 2482 pera,
2212 2428 2319 2483 quo
2340 2429 2368 2468 a
2401 2413 2647 2483 passione
2669 2414 3034 2469 sublimiorem
3068 2414 3302 2483 capiant.
3338 2410 3463 2478 llis,
3503 2411 3594 2479 qui

2031 2511 2249 2577 propter
2278 2517 2475 2572 corpus
2505 2511 2558 2556 et
2586 2501 2858 2557 Passionis
2886 2502 3037 2571 signa
3057 2539 3073 2564 ,
3105 2516 3222 2572 quae
3254 2501 3307 2554 in
3333 2501 3592 2555 descensu

2030 2608 2136 2649 non
2171 2593 2331 2655 allata
2358 2635 2374 2660 ,
2407 2610 2589 2655 secum
2619 2592 2917 2655 ascendens
2947 2593 3100 2657 tulit,
3150 2603 3327 2647 mente
3354 2592 3510 2647 dubia
3542 2603 3595 2648 et

2029 2684 2252 2752 ancipiti
2303 2694 2459 2750 sunt,
2490 2695 2652 2753 atque
2704 2685 2825 2739 ideo
2871 2692 3327 2753 percunctantur:
3361 2682 3490 2749 Quis
3518 2695 3590 2738 est

2030 2776 2128 2839 iste
2168 2775 2282 2831 Rex
2310 2775 2535 2845 gloriariD
2580 2775 2842 2844 responde
2888 2793 2902 2828 :
2936 2774 3188 2829 Dominus
3232 2775 3380 2840 fortis
3416 2785 3461 2826 et
3502 2791 3594 2842 po-

2027 2876 2136 2920 tens
2163 2868 2231 2933 9°,
2266 2877 2377 2923 tutu
2413 2868 2464 2920 in
2508 2868 2575 2922 iis
2611 2866 2893 2929 omnibus,
2937 2880 3055 2934 qua?
3101 2880 3312 2934 semper
3344 2865 3506 2931 fecit,
3542 2874 3599 2918 et

2034 2957 2179 3024 facit,
2222 2968 2332 3011 tum
2390 2959 2442 3012 in
2482 2960 2734 3027 przcseuti
2790 2959 2928 3015 bello
2977 2974 3040 3014 ac
3082 2968 3308 3028 tropaeo,
3362 2974 3455 3021 pro
3497 2959 3605 3011 iure

350 3066 538 3119 τητος·
568 3050 661 3104 καὶ
687 3050 774 3116 δὺς
822 3050 898 3122 τῷ
929 3054 1100 3124 διπλῳ
1136 3055 1234 3124 τῆς
1277 3056 1596 3125 ἐρωτήσεως
1615 3054 1805 3125 διπλῆν
1835 3055 1928 3126 τὴν

2037 3066 2190 3107 tuam:
2225 3063 2419 3105 natura
2459 3064 2678 3119 erecto;
2720 3066 2783 3106 ac
2823 3051 3023 3121 duplici
3066 3052 3467 3119 interrogationi
3512 3066 3596 3105 re—

354 3138 670 3211 ἀπόκρισιν.
702 3141 818 3195 Κᾶν
843 3141 1179 3212 θαυμάζωσι,
1213 3142 1459 3210 λέγοντες
1492 3143 1602 3213 (54)
1623 3185 1639 3210 ,
1672 3143 1813 3197 κατὰ
1834 3144 1932 3215 τὴν

368 3231 591 3282 Ἡσαΐου
623 3229 1062 3303 δραματουργίαν
1085 3232 1216 3303 (55)
1246 3232 1345 3299 Τίς
1369 3228 1590 3298 οὗτοςό
1610 3234 1933 3304 παραγενό-

340 3337 539 3390 μενος
565 3320 634 3384 ἐξ
660 3320 869 3390 Ἔδὼμ,
904 3322 999 3376 καὶ
1014 3322 1119 3375 τῶν
1142 3323 1379 3393 γηίνων;
1411 3323 1469 3395 ἢ,
1489 3323 1613 3386 Πῶς
1632 3324 1837 3398 ἐρυθρὰ
1864 3325 1933 3379 τὰ

352 3410 553 3479 ἱμάτια
575 3409 668 3462 τοῦ
693 3410 816 3463 ἁναῐ
824 3428 923 3482 μου
954 3412 1048 3465 καὶ
1075 3411 1387 3482 ἀσωμάτου,
1403 3412 1477 3475 ώς
1501 3411 1814 3483 ληνοϐάτου,
1840 3414 1933 3467 καὶ

352 3499 540 3572 πλήρη
566 3498 727 3571 ληνὸν
773 3502 1146 3572 πατήσαντοςς
1204 3502 1477 3575 προϐαλοῦ
1515 3504 1577 3558 τὸ
1609 3505 1809 3577 ὡραῖον
1836 3504 1934 3576 τῆς

353 3591 553 3664 στολῆς
576 3592 669 3646 τοῦ
701 3593 1035 3658 πεπονθότος
1077 3593 1347 3664 σώματος,
1386 3593 1464 3666 τῷ
1522 3595 1692 3650 Πάθει
1728 3594 1934 3651 καλλω-

352 3682 665 3747 πισθέντος,
688 3682 783 3739 καὶ
819 3685 884 3755 τῇ
936 3683 1161 3756 Θεότητι
1186 3683 1647 3757 λαμπρυνθέντος,
1676 3681 1745 3757 ἧς
1781 3683 1933 3738 οὐδὲν

347 3771 782 3846 ἐρασμιώτερον,
825 3773 1316 3859 ούδὲώραιότερον.

427 4048 573 4117 KG'.
599 4048 743 4121 Πρὸς
758 4065 931 4103 ταυτα
956 4049 1009 4102 τί
1040 4065 1204 4119 φασιν
1234 4051 1367 4120 ἡμῖν
1384 4052 1432 4103 oi
1454 4049 1928 4124 συκοφανται(56),

343 4142 408 4196 οἱ
442 4141 627 4212 πικροὶ
653 4141 754 4211 τῆς
786 4140 1050 4212 Θεότητος
1100 4139 1366 4209 λογισταὶ,
1404 4142 1453 4195 οὶ
1506 4142 1798 4213 κατήγοροι
1825 4140 1931 4195 τῶν

347 4232 783 4302 ἐπαινουμένων,
817 4233 867 4286 οἱ
898 4232 1162 4287 σκοτεινοὶ
1205 4234 1331 4306 περὶ
1358 4233 1420 4286 τὸ
1447 4233 1582 4305 φῶς,
1603 4235 1651 4287 οἱ
1685 4234 1813 4304 περὶ
1832 4232 1931 4305 τὴν

350 4323 551 4394 σοφίαν
580 4323 911 4389 ἀπαίδευτοι,
939 4324 1078 4395 ὑπὲρ
1093 4316 1167 4377 ὧν
1191 4323 1422 4397 Χριστὸς
1449 4323 1655 4395 δωρεὰν
1670 4321 1927 4388 ἀπέθανε,

344 4415 426 4471 τά
450 4416 717 4488 ἀχάριστα
746 4416 1046 4487 κτίσμα-τα,
1079 4415 1146 4470 τὰ
1176 4415 1271 4470 τοῦ
1319 4414 1552 4487 πονηροῦ
1598 4415 1925 4487 πλάσματας

341 4511 529 4565 Τοῦτο
553 4511 807 4580 ἐγκαλεῖς
852 4510 973 4583 Θεῷ
999 4509 1096 4583 τὴν
1132 4511 1487 4583 εὐεργεσίαν;
1513 4508 1601 4564 διὰ
1632 4508 1790 4563 τοῦτο
1835 4527 1926 4580 μι-

344 4604 504 4674 κρὸς,
563 4604 645 4657 ὅτι
674 4603 760 4657 διὰ
801 4603 860 4656 σὲ
888 4603 1177 4669 ταπεινός;
1235 4604 1320 4657 ὅτι
1350 4603 1444 4657 ἐπὶ
1471 4602 1533 4656 τὸ
1581 4601 1928 4673 πλανώμενον

344 4694 514 4768 ἦλθεν
541 4696 570 4747 ὁ
613 4696 828 4768 Ποιμήν
856 4698 885 4750 ὁ
923 4697 1160 4763 καλὸς,ὁ
1205 4695 1375 4760 τιθεὶς
1420 4695 1519 4768 τὴν
1566 4694 1743 4767 ψυχὴν
1789 4695 1929 4768 ὑπὲρ

350 4785 461 4842 τῶν
487 4787 796 4858 προϐάτων,
826 4788 919 4841 ὲπὶ
944 4787 1013 4842 τὰ
1042 4788 1142 4861 ὅρη
1176 4788 1270 4842 καὶ
1314 4788 1440 4851 τοὺς
1473 4787 1712 4857 βουνοὺς,
1742 4787 1828 4857 ἐφ’
1854 4779 1930 4841 ὧν

449 4907 916 4972 “Joan.xx,l7.
987 4908 1276 4963 "ibid.2.
1390 4908 1586 4963 “ibid.
1622 4907 1846 4978 etsqq.

338 4980 397 5012 ⁴¹
421 4976 658 5041 Juan.x,
683 4978 768 5032 Η.

445 5091 538 5162 27)
574 5090 654 5162 Τῇ
673 5091 896 5162 πρώτῃ.
937 5091 1031 5162 Sic
1056 5089 1414 5162 codd.__Degst
1448 5088 1515 5158 τῇ
1551 5087 1601 5140 in
1631 5089 1716 5162 ed.

444 5157 536 5227 28)
563 5157 892 5231 Πέτρὸς,ἦ.
932 5161 989 5214 1η
1021 5159 1307 5231 nonnullis,
1335 5157 1560 5231 Πέτρος,
1590 5157 1704 5210 καί.

421 5227 538 5304 (ea)
572 5227 1234 5304 :Atitllgﬂﬁgroc._0r._l.
1263 5227 1648 5304 ἁμιλλώμενοι.
1693 5296 1708 5304 _
1775 5294 1808 5304 Α
1875 5294 1900 5304 _

564 5294 852 5370 Χρίστοῦῖ
881 5294 1018 5372 Reg.
1041 5301 1099 5362 lt.
1144 5299 1252 5355 duo
1280 5294 1431 5354 Coll).
1477 5294 1531 5352 et
1561 5297 1655 5353 0r.
1687 5296 1738 5366 1,
1768 5294 1927 5359 Θεοῦ,

503 5409 519 5423 .
543 5388 563 5421 ι

341 5388 365 5422 1
400 5385 519 5424 uel.
543 5388 563 5421 ι

420 5438 535 5507 (51)
570 5441 994 5507 Πιστεύοντας.
1048 5438 1103 5495 In
1132 5438 1473 5507 quihusdam,
1513 5436 1926 5507 πιστεύσαντας.

418 5505 533 5576 (39)
565 5510 667 5564 ἰγ’
697 5511 766 5563 ἐκ
800 5510 926 5565 τοῦ.
951 5505 1114 5565 Coisl.
1146 5505 1211 5576 -Ι,
1238 5508 1323 5561 ἵνα
1348 5507 1439 5561 τὸν
1480 5509 1544 5559 ὲκ
1575 5505 1687 5559 τοῦ.

419 5576 534 5647 (55)
562 5579 891 5634 Κατελθών.
920 5579 1085 5634 Coisl.
1110 5580 1159 5639 l,
1191 5576 1589 5647 συγκατελθών.

340 5645 904 5771 λέᾷὃζζθαυμὰζωσι
947 5649 1247 5717 λέγοντες.
1272 5645 1280 5647 ἡ
1308 5647 1498 5715 Savil.,
1555 5645 1921 5718 Θαυμάζοντες

442 5734 527 5771 ωσ

410 5732 547 5786 γωσι

1954 4907 1999 4941 ⁸³
2026 4906 2171 4963 Psal.
2204 4923 2358 4972 xxm,
2386 4907 2439 4966 7,
2470 4906 2524 4961 9.

2035 3158 2291 3211 sponsum
2330 3142 2529 3214 duplex
2563 3144 2815 3213 repende.
2854 3144 3009 3210 Quod
3039 3144 3106 3209 si,
3137 3145 3428 3199 secundum
3469 3143 3595 3203 dra-

2032 3233 2280 3287 maticum
2306 3233 2447 3288 illam
2479 3234 2616 3303 apud
2652 3233 2842 3290 Isaiam
2885 3250 3236 3304 personarum
3265 3236 3593 3304 loquentium

2035 3323 2419 3390 inductionem,
2450 3324 2809 3381 admiratione
2835 3326 3018 3392 deﬁxi,
3050 3327 3281 3382 dixerint
3315 3342 3331 3381 :
3362 3326 3491 3393 Quis
3520 3336 3594 3383 est

2032 3420 2148 3481 iste,
2176 3421 2265 3490 qui
2289 3420 2352 3475 de
2396 3420 2590 3484 Edam,
2627 3422 2894 3490 rebusque
2934 3424 3162 3479 terrenis
3197 3423 3327 3483 venit
3354 3422 3434 3475 9‘?
3469 3432 3593 3487 ant,

2032 3509 2312 3579 Quomodo
2342 3510 2499 3566 rubra
2528 3522 2654 3567 sunt
2680 3513 2821 3582 ejus,
2857 3515 2947 3581 qui
2988 3514 3268 3581 sanguinis
3301 3529 3362 3566 ac
3399 3528 3593 3581 corpo-

2035 3601 2110 3656 ris
2134 3616 2330 3672 expers
2355 3610 2458 3669 est,
2498 3602 2814 3661 vestimenta
2843 3644 2858 3670 ,
2904 3619 3006 3658 non
3046 3617 3201 3659 secus
3231 3618 3292 3657 ac
3324 3602 3594 3667 vinitoris,

2031 3692 2122 3763 qui
2179 3693 2417 3749 torcular
2476 3692 2691 3763 plenum
2753 3694 3082 3751 calcaverit?
3147 3695 3297 3753 stolae
3356 3696 3596 3764 corporis

2030 3785 2174 3854 passi
2224 3784 2677 3856 pulchritudinem
2719 3799 2785 3842 ex
2819 3786 3047 3843 adverso
3079 3785 3278 3855 profer,
3318 3787 3459 3857 quod
3499 3801 3597 3854 per

2032 3873 2348 3929 Passionem
2382 3884 2702 3929 exornatum
2725 3883 2830 3938 est,
2853 3889 2917 3929 ac
2943 3890 3040 3945 per
3062 3874 3346 3940 Deitatem,
3370 3890 3476 3944 qua
3500 3891 3597 3930 nec

2031 3965 2314 4021 amabilius
2334 3965 2649 4036 quidquam,
2671 3982 2771 4023 nec
2794 3967 3071 4039 pulchrius
3088 4008 3104 4032 ,
3131 3968 3486 4038 exsplenduit.

2103 4054 2289 4111 XXVI.
2325 4055 2462 4127 Quid
2514 4058 2582 4113 ad
2631 4056 2746 4111 haec
2788 4058 2946 4113 nobis
2997 4058 3340 4130 sycophantae
3386 4059 3592 4121 dicunt,

2031 4151 2246 4219 acerbi,
2276 4152 2528 4219 inquam,
2559 4149 2645 4205 isti
2676 4148 2986 4204 Divinitatis
3019 4165 3380 4220 expensores,
3413 4165 3591 4204 rerum

2031 4242 2377 4298 honestarum
2411 4250 2466 4298 et
2496 4240 2842 4303 laudabilium
2873 4243 3312 4311 reprehensores,
3341 4244 3484 4298 circa
3514 4242 3595 4296 ln-

2030 4347 2148 4387 cem
2178 4332 2481 4398 tenebrosi,
2511 4333 2654 4388 circa
2684 4333 3004 4401 sapientiam
3048 4334 3319 4402 imperiti,
3352 4349 3448 4401 pro
3477 4337 3595 4403 qui-

2036 4424 2136 4478 bus
2165 4422 2413 4479 Christus
2432 4423 2602 4492 gratis
2639 4434 2879 4479 mortuus
2916 4435 3019 4488 est,
3067 4425 3289 4494 ingrata:
3313 4435 3594 4491 creatum,

2033 4514 2183 4585 pravi
2224 4513 2369 4570 illius
2404 4513 2690 4583 ﬁgmenta?
2727 4512 2941 4571 Siccine
2978 4515 3088 4571 Deo
3130 4517 3445 4575 beneﬁcium
3490 4518 3594 4571 cri-

2035 4606 2163 4660 mini
2201 4605 2403 4659 vertis?
2445 4604 2593 4660 Eone
2638 4621 2837 4675 parvus
2862 4617 2975 4671 est,
3004 4608 3134 4677 quia
3174 4618 3393 4678 propter
3420 4617 3471 4663 te
3499 4607 3597 4663 bu-

2037 4697 2199 4761 milis,
2222 4697 2348 4766 quia
2382 4696 2448 4753 ad
2478 4711 2635 4755 ovem
2664 4706 2934 4755 errantem
2960 4699 3132 4753 bonus
3165 4699 3254 4754 ille
3289 4698 3477 4754 Pastor
3503 4713 3597 4753 ve-

2039 4787 2148 4853 nit,
2173 4789 2404 4840 animam
2431 4800 2585 4842 suam
2613 4802 2711 4856 pro
2733 4788 2925 4842 ovibus
2954 4802 3161 4858 ponens
3185 4790 3253 4855 9',
3289 4791 3356 4844 ad
3389 4798 3597 4865 montes

2642 4907 2690 4941 ”
2724 4906 2854 4962 ibid.
2883 4907 2940 4967 8.
3039 4910 3083 4943 “
3112 4908 3212 4965 lsa.
3237 4925 3389 4976 um,
3423 4911 3441 4964 Ι
3474 4925 3592 4980 sqq.

2110 5091 2220 5165 (35)
2248 5093 2746 5167 Δραματουρτίαν.
2789 5093 3082 5167 Gregorius
3101 5097 3189 5161 hic
3216 5111 3319 5151 non
3350 5095 3596 5167 intelligit

2028 5161 2215 5233 falsam
2247 5161 2711 5233 cmn’position‘em,
2744 5161 2932 5233 quales
2984 5176 3110 5221 sunt
3161 5177 3312 5222 actus
3367 5161 3590 5221 fabulosi

2028 5232 2222 5306 quibus
2249 5232 2551 5306 dramatica
2588 5232 2831 5302 poemata
2855 5236 3216 5293 coniiciuntur
3255 5255 3269 5289 :
3298 5238 3388 5293 sed
3421 5251 3605 5306 genus.

2028 5302 2297 5358 scribendi
2327 5301 2398 5356 ita
2425 5301 2754 5374 institutum,
2793 5315 2851 5359 ut
2886 5321 3142 5374 personas
3187 5301 3466 5374 loquentes
3490 5307 3586 5361 ha-

2028 5374 2169 5437 beat,
2210 5373 2656 5440 quemadmodum
2687 5375 2738 5427 in
2762 5373 2911 5430 Isaiae
2933 5377 3108 5431 verbis
3138 5373 3418 5430 habentur.

2099 5442 2210 5512 (56)
2250 5442 2407 5515 Πρὸς
2438 5442 2624 5497 ταῦτα
2652 5444 2710 5496 τι
2753 5460 2942 5514 φασιν
2988 5445 3132 5513 ἡμῖν
3176 5447 3232 5499 οἱ
3280 5443 3590 5515 συκοφάν-

2027 5529 2140 5577 ται,
2167 5522 2270 5566 etc.
2300 5512 2421 5567 Hmc
2450 5524 2503 5566 et
2538 5512 2816 5582 sequentia
2869 5512 3037 5582 usque
3057 5517 3122 5568 ad
3156 5515 3314 5569 linem
3350 5512 3462 5570 fere
3491 5532 3587 5570 nn-

2029 5583 2160 5636 meri
2182 5582 2275 5707 219i
2299 5585 2478 5709 νιῖνιὶιέ
2482 5585 2546 5638 ad
2571 5587 2787 5641 verbum
2814 5593 3121 5645 mutuantur
3142 5601 3207 5639 ex
3234 5585 3326 5641 0r.
3356 5600 3586 5652 ιιιιίιι,

2029 5668 2173 5707 num.
2244 5692 2251 5695 ι
2314 5668 2339 5709 e
2482 5692 2495 5705 .

2027 5668 2173 5707 num.
2209 5655 2275 5707 Η
2314 5662 2368 5709 et
2410 5655 2495 5709 15.
