3898 6222
356 350 463 407 659

1598 349 1655 403 S.
1698 344 2029 405 GREGORH
2071 342 2413 399 THEOLOGI

3504 350 3617 405 660

354 475 411 520 et
441 462 605 518 colles
628 505 641 529 ,
677 464 729 516 in
764 465 957 533 quibus
986 466 1415 533 sacriticabas”,
1448 477 1503 521 et
1526 479 1800 523 errantem
1835 470 1918 521 in-

2054 464 2323 528 Ουσίαζες,
2353 477 2447 516 και
2479 462 2826 533 πλανὼμενον
2862 464 3009 537 εὗρε,
3042 467 3135 519 καὶ
3192 466 3364 538 εὑρὼν
3390 466 3613 522 ἐπὶτῶν

356 560 528 621 venit,
553 568 607 610 et
641 556 934 621 inventam,
972 558 1159 612 iisdem
1198 558 1454 620 humeris,
1491 561 1687 629 quibus
1715 571 1769 614 et
1804 575 1897 614 cru

358 649 438 700 cis
472 648 693 716 lignum,
718 648 959 711 sustulit,
991 655 1046 701 et
1079 658 1354 715 acceptam
1379 689 1393 713 ,
1427 651 1491 703 ad
1531 665 1815 719 supernam
1845 652 1925 703 vi-

361 749 470 791 tam
512 739 752 800 reduxit,
797 753 969 805 eoque
1009 739 1321 794 subvectam
1369 744 1556 795 eodem
1597 757 1818 796 numero
1847 752 1927 795 at-

364 844 469 897 que
491 830 680 884 ordine
706 829 1010 893 collocavit,
1041 845 1149 899 quo
1174 845 1288 895 eas,
1319 846 1439 900 qua:
1456 833 1678 887 minime
1704 834 1928 887 aberra-

361 921 528 975 runt?
579 921 710 986 Quia
768 921 1081 987 lucernam,
1140 923 1242 976 hoc
1299 931 1416 985 est,
1476 938 1693 977 carnem
1752 938 1926 988 suam,

364 1012 645 1077 accendit;
696 1022 749 1068 et
789 1014 1005 1068 domum
1050 1015 1248 1069 everrit
1283 1015 1353 1078 ’⁸,
1385 1016 1641 1068 mundum
1672 1016 1927 1070 sciliceta

363 1114 586 1171 peccato
640 1117 970 1174 repurgans,
999 1113 1051 1158 et
1081 1106 1415 1170 drachmam,
1449 1106 1650 1176 regiam
1686 1106 1932 1162 videlicet

362 1193 651 1263 imaginem
688 1195 843 1249 foedis
866 1194 1144 1251 affectibus
1178 1198 1448 1260 obrutam,
1483 1198 1823 1266 conquisivit,
1850 1210 1932 1253 at-

362 1301 469 1355 que
517 1287 721 1342 amicas
766 1289 866 1343 sibi
923 1289 1147 1344 virtutes
1177 1291 1247 1343 ob
1294 1299 1563 1359 repertam
1615 1291 1930 1345 drachmam

363 1384 649 1440 convocat,
678 1376 982 1446 laetitiaque
1008 1378 1301 1446 participes
1329 1378 1476 1444 facit,
1514 1394 1650 1449 quas
1674 1379 1929 1433 lncarua-

364 1466 528 1519 tionis
568 1480 783 1535 quoque
826 1468 1073 1521 c0nscias
1126 1467 1415 1523 elfecerat?
1464 1469 1597 1536 Quia
1654 1469 1928 1523 lucernam

364 1557 617 1624 praeviam
650 1559 739 1611 lux
768 1557 854 1610 illa
888 1557 1187 1613 clarissima
1212 1561 1474 1627 sequitur,
1504 1569 1556 1613 et
1587 1575 1770 1612 vorem
1797 1559 1928 1612 Ver—

364 1647 489 1700 bnm
513 1687 528 1707 ,
570 1656 626 1701 et
660 1649 967 1718 pronnbum
1001 1665 1257 1716 sponsus,
1291 1652 1513 1704 Domino
1544 1651 1792 1719 populum
1818 1653 1931 1703 cxi-

365 1738 531 1792 mium
563 1752 996 1808 comparantem,
1022 1751 1184 1809 atque
1211 1742 1275 1793 ad
1319 1740 1574 1810 Spiritum
1613 1758 1705 1810 per
1736 1758 1929 1809 aquam

2030 554 2194 625 ῶμων
2230 554 2508 618 ἀνέλαϐεν,
2557 555 2641 623 ἐφ’
2700 548 2775 607 ὧν
2839 557 3030 609 καὶτὸ
3086 558 3259 622 ξύλον,
3312 560 3406 610 καὶ
3428 557 3613 612 λαϐὼν

2031 649 2374 716 ἐπανήγαγεν
2406 647 2499 700 ἐπὶ
2548 647 2647 718 τὴν
2686 647 2797 701 ἀνω
2820 648 2985 718 ζωὴν,
3041 650 3136 701 καὶ
3163 649 3453 717 ἀναγαγὼν
3494 652 3612 712 τοῖς

2032 742 2250 814 μένουσι
2273 740 2711 811 συνηρίθμησεν;
2753 742 2833 793 ὅτι
2881 741 3071 812 λύχνον
3116 738 3241 811 ἧψε,
3286 741 3383 813 τὴν
3414 743 3609 796 ἑαυτοῦ

2031 838 2230 906 σάρκα,
2266 834 2360 887 καὶ
2396 832 2494 903 τὴν
2525 834 2703 888 οὶκίαν
2733 835 3000 905 ὲσάρωσε,
3053 835 3152 905 τῆς
3200 835 3472 904 ἁμαρτίας
3517 833 3611 886 τὸν

2029 938 2231 997 κόσμθν
2271 924 2679 994 ἁποκαθαίρων,
2712 925 2804 976 καὶ
2835 924 2935 995 τὴν
2963 921 3211 994 δραχμὴν
3228 922 3481 993 ἐζήτησε,
3507 922 3610 993 τὴν

2032 1014 2314 1088 βασιλικὴν
2362 1016 2543 1068 εἰκόνα
2598 1013 3052 1084 συγκεχωσμένην
3095 1016 3208 1076 τοῖς
3240 1013 3456 1076 πάθεσι,
3512 1015 3610 1065 καὶ

2033 1111 2287 1178 συγκαλεί
2311 1109 2411 1172 τὰς
2438 1108 2596 1175 φίλας
2639 1105 2788 1177 αὑτῷ
2840 1105 3097 1175 δυνάμεις
3131 1107 3222 1158 ἐπὶ
3250 1109 3317 1176 τῇ
3352 1107 3449 1176 τῆς
3477 1105 3611 1177 δρα-

2031 1200 2176 1269 χμῆς
2219 1199 2454 1270 εὑρέσει,
2496 1197 2902 1272 καικοινωνοὺς
2951 1199 3181 1249 ποιεῖται
3218 1196 3317 1266 τῆς
3345 1196 3607 1267 cuppae-ti-

2031 1309 2149 1362 νης,
2186 1291 2250 1354 ἃς
2281 1294 2375 1345 καὶ
2412 1292 2510 1362 τῆς
2539 1288 2849 1359 οἰκονομίας
2885 1287 3141 1359 μύστιδας
3181 1287 3472 1358 πεποίητο;
3523 1289 3610 1341 ὅτι.

2029 1382 2107 1452 τῷ
2133 1382 2421 1453 προδρόμῳ
2450 1381 2628 1452 λύχνῳ
2666 1379 2778 1450 (5⁷)
2808 1379 2869 1430 τὸ
2899 1377 3013 1447 φῶς
3042 1377 3325 1431 ἀκολουθεῖ
3349 1377 3410 1429 τὸ
3439 1376 3611 1447 ὺπέρ-

2030 1473 2298 1543 λαμπρον,
2332 1473 2427 1525 καὶ
2463 1476 2526 1543 τῇ
2563 1475 2711 1542 φωνῇ
2736 1474 2764 1523 ὀ
2800 1470 2993 1538 Λόγος,
3027 1471 3121 1523 καὶ
3146 1468 3225 1539 τῷ
3255 1468 3610 1539 νυμφαγωγῷ

2031 1567 2058 1617 ὁ
2094 1565 2343 1635 νυμφίος,
2377 1562 2833 1625 κατασκευάζοντι
2873 1561 3061 1632 Κυρίῳ
3097 1561 3225 1615 λαὸν
3276 1560 3609 1628 περιούσιον,

2032 1657 2125 1708 καὶ
2149 1654 2570 1726 προκαθαίροντι
2624 1655 2717 1706 ὲπ)⁸
2768 1653 2830 1705 τὸ
2881 1652 3101 1722 Πνεῦμα
3130 1652 3219 1705 διὰ
3260 1651 3353 1704 τοῦ
3384 1650 3607 1717 ὖδατοςς

2033 1746 2220 1800 Ταῦτα
2251 1746 2502 1814 ἐγκαλεῖς
2531 1745 2608 1815 τῷ
2636 1744 2755 1814 Θεῷ
2806 1745 2955 1813 (58);
2993 1743 3082 1796 διὰ
3119 1744 3227 1814 (59)
3252 1742 3423 1796 ταῦτα
3472 1744 3610 1795 ὑπο-

366 1835 835 1901 praapurgantem?
876 1835 1121 1890 Haeccine
1155 1835 1322 1905 866
1351 1835 1457 1887 Deo
1493 1834 1718 1904 objicis?
1754 1843 1808 1888 et
1849 1835 1928 1887 id-

2050 1838 2330 1908 tachiVEt;
2360 1838 2600 1908 χείρονα,
2631 1838 2711 1889 ὅτι
2765 1836 2953 1906 λεντίῳ
3001 1834 3377 1899 διαζωννυται,
3400 1835 3494 1887 καὶ
3532 1834 3614 1887 νί-

365 1924 515 1978 circo
550 1924 856 1980 inferiorem
889 1942 1010 1980 eum
1047 1942 1163 1981 esse
1201 1942 1420 1990 censes,
1446 1928 1569 1995 quia
1604 1927 1767 1980 linteo
1796 1942 1931 1995 prte-

365 2014 619 2083 cingitur,
660 2031 724 2070 ac
754 2017 1138 2086 discipulorum
1170 2019 1331 2087 pedes
1350 2019 1515 2072 abluit
1535 2018 1600 2085 ’³,
1638 2020 1928 2088 optimam—

367 2121 472 2173 que
509 2107 853 2163 eXaltationis
889 2110 1028 2163 viam
1075 2112 1339 2176 ostendit,
1378 2111 1629 2166 nimirum
1659 2112 1931 2166 humilita-

369 2200 520 2253 tem?
557 2199 695 2265 Quia
723 2211 941 2269 propter
968 2201 1277 2255 inclinatam
1308 2202 1364 2255 in
1389 2211 1587 2257 terram
1609 2205 1842 2258 animam
1875 2218 1932 2257 se

368 2289 582 2357 dejicit,
620 2300 677 2346 ut
707 2294 913 2360 peccati
944 2292 1084 2347 mole
1125 2292 1373 2348 deorsum
1409 2303 1716 2364 vergentem
1750 2309 1932 2348 secum

370 2383 617 2438 attollat?
671 2385 911 2451 Quonam
967 2393 1144 2439 autem
1194 2396 1354 2454 pacto
1402 2386 1531 2441 illud
1566 2401 1782 2456 quoque
1828 2401 1932 2440 non

369 2475 753 2542 reprehendis.
790 2476 930 2544 quod
965 2492 1083 2531 cum
1128 2476 1459 2546 publicanis,
1498 2486 1551 2532 et
1594 2478 1732 2546 apud
1760 2477 1934 2547 publi-

367 2580 535 2620 canos
567 2567 836 2629 comedit,
868 2576 922 2621 et
951 2568 1268 2636 publicanos
1313 2568 1603 2638 discipulos
1641 2568 1800 2622 etlicit
1824 2610 1839 2633 ,
1878 2578 1935 2622 ut

368 2658 484 2725 ipse
515 2672 730 2726 quoque
769 2658 973 2726 aliquid
1008 2658 1295 2713 lucretur?
1324 2659 1462 2725 Quid
1498 2660 1711 2714 tandem
1738 2659 1761 2712 Τ
1802 2658 1935 2713 Pec-

365 2760 612 2803 catorum
651 2748 897 2803 salutem.
935 2748 1052 2803 Nisi
1093 2751 1213 2820 quis
1255 2750 1395 2806 forte
1422 2766 1486 2806 co
1527 2753 1741 2806 nomine
1778 2752 1938 2805 medi-

368 2853 492 2891 cum
541 2849 778 2903 accuset,
816 2842 962 2908 quod
1011 2842 1076 2894 ad
1121 2844 1363 2911 corporis
1402 2844 1620 2899 morbos
1653 2858 1713 2897 se
1740 2843 1936 2897 demit-

371 2938 468 2993 tat,
498 2929 832 3000 fetoremque
866 2932 1135 2998 perferat,
1174 2943 1231 2986 ut
1268 2935 1552 2988 sanitatem
1578 2935 1793 3005 aegrotis
1826 2934 1935 2988 lar-

2031 1946 2151 1982 πτει
2182 1931 2309 1991 τοὺς
2339 1928 2501 1991 πόδας
2524 1928 2631 1980 τῶν
2658 1926 2932 1999 μαθητῶν,
2961 1929 3053 1980 καὶ
3079 1926 3346 1979 δείκνυσιν
3379 1924 3612 1997 ἀρίστην

2031 2022 2147 2075 ὁδὸν
2178 2020 2454 2089 ὑψώσεως,
2483 2021 2582 2090 τὴν
2619 2020 2975 2084 ταπείνωσιν;
3025 2019 3105 2072 ὅτι
3143 2018 3232 2071 διὰ
3267 2019 3365 2089 τὴν
3408 2019 3616 2086 συγκύ-

2034 2130 2271 2167 πτουσαν
2302 2113 2409 2183 (40)
2428 2114 2603 2182 χαμαὶ
2635 2112 2811 2183 ψυχὴν
2837 2111 3205 2175 ταπεινοῦται,
3247 2111 3335 2164 ἴνα
3361 2111 3454 2163 καὶ
3487 2127 3614 2163 συν-

2033 2204 2222 2277 υψὼσῃ
2285 2205 2346 2257 τὸ
2373 2204 2523 2256 κάτω
2570 2202 2723 2257 νεῦον
2773 2204 2877 2256 ὑπὸ
2925 2202 3024 2272 τῆς
3060 2202 3361 2272 ἀμαρτίας;
3408 2202 3616 2254 Ἐκεῖνο

2032 2297 2088 2350 δὲ
2123 2296 2238 2359 πῶς
2270 2298 2330 2348 οὐ
2361 2297 2703 2367 κατηγορεῖς,
2738 2296 2819 2347 ὅτι
2849 2295 2942 2347 καὶ
2976 2294 3113 2363 μετὰ
3150 2292 3393 2346 τελωνῶν
3421 2291 3613 2355 ἐσθίει,

2033 2389 2127 2441 καὶ
2151 2387 2299 2459 παρά
2327 2386 2605 2451 τελώναις,
2647 2387 2741 2440 καὶ
2787 2385 3080 2456 μαθητεύει
3104 2383 3359 2447 τελώνας.
3398 2384 3487 2436 ἵνα
3517 2383 3616 2437 καὶ

2036 2479 2199 2541 αὑτός
2232 2497 2282 2532 τι
2307 2478 2580 2550 κερδάνῃ;
2633 2477 2697 2529 Τί
2757 2476 2948 2542 τοῦτο;
2985 2476 3095 2544 Τὴν
3115 2475 3222 2526 τῶν
3274 2472 3615 2545 ἁμαρτωλῶν

2038 2569 2327 2640 σωτηρίαν.
2380 2570 2441 2620 El
2493 2568 2566 2638 μὴ
2609 2567 2701 2620 καὶ
2743 2567 2833 2619 τὸν
2892 2566 3072 2636 ἰατρὸν
3107 2564 3325 2634 αἰτιῷτο
3372 2581 3479 2626 τις.
3531 2563 3615 2616 ὃτι

2043 2662 2344 2729 συγκύπτει
2378 2660 2470 2713 ἐπὶ
2506 2660 2571 2712 τὰ
2603 2659 2770 2728 πάθη,
2803 2658 2896 2711 καὶ
2928 2658 3189 2718 δυσωδίας
3222 2658 3493 2726 ἀνέχεται,
3525 2656 3614 2709 ἵνα

2035 2752 2109 2823 δῷ
2136 2754 2233 2823 τῆν
2266 2753 2474 2820 ὑγίειαν
2502 2754 2615 2814 τοῖς
2651 2752 2937 2819 κάμνουσι⁸
2971 2751 3064 2803 καὶ
3089 2750 3181 2803 τὸν
3210 2749 3617 2820 ὲπικλινόμενον

2041 2844 2215 2916 βόθρῳ
2267 2844 2354 2897 διὰ
2390 2844 2501 2913 (41)
2541 2843 2969 2914 φιλανθρωπίαν,
3028 2844 3114 2896 ἵνα
3142 2844 3204 2896 τὸ
3253 2841 3617 2913 ὲμπεπτωκὸς

2041 2937 2236 3005 κτῆνος
2257 2937 2397 2991 κατὰ
2424 2937 2513 2990 τὸν
2548 2936 2708 3007 νόμον
2739 2935 3104 3006 ἀνασώσηται.

371 3023 775 3093 giaturzatque
811 3041 932 3079 eum
959 3037 1151 3090 etiam,
1194 3029 1282 3095 qui
1317 3029 1653 3084 humanitate
1709 3045 1771 3084 ac
1825 3031 2190 3087 misericordia
2251 3042 2564 3101 permotus,
2632 3032 2686 3085 in
2723 3030 2931 3086 foveam
2980 3031 3217 3101 seipsum
3262 3030 3518 3095 inclinat,
3558 3039 3618 3083 ut

368 3114 675 3182 prolapsum
715 3114 1040 3181 iumentum,
1075 3118 1526 3185 quemadmodum
1573 3117 1687 3187 lege
1732 3119 1998 3172 sancitum
2030 3129 2112 3173 est
2138 3119 2185 3151 ⁹⁶
2208 3159 2222 3182 ,
2259 3129 2457 3173 servet.

443 3204 651 3264 XXVII.
686 3205 881 3261 Missus
907 3209 1120 3275 quidem
1144 3220 1221 3263 est
1248 3250 1262 3271 ,
1301 3224 1486 3263 verum
1517 3219 1573 3263 ut
1597 3211 1789 3275 homo;
1819 3226 1938 3263 nam

2115 3213 2241 3264 KZ'.
2284 3210 2585 3279 Ἀπεστάλη
2642 3211 2759 3281 μὲν,
2820 3210 2933 3263 ἀλλ’
2961 3210 3035 3274 ῶς
3069 3208 3369 3280 ἄνθρωπος·
3399 3205 3622 3272 διπλοῦς

373 3298 569 3368 duplex
597 3299 650 3351 in
680 3313 745 3353 eo
776 3308 968 3352 natura
1014 3310 1165 3363 erat;
1204 3300 1501 3367 siquidem,
1541 3302 1694 3371 juxta
1744 3311 1947 3355 natura:

371 3390 575 3459 legem,
606 3398 662 3444 et
694 3390 945 3458 fatigatus
973 3402 1072 3454 est,
1108 3402 1161 3445 et
1191 3392 1332 3445 fame
1360 3408 1423 3446 ac
1455 3393 1542 3446 siti
1572 3393 1836 3447 laboravit
1858 3432 1874 3452 ,
1894 3403 1947 3447 et

372 3496 574 3550 angore
626 3479 847 3535 allectus
906 3490 1022 3545 est,
1082 3493 1136 3535 et
1181 3483 1447 3553 Iacrymas
1496 3484 1653 3537 fudit.
1708 3483 1857 3549 Quod
1902 3484 1945 3536 si

374 3573 537 3624 etiam
578 3579 636 3623 ut
676 3571 814 3623 Deus
835 3609 850 3631 ,
885 3572 1012 3639 quid
1054 3573 1377 3640 propterea?
1408 3572 1711 3627 Missionem
1745 3574 1811 3637 ⁸⁷,
1840 3573 1946 3627 Pa-

378 3662 478 3717 tris
516 3660 910 3730 beneplacitum
942 3664 1300 3731 interpretare
1322 3702 1336 3725 .
1380 3666 1444 3716 ad
1479 3679 1638 3733 quem
1674 3680 1770 3719 sna
1815 3681 1949 3735 quo-

377 3768 485 3822 que
508 3752 713 3819 refert,
746 3762 858 3807 tum
888 3764 948 3808 ut
979 3754 1302 3823 principium
1350 3756 1603 3823 temporis
1631 3770 1825 3826 expers
1851 3756 1950 3809 ho-

381 3851 556 3909 noret,
588 3852 701 3897 tum
727 3858 795 3897 ne
828 3843 936 3897 Deo
960 3842 1236 3897 adversari
1264 3843 1529 3897 videatur.
1560 3842 1689 3898 Nam
1726 3846 1943 3914 alioqui,

378 3948 440 3993 ut
488 3940 720 3993 traditus
775 3937 940 3993 fuisse
973 3937 1196 4013 dicitur,
1254 3939 1325 3991 ita
1376 3939 1611 4005 seipsum
1664 3940 1947 3993 tradidisse

379 4031 634 4086 scribitur
653 4031 698 4064 ⁸⁸
728 4050 741 4085 :
778 4040 940 4100 atque
984 4039 1041 4085 ut
1075 4046 1103 4083 a
1144 4031 1300 4085 Patre
1332 4032 1397 4085 ad
1435 4031 1599 4085 vitam
1643 4042 1945 4095 revocatus,

381 4131 437 4176 et
474 4132 759 4191 susceptus
814 4120 1019 4183 fuisse,
1073 4121 1144 4173 ita
1183 4121 1418 4188 seipsum
1454 4135 1668 4189 quoque
1710 4135 1739 4174 a
1778 4131 1950 4175 morte

382 4211 651 4267 excitasse
685 4211 752 4275 ”,
796 4224 1094 4278 rursusque
1124 4210 1177 4265 in
1212 4208 1407 4267 caelum
1439 4209 1781 4274 ascendisse,
1815 4223 1950 4278 prae-

383 4301 611 4355 dicatur.
656 4300 750 4354 llla
805 4301 1161 4371 beneplaciti:
1204 4299 1318 4354 haec
1361 4300 1664 4367 potestatis.
1692 4302 1763 4353 At
1800 4308 1855 4353 tu
1888 4314 1947 4352 ea

383 4393 632 4461 quidem,
676 4406 795 4462 quae
832 4394 1110 4455 minuunt,
1149 4402 1313 4460 atque
1339 4400 1661 4454 extenuant,
1706 4390 1947 4461 profers;

384 4498 505 4553 quae
545 4493 725 4538 autem
783 4482 1044 4547 cll‘erunt,
1091 4484 1333 4553 praeteris
1378 4500 1392 4537 :
1434 4489 1595 4550 atque
1637 4482 1691 4536 id
1734 4482 1948 4551 quidem

2050 3300 2156 3371 γὰρ
2175 3296 2261 3372 ἦν’
2282 3302 2402 3353 ἐπεὶ
2424 3302 2517 3355 καὶ
2539 3303 2816 3366 ἐκοπίασε,
2846 3303 2939 3354 καὶ
2966 3303 3062 3353 ἐπε
3072 3300 3346 3369 ίνησε,κα“ι
3373 3298 3618 3369 ἐδίψησε,

2049 3392 2142 3444 καὶ
2172 3393 2463 3461 ἡγωνίασε,
2497 3394 2589 3446 κει)¹
2620 3394 2903 3464 ἐδάκρυσε,
2936 3394 3086 3463 νόμῳ
3141 3393 3351 3462 φύσεως
3383 3391 3515 3461 (42).
3557 3387 3621 3443 El

2048 3482 2103 3534 δὲ
2134 3483 2227 3535 καὶ
2253 3482 2327 3546 ὡς
2359 3483 2509 3547 Θεὸς,
2544 3483 2595 3536 τί
2627 3483 2810 3547 τοῦτος
2846 3483 2955 3553 Τὴν
2997 3483 3240 3536 εὐδοκίαν
3279 3482 3374 3536 τοῦ
3408 3482 3622 3552 Πατρὸς

2048 3574 2350 3645 ἀποστολὴν
2387 3570 2525 3627 εἶναι
2549 3575 2789 3644 νόμισον,
2811 3576 2895 3642 ἐφ’
2923 3574 2980 3627 ὃν
3014 3573 3276 3646 ἀναφέρει
3308 3573 3377 3625 τὰ
3401 3572 3621 3635 ἑαυτοῦ,

2051 3666 2145 3718 καὶ
2166 3665 2241 3729 ὡς
2263 3665 2435 3736 ἀρχὴν
2460 3665 2634 3735 τιμῶν
2658 3665 2902 3737 ἄχρονον,
2936 3666 3030 3719 καὶ
3052 3665 3143 3717 τοῦ
3180 3666 3253 3735 μὴ
3280 3665 3455 3717 δοκεῖν
3482 3659 3621 3717 εἶναι

2049 3755 2310 3819 ἀντίθεος.
2353 3756 2506 3808 Ἐπεὶ
2540 3756 2632 3808 καὶ
2659 3754 3053 3826 παραδεδόσθαι
3090 3753 3325 3822 λέγεται,
3359 3752 3495 3806 ἀλλά
3527 3754 3623 3806 καὶ

2050 3846 2240 3899 ἑαυτὸν
2273 3845 2384 3915 (45)
2436 3845 2871 3917 παραδεδωκέναι
2900 3845 3225 3916 γέγραπται·
3261 3843 3355 3897 καὶ
3386 3843 3624 3913 ἐγηγέρ-

2052 3938 2143 3990 θαι
2178 3938 2329 4009 παρὰ
2350 3937 2440 3990 τοῦ
2467 3937 2680 4007 Πατρὸς
2718 3938 2811 3990 καὶ
2843 3936 3181 4007 ἀνειλῆφθαι,
3205 3935 3338 3989 ἀλλὰ
3374 3937 3468 3989 καὶ
3498 3937 3627 3987 ἑαδ-

2053 4032 2141 4085 τὸν
2164 4031 2275 4102 (44)
2303 4032 2677 4095 ἀνεστακέναι,
2701 4032 2795 4083 καὶ
2820 4030 3200 4101 ἀνεληλυθέναι
3231 4028 3409 4082 πάλιν·
3441 4028 3625 4080 ἐκεῖνα

2050 4124 2147 4193 τῆς
2182 4122 2447 4185 εὐδοκίας,
2496 4121 2669 4175 ταῦτα
2715 4122 2813 4192 τῆς
2864 4120 3130 4187 ἐξουσίας.
3182 4121 3252 4173 Σὺ
3290 4120 3347 4171 δὲ
3401 4119 3470 4171 τὰ
3522 4117 3625 4187 μὲν

2052 4213 2373 4267 ὲλαττοῦντα
2400 4212 2596 4283 λέγεις,
2627 4211 2694 4265 τὰ
2728 4211 2961 4281 ὑψοῦντα
3007 4211 3062 4264 δὲ
3116 4210 3496 4281 παρατρέχεις·
3527 4209 3626 4262 καὶ

2051 4305 2132 4357 ὅτι
2165 4304 2262 4373 μὲν
2285 4303 2472 4367 ἔπαθε,
2491 4302 2698 4373 λογίζῃ·
2721 4303 2801 4355 ὅτι
2822 4302 2876 4354 δὲ
2897 4300 3057 4364 ἑκὼν,
3085 4302 3147 4354 οὐ
3173 4298 3468 4370 προστίθης
3484 4297 3622 4363 (45).

2051 4391 2153 4448 υἷα
2185 4396 2381 4466 πάσχει
2403 4397 2496 4448 καὶ
2521 4394 2615 4448 νῦν
2647 4396 2675 4447 ὁ
2707 4393 2909 4462 Λόγοςί
2956 4392 3091 4446 Ὑπὸ
3113 4392 3211 4462 μὲν
3238 4390 3347 4445 τῶν
3388 4390 3464 4451 ὡς
3490 4388 3623 4450 Θεὸς

2051 4486 2274 4555 τιμᾶται
2306 4485 2399 4538 καὶ
2428 4484 2803 4552 συναλείφεται
2838 4483 2969 4554 (46)’
3001 4482 3105 4534 ὑπὸ
3134 4480 3191 4534 δὲ
3223 4480 3332 4533 τῶν
3379 4480 3456 4543 ὡς
3484 4478 3621 4549 σὰρξ

383 4552 665 4645 expendis,
695 4576 837 4645 quod
872 4590 1062 4645 passus
1095 4552 1190 4639 sit;
1218 4576 1361 4644 quod
1381 4583 1559 4628 autem
1585 4582 1807 4643 sponte,
1841 4589 1938 4629 non

2055 4552 2376 4647 ἀτιμάζεται
2403 4575 2495 4629 καὶ
2519 4573 2803 4646 χωρίζεται
2828 4552 2960 4644 (47).
2991 4574 3141 4627 Τίσιν
3166 4572 3391 4643 όργισθῇ
3429 4571 3626 4636 πλέον;

457 4753 502 4785 ⁸³
536 4751 658 4807 Ose.
703 4766 773 4815 tv,
805 4751 889 4805 15.
967 4751 1013 4784 ⁸⁸
1048 4749 1177 4805 Luc.
1210 4766 1297 4816 xv,
1334 4750 1387 4804 8.

386 4826 432 4875 ἓν
465 4823 656 4893 Ephes.
684 4836 756 4886 ιν,
787 4821 820 4875 8
846 4836 965 4891 sqq.

461 4956 573 5027 (57)
605 4952 925 5027 Προδρόμῳ
954 4951 1179 5027 ,ρύχιςῳι
1203 4968 1257 5027 λι
1282 4950 1579 5005 Lucernam
1630 4951 1905 5018 prmi/iam,
1931 4970 1949 5002 ι

388 5029 439 5081 id
469 5019 581 5088 ‘est,
616 5042 634 5074 ι
654 5019 918 5077 Σισιιὶιιιειιι
962 5019 1170 5075 Domini
1202 5019 1617 5075 Prazcursorem.
1650 5038 1667 5069 ι

459 5095 575 5166 (58)
614 5092 700 5166 Τῷ
734 5091 876 5166 θεῷ.
906 5088 1161 5166 θερειεῷ
1197 5091 1534 5166 ίηριρνξυυρ-
1556 5089 1709 5166 codd.

456 5157 573 5234 (59)
601 5157 722 5234 Διά.
761 5157 1149 5234 Innonnullis,
1198 5157 1296 5212 καῖ
1337 5159 1443 5213 διά.
1482 5158 1726 5234 Sic-legit
1753 5157 1954 5234 Billius.

462 5227 575 5307 (40)
615 5231 863 5307 ᾼιᾲμτὴν
881 5231 1389 5307 συγ-κόπτουσακ,
1421 5239 1523 5284 etc.
1560 5227 1794 5307 llicnper
1831 5230 1958 5281 alle-

392 5296 602 5374 goriam
632 5296 837 5374 indicat
873 5296 1185 5374 Gregorius,
1219 5318 1238 5350 ι
1263 5300 1546 5374 mulierem
1578 5296 1952 5374 inclinatam_,_i

396 5368 493 5428 nec
516 5380 677 5441 caput
723 5373 935 5441 erigere
960 5368 1252 5437 valentem,
1280 5370 1346 5423 de
1384 5386 1488 5439 qua
1526 5368 1697 5423 Lucas
1728 5383 1837 5430 xiv,
1873 5371 1960 5441 ll,

1482 4752 1526 4782 "
1559 4749 1712 4804 Joan.
1748 4765 1867 4815 xm,
1898 4749 1932 4804 4
1960 4766 2077 4820 sqq.

2154 4751 2199 4783 “
2224 4751 2376 4804 Deut.
2410 4765 2541 4813 xxn,
2570 4750 2622 4803 4.
2698 4750 2742 4783 ⁸⁷
2780 4747 2953 4804 Galat.
2995 4761 3068 4815 IV,
3099 4747 3151 4800 4.
3228 4745 3273 4778 ⁸⁸
3303 4747 3421 4800 Act.
3452 4760 3508 4808 x,
3543 4744 3628 4801 14.

2065 4966 2116 5014 x,
2159 4949 2246 5013 l8,
2288 4967 2305 4999 ι
2333 4947 2502 5003 Nemo
2541 4946 2676 5001 tollit
2728 4962 2846 4999 eam
2884 4944 3163 5015 (animam)
3217 4957 3246 4995 a
3302 4942 3526 5012 tneipso,
3580 4953 3634 4999 et

2063 5029 2383 5089 potestatem
2419 5019 2587 5073 habeo
2613 5019 2839 5086 ponendi
2870 5014 3011 5077 eam,
3042 5024 3096 5066 et
3112 5021 3433 5083 potestatem
3461 5014 3635 5069 habeo

2065 5101 2255 5143 iterum
2280 5090 2521 5143 sumendi
2553 5103 2690 5141 eam.
2723 5105 2742 5138 ι

2133 5158 2245 5228 (44)
2290 5158 2560 5212 Ἐαυτόν.
2629 5157 2717 5211 Sic
2770 5157 2951 5219 plures
2994 5156 3182 5227 Regg.,
3225 5153 3404 5224 plures
3455 5152 3632 5218 Colb.,

2062 5240 2166 5283 etc.
2194 5231 2247 5281 In
2282 5233 2390 5290 θα..
2423 5228 2602 5281 αὐτόν.

2137 5299 2246 5369 (45)
2275 5300 2627 5366 Προστίθης.
2662 5297 2793 5364 Reg.
2824 5299 2936 5369 bm,
2964 5293 3292 5369 προστιθείς.

2138 5365 2249 5437 (46)
2285 5365 2730 5436 Συναλείφεται.
2767 5365 3285 5437 (Confuu‘tliturtin
3311 5375 3641 5437 unum_cou-

393 5431 712 5514 significare;
736 5459 753 5490 ι
781 5431 1419 5514 hinnianamunaturanni
1459 5454 1588 5514 qua:
1620 5451 1730 5505 pm
1757 5439 1964 5507 peccati
2069 5431 2335 5514 trahitur;
2368 5457 2387 5488 ι
2413 5431 2632 5514 _nenipe
2662 5453 2691 5490 a
2718 5436 2972 5514 Sabellio,
3006 5437 3093 5514 qui
3123 5432 3342 5494 Filium,
3378 5442 3436 5483 ut
3463 5431 3637 5483 Deum

394 5510 657 5588 gravitate
684 5512 942 5588 detersum-
963 5510 1219 5588 tendi_t_ac
1247 5511 1581 5588 deprimitur.

466 5583 577 5651 (41)
606 5580 729 5633 Διά.
764 5580 895 5650 Reg.
926 5580 1018 5651 pm
1051 5580 1220 5651 addi_t,
1247 5580 1367 5651 τήν.

466 5584 546 5647 (tt
606 5584 729 5633 Διά.
764 5584 895 5650 Reg.
931 5584 1018 5633 bm
1051 5584 1220 5644 addit,
1247 5584 1367 5651 τήν.

466 5584 580 5722 (ιὲ)
608 5652 869 5717 Φύσεως.
923 5648 1109 5722 Plures
1165 5649 1355 5720 Regg.,
1386 5663 1575 5705 novem
1607 5647 1783 5712 Colb.,
1827 5657 1961 5710 etc..

398 5720 665 5792 σκὲιματος,
708 5740 725 5772 ι
748 5720 1007 5792 corporis.
1030 5738 1049 5771 ι

469 5786 579 5877 (45)
622 5789 807 5848 Ἀλλὰ
828 5786 923 5846 καί
947 5789 1182 5859 ἑαυτόν,
1219 5798 1321 5846 etc.
1354 5788 1616 5846 Scribitur
1642 5787 1779 5861 apud
1807 5786 1961 5845 Joan.

2069 5508 2359 5573 honorans,
2412 5505 2585 5577 ipsum
2637 5522 2759 5562 cum
2816 5505 2976 5560 Patre
3030 5506 3081 5558 iu
3123 5517 3284 5556 uuam
3342 5514 3639 5568 personam

2070 5578 2442 5631 contrahebat.
2475 5577 2592 5629 Bill.
2624 5595 2642 5628 ι
2671 5578 3027 5629 connectitur.
3062 5591 3081 5625 ι

2141 5647 2253 5718 (47)
2283 5646 2624 5718 Χωρίζεται(
2649 5665 2674 5718 «ί
2693 5648 3016 5718 Separatnr;
3043 5663 3061 5695 ι
3095 5654 3285 5718 nempe
3307 5638 3374 5693 ab
3400 5637 3642 5718 Arianis,

2073 5705 2161 5785 qui
2190 5705 2811 5787 itiipie'contetidebattt,
2844 5705 3037 5770 Filium
3088 5705 3356 5767 diversam
3402 5724 3432 5762 a
3467 5705 3643 5765 Patre

2075 5797 2316 5844 naturam
2347 5787 2561 5844 habere.
3428 5798 3433 5803 ·
