3898 6222
318 348 431 409 (BI

1288 348 1547 407 ORATIO
1588 350 1744 406 XLV.
1788 326 1855 395 —'
1893 353 1963 408 IN
2004 352 2332 410 SANCTUM
2368 348 2661 407 pascua.

3468 347 3583 401 66?

320 468 527 540 μᾶλλον
546 467 623 534 δὲ,
656 469 797 522 τίσιν
826 469 960 539 ἀφῇ,
1000 471 1111 533 τοῖς
1141 456 1458 541 συναιροῦσι
1483 470 1688 537 κακῶς,
1719 472 1752 544 ἢ
1790 476 1892 537 τοῖς

2006 474 2269 543 adjungis.
2315 472 2493 537 Proh,
2528 470 2706 541 qualia
2732 466 2969 524 Verbum
3012 484 3155 523 nunc
3196 482 3410 538 quoque
3436 468 3574 535 pati-

315 562 577 631 τέμνουσι
606 577 620 626 ;
653 561 764 614 Καὶ
790 560 897 631 γὰρ
933 561 1217 625 κάκείνους
1248 561 1477 632 διαιρεῖν
1508 562 1635 629 ἔδει,
1663 564 1757 618 καὶ
1775 564 1901 618 τού-

315 669 447 715 τους
494 652 804 706 συνάπτειν·
853 654 980 715 τοὺς
1025 654 1121 724 μὲν
1181 651 1260 722 τῷ
1314 652 1549 725 ἀριθμῷ,
1597 656 1722 719 τοὺς
1749 655 1806 708 δὲ
1835 658 1900 727 τῇ

316 743 568 815 Θεότητι.
596 744 970 815 Προσκὸπτεις
993 747 1059 815 τῇ
1097 746 1296 816 σαρκί;
1326 744 1488 798 τοῦτο
1511 746 1604 798 καὶ
1640 746 1897 801 Ἰουδαῖοι.

319 834 400 887 Ἥ
439 834 533 888 καὶ
568 834 913 906 Σαμαρείτην
967 835 1259 900 ἀποκαλεῖς
1298 836 1414 905 (καὶ
1439 836 1501 889 τὸ
1536 836 1661 908 ἑξῆς
1699 840 1903 910 σιωπή-

321 924 549 996 ωομαι);
578 926 827 989 ἀπιστεῖς
850 928 916 996 τῇ
938 924 1164 997 Θεότητι
1187 942 1201 991 ;
1228 925 1386 980 τοῦτο
1409 927 1530 980 οὐδὲ
1557 929 1605 979 οἱ
1628 926 1896 997 δαίμονες.

315 1011 395 1069 Ὠ
421 1018 515 1071 καὶ
532 1017 799 1088 δαιμόνων
826 1017 1155 1089 ἀπιστότερε
1183 1020 1270 1084 σὺ,
1295 1019 1390 1072 καὶ
1430 1019 1696 1073 Ἰουδαίων
1732 1020 1902 1087 ἀγνω-

319 1107 643 1180 μονέστερεί
692 1110 918 1163 Ἐκεῖνοι
944 1110 1042 1180 τὴν
1070 1110 1162 1163 τοῦ
1189 1109 1317 1163 Υίοῦ
1354 1110 1721 1182 προσηγορίαν
1768 1113 1899 1180 ὁμο-

315 1199 509 1270 τιμίας
558 1201 741 1273 φωνὴν
773 1201 1050 1273 ἐνόμισαν·
1101 1196 1247 1256 οὗτοι
1282 1202 1371 1256 τὸν
1422 1202 1714 1256 ἐλαύνοντα
1767 1201 1899 1254 Θεὸν

317 1292 540 1362 ᾔδεσαν·
576 1293 853 1346 ἐπείθοντο
876 1293 985 1364 γάρ
1034 1294 1094 1358 ἐξ
1140 1287 1213 1347 ὧν
1247 1293 1501 1364 ἔπασχον.
1554 1294 1625 1347 Σὺ
1667 1294 1743 1358 δὲ,
1777 1294 1898 1347 οὐδὲ

314 1387 422 1455 τὴν
442 1386 659 1457 ἰσότητα
675 1384 825 1457 δέχῃ,
860 1385 979 1438 οὐδὲ
1008 1386 1287 1456 ὁμολογεῖς
1311 1385 1407 1457 τὴν
1427 1385 1685 1456 Θεότητα.
1705 1387 1751 1439 Κ
1760 1388 1899 1458 ρεῖτ-

314 1495 414 1531 τον
450 1473 518 1549 ἦν
548 1495 629 1531 σοι
664 1477 1095 1549 περιτετμῆσθαι
1124 1478 1217 1530 καὶ
1267 1477 1546 1547 δαιμονᾷν,
1584 1475 1649 1528 ἵν’
1675 1475 1814 1529 εἴπω
1847 1493 1897 1529 τι

316 1570 416 1622 καὶ
440 1568 690 1637 γελοίως,
737 1568 770 1639 ἢ
815 1570 872 1623 ὲν
902 1568 1234 1640 ἀκροϐυστίᾳ
1267 1569 1362 1622 καὶ¹
1392 1568 1572 1639 ὑγιείᾳ
1600 1566 1897 1622 διακεῖσθαι

316 1662 575 1736 πονηρῶς
605 1664 700 1716 καὶ
725 1662 918 1727 ἀθέως.
961 1662 1098 1723 Ἀλλ’
1132 1664 1160 1714 ὁ
1196 1661 1294 1732 μὲν
1320 1664 1455 1733 πρὸς
1478 1660 1715 1724 ἐκείνους
1743 1661 1898 1714 πόλε-

323 1772 429 1824 μος
472 1753 505 1825 ἢ
535 1753 909 1817 καταλυέσθω,
942 1752 1040 1822 ὀψὲ
1071 1751 1197 1820 γοῦν
1247 1752 1703 1821 σωφρονήσαντας
1740 1750 1897 1822 εἴπερ

2006 567 2126 620 tur!
2154 565 2237 620 Ab
2261 565 2380 620 aliis
2407 573 2465 619 ut
2497 563 2642 617 Deus
2684 562 2983 617 honoratur
3016 569 3072 614 et
3099 560 3438 615 contrahitur
3463 578 3477 615 :
3503 561 3571 613 ab

2002 658 2145 723 aliis,
2176 668 2233 711 ut
2264 672 2415 720 caro,
2440 655 2827 714 contemnitur,
2860 667 2925 706 ac
2952 661 3256 721 separatur.
3285 651 3431 708 Utris
3455 670 3572 710 am-

2003 750 2142 820 plius
2181 746 2485 803 irascetur?
2509 745 2604 802 Vel
2636 745 2845 814 potius,
2872 745 3008 798 utris
3043 743 3403 811 condonabit,
3432 746 3572 802 iisne

2001 840 2090 909 qui
2115 839 2254 895 male
2281 839 2626 904 contrahunt,
2659 852 2727 891 an
2763 836 2854 906 qui
2886 835 3171 891 scindunt?
3204 834 3336 890 Nam
3368 844 3422 891 et
3452 836 3572 893 illos

2002 931 2268 998 dividere,
2290 941 2345 986 et
2366 931 2466 987 hos
2483 931 2809 986 contrahere
2824 931 3140 997 oportebat;
3162 928 3303 994 illos,
3325 930 3569 999 inquam,

2000 1035 2250 1086 numero,
2276 1022 2374 1076 hos
2395 1020 2626 1077 Deitate.
2657 1019 2912 1089 lmpingis
2934 1020 3000 1072 ad
3031 1017 3287 1072 carnem?
3324 1026 3377 1071 et
3398 1016 3570 1073 Judaei

1999 1127 2213 1183 quoque
2241 1112 2308 1167 ad
2335 1128 2454 1168 eam
2501 1113 2860 1182 impegerunt.
2898 1109 3036 1164 Num
3074 1110 3241 1180 867
3268 1109 3568 1165 Samarita-

2000 1217 2125 1255 num
2160 1202 2323 1255 etiam
2355 1201 2573 1255 vocabis
2606 1199 2671 1252 ‘?
2704 1198 2837 1253 Nam
2874 1198 3017 1269 quod
3053 1198 3318 1268 sequitur,
3359 1200 3566 1253 tacebo.

2000 1295 2191 1349 Deitati
2253 1294 2411 1349 ﬁdem
2458 1293 2726 1362 abrogas?
2777 1291 2889 1346 lloc
2937 1307 3004 1346 ne
3051 1293 3321 1347 daemones
3352 1290 3568 1359 quidem

1999 1385 2099 1454 ipsi
2131 1384 2395 1441 fecerunt.
2428 1384 2503 1438 lta
2533 1392 2587 1439 et
2621 1384 2811 1454 judicii
2845 1383 3199 1453 perversitate
3229 1381 3476 1443 Judazos,
3513 1389 3568 1435 et

1998 1478 2378 1533 incredulitate
2425 1479 2698 1533 dmmones
2730 1491 2976 1546 superas.
3016 1475 3095 1529 llli
3141 1474 3283 1529 enim
3320 1473 3442 1527 Filii
3476 1488 3559 1528 vo-

1998 1568 2244 1623 cabulum
2266 1608 2282 1634 ,
2325 1569 2647 1638 :equalitatis
2691 1583 2876 1624 vocem
2913 1582 3030 1623 esse
3060 1575 3384 1621 censuerunt
3408 1568 3429 1599 ⁸
3460 1583 3474 1619 :
3507 1566 3565 1620 hi

1998 1669 2175 1715 autem
2214 1676 2531 1730 eum,aquo
2561 1659 2910 1731 fugabantur,
2941 1659 3112 1714 Deum
3143 1657 3515 1728 agnoverunt'
3540 1674 3577 1723 ;,

1997 1751 2273 1806 doloribus
2305 1752 2582 1819 nimirum,
2610 1767 2746 1821 quos
2771 1752 3099 1817 sentiebant,
3127 1749 3285 1805 ﬁdem
3326 1737 3564 1820 ipsis‘fu-

315 1844 631 1916 ὲθέλοιεν,ἧ
661 1842 1071 1914 ἀναϐεϐλήσθω,
1099 1843 1171 1914 μὴ
1206 1842 1569 1912 βουλομένων,
1607 1842 1720 1896 ἀλλ’
1743 1842 1892 1913 ἐχόν-

2004 1844 2283 1899 cientibus.
2317 1845 2386 1897 At
2412 1851 2488 1909 tu,
2515 1858 2614 1899 nec
2635 1844 2993 1914 aequalitatem
3025 1843 3289 1907 admittis,
3317 1858 3417 1897 nec
3444 1842 3565 1897 Dei.-

311 1952 427 1989 των
455 1936 530 2000 ὠς
556 1936 786 2006 ἔχουσιν.
818 1937 1042 1998 Πάντως
1071 1935 1127 1988 δὲ
1157 1935 1268 2006 (48)
1296 1935 1445 1987 οὐδὲν
1473 1934 1893 2009 δείσομεν,ὑπὲρ

310 2026 417 2099 τῆς
438 2028 683 2100 Τριάδος,
712 2027 848 2099 μετά
878 2028 975 2099 τῆς
1001 2026 1231 2099 Τριάδος
1272 2026 1382 2098 (49)
1428 2025 1837 2097 ἀγωνιζόμενοι.

2003 1944 2163 1990 tatem
2187 1934 2682 2005 conﬁteris..Satius
2706 1936 2799 1990 tibi
2824 1935 2999 1990 fuerat
3016 1936 3396 1990 circumcisum
3418 1949 3565 2001 esse,

2001 2042 2064 2081 ac
2094 2027 2350 2082 daemonis
2378 2028 2708 2098 intemperiis
2745 2028 2972 2097 agitari,
3015 2035 3075 2081 ut
3108 2025 3333 2081 ridicule
3362 2024 3567 2095 aliquid

313 2122 499 2177 dicam
523 2166 537 2185 ,
572 2138 733 2194 quam
768 2125 821 2178 in
850 2124 1112 2194 praeputio
1137 2164 1152 2189 ,
1200 2133 1256 2178 et
1285 2123 1538 2178 incolumi
1572 2123 1896 2189 valetudine,
1935 2138 2099 2193 prave
2145 2134 2307 2193 atque
2353 2124 2520 2194 impie
2561 2124 2782 2179 sentire.
2849 2124 2953 2179 Sed
3020 2122 3218 2179 bellum
3256 2122 3393 2186 hoc,
3424 2125 3567 2192 quod

314 2234 444 2273 cum
478 2221 581 2275 illis
616 2220 852 2292 gerimus
877 2260 891 2285 ,
921 2220 1004 2275 vel
1035 2219 1441 2289 comprimatur,
1476 2218 1520 2273 si
1587 2219 1761 2273 serius
1815 2220 2029 2287 quidem
2053 2259 2069 2283 ,
2133 2219 2227 2273 sed
2284 2228 2460 2273 tamen
2504 2218 2847 2288 aliquando,
2897 2220 3169 2273 meliorem
3205 2227 3436 2272 mentem
3477 2218 3564 2269 in-

316 2315 488 2368 duere
531 2315 722 2382 velint;
759 2314 871 2379 vel,
923 2314 966 2370 si
1002 2315 1051 2368 id
1082 2312 1261 2368 facere
1299 2322 1587 2376 recusent,
1635 2321 1797 2381 atque
1834 2311 1888 2366 in
1919 2314 2183 2367 sententia
2218 2323 2505 2377 maneant,
2546 2311 2602 2364 in
2646 2321 2857 2381 tempus
2919 2311 3063 2365 aliud
3126 2308 3424 2365 dilferatur.
3450 2306 3568 2364 Nec

314 2409 467 2462 enim
512 2407 755 2477 profecto
795 2409 1085 2479 quidquam
1125 2408 1560 2471 extimescemus,
1597 2422 1693 2475 pro
1714 2406 2001 2473 Trinitate,
2042 2416 2096 2462 et
2127 2423 2249 2461 cum
2281 2407 2546 2463 Trinitate
2578 2407 2914 2462 dimicantes.

389 2502 523 2553 KH'.
560 2500 674 2554 Νῦν
732 2500 790 2554 δὲ
830 2501 1126 2569 ἀναγκαῖον
1157 2501 1287 2570 ἡμῖν
1325 2497 1466 2552 οὕτω
1526 2499 1897 2568 κεφαλαιῶσαι

308 2591 408 2645 τὸν
447 2584 620 2660 λόγον·
657 2592 985 2662 Γεγόναμεν,
1016 2592 1083 2644 ἵν’
1124 2586 1181 2644 εὖ
1226 2589 1507 2661 πάθωμεν·
1542 2586 1601 2644 εὖ
1626 2590 1897 2644 πεπόνθα-

314 2700 442 2754 μεν,
475 2683 660 2754 ὲπειδὴ
684 2684 795 2753 (50)
831 2684 1153 2754 γεγόναμεν.
1187 2683 1290 2735 Τὸν
1316 2682 1639 2752 παράδεισον
1660 2684 1900 2735 ἐπιστεύ-

311 2776 516 2844 οημεν,
545 2774 632 2828 ἵνα
655 2776 1043 2846 τρυφήσωμεν.
1076 2774 1322 2845 Ἐντολὴν
1348 2774 1631 2844 ἐλάϐομεν,
1664 2773 1732 2826 ἵν’
1753 2773 1901 2826 εὐδο-

306 2868 640 2936 κ·μὴσωμεν
674 2866 879 2936 ταύτην
934 2865 1285 2935 φυλάξαντες·
1321 2865 1419 2917 οὐκ
1452 2863 1771 2933 ἀγνοοῦντος
1797 2864 1889 2917 τοῦ

306 2954 452 3009 Θεοῦ
478 2955 537 3009 τὸ
575 2956 853 3026 ἐσόμενον,
894 2956 1031 3009 ἀλλά
1079 2954 1495 3027 νομοθετοῦντος
1523 2955 1584 3007 τὸ
1638 2954 1891 3019 αὐτεξού-

310 3067 433 3103 σιον
471 3050 602 3121 (51).
658 3050 1068 3122 Ἦπατήθημεν,
1102 3049 1290 3121 ἐπειδὴ
1341 3049 1715 3121 ὲφθονήθημεν
1752 3048 1887 3121 (5Ξ)·

307 3141 785 3213 ἐκπεπτώκαμεν,
839 3143 1025 3213 ἐπειδὴ
1074 3142 1414 3214 παρέϐημεν·
1474 3143 1892 3213 ὲνηστεύσαμεν,

311 3231 509 3304 ἐπειδὴ
555 3232 630 3303 μὴ
678 3232 1113 3305 ὲνηστεύσαμεν,
1168 3233 1261 3285 τοῦ
1313 3232 1470 3296 ξύλου
1517 3233 1615 3303 τῆς
1644 3231 1896 3300 γνώσεως

308 3325 806 3397 ὑποκρατηθέντες.
846 3325 1074 3397 Ἀρχαία
1114 3321 1310 3396 γὰρῆν
1340 3327 1372 3395 ἡ
1402 3323 1610 3395 ἐντολὴ,
1635 3325 1727 3377 καὶ
1764 3327 1895 3396 ἡμῖν

307 3415 606 3485 ὁμόχρονος
637 3414 817 3487 ψυχῆς
864 3433 945 3479 τις
982 3410 1115 3469 οὖσα
1151 3414 1513 3484 παιδαγωγία,
1572 3416 1664 3467 καὶ
1690 3416 1896 3487 τρυφῆς

310 3506 689 3578 σωφρόνισμα·
722 3507 789 3578 ἣν
814 3506 1191 3577 ὲπετάχθημεν
1237 3505 1486 3571 εἰκότως,
1515 3505 1580 3558 ἵν’
1616 3505 1645 3557 ὃ
1690 3505 1765 3576 μὴ
1798 3523 1897 3574 φυ-

309 3595 574 3660 λάξαντες
602 3597 1090 3668 ἀποϐεϐλήκαμεν,
1138 3595 1468 3665 φυλάξαντες
1511 3597 1891 3667 ἀπολάϐωμεν.

326 3687 660 3759 Ἐδεήθημεν
684 3687 818 3742 Θεοῦ
856 3687 1228 3760 σαρκουμένου
1262 3688 1356 3740 καὶ⁵
1393 3687 1775 3759 νεκρουμένου,
1809 3688 1894 3741 ἴνα

312 3778 591 3850 ζήσωμεν·
630 3778 1133 3851 συνενεκρώθημεν,
1189 3779 1277 3834 ἵνα
1309 3779 1656 3851 καθαρῶμεν·
1706 3796 1897 3833 συναν-

310 3869 578 3940 ἀστημεν,
639 3870 825 3943 ἐπειδὴ
876 3868 1375 3942 συνενεκρὼθημεν·
1411 3868 1892 3941 συνεδοξάσθημεν,

312 3962 506 4034 ἐπειδὴ
523 3963 837 4033 -συνανέστη
846 3979 963 4033 μεν.

2066 2500 2302 2556 XXVIII.
2326 2500 2479 2555 Nunc
2502 2511 2687 2556 autem
2707 2500 2860 2555 nobis
2884 2500 3187 2555 faciendum
3214 2508 3317 2563 est,
3352 2507 3413 2553 ut
3440 2512 3568 2553 ora-

1997 2591 2193 2646 tionem
2229 2591 2282 2644 in
2325 2605 2590 2645 summam
2624 2593 2695 2644 ita
2746 2590 3304 2660 colligamus:Creati
3352 2604 3567 2655 sumus,

1996 2692 2056 2735 ut
2113 2682 2374 2738 beneﬁcio
2434 2684 2771 2738 alliceremur
2809 2701 2820 2735 :
2864 2681 3180 2736 beneﬁcium
3237 2681 3565 2750 accepimus,

1996 2783 2274 2843 postquam
2339 2775 2508 2829 creati
2573 2790 2780 2828 sumus.
2851 2773 3142 2827 Paradisus
3196 2773 3316 2827 iidei
3369 2780 3568 2826 nostra:

1998 2867 2319 2921 commissus
2358 2876 2474 2933 est,
2532 2877 2593 2921 ut
2634 2866 2843 2921 deliciis
2897 2865 3218 2921 fruerentur.
3262 2864 3567 2918 Mandatum

1996 2958 2335 3028 accepimus,
2373 2966 2462 3023 ut,
2496 2972 2560 3013 eo
2588 2967 2833 3021 servato,
2874 2956 3098 3026 gloriam
3123 2969 3564 3023 assequeremur;

1999 3064 2101 3103 non
2133 3051 2275 3119 quod
2304 3049 2443 3104 Deus
2469 3049 2543 3115 id,
2567 3050 2709 3119 quod
2732 3048 2968 3102 futurum
2994 3056 3132 3111 erat,
3157 3048 3449 3117 ignoraret,
3473 3046 3565 3099 sed

1998 3143 2141 3211 quod
2182 3141 2407 3196 arbitrio
2443 3141 2615 3211 legem
2648 3140 3042 3210 praescriberet.
3085 3137 3302 3206 Decepti
3342 3135 3565 3200 fuimus,

1999 3235 2252 3302 quoniam
2286 3233 2589 3288 commodis
2615 3231 2815 3287 nostris
2841 3231 3072 3285 invisum
3096 3238 3201 3283 est.
3232 3227 3566 3290 Excidimus,

1999 3329 2249 3395 quoniam
2297 3326 2606 3379 mandatum
2656 3324 2981 3394 transgressi
3030 3338 3236 3377 sumus.
3292 3319 3566 3389 Jejunavi—

2002 3432 2143 3481 mus,
2165 3418 2417 3485 quoniam
2442 3431 2544 3470 non
2562 3414 2944 3483 jejunavimus,
2963 3414 3086 3484 ligni
3112 3413 3366 3467 nimirum
3390 3412 3568 3467 scien-

2002 3509 2087 3563 tia:
2142 3512 2407 3563 suavitate
2455 3507 2658 3562 deliniti
2714 3521 2778 3561 ac
2828 3507 3042 3561 devicti.
3095 3507 3388 3575 Antiquum
3423 3505 3569 3558 enim

2001 3599 2103 3651 hoc
2133 3590 2444 3651 mandatum
2474 3606 2615 3659 erat,
2642 3598 2903 3666 nobisque
2943 3607 3393 3665 contemporanea
3420 3609 3570 3664 quae-

2003 3689 2123 3741 dam
2166 3688 2357 3740 animae
2402 3685 2720 3755 disciplina,
2773 3701 2836 3740 ac
2891 3686 3202 3740 deliciarum
3234 3684 3566 3755 castigatio:

2002 3780 2144 3849 quod
2174 3793 2278 3831 non
2309 3779 2404 3833 abs
2433 3792 2492 3832 re
2517 3776 2672 3832 nobis
2697 3778 2954 3831 indictum
2985 3786 3095 3841 est,
3127 3786 3186 3830 ut
3208 3775 3348 3844 Quod
3374 3790 3439 3828 eo
3461 3790 3569 3828 non

2004 3878 2217 3926 servato
2240 3869 2603 3939 perdidimus,
2644 3876 2858 3924 servato
2886 3882 3286 3939 recuperemns.
3312 3866 3457 3936 Opus
3477 3866 3572 3920 ha-

2007 3962 2217 4016 buimus
2250 3961 2377 4026 Deo,
2405 3960 2494 4029 qui
2520 3973 2737 4015 carnem
2765 3961 3036 4029 acciperet
3059 3974 3122 4013 ac
3149 3968 3471 4023 moreretur,
3508 3964 3572 4010 ut

316 4054 592 4107 vivamus.
652 4052 988 4108 Commortui
1033 4066 1252 4119 sumus,
1292 4060 1352 4104 ut
1404 4065 1729 4121 purgemur;
1782 4051 1940 4107 simul
1978 4053 2409 4120 resurreximus,
2457 4054 2712 4123 quoniam
2772 4052 2932 4107 simul
2978 4052 3177 4107 mortui
3234 4066 3450 4117 sumus;
3484 4049 3562 4104 si-

315 4144 433 4200 mul
474 4144 757 4214 glorilicaIi
803 4158 1027 4207 sumus,
1058 4143 1312 4210 quoniam
1371 4142 1531 4197 simul
1571 4143 1985 4197 resurreximus.

395 4236 523 4291 KG’.
560 4235 739 4291 Πολλά
770 4234 869 4305 μὲν
909 4234 973 4305 δὴ
1011 4232 1107 4286 τοῦ
1136 4234 1257 4286 τότε
1287 4231 1481 4305 καιροῦ
1517 4233 1584 4287 τὰ
1618 4233 1892 4304 θαύματα·

2079 4234 2265 4289 XXIX.
2297 4235 2553 4301 Quamvis
2589 4242 2767 4288 autem
2814 4232 3076 4303 permulta
3123 4231 3266 4286 illius
3311 4231 3587 4301 temporis.

312 4324 453 4386 Θεὸς
486 4320 905 4394 σταυρούμενος,
950 4321 1101 4391 ἥλιος
1163 4321 1560 4392 σκοτιζόμενος,
1612 4323 1706 4376 καὶ
1735 4322 1894 4379 πάλιν

311 4412 753 4484 ἀναφλεγόμενος
786 4412 913 4485 (ἔδει
933 4412 1041 4483 γὰρ
1059 4411 1134 4483 τῷ
1156 4413 1365 4485 Κτίστῃ
1387 4412 1689 4483 συμπαθεῖν
1714 4415 1807 4466 καὶ
1827 4414 1895 4468 τὰ

310 4504 1048 4576 κτίσματα)·καταπέτασμα
1082 4504 1419 4575 σχιζόμενον,
1450 4500 1588 4575 αἷμα
1621 4503 1716 4558 καὶ
1751 4503 1894 4575 ὕδωρ

306 4599 419 4664 τῆς
448 4597 688 4671 πλευρᾶς
712 4596 987 4668 χεόμενον·
1023 4595 1083 4648 τὸ
1114 4596 1231 4667 μὲν,
1266 4596 1341 4659 ὡς
1390 4594 1695 4667 ἀνθρώπου,
1723 4595 1785 4649 τὸ
1815 4596 1891 4661 δὲ,

311 4691 396 4754 ὡς
424 4689 566 4762 ὑπὲρ
599 4689 906 4761 ἄνθρωπον
953 4688 1025 4759 γῆ
1067 4686 1341 4758 σειομένην
1397 4687 1591 4758 πέτραι
1622 4687 1760 4759 ὑπὲρ
1792 4680 1892 4757 τῆς

310 4784 524 4855 πέτρας
550 4780 662 4853 (55)
694 4780 1052 4851 ρηγνύμεναι,
1084 4780 1265 4852 νεκροὶ
1307 4778 1652 4849 ἀνιστάμενοι
1683 4780 1763 4842 εἰς
1798 4779 1891 4831 πί-

312 4893 437 4930 στιν
460 4873 560 4945 τῆς
590 4872 905 4936 τελευταίας
929 4872 1024 4925 καὶ
1056 4872 1241 4942 κοινῆς
1285 4869 1655 4933 ἀναστάσεως·
1686 4869 1753 4923 τά
1799 4871 1891 4923 ἐπὶ

389 5053 407 5083 ¹
444 5050 596 5107 Joan.
643 5066 760 5115 vni,
792 5050 876 5107 48.
956 5054 976 5084 ²
1005 5049 1167 5106 Marc.
1205 5065 1257 5115 v,
1289 5051 1341 5104 7.
1415 5047 1437 5079 ³
1465 5047 1595 5103 ibid.
1632 5047 1700 5103 M
1761 5063 1881 5117 sqq.

388 5219 501 5294 (48)
529 5222 774 5294 ῌάντως
798 5222 885 5294 δέ.
914 5292 920 5294 Α
944 5222 1035 5278 Sic
1067 5222 1201 5292 Reg.
1238 5224 1330 5292 ph.
1377 5221 1466 5277 Sic
1494 5222 1656 5277 etiam
1679 5222 1893 5277 videtur

313 5292 515 5360 legisse
541 5292 664 5345 Bill.
690 5292 849 5347 Deest
868 5292 926 5346 δέ
956 5294 1009 5345 in
1035 5296 1122 5347 ed.

386 5359 502 5431 (L9)
532 5362 697 5417 Μετὰ
725 5362 838 5432 τῆς
859 5362 1122 5431 Τριάδος.
1154 5380 1173 5414 ι
1196 5359 1330 5417 Cum
1350 5362 1631 5427 Trinitale,
1657 5380 1677 5414 ι
1706 5362 1758 5417 id
1788 5372 1891 5429 est,

319 5450 343 5484 ε
368 5434 590 5500 auspice
616 5432 900 5487 Trinitate.
928 5454 947 5485 ι

389 5502 503 5569 (50)
548 5501 807 5569 Ἐπειδή.
835 5503 999 5559 Coisl.
1040 5504 1094 5569 1,
1120 5504 1224 5557 ὅτι.

393 5570 506 5643 (51)
577 5573 763 5627 Ἀλλὰ
816 5573 1281 5642 νομοθετοῦντος
1342 5570 1418 5643 τὸ,
1475 5572 1888 5637 αὐτεξούσιον.

324 5640 471 5696 cSi-d
487 5640 637 5712 quod
677 5640 904 5698 arbitrio
962 5645 1147 5712 legem
1183 5641 1584 5711 praescriberet,
1612 5659 1634 5695 ι
1687 5643 1740 5696 id
1778 5654 1881 5709 est,

320 5711 526 5783 ipsum
566 5713 847 5783 arbitrium
899 5713 998 5783 legi
1023 5711 1344 5783 subiiceret,
1405 5712 1519 5782 lege
1578 5713 1879 5783 frenaret.»

319 5780 436 5837 Non
467 5792 617 5839 recte
642 5782 826 5839 Billius
862 5801 876 5838 :
931 5780 1145 5852 (quod
1177 5780 1477 5838 libertatem
1533 5782 1739 5839 arbitrii
1779 5783 1891 5855 lege

2000 4325 2255 4381 miracula
2295 4327 2533 4381 fuerint:
2564 4326 2705 4380 Deus
2762 4340 2954 4394 nempe
2998 4325 3051 4378 in
3092 4337 3254 4378 cruce
3308 4324 3567 4392 pendens,

2001 4416 2079 4470 sol
2104 4419 2422 4473 obscuratus
2453 4431 2516 4471 ac
2546 4431 2739 4471 rursus
2781 4415 3140 4469 inﬂammatus
3180 4417 3327 4485 (nam
3362 4424 3572 4469 creatu-

2002 4522 2091 4562 ras
2136 4520 2345 4577 quoque
2388 4506 2631 4562 Creatori
2690 4506 2977 4562 eondolere
3024 4506 3357 4577 oportebat);
3392 4505 3570 4560 velum

2001 4599 2252 4666 scissum,
2293 4598 2511 4668 sanguis
2539 4608 2594 4652 et
2624 4612 2766 4667 aqua
2803 4613 2866 4652 ex
2902 4597 3066 4654 latere
3100 4596 3454 4669 proﬂuentes;
3494 4598 3571 4652 al-

2002 4699 2172 4744 terum
2195 4729 2210 4755 ,
2236 4699 2293 4743 ut
2316 4688 2577 4755 hominis;
2611 4688 2839 4743 alterum
2863 4729 2878 4755 ,
2911 4697 2973 4744 ut
2995 4688 3225 4745 humana
3259 4690 3575 4747 conditione

2000 4780 2251 4848 majoris;
2312 4789 2453 4833 terra
2513 4789 2750 4835 tremore
2811 4795 3072 4836 concussa
3102 4822 3117 4848 ,
3180 4782 3350 4853 868
3404 4791 3571 4852 petrae

1998 4884 2217 4941 propter
2250 4879 2453 4941 petram
2491 4879 2797 4942 perrupta,
2830 4874 3029 4928 mortui
3057 4876 3123 4927 ad
3162 4874 3319 4929 iidem
3360 4884 3569 4944 postre.

2002 5226 2314 5289 saneiretu
2352 5224 2509 5293 quasi
2541 5223 2769 5279 liberum
2827 5223 3123 5293 arbitrium,
3161 5238 3268 5279 non
3322 5233 3465 5280 esset
3487 5226 3583 5280 vis.

2000 5295 2180 5366 nativa
2214 5290 2621 5366 hominis,_sed
2682 5292 2897 5366 aliquod
2955 5290 3248 5359 factitium,
3298 5306 3567 5366 praecepto

2001 5364 2374 5426 constitutum,
2403 5373 2459 5418 et
2489 5363 2603 5433 lege
2632 5363 2920 5433 sancitum.

2069 5432 2681 5516 (5.2L’Ese9MW-
2736 5432 2827 5516 ξίο
2876 5433 3258 5516 awaken.
3290 5432 3568 5516 ςιέῗριιῑη

1997 5502 2169 5575 coisl.
2191 5504 2245 5575 l,
2305 5503 2449 5575 Pan,
2478 5502 2694 5571 comb.,
2720 5510 2827 5558 etc.
2889 5503 2979 5558 Sic
3009 5502 3333 5575 etiam’l‘egit
3356 5502 3477 5559 Bill’.
3509 5507 3579 5560 hs

1997 5574 2115 5645 ed,
2127 5573 2531 5645 Ῠὲφθονήσαμεν.

2217 5642 2531 5713 ’Υσῶρὶῆς
2580 5642 2816 5713 πέτρας.
2854 5648 2977 5704 Hac
3026 5646 3216 5702 desunt
3246 5645 3301 5701 in
3327 5644 3575 5716 pluribus

1997 5728 2151 5769 COGd.
