  <div class='ocr_page' id='page_1' title='image "/cluster/home/n/w/nwhite01/storage/ocr_20150623/36/nnc1.0022377409/374.png"; bbox 0 0 3898 6222; ppageno 0'>
   <div class='ocr_carea' id='block_1_1' title="bbox 215 268 3482 331">
    <p class='ocr_par' dir='ltr' id='par_1_1' title="bbox 215 268 3482 331">
     <span class='ocr_line' id='line_1_1' title="bbox 215 268 3482 331; baseline -0.002 0"><span class='ocrx_word' id='word_1_1' title='bbox 215 273 326 331; x_wconf 73' lang='lat'>665</span> <span class='ocrx_word' id='word_1_2' title='bbox 1326 269 1785 328; x_wconf 85' lang='lat' dir='ltr'>SIGNIFICATIO</span> <span class='ocrx_word' id='word_1_3' title='bbox 1824 268 1890 324; x_wconf 81' lang='lat' dir='ltr'>IN</span> <span class='ocrx_word' id='word_1_4' title='bbox 1932 270 2397 327; x_wconf 80' lang='lat' dir='ltr'>EZECHIELEM.</span> <span class='ocrx_word' id='word_1_5' title='bbox 3378 268 3482 324; x_wconf 75' lang='lat'><strong>666</strong></span> 
     </span>
    </p>
   </div>
   <div class='ocr_carea' id='block_1_2' title="bbox 221 364 3481 462">
    <p class='ocr_par' dir='ltr' id='par_1_2' title="bbox 221 364 3481 462">
     <span class='ocr_line' id='line_1_2' title="bbox 221 364 3481 462; baseline -0.002 -11"><span class='ocrx_word' id='word_1_6' title='bbox 221 386 426 450; x_wconf 78' lang='lat' dir='ltr'>nostri</span> <span class='ocrx_word' id='word_1_7' title='bbox 456 385 763 462; x_wconf 82' lang='lat' dir='ltr'>operibus</span> <span class='ocrx_word' id='word_1_8' title='bbox 797 390 1275 460; x_wconf 78' lang='lat' dir='ltr'>expunxerunt.</span> <span class='ocrx_word' id='word_1_9' title='bbox 1320 384 1550 445; x_wconf 80' lang='lat' dir='ltr'>Bittius</span> <span class='ocrx_word' id='word_1_10' title='bbox 1586 384 1726 461; x_wconf 91' lang='lat' dir='ltr'>ipse</span> <span class='ocrx_word' id='word_1_11' title='bbox 1746 383 2153 462; x_wconf 79' lang='lat' dir='ltr'>eruditorum</span> <span class='ocrx_word' id='word_1_12' title='bbox 2203 364 2585 444; x_wconf 65' lang='lat' dir='ltr'>sententiam</span> <span class='ocrx_word' id='word_1_13' title='bbox 2643 385 2885 448; x_wconf 75' lang='lat' dir='ltr'>calculo</span> <span class='ocrx_word' id='word_1_14' title='bbox 2915 404 3036 448; x_wconf 90' lang='lat' dir='ltr'>suo</span> <span class='ocrx_word' id='word_1_15' title='bbox 3067 385 3481 448; x_wconf 81' lang='lat' dir='ltr'>conﬁrmavit.</span> 
     </span>
    </p>
   </div>
   <div class='ocr_carea' id='block_1_3' title="bbox 220 460 3488 543">
    <p class='ocr_par' dir='ltr' id='par_1_3' title="bbox 220 460 3488 543">
     <span class='ocr_line' id='line_1_3' title="bbox 220 460 3488 543; baseline 0 -19"><span class='ocrx_word' id='word_1_16' title='bbox 220 460 587 526; x_wconf 66' lang='lat' dir='ltr'>«Dubitant</span> <span class='ocrx_word' id='word_1_17' title='bbox 615 462 838 543; x_wconf 79' lang='lat' dir='ltr'>Graeci,</span> <span class='ocrx_word' id='word_1_18' title='bbox 880 463 1091 543; x_wconf 83' lang='lat' dir='ltr'>inquit</span> <span class='ocrx_word' id='word_1_19' title='bbox 1123 463 1271 540; x_wconf 80' lang='lat'>(63),</span> <span class='ocrx_word' id='word_1_20' title='bbox 1297 480 1377 523; x_wconf 89' lang='lat' dir='ltr'>an</span> <span class='ocrx_word' id='word_1_21' title='bbox 1409 462 1540 525; x_wconf 87' lang='lat' dir='ltr'>haec</span> <span class='ocrx_word' id='word_1_22' title='bbox 1570 460 2145 543; x_wconf 80' lang='lat' dir='ltr'>locubratiuncula</span> <span class='ocrx_word' id='word_1_23' title='bbox 2176 462 2486 543; x_wconf 82' lang='lat' dir='ltr'>Gregorio</span> <span class='ocrx_word' id='word_1_24' title='bbox 2517 462 2852 543; x_wconf 82' lang='lat' dir='ltr'>tribuenda</span> <span class='ocrx_word' id='word_1_25' title='bbox 2884 467 2992 529; x_wconf 93' lang='lat' dir='ltr'>sit.</span> <span class='ocrx_word' id='word_1_26' title='bbox 3042 466 3118 525; x_wconf 91' lang='lat' dir='ltr'>Et</span> <span class='ocrx_word' id='word_1_27' title='bbox 3163 481 3343 537; x_wconf 83' lang='lat' dir='ltr'>sane,</span> <span class='ocrx_word' id='word_1_28' title='bbox 3380 464 3488 525; x_wconf 89' lang='lat' dir='ltr'>hic</span> 
     </span>
    </p>
   </div>
   <div class='ocr_carea' id='block_1_4' title="bbox 226 538 3487 622">
    <p class='ocr_par' dir='ltr' id='par_1_4' title="bbox 226 538 3487 622">
     <span class='ocr_line' id='line_1_4' title="bbox 226 538 3487 622; baseline -0.001 -16"><span class='ocrx_word' id='word_1_29' title='bbox 226 546 317 606; x_wconf 89' lang='lat' dir='ltr'>ita</span> <span class='ocrx_word' id='word_1_30' title='bbox 350 542 641 605; x_wconf 82' lang='lat' dir='ltr'>involuta</span> <span class='ocrx_word' id='word_1_31' title='bbox 677 550 739 602; x_wconf 92' lang='lat' dir='ltr'>et</span> <span class='ocrx_word' id='word_1_32' title='bbox 774 538 1065 622; x_wconf 83' lang='lat' dir='ltr'>intricata</span> <span class='ocrx_word' id='word_1_33' title='bbox 1098 538 1520 622; x_wconf 71' lang='lat' dir='ltr'>suntomnia,</span> <span class='ocrx_word' id='word_1_34' title='bbox 1561 542 1690 601; x_wconf 90' lang='lat' dir='ltr'>imo</span> <span class='ocrx_word' id='word_1_35' title='bbox 1729 539 1815 622; x_wconf 79' lang='lat' dir='ltr'>ita</span> <span class='ocrx_word' id='word_1_36' title='bbox 1848 539 2100 622; x_wconf 81' lang='lat' dir='ltr'>inversa</span> <span class='ocrx_word' id='word_1_37' title='bbox 2136 551 2200 602; x_wconf 91' lang='lat' dir='ltr'>et</span> <span class='ocrx_word' id='word_1_38' title='bbox 2231 538 2526 622; x_wconf 75' lang='lat' dir='ltr'>confusa,</span> <span class='ocrx_word' id='word_1_39' title='bbox 2575 538 2845 621; x_wconf 82' lang='lat' dir='ltr'>ipseque</span> <span class='ocrx_word' id='word_1_40' title='bbox 2886 543 3092 622; x_wconf 84' lang='lat' dir='ltr'>stylus</span> <span class='ocrx_word' id='word_1_41' title='bbox 3123 543 3283 605; x_wconf 89' lang='lat' dir='ltr'>adeo</span> <span class='ocrx_word' id='word_1_42' title='bbox 3311 543 3487 622; x_wconf 88' lang='lat' dir='ltr'>sale-</span> 
     </span>
    </p>
   </div>
   <div class='ocr_carea' id='block_1_5' title="bbox 226 617 3486 759">
    <p class='ocr_par' dir='ltr' id='par_1_5' title="bbox 226 617 3486 759">
     <span class='ocr_line' id='line_1_5' title="bbox 226 617 3486 759; baseline 0 -75"><span class='ocrx_word' id='word_1_43' title='bbox 226 623 463 684; x_wconf 87' lang='lat' dir='ltr'>brosus</span> <span class='ocrx_word' id='word_1_44' title='bbox 486 639 558 759; x_wconf 61' lang='lat' dir='ltr'>ag</span> <span class='ocrx_word' id='word_1_45' title='bbox 589 619 1024 699; x_wconf 75' lang='lat' dir='ltr'>perturbatus,</span> <span class='ocrx_word' id='word_1_46' title='bbox 1062 625 1130 680; x_wconf 86' lang='lat' dir='ltr'>ut</span> <span class='ocrx_word' id='word_1_47' title='bbox 1165 619 1320 681; x_wconf 87' lang='lat' dir='ltr'>mihi</span> <span class='ocrx_word' id='word_1_48' title='bbox 1360 619 1481 682; x_wconf 89' lang='lat' dir='ltr'>hoc</span> <span class='ocrx_word' id='word_1_49' title='bbox 1511 617 1896 697; x_wconf 84' lang='lat' dir='ltr'>Opusculum</span> <span class='ocrx_word' id='word_1_50' title='bbox 1930 619 2089 680; x_wconf 89' lang='lat' dir='ltr'>tanti</span> <span class='ocrx_word' id='word_1_51' title='bbox 2121 620 2401 682; x_wconf 76' lang='lat' dir='ltr'>auctoris</span> <span class='ocrx_word' id='word_1_52' title='bbox 2438 636 2675 683; x_wconf 85' lang='lat' dir='ltr'>nomen</span> <span class='ocrx_word' id='word_1_53' title='bbox 2713 617 2893 686; x_wconf 83' lang='lat' dir='ltr'>nullo</span> <span class='ocrx_word' id='word_1_54' title='bbox 2933 617 3122 686; x_wconf 81' lang='lat' dir='ltr'>modo</span> <span class='ocrx_word' id='word_1_55' title='bbox 3155 621 3486 685; x_wconf 86' lang='lat' dir='ltr'>sustinere</span> 
     </span>
     <span class='ocr_line' id='line_1_6' title="bbox 226 708 832 759; baseline -0.008 0"><span class='ocrx_word' id='word_1_56' title='bbox 226 717 421 759; x_wconf 84' lang='lat' dir='ltr'>nosse</span> <span class='ocrx_word' id='word_1_57' title='bbox 455 716 511 759; x_wconf 86' lang='lat' dir='ltr'>v1</span> <span class='ocrx_word' id='word_1_58' title='bbox 564 708 764 759; x_wconf 88' lang='lat' dir='ltr'>eatur.</span> <span class='ocrx_word' id='word_1_59' title='bbox 800 720 832 754; x_wconf 72' lang='lat' dir='ltr'>in</span> 
     </span>
    </p>
   </div>
   <div class='ocr_carea' id='block_1_6' title="bbox 274 708 832 762">
    <p class='ocr_par' dir='ltr' id='par_1_6' title="bbox 274 708 832 762">
     <span class='ocr_line' id='line_1_7' title="bbox 274 708 832 762; baseline -0.005 -2"><span class='ocrx_word' id='word_1_60' title='bbox 274 717 421 762; x_wconf 79' lang='lat'>0556</span> <span class='ocrx_word' id='word_1_61' title='bbox 455 708 764 761; x_wconf 84' lang='lat' dir='ltr'>videatur.</span> <span class='ocrx_word' id='word_1_62' title='bbox 800 720 832 754; x_wconf 63' lang='grc' dir='ltr'>υ</span> 
     </span>
    </p>
   </div>
   <div class='ocr_carea' id='block_1_7' title="bbox 226 722 3487 853">
    <p class='ocr_par' dir='ltr' id='par_1_7' title="bbox 226 722 3487 853">
     <span class='ocr_line' id='line_1_8' title="bbox 274 722 832 760; baseline -0.011 0"><span class='ocrx_word' id='word_1_63' title='bbox 274 722 313 760; x_wconf 84' lang='grc'><strong>0</strong></span> <span class='ocrx_word' id='word_1_64' title='bbox 353 722 381 760; x_wconf 83' lang='grc'><strong>5</strong></span> <span class='ocrx_word' id='word_1_65' title='bbox 455 722 553 759; x_wconf 83' lang='grc' dir='ltr'>νιυ</span> <span class='ocrx_word' id='word_1_66' title='bbox 600 722 764 760; x_wconf 68' lang='lat' dir='ltr'>BIUI&#39;.</span> <span class='ocrx_word' id='word_1_67' title='bbox 800 722 832 754; x_wconf 64' lang='grc' dir='ltr'><strong>ι</strong></span> 
     </span>
     <span class='ocr_line' id='line_1_9' title="bbox 226 722 3487 853; baseline -0.001 -13"><span class='ocrx_word' id='word_1_68' title='bbox 226 722 270 781; x_wconf 64' lang='lat' dir='ltr'>P</span> <span class='ocrx_word' id='word_1_69' title='bbox 312 722 421 842; x_wconf 52' lang='lat' dir='ltr'>fl?</span> <span class='ocrx_word' id='word_1_70' title='bbox 450 722 693 839; x_wconf 48' lang='lat' dir='ltr'>Deifide</span> <span class='ocrx_word' id='word_1_71' title='bbox 724 778 801 839; x_wconf 87' lang='lat' dir='ltr'>ad</span> <span class='ocrx_word' id='word_1_72' title='bbox 835 776 1336 853; x_wconf 64' lang='lat' dir='ltr'>confirmandam</span> <span class='ocrx_word' id='word_1_73' title='bbox 1369 785 1648 839; x_wconf 87' lang='lat' dir='ltr'>nostram</span> <span class='ocrx_word' id='word_1_74' title='bbox 1687 775 1806 837; x_wconf 87' lang='lat' dir='ltr'>hac</span> <span class='ocrx_word' id='word_1_75' title='bbox 1854 782 1933 842; x_wconf 85' lang='lat' dir='ltr'>de</span> <span class='ocrx_word' id='word_1_76' title='bbox 1993 793 2058 837; x_wconf 88' lang='lat' dir='ltr'>re</span> <span class='ocrx_word' id='word_1_77' title='bbox 2099 775 2505 853; x_wconf 88' lang='lat' dir='ltr'>opinionem,</span> <span class='ocrx_word' id='word_1_78' title='bbox 2541 778 2785 840; x_wconf 81' lang='lat' dir='ltr'>accedit</span> <span class='ocrx_word' id='word_1_79' title='bbox 2816 779 3005 842; x_wconf 89' lang='lat' dir='ltr'>etiam</span> <span class='ocrx_word' id='word_1_80' title='bbox 3043 777 3487 840; x_wconf 88' lang='lat' dir='ltr'>testimonium</span> 
     </span>
    </p>
   </div>
   <div class='ocr_carea' id='block_1_8' title="bbox 228 850 1836 935">
    <p class='ocr_par' dir='ltr' id='par_1_8' title="bbox 228 850 1836 935">
     <span class='ocr_line' id='line_1_10' title="bbox 228 850 1836 935; baseline -0.006 -13"><span class='ocrx_word' id='word_1_81' title='bbox 228 859 425 935; x_wconf 80' lang='lat' dir='ltr'>hujus</span> <span class='ocrx_word' id='word_1_82' title='bbox 469 855 699 917; x_wconf 87' lang='lat' dir='ltr'>scholii</span> <span class='ocrx_word' id='word_1_83' title='bbox 736 875 751 913; x_wconf 88' lang='lat'><strong>:</strong></span> <span class='ocrx_word' id='word_1_84' title='bbox 783 855 1001 918; x_wconf 73' lang='lat' dir='ltr'>&#39;lo‘téov,</span> <span class='ocrx_word' id='word_1_85' title='bbox 1022 857 1117 935; x_wconf 10' lang='grc' dir='ltr'>,ὅτι</span> <span class='ocrx_word' id='word_1_86' title='bbox 1139 850 1296 920; x_wconf 79' lang='grc' dir='ltr'>οὗτος</span> <span class='ocrx_word' id='word_1_87' title='bbox 1324 858 1353 911; x_wconf 86' lang='grc' dir='ltr'>ὁ</span> <span class='ocrx_word' id='word_1_88' title='bbox 1382 854 1539 924; x_wconf 84' lang='grc' dir='ltr'>λόγος</span> <span class='ocrx_word' id='word_1_89' title='bbox 1566 854 1836 926; x_wconf 54' lang='lat' dir='ltr'>auctam</span> 
     </span>
    </p>
   </div>
   <div class='ocr_carea' id='block_1_9' title="bbox 1949 850 3484 935">
    <p class='ocr_par' dir='ltr' id='par_1_9' title="bbox 1954 850 3484 935">
     <span class='ocr_line' id='line_1_11' title="bbox 1954 850 3484 935; baseline 0.006 -26"><span class='ocrx_word' id='word_1_90' title='bbox 1954 874 1973 909; x_wconf 88' lang='grc' dir='ltr'>ι</span> <span class='ocrx_word' id='word_1_91' title='bbox 2000 876 2015 892; x_wconf 79' lang='grc' dir='ltr'><strong><em>ο</em></strong></span> <span class='ocrx_word' id='word_1_92' title='bbox 2052 878 2084 912; x_wconf 71' lang='grc' dir='ltr'>α</span> <span class='ocrx_word' id='word_1_93' title='bbox 2114 850 2457 916; x_wconf 84' lang='lat' dir='ltr'>Sciendum</span> <span class='ocrx_word' id='word_1_94' title='bbox 2494 855 2656 935; x_wconf 89' lang='lat' dir='ltr'>hanc</span> <span class='ocrx_word' id='word_1_95' title='bbox 2692 859 3045 919; x_wconf 81' lang='lat' dir='ltr'>oralionem</span> <span class='ocrx_word' id='word_1_96' title='bbox 3106 857 3172 917; x_wconf 93' lang='lat' dir='ltr'>in</span> <span class='ocrx_word' id='word_1_97' title='bbox 3219 857 3484 918; x_wconf 86' lang='lat' dir='ltr'>dubium</span> 
     </span>
    </p>
   </div>
   <div class='ocr_carea' id='block_1_10' title="bbox 234 934 3493 1014">
    <p class='ocr_par' dir='ltr' id='par_1_10' title="bbox 234 934 3493 1014">
     <span class='ocr_line' id='line_1_12' title="bbox 234 934 3493 1014; baseline -0.002 -16"><span class='ocrx_word' id='word_1_98' title='bbox 234 935 552 1014; x_wconf 84' lang='lat' dir='ltr'>revocari.</span> <span class='ocrx_word' id='word_1_99' title='bbox 584 958 612 991; x_wconf 69' lang='grc' dir='ltr'>ι</span> <span class='ocrx_word' id='word_1_100' title='bbox 649 936 957 995; x_wconf 65' lang='lat' dir='ltr'>Praeterea</span> <span class='ocrx_word' id='word_1_101' title='bbox 998 934 1402 1014; x_wconf 84' lang='lat' dir='ltr'>desideratur</span> <span class='ocrx_word' id='word_1_102' title='bbox 1441 937 1505 995; x_wconf 92' lang='lat' dir='ltr'>in</span> <span class='ocrx_word' id='word_1_103' title='bbox 1540 939 1874 1000; x_wconf 84' lang='lat' dir='ltr'>nonnullis</span> <span class='ocrx_word' id='word_1_104' title='bbox 1906 936 2165 1014; x_wconf 70' lang='lat' dir='ltr'>optimm</span> <span class='ocrx_word' id='word_1_105' title='bbox 2195 939 2358 993; x_wconf 58' lang='lat' dir='ltr'>notae</span> <span class='ocrx_word' id='word_1_106' title='bbox 2388 934 2718 1014; x_wconf 75' lang='lat' dir='ltr'>codicibus</span> <span class='ocrx_word' id='word_1_107' title='bbox 2758 936 2876 997; x_wconf 92' lang='lat' dir='ltr'>hoc</span> <span class='ocrx_word' id='word_1_108' title='bbox 2908 937 3289 1014; x_wconf 82' lang='lat' dir='ltr'>opusculum</span> <span class='ocrx_word' id='word_1_109' title='bbox 3318 950 3493 1014; x_wconf 80' lang='lat' dir='ltr'>;__nec</span> 
     </span>
    </p>
   </div>
   <div class='ocr_carea' id='block_1_11' title="bbox 234 1011 3493 1093">
    <p class='ocr_par' dir='ltr' id='par_1_11' title="bbox 234 1011 3493 1093">
     <span class='ocr_line' id='line_1_13' title="bbox 234 1011 3493 1093; baseline -0.001 -18"><span class='ocrx_word' id='word_1_110' title='bbox 234 1015 474 1093; x_wconf 84' lang='lat' dir='ltr'>legitur</span> <span class='ocrx_word' id='word_1_111' title='bbox 501 1013 569 1074; x_wconf 92' lang='lat' dir='ltr'>in</span> <span class='ocrx_word' id='word_1_112' title='bbox 601 1014 854 1093; x_wconf 90' lang='lat' dir='ltr'>duobus</span> <span class='ocrx_word' id='word_1_113' title='bbox 896 1014 1117 1088; x_wconf 77' lang='lat' dir='ltr'>primis</span> <span class='ocrx_word' id='word_1_114' title='bbox 1144 1013 1519 1093; x_wconf 86' lang='lat' dir='ltr'>Coisliniani</span> <span class='ocrx_word' id='word_1_115' title='bbox 1574 1014 1904 1077; x_wconf 88' lang='lat' dir='ltr'>codicibus</span> <span class='ocrx_word' id='word_1_116' title='bbox 1955 1011 2359 1079; x_wconf 84' lang='lat' dir='ltr'>bibliothecae</span> <span class='ocrx_word' id='word_1_117' title='bbox 2383 1011 2971 1093; x_wconf 65' lang='lat' dir='ltr'>Smtgermanensis.</span> <span class='ocrx_word' id='word_1_118' title='bbox 3032 1014 3275 1076; x_wconf 88' lang='lat' dir='ltr'>Idcirco</span> <span class='ocrx_word' id='word_1_119' title='bbox 3331 1011 3493 1093; x_wconf 69' lang='lat' dir='ltr'>illud</span> 
     </span>
    </p>
   </div>
   <div class='ocr_carea' id='block_1_12' title="bbox 237 1089 3491 1171">
    <p class='ocr_par' dir='ltr' id='par_1_12' title="bbox 237 1089 3491 1171">
     <span class='ocr_line' id='line_1_14' title="bbox 237 1089 3491 1171; baseline -0.002 -16"><span class='ocrx_word' id='word_1_120' title='bbox 237 1089 469 1171; x_wconf 63' lang='lat' dir='ltr'>marito</span> <span class='ocrx_word' id='word_1_121' title='bbox 497 1092 945 1171; x_wconf 86' lang='lat' dir='ltr'>repudiamus;</span> <span class='ocrx_word' id='word_1_122' title='bbox 987 1109 1194 1171; x_wconf 90' lang='lat' dir='ltr'>neque</span> <span class='ocrx_word' id='word_1_123' title='bbox 1230 1092 1402 1153; x_wconf 90' lang='lat' dir='ltr'>enim</span> <span class='ocrx_word' id='word_1_124' title='bbox 1438 1093 1535 1152; x_wconf 88' lang='lat' dir='ltr'>his</span> <span class='ocrx_word' id='word_1_125' title='bbox 1557 1097 1822 1153; x_wconf 85' lang='lat' dir='ltr'>omnino</span> <span class='ocrx_word' id='word_1_126' title='bbox 1858 1109 2213 1171; x_wconf 86' lang='lat' dir='ltr'>movemur,</span> <span class='ocrx_word' id='word_1_127' title='bbox 2243 1089 2790 1171; x_wconf 51' lang='lat' dir='ltr'>qumsch&#39;oliastes</span> <span class='ocrx_word' id='word_1_128' title='bbox 2820 1090 3491 1171; x_wconf 77' lang='lat' dir='ltr'>Colbertinimaximi,</span> 
     </span>
    </p>
   </div>
   <div class='ocr_carea' id='block_1_13' title="bbox 225 1168 3497 1250">
    <p class='ocr_par' dir='ltr' id='par_1_13' title="bbox 225 1168 3497 1250">
     <span class='ocr_line' id='line_1_15' title="bbox 225 1168 3497 1250; baseline -0.003 -17"><span class='ocrx_word' id='word_1_129' title='bbox 225 1170 361 1250; x_wconf 68' lang='lat' dir='ltr'>jam</span> <span class='ocrx_word' id='word_1_130' title='bbox 398 1168 775 1250; x_wconf 82' lang='lat' dir='ltr'>praecedenti</span> <span class='ocrx_word' id='word_1_131' title='bbox 812 1168 1104 1250; x_wconf 72' lang='lat' dir='ltr'>numero</span> <span class='ocrx_word' id='word_1_132' title='bbox 1123 1172 1354 1250; x_wconf 86' lang='lat' dir='ltr'>citatus</span> <span class='ocrx_word' id='word_1_133' title='bbox 1379 1214 1395 1241; x_wconf 91' lang='lat'>,</span> <span class='ocrx_word' id='word_1_134' title='bbox 1446 1179 1589 1248; x_wconf 88' lang='lat' dir='ltr'>post</span> <span class='ocrx_word' id='word_1_135' title='bbox 1632 1171 1883 1250; x_wconf 77' lang='lat' dir='ltr'>laudata</span> <span class='ocrx_word' id='word_1_136' title='bbox 1934 1172 2122 1250; x_wconf 83' lang='lat' dir='ltr'>verba</span> <span class='ocrx_word' id='word_1_137' title='bbox 2163 1169 2530 1250; x_wconf 82' lang='lat' dir='ltr'>immediate</span> <span class='ocrx_word' id='word_1_138' title='bbox 2579 1172 2910 1250; x_wconf 74' lang='lat' dir='ltr'>subjungit</span> <span class='ocrx_word' id='word_1_139' title='bbox 2949 1173 3161 1250; x_wconf 72' lang='lat' dir='ltr'>:_&quot;I&lt;rwc</span> <span class='ocrx_word' id='word_1_140' title='bbox 3185 1169 3242 1222; x_wconf 86' lang='grc' dir='ltr'>δὲ</span> <span class='ocrx_word' id='word_1_141' title='bbox 3267 1168 3497 1225; x_wconf 82' lang='grc' dir='ltr'>ὁπάντα</span> 
     </span>
    </p>
   </div>
   <div class='ocr_carea' id='block_1_14' title="bbox 234 1243 3494 1371">
    <p class='ocr_par' dir='ltr' id='par_1_14' title="bbox 234 1243 3494 1371">
     <span class='ocr_line' id='line_1_16' title="bbox 234 1243 3494 1371; baseline -0.001 -66"><span class='ocrx_word' id='word_1_142' title='bbox 234 1243 578 1371; x_wconf 55' lang='grc' dir='ltr'>ἆμαεὺεὼν,</span> <span class='ocrx_word' id='word_1_143' title='bbox 605 1247 779 1310; x_wconf 77' lang='grc' dir='ltr'>οὔτως</span> <span class='ocrx_word' id='word_1_144' title='bbox 808 1247 1106 1330; x_wconf 62' lang='grc' dir='ltr'>ἐπέγραψε,</span> <span class='ocrx_word' id='word_1_145' title='bbox 1141 1249 1229 1303; x_wconf 83' lang='grc' dir='ltr'>διὰ</span> <span class='ocrx_word' id='word_1_146' title='bbox 1262 1248 1323 1301; x_wconf 84' lang='grc' dir='ltr'>τὸ</span> <span class='ocrx_word' id='word_1_147' title='bbox 1348 1243 1520 1304; x_wconf 77' lang='grc' dir='ltr'>ἐνίοτε</span> <span class='ocrx_word' id='word_1_148' title='bbox 1542 1249 1639 1303; x_wconf 66' lang='grc' dir='ltr'>καὶ</span> <span class='ocrx_word' id='word_1_149' title='bbox 1663 1249 1754 1302; x_wconf 83' lang='grc' dir='ltr'>τὸν</span> <span class='ocrx_word' id='word_1_150' title='bbox 1784 1251 2005 1323; x_wconf 80' lang='grc' dir='ltr'>Πατέρα</span> <span class='ocrx_word' id='word_1_151' title='bbox 2029 1249 2202 1310; x_wconf 72' lang='grc' dir='ltr'>οὕτως</span> <span class='ocrx_word' id='word_1_152' title='bbox 2232 1246 2411 1318; x_wconf 82' lang='grc' dir='ltr'>εὑρεῖν</span> <span class='ocrx_word' id='word_1_153' title='bbox 2443 1243 2854 1319; x_wconf 56' lang='grc' dir='ltr'>ἐπιγράψαντα,</span> <span class='ocrx_word' id='word_1_154' title='bbox 2873 1254 2929 1303; x_wconf 78' lang='grc' dir='ltr'>ὲν</span> <span class='ocrx_word' id='word_1_155' title='bbox 2956 1243 3001 1318; x_wconf 80' lang='grc' dir='ltr'><strong>ᾧ</strong></span> <span class='ocrx_word' id='word_1_156' title='bbox 3032 1251 3211 1303; x_wconf 74' lang='grc' dir='ltr'>εἰώθει</span> <span class='ocrx_word' id='word_1_157' title='bbox 3242 1264 3494 1321; x_wconf 85' lang='grc' dir='ltr'>παραση-</span> 
     </span>
     <span class='ocr_line' id='line_1_17' title="bbox 239 1317 3494 1371; baseline 0 0"><span class='ocrx_word' id='word_1_158' title='bbox 239 1336 439 1371; x_wconf 68' lang='lat' dir='ltr'>natoue</span> <span class='ocrx_word' id='word_1_159' title='bbox 473 1337 529 1371; x_wconf 89' lang='grc' dir='ltr'>αι</span> <span class='ocrx_word' id='word_1_160' title='bbox 567 1318 833 1371; x_wconf 80' lang='grc' dir='ltr'>σγεδαοίω</span> <span class='ocrx_word' id='word_1_161' title='bbox 856 1336 871 1351; x_wconf 75' lang='grc' dir='ltr'><strong>ο</strong></span> <span class='ocrx_word' id='word_1_162' title='bbox 902 1335 1119 1371; x_wconf 87' lang='grc' dir='ltr'>ποωτον</span> <span class='ocrx_word' id='word_1_163' title='bbox 1165 1322 1611 1371; x_wconf 75' lang='grc' dir='ltr'>σηιιειωσάμενον</span> <span class='ocrx_word' id='word_1_164' title='bbox 1642 1320 1712 1371; x_wconf 81' lang='grc' dir='ltr'>τὰ</span> <span class='ocrx_word' id='word_1_165' title='bbox 1746 1322 1826 1371; x_wconf 77' lang='grc' dir='ltr'>εὶς</span> <span class='ocrx_word' id='word_1_166' title='bbox 1867 1323 1957 1371; x_wconf 82' lang='grc' dir='ltr'>τὸν</span> <span class='ocrx_word' id='word_1_167' title='bbox 1998 1317 2278 1371; x_wconf 72' lang='grc' dir='ltr'>Ἰεξεκιὴλ.</span> <span class='ocrx_word' id='word_1_168' title='bbox 2322 1318 2635 1371; x_wconf 81' lang='grc' dir='ltr'>παοένθετα</span> <span class='ocrx_word' id='word_1_169' title='bbox 2668 1320 2723 1371; x_wconf 83' lang='grc' dir='ltr'>δὲ</span> <span class='ocrx_word' id='word_1_170' title='bbox 2762 1321 2855 1371; x_wconf 72' lang='grc' dir='ltr'>καὶ</span> <span class='ocrx_word' id='word_1_171' title='bbox 2892 1321 3059 1371; x_wconf 74' lang='grc' dir='ltr'>ἄλλας</span> <span class='ocrx_word' id='word_1_172' title='bbox 3093 1320 3369 1371; x_wconf 72' lang='grc' dir='ltr'>γοαεβικὰς</span> <span class='ocrx_word' id='word_1_173' title='bbox 3398 1334 3494 1371; x_wconf 82' lang='grc' dir='ltr'>στι-</span> 
     </span>
    </p>
   </div>
   <div class='ocr_carea' id='block_1_15' title="bbox 238 1317 3495 1391">
    <p class='ocr_par' dir='ltr' id='par_1_15' title="bbox 238 1317 3495 1391">
     <span class='ocr_line' id='line_1_18' title="bbox 238 1317 3495 1391; baseline 0 -19"><span class='ocrx_word' id='word_1_174' title='bbox 238 1317 529 1391; x_wconf 78' lang='grc' dir='ltr'>μειοῦσθαι</span> <span class='ocrx_word' id='word_1_175' title='bbox 560 1318 839 1391; x_wconf 62' lang='lat' dir='ltr'>cxcoctth</span> <span class='ocrx_word' id='word_1_176' title='bbox 856 1336 871 1351; x_wconf 76' lang='grc' dir='ltr'><strong>ο</strong></span> <span class='ocrx_word' id='word_1_177' title='bbox 902 1317 1119 1391; x_wconf 80' lang='grc' dir='ltr'>πρῶτον</span> <span class='ocrx_word' id='word_1_178' title='bbox 1165 1322 1611 1391; x_wconf 85' lang='grc' dir='ltr'>σημειωσάμενον</span> <span class='ocrx_word' id='word_1_179' title='bbox 1642 1320 1712 1391; x_wconf 71' lang='grc' dir='ltr'>τᾲ</span> <span class='ocrx_word' id='word_1_180' title='bbox 1746 1322 1826 1384; x_wconf 72' lang='grc' dir='ltr'>εἰς</span> <span class='ocrx_word' id='word_1_181' title='bbox 1867 1317 1957 1375; x_wconf 79' lang='grc' dir='ltr'>τὸν</span> <span class='ocrx_word' id='word_1_182' title='bbox 1998 1317 2278 1391; x_wconf 47' lang='grc' dir='ltr'>Ἰεξεκιὴῂ</span> <span class='ocrx_word' id='word_1_183' title='bbox 2302 1317 2635 1391; x_wconf 63' lang='grc' dir='ltr'>παρένθετα</span> <span class='ocrx_word' id='word_1_184' title='bbox 2665 1317 2723 1372; x_wconf 82' lang='grc' dir='ltr'>δὲ</span> <span class='ocrx_word' id='word_1_185' title='bbox 2762 1321 2855 1374; x_wconf 71' lang='grc' dir='ltr'>καὶ</span> <span class='ocrx_word' id='word_1_186' title='bbox 2892 1317 3059 1383; x_wconf 86' lang='grc' dir='ltr'>ἄλλας</span> <span class='ocrx_word' id='word_1_187' title='bbox 3093 1317 3495 1391; x_wconf 15' lang='grc' dir='ltr'>γραφικᾶςίοής</span> 
     </span>
    </p>
   </div>
   <div class='ocr_carea' id='block_1_16' title="bbox 238 1385 3497 1462">
    <p class='ocr_par' dir='ltr' id='par_1_16' title="bbox 238 1385 3497 1462">
     <span class='ocr_line' id='line_1_19' title="bbox 238 1385 3497 1462; baseline -0.001 -20"><span class='ocrx_word' id='word_1_188' title='bbox 238 1385 516 1462; x_wconf 44' lang='lat' dir='ltr'>patriams,</span> <span class='ocrx_word' id='word_1_189' title='bbox 539 1385 697 1462; x_wconf 62' lang='grc' dir='ltr'>ὡς’ξν</span> <span class='ocrx_word' id='word_1_190' title='bbox 722 1385 992 1462; x_wconf 70' lang='grc' dir='ltr'>σχεδαρίὶρ</span> <span class='ocrx_word' id='word_1_191' title='bbox 1018 1406 1031 1419; x_wconf 74' lang='grc' dir='ltr'><strong>ο</strong></span> <span class='ocrx_word' id='word_1_192' title='bbox 1067 1385 1534 1462; x_wconf 54' lang='grc' dir='ltr'>ὁμολοὴηθέντίδὲ</span> <span class='ocrx_word' id='word_1_193' title='bbox 1563 1389 1714 1460; x_wconf 80' lang='grc' dir='ltr'>παρὰ</span> <span class='ocrx_word' id='word_1_194' title='bbox 1737 1391 1954 1445; x_wconf 80' lang='grc' dir='ltr'>πάντων</span> <span class='ocrx_word' id='word_1_195' title='bbox 1981 1391 2073 1444; x_wconf 73' lang='grc' dir='ltr'>τοῦ</span> <span class='ocrx_word' id='word_1_196' title='bbox 2112 1385 2294 1462; x_wconf 83' lang='grc' dir='ltr'>Ἀγίου</span> <span class='ocrx_word' id='word_1_197' title='bbox 2321 1385 2510 1442; x_wconf 83' lang='grc' dir='ltr'>τούτου</span> <span class='ocrx_word' id='word_1_198' title='bbox 2541 1386 2679 1444; x_wconf 80' lang='grc' dir='ltr'>εἶναι</span> <span class='ocrx_word' id='word_1_199' title='bbox 2706 1407 2723 1462; x_wconf 16' lang='grc' dir='ltr'><strong>Ἀ</strong></span> <span class='ocrx_word' id='word_1_200' title='bbox 2750 1392 2881 1455; x_wconf 79' lang='grc' dir='ltr'>ἴσως</span> <span class='ocrx_word' id='word_1_201' title='bbox 2906 1392 2981 1455; x_wconf 87' lang='grc' dir='ltr'>ὡς</span> <span class='ocrx_word' id='word_1_202' title='bbox 3013 1385 3309 1462; x_wconf 61' lang='grc' dir='ltr'>ιδιοῨράιφῳ</span> <span class='ocrx_word' id='word_1_203' title='bbox 3331 1385 3497 1441; x_wconf 80' lang='grc' dir='ltr'>αὐτοῦ</span> 
     </span>
    </p>
   </div>
   <div class='ocr_carea' id='block_1_17' title="bbox 231 1407 1836 1538">
    <p class='ocr_par' dir='ltr' id='par_1_17' title="bbox 231 1407 1836 1532">
     <span class='ocr_line' id='line_1_20' title="bbox 238 1407 1836 1511; baseline 0.001 -69"><span class='ocrx_word' id='word_1_204' title='bbox 238 1407 516 1460; x_wconf 83' lang='grc' dir='ltr'>μειωσεις,</span> <span class='ocrx_word' id='word_1_205' title='bbox 539 1407 617 1452; x_wconf 83' lang='grc' dir='ltr'>ως</span> <span class='ocrx_word' id='word_1_206' title='bbox 640 1407 697 1441; x_wconf 89' lang='grc' dir='ltr'>εν</span> <span class='ocrx_word' id='word_1_207' title='bbox 722 1407 992 1511; x_wconf 60' lang='grc' dir='ltr'>σχεοαριῳ</span> <span class='ocrx_word' id='word_1_208' title='bbox 1018 1407 1031 1419; x_wconf 88' lang='grc'>·</span> <span class='ocrx_word' id='word_1_209' title='bbox 1067 1407 1451 1461; x_wconf 82' lang='grc' dir='ltr'>ομοΑογηυεντι</span> <span class='ocrx_word' id='word_1_210' title='bbox 1475 1407 1534 1443; x_wconf 90' lang='grc' dir='ltr'>οε</span> <span class='ocrx_word' id='word_1_211' title='bbox 1563 1407 1714 1460; x_wconf 85' lang='grc' dir='ltr'>παρα</span> <span class='ocrx_word' id='word_1_212' title='bbox 1737 1407 1836 1444; x_wconf 72' lang='grc' dir='ltr'>παν</span> 
     </span>
     <span class='ocr_line' id='line_1_21' title="bbox 231 1458 1836 1532; baseline -0.001 -19"><span class='ocrx_word' id='word_1_213' title='bbox 231 1460 407 1530; x_wconf 74' lang='lat' dir='ltr'>87o</span> <span class='ocrx_word' id='word_1_214' title='bbox 452 1459 586 1525; x_wconf 80' lang='grc' dir='ltr'>ὄντι,</span> <span class='ocrx_word' id='word_1_215' title='bbox 633 1459 666 1530; x_wconf 84' lang='grc' dir='ltr'>ἢ</span> <span class='ocrx_word' id='word_1_216' title='bbox 703 1462 797 1512; x_wconf 76' lang='grc' dir='ltr'>καὶ</span> <span class='ocrx_word' id='word_1_217' title='bbox 828 1458 894 1512; x_wconf 83' lang='grc' dir='ltr'>ἄλ</span> <span class='ocrx_word' id='word_1_218' title='bbox 927 1477 1004 1523; x_wconf 87' lang='grc' dir='ltr'>ως</span> <span class='ocrx_word' id='word_1_219' title='bbox 1044 1478 1160 1524; x_wconf 88' lang='grc' dir='ltr'>πως</span> <span class='ocrx_word' id='word_1_220' title='bbox 1202 1459 1643 1532; x_wconf 83' lang='grc' dir='ltr'>ὡμολογημὲνῳ⁶</span> <span class='ocrx_word' id='word_1_221' title='bbox 1690 1482 1717 1515; x_wconf 78' lang='grc' dir='ltr'><strong>α</strong></span> <span class='ocrx_word' id='word_1_222' title='bbox 1751 1461 1836 1521; x_wconf 74' lang='grc' dir='ltr'>Ρο</span> 
     </span>
    </p>
   </div>
   <div class='ocr_carea' id='block_1_18' title="bbox 1949 1407 3500 1538">
    <p class='ocr_par' dir='ltr' id='par_1_18' title="bbox 1949 1407 3500 1538">
     <span class='ocr_line' id='line_1_22' title="bbox 1949 1407 3497 1462; baseline -0.003 -18"><span class='ocrx_word' id='word_1_223' title='bbox 1949 1410 1954 1436; x_wconf 75' lang='lat' dir='ltr'>l</span> <span class='ocrx_word' id='word_1_224' title='bbox 1981 1408 2073 1444; x_wconf 76' lang='grc' dir='ltr'>του</span> <span class='ocrx_word' id='word_1_225' title='bbox 2127 1407 2294 1458; x_wconf 74' lang='grc' dir='ltr'>Λγιου</span> <span class='ocrx_word' id='word_1_226' title='bbox 2321 1407 2510 1442; x_wconf 82' lang='grc' dir='ltr'>τούτου</span> <span class='ocrx_word' id='word_1_227' title='bbox 2541 1407 2679 1444; x_wconf 87' lang='grc' dir='ltr'>ειναι</span> <span class='ocrx_word' id='word_1_228' title='bbox 2706 1407 2718 1419; x_wconf 91' lang='grc'><strong>⁹</strong></span> <span class='ocrx_word' id='word_1_229' title='bbox 2750 1407 2881 1455; x_wconf 85' lang='grc' dir='ltr'>ισως</span> <span class='ocrx_word' id='word_1_230' title='bbox 2906 1407 2981 1455; x_wconf 85' lang='grc' dir='ltr'>ως</span> <span class='ocrx_word' id='word_1_231' title='bbox 3013 1407 3306 1462; x_wconf 77' lang='grc' dir='ltr'>ιοιογραφῳ</span> <span class='ocrx_word' id='word_1_232' title='bbox 3331 1407 3497 1441; x_wconf 86' lang='grc' dir='ltr'>αυτου</span> 
     </span>
     <span class='ocr_line' id='line_1_23' title="bbox 1950 1460 3500 1538; baseline -0.003 -15"><span class='ocrx_word' id='word_1_233' title='bbox 1950 1481 1987 1523; x_wconf 88' lang='lat' dir='ltr'>n</span> <span class='ocrx_word' id='word_1_234' title='bbox 2028 1472 2239 1522; x_wconf 87' lang='lat' dir='ltr'>autem</span> <span class='ocrx_word' id='word_1_235' title='bbox 2277 1460 2356 1532; x_wconf 90' lang='lat' dir='ltr'>is,</span> <span class='ocrx_word' id='word_1_236' title='bbox 2403 1462 2516 1538; x_wconf 90' lang='lat' dir='ltr'>qui</span> <span class='ocrx_word' id='word_1_237' title='bbox 2553 1460 2766 1523; x_wconf 83' lang='lat' dir='ltr'>omnia</span> <span class='ocrx_word' id='word_1_238' title='bbox 2801 1462 3066 1535; x_wconf 87' lang='lat' dir='ltr'>invenit,</span> <span class='ocrx_word' id='word_1_239' title='bbox 3123 1460 3313 1522; x_wconf 84' lang='lat' dir='ltr'>simul</span> <span class='ocrx_word' id='word_1_240' title='bbox 3379 1463 3500 1521; x_wconf 85' lang='lat' dir='ltr'>hoc</span> 
     </span>
    </p>
   </div>
   <div class='ocr_carea' id='block_1_19' title="bbox 239 1538 3496 1619">
    <p class='ocr_par' dir='ltr' id='par_1_19' title="bbox 239 1538 3496 1619">
     <span class='ocr_line' id='line_1_24' title="bbox 239 1538 3496 1619; baseline 0 -22"><span class='ocrx_word' id='word_1_241' title='bbox 239 1538 867 1619; x_wconf 72' lang='lat' dir='ltr'>tituloprzenotavit,</span> <span class='ocrx_word' id='word_1_242' title='bbox 927 1549 1257 1619; x_wconf 87' lang='lat' dir='ltr'>propterea</span> <span class='ocrx_word' id='word_1_243' title='bbox 1309 1543 1482 1619; x_wconf 82' lang='lat' dir='ltr'>quod</span> <span class='ocrx_word' id='word_1_244' title='bbox 1532 1541 1771 1601; x_wconf 86' lang='lat' dir='ltr'>Patrem</span> <span class='ocrx_word' id='word_1_245' title='bbox 1822 1539 2283 1619; x_wconf 82' lang='lat' dir='ltr'>(Gregorium)</span> <span class='ocrx_word' id='word_1_246' title='bbox 2343 1539 2459 1619; x_wconf 6' lang='lat' dir='ltr'>sic,</span> <span class='ocrx_word' id='word_1_247' title='bbox 2496 1540 2685 1619; x_wconf 82' lang='lat' dir='ltr'>etiam</span> <span class='ocrx_word' id='word_1_248' title='bbox 2739 1550 3123 1619; x_wconf 70' lang='lat' dir='ltr'>prmnotasse</span> <span class='ocrx_word' id='word_1_249' title='bbox 3184 1539 3496 1614; x_wconf 87' lang='lat' dir='ltr'>repererit</span> 
     </span>
    </p>
   </div>
   <div class='ocr_carea' id='block_1_20' title="bbox 234 1616 3499 1697">
    <p class='ocr_par' dir='ltr' id='par_1_20' title="bbox 234 1616 3499 1697">
     <span class='ocr_line' id='line_1_25' title="bbox 234 1616 3499 1697; baseline -0 -20"><span class='ocrx_word' id='word_1_250' title='bbox 234 1616 312 1697; x_wconf 85' lang='lat' dir='ltr'>in</span> <span class='ocrx_word' id='word_1_251' title='bbox 343 1632 424 1697; x_wconf 87' lang='lat' dir='ltr'>eo</span> <span class='ocrx_word' id='word_1_252' title='bbox 450 1617 711 1697; x_wconf 51' lang='lat' dir='ltr'>libello,</span> <span class='ocrx_word' id='word_1_253' title='bbox 745 1619 811 1677; x_wconf 91' lang='lat' dir='ltr'>in</span> <span class='ocrx_word' id='word_1_254' title='bbox 836 1635 979 1697; x_wconf 83' lang='lat' dir='ltr'>quo</span> <span class='ocrx_word' id='word_1_255' title='bbox 1014 1616 1388 1695; x_wconf 79' lang='lat' dir='ltr'>hujusmodi</span> <span class='ocrx_word' id='word_1_256' title='bbox 1427 1616 1913 1687; x_wconf 77' lang='lat' dir='ltr'>observationes</span> <span class='ocrx_word' id='word_1_257' title='bbox 1964 1616 2329 1697; x_wconf 84' lang='lat' dir='ltr'>describere</span> <span class='ocrx_word' id='word_1_258' title='bbox 2373 1618 2653 1693; x_wconf 79' lang='lat' dir='ltr'>solebat;</span> <span class='ocrx_word' id='word_1_259' title='bbox 2707 1616 2885 1697; x_wconf 78' lang='lat' dir='ltr'>prius</span> <span class='ocrx_word' id='word_1_260' title='bbox 2922 1620 3162 1680; x_wconf 79' lang='lat' dir='ltr'>scilicet</span> <span class='ocrx_word' id='word_1_261' title='bbox 3192 1620 3499 1697; x_wconf 86' lang='lat' dir='ltr'>observa-</span> 
     </span>
    </p>
   </div>
   <div class='ocr_carea' id='block_1_21' title="bbox 234 1695 3505 1775">
    <p class='ocr_par' dir='ltr' id='par_1_21' title="bbox 234 1695 3505 1775">
     <span class='ocr_line' id='line_1_26' title="bbox 234 1695 3505 1775; baseline 0 -20"><span class='ocrx_word' id='word_1_262' title='bbox 234 1695 633 1775; x_wconf 84' lang='lat' dir='ltr'>tionibusin</span> <span class='ocrx_word' id='word_1_263' title='bbox 666 1696 1071 1758; x_wconf 87' lang='lat' dir='ltr'>Ezechielem</span> <span class='ocrx_word' id='word_1_264' title='bbox 1109 1698 1405 1774; x_wconf 74' lang='lat' dir='ltr'>digestis,</span> <span class='ocrx_word' id='word_1_265' title='bbox 1440 1703 1731 1775; x_wconf 89' lang='lat' dir='ltr'>tumque,</span> <span class='ocrx_word' id='word_1_266' title='bbox 1773 1704 1839 1756; x_wconf 91' lang='lat' dir='ltr'>ut</span> <span class='ocrx_word' id='word_1_267' title='bbox 1874 1699 1936 1757; x_wconf 92' lang='lat' dir='ltr'>in</span> <span class='ocrx_word' id='word_1_268' title='bbox 1974 1696 2216 1767; x_wconf 87' lang='lat' dir='ltr'>libello,</span> <span class='ocrx_word' id='word_1_269' title='bbox 2252 1697 2439 1757; x_wconf 83' lang='lat' dir='ltr'>etiam</span> <span class='ocrx_word' id='word_1_270' title='bbox 2478 1696 2539 1756; x_wconf 92' lang='lat' dir='ltr'>in</span> <span class='ocrx_word' id='word_1_271' title='bbox 2575 1695 3072 1775; x_wconf 55' lang='lat' dir='ltr'>alia&#39;Scripturm</span> <span class='ocrx_word' id='word_1_272' title='bbox 3122 1698 3254 1758; x_wconf 91' lang='lat' dir='ltr'>loca</span> <span class='ocrx_word' id='word_1_273' title='bbox 3293 1695 3505 1775; x_wconf 86' lang='lat' dir='ltr'>inser-</span> 
     </span>
    </p>
   </div>
   <div class='ocr_carea' id='block_1_22' title="bbox 236 1773 3501 1855">
    <p class='ocr_par' dir='ltr' id='par_1_22' title="bbox 236 1773 3501 1855">
     <span class='ocr_line' id='line_1_27' title="bbox 236 1773 3501 1855; baseline -0.001 -20"><span class='ocrx_word' id='word_1_274' title='bbox 236 1775 367 1847; x_wconf 77' lang='lat' dir='ltr'>tis;</span> <span class='ocrx_word' id='word_1_275' title='bbox 396 1775 509 1855; x_wconf 83' lang='lat' dir='ltr'>qui</span> <span class='ocrx_word' id='word_1_276' title='bbox 546 1773 805 1855; x_wconf 81' lang='lat' dir='ltr'>libellus</span> <span class='ocrx_word' id='word_1_277' title='bbox 839 1775 1129 1855; x_wconf 83' lang='lat' dir='ltr'>omnium</span> <span class='ocrx_word' id='word_1_278' title='bbox 1164 1773 1495 1837; x_wconf 88' lang='lat' dir='ltr'>communi</span> <span class='ocrx_word' id='word_1_279' title='bbox 1530 1775 1778 1855; x_wconf 80' lang='lat' dir='ltr'>calculo</span> <span class='ocrx_word' id='word_1_280' title='bbox 1815 1776 2224 1855; x_wconf 71' lang='lat' dir='ltr'>existimatur</span> <span class='ocrx_word' id='word_1_281' title='bbox 2271 1776 2485 1837; x_wconf 89' lang='lat' dir='ltr'>Sancti</span> <span class='ocrx_word' id='word_1_282' title='bbox 2541 1775 2729 1855; x_wconf 87' lang='lat' dir='ltr'>hujus</span> <span class='ocrx_word' id='word_1_283' title='bbox 2775 1773 2917 1837; x_wconf 88' lang='lat' dir='ltr'>esse</span> <span class='ocrx_word' id='word_1_284' title='bbox 2966 1776 3174 1846; x_wconf 84' lang='lat' dir='ltr'>fetus;</span> <span class='ocrx_word' id='word_1_285' title='bbox 3234 1773 3501 1855; x_wconf 83' lang='lat' dir='ltr'>forsitan</span> 
     </span>
    </p>
   </div>
   <div class='ocr_carea' id='block_1_23' title="bbox 236 1851 3504 1933">
    <p class='ocr_par' dir='ltr' id='par_1_23' title="bbox 236 1851 3504 1933">
     <span class='ocr_line' id='line_1_28' title="bbox 236 1851 3504 1933; baseline -0 -22"><span class='ocrx_word' id='word_1_286' title='bbox 236 1860 347 1933; x_wconf 54' lang='lat' dir='ltr'>ut</span> <span class='ocrx_word' id='word_1_287' title='bbox 371 1853 483 1932; x_wconf 92' lang='lat' dir='ltr'>qui</span> <span class='ocrx_word' id='word_1_288' title='bbox 518 1854 658 1933; x_wconf 80' lang='lat' dir='ltr'>ejus</span> <span class='ocrx_word' id='word_1_289' title='bbox 691 1870 891 1933; x_wconf 81' lang='lat' dir='ltr'>manu</span> <span class='ocrx_word' id='word_1_290' title='bbox 934 1853 1130 1915; x_wconf 74' lang='lat' dir='ltr'>fuerit</span> <span class='ocrx_word' id='word_1_291' title='bbox 1175 1863 1495 1925; x_wconf 72' lang='lat' dir='ltr'>exaratos,</span> <span class='ocrx_word' id='word_1_292' title='bbox 1533 1853 1671 1933; x_wconf 85' lang='lat' dir='ltr'>sive</span> <span class='ocrx_word' id='word_1_293' title='bbox 1705 1871 1770 1917; x_wconf 88' lang='lat' dir='ltr'>re</span> <span class='ocrx_word' id='word_1_294' title='bbox 1810 1853 2000 1916; x_wconf 79' lang='lat' dir='ltr'>aliter</span> <span class='ocrx_word' id='word_1_295' title='bbox 2030 1858 2378 1933; x_wconf 82' lang='lat' dir='ltr'>explorata.</span> <span class='ocrx_word' id='word_1_296' title='bbox 2413 1879 2441 1912; x_wconf 84' lang='grc'><strong>››</strong></span> <span class='ocrx_word' id='word_1_297' title='bbox 2500 1851 2771 1929; x_wconf 72' lang='lat' dir='ltr'>Verum,</span> <span class='ocrx_word' id='word_1_298' title='bbox 2834 1871 3025 1915; x_wconf 89' lang='lat' dir='ltr'>nemo</span> <span class='ocrx_word' id='word_1_299' title='bbox 3060 1862 3159 1916; x_wconf 91' lang='lat' dir='ltr'>est</span> <span class='ocrx_word' id='word_1_300' title='bbox 3205 1851 3504 1933; x_wconf 86' lang='lat' dir='ltr'>qui__non</span> 
     </span>
    </p>
   </div>
   <div class='ocr_carea' id='block_1_24' title="bbox 237 1929 3506 2013">
    <p class='ocr_par' dir='ltr' id='par_1_24' title="bbox 237 1929 3506 2013">
     <span class='ocr_line' id='line_1_29' title="bbox 237 1929 3506 2013; baseline -0.001 -21"><span class='ocrx_word' id='word_1_301' title='bbox 237 1929 479 2000; x_wconf 79' lang='lat' dir='ltr'>videat,</span> <span class='ocrx_word' id='word_1_302' title='bbox 532 1929 636 2013; x_wconf 73' lang='lat' dir='ltr'>hic</span> <span class='ocrx_word' id='word_1_303' title='bbox 692 1930 1099 2013; x_wconf 80' lang='lat' dir='ltr'>scholiastam</span> <span class='ocrx_word' id='word_1_304' title='bbox 1160 1935 1344 2013; x_wconf 84' lang='lat' dir='ltr'>plura</span> <span class='ocrx_word' id='word_1_305' title='bbox 1407 1932 1827 2013; x_wconf 82' lang='lat' dir='ltr'>conjectando</span> <span class='ocrx_word' id='word_1_306' title='bbox 1889 1929 2129 2012; x_wconf 79' lang='lat' dir='ltr'>loqui;</span> <span class='ocrx_word' id='word_1_307' title='bbox 2170 1936 2467 2013; x_wconf 83' lang='lat' dir='ltr'>quamvis</span> <span class='ocrx_word' id='word_1_308' title='bbox 2525 1934 2751 1996; x_wconf 91' lang='lat' dir='ltr'>doceat</span> <span class='ocrx_word' id='word_1_309' title='bbox 2805 1933 3133 2013; x_wconf 81' lang='lat' dir='ltr'>exstitisse</span> <span class='ocrx_word' id='word_1_310' title='bbox 3180 1929 3506 2013; x_wconf 82' lang='lat' dir='ltr'>libellum.</span> 
     </span>
    </p>
   </div>
   <div class='ocr_carea' id='block_1_25' title="bbox 232 2009 3513 2092">
    <p class='ocr_par' dir='ltr' id='par_1_25' title="bbox 232 2009 3513 2092">
     <span class='ocr_line' id='line_1_30' title="bbox 232 2009 3513 2092; baseline 0 -23"><span class='ocrx_word' id='word_1_311' title='bbox 232 2010 569 2092; x_wconf 71' lang='lat' dir='ltr'>communi</span> <span class='ocrx_word' id='word_1_312' title='bbox 603 2011 895 2092; x_wconf 85' lang='lat' dir='ltr'>omnium</span> <span class='ocrx_word' id='word_1_313' title='bbox 940 2009 1261 2092; x_wconf 72' lang='lat' dir='ltr'>sententia</span> <span class='ocrx_word' id='word_1_314' title='bbox 1306 2009 1617 2088; x_wconf 80' lang='lat' dir='ltr'>Gregorio</span> <span class='ocrx_word' id='word_1_315' title='bbox 1650 2022 1876 2092; x_wconf 78' lang='lat' dir='ltr'>nostro</span> <span class='ocrx_word' id='word_1_316' title='bbox 1911 2009 2289 2092; x_wconf 75' lang='lat' dir='ltr'>ascriptum,</span> <span class='ocrx_word' id='word_1_317' title='bbox 2349 2013 2409 2092; x_wconf 91' lang='lat' dir='ltr'>in</span> <span class='ocrx_word' id='word_1_318' title='bbox 2467 2030 2598 2092; x_wconf 90' lang='lat' dir='ltr'>quo</span> <span class='ocrx_word' id='word_1_319' title='bbox 2645 2030 2797 2075; x_wconf 83' lang='lat' dir='ltr'>suas</span> <span class='ocrx_word' id='word_1_320' title='bbox 2840 2012 2906 2073; x_wconf 89' lang='lat' dir='ltr'>in</span> <span class='ocrx_word' id='word_1_321' title='bbox 2965 2012 3133 2073; x_wconf 88' lang='lat' dir='ltr'>varia</span> <span class='ocrx_word' id='word_1_322' title='bbox 3165 2009 3513 2092; x_wconf 62' lang='lat' dir='ltr'>Scripturtn</span> 
     </span>
    </p>
   </div>
   <div class='ocr_carea' id='block_1_26' title="bbox 233 2086 3511 2171">
    <p class='ocr_par' dir='ltr' id='par_1_26' title="bbox 233 2086 3511 2171">
     <span class='ocr_line' id='line_1_31' title="bbox 233 2086 3511 2171; baseline 0 -24"><span class='ocrx_word' id='word_1_323' title='bbox 233 2086 379 2171; x_wconf 74' lang='lat' dir='ltr'>loca</span> <span class='ocrx_word' id='word_1_324' title='bbox 410 2088 1296 2171; x_wconf 74' lang='lat' dir='ltr'>observationesdescribere</span> <span class='ocrx_word' id='word_1_325' title='bbox 1330 2086 1599 2171; x_wconf 64' lang='lat' dir='ltr'>solebat.</span> <span class='ocrx_word' id='word_1_326' title='bbox 1659 2089 1779 2171; x_wconf 85' lang='lat' dir='ltr'>Sed</span> <span class='ocrx_word' id='word_1_327' title='bbox 1838 2107 1916 2150; x_wconf 83' lang='lat' dir='ltr'>ex</span> <span class='ocrx_word' id='word_1_328' title='bbox 1956 2086 2145 2153; x_wconf 84' lang='lat' dir='ltr'>dictis</span> <span class='ocrx_word' id='word_1_329' title='bbox 2196 2086 2607 2171; x_wconf 73' lang='lat' dir='ltr'>manifestum</span> <span class='ocrx_word' id='word_1_330' title='bbox 2662 2102 2785 2163; x_wconf 86' lang='lat' dir='ltr'>est,</span> <span class='ocrx_word' id='word_1_331' title='bbox 2828 2106 3236 2153; x_wconf 85' lang='lat' dir='ltr'>communem</span> <span class='ocrx_word' id='word_1_332' title='bbox 3295 2086 3511 2149; x_wconf 84' lang='lat' dir='ltr'>erudi-</span> 
     </span>
    </p>
   </div>
   <div class='ocr_carea' id='block_1_27' title="bbox 233 2167 3509 2250">
    <p class='ocr_par' dir='ltr' id='par_1_27' title="bbox 233 2167 3509 2250">
     <span class='ocr_line' id='line_1_32' title="bbox 233 2167 3509 2250; baseline 0.001 -26"><span class='ocrx_word' id='word_1_333' title='bbox 233 2167 453 2250; x_wconf 76' lang='lat' dir='ltr'>torum</span> <span class='ocrx_word' id='word_1_334' title='bbox 486 2167 872 2250; x_wconf 82' lang='lat' dir='ltr'>sententiam</span> <span class='ocrx_word' id='word_1_335' title='bbox 904 2167 1022 2250; x_wconf 71' lang='lat' dir='ltr'>hac</span> <span class='ocrx_word' id='word_1_336' title='bbox 1058 2171 1118 2250; x_wconf 85' lang='lat' dir='ltr'>in</span> <span class='ocrx_word' id='word_1_337' title='bbox 1158 2187 1224 2250; x_wconf 82' lang='lat' dir='ltr'>re</span> <span class='ocrx_word' id='word_1_338' title='bbox 1257 2186 1401 2233; x_wconf 90' lang='lat' dir='ltr'>esse</span> <span class='ocrx_word' id='word_1_339' title='bbox 1432 2167 1918 2250; x_wconf 77' lang='lat' dir='ltr'>praeferendam,</span> <span class='ocrx_word' id='word_1_340' title='bbox 1957 2176 2176 2250; x_wconf 83' lang='lat' dir='ltr'>utpote</span> <span class='ocrx_word' id='word_1_341' title='bbox 2220 2188 2364 2250; x_wconf 80' lang='lat' dir='ltr'>quae</span> <span class='ocrx_word' id='word_1_342' title='bbox 2414 2170 2839 2234; x_wconf 86' lang='lat' dir='ltr'>validioribus</span> <span class='ocrx_word' id='word_1_343' title='bbox 2892 2171 3133 2232; x_wconf 85' lang='lat' dir='ltr'>nitatur</span> <span class='ocrx_word' id='word_1_344' title='bbox 3162 2181 3509 2247; x_wconf 80' lang='lat' dir='ltr'>argumen-</span> 
     </span>
    </p>
   </div>
   <div class='ocr_carea' id='block_1_28' title="bbox 235 2244 2358 2327">
    <p class='ocr_par' dir='ltr' id='par_1_28' title="bbox 235 2244 2358 2327">
     <span class='ocr_line' id='line_1_33' title="bbox 235 2244 2358 2327; baseline 0.002 -22"><span class='ocrx_word' id='word_1_345' title='bbox 235 2244 352 2306; x_wconf 86' lang='lat' dir='ltr'>tis.</span> <span class='ocrx_word' id='word_1_346' title='bbox 384 2245 722 2319; x_wconf 75' lang='lat' dir='ltr'>Craterum,</span> <span class='ocrx_word' id='word_1_347' title='bbox 757 2246 906 2324; x_wconf 91' lang='lat' dir='ltr'>quis</span> <span class='ocrx_word' id='word_1_348' title='bbox 938 2245 1131 2307; x_wconf 87' lang='lat' dir='ltr'>fuerit</span> <span class='ocrx_word' id='word_1_349' title='bbox 1168 2247 1362 2326; x_wconf 88' lang='lat' dir='ltr'>hujus</span> <span class='ocrx_word' id='word_1_350' title='bbox 1389 2244 1689 2327; x_wconf 81' lang='lat' dir='ltr'>opusculi</span> <span class='ocrx_word' id='word_1_351' title='bbox 1721 2252 1968 2319; x_wconf 87' lang='lat' dir='ltr'>auctor,</span> <span class='ocrx_word' id='word_1_352' title='bbox 2001 2244 2358 2327; x_wconf 63' lang='lat' dir='ltr'>ignoratur.</span> 
     </span>
    </p>
   </div>
   <div class='ocr_carea' id='block_1_29' title="bbox 442 2490 1836 2567">
    <p class='ocr_par' dir='ltr' id='par_1_29' title="bbox 442 2490 1650 2564">
     <span class='ocr_line' id='line_1_34' title="bbox 442 2490 1650 2564; baseline 0.009 -21"><span class='ocrx_word' id='word_1_353' title='bbox 442 2491 755 2545; x_wconf 75' lang='grc' dir='ltr'>ΣΗΜΑΣΙΑ</span> <span class='ocrx_word' id='word_1_354' title='bbox 788 2490 898 2564; x_wconf 70' lang='grc'>(64)</span> <span class='ocrx_word' id='word_1_355' title='bbox 927 2494 1056 2547; x_wconf 86' lang='grc' dir='ltr'>ΕΙΣ</span> <span class='ocrx_word' id='word_1_356' title='bbox 1099 2497 1240 2550; x_wconf 87' lang='grc' dir='ltr'>ΤΟΝ</span> <span class='ocrx_word' id='word_1_357' title='bbox 1271 2497 1650 2556; x_wconf 81' lang='grc' dir='ltr'>ΙΕΖΕΚΙΙΙΛ.</span> 
     </span>
    </p>
   </div>
   <div class='ocr_carea' id='block_1_30' title="bbox 1949 2490 3353 2567">
    <p class='ocr_par' dir='ltr' id='par_1_30' title="bbox 2088 2498 3353 2561">
     <span class='ocr_line' id='line_1_35' title="bbox 2088 2498 3353 2561; baseline -0.003 0"><span class='ocrx_word' id='word_1_358' title='bbox 2088 2500 2613 2561; x_wconf 79' lang='lat' dir='ltr'>SIGNIFICATIO</span> <span class='ocrx_word' id='word_1_359' title='bbox 2652 2503 2743 2558; x_wconf 88' lang='lat' dir='ltr'>IN</span> <span class='ocrx_word' id='word_1_360' title='bbox 2775 2498 3261 2558; x_wconf 81' lang='lat' dir='ltr'>EZECHIELEM</span> <span class='ocrx_word' id='word_1_361' title='bbox 3305 2512 3353 2557; x_wconf 75' lang='grc' dir='ltr'><strong>ι.</strong></span> 
     </span>
    </p>
   </div>
   <div class='ocr_carea' id='block_1_31' title="bbox 313 2623 1831 2702">
    <p class='ocr_par' dir='ltr' id='par_1_31' title="bbox 313 2623 1831 2702">
     <span class='ocr_line' id='line_1_36' title="bbox 313 2623 1831 2702; baseline 0.007 -23"><span class='ocrx_word' id='word_1_362' title='bbox 313 2623 634 2697; x_wconf 79' lang='grc' dir='ltr'>Νομίζομεν</span> <span class='ocrx_word' id='word_1_363' title='bbox 677 2626 770 2680; x_wconf 86' lang='grc' dir='ltr'>τὸν</span> <span class='ocrx_word' id='word_1_364' title='bbox 817 2627 1105 2700; x_wconf 81' lang='grc' dir='ltr'>ἄνθρωπον</span> <span class='ocrx_word' id='word_1_365' title='bbox 1143 2624 1285 2685; x_wconf 76' lang='grc' dir='ltr'>εἶναι</span> <span class='ocrx_word' id='word_1_366' title='bbox 1332 2632 1394 2685; x_wconf 86' lang='grc' dir='ltr'>τὸ</span> <span class='ocrx_word' id='word_1_367' title='bbox 1443 2631 1687 2702; x_wconf 84' lang='grc' dir='ltr'>λογικόν·</span> <span class='ocrx_word' id='word_1_368' title='bbox 1739 2635 1831 2689; x_wconf 84' lang='grc' dir='ltr'>τὸν</span> 
     </span>
    </p>
   </div>
   <div class='ocr_carea' id='block_1_32' title="bbox 238 2715 1827 2796">
    <p class='ocr_par' dir='ltr' id='par_1_32' title="bbox 238 2715 1827 2796">
     <span class='ocr_line' id='line_1_37' title="bbox 238 2715 1827 2796; baseline 0.005 -27"><span class='ocrx_word' id='word_1_369' title='bbox 238 2715 441 2770; x_wconf 82' lang='grc' dir='ltr'>λέοντα</span> <span class='ocrx_word' id='word_1_370' title='bbox 460 2756 477 2782; x_wconf 94' lang='grc'>,</span> <span class='ocrx_word' id='word_1_371' title='bbox 506 2718 570 2772; x_wconf 81' lang='grc' dir='ltr'>τὸ</span> <span class='ocrx_word' id='word_1_372' title='bbox 603 2718 838 2790; x_wconf 87' lang='grc' dir='ltr'>θυμικόν</span> <span class='ocrx_word' id='word_1_373' title='bbox 858 2736 874 2750; x_wconf 83' lang='lat'><strong><em>°</em></strong></span> <span class='ocrx_word' id='word_1_374' title='bbox 906 2721 998 2775; x_wconf 85' lang='grc' dir='ltr'>τὸν</span> <span class='ocrx_word' id='word_1_375' title='bbox 1032 2721 1231 2794; x_wconf 82' lang='grc' dir='ltr'>μόσχον</span> <span class='ocrx_word' id='word_1_376' title='bbox 1253 2762 1266 2786; x_wconf 89' lang='grc'>,</span> <span class='ocrx_word' id='word_1_377' title='bbox 1297 2723 1358 2776; x_wconf 87' lang='grc' dir='ltr'>τὸ</span> <span class='ocrx_word' id='word_1_378' title='bbox 1401 2724 1794 2796; x_wconf 73' lang='grc' dir='ltr'>ἐπιθυμητικόν</span> <span class='ocrx_word' id='word_1_379' title='bbox 1814 2743 1827 2755; x_wconf 72' lang='grc' dir='ltr'><strong><em>ο</em></strong></span> 
     </span>
    </p>
   </div>
   <div class='ocr_carea' id='block_1_33' title="bbox 238 2812 1831 2893">
    <p class='ocr_par' dir='ltr' id='par_1_33' title="bbox 238 2812 1831 2893">
     <span class='ocr_line' id='line_1_38' title="bbox 238 2812 1831 2893; baseline 0.007 -27"><span class='ocrx_word' id='word_1_380' title='bbox 238 2812 340 2867; x_wconf 76' lang='grc' dir='ltr'>τὸν</span> <span class='ocrx_word' id='word_1_381' title='bbox 358 2815 545 2882; x_wconf 81' lang='grc' dir='ltr'>ἀετὸν,</span> <span class='ocrx_word' id='word_1_382' title='bbox 566 2817 668 2889; x_wconf 80' lang='grc' dir='ltr'>τὴν</span> <span class='ocrx_word' id='word_1_383' title='bbox 702 2818 1008 2890; x_wconf 81' lang='grc' dir='ltr'>συνείδησιν</span> <span class='ocrx_word' id='word_1_384' title='bbox 1046 2821 1404 2892; x_wconf 74' lang='grc' dir='ltr'>ἐπικειμένην</span> <span class='ocrx_word' id='word_1_385' title='bbox 1438 2822 1550 2893; x_wconf 73' lang='lat'>(65)</span> <span class='ocrx_word' id='word_1_386' title='bbox 1580 2826 1693 2888; x_wconf 87' lang='grc' dir='ltr'>τοῖς</span> <span class='ocrx_word' id='word_1_387' title='bbox 1716 2824 1831 2877; x_wconf 85' lang='grc' dir='ltr'>λοι-</span> 
     </span>
    </p>
   </div>
   <div class='ocr_carea' id='block_1_34' title="bbox 244 2907 1831 2985">
    <p class='ocr_par' dir='ltr' id='par_1_34' title="bbox 244 2907 1831 2985">
     <span class='ocr_line' id='line_1_39' title="bbox 244 2907 1831 2985; baseline 0.007 -28"><span class='ocrx_word' id='word_1_388' title='bbox 244 2909 410 2971; x_wconf 80' lang='grc' dir='ltr'>ποῖς,</span> <span class='ocrx_word' id='word_1_389' title='bbox 463 2907 492 2960; x_wconf 81' lang='grc' dir='ltr'>ὅ</span> <span class='ocrx_word' id='word_1_390' title='bbox 536 2910 653 2961; x_wconf 76' lang='grc' dir='ltr'>ἐστι</span> <span class='ocrx_word' id='word_1_391' title='bbox 702 2909 919 2980; x_wconf 80' lang='grc' dir='ltr'>πνεῦμα</span> <span class='ocrx_word' id='word_1_392' title='bbox 961 2911 1113 2982; x_wconf 76' lang='grc' dir='ltr'>παρὰ</span> <span class='ocrx_word' id='word_1_393' title='bbox 1156 2911 1372 2966; x_wconf 82' lang='grc' dir='ltr'>Παύλου</span> <span class='ocrx_word' id='word_1_394' title='bbox 1405 2914 1698 2985; x_wconf 82' lang='grc' dir='ltr'>λεγόμενον</span> <span class='ocrx_word' id='word_1_395' title='bbox 1737 2914 1831 2968; x_wconf 80' lang='grc' dir='ltr'>τοῦ</span> 
     </span>
    </p>
   </div>
   <div class='ocr_carea' id='block_1_35' title="bbox 244 2999 1835 3077">
    <p class='ocr_par' dir='ltr' id='par_1_35' title="bbox 244 2999 1835 3077">
     <span class='ocr_line' id='line_1_40' title="bbox 244 2999 1835 3077; baseline 0.004 -25"><span class='ocrx_word' id='word_1_396' title='bbox 244 2999 544 3070; x_wconf 84' lang='grc' dir='ltr'>ἀνθρώπου</span> <span class='ocrx_word' id='word_1_397' title='bbox 570 3017 584 3032; x_wconf 77' lang='grc' dir='ltr'><strong>ο</strong></span> <span class='ocrx_word' id='word_1_398' title='bbox 617 3001 709 3054; x_wconf 81' lang='grc' dir='ltr'>τὸν</span> <span class='ocrx_word' id='word_1_399' title='bbox 744 3001 1206 3073; x_wconf 85' lang='grc' dir='ltr'>ὲπικαθεζόμενον</span> <span class='ocrx_word' id='word_1_400' title='bbox 1226 3044 1240 3068; x_wconf 98' lang='grc'>,</span> <span class='ocrx_word' id='word_1_401' title='bbox 1274 3005 1366 3057; x_wconf 76' lang='grc' dir='ltr'>τὸν</span> <span class='ocrx_word' id='word_1_402' title='bbox 1407 3005 1658 3077; x_wconf 78' lang='grc' dir='ltr'>Πατέρα·</span> <span class='ocrx_word' id='word_1_403' title='bbox 1692 3005 1753 3060; x_wconf 85' lang='grc' dir='ltr'>τὸ</span> <span class='ocrx_word' id='word_1_404' title='bbox 1777 3006 1835 3058; x_wconf 83' lang='grc' dir='ltr'>δὲ</span> 
     </span>
    </p>
   </div>
   <div class='ocr_carea' id='block_1_36' title="bbox 248 3091 1834 3168">
    <p class='ocr_par' dir='ltr' id='par_1_36' title="bbox 248 3091 1834 3168">
     <span class='ocr_line' id='line_1_41' title="bbox 248 3091 1834 3168; baseline 0.003 -22"><span class='ocrx_word' id='word_1_405' title='bbox 248 3091 508 3162; x_wconf 82' lang='grc' dir='ltr'>πνεῦμα,</span> <span class='ocrx_word' id='word_1_406' title='bbox 550 3093 611 3146; x_wconf 78' lang='grc' dir='ltr'>τὸ</span> <span class='ocrx_word' id='word_1_407' title='bbox 643 3094 871 3163; x_wconf 82' lang='grc' dir='ltr'>Πνεῦμα</span> <span class='ocrx_word' id='word_1_408' title='bbox 902 3093 963 3147; x_wconf 88' lang='grc' dir='ltr'>τὸ</span> <span class='ocrx_word' id='word_1_409' title='bbox 997 3093 1151 3162; x_wconf 75' lang='grc' dir='ltr'>ἅγιον</span> <span class='ocrx_word' id='word_1_410' title='bbox 1171 3111 1186 3124; x_wconf 87' lang='grc'>·</span> <span class='ocrx_word' id='word_1_411' title='bbox 1219 3095 1409 3167; x_wconf 56' lang='lat' dir='ltr'>caves</span> <span class='ocrx_word' id='word_1_412' title='bbox 1444 3095 1709 3168; x_wconf 81' lang='grc' dir='ltr'>νεφέλην,</span> <span class='ocrx_word' id='word_1_413' title='bbox 1742 3098 1834 3150; x_wconf 79' lang='grc' dir='ltr'>τὸν</span> 
     </span>
    </p>
   </div>
   <div class='ocr_carea' id='block_1_37' title="bbox 246 3183 1836 3259">
    <p class='ocr_par' dir='ltr' id='par_1_37' title="bbox 246 3183 1836 3259">
     <span class='ocr_line' id='line_1_42' title="bbox 246 3183 1836 3259; baseline 0.002 -21"><span class='ocrx_word' id='word_1_414' title='bbox 246 3185 420 3239; x_wconf 79' lang='grc' dir='ltr'>Υἱόν·</span> <span class='ocrx_word' id='word_1_415' title='bbox 458 3184 569 3237; x_wconf 85' lang='grc' dir='ltr'>ἀπὸ</span> <span class='ocrx_word' id='word_1_416' title='bbox 605 3183 779 3257; x_wconf 54' lang='lat' dir='ltr'>capp;</span> <span class='ocrx_word' id='word_1_417' title='bbox 811 3184 869 3237; x_wconf 82' lang='grc' dir='ltr'>δὲ</span> <span class='ocrx_word' id='word_1_418' title='bbox 890 3224 905 3248; x_wconf 90' lang='grc'>,</span> <span class='ocrx_word' id='word_1_419' title='bbox 936 3184 1047 3238; x_wconf 80' lang='grc' dir='ltr'>ἀπὸ</span> <span class='ocrx_word' id='word_1_420' title='bbox 1077 3188 1177 3256; x_wconf 84' lang='grc' dir='ltr'>τῆς</span> <span class='ocrx_word' id='word_1_421' title='bbox 1210 3187 1610 3259; x_wconf 74' lang='grc' dir='ltr'>εἰσαγωγικῆς,</span> <span class='ocrx_word' id='word_1_422' title='bbox 1645 3188 1739 3240; x_wconf 81' lang='grc' dir='ltr'>ἐπὶ</span> <span class='ocrx_word' id='word_1_423' title='bbox 1766 3188 1836 3242; x_wconf 80' lang='grc' dir='ltr'>τὰ</span> 
     </span>
    </p>
   </div>
   <div class='ocr_carea' id='block_1_38' title="bbox 248 3276 1836 3352">
    <p class='ocr_par' dir='ltr' id='par_1_38' title="bbox 248 3276 1836 3352">
     <span class='ocr_line' id='line_1_43' title="bbox 248 3276 1836 3352; baseline 0.002 -21"><span class='ocrx_word' id='word_1_424' title='bbox 248 3276 543 3346; x_wconf 71' lang='grc' dir='ltr'>κρείττονα</span> <span class='ocrx_word' id='word_1_425' title='bbox 570 3277 844 3332; x_wconf 83' lang='grc' dir='ltr'>ὁδεύοντα.</span> <span class='ocrx_word' id='word_1_426' title='bbox 875 3278 1104 3347; x_wconf 70' lang='grc' dir='ltr'>Φέγγος,</span> <span class='ocrx_word' id='word_1_427' title='bbox 1133 3277 1223 3331; x_wconf 86' lang='grc' dir='ltr'>διὰ</span> <span class='ocrx_word' id='word_1_428' title='bbox 1243 3279 1303 3332; x_wconf 79' lang='grc' dir='ltr'>τὸ</span> <span class='ocrx_word' id='word_1_429' title='bbox 1333 3277 1692 3349; x_wconf 70' lang='grc' dir='ltr'>φωτίζεσθαι·</span> <span class='ocrx_word' id='word_1_430' title='bbox 1724 3280 1836 3352; x_wconf 84' lang='grc' dir='ltr'>πῦρ</span> 
     </span>
    </p>
   </div>
   <div class='ocr_carea' id='block_1_39' title="bbox 247 3368 1838 3440">
    <p class='ocr_par' dir='ltr' id='par_1_39' title="bbox 247 3368 1838 3440">
     <span class='ocr_line' id='line_1_44' title="bbox 247 3368 1838 3440; baseline 0.001 -15"><span class='ocrx_word' id='word_1_431' title='bbox 247 3370 345 3435; x_wconf 77' lang='grc' dir='ltr'>δὲ,</span> <span class='ocrx_word' id='word_1_432' title='bbox 380 3368 474 3423; x_wconf 85' lang='grc' dir='ltr'>διὰ</span> <span class='ocrx_word' id='word_1_433' title='bbox 504 3370 604 3440; x_wconf 82' lang='grc' dir='ltr'>τὴν</span> <span class='ocrx_word' id='word_1_434' title='bbox 641 3369 924 3424; x_wconf 82' lang='grc' dir='ltr'>παίδευσιν</span> <span class='ocrx_word' id='word_1_435' title='bbox 945 3387 958 3401; x_wconf 76' lang='grc' dir='ltr'><strong>ο</strong></span> <span class='ocrx_word' id='word_1_436' title='bbox 988 3370 1051 3424; x_wconf 81' lang='grc' dir='ltr'>τὸ</span> <span class='ocrx_word' id='word_1_437' title='bbox 1080 3370 1454 3440; x_wconf 72' lang='grc' dir='ltr'>ἐξαστράπτων</span> <span class='ocrx_word' id='word_1_438' title='bbox 1476 3412 1490 3436; x_wconf 91' lang='grc'>,</span> <span class='ocrx_word' id='word_1_439' title='bbox 1519 3373 1600 3426; x_wconf 84' lang='grc' dir='ltr'>ὅτι</span> <span class='ocrx_word' id='word_1_440' title='bbox 1632 3374 1696 3426; x_wconf 79' lang='grc' dir='ltr'>ὲκ</span> <span class='ocrx_word' id='word_1_441' title='bbox 1723 3373 1838 3426; x_wconf 88' lang='grc' dir='ltr'>δια-</span> 
     </span>
    </p>
   </div>
   <div class='ocr_carea' id='block_1_40' title="bbox 248 3461 1839 3536">
    <p class='ocr_par' dir='ltr' id='par_1_40' title="bbox 248 3461 1839 3536">
     <span class='ocr_line' id='line_1_45' title="bbox 248 3461 1839 3536; baseline 0.001 -20"><span class='ocrx_word' id='word_1_442' title='bbox 248 3461 575 3534; x_wconf 83' lang='grc' dir='ltr'>λειμμάτων</span> <span class='ocrx_word' id='word_1_443' title='bbox 618 3463 676 3516; x_wconf 78' lang='grc' dir='ltr'>αἱ</span> <span class='ocrx_word' id='word_1_444' title='bbox 727 3461 1013 3526; x_wconf 55' lang='grc' dir='ltr'>κολάσεις</span> <span class='ocrx_word' id='word_1_445' title='bbox 1067 3463 1128 3515; x_wconf 76' lang='grc' dir='ltr'>τὸ</span> <span class='ocrx_word' id='word_1_446' title='bbox 1178 3461 1236 3515; x_wconf 82' lang='grc' dir='ltr'>δὲ</span> <span class='ocrx_word' id='word_1_447' title='bbox 1283 3462 1697 3536; x_wconf 80' lang='grc' dir='ltr'>κεκαθαρμένον</span> <span class='ocrx_word' id='word_1_448' title='bbox 1737 3464 1839 3534; x_wconf 79' lang='grc' dir='ltr'>τῆς</span> 
     </span>
    </p>
   </div>
   <div class='ocr_carea' id='block_1_41' title="bbox 248 3551 1836 3625">
    <p class='ocr_par' dir='ltr' id='par_1_41' title="bbox 248 3551 1836 3625">
     <span class='ocr_line' id='line_1_46' title="bbox 248 3551 1836 3625; baseline 0.001 -19"><span class='ocrx_word' id='word_1_449' title='bbox 248 3554 471 3625; x_wconf 78' lang='grc' dir='ltr'>ψυχῆς,</span> <span class='ocrx_word' id='word_1_450' title='bbox 524 3551 790 3624; x_wconf 67' lang='grc' dir='ltr'>ἤλεκτρον</span> <span class='ocrx_word' id='word_1_451' title='bbox 827 3552 1079 3622; x_wconf 83' lang='grc' dir='ltr'>λέγεται·</span> <span class='ocrx_word' id='word_1_452' title='bbox 1118 3553 1475 3624; x_wconf 83' lang='grc' dir='ltr'>σημειωτέον,</span> <span class='ocrx_word' id='word_1_453' title='bbox 1515 3555 1596 3607; x_wconf 86' lang='grc' dir='ltr'>ὅτι</span> <span class='ocrx_word' id='word_1_454' title='bbox 1634 3553 1696 3607; x_wconf 82' lang='grc' dir='ltr'>τδ</span> <span class='ocrx_word' id='word_1_455' title='bbox 1742 3552 1836 3607; x_wconf 80' lang='grc' dir='ltr'>τοῦ</span> 
     </span>
    </p>
   </div>
   <div class='ocr_carea' id='block_1_42' title="bbox 250 3643 1837 3717">
    <p class='ocr_par' dir='ltr' id='par_1_42' title="bbox 250 3643 1837 3717">
     <span class='ocr_line' id='line_1_47' title="bbox 250 3643 1837 3717; baseline 0.001 -19"><span class='ocrx_word' id='word_1_456' title='bbox 250 3643 546 3717; x_wconf 83' lang='grc' dir='ltr'>ἀνθρώπου</span> <span class='ocrx_word' id='word_1_457' title='bbox 570 3645 825 3717; x_wconf 82' lang='grc' dir='ltr'>ὁμοίωμα</span> <span class='ocrx_word' id='word_1_458' title='bbox 846 3646 1169 3716; x_wconf 77' lang='grc' dir='ltr'>προηγεῖται</span> <span class='ocrx_word' id='word_1_459' title='bbox 1183 3644 1315 3716; x_wconf 84' lang='grc'>(66).</span> <span class='ocrx_word' id='word_1_460' title='bbox 1334 3647 1492 3700; x_wconf 78' lang='grc' dir='ltr'>Πᾶσα</span> <span class='ocrx_word' id='word_1_461' title='bbox 1510 3645 1566 3699; x_wconf 80' lang='grc' dir='ltr'>δὲ</span> <span class='ocrx_word' id='word_1_462' title='bbox 1590 3647 1623 3716; x_wconf 83' lang='grc' dir='ltr'><strong>ἡ</strong></span> <span class='ocrx_word' id='word_1_463' title='bbox 1644 3645 1837 3717; x_wconf 75' lang='grc' dir='ltr'>λογικὴ</span> 
     </span>
    </p>
   </div>
   <div class='ocr_carea' id='block_1_43' title="bbox 252 3736 1825 3812">
    <p class='ocr_par' dir='ltr' id='par_1_43' title="bbox 252 3736 1825 3812">
     <span class='ocr_line' id='line_1_48' title="bbox 252 3736 1825 3812; baseline 0.003 -23"><span class='ocrx_word' id='word_1_464' title='bbox 252 3736 418 3806; x_wconf 79' lang='grc' dir='ltr'>φύσις</span> <span class='ocrx_word' id='word_1_465' title='bbox 454 3738 799 3812; x_wconf 84' lang='grc' dir='ltr'>πτερουμένη</span> <span class='ocrx_word' id='word_1_466' title='bbox 836 3738 954 3792; x_wconf 72' lang='grc' dir='ltr'>ἐστὶ</span> <span class='ocrx_word' id='word_1_467' title='bbox 987 3740 1209 3809; x_wconf 77' lang='grc' dir='ltr'>πτεροῖς</span> <span class='ocrx_word' id='word_1_468' title='bbox 1256 3741 1668 3810; x_wconf 85' lang='grc' dir='ltr'>πνευματικοῖς.</span> <span class='ocrx_word' id='word_1_469' title='bbox 1720 3739 1825 3793; x_wconf 87' lang='grc' dir='ltr'>Συ-</span> 
     </span>
    </p>
   </div>
   <div class='ocr_carea' id='block_1_44' title="bbox 256 3830 1914 3919">
    <p class='ocr_par' dir='ltr' id='par_1_44' title="bbox 256 3830 1914 3919">
     <span class='ocr_line' id='line_1_49' title="bbox 256 3830 1914 3919; baseline 0.001 -36"><span class='ocrx_word' id='word_1_470' title='bbox 256 3830 555 3900; x_wconf 64' lang='grc' dir='ltr'>σφίγγουσι</span> <span class='ocrx_word' id='word_1_471' title='bbox 598 3831 657 3884; x_wconf 87' lang='grc' dir='ltr'>δὲ</span> <span class='ocrx_word' id='word_1_472' title='bbox 701 3830 987 3902; x_wconf 83' lang='grc' dir='ltr'>ἀλλήλους,</span> <span class='ocrx_word' id='word_1_473' title='bbox 1016 3830 1105 3884; x_wconf 80' lang='grc' dir='ltr'>διὰ</span> <span class='ocrx_word' id='word_1_474' title='bbox 1147 3830 1207 3883; x_wconf 80' lang='grc' dir='ltr'>τὸ</span> <span class='ocrx_word' id='word_1_475' title='bbox 1246 3831 1560 3886; x_wconf 82' lang='grc' dir='ltr'>κοινωνικὸν</span> <span class='ocrx_word' id='word_1_476' title='bbox 1607 3831 1701 3885; x_wconf 76' lang='grc' dir='ltr'>καὶ</span> <span class='ocrx_word' id='word_1_477' title='bbox 1740 3830 1839 3903; x_wconf 78' lang='grc' dir='ltr'>τὴν</span> <span class='ocrx_word' id='word_1_478' title='bbox 1873 3861 1914 3919; x_wconf 72' lang='grc' dir='ltr'><strong>Β</strong></span> 
     </span>
    </p>
   </div>
   <div class='ocr_carea' id='block_1_45' title="bbox 251 3921 1842 3995">
    <p class='ocr_par' dir='ltr' id='par_1_45' title="bbox 251 3921 1842 3995">
     <span class='ocr_line' id='line_1_50' title="bbox 251 3921 1842 3995; baseline 0 -19"><span class='ocrx_word' id='word_1_479' title='bbox 251 3923 529 3992; x_wconf 79' lang='grc' dir='ltr'>ὁμόνοιαν.</span> <span class='ocrx_word' id='word_1_480' title='bbox 575 3922 714 3994; x_wconf 71' lang='grc' dir='ltr'>Χεὶρ</span> <span class='ocrx_word' id='word_1_481' title='bbox 752 3923 811 3976; x_wconf 85' lang='grc' dir='ltr'>δὲ</span> <span class='ocrx_word' id='word_1_482' title='bbox 855 3921 1147 3995; x_wconf 81' lang='grc' dir='ltr'>ἀνθρώπου</span> <span class='ocrx_word' id='word_1_483' title='bbox 1197 3922 1494 3986; x_wconf 82' lang='grc' dir='ltr'>ὑποκάτω,</span> <span class='ocrx_word' id='word_1_484' title='bbox 1526 3923 1614 3977; x_wconf 84' lang='grc' dir='ltr'>διὰ</span> <span class='ocrx_word' id='word_1_485' title='bbox 1648 3922 1709 3976; x_wconf 79' lang='grc' dir='ltr'>τὸ</span> <span class='ocrx_word' id='word_1_486' title='bbox 1753 3921 1842 3976; x_wconf 76' lang='grc' dir='ltr'>εὖ·</span> 
     </span>
    </p>
   </div>
   <div class='ocr_carea' id='block_1_46' title="bbox 252 4010 1837 4087">
    <p class='ocr_par' dir='ltr' id='par_1_46' title="bbox 252 4010 1837 4087">
     <span class='ocr_line' id='line_1_51' title="bbox 252 4010 1837 4087; baseline -0.001 -20"><span class='ocrx_word' id='word_1_487' title='bbox 252 4032 476 4069; x_wconf 88' lang='grc' dir='ltr'>τακτον.</span> <span class='ocrx_word' id='word_1_488' title='bbox 521 4016 595 4068; x_wconf 87' lang='grc' dir='ltr'>Τὸ</span> <span class='ocrx_word' id='word_1_489' title='bbox 625 4015 683 4069; x_wconf 83' lang='grc' dir='ltr'>δὲ</span> <span class='ocrx_word' id='word_1_490' title='bbox 719 4016 1030 4087; x_wconf 87' lang='grc' dir='ltr'>στερέωμα,</span> <span class='ocrx_word' id='word_1_491' title='bbox 1059 4014 1147 4068; x_wconf 86' lang='grc' dir='ltr'>διὰ</span> <span class='ocrx_word' id='word_1_492' title='bbox 1185 4016 1248 4069; x_wconf 85' lang='grc' dir='ltr'>τὸ</span> <span class='ocrx_word' id='word_1_493' title='bbox 1284 4015 1530 4087; x_wconf 73' lang='grc' dir='ltr'>στερρόν.</span> <span class='ocrx_word' id='word_1_494' title='bbox 1578 4010 1720 4085; x_wconf 81' lang='grc' dir='ltr'>Ἶριν</span> <span class='ocrx_word' id='word_1_495' title='bbox 1758 4014 1837 4078; x_wconf 85' lang='grc' dir='ltr'>δὲ,</span> 
     </span>
    </p>
   </div>
   <div class='ocr_carea' id='block_1_47' title="bbox 254 4105 1839 4179">
    <p class='ocr_par' dir='ltr' id='par_1_47' title="bbox 254 4105 1839 4179">
     <span class='ocr_line' id='line_1_52' title="bbox 254 4105 1839 4179; baseline -0.002 -18"><span class='ocrx_word' id='word_1_496' title='bbox 254 4107 345 4161; x_wconf 80' lang='grc' dir='ltr'>διὰ</span> <span class='ocrx_word' id='word_1_497' title='bbox 375 4107 474 4179; x_wconf 84' lang='grc' dir='ltr'>τὴν</span> <span class='ocrx_word' id='word_1_498' title='bbox 500 4108 723 4179; x_wconf 69' lang='grc' dir='ltr'>εἰρήνην</span> <span class='ocrx_word' id='word_1_499' title='bbox 746 4109 840 4162; x_wconf 77' lang='grc' dir='ltr'>καὶ</span> <span class='ocrx_word' id='word_1_500' title='bbox 861 4106 1129 4179; x_wconf 84' lang='grc' dir='ltr'>διαθήκην</span> <span class='ocrx_word' id='word_1_501' title='bbox 1155 4106 1254 4178; x_wconf 89' lang='grc' dir='ltr'>τὴν</span> <span class='ocrx_word' id='word_1_502' title='bbox 1285 4106 1421 4177; x_wconf 86' lang='grc' dir='ltr'>πρὸς</span> <span class='ocrx_word' id='word_1_503' title='bbox 1446 4107 1596 4177; x_wconf 80' lang='grc' dir='ltr'>ἡμᾶς</span> <span class='ocrx_word' id='word_1_504' title='bbox 1619 4106 1724 4159; x_wconf 81' lang='grc' dir='ltr'>ὑπὸ</span> <span class='ocrx_word' id='word_1_505' title='bbox 1748 4105 1839 4158; x_wconf 76' lang='grc' dir='ltr'>τοῦ</span> 
     </span>
    </p>
   </div>
   <div class='ocr_carea' id='block_1_48' title="bbox 255 4197 1834 4272">
    <p class='ocr_par' dir='ltr' id='par_1_48' title="bbox 255 4197 1834 4272">
     <span class='ocr_line' id='line_1_53' title="bbox 255 4197 1834 4272; baseline -0.002 -20"><span class='ocrx_word' id='word_1_506' title='bbox 255 4199 415 4253; x_wconf 77' lang='grc' dir='ltr'>Θεοῦ.</span> <span class='ocrx_word' id='word_1_507' title='bbox 467 4199 812 4272; x_wconf 84' lang='grc' dir='ltr'>Σάπφειρος,</span> <span class='ocrx_word' id='word_1_508' title='bbox 860 4200 928 4254; x_wconf 80' lang='grc' dir='ltr'>τὰ</span> <span class='ocrx_word' id='word_1_509' title='bbox 975 4201 1298 4271; x_wconf 73' lang='grc' dir='ltr'>ἀπόρρηταο</span> <span class='ocrx_word' id='word_1_510' title='bbox 1347 4197 1719 4271; x_wconf 86' lang='grc' dir='ltr'>κρύσταλλος,</span> <span class='ocrx_word' id='word_1_511' title='bbox 1771 4197 1834 4250; x_wconf 84' lang='grc' dir='ltr'>τὺ</span> 
     </span>
    </p>
   </div>
   <div class='ocr_carea' id='block_1_49' title="bbox 258 4286 1844 4362">
    <p class='ocr_par' dir='ltr' id='par_1_49' title="bbox 258 4286 1844 4362">
     <span class='ocr_line' id='line_1_54' title="bbox 258 4286 1844 4362; baseline -0.004 -16"><span class='ocrx_word' id='word_1_512' title='bbox 258 4290 502 4362; x_wconf 78' lang='grc' dir='ltr'>καθαρὸν</span> <span class='ocrx_word' id='word_1_513' title='bbox 527 4291 621 4344; x_wconf 76' lang='grc' dir='ltr'>καὶ</span> <span class='ocrx_word' id='word_1_514' title='bbox 641 4289 848 4344; x_wconf 82' lang='grc' dir='ltr'>ἄδολον.</span> <span class='ocrx_word' id='word_1_515' title='bbox 886 4292 1067 4362; x_wconf 79' lang='grc' dir='ltr'>Ὀρθοὶ</span> <span class='ocrx_word' id='word_1_516' title='bbox 1092 4289 1204 4359; x_wconf 89' lang='lat'>(67)</span> <span class='ocrx_word' id='word_1_517' title='bbox 1228 4291 1277 4343; x_wconf 84' lang='lat' dir='ltr'>ot</span> <span class='ocrx_word' id='word_1_518' title='bbox 1293 4288 1471 4352; x_wconf 90' lang='grc' dir='ltr'>πόδες,</span> <span class='ocrx_word' id='word_1_519' title='bbox 1492 4287 1579 4341; x_wconf 75' lang='grc' dir='ltr'>διὰ</span> <span class='ocrx_word' id='word_1_520' title='bbox 1603 4287 1665 4340; x_wconf 87' lang='grc' dir='ltr'>τὸ</span> <span class='ocrx_word' id='word_1_521' title='bbox 1686 4286 1844 4357; x_wconf 80' lang='grc' dir='ltr'>βάσι-</span> 
     </span>
    </p>
   </div>
   <div class='ocr_carea' id='block_1_50' title="bbox 262 4378 1832 4454">
    <p class='ocr_par' dir='ltr' id='par_1_50' title="bbox 262 4378 1832 4454">
     <span class='ocr_line' id='line_1_55' title="bbox 262 4378 1832 4454; baseline -0.005 -17"><span class='ocrx_word' id='word_1_522' title='bbox 262 4400 361 4454; x_wconf 84' lang='grc' dir='ltr'>μον</span> <span class='ocrx_word' id='word_1_523' title='bbox 393 4384 489 4437; x_wconf 72' lang='grc' dir='ltr'>καὶ</span> <span class='ocrx_word' id='word_1_524' title='bbox 520 4382 767 4453; x_wconf 84' lang='grc' dir='ltr'>μόνιμον.</span> <span class='ocrx_word' id='word_1_525' title='bbox 797 4380 918 4454; x_wconf 78' lang='grc' dir='ltr'>Πῦρ</span> <span class='ocrx_word' id='word_1_526' title='bbox 944 4383 1001 4434; x_wconf 85' lang='grc' dir='ltr'>ὲν</span> <span class='ocrx_word' id='word_1_527' title='bbox 1032 4381 1182 4452; x_wconf 82' lang='grc' dir='ltr'>μέσῳ</span> <span class='ocrx_word' id='word_1_528' title='bbox 1208 4380 1646 4450; x_wconf 83' lang='grc' dir='ltr'>συστρεφόμενον</span> <span class='ocrx_word' id='word_1_529' title='bbox 1667 4418 1681 4441; x_wconf 91' lang='grc'>,</span> <span class='ocrx_word' id='word_1_530' title='bbox 1711 4378 1832 4447; x_wconf 79' lang='grc' dir='ltr'>οὐχὶ</span> 
     </span>
    </p>
   </div>
   <div class='ocr_carea' id='block_1_51' title="bbox 259 4470 1842 4547">
    <p class='ocr_par' dir='ltr' id='par_1_51' title="bbox 259 4470 1842 4547">
     <span class='ocr_line' id='line_1_56' title="bbox 259 4470 1842 4547; baseline -0.003 -19"><span class='ocrx_word' id='word_1_531' title='bbox 259 4475 462 4547; x_wconf 83' lang='grc' dir='ltr'>χαῦνον</span> <span class='ocrx_word' id='word_1_532' title='bbox 509 4475 606 4528; x_wconf 69' lang='grc' dir='ltr'>καὶ</span> <span class='ocrx_word' id='word_1_533' title='bbox 646 4474 918 4546; x_wconf 75' lang='grc' dir='ltr'>διαρρέον.</span> <span class='ocrx_word' id='word_1_534' title='bbox 963 4474 1170 4542; x_wconf 79' lang='grc' dir='ltr'>Φέγγος</span> <span class='ocrx_word' id='word_1_535' title='bbox 1214 4473 1303 4536; x_wconf 81' lang='grc' dir='ltr'>δὲ,</span> <span class='ocrx_word' id='word_1_536' title='bbox 1348 4470 1437 4525; x_wconf 84' lang='grc' dir='ltr'>διὰ</span> <span class='ocrx_word' id='word_1_537' title='bbox 1467 4471 1529 4524; x_wconf 87' lang='grc' dir='ltr'>τὸ</span> <span class='ocrx_word' id='word_1_538' title='bbox 1559 4470 1711 4533; x_wconf 86' lang='grc' dir='ltr'>τέλος</span> <span class='ocrx_word' id='word_1_539' title='bbox 1741 4470 1842 4541; x_wconf 81' lang='grc' dir='ltr'>τῆς</span> 
     </span>
    </p>
   </div>
   <div class='ocr_carea' id='block_1_52' title="bbox 259 4558 1852 4636">
    <p class='ocr_par' dir='ltr' id='par_1_52' title="bbox 259 4558 1852 4636">
     <span class='ocr_line' id='line_1_57' title="bbox 259 4558 1852 4636; baseline -0.006 -16"><span class='ocrx_word' id='word_1_540' title='bbox 259 4563 643 4627; x_wconf 85' lang='grc' dir='ltr'>ἀναπαύσεως.</span> <span class='ocrx_word' id='word_1_541' title='bbox 680 4564 754 4617; x_wconf 86' lang='grc' dir='ltr'>Τὸ</span> <span class='ocrx_word' id='word_1_542' title='bbox 779 4564 925 4636; x_wconf 75' lang='grc' dir='ltr'>ἴχνος</span> <span class='ocrx_word' id='word_1_543' title='bbox 953 4563 1010 4618; x_wconf 82' lang='grc' dir='ltr'>δὲ</span> <span class='ocrx_word' id='word_1_544' title='bbox 1044 4562 1156 4616; x_wconf 84' lang='grc' dir='ltr'>τῶν</span> <span class='ocrx_word' id='word_1_545' title='bbox 1187 4562 1387 4626; x_wconf 82' lang='grc' dir='ltr'>ποδῶν,</span> <span class='ocrx_word' id='word_1_546' title='bbox 1413 4560 1490 4626; x_wconf 83' lang='grc' dir='ltr'>ὡς</span> <span class='ocrx_word' id='word_1_547' title='bbox 1525 4560 1623 4632; x_wconf 87' lang='grc' dir='ltr'>μὲν</span> <span class='ocrx_word' id='word_1_548' title='bbox 1647 4563 1676 4613; x_wconf 86' lang='grc' dir='ltr'><strong>ὁ</strong></span> <span class='ocrx_word' id='word_1_549' title='bbox 1706 4558 1852 4630; x_wconf 84' lang='grc' dir='ltr'>Σύμ-</span> 
     </span>
    </p>
   </div>
   <div class='ocr_carea' id='block_1_53' title="bbox 265 4653 1849 4733">
    <p class='ocr_par' dir='ltr' id='par_1_53' title="bbox 265 4653 1849 4733">
     <span class='ocr_line' id='line_1_58' title="bbox 265 4653 1849 4733; baseline -0.004 -20"><span class='ocrx_word' id='word_1_550' title='bbox 265 4675 441 4733; x_wconf 86' lang='grc' dir='ltr'>μαχος</span> <span class='ocrx_word' id='word_1_551' title='bbox 459 4699 475 4723; x_wconf 90' lang='grc'>,</span> <span class='ocrx_word' id='word_1_552' title='bbox 498 4659 777 4728; x_wconf 75' lang='grc' dir='ltr'>μόσχου⁴</span> <span class='ocrx_word' id='word_1_553' title='bbox 822 4657 912 4710; x_wconf 86' lang='grc' dir='ltr'>διὰ</span> <span class='ocrx_word' id='word_1_554' title='bbox 939 4656 1000 4710; x_wconf 78' lang='grc' dir='ltr'>τὸ</span> <span class='ocrx_word' id='word_1_555' title='bbox 1030 4654 1305 4725; x_wconf 83' lang='grc' dir='ltr'>γεωπόνον</span> <span class='ocrx_word' id='word_1_556' title='bbox 1324 4672 1337 4685; x_wconf 87' lang='grc'>·</span> <span class='ocrx_word' id='word_1_557' title='bbox 1384 4655 1462 4716; x_wconf 85' lang='grc' dir='ltr'>ὡς</span> <span class='ocrx_word' id='word_1_558' title='bbox 1484 4653 1545 4707; x_wconf 84' lang='grc' dir='ltr'>δὲ</span> <span class='ocrx_word' id='word_1_559' title='bbox 1584 4653 1814 4716; x_wconf 82' lang='grc' dir='ltr'>Ἀκύλας</span> <span class='ocrx_word' id='word_1_560' title='bbox 1834 4691 1849 4717; x_wconf 94' lang='grc'>,</span> 
     </span>
    </p>
   </div>
   <div class='ocr_carea' id='block_1_54' title="bbox 262 4746 1843 4821">
    <p class='ocr_par' dir='ltr' id='par_1_54' title="bbox 262 4746 1843 4821">
     <span class='ocr_line' id='line_1_59' title="bbox 262 4746 1843 4821; baseline -0.004 -15"><span class='ocrx_word' id='word_1_561' title='bbox 262 4751 646 4821; x_wconf 71' lang='grc' dir='ltr'>στρογγύλον</span> <span class='ocrx_word' id='word_1_562' title='bbox 664 4791 679 4811; x_wconf 81' lang='lat'>,</span> <span class='ocrx_word' id='word_1_563' title='bbox 707 4749 797 4805; x_wconf 84' lang='grc' dir='ltr'>διὰ</span> <span class='ocrx_word' id='word_1_564' title='bbox 835 4749 898 4802; x_wconf 83' lang='grc' dir='ltr'>τὸ</span> <span class='ocrx_word' id='word_1_565' title='bbox 940 4747 1225 4803; x_wconf 83' lang='grc' dir='ltr'>κάλλιστον</span> <span class='ocrx_word' id='word_1_566' title='bbox 1252 4746 1361 4800; x_wconf 86' lang='grc' dir='ltr'>τῶν</span> <span class='ocrx_word' id='word_1_567' title='bbox 1408 4746 1727 4818; x_wconf 83' lang='grc' dir='ltr'>σχημάτων.</span> <span class='ocrx_word' id='word_1_568' title='bbox 1768 4747 1843 4800; x_wconf 81' lang='grc' dir='ltr'>Τὸ</span> 
     </span>
    </p>
   </div>
   <div class='ocr_carea' id='block_1_55' title="bbox 263 4822 1854 4913">
    <p class='ocr_par' dir='ltr' id='par_1_55' title="bbox 263 4822 1854 4913">
     <span class='ocr_line' id='line_1_60' title="bbox 263 4822 1854 4913; baseline -0.003 -17"><span class='ocrx_word' id='word_1_569' title='bbox 263 4839 404 4907; x_wconf 76' lang='grc' dir='ltr'>εἶδος</span> <span class='ocrx_word' id='word_1_570' title='bbox 424 4841 482 4895; x_wconf 84' lang='grc' dir='ltr'>δὲ</span> <span class='ocrx_word' id='word_1_571' title='bbox 507 4841 617 4894; x_wconf 85' lang='grc' dir='ltr'>τῶν</span> <span class='ocrx_word' id='word_1_572' title='bbox 639 4840 850 4913; x_wconf 83' lang='grc' dir='ltr'>τροχῶν</span> <span class='ocrx_word' id='word_1_573' title='bbox 873 4840 1007 4912; x_wconf 82' lang='lat'>(68),</span> <span class='ocrx_word' id='word_1_574' title='bbox 1029 4839 1107 4904; x_wconf 82' lang='grc' dir='ltr'>ὡς</span> <span class='ocrx_word' id='word_1_575' title='bbox 1136 4839 1237 4911; x_wconf 84' lang='grc' dir='ltr'>μὲν</span> <span class='ocrx_word' id='word_1_576' title='bbox 1259 4822 1629 4910; x_wconf 62' lang='grc' dir='ltr'>δ’Σύμμαχος,</span> <span class='ocrx_word' id='word_1_577' title='bbox 1646 4837 1854 4892; x_wconf 83' lang='grc' dir='ltr'>ὑακιν-</span> 
     </span>
    </p>
   </div>
   <div class='ocr_carea' id='block_1_56' title="bbox 337 4952 1495 5028">
    <p class='ocr_par' dir='ltr' id='par_1_56' title="bbox 337 4952 1495 5028">
     <span class='ocr_line' id='line_1_61' title="bbox 337 4952 1495 5028; baseline -0.006 -15"><span class='ocrx_word' id='word_1_578' title='bbox 337 4957 579 5014; x_wconf 78' lang='lat' dir='ltr'>‘Ezech.</span> <span class='ocrx_word' id='word_1_579' title='bbox 612 4958 804 5022; x_wconf 84' lang='lat' dir='ltr'>I,5et</span> <span class='ocrx_word' id='word_1_580' title='bbox 834 4973 955 5028; x_wconf 89' lang='lat' dir='ltr'>sqq.</span> <span class='ocrx_word' id='word_1_581' title='bbox 1029 4957 1051 4989; x_wconf 84' lang='grc'><strong><em>⁵</em></strong></span> <span class='ocrx_word' id='word_1_582' title='bbox 1081 4954 1099 5009; x_wconf 91' lang='lat' dir='ltr'>I</span> <span class='ocrx_word' id='word_1_583' title='bbox 1130 4954 1257 5011; x_wconf 84' lang='lat' dir='ltr'>Cor.</span> <span class='ocrx_word' id='word_1_584' title='bbox 1299 4969 1370 5020; x_wconf 92' lang='grc' dir='ltr'>ιι,</span> <span class='ocrx_word' id='word_1_585' title='bbox 1408 4952 1495 5007; x_wconf 84' lang='lat' dir='ltr'>II.</span> 
     </span>
    </p>
   </div>
   <div class='ocr_carea' id='block_1_57' title="bbox 338 5072 779 5130">
    <p class='ocr_par' dir='ltr' id='par_1_57' title="bbox 338 5072 779 5130">
     <span class='ocr_line' id='line_1_62' title="bbox 338 5072 779 5130; baseline 0.009 -6"><span class='ocrx_word' id='word_1_586' title='bbox 338 5084 365 5113; x_wconf 72' lang='grc' dir='ltr'>α</span> <span class='ocrx_word' id='word_1_587' title='bbox 393 5072 543 5128; x_wconf 81' lang='lat' dir='ltr'>Alias</span> <span class='ocrx_word' id='word_1_588' title='bbox 570 5075 663 5130; x_wconf 85' lang='lat' dir='ltr'>0r.</span> <span class='ocrx_word' id='word_1_589' title='bbox 688 5072 779 5128; x_wconf 74' lang='grc'>47.</span> 
     </span>
    </p>
   </div>
   <div class='ocr_carea' id='block_1_58' title="bbox 358 5178 1476 5260">
    <p class='ocr_par' dir='ltr' id='par_1_58' title="bbox 358 5178 1476 5260">
     <span class='ocr_line' id='line_1_63' title="bbox 358 5178 1476 5260; baseline -0.009 -17"><span class='ocrx_word' id='word_1_590' title='bbox 358 5186 461 5260; x_wconf 51' lang='lat'>:65)</span> <span class='ocrx_word' id='word_1_591' title='bbox 495 5187 551 5242; x_wconf 91' lang='lat' dir='ltr'>In</span> <span class='ocrx_word' id='word_1_592' title='bbox 590 5187 923 5260; x_wconf 68' lang='lat' dir='ltr'>Argumento</span> <span class='ocrx_word' id='word_1_593' title='bbox 952 5182 1114 5254; x_wconf 83' lang='lat' dir='ltr'>hujus</span> <span class='ocrx_word' id='word_1_594' title='bbox 1133 5178 1402 5260; x_wconf 74' lang='lat' dir='ltr'>opusculi.</span> <span class='ocrx_word' id='word_1_595' title='bbox 1443 5248 1476 5260; x_wconf 18' lang='grc' dir='ltr'>Α,</span> 
     </span>
    </p>
   </div>
   <div class='ocr_carea' id='block_1_59' title="bbox 363 5252 1569 5326">
    <p class='ocr_par' dir='ltr' id='par_1_59' title="bbox 363 5252 1569 5326">
     <span class='ocr_line' id='line_1_64' title="bbox 363 5252 1569 5326; baseline -0.011 -13"><span class='ocrx_word' id='word_1_596' title='bbox 363 5252 454 5326; x_wconf 62' lang='grc' dir='ltr'>6ιῖ</span> <span class='ocrx_word' id='word_1_597' title='bbox 485 5252 838 5326; x_wconf 63' lang='lat' dir='ltr'>Emtae-1a.:</span> <span class='ocrx_word' id='word_1_598' title='bbox 864 5252 1205 5326; x_wconf 72' lang='lat' dir='ltr'>Observatio,</span> <span class='ocrx_word' id='word_1_599' title='bbox 1234 5252 1569 5326; x_wconf 65' lang='lat' dir='ltr'>annotatio.»</span> 
     </span>
    </p>
   </div>
   <div class='ocr_carea' id='block_1_60' title="bbox 344 5315 1844 5399">
    <p class='ocr_par' dir='ltr' id='par_1_60' title="bbox 344 5315 1844 5399">
     <span class='ocr_line' id='line_1_65' title="bbox 344 5315 1844 5399; baseline -0.011 -14"><span class='ocrx_word' id='word_1_600' title='bbox 344 5315 459 5399; x_wconf 60' lang='lat'>(65&#39;)</span> <span class='ocrx_word' id='word_1_601' title='bbox 502 5315 939 5396; x_wconf 67' lang='grc' dir='ltr'>Ἔὲτικεψένην.</span> <span class='ocrx_word' id='word_1_602' title='bbox 983 5340 1002 5374; x_wconf 85' lang='grc' dir='ltr'>ι</span> <span class='ocrx_word' id='word_1_603' title='bbox 1027 5322 1159 5389; x_wconf 64' lang='lat' dir='ltr'>Quae</span> <span class='ocrx_word' id='word_1_604' title='bbox 1191 5315 1434 5390; x_wconf 70' lang='lat' dir='ltr'>reliquis</span> <span class='ocrx_word' id='word_1_605' title='bbox 1499 5315 1797 5373; x_wconf 86' lang='lat' dir='ltr'>immineat.</span> <span class='ocrx_word' id='word_1_606' title='bbox 1825 5335 1844 5368; x_wconf 72' lang='grc' dir='ltr'>ι</span> 
     </span>
    </p>
   </div>
   <div class='ocr_carea' id='block_1_61' title="bbox 269 5399 1758 5468">
    <p class='ocr_par' dir='ltr' id='par_1_61' title="bbox 269 5399 1758 5468">
     <span class='ocr_line' id='line_1_66' title="bbox 269 5399 1758 5468; baseline 0 -13"><span class='ocrx_word' id='word_1_607' title='bbox 269 5399 390 5455; x_wconf 84' lang='lat' dir='ltr'>Bill.</span> <span class='ocrx_word' id='word_1_608' title='bbox 424 5417 446 5451; x_wconf 85' lang='grc'><strong>‹</strong></span> <span class='ocrx_word' id='word_1_609' title='bbox 470 5399 889 5468; x_wconf 80' lang='lat' dir='ltr'>incumbentem.</span> <span class='ocrx_word' id='word_1_610' title='bbox 912 5413 969 5468; x_wconf 50' lang='grc' dir='ltr'>ι-</span> <span class='ocrx_word' id='word_1_611' title='bbox 1056 5461 1069 5468; x_wconf 88' lang='lat'><strong>_</strong></span> <span class='ocrx_word' id='word_1_612' title='bbox 1207 5461 1220 5468; x_wconf 85' lang='lat'><em>_</em></span> <span class='ocrx_word' id='word_1_613' title='bbox 1431 5458 1463 5468; x_wconf 15' lang='grc' dir='ltr'>,ί</span> <span class='ocrx_word' id='word_1_614' title='bbox 1747 5457 1758 5468; x_wconf 87' lang='lat'>_</span> 
     </span>
    </p>
   </div>
   <div class='ocr_carea' id='block_1_62' title="bbox 369 5458 1854 5542">
    <p class='ocr_par' dir='ltr' id='par_1_62' title="bbox 369 5458 1854 5542">
     <span class='ocr_line' id='line_1_67' title="bbox 369 5458 1854 5542; baseline -0.009 -17"><span class='ocrx_word' id='word_1_615' title='bbox 369 5469 461 5542; x_wconf 78' lang='grc'>66)</span> <span class='ocrx_word' id='word_1_616' title='bbox 494 5466 865 5542; x_wconf 60' lang='grc' dir='ltr'>Πρσηπεῖτᾳι.</span> <span class='ocrx_word' id='word_1_617' title='bbox 892 5484 911 5516; x_wconf 75' lang='grc' dir='ltr'>ι</span> <span class='ocrx_word' id='word_1_618' title='bbox 934 5461 1290 5531; x_wconf 71' lang='lat' dir='ltr'>Praeit,prior</span> <span class='ocrx_word' id='word_1_619' title='bbox 1325 5458 1492 5524; x_wconf 88' lang='lat' dir='ltr'>venit,</span> <span class='ocrx_word' id='word_1_620' title='bbox 1523 5458 1854 5529; x_wconf 79' lang='lat' dir='ltr'>pra-ponitur</span> 
     </span>
    </p>
   </div>
   <div class='ocr_carea' id='block_1_63' title="bbox 271 5537 900 5596">
    <p class='ocr_par' dir='ltr' id='par_1_63' title="bbox 271 5537 900 5596">
     <span class='ocr_line' id='line_1_68' title="bbox 271 5537 900 5596; baseline -0.014 1"><span class='ocrx_word' id='word_1_621' title='bbox 271 5537 464 5596; x_wconf 79' lang='lat' dir='ltr'>ordine</span> <span class='ocrx_word' id='word_1_622' title='bbox 498 5537 846 5592; x_wconf 74' lang='lat' dir='ltr'>narrationis.</span> <span class='ocrx_word' id='word_1_623' title='bbox 880 5554 900 5588; x_wconf 75' lang='grc' dir='ltr'>ι</span> 
     </span>
    </p>
   </div>
   <div class='ocr_carea' id='block_1_64' title="bbox 344 5603 1151 5753">
    <p class='ocr_par' dir='ltr' id='par_1_64' title="bbox 344 5603 1151 5753">
     <span class='ocr_line' id='line_1_69' title="bbox 358 5603 1151 5677; baseline -0.009 -13"><span class='ocrx_word' id='word_1_624' title='bbox 358 5610 462 5671; x_wconf 81' lang='grc'>’67)</span> <span class='ocrx_word' id='word_1_625' title='bbox 503 5607 714 5675; x_wconf 76' lang='grc' dir='ltr'>ὀρθοι.</span> <span class='ocrx_word' id='word_1_626' title='bbox 741 5605 937 5668; x_wconf 83' lang='lat' dir='ltr'>Savil.,</span> <span class='ocrx_word' id='word_1_627' title='bbox 959 5603 1151 5677; x_wconf 69' lang='lat' dir='ltr'>690m;</span> 
     </span>
     <span class='ocr_line' id='line_1_70' title="bbox 344 5626 1151 5753; baseline -0.011 -16"><span class='ocrx_word' id='word_1_628' title='bbox 344 5626 464 5753; x_wconf 53' lang='grc' dir='ltr'>ξοδ)</span> <span class='ocrx_word' id='word_1_629' title='bbox 490 5676 567 5734; x_wconf 84' lang='grc' dir='ltr'>Τὸ</span> <span class='ocrx_word' id='word_1_630' title='bbox 598 5673 759 5745; x_wconf 78' lang='grc' dir='ltr'>εἶδος</span> <span class='ocrx_word' id='word_1_631' title='bbox 800 5675 870 5731; x_wconf 83' lang='grc' dir='ltr'>δὲ</span> <span class='ocrx_word' id='word_1_632' title='bbox 897 5675 1017 5732; x_wconf 82' lang='grc' dir='ltr'>τῶν</span> <span class='ocrx_word' id='word_1_633' title='bbox 1068 5691 1151 5745; x_wconf 77' lang='grc' dir='ltr'>τρι</span> 
     </span>
    </p>
   </div>
   <div class='ocr_carea' id='block_1_65' title="bbox 371 5666 1863 5752">
    <p class='ocr_par' dir='ltr' id='par_1_65' title="bbox 371 5666 1863 5752">
     <span class='ocr_line' id='line_1_71' title="bbox 371 5666 1863 5752; baseline -0.01 -16"><span class='ocrx_word' id='word_1_634' title='bbox 371 5666 464 5752; x_wconf 78' lang='grc'>68)</span> <span class='ocrx_word' id='word_1_635' title='bbox 490 5666 577 5734; x_wconf 72' lang='grc' dir='ltr'><em>Τὸ</em></span> <span class='ocrx_word' id='word_1_636' title='bbox 598 5673 759 5745; x_wconf 78' lang='grc' dir='ltr'>εἶδος</span> <span class='ocrx_word' id='word_1_637' title='bbox 800 5675 870 5731; x_wconf 83' lang='grc' dir='ltr'>δὲ</span> <span class='ocrx_word' id='word_1_638' title='bbox 897 5666 1017 5732; x_wconf 64' lang='grc' dir='ltr'>τῶῶ·</span> <span class='ocrx_word' id='word_1_639' title='bbox 1068 5669 1315 5745; x_wconf 77' lang='grc' dir='ltr'>τροχῶν,</span> <span class='ocrx_word' id='word_1_640' title='bbox 1353 5677 1458 5728; x_wconf 88' lang='lat' dir='ltr'>etc.</span> <span class='ocrx_word' id='word_1_641' title='bbox 1485 5666 1671 5725; x_wconf 86' lang='lat' dir='ltr'>Billius</span> <span class='ocrx_word' id='word_1_642' title='bbox 1702 5668 1863 5725; x_wconf 87' lang='lat' dir='ltr'>Com-</span> 
     </span>
    </p>
   </div>
   <div class='ocr_carea' id='block_1_66' title="bbox 2003 2636 3517 2712">
    <p class='ocr_par' dir='ltr' id='par_1_66' title="bbox 2003 2636 3517 2712">
     <span class='ocr_line' id='line_1_72' title="bbox 2003 2636 3517 2712; baseline -0.001 -16"><span class='ocrx_word' id='word_1_643' title='bbox 2003 2642 2388 2697; x_wconf 79' lang='lat' dir='ltr'>Existimamus</span> <span class='ocrx_word' id='word_1_644' title='bbox 2416 2658 2515 2712; x_wconf 89' lang='lat' dir='ltr'>per</span> <span class='ocrx_word' id='word_1_645' title='bbox 2544 2642 2839 2707; x_wconf 88' lang='lat' dir='ltr'>hominem,</span> <span class='ocrx_word' id='word_1_646' title='bbox 2864 2643 2973 2696; x_wconf 86' lang='lat' dir='ltr'>vim</span> <span class='ocrx_word' id='word_1_647' title='bbox 3018 2641 3335 2696; x_wconf 86' lang='lat' dir='ltr'>rationalem</span> <span class='ocrx_word' id='word_1_648' title='bbox 3358 2636 3517 2696; x_wconf 78' lang='lat' dir='ltr'>inte|~</span> 
     </span>
    </p>
   </div>
   <div class='ocr_carea' id='block_1_67' title="bbox 1934 2732 3517 2806">
    <p class='ocr_par' dir='ltr' id='par_1_67' title="bbox 1934 2732 3517 2806">
     <span class='ocr_line' id='line_1_73' title="bbox 1934 2732 3517 2806; baseline -0.003 -17"><span class='ocrx_word' id='word_1_649' title='bbox 1934 2735 2060 2806; x_wconf 70' lang='lat' dir='ltr'>ligi;</span> <span class='ocrx_word' id='word_1_650' title='bbox 2093 2750 2188 2804; x_wconf 90' lang='lat' dir='ltr'>per</span> <span class='ocrx_word' id='word_1_651' title='bbox 2212 2734 2461 2800; x_wconf 90' lang='lat' dir='ltr'>leonem,</span> <span class='ocrx_word' id='word_1_652' title='bbox 2490 2734 2816 2789; x_wconf 87' lang='lat' dir='ltr'>irascibilem</span> <span class='ocrx_word' id='word_1_653' title='bbox 2843 2752 2858 2800; x_wconf 92' lang='lat'>;</span> <span class='ocrx_word' id='word_1_654' title='bbox 2886 2748 2983 2804; x_wconf 87' lang='lat' dir='ltr'>per</span> <span class='ocrx_word' id='word_1_655' title='bbox 3012 2732 3237 2786; x_wconf 92' lang='lat' dir='ltr'>vitulum</span> <span class='ocrx_word' id='word_1_656' title='bbox 3262 2770 3279 2795; x_wconf 92' lang='lat'>,</span> <span class='ocrx_word' id='word_1_657' title='bbox 3316 2746 3517 2787; x_wconf 65' lang='lat' dir='ltr'>concito</span> 
     </span>
    </p>
   </div>
   <div class='ocr_carea' id='block_1_68' title="bbox 1936 2821 3518 2896">
    <p class='ocr_par' dir='ltr' id='par_1_68' title="bbox 1936 2821 3518 2896">
     <span class='ocr_line' id='line_1_74' title="bbox 1936 2821 3518 2896; baseline -0.002 -18"><span class='ocrx_word' id='word_1_658' title='bbox 1936 2825 2276 2894; x_wconf 89' lang='lat' dir='ltr'>piscibilem;</span> <span class='ocrx_word' id='word_1_659' title='bbox 2308 2840 2407 2896; x_wconf 85' lang='lat' dir='ltr'>per</span> <span class='ocrx_word' id='word_1_660' title='bbox 2447 2826 2683 2895; x_wconf 85' lang='lat' dir='ltr'>aquilam</span> <span class='ocrx_word' id='word_1_661' title='bbox 2708 2824 2755 2889; x_wconf 68' lang='grc'>⁸,</span> <span class='ocrx_word' id='word_1_662' title='bbox 2787 2824 3200 2890; x_wconf 79' lang='lat' dir='ltr'>conscientiam,</span> <span class='ocrx_word' id='word_1_663' title='bbox 3241 2838 3361 2891; x_wconf 73' lang='lat' dir='ltr'>quae</span> <span class='ocrx_word' id='word_1_664' title='bbox 3392 2821 3518 2875; x_wconf 84' lang='lat' dir='ltr'>reli-</span> 
     </span>
    </p>
   </div>
   <div class='ocr_carea' id='block_1_69' title="bbox 1934 2913 3519 2989">
    <p class='ocr_par' dir='ltr' id='par_1_69' title="bbox 1934 2913 3519 2989">
     <span class='ocr_line' id='line_1_75' title="bbox 1934 2913 3519 2989; baseline -0.004 -17"><span class='ocrx_word' id='word_1_665' title='bbox 1934 2920 2055 2989; x_wconf 88' lang='lat' dir='ltr'>quis</span> <span class='ocrx_word' id='word_1_666' title='bbox 2082 2918 2383 2984; x_wconf 78' lang='lat' dir='ltr'>immineat,</span> <span class='ocrx_word' id='word_1_667' title='bbox 2420 2932 2539 2988; x_wconf 68' lang='lat' dir='ltr'>quae</span> <span class='ocrx_word' id='word_1_668' title='bbox 2577 2933 2607 2972; x_wconf 91' lang='lat' dir='ltr'>a</span> <span class='ocrx_word' id='word_1_669' title='bbox 2642 2916 2807 2973; x_wconf 90' lang='lat' dir='ltr'>Paulo</span> <span class='ocrx_word' id='word_1_670' title='bbox 2838 2917 3061 2986; x_wconf 86' lang='lat' dir='ltr'>spiritus</span> <span class='ocrx_word' id='word_1_671' title='bbox 3105 2916 3340 2971; x_wconf 84' lang='lat' dir='ltr'>hominis</span> <span class='ocrx_word' id='word_1_672' title='bbox 3385 2913 3519 2968; x_wconf 87' lang='lat' dir='ltr'>dici-</span> 
     </span>
    </p>
   </div>
   <div class='ocr_carea' id='block_1_70' title="bbox 1936 3005 3515 3081">
    <p class='ocr_par' dir='ltr' id='par_1_70' title="bbox 1936 3005 3515 3081">
     <span class='ocr_line' id='line_1_76' title="bbox 1936 3005 3515 3081; baseline -0.004 -17"><span class='ocrx_word' id='word_1_673' title='bbox 1936 3019 2023 3065; x_wconf 89' lang='lat' dir='ltr'>tur</span> <span class='ocrx_word' id='word_1_674' title='bbox 2047 3010 2104 3077; x_wconf 87' lang='lat'>&#39;;</span> <span class='ocrx_word' id='word_1_675' title='bbox 2141 3024 2236 3081; x_wconf 88' lang='lat' dir='ltr'>per</span> <span class='ocrx_word' id='word_1_676' title='bbox 2270 3026 2394 3066; x_wconf 90' lang='lat' dir='ltr'>eum</span> <span class='ocrx_word' id='word_1_677' title='bbox 2418 3009 2508 3080; x_wconf 92' lang='lat' dir='ltr'>qui</span> <span class='ocrx_word' id='word_1_678' title='bbox 2542 3009 2775 3073; x_wconf 89' lang='lat' dir='ltr'>insidet,</span> <span class='ocrx_word' id='word_1_679' title='bbox 2802 3007 3053 3073; x_wconf 85' lang='lat' dir='ltr'>Patrem;</span> <span class='ocrx_word' id='word_1_680' title='bbox 3093 3022 3188 3077; x_wconf 90' lang='lat' dir='ltr'>per</span> <span class='ocrx_word' id='word_1_681' title='bbox 3228 3005 3475 3076; x_wconf 78' lang='lat' dir='ltr'>Spiritum</span> <span class='ocrx_word' id='word_1_682' title='bbox 3499 3043 3515 3068; x_wconf 90' lang='lat'>,</span> 
     </span>
    </p>
   </div>
   <div class='ocr_carea' id='block_1_71' title="bbox 1938 3099 3520 3179">
    <p class='ocr_par' dir='ltr' id='par_1_71' title="bbox 1938 3099 3520 3179">
     <span class='ocr_line' id='line_1_77' title="bbox 1938 3099 3520 3179; baseline -0.003 -22"><span class='ocrx_word' id='word_1_683' title='bbox 1938 3102 2197 3173; x_wconf 89' lang='lat' dir='ltr'>Spiritum</span> <span class='ocrx_word' id='word_1_684' title='bbox 2241 3113 2523 3169; x_wconf 87' lang='lat' dir='ltr'>sanctum;</span> <span class='ocrx_word' id='word_1_685' title='bbox 2574 3117 2669 3170; x_wconf 90' lang='lat' dir='ltr'>per</span> <span class='ocrx_word' id='word_1_686' title='bbox 2729 3103 2949 3166; x_wconf 88' lang='lat' dir='ltr'>nubem,</span> <span class='ocrx_word' id='word_1_687' title='bbox 2988 3100 3204 3155; x_wconf 89' lang='lat' dir='ltr'>Filium.</span> <span class='ocrx_word' id='word_1_688' title='bbox 3237 3099 3320 3153; x_wconf 81' lang='lat' dir='ltr'>Ab</span> <span class='ocrx_word' id='word_1_689' title='bbox 3362 3101 3520 3179; x_wconf 76' lang='lat' dir='ltr'>aqui-</span> 
     </span>
    </p>
   </div>
   <div class='ocr_carea' id='block_1_72' title="bbox 1936 3190 3516 3263">
    <p class='ocr_par' dir='ltr' id='par_1_72' title="bbox 1936 3190 3516 3263">
     <span class='ocr_line' id='line_1_78' title="bbox 1936 3190 3516 3263; baseline -0.003 -16"><span class='ocrx_word' id='word_1_690' title='bbox 1936 3192 2079 3261; x_wconf 92' lang='lat' dir='ltr'>lone,</span> <span class='ocrx_word' id='word_1_691' title='bbox 2108 3193 2161 3246; x_wconf 92' lang='lat' dir='ltr'>id</span> <span class='ocrx_word' id='word_1_692' title='bbox 2193 3202 2299 3259; x_wconf 92' lang='lat' dir='ltr'>est,</span> <span class='ocrx_word' id='word_1_693' title='bbox 2348 3207 2379 3247; x_wconf 91' lang='lat' dir='ltr'>a</span> <span class='ocrx_word' id='word_1_694' title='bbox 2419 3192 2594 3263; x_wconf 85' lang='lat' dir='ltr'>prima</span> <span class='ocrx_word' id='word_1_695' title='bbox 2646 3192 2989 3247; x_wconf 83' lang='lat' dir='ltr'>institutione</span> <span class='ocrx_word' id='word_1_696' title='bbox 3024 3191 3091 3246; x_wconf 90' lang='lat' dir='ltr'>ad</span> <span class='ocrx_word' id='word_1_697' title='bbox 3134 3190 3516 3246; x_wconf 85' lang='lat' dir='ltr'>excetlentiora</span> 
     </span>
    </p>
   </div>
   <div class='ocr_carea' id='block_1_73' title="bbox 1937 3280 3521 3355">
    <p class='ocr_par' dir='ltr' id='par_1_73' title="bbox 1937 3280 3521 3355">
     <span class='ocr_line' id='line_1_79' title="bbox 1937 3280 3521 3355; baseline -0.004 -16"><span class='ocrx_word' id='word_1_698' title='bbox 1937 3285 2391 3355; x_wconf 81' lang='lat' dir='ltr'>progredientem.</span> <span class='ocrx_word' id='word_1_699' title='bbox 2421 3283 2539 3340; x_wconf 84' lang='lat' dir='ltr'>Jam</span> <span class='ocrx_word' id='word_1_700' title='bbox 2568 3283 2824 3354; x_wconf 85' lang='lat' dir='ltr'>splendor</span> <span class='ocrx_word' id='word_1_701' title='bbox 2864 3283 3083 3349; x_wconf 89' lang='lat' dir='ltr'>dicitur,</span> <span class='ocrx_word' id='word_1_702' title='bbox 3111 3282 3236 3351; x_wconf 89' lang='lat' dir='ltr'>quia</span> <span class='ocrx_word' id='word_1_703' title='bbox 3271 3282 3432 3336; x_wconf 90' lang='lat' dir='ltr'>homo</span> <span class='ocrx_word' id='word_1_704' title='bbox 3461 3280 3521 3333; x_wconf 85' lang='lat' dir='ltr'>il-</span> 
     </span>
    </p>
   </div>
   <div class='ocr_carea' id='block_1_74' title="bbox 1938 3369 3518 3445">
    <p class='ocr_par' dir='ltr' id='par_1_74' title="bbox 1938 3369 3518 3445">
     <span class='ocr_line' id='line_1_80' title="bbox 1938 3369 3518 3445; baseline -0.004 -16"><span class='ocrx_word' id='word_1_705' title='bbox 1938 3374 2268 3441; x_wconf 88' lang='lat' dir='ltr'>luminatur;</span> <span class='ocrx_word' id='word_1_706' title='bbox 2301 3375 2462 3445; x_wconf 78' lang='lat' dir='ltr'>ignis,</span> <span class='ocrx_word' id='word_1_707' title='bbox 2494 3384 2713 3444; x_wconf 85' lang='lat' dir='ltr'>propter</span> <span class='ocrx_word' id='word_1_708' title='bbox 2744 3372 3177 3439; x_wconf 87' lang='lat' dir='ltr'>correctionem;</span> <span class='ocrx_word' id='word_1_709' title='bbox 3213 3369 3518 3441; x_wconf 80' lang='lat' dir='ltr'>fulgurans,</span> 
     </span>
    </p>
   </div>
   <div class='ocr_carea' id='block_1_75' title="bbox 1939 3460 3517 3536">
    <p class='ocr_par' dir='ltr' id='par_1_75' title="bbox 1939 3460 3517 3536">
     <span class='ocr_line' id='line_1_81' title="bbox 1939 3460 3517 3536; baseline -0.006 -16"><span class='ocrx_word' id='word_1_710' title='bbox 1939 3466 2064 3535; x_wconf 85' lang='lat' dir='ltr'>quia</span> <span class='ocrx_word' id='word_1_711' title='bbox 2116 3479 2211 3536; x_wconf 89' lang='lat' dir='ltr'>per</span> <span class='ocrx_word' id='word_1_712' title='bbox 2270 3464 2552 3519; x_wconf 88' lang='lat' dir='ltr'>intervalla</span> <span class='ocrx_word' id='word_1_713' title='bbox 2607 3477 2780 3534; x_wconf 59' lang='lat' dir='ltr'>pinnas</span> <span class='ocrx_word' id='word_1_714' title='bbox 2827 3460 3176 3533; x_wconf 76' lang='lat' dir='ltr'>inﬂiguntur;</span> <span class='ocrx_word' id='word_1_715' title='bbox 3233 3460 3517 3525; x_wconf 87' lang='lat' dir='ltr'>electrum,</span> 
     </span>
    </p>
   </div>
   <div class='ocr_carea' id='block_1_76' title="bbox 1941 3552 3521 3627">
    <p class='ocr_par' dir='ltr' id='par_1_76' title="bbox 1941 3552 3521 3627">
     <span class='ocr_line' id='line_1_82' title="bbox 1941 3552 3521 3627; baseline -0.002 -16"><span class='ocrx_word' id='word_1_716' title='bbox 1941 3557 2137 3611; x_wconf 69' lang='lat' dir='ltr'>animae</span> <span class='ocrx_word' id='word_1_717' title='bbox 2186 3571 2217 3611; x_wconf 90' lang='lat' dir='ltr'>a</span> <span class='ocrx_word' id='word_1_718' title='bbox 2253 3556 2394 3611; x_wconf 84' lang='lat' dir='ltr'>vitiis</span> <span class='ocrx_word' id='word_1_719' title='bbox 2445 3565 2746 3627; x_wconf 75' lang='lat' dir='ltr'>repurgatae</span> <span class='ocrx_word' id='word_1_720' title='bbox 2794 3564 2994 3611; x_wconf 88' lang='lat' dir='ltr'>statum</span> <span class='ocrx_word' id='word_1_721' title='bbox 3045 3553 3339 3624; x_wconf 79' lang='lat' dir='ltr'>signiﬁcat.</span> <span class='ocrx_word' id='word_1_722' title='bbox 3386 3552 3521 3608; x_wconf 91' lang='lat' dir='ltr'>Illud</span> 
     </span>
    </p>
   </div>
   <div class='ocr_carea' id='block_1_77' title="bbox 1943 3643 3519 3715">
    <p class='ocr_par' dir='ltr' id='par_1_77' title="bbox 1943 3643 3519 3715">
     <span class='ocr_line' id='line_1_83' title="bbox 1943 3643 3519 3715; baseline -0.003 -14"><span class='ocrx_word' id='word_1_723' title='bbox 1943 3660 2124 3704; x_wconf 89' lang='lat' dir='ltr'>autem</span> <span class='ocrx_word' id='word_1_724' title='bbox 2152 3649 2469 3713; x_wconf 89' lang='lat' dir='ltr'>notandum,</span> <span class='ocrx_word' id='word_1_725' title='bbox 2501 3648 2732 3703; x_wconf 89' lang='lat' dir='ltr'>hominis</span> <span class='ocrx_word' id='word_1_726' title='bbox 2757 3646 3165 3702; x_wconf 86' lang='lat' dir='ltr'>similitudinem</span> <span class='ocrx_word' id='word_1_727' title='bbox 3191 3643 3519 3715; x_wconf 68' lang='lat' dir='ltr'>praecedere.</span> 
     </span>
    </p>
   </div>
   <div class='ocr_carea' id='block_1_78' title="bbox 1943 3729 3522 3804">
    <p class='ocr_par' dir='ltr' id='par_1_78' title="bbox 1943 3729 3522 3804">
     <span class='ocr_line' id='line_1_84' title="bbox 1943 3729 3522 3804; baseline -0.007 -11"><span class='ocrx_word' id='word_1_728' title='bbox 1943 3737 2112 3793; x_wconf 86' lang='lat' dir='ltr'>Porro</span> <span class='ocrx_word' id='word_1_729' title='bbox 2142 3746 2341 3795; x_wconf 80' lang='lat' dir='ltr'>natura</span> <span class='ocrx_word' id='word_1_730' title='bbox 2365 3737 2543 3792; x_wconf 90' lang='lat' dir='ltr'>omnis</span> <span class='ocrx_word' id='word_1_731' title='bbox 2576 3734 2803 3791; x_wconf 87' lang='lat' dir='ltr'>rationis</span> <span class='ocrx_word' id='word_1_732' title='bbox 2841 3737 3114 3804; x_wconf 86' lang='lat' dir='ltr'>particeps</span> <span class='ocrx_word' id='word_1_733' title='bbox 3144 3729 3522 3802; x_wconf 86' lang='lat' dir='ltr'>spiritualibus</span> 
     </span>
    </p>
   </div>
   <div class='ocr_carea' id='block_1_79' title="bbox 1944 3820 3520 3897">
    <p class='ocr_par' dir='ltr' id='par_1_79' title="bbox 1944 3820 3520 3897">
     <span class='ocr_line' id='line_1_85' title="bbox 1944 3820 3520 3897; baseline -0.008 -16"><span class='ocrx_word' id='word_1_734' title='bbox 1944 3825 2133 3897; x_wconf 91' lang='lat' dir='ltr'>pennis</span> <span class='ocrx_word' id='word_1_735' title='bbox 2164 3826 2426 3881; x_wconf 90' lang='lat' dir='ltr'>instructa</span> <span class='ocrx_word' id='word_1_736' title='bbox 2460 3833 2562 3881; x_wconf 87' lang='lat' dir='ltr'>est.</span> <span class='ocrx_word' id='word_1_737' title='bbox 2595 3823 2778 3879; x_wconf 89' lang='lat' dir='ltr'>Mutuo</span> <span class='ocrx_word' id='word_1_738' title='bbox 2806 3833 2987 3878; x_wconf 91' lang='lat' dir='ltr'>autem</span> <span class='ocrx_word' id='word_1_739' title='bbox 3019 3836 3078 3876; x_wconf 91' lang='lat' dir='ltr'>se</span> <span class='ocrx_word' id='word_1_740' title='bbox 3104 3820 3520 3887; x_wconf 76' lang='lat' dir='ltr'>constringunt,</span> 
     </span>
    </p>
   </div>
   <div class='ocr_carea' id='block_1_80' title="bbox 1947 3910 3524 3988">
    <p class='ocr_par' dir='ltr' id='par_1_80' title="bbox 1947 3910 3524 3988">
     <span class='ocr_line' id='line_1_86' title="bbox 1947 3910 3524 3988; baseline -0.007 -16"><span class='ocrx_word' id='word_1_741' title='bbox 1947 3925 2168 3988; x_wconf 89' lang='lat' dir='ltr'>propter</span> <span class='ocrx_word' id='word_1_742' title='bbox 2190 3917 2501 3972; x_wconf 89' lang='lat' dir='ltr'>societatem</span> <span class='ocrx_word' id='word_1_743' title='bbox 2541 3926 2597 3971; x_wconf 91' lang='lat' dir='ltr'>et</span> <span class='ocrx_word' id='word_1_744' title='bbox 2627 3915 2993 3970; x_wconf 89' lang='lat' dir='ltr'>concordiam.</span> <span class='ocrx_word' id='word_1_745' title='bbox 3029 3912 3219 3967; x_wconf 83' lang='lat' dir='ltr'>Manus</span> <span class='ocrx_word' id='word_1_746' title='bbox 3252 3925 3380 3966; x_wconf 89' lang='lat' dir='ltr'>vero</span> <span class='ocrx_word' id='word_1_747' title='bbox 3424 3910 3524 3962; x_wconf 84' lang='lat' dir='ltr'>bo-</span> 
     </span>
    </p>
   </div>
   <div class='ocr_carea' id='block_1_81' title="bbox 1947 3999 3522 4080">
    <p class='ocr_par' dir='ltr' id='par_1_81' title="bbox 1947 3999 3522 4080">
     <span class='ocr_line' id='line_1_87' title="bbox 1947 3999 3522 4080; baseline -0.009 -14"><span class='ocrx_word' id='word_1_748' title='bbox 1947 4011 2108 4066; x_wconf 91' lang='lat' dir='ltr'>minis</span> <span class='ocrx_word' id='word_1_749' title='bbox 2137 4009 2236 4065; x_wconf 88' lang='lat' dir='ltr'>sub</span> <span class='ocrx_word' id='word_1_750' title='bbox 2258 4009 2470 4080; x_wconf 88' lang='lat' dir='ltr'>pennis,</span> <span class='ocrx_word' id='word_1_751' title='bbox 2502 4018 2724 4079; x_wconf 87' lang='lat' dir='ltr'>propter</span> <span class='ocrx_word' id='word_1_752' title='bbox 2748 4005 2953 4061; x_wconf 89' lang='lat' dir='ltr'>ordinis</span> <span class='ocrx_word' id='word_1_753' title='bbox 2984 4004 3244 4059; x_wconf 87' lang='lat' dir='ltr'>rationem</span> <span class='ocrx_word' id='word_1_754' title='bbox 3276 4011 3330 4056; x_wconf 91' lang='lat' dir='ltr'>et</span> <span class='ocrx_word' id='word_1_755' title='bbox 3356 3999 3522 4054; x_wconf 62' lang='lat' dir='ltr'>disciv</span> 
     </span>
    </p>
   </div>
   <div class='ocr_carea' id='block_1_82' title="bbox 1947 4093 3511 4171">
    <p class='ocr_par' dir='ltr' id='par_1_82' title="bbox 1947 4093 3511 4171">
     <span class='ocr_line' id='line_1_88' title="bbox 1947 4093 3511 4171; baseline -0.01 -14"><span class='ocrx_word' id='word_1_756' title='bbox 1947 4102 2172 4171; x_wconf 88' lang='lat' dir='ltr'>plinam.</span> <span class='ocrx_word' id='word_1_757' title='bbox 2197 4099 2626 4155; x_wconf 86' lang='lat' dir='ltr'>Firmamentum</span> <span class='ocrx_word' id='word_1_758' title='bbox 2665 4099 2900 4162; x_wconf 89' lang='lat' dir='ltr'>additur,</span> <span class='ocrx_word' id='word_1_759' title='bbox 2927 4104 3148 4167; x_wconf 90' lang='lat' dir='ltr'>propter</span> <span class='ocrx_word' id='word_1_760' title='bbox 3184 4093 3511 4151; x_wconf 88' lang='lat' dir='ltr'>soliditatem</span> 
     </span>
    </p>
   </div>
   <div class='ocr_carea' id='block_1_83' title="bbox 1946 4186 3530 4264">
    <p class='ocr_par' dir='ltr' id='par_1_83' title="bbox 1946 4186 3530 4264">
     <span class='ocr_line' id='line_1_89' title="bbox 1946 4186 3530 4264; baseline -0.006 -15"><span class='ocrx_word' id='word_1_761' title='bbox 1946 4210 2012 4251; x_wconf 86' lang='lat' dir='ltr'>ac</span> <span class='ocrx_word' id='word_1_762' title='bbox 2038 4194 2370 4251; x_wconf 83' lang='lat' dir='ltr'>ﬁrmitatem.</span> <span class='ocrx_word' id='word_1_763' title='bbox 2414 4194 2512 4249; x_wconf 90' lang='lat' dir='ltr'>Iris</span> <span class='ocrx_word' id='word_1_764' title='bbox 2536 4203 2714 4249; x_wconf 88' lang='lat' dir='ltr'>autem</span> <span class='ocrx_word' id='word_1_765' title='bbox 2735 4232 2751 4259; x_wconf 88' lang='lat'>,</span> <span class='ocrx_word' id='word_1_766' title='bbox 2789 4199 3007 4264; x_wconf 89' lang='lat' dir='ltr'>propter</span> <span class='ocrx_word' id='word_1_767' title='bbox 3040 4203 3228 4260; x_wconf 85' lang='lat' dir='ltr'>pacem</span> <span class='ocrx_word' id='word_1_768' title='bbox 3267 4197 3323 4244; x_wconf 91' lang='lat' dir='ltr'>et</span> <span class='ocrx_word' id='word_1_769' title='bbox 3351 4186 3530 4243; x_wconf 76' lang='lat' dir='ltr'>fmdus</span> 
     </span>
    </p>
   </div>
   <div class='ocr_carea' id='block_1_84' title="bbox 1950 4282 3529 4353">
    <p class='ocr_par' dir='ltr' id='par_1_84' title="bbox 1950 4282 3529 4353">
     <span class='ocr_line' id='line_1_90' title="bbox 1950 4282 3529 4353; baseline -0.006 -12"><span class='ocrx_word' id='word_1_770' title='bbox 1950 4302 1981 4341; x_wconf 87' lang='lat' dir='ltr'>a</span> <span class='ocrx_word' id='word_1_771' title='bbox 2032 4289 2140 4343; x_wconf 87' lang='lat' dir='ltr'>Deo</span> <span class='ocrx_word' id='word_1_772' title='bbox 2183 4287 2461 4344; x_wconf 88' lang='lat' dir='ltr'>nobiscum</span> <span class='ocrx_word' id='word_1_773' title='bbox 2511 4286 2724 4340; x_wconf 82' lang='lat' dir='ltr'>initum.</span> <span class='ocrx_word' id='word_1_774' title='bbox 2757 4282 3055 4353; x_wconf 83' lang='lat' dir='ltr'>Sapphirus</span> <span class='ocrx_word' id='word_1_775' title='bbox 3089 4289 3268 4334; x_wconf 90' lang='lat' dir='ltr'>autem</span> <span class='ocrx_word' id='word_1_776' title='bbox 3326 4292 3529 4333; x_wconf 84' lang='lat' dir='ltr'>arcana</span> 
     </span>
    </p>
   </div>
   <div class='ocr_carea' id='block_1_85' title="bbox 1952 4367 3531 4450">
    <p class='ocr_par' dir='ltr' id='par_1_85' title="bbox 1952 4367 3531 4450">
     <span class='ocr_line' id='line_1_91' title="bbox 1952 4367 3531 4450; baseline -0.008 -15"><span class='ocrx_word' id='word_1_777' title='bbox 1952 4381 2228 4450; x_wconf 75' lang='lat' dir='ltr'>designat;</span> <span class='ocrx_word' id='word_1_778' title='bbox 2262 4377 2609 4450; x_wconf 85' lang='lat' dir='ltr'>crystallum,</span> <span class='ocrx_word' id='word_1_779' title='bbox 2635 4375 2946 4446; x_wconf 81' lang='lat' dir='ltr'>puritatem,</span> <span class='ocrx_word' id='word_1_780' title='bbox 2981 4371 3256 4441; x_wconf 87' lang='lat' dir='ltr'>animique</span> <span class='ocrx_word' id='word_1_781' title='bbox 3295 4367 3531 4424; x_wconf 68' lang='lat' dir='ltr'>affectio-</span> 
     </span>
    </p>
   </div>
   <div class='ocr_carea' id='block_1_86' title="bbox 1949 4461 3533 4533">
    <p class='ocr_par' dir='ltr' id='par_1_86' title="bbox 1949 4461 3533 4533">
     <span class='ocr_line' id='line_1_92' title="bbox 1949 4461 3533 4533; baseline -0.008 -6"><span class='ocrx_word' id='word_1_782' title='bbox 1949 4487 2069 4527; x_wconf 91' lang='lat' dir='ltr'>nem</span> <span class='ocrx_word' id='word_1_783' title='bbox 2095 4473 2163 4528; x_wconf 89' lang='lat' dir='ltr'>ab</span> <span class='ocrx_word' id='word_1_784' title='bbox 2191 4474 2335 4527; x_wconf 87' lang='lat' dir='ltr'>omni</span> <span class='ocrx_word' id='word_1_785' title='bbox 2356 4471 2542 4525; x_wconf 80' lang='lat' dir='ltr'>fraude</span> <span class='ocrx_word' id='word_1_786' title='bbox 2566 4470 2820 4524; x_wconf 89' lang='lat' dir='ltr'>alienam.</span> <span class='ocrx_word' id='word_1_787' title='bbox 2846 4465 2929 4522; x_wconf 79' lang='lat' dir='ltr'>Ad</span> <span class='ocrx_word' id='word_1_788' title='bbox 2972 4467 3086 4521; x_wconf 74' lang='lat' dir='ltr'>haec</span> <span class='ocrx_word' id='word_1_789' title='bbox 3114 4465 3247 4519; x_wconf 89' lang='lat' dir='ltr'>recti</span> <span class='ocrx_word' id='word_1_790' title='bbox 3267 4463 3430 4533; x_wconf 88' lang='lat' dir='ltr'>pedes</span> <span class='ocrx_word' id='word_1_791' title='bbox 3455 4461 3533 4516; x_wconf 87' lang='lat' dir='ltr'>di-</span> 
     </span>
    </p>
   </div>
   <div class='ocr_carea' id='block_1_87' title="bbox 1948 4556 3531 4631">
    <p class='ocr_par' dir='ltr' id='par_1_87' title="bbox 1948 4556 3531 4631">
     <span class='ocr_line' id='line_1_93' title="bbox 1948 4556 3531 4631; baseline -0.007 -15"><span class='ocrx_word' id='word_1_792' title='bbox 1948 4571 2165 4626; x_wconf 90' lang='lat' dir='ltr'>cuntur,</span> <span class='ocrx_word' id='word_1_793' title='bbox 2201 4570 2421 4631; x_wconf 88' lang='lat' dir='ltr'>propter</span> <span class='ocrx_word' id='word_1_794' title='bbox 2471 4559 2752 4613; x_wconf 87' lang='lat' dir='ltr'>incedendi</span> <span class='ocrx_word' id='word_1_795' title='bbox 2823 4556 3136 4611; x_wconf 82' lang='lat' dir='ltr'>facultatem</span> <span class='ocrx_word' id='word_1_796' title='bbox 3181 4564 3236 4610; x_wconf 91' lang='lat' dir='ltr'>et</span> <span class='ocrx_word' id='word_1_797' title='bbox 3271 4561 3531 4610; x_wconf 82' lang='lat' dir='ltr'>constan-</span> 
     </span>
    </p>
   </div>
   <div class='ocr_carea' id='block_1_88' title="bbox 1952 4647 3532 4723">
    <p class='ocr_par' dir='ltr' id='par_1_88' title="bbox 1952 4647 3532 4723">
     <span class='ocr_line' id='line_1_94' title="bbox 1952 4647 3532 4723; baseline -0.004 -15"><span class='ocrx_word' id='word_1_798' title='bbox 1952 4654 2102 4709; x_wconf 88' lang='lat' dir='ltr'>tiam.</span> <span class='ocrx_word' id='word_1_799' title='bbox 2127 4653 2271 4723; x_wconf 81' lang='lat' dir='ltr'>Ignis</span> <span class='ocrx_word' id='word_1_800' title='bbox 2297 4653 2351 4706; x_wconf 85' lang='lat' dir='ltr'>in</span> <span class='ocrx_word' id='word_1_801' title='bbox 2388 4652 2567 4707; x_wconf 87' lang='lat' dir='ltr'>medio</span> <span class='ocrx_word' id='word_1_802' title='bbox 2593 4651 2915 4706; x_wconf 86' lang='lat' dir='ltr'>convolutos</span> <span class='ocrx_word' id='word_1_803' title='bbox 2938 4688 2954 4714; x_wconf 91' lang='lat'>,</span> <span class='ocrx_word' id='word_1_804' title='bbox 2987 4662 3092 4702; x_wconf 92' lang='lat' dir='ltr'>non</span> <span class='ocrx_word' id='word_1_805' title='bbox 3126 4656 3305 4701; x_wconf 87' lang='lat' dir='ltr'>autem</span> <span class='ocrx_word' id='word_1_806' title='bbox 3336 4647 3532 4701; x_wconf 84' lang='lat' dir='ltr'>remis-</span> 
     </span>
    </p>
   </div>
   <div class='ocr_carea' id='block_1_89' title="bbox 1950 4737 3532 4814">
    <p class='ocr_par' dir='ltr' id='par_1_89' title="bbox 1950 4737 3532 4814">
     <span class='ocr_line' id='line_1_95' title="bbox 1950 4737 3532 4814; baseline -0.008 -13"><span class='ocrx_word' id='word_1_807' title='bbox 1950 4760 2042 4801; x_wconf 84' lang='lat' dir='ltr'>sus</span> <span class='ocrx_word' id='word_1_808' title='bbox 2080 4754 2135 4801; x_wconf 90' lang='lat' dir='ltr'>ct</span> <span class='ocrx_word' id='word_1_809' title='bbox 2179 4743 2445 4800; x_wconf 71' lang='lat' dir='ltr'>difﬂuens.</span> <span class='ocrx_word' id='word_1_810' title='bbox 2485 4744 2753 4814; x_wconf 86' lang='lat' dir='ltr'>Splendor</span> <span class='ocrx_word' id='word_1_811' title='bbox 2801 4751 3004 4805; x_wconf 89' lang='lat' dir='ltr'>autem,</span> <span class='ocrx_word' id='word_1_812' title='bbox 3056 4748 3278 4809; x_wconf 86' lang='lat' dir='ltr'>propter</span> <span class='ocrx_word' id='word_1_813' title='bbox 3335 4737 3532 4806; x_wconf 83' lang='lat' dir='ltr'>quietis</span> 
     </span>
    </p>
   </div>
   <div class='ocr_carea' id='block_1_90' title="bbox 1949 4832 3534 4911">
    <p class='ocr_par' dir='ltr' id='par_1_90' title="bbox 1949 4832 3534 4911">
     <span class='ocr_line' id='line_1_96' title="bbox 1949 4832 3534 4911; baseline -0.007 -18"><span class='ocrx_word' id='word_1_814' title='bbox 1949 4839 2135 4897; x_wconf 78' lang='lat' dir='ltr'>ﬁnem.</span> <span class='ocrx_word' id='word_1_815' title='bbox 2169 4838 2288 4895; x_wconf 75' lang='lat' dir='ltr'>Iam</span> <span class='ocrx_word' id='word_1_816' title='bbox 2321 4842 2518 4911; x_wconf 88' lang='lat' dir='ltr'>pedum</span> <span class='ocrx_word' id='word_1_817' title='bbox 2566 4836 2885 4908; x_wconf 73' lang='lat' dir='ltr'>vestigium,</span> <span class='ocrx_word' id='word_1_818' title='bbox 2913 4845 2968 4890; x_wconf 89' lang='lat' dir='ltr'>et</span> <span class='ocrx_word' id='word_1_819' title='bbox 3011 4833 3229 4903; x_wconf 87' lang='lat' dir='ltr'>quidem</span> <span class='ocrx_word' id='word_1_820' title='bbox 3279 4832 3534 4901; x_wconf 84' lang='lat' dir='ltr'>Symma-</span> 
     </span>
    </p>
   </div>
   <div class='ocr_carea' id='block_1_91' title="bbox 1881 5175 3533 5251">
    <p class='ocr_par' dir='ltr' id='par_1_91' title="bbox 1881 5175 3533 5251">
     <span class='ocr_line' id='line_1_97' title="bbox 1881 5175 3533 5251; baseline -0.012 -9"><span class='ocrx_word' id='word_1_821' title='bbox 1881 5183 1924 5242; x_wconf 86' lang='lat' dir='ltr'><strong>C</strong></span> <span class='ocrx_word' id='word_1_822' title='bbox 1962 5186 2130 5251; x_wconf 80' lang='lat' dir='ltr'>ment.</span> <span class='ocrx_word' id='word_1_823' title='bbox 2170 5179 2225 5251; x_wconf 90' lang='lat' dir='ltr'>in</span> <span class='ocrx_word' id='word_1_824' title='bbox 2254 5179 2399 5235; x_wconf 86' lang='lat' dir='ltr'>hunc</span> <span class='ocrx_word' id='word_1_825' title='bbox 2433 5180 2608 5251; x_wconf 85' lang='lat' dir='ltr'>locum</span> <span class='ocrx_word' id='word_1_826' title='bbox 2640 5179 2716 5251; x_wconf 88' lang='lat' dir='ltr'>ait</span> <span class='ocrx_word' id='word_1_827' title='bbox 2748 5193 2766 5232; x_wconf 87' lang='lat'><strong>:</strong></span> <span class='ocrx_word' id='word_1_828' title='bbox 2794 5195 2842 5251; x_wconf 62' lang='grc' dir='ltr'>Δι</span> <span class='ocrx_word' id='word_1_829' title='bbox 2870 5175 3218 5251; x_wconf 75' lang='lat' dir='ltr'>Perspicuum</span> <span class='ocrx_word' id='word_1_830' title='bbox 3252 5179 3335 5251; x_wconf 70' lang='lat' dir='ltr'>est</span> <span class='ocrx_word' id='word_1_831' title='bbox 3387 5182 3533 5251; x_wconf 52' lang='lat' dir='ltr'>quae</span> 
     </span>
    </p>
   </div>
   <div class='ocr_carea' id='block_1_92' title="bbox 1956 5241 3540 5315">
    <p class='ocr_par' dir='ltr' id='par_1_92' title="bbox 1956 5241 3540 5315">
     <span class='ocr_line' id='line_1_98' title="bbox 1956 5241 3540 5315; baseline -0.008 -12"><span class='ocrx_word' id='word_1_832' title='bbox 1956 5250 2077 5303; x_wconf 87' lang='lat' dir='ltr'>dam</span> <span class='ocrx_word' id='word_1_833' title='bbox 2118 5250 2280 5305; x_wconf 88' lang='lat' dir='ltr'>verba</span> <span class='ocrx_word' id='word_1_834' title='bbox 2306 5251 2395 5305; x_wconf 89' lang='lat' dir='ltr'>hic</span> <span class='ocrx_word' id='word_1_835' title='bbox 2424 5250 2742 5305; x_wconf 88' lang='lat' dir='ltr'>desiderari.</span> <span class='ocrx_word' id='word_1_836' title='bbox 2790 5246 2923 5301; x_wconf 82' lang='lat' dir='ltr'>Nam</span> <span class='ocrx_word' id='word_1_837' title='bbox 2952 5241 3214 5315; x_wconf 79' lang='lat' dir='ltr'>particula</span> <span class='ocrx_word' id='word_1_838' title='bbox 3259 5241 3359 5312; x_wconf 80' lang='grc' dir='ltr'>μέν</span> <span class='ocrx_word' id='word_1_839' title='bbox 3394 5241 3540 5293; x_wconf 80' lang='lat' dir='ltr'>indi-</span> 
     </span>
    </p>
   </div>
   <div class='ocr_carea' id='block_1_93' title="bbox 1958 5312 3539 5392">
    <p class='ocr_par' dir='ltr' id='par_1_93' title="bbox 1958 5312 3539 5392">
     <span class='ocr_line' id='line_1_99' title="bbox 1958 5312 3539 5392; baseline -0.005 -18"><span class='ocrx_word' id='word_1_840' title='bbox 1958 5330 2047 5392; x_wconf 72' lang='lat' dir='ltr'>cat</span> <span class='ocrx_word' id='word_1_841' title='bbox 2069 5319 2291 5392; x_wconf 77' lang='lat' dir='ltr'>alteram</span> <span class='ocrx_word' id='word_1_842' title='bbox 2317 5321 2571 5392; x_wconf 69' lang='lat' dir='ltr'>clausula:</span> <span class='ocrx_word' id='word_1_843' title='bbox 2608 5329 2811 5388; x_wconf 89' lang='lat' dir='ltr'>partem</span> <span class='ocrx_word' id='word_1_844' title='bbox 2843 5312 3047 5392; x_wconf 79' lang='lat' dir='ltr'>deesse.</span> <span class='ocrx_word' id='word_1_845' title='bbox 3076 5333 3094 5365; x_wconf 75' lang='grc' dir='ltr'>ι</span> <span class='ocrx_word' id='word_1_846' title='bbox 3130 5312 3539 5392; x_wconf 48' lang='grc' dir='ltr'>[θηιζενο-ιιιξεθι</span> 
     </span>
    </p>
   </div>
   <div class='ocr_carea' id='block_1_94' title="bbox 1957 5380 3543 5461">
    <p class='ocr_par' dir='ltr' id='par_1_94' title="bbox 1957 5380 3543 5461">
     <span class='ocr_line' id='line_1_100' title="bbox 1957 5380 3543 5461; baseline -0.009 -16"><span class='ocrx_word' id='word_1_847' title='bbox 1957 5390 2336 5456; x_wconf 81' lang='lat' dir='ltr'>Combeﬁsius,</span> <span class='ocrx_word' id='word_1_848' title='bbox 2363 5392 2452 5461; x_wconf 90' lang='lat' dir='ltr'>qui</span> <span class='ocrx_word' id='word_1_849' title='bbox 2482 5380 2717 5461; x_wconf 11' lang='lat' dir='ltr'>alterum,</span> <span class='ocrx_word' id='word_1_850' title='bbox 2759 5388 3110 5461; x_wconf 75' lang='lat' dir='ltr'>membruma</span> <span class='ocrx_word' id='word_1_851' title='bbox 3138 5380 3295 5461; x_wconf 72' lang='lat' dir='ltr'>Billio</span> <span class='ocrx_word' id='word_1_852' title='bbox 3323 5380 3543 5461; x_wconf 62' lang='lat' dir='ltr'>deside-</span> 
     </span>
    </p>
   </div>
   <div class='ocr_carea' id='block_1_95' title="bbox 1962 5444 3537 5528">
    <p class='ocr_par' dir='ltr' id='par_1_95' title="bbox 1962 5444 3537 5528">
     <span class='ocr_line' id='line_1_101' title="bbox 1962 5444 3537 5528; baseline -0.008 -14"><span class='ocrx_word' id='word_1_853' title='bbox 1962 5470 2137 5514; x_wconf 81' lang='lat' dir='ltr'>ratum</span> <span class='ocrx_word' id='word_1_854' title='bbox 2161 5444 2359 5528; x_wconf 69' lang='lat' dir='ltr'>reperit</span> <span class='ocrx_word' id='word_1_855' title='bbox 2382 5444 2553 5516; x_wconf 73' lang='lat' dir='ltr'>iubis</span> <span class='ocrx_word' id='word_1_856' title='bbox 2575 5458 2752 5513; x_wconf 84' lang='lat' dir='ltr'>verbis</span> <span class='ocrx_word' id='word_1_857' title='bbox 2786 5472 2803 5510; x_wconf 86' lang='lat'><strong><em>:</em></strong></span> <span class='ocrx_word' id='word_1_858' title='bbox 2834 5455 3204 5524; x_wconf 77' lang='grc' dir='ltr'>Ἀνέκαμπτον</span> <span class='ocrx_word' id='word_1_859' title='bbox 3218 5451 3275 5504; x_wconf 83' lang='grc' dir='ltr'>δὲ</span> <span class='ocrx_word' id='word_1_860' title='bbox 3302 5451 3382 5528; x_wconf 65' lang='grc' dir='ltr'>ως</span> <span class='ocrx_word' id='word_1_861' title='bbox 3400 5444 3537 5511; x_wconf 70' lang='grc' dir='ltr'>εἶδος</span> 
     </span>
    </p>
   </div>
   <div class='ocr_carea' id='block_1_96' title="bbox 1964 5522 3541 5600">
    <p class='ocr_par' dir='ltr' id='par_1_96' title="bbox 1964 5522 3541 5600">
     <span class='ocr_line' id='line_1_102' title="bbox 1964 5522 3541 5600; baseline -0.007 -18"><span class='ocrx_word' id='word_1_862' title='bbox 1964 5529 2058 5583; x_wconf 77' lang='grc' dir='ltr'>τοῦ</span> <span class='ocrx_word' id='word_1_863' title='bbox 2088 5522 2279 5595; x_wconf 77' lang='grc' dir='ltr'>Βεζέκ.</span> <span class='ocrx_word' id='word_1_864' title='bbox 2315 5532 2446 5598; x_wconf 66' lang='lat' dir='ltr'>Quae</span> <span class='ocrx_word' id='word_1_865' title='bbox 2463 5531 2629 5585; x_wconf 86' lang='lat' dir='ltr'>altera</span> <span class='ocrx_word' id='word_1_866' title='bbox 2664 5528 2929 5600; x_wconf 67' lang='lat' dir='ltr'>expositio</span> <span class='ocrx_word' id='word_1_867' title='bbox 2960 5522 3541 5600; x_wconf 35' lang='lat' dir='ltr'>est,_nen_g.uide_m_.ex</span> 
     </span>
    </p>
   </div>
   <div class='ocr_carea' id='block_1_97' title="bbox 1968 5591 3539 5673">
    <p class='ocr_par' dir='ltr' id='par_1_97' title="bbox 1968 5591 3539 5673">
     <span class='ocr_line' id='line_1_103' title="bbox 1968 5591 3539 5673; baseline -0.01 -18"><span class='ocrx_word' id='word_1_868' title='bbox 1968 5591 2186 5670; x_wconf 73' lang='lat' dir='ltr'>Aquilae</span> <span class='ocrx_word' id='word_1_869' title='bbox 2207 5591 2472 5663; x_wconf 69' lang='lat' dir='ltr'>versione.</span> <span class='ocrx_word' id='word_1_870' title='bbox 2497 5611 2555 5656; x_wconf 91' lang='lat' dir='ltr'>ut</span> <span class='ocrx_word' id='word_1_871' title='bbox 2581 5591 2787 5671; x_wconf 74' lang='lat' dir='ltr'>putavit</span> <span class='ocrx_word' id='word_1_872' title='bbox 2821 5596 2964 5661; x_wconf 89' lang='lat' dir='ltr'>Bill.,</span> <span class='ocrx_word' id='word_1_873' title='bbox 2998 5597 3091 5650; x_wconf 86' lang='lat' dir='ltr'>sed</span> <span class='ocrx_word' id='word_1_874' title='bbox 3123 5610 3185 5648; x_wconf 73' lang='lat' dir='ltr'>ex</span> <span class='ocrx_word' id='word_1_875' title='bbox 3209 5591 3539 5673; x_wconf 68' lang='lat' dir='ltr'>Theodotiu-</span> 
     </span>
    </p>
   </div>
   <div class='ocr_carea' id='block_1_98' title="bbox 1970 5660 3551 5742">
    <p class='ocr_par' dir='ltr' id='par_1_98' title="bbox 1970 5660 3551 5742">
     <span class='ocr_line' id='line_1_104' title="bbox 1970 5660 3551 5742; baseline -0.008 -16"><span class='ocrx_word' id='word_1_876' title='bbox 1970 5660 2055 5728; x_wconf 74' lang='grc' dir='ltr'>ιιἰὲ</span> <span class='ocrx_word' id='word_1_877' title='bbox 2099 5660 2541 5742; x_wconf 79' lang='lat' dir='ltr'>interpretatione</span> <span class='ocrx_word' id='word_1_878' title='bbox 2575 5660 2809 5736; x_wconf 61' lang='lat' dir='ltr'>sumpta.</span> <span class='ocrx_word' id='word_1_879' title='bbox 2845 5678 2923 5724; x_wconf 86' lang='lat' dir='ltr'>ut&#39;</span> <span class='ocrx_word' id='word_1_880' title='bbox 2947 5660 3133 5723; x_wconf 75' lang='lat' dir='ltr'>auctor</span> <span class='ocrx_word' id='word_1_881' title='bbox 3162 5671 3244 5720; x_wconf 88' lang='lat' dir='ltr'>est</span> <span class='ocrx_word' id='word_1_882' title='bbox 3275 5660 3511 5722; x_wconf 60' lang='lat' dir='ltr'>Hieron?</span> <span class='ocrx_word' id='word_1_883' title='bbox 3543 5696 3551 5727; x_wconf 62' lang='grc' dir='ltr'><strong><em>ι</em></strong></span> 
     </span>
    </p>
   </div>
  </div>
