3898 6222
380 324 482 382 ῠΒἹ

1827 330 2191 386 APPENDIX.

3537 330 3655 387 6C8

378 439 519 496 chus
544 438 797 506 reddidit,
824 439 995 507 vituli,
1031 451 1252 511 propter
1284 441 1629 511 agriculturae
1668 442 1904 499 laborem
1943 466 1945 498 ς

2063 440 2273 497 θινον.’
2319 440 2693 511 ’Λνέκαμπτον
2734 438 2826 504 δὲ,
2856 438 2931 501 ὡς
2971 433 3107 501 εἶδος
3144 436 3237 490 τοῦ
3280 435 3477 507 βεζὲκ,
3512 440 3653 495 ωσεὶ

380 539 443 584 ιιι
486 539 665 585 autem
699 532 892 599 Aquila
941 533 1225 601 exposuit,
1270 528 1582 598 roiundum,
1619 536 1745 605 quia
1790 535 1959 607 ﬁgura

379 635 443 675 ea
468 636 655 677 omnes
678 623 1081 692 pulchritudine
1107 625 1291 679 vincit.
1318 624 1583 679 Prmterea
1613 626 1782 682 forma
1811 638 1958 682 rota-

384 729 529 776 rum,
567 721 626 768 ut
646 713 880 784 explicat
915 714 1293 785 Symmachus,
1318 719 1677 786 hyacinthina.
1708 719 1960 774 Reverte-

383 799 586 857 bantur
637 815 850 868 autem,
906 807 1079 862 instar
1117 807 1304 863 forma:
1354 810 1526 880 871
1567 813 1728 867 bezec
1756 846 1773 876 ,
1811 813 1960 866 velut

384 895 489 950 iter
509 913 652 967 aegre
691 899 948 955 facientes
970 943 984 966 ,
1020 905 1271 972 quoniam
1300 914 1463 959 totam
1506 905 1678 960 lucem
1719 920 1823 960 non
1855 905 1955 960 ha-

379 986 533 1055 bent,
563 989 655 1045 sed
691 990 867 1044 instar
897 991 1080 1047 forma:
1126 994 1312 1059 bezec,
1359 994 1409 1049 id
1447 1004 1530 1049 est
1553 1035 1566 1059 ,
1598 994 1844 1064 fulguris.
1879 996 1958 1051 Ac

380 1079 426 1130 si
467 1078 682 1147 quidem
716 1081 968 1137 omnibus
990 1083 1103 1137 suis
1139 1085 1377 1140 numeris
1413 1086 1758 1155 partibusque
1784 1086 1958 1140 absol-

379 1178 536 1221 vatur
586 1170 817 1225 hominis
866 1173 1191 1240 similitudo,
1258 1176 1381 1232 aliis
1434 1178 1741 1232 hominibus
1792 1179 1956 1233 domi-

378 1270 574 1316 natur:
611 1263 693 1316 sin
740 1278 930 1331 secus,
975 1269 1306 1321 contrarium
1347 1270 1629 1338 contingit.
1679 1268 1796 1324 .lam
1830 1286 1956 1325 vero

378 1366 463 1404 .eo
490 1351 690 1420 aliquid
734 1354 893 1408 habet
918 1395 934 1419 ,
966 1355 1302 1411 ferocitatem
1329 1372 1521 1426 nempe
1549 1368 1603 1411 et
1626 1358 1951 1427 superbiam,

378 1451 438 1496 ut
476 1455 541 1497 eo
573 1451 714 1499 recte
762 1448 1151 1516 commodeque
1177 1458 1409 1503 utamur.
1453 1448 1693 1504 Vitulum
1736 1460 1950 1515 autem,

377 1541 435 1585 nt
470 1543 618 1587 recte
655 1543 818 1603 atque
855 1537 1080 1592 honeste
1110 1540 1576 1608 concupiscamus.
1618 1541 1703 1595 Ait
1746 1541 1949 1597 Isaias:

376 1621 737 1693 Sancti/icabis
765 1643 884 1681 eum
907 1629 961 1682 in
995 1629 1111 1699 igne
1144 1631 1350 1684 ardenti
1370 1631 1410 1684 °.
1447 1634 1491 1686 Α
1517 1632 1746 1699 lumbis,
1778 1642 1832 1687 et
1860 1649 1952 1686 su-

374 1730 505 1783 pra,
540 1716 835 1784 electrum;
887 1722 1194 1790 superiores
1233 1724 1427 1777 etenim
1488 1734 1668 1792 partes
1710 1724 1948 1780 coerceri

2061 532 2381 586 δυσοδοῦντα
2400 572 2415 595 ,
2450 530 2509 583 τὸ
2542 530 2661 583 ὅλον
2698 529 2808 601 (69)
2839 529 2932 583 τοῦ
2961 530 3137 599 φωτὸς
3175 528 3250 600 μὴ
3281 528 3497 599 ἔχοντα,
3526 529 3650 584 ἀλλ’

2061 625 2138 688 ὡς
2164 619 2302 686 εἶδος
2332 622 2427 676 τοῦ
2459 622 2640 693 βεζὲκ,
2674 622 2702 675 ὃ
2730 623 2845 674 ἐστι
2874 621 2971 690 τῆς
2999 618 3337 689 ἀστραπῆς.
3380 619 3505 673 Ἐὰν
3540 620 3652 689 μὲν

2060 714 2340 787 ἀπαρτίσῃ
2372 713 2432 766 τὸ
2471 713 2724 784 ὁμοίωμα
2754 710 2848 765 τοῦ
2890 709 3212 781 ἀνθρώπου,
3240 710 3488 781 κυριεύει
3530 709 3649 761 τῶν

2059 807 2233 861 ἄλλων
2256 803 2557 875 ἀνθρώπων
2589 804 2704 876 (70)
2728 820 2739 831 '
2772 804 2820 856 εἰ
2844 801 2902 856 δὲ
2933 801 3027 872 μὴ,
3056 800 3118 853 τὸ
3137 800 3381 854 ἐναντίον
3408 800 3648 870 συμϐαί-

2058 916 2162 951 νει.
2200 899 2355 967 Ἔχει
2380 915 2433 950 τι
2469 897 2497 948 ὁ
2523 895 2660 947 λὲων
2677 934 2691 959 ,
2718 893 2780 947 τὸ
2806 891 3011 963 γαῦρον
3036 891 3174 962 (71),
3200 890 3261 944 τὸ
3285 890 3520 955 εῠτονον,
3548 890 3646 943 ἵνα

2058 989 2239 1051 καλῶς
2265 988 2413 1058 αὑτῷ
2441 984 2799 1058 χρησώμεθα.
2820 984 2923 1036 Τὸν
2952 982 3009 1036 δὲ
3042 982 3262 1053 μόσχον,
3293 982 3382 1036 ἵνα
3408 982 3645 1044 δεόντως

2058 1076 2439 1149 ὲπιθυμῶμεν.
2495 1075 2722 1138 Ἡσαΐας
2766 1074 2945 1143 λέγει·
2996 1073 3291 1143 Ἀγιάσεις
3341 1072 3525 1128 αὐτὸν
3561 1072 3643 1126 ἐν

2057 1171 2199 1239 πυρὶ
2222 1168 2533 1239 καιομένῳ.
2566 1168 2698 1221 Ἀπὸ
2720 1166 2939 1235 ὀσφύος,
2958 1165 3053 1219 καὶ
3075 1165 3480 1237 ἄνω,ἦλεκτρον
3494 1165 3637 1239 (72)-

2056 1262 2125 1316 τὰ
2158 1262 2267 1332 γὰρ
2296 1262 2408 1315 ἄνω
2445 1262 2506 1314 οὐ
2556 1260 2728 1313 δεῖται
2766 1259 3063 1323 κολάσεως.
3118 1258 3251 1311 Ἀπὸ
3282 1259 3501 1328 ὀσφύος,
3535 1258 3640 1314 καὶ

2056 1356 2238 1421 κάτω,
2277 1355 2419 1426 πῦρ,
2458 1353 2529 1407 τὰ
2555 1354 2824 1422 γενέσεως
2855 1352 3187 1422 πράγματα·
3223 1350 3396 1404 ταῦτα
3439 1351 3495 1403 δὲ
3539 1368 3639 1404 κο-

2055 1447 2262 1510 λάσεως
2287 1447 2478 1500 δεῖται.
2517 1445 2591 1498 Τὸ
2617 1443 2840 1513 Πνεῦμα
2862 1443 3077 1514 πρῶτον
3105 1440 3311 1515 ἐξαίρει
3339 1442 3635 1513 καθαῖρονο

2055 1535 2172 1592 εἷτα
2199 1541 2325 1601 τοὺς
2358 1537 2434 1609 μὴ
2478 1536 2851 1609 καθαρθέντας
2877 1537 2942 1589 ὲκ
2966 1535 3155 1588 τούτου
3195 1535 3257 1588 τὸ
3296 1534 3408 1605 πῦρ
3436 1533 3640 1587 καθαί-

2066 1647 2169 1700 ρει.
2205 1630 2279 1683 Τὸ
2306 1630 2363 1683 δὲ
2386 1630 2607 1698 φέγγος,
2639 1627 2872 1699 χρηστὸν
2905 1627 3016 1698 (75)
3044 1626 3214 1689 τέλος.
3244 1626 3497 1678 Τοιαῦται
3520 1624 3637 1694 γὰρ

2055 1724 2110 1775 αἱ
2147 1721 2397 1784 κολάσεις
2440 1721 2577 1790 (74).
2610 1714 2706 1783 Εἷς
2734 1720 2858 1791 ὅρος
2891 1718 3249 1790 δημιουργοῦ,
3281 1718 3343 1770 τὸ
3366 1717 3462 1788 τὴν
3495 1718 3638 1770 ὑπο-

377 1806 510 1860 ιιίΙιξΙ
531 1823 749 1865 necesse
776 1819 877 1866 est.
905 1813 949 1866 A
977 1813 1196 1880 ltnnbis,
1225 1826 1277 1869 et
1304 1816 1460 1879 infra,
1486 1817 1656 1886 ignis;
1689 1817 1944 1871 nimirum

2057 1814 2317 1884 κειμένην
2364 1787 2633 1883 ῦλην,ὼς
2680 1787 3204 1881 βούλεται,”καὶνὼς
3248 1787 3523 1880 ἐνδέχεται
3563 1812 3635 1880 τῇ

373 1898 622 1967 gignendi
654 1903 915 1958 actiones.
945 1904 1122 1975 Atque
1164 1906 1277 1960 haec
1330 1910 1658 1963 coercitione
1694 1919 1748 1963 et
1780 1910 1944 1964 casti-

373 1991 587 2056 gatione
645 2007 780 2061 opus
835 1995 1055 2052 habent.
1113 1997 1377 2053 Caeterum
1440 2000 1671 2070 Spiritus
1714 2001 1946 2071 primum

373 2080 650 2147 purgando
679 2082 883 2151 elevat;
919 2101 981 2140 ac
1005 2087 1196 2142 deinde
1220 2104 1334 2151 eos,
1377 2091 1466 2156 qui
1501 2090 1571 2145 ab
1610 2091 1711 2145 hoc
1736 2091 1945 2161 purgati

372 2183 479 2221 non
510 2168 734 2237 fuerint,
772 2174 909 2243 ignis
931 2188 1147 2249 purgat.
1180 2177 1314 2231 Tum
1350 2180 1600 2248 splendor
1622 2181 1853 2236 faustum
1883 2197 1948 2237 ac

369 2258 666 2327 jucundum
727 2263 889 2318 ﬁnem
944 2267 1234 2334 signiﬁcat.
1276 2269 1587 2337 Huiusmodi
1634 2272 1775 2325 enim
1823 2282 1948 2327 sunt

369 2361 616 2415 ptenaiet
648 2354 1045 2423 castigationes.
1083 2356 1235 2412 Unus
1274 2371 1356 2413 est
1381 2360 1593 2428 opiﬁcis
1623 2376 1848 2431 scopus,
1889 2370 1947 2416 ut

368 2440 666 2510 subjectam
709 2447 988 2501 materiam
1013 2488 1029 2514 ,
1063 2448 1326 2503 arbitrati:
1359 2466 1489 2518 suo,
1516 2463 1710 2522 atque.
1748 2464 1805 2508 ut
1852 2471 1947 2525 per

368 2543 540 2586 artem
570 2535 717 2600 licet,
763 2537 1079 2597 fabricetur.
1114 2542 1574 2608 Quemadmodum
1606 2544 1747 2600 Deus
1772 2547 1944 2604 bonus

365 2630 421 2674 et
449 2624 661 2690 sapiens
692 2635 796 2691 est,
830 2618 942 2682 non
971 2640 1149 2690 autem
1189 2632 1331 2686 sicut
1362 2648 1480 2700 nos,
1518 2634 1587 2687 ita
1629 2636 1790 2689 etiam
1831 2638 1947 2705 opi-

362 2710 454 2766 fex
486 2722 602 2778 est,
638 2730 731 2770 seu
773 2720 1053 2787 conditor;
1092 2722 1290 2793 quippe
1326 2725 1416 2794 qui
1458 2725 1686 2794 simplex
1732 2735 1851 2791 est,
1893 2739 1947 2782 et

364 2806 776 2873 compositionis
824 2825 1048 2894 espers;
1112 2832 1209 2871 nos
1268 2826 1488 2881 autem,
1521 2819 1610 2887 qui
1665 2822 1943 2889 compositi

364 2907 583 2961 sumus,
623 2897 1037 2970 haudquaquam
1083 2904 1152 2958 ita
1184 2921 1392 2965 sumus.
1420 2906 1725 2977 Justiﬁcala
1748 2920 1821 2963 est
1853 2927 1943 2963 sa-

361 2985 561 3052 pientia
585 3004 617 3041 a
654 2988 780 3056 ﬁliis
805 2993 912 3045 suis
936 2994 979 3060 ",
1008 2996 1279 3064 sapientes
1298 2998 1545 3054 videlicet
1571 2999 1708 3053 ﬁlios
1736 3001 1939 3056 dicens.

362 3075 443 3128 Ac
484 3092 666 3133 rursus
702 3081 838 3135 idem
883 3083 1132 3139 Salvator
1179 3088 1309 3156 ipsis
1356 3089 1507 3155 dicit,
1540 3089 1619 3144 sic
1654 3089 1878 3160 loquens
1922 3110 1937 3146 :

362 3164 715 3231 Sapientiores
742 3184 862 3226 sunt
885 3176 986 3244 ﬁlii
1011 3177 1168 3247 hujus
1196 3181 1376 3234 δασυιί
1404 3182 1528 3242 ﬁliis
1552 3182 1685 3235 lucis
1718 3186 1772 3237 in
1789 3199 1940 3251 gene-

363 3260 566 3313 rutione
611 3277 708 3315 sua
747 3263 806 3318 8:
848 3280 943 3332 per
988 3266 1125 3323 ﬁlios
1161 3269 1292 3325 lucis
1331 3287 1422 3326 eos
1469 3272 1803 3342 intelligens,
1845 3274 1940 3341 qui

364 3353 605 3407 scicntia:
636 3354 754 3410 luce
785 3357 1081 3413 collustrati
1117 3372 1263 3416 sunt.
1308 3363 1595 3430 Apostolus
1615 3379 1828 3432 quoque
1858 3365 1941 3419 his

363 3444 544 3497 verbis
578 3446 782 3501 utitur:
830 3448 1056 3504 Eramus
1096 3466 1284 3506 natura
1328 3454 1428 3521 [iiii
1469 3456 1624 3520 irw',
1661 3470 1763 3508 non
1800 3458 1942 3523 quod

362 3549 428 3589 ex
463 3546 676 3604 natura,
706 3540 800 3593 sed
828 3541 953 3608 quia
988 3558 1111 3597 vere
1159 3546 1232 3597 rei
1258 3554 1417 3611 sunt,
1455 3547 1659 3617 iraeque
1688 3548 1943 3611 obnoxii,

363 3626 455 3695 qui
484 3639 726 3696 peccant.
766 3630 1072 3697 Quinetiam
1106 3634 1171 3689 de
1198 3632 1335 3690 .lnda
1366 3638 1626 3707 scriptum
1657 3650 1772 3702 est,
1801 3639 1942 3705 quod

362 3722 683 3789 perditionis
735 3724 876 3779 filius
922 3726 993 3780 sit
1020 3728 1065 3759 1°
1095 3746 1109 3781 ι
1158 3744 1265 3797 quo
1300 3730 1417 3784 loco
1453 3731 1769 3799 perditioais
1805 3730 1945 3785 filius

366 3812 569 3867 idcirco
611 3815 825 3879 dicitur,
856 3820 998 3886 quod
1047 3821 1359 3889 pestiferum
1392 3820 1604 3877 facinus
1640 3822 1939 3877 admiserit.

364 3896 535 3955 Isaias
566 3904 739 3958 tribus
762 3907 918 3960 annis
959 3909 1132 3963 nudus
1157 3920 1211 3964 et
1237 3912 1351 3964 sine
1373 3911 1755 3966 calceamentis
1777 3916 1941 3964 vitam

429 4110 444 4152 ³
484 4109 585 4165 lsa.
618 4126 681 4175 x,
721 4109 803 4163 l7.
881 4111 900 4140 ⁷
936 4109 1066 4166 Luc.
1096 4127 1192 4175 vn,
1224 4112 1311 4166 35.
1387 4112 1409 4144 ⁸
1443 4110 1574 4169 Luc.
1602 4128 1714 4179 xw,
1744 4112 1796 4167 8.
1872 4114 1892 4144 °
1918 4117 1945 4170 Ε

2057 4130 2116 4170 ιε.
2144 4130 2202 4179 ιι,
2228 4115 2280 4167 5.

361 4280 481 4320 mus
510 4282 525 4319 :
557 4265 688 4319 ὡσεὶ
717 4266 1128 4323 δυσοδευοῦντα.
1157 4288 1176 4321 ι
1236 4269 1405 4337 Quasi
1447 4269 1643 4324 malam
1675 4278 1730 4325 et
1759 4270 1947 4328 difﬁci-

362 4337 464 4413 lem
488 4338 628 4388 viain
664 4349 840 4413 nacta,
873 4355 1046 4413 eaque
1103 4357 1255 4413 regre
1294 4340 1618 4413 incedentis.
1647 4360 1666 4393 ι
1722 4340 1853 4413 Reg.
1912 4346 1946 4398 h

360 4408 426 4481 ad
463 4422 631 4481 marg.
655 4407 777 4461 ἀντὶ
808 4408 922 4475 τοῦ,
957 4410 1057 4463 οὐκ
1079 4407 1444 4481 εὐοδούμενον.
1486 4430 1503 4460 ι
1529 4409 1635 4465 Pro
1667 4425 1772 4465 non
1804 4407 1948 4469 recte

361 4476 688 4531 illoedentia.
714 4497 735 4530 ι

435 4546 551 4623 ((39)
585 4546 655 4600 Τὸ
690 4547 856 4602 ὅλον.
888 4550 943 4603 ln
976 4550 1267 4617 nonnullis,
1312 4551 1373 4604 τὸ
1397 4551 1568 4618 τέλος,
1613 4551 1786 4608 «lucis
1821 4568 1942 4623 per-

360 4618 662 4673 fectionem.
686 4636 707 4669 ι

431 4689 541 4760 (70)
572 4688 984 4760 Kvptedertcbr
1016 4689 1223 4745 ἄλλων
1253 4689 1596 4756 ἀνθρώπων.
1632 4690 1938 4759 Legendnm

361 4757 610 4829 putamus
634 4775 648 4810 :
675 4757 916 4829 κυριεύει
948 4761 1054 4813 τῶν
1086 4760 1257 4814 ἄλλων
1291 4760 1475 4824 ζώων·
1510 4780 1528 4812 ι
1553 4761 1673 4815 aliis
1699 4757 1944 4815 animan-

363 4831 508 4885 tibus
537 4829 863 4900 dominatur.
891 4849 909 4882 ι
947 4830 1080 4883 Nam
1109 4832 1151 4883 si
1178 4831 1446 4900 vulgatam
1480 4831 1769 4885 lectionem
1806 4847 1938 4886 con-

362 4913 667 4971 servamns,
710 4917 729 4950 ι
754 4899 876 4954 aliis
920 4900 1229 4954 hominibus
1277 4899 1601 4966 dominatur,
1632 4920 1651 4952 ι
1686 4902 1806 4969 quis
1841 4902 1940 4971 igi-

364 4981 450 5023 tur
472 4968 814 5040 eritillornm
854 4972 1139 5023 verborum
1169 4971 1402 5025 sensus?
1426 4970 1587 5033 Num,
1616 4981 1674 5024 ut
1704 4968 1940 5040 perfecta

361 5038 692 5095 sithominis
722 5039 1040 5100 similitudo,
1080 5043 1289 5095 caeteris
1326 5041 1636 5095 hominibus
1674 5038 1939 5097 dominari

359 5110 562 5166 debet?
592 5107 760 5165 Nemo
787 5125 1011 5179 prorsus
1053 5110 1104 5163 id
1145 5109 1420 5181 fatebitur.
1465 5110 1539 5164 Ex
1567 5114 1941 5181 consequenti-

359 5183 463 5253 bus
517 5182 881 5253 desumendus
933 5189 1040 5253 est_
1067 5193 1276 5234 sensus.
1326 5179 1421 5253 llic
1449 5182 1676 5251 propriae
1718 5179 1942 5253 singulis

350 5250 728 5307 animantibus
756 5254 909 5305 dotes
957 5248 1279 5304 referuntur.
1314 5251 1412 5314 Ac,
1449 5248 1601 5306 sicut
1657 5248 1829 5307 homo'
1844 5253 1940 5306 ha-

355 5321 470 5390 'iet,
502 5332 559 5374 ut
590 5321 808 5375 ueteris
857 5319 1223 5375 animantibus
1260 5323 1586 5385 dominetur,
1641 5322 1716 5375 ita
1748 5323 1849 5388 leo,
1883 5334 1941 5378 ut

376 5392 432 5443 .it
472 5391 678 5445 viribus
737 5390 930 5461 fidens,
977 5392 1278 5461 superbus;
1346 5401 1399 5443 et
1429 5392 1647 5457 vitulus,
1707 5403 1766 5446 ut
1817 5393 1941 5461 igne

372 5461 749 5531 sanctiﬁcetur.
785 5459 993 5525 Quibus
1051 5462 1093 5513 si
1123 5460 1286 5531 homo
1320 5475 1558 5531 congrue
1589 5472 1792 5528 utatur,
1830 5459 1940 5516 vir-

365 5540 475 5585 tute
506 5530 763 5585 emicabit
790 5547 804 5595 ;
834 5531 914 5583 sin
939 5539 1116 5583 autem
1150 5530 1307 5595 male,
1335 5530 1465 5584 vitio
1480 5533 1775 5587 sordescet.
1802 5533 1937 5586 Nam

360 5601 545 5667 homo,
574 5600 659 5670 vel
690 5601 998 5654 dominatur
1020 5599 1320 5664 aﬁ‘ectibus,
1356 5602 1437 5654 vel
1466 5602 1597 5670 ipsis
1629 5611 1712 5656 est
1741 5605 1940 5656 inanei-

361 5679 539 5737 patus.
584 5669 642 5725 Si
677 5670 931 5739 primum,
965 5672 1199 5739 pert‘ccua
1251 5680 1334 5725 est
1382 5669 1553 5738 ipsius
1609 5672 1934 5730 similitudo:

358 5744 441 5794 sin
464 5754 647 5804 secus,
679 5742 801 5806 ipsi,
834 5757 979 5796 more
1017 5742 1321 5809 brutorum,
1359 5756 1520 5809 agerc
1546 5743 1840 5814 continget,
1875 5757 1938 5799 ac

2052 1905 2218 1976 τέχνῃ
2249 1906 2451 1957 ποιεῖν·
2485 1903 2675 1975 ὥσπερ
2710 1906 2738 1957 ὁ
2771 1903 2904 1966 Θεὸς
2931 1902 3135 1972 ἀγαθὸς
3158 1902 3252 1955 καὶ
3293 1903 3487 1970 σοφὸς,
3516 1901 3637 1954 ἀλλ’

2063 1996 2165 2066 οὐχ
2189 1995 2263 2058 ὡς
2296 1996 2478 2065 ἡμεῖς,
2508 1993 2680 2056 οὕτως
2709 1994 2804 2047 καὶ
2835 1993 3193 2064 δημιουργόςο
3221 1992 3407 2062 ἐπειδὴ
3431 1991 3640 2054 ἁπλοῦς

2055 2088 2150 2141 καὶ
2191 2086 2512 2150 ἀσύνθετος·
2550 2087 2711 2155 ἡμεῖς
2736 2086 2845 2157 γὰρ
2875 2085 3120 2138 σύνθετοι
3145 2086 3504 2156 ὑπάρχοντες,
3532 2084 3639 2154 οὐχ

2053 2176 2225 2239 οὕτως
2250 2176 2437 2246 ἐσμέν.
2480 2174 2819 2242 Ἐδικαιὼθη
2844 2175 2881 2242 ἠ
2913 2176 3101 2245 σοφία
3118 2175 3237 2229 ἀπὸ
3263 2174 3380 2229 τῶν
3404 2177 3639 2227 τέκνων

2054 2266 2264 2334 αὐτῆς,
2292 2268 2420 2330 τοὺς
2455 2269 2654 2335 σοφοὺς
2673 2266 2741 2319 τὰ
2773 2267 2939 2319 τέκνα
2968 2267 3163 2335 λέγων.
3200 2267 3309 2319 Καὶ
3340 2265 3505 2318 πάλιν
3531 2266 3637 2317 αὑ-

2053 2357 2144 2421 τὸς
2180 2358 2363 2420 αὐτοῖς
2392 2359 2420 2409 ὁ
2450 2358 2641 2428 Σωτήρ
2672 2374 2834 2428 φησιν
2867 2358 2925 2410 ὲν
2959 2357 3036 2427 τῷ
3057 2374 3069 2387 ·
3113 2355 3444 2426 Σοφώτεροί
3473 2358 3640 2409 εἶσιν

2053 2453 2105 2504 οἱ
2138 2450 2257 2503 υἱοὶ
2303 2448 2410 2502 τοῦ
2449 2448 2665 2514 αἰῶνος
2689 2451 2932 2513 τούτου,
2964 2447 3118 2515 ὑπὲρ
3150 2446 3292 2513 τοὺς
3318 2446 3489 2510 υἱοὺς
3524 2444 3635 2498 τοῦ

2053 2539 2277 2609 φωτὸς,
2312 2539 2382 2592 ἐν
2428 2538 2504 2608 τῇ
2550 2538 2728 2609 γενεᾷ
2775 2536 3009 2593 αὺτῶνο
3057 2538 3207 2599 υἱοὺς
3243 2536 3419 2605 φωτὸς
3456 2534 3636 2601 λέγων

2053 2635 2181 2696 τοὺς
2214 2633 2664 2703 πεφωτισμένους
2696 2635 2762 2703 τῇ
2800 2629 3021 2700 γνώσει.
3054 2629 3188 2695 Καὶ,
3227 2625 3424 2698 ἾΙμεν
3451 2628 3638 2695 φύσει

2051 2724 2234 2778 τέκνα
2267 2723 2451 2793 ὀργῆς
2472 2763 2485 2786 ,
2515 2724 2575 2776 οὐ
2615 2723 2676 2775 τὸ
2716 2722 2857 2776 κατὰ
2892 2721 3054 2791 φύσιν
3079 2721 3276 2788 λέγων,
3309 2720 3424 2773 ἀλλ’
3457 2720 3540 2771 ὅτι
3575 2721 3636 2773 ὲν

2052 2817 2281 2887 ἀληθείᾳ
2309 2815 2602 2869 ὑπεύθυνοι
2630 2815 2802 2886 ὀργῆς
2821 2814 3181 2889 τυγχάνουσιν
3209 2815 3257 2865 οἱ
3286 2811 3637 2883 ἁμαρτάνον-

2050 2928 2163 2973 τες.
2198 2910 2308 2962 Καὶ
2342 2909 2471 2979 περὶ
2503 2908 2596 2961 τοῦ
2640 2908 2812 2961 Ἰούδα
2840 2907 3172 2977 γέγραπται,
3224 2906 3307 2957 ὅτι
3346 2904 3479 2968 Υἱὸς
3520 2904 3633 2957 ἀπ-

2051 3004 2299 3069 ωλείαςσ
2347 3001 2623 3064 ἀπωλείας
2657 3001 2713 3054 δὲ
2746 3000 2860 3053 tile
2890 2999 3051 3051 αὑτὸν
3099 2994 3257 3061 εἶπε,
3300 2995 3379 3065 τῷ
3423 2995 3495 3048 τὰ
3533 2996 3637 3066 τῆς

2052 3093 2324 3156 ἀπωλείας
2369 3091 2730 3164 πεπραχέναι.
2788 3091 3017 3153 Ἡσαΐας
3051 3089 3196 3143 ἔτεσι
3238 3088 3388 3158 τρισὶ
3419 3085 3633 3157 γυμνὸς

2044 3188 2140 3240 καὶ
2153 3186 2582 3248 ἀνυποδέστατος
2601 3184 2710 3255 (75)
2733 3183 2979 3254 διήγαγε.
3007 3182 3109 3235 Τὸν
3125 3181 3327 3235 Μωσέα
3344 3180 3475 3248 φασὶ
3493 3178 3637 3248 μετὰ

2051 3278 2114 3331 τὸ
2141 3278 2372 3332 ἀκοῦσαι
2406 3278 2514 3331 τῶν
2543 3276 2810 3348 χρησμῶν
2839 3276 2933 3329 τοῦ
2963 3274 3125 3335 Θεοῦ,
3160 3272 3355 3344 μηκέτι
3386 3271 3635 3342 ἅψασθαι

2047 3372 2148 3442 τῆς
2195 3371 2483 3438 γυναικὸς,
2526 3371 2660 3442 μηδὲ
2704 3368 3110 3437 τεκνοποιήσαι.
3156 3364 3475 3433 Βδέλυγμα
3520 3363 3637 3432 τῆς

2047 3462 2399 3532 ἐρημώσεως
2428 3462 2618 3529 ἑστὼς
2646 3463 2718 3516 ἐν
2742 3463 2901 3528 τόπῳ
2929 3460 3094 3530 ἁγίῳ,
3129 3457 3315 3526 φασιν,
3343 3457 3428 3509 ὅτι
3456 3459 3486 3511 ὁ
3505 3456 3635 3522 ναὸς

2048 3554 2077 3606 ὁ
2108 3555 2165 3606 ὲν
2209 3551 2473 3622 Ἰεροσολύ
2484 3570 2605 3624 μοις
2634 3550 3115 3621 οἰκοδομηθήσεται
3156 3546 3403 3617 ὕστερον,
3427 3545 3506 3608 ὡς
3534 3542 3633 3596 τοῦ

2061 3643 2432 3715 Ἀντιχρίστου
2455 3642 2955 3714 πιστευθησομένου
2975 3641 3079 3694 ὑπὸ
3106 3638 3373 3694 Ἰουδαίων
3388 3634 3633 3707 Χριστοῦ

2051 3729 2227 3799 εἶναι,
2262 3735 2356 3787 καὶ
2401 3733 2910 3803 καθεσθησομένου,
2941 3731 3036 3784 καὶ
3075 3729 3318 3794 δόξοντος
3358 3727 3488 3799 ὅλης
3532 3727 3634 3796 τῆς

2048 3824 2375 3895 οἰκουμένης
2415 3820 2554 3877 εἶναι
2592 3823 2878 3894 βασιλέως.
2914 3822 3073 3889 Ἥξει
3098 3821 3154 3874 δὲ
3180 3820 3266 3875 ἐπ’
3294 3819 3506 3890 ἐρημίᾳ
3535 3815 3632 3871 τοῦ

2047 3914 2254 3985 κόσμου
2276 3933 2289 3945 ·
2334 3916 2611 3987 βδέλυγμα
2631 3915 2740 3987 γάρ
2770 3916 2887 3968 ἐστι
2918 3915 3017 3986 τῆς
3040 3911 3394 3986 ἐρημώσεως.
3428 3910 3632 3979 Λέγον-

2359 4115 2401 4145 ¹⁰
2435 4112 2589 4169 Joan.
2616 4130 2758 4179 xvn,
2800 4116 2881 4169 l2.

2054 4272 2275 4343 proinde
2298 4271 2534 4339 perfecta
2560 4287 2663 4326 non
2689 4272 2793 4343 erit
2824 4271 2990 4343 ipsius
3018 4269 3331 4343 similitudo.

2123 4344 2236 4413 (7|)
2272 4337 2439 4411 Ἔχει
2496 4360 2552 4396 τι
2600 4346 2634 4396 ὁ
2684 4337 2861 4409 λέων,
2892 4342 2960 4395 τὸ
3002 4341 3246 4411 ταῦρον.
3307 4337 3521 4395 «Habet
3543 4340 3630 4396 leo

2057 4415 2197 4480 quod
2220 4412 2298 4467 'sit
2343 4414 2514 4473 ferox,
2567 4428 2714 4476 acer,
2750 4415 3035 4481 superbus,
3066 4480 3069 4481 ν
3101 4422 3417 4481 ceterorum
3449 4426 3507 4465 se
3538 4427 3632 4465 re—

1976 4497 2020 4552 ι)
2052 4478 2171 4550 gem
2208 4484 2559 4536 animantium
2610 4478 2869 4536 sentiens.
2911 4502 2929 4535 ι
2976 4480 3097 4534 Bill.
3156 4499 3175 4531 ι
3211 4478 3332 4552 .lam
3380 4494 3507 4552 vero
3542 4481 3631 4537 leo

2049 4549 2254 4619 aliquid
2293 4554 2471 4616 habet,
2514 4553 2846 4606 alacritatem
2875 4567 3068 4620 nempe
3110 4561 3165 4606 et
3199 4549 3577 4607 acrimoniam.
3601 4572 3620 4603 ι

2047 4621 2199 4676 llaud
2232 4624 2368 4687 scio,
2421 4634 2600 4674 utrum
2652 4621 2915 4689 (ιιιίερίιιιῐι
2951 4623 3046 4689 ipsi
3092 4622 3443 4683 assentiatur,
3495 4638 3623 4677 cum

2046 4694 2121 4746 ait
2147 4693 2198 4744 in
2225 4694 2382 4754 notis,
2433 4693 2494 4745 τὸ
2524 4690 2725 4762 γαῦρον
2761 4692 2847 4745 hic
2874 4708 2977 4744 non
3012 4702 3117 4745 tam
3145 4690 3454 4762 significare
3486 4710 3504 4742 ι
3533 4708 3629 4746 Sll-

2051 4763 2320 4830 perhiam,
2356 4781 2375 4813 ›
2416 4773 2472 4815 ιιι
2496 4760 2658 4816 vertit
2686 4761 2995 4831 Volfangus,
3054 4777 3215 4830 quam
3257 4778 3275 4810 ι
3300 4760 3426 4814 elati
3457 4761 3628 4816 animi

2044 4832 2394 4885 alacritatem.
2424 4852 2442 4883 ι

2116 4901 2227 4971 (72)
2282 4902 2424 4956 Ἀπὸ
2445 4902 2694 4971 ὀσφύος,
2726 4902 2823 4955 καὶ
2852 4900 2994 4964 ἄνω,
3019 4900 3331 4969 ἤλεκτρον.
3358 4900 3456 4955 Hic
3480 4919 3499 4951 ι
3527 4915 3629 4970 per

2044 4972 2274 5031 lumbos.
2305 4992 2324 5025 ι
2370 4974 2617 5037 intelligit
2666 4972 2935 5039 Propheta
2987 4983 3193 5041 partem
3223 4988 3365 5033 eam,
3426 4973 3478 5024 in
3515 4988 3626 5039 qua

2044 5042 2281 5097 libidinis
2314 5045 2477 5097 ardor
2502 5042 2737 5098 exsistit.
2775 5041 3092 5109 Superiores
3120 5050 3298 5094 autem
3318 5051 3498 5110 partes
3520 5057 3623 5110 pu-

2044 5128 2134 5168 ras
2159 5128 2279 5168 esse
2305 5112 2570 5181 designat,
2607 5129 2670 5181 ac
2698 5113 2936 5179 puritate
2966 5113 3168 5167 electro
3196 5111 3421 5181 similes.

2075 5182 2229 5309 d(73)
2261 5179 2553 5306 Χιέηστόν.
2600 5180 2692 5237 Sic
2719 5182 2886 5253 Regg.
2936 5183 3046 5249 bm,
3076 5181 3147 5236 hu
3176 5189 3232 5235 et
3264 5180 3433 5237 Coisl.
3470 5182 3523 5236 5.
3560 5179 3623 5237 In

2113 5293 2152 5309 ..
2180 5270 2317 5309 γοητ
2350 5272 2397 5307 ν.

2041 5269 2152 5316 eu.,
2180 5269 2397 5322 χρητον.

2113 5271 2535 5397 ίῆἔῖῗὲἴάῦται
2565 5322 2673 5392 γὰρ
2709 5327 2767 5397 αἱ
2796 5320 3105 5397 κολάσεις.
3168 5318 3626 5397 Juxla__(‘.oml_)eﬁ-

2041 5391 2217 5457 siu'm,
2262 5394 2350 5448 hic
2377 5391 2588 5446 desinat
2619 5395 2909 5461 periodus;
2967 5408 3065 5446 nec
3094 5391 3448 5459 sequentibus
3492 5393 3626 5461 jqn-

2041 5467 2212 5535 genda
2240 5462 2564 5535 cumBillio,
2591 5463 2873 5535 quivertit
2897 5479 2961 5535 :Ai
2989 5461 3301 5535 llnjnsmodi
3325 5463 3468 5535 enim
3494 5472 3625 5515 sunt

2040 5531 2322 5603 Supplicia,
2365 5534 2420 5587 in
2463 5533 2659 5602 quibus
2692 5531 3010 5597 inferendis,
3043 5531 3093 5585 id
3114 5602 3120 5603 ί
3145 5546 3310 5584 unum
3334 5531 3435 5584 sibi
3468 5546 3637 5592 sum-_

2043 5602 2163 5659 inus
2198 5619 2378 5658 rerum
2425 5603 2603 5673 opifex
2636 5603 2906 5673 proponit,
2955 5614 3011 5656 ut
3044 5602 3410 5671 subjacentem
3450 5609 3624 5653 mate-

2042 5675 2198 5736 riam,
2223 5694 2240 5727 ι
2276 5685 2384 5727 etc.

2111 5745 2219 5818 (75)
2258 5741 2778 5810 Ἀνιποδέστατος.
2799 5742 2931 5814 Reg.
2950 5743 3019 5799 htt
3046 5753 3099 5799 et
3119 5740 3255 5809 Jes.,
3272 5738 3606 5806 ἁνυπόδετος
3668 5748 3673 5753 '
