3898 6222
412 286 525 347 €75
1167 287 1649 345 FRACMENTUM
1691 288 1776 343 EX
1816 286 2021 344 ORAT.
2060 287 2339 345 CONTRA
2376 283 2865 342 ASTRONOMOS.

414 405 716 491 _s_ecundoe
751 406 1045 491 formulae
1068 407 1821 491 Sirmiensis__auctores_._
1850 409 2026 470 Alter
2064 415 2372 491 Δνει-οηθι
2432 408 2694 491 quidem
2750 408 3704 491 preacedentieapologeticus,

412 484 524 547 ille
554 496 674 555 est,
708 503 900 567 quem
936 487 1145 567 inisti:
1178 487 1547 567 Appendice
1581 487 1775 567 priori
1812 488 1950 549 loco
1983 484 2473 567 colloca‘vimusl
2523 484 2782 567 Tertius
2813 487 3126 566 denique,
3175 484 3297 551 ista
3331 484 3437 551 est
3461 484 3704 553 διιδεοὲ

418 579 627 641 quens
662 563 984 627 ac‘brevis
1016 563 1461 627 Niczenteﬁdei
1494 563 1845 639 confessio,
1911 583 2055 640 quae
2093 565 2377 643 profecto
2427 565 2646 626 haberi
2701 565 2935 633 debet.
2995 563 3174 628 'velut
3226 584 3506 642 summa,
3569 586 3701 633 seu

415 644 864 782 fom‘pemijum
915 644 1311 782 dtogmatum,
1368 662 1510 723 quae
1550 644 1683 722 jam
1733 644 1799 705 in
1838 643 2348 723 prtecedentibus
2400 644 2638 706 libellis
2689 661 2725 706 ο
2758 644 3108 708 Phcebedio
3144 647 3507 725 Aginnensi
3542 667 3704 729 per-

448 740 979 782 mcaaimmn.

448 729 672 784 ractata
700 724 979 783 fuerant.

3562 308 3567 311 '
3590 290 3707 350 676

416 861 3635 894 Νῆα-*Ἥ

1012 1028 1148 1106 DE
1186 1028 1427 1107 FIDE
1469 1029 2102 1109 ORTHODOXA
2141 1030 2552 1110 CONTRA
2609 1029 3078 1109 ARIANOS.

1596 1208 2041 1269 TRACTATUS
2081 1208 2471 1273 SECUNDUS
2498 1224 2548 1273 ⁸.

1040 1366 1168 1422 Vide
1215 1373 1350 1425 inter
1383 1372 1552 1442 Opera
1588 1372 1868 1428 Plcwbndii
1898 1375 2232 1441 Aginneusis,
2260 1387 2398 1433 (omo
2426 1397 2585 1447 supra
2613 1383 2800 1445 citato.
2836 1387 2936 1441 col.
2967 1386 3053 1442 49.

487 1497 514 1526 ι
535 1485 681 1539 Alias
707 1486 797 1541 Or.
833 1487 921 1541 50.

427 1634 3681 1678 FW

1082 1809 1995 1921 FBAGMENTUM
2080 1813 2263 1915 EX
2342 1814 3011 1951 ORATIONE

1443 2034 1852 2115 CONTRA
1918 2036 2639 2118 ASTRONOMOS.

845 2210 1034 2272 (Edidit
1055 2212 1171 2263 Chr.
1202 2212 1335 2263 Frid.
1366 2213 1623 2274 Mem,
1654 2214 1894 2267 Lectiones
1920 2217 1986 2266 Mt

2094 2228 2249 2278 enses,
2288 2218 2485 2282 Lipsie,
2510 2219 2650 2282 1779,
2675 2218 2825 2279 in-8’,
2862 2218 2960 2267 vol.
2984 2216 3046 2278 Π,
3072 2231 3118 2281 p.
3142 2216 3244 2274 38.)

1998 2370 2072 2385 ὀ

836 2510 946 2565 Τοῦ
973 2512 1145 2581 ἁγίου
1174 2512 1248 2583 ('5)
1279 2514 1613 2583 Γρηγορίου
1634 2514 1742 2569 τοῦ
1768 2516 2086 2585 Θεολόγου,
2112 2515 2181 2569 ἐκ
2204 2515 2312 2569 τοῦ
2342 2512 2419 2587 (4)
2450 2515 2599 2583 πρὸς
2620 2516 3033 2585 ἁστρονόμους
3056 2519 3263 2588 λόγου.

480 2820 689 2888 Ὠσπερ
723 2818 771 2869 οἱ
808 2817 986 2887 ἰχθύες
1010 2817 1060 2869 οἱ
1096 2820 1153 2870 ὲν
1186 2819 1298 2879 τοῖς
1333 2814 1489 2869 ὕδασι
1531 2816 1730 2881 ζῶντες
1765 2817 1851 2870 διὰ
1882 2817 1988 2871 τῶν
2020 2824 2065 2881 Α
2092 2818 2211 2889 ἦτοι
2253 2822 2282 2873 6
2327 2819 2455 2891 χοῦς
2497 2822 2526 2873 6
2574 2820 2797 2889 ληφθεὶς
2851 2824 2980 2892 παρ’
3027 2821 3197 2893 αὐτῆς
3236 2823 3341 2876 ὑπὸ
3392 2823 3527 2877 Θεοῦ
3583 2826 3686 2880 ἀπ’

406 2914 466 2967 ὲν
504 2914 685 2983 μήτρᾳ
722 2908 1260 2979 συνεπικλυζομένων
1298 2908 1489 2979 χυμῶν
1532 2911 1626 2962 καὶ
1658 2909 1865 2963 ὑδάτων
1907 2912 1986 2974 είς

407 3004 700 3073 ζωογονίαν
738 3000 1218 3073 ψυχαγωγοῦνται,
1270 3000 1409 3070 μετὰ
1455 3001 1639 3070 μέντοι
1696 3000 1788 3053 τὸν
1828 3000 1986 3052 τόκον

405 3097 468 3149 οὐ
507 3096 626 3149 κατ’
668 3094 922 3164 ἐκπνοὴν,
967 3090 1101 3144 ἀλλά
1136 3091 1256 3143 κατ’
1284 3088 1539 3159 εἰσπνοὴν
1572 3090 1665 3141 καὶ
1712 3088 1985 3159 ἀναπνοὴν

405 3184 507 3254 τῆς
545 3182 690 3253 ζωῆς
734 3181 826 3235 τοῦ
862 3182 1020 3253 ἀέρος
1071 3182 1178 3233 πᾶν
1226 3178 1468 3250 ἔμψυχον
1512 3178 1774 3232 ἀπολαύει
1811 3179 1982 3244 ζῶον·

406 3277 503 3329 καὶ
537 3274 732 3344 δεσμὸς
767 3274 863 3345 μὲν
897 3274 995 3342 τῆς
1025 3272 1205 3342 ψυχῆς
1250 3275 1368 3325 ἐστι
1400 3272 1461 3324 τὸ
1490 3272 1669 3340 σῶμα,
1700 3271 1897 3341 δεσμὸς
1929 3271 1988 3323 δὲ

404 3365 499 3420 τοῦ
529 3365 780 3435 σώματός
818 3366 933 3417 ὲστι
966 3364 1027 3416 τὸ
1058 3358 1217 3433 αἷμα,
1257 3362 1458 3431 μᾶλλον
1485 3362 1540 3414 δὲ
1572 3364 1604 3433 ή
1632 3361 1724 3414 τοῦ
1757 3362 1988 3431 αἵματος

405 3462 766 3524 ἐνυπόστατος
795 3458 993 3531 θέρμη,
1020 3453 1088 3530 ἧς
1127 3456 1584 3527 ἀποψυχωμένης,
1613 3458 1641 3508 6
1673 3456 1773 3525 τῆς
1811 3455 1990 3526 ψυχῆς

406 3552 683 3623 χωρισμὸς
722 3553 787 3604 ὲκ
827 3550 921 3603 τοῦ
960 3549 1211 3621 σώματος
1256 3549 1484 3616 γίνεται,
1527 3547 1988 3618 ἀποπηγνυμένου

403 3646 499 3699 τοῦ
545 3646 793 3716 αἵματος.
822 3643 984 3697 Ὅθεν
1022 3643 1091 3695 τὰ
1136 3641 1362 3712 αὐθωρὰ
1416 3642 1511 3694 καὶ
1555 3640 1842 3711 αύθήμερα
1880 3638 1988 3691 τῶν

405 3740 708 3811 ἀνθρώπων
749 3737 920 3810 νεκρά
954 3735 1183 3807 σώματα
1215 3736 1647 3805 ἀνατεμνόμενα,
1695 3734 1856 3804 χολὴν
1891 3733 1988 3804 μὲν

406 3831 539 3895 ἴσως
576 3832 658 3884 ἐτι
699 3829 912 3901 ἔχουσιν
961 3828 1128 3894 ἔνδον,
1173 3827 1437 3891 ὡσαύτως
1488 3827 1583 3880 καὶ⁸
1628 3826 1846 3897 φλέγμα
1895 3827 1989 3880 καὶ

405 3926 600 3997 χυμὸν,
647 3918 786 3995 αἷμα
836 3921 893 3976 δὲ
942 3921 1226 3992 οὐδαμῶς·
1278 3922 1398 3973 κατ’
1451 3919 1688 3989 ἔλλειψιν
1730 3918 1860 3989 γάρ,
1912 3918 1988 3982 ὡς

403 4016 506 4089 ἤδη
541 4012 714 4082 εἷπον,
754 4014 850 4069 τοῦ
882 4012 1085 4085 θερμοῦ
1135 4013 1399 4085 στοιχείου
1438 4015 1467 4067 6
1514 4014 1612 4084 τῆς
1660 4012 1841 4083 ψυχῆς
1884 4030 1990 4084 χω-

406 4107 603 4179 ρισμὸς
634 4111 699 4161 ὲκ
728 4106 821 4160 τοῦ
863 4104 1112 4176 σώματος
1153 4105 1382 4173 γίνεται.
1432 4105 1542 4159 Καὶ
1588 4103 1779 4157 τούτου
1828 4104 1987 4174 χάριν

2093 2913 2289 2982 ἀρχῆς.
2325 2912 2415 2982 Τῷ
2439 2908 2532 2965 οὖν
2560 2912 2737 2984 καιρῷ
2770 2914 2868 2984 τῆς
2913 2916 3263 2979 ἀναστάσεως
3294 2914 3371 2980 ὡς
3396 2918 3462 2971 ἐκ
3505 2935 3691 2987 παραο

2095 3000 2277 3069 θηκῶν
2332 3018 2496 3054 τινων
2552 3002 2660 3054 τῶν
2718 3003 3024 3073 εἰρημένων
3071 3004 3166 3057 τοῦ
3213 3006 3419 3076 κόσμου
3470 3007 3685 3077 μερῶν.

2094 3093 2414 3146 ἀποδίδωσιν
2449 3093 2678 3146 ἕκαστον
2708 3097 2967 3164 στοιχεῖον
2997 3095 3133 3166 πρὸς
3163 3096 3253 3149 τὸν
3280 3096 3408 3166 χοῦν
3439 3099 3500 3149 τὸ
3523 3098 3683 3161 ῐδιον,

2095 3183 2189 3235 καὶ
2234 3182 2395 3236 πάλιν
2453 3183 2767 3235 συνίσταται
2820 3183 2881 3235 τὸ
2930 3184 3090 3253 σῶμα
3136 3185 3201 3237 ὲκ
3244 3187 3546 3255 τεσσάρων,
3584 3189 3687 3242 καὶ

2094 3277 2418 3347 προστρέχει
2450 3275 2597 3345 αὐτῷ
2629 3278 2661 3345 ή
2705 3275 2874 3346 ψυχὴ,
2905 3277 3003 3329 καὶ
3029 3275 3207 3342 οὕτως
3243 3278 3405 3331 πάλιν
3438 3279 3687 3350 ἀναμορ-

2095 3367 2287 3436 φοῦται
2328 3368 2357 3419 6
2397 3366 2703 3437 ἄνθρωπος.
2750 3367 3011 3437 Θελήσεις
3054 3368 3110 3420 δὲ
3142 3369 3217 3432 ὼς
3251 3371 3428 3423 πάντα
3467 3369 3686 3438 φιλολοο

2095 3455 2293 3524 γοῦντα
2326 3457 2420 3509 καὶ
2453 3455 2608 3508 τοῦτο
2633 3457 2690 3507 έν
2731 3456 2861 3509 εῖδει
2900 3457 3268 3528 ποιήσασθαι·
3305 3461 3449 3530 φημὶ
3476 3459 3541 3532 δὴ
3570 3461 3685 3513 τῶν

2094 3549 2181 3601 διὰ
2218 3548 2311 3601 τοῦ
2365 3547 2615 3619 σώματος
2658 3547 2947 3619 ἐνεργειῶν
2991 3548 3092 3618 τῆς
3132 3550 3310 3620 ψυχῆς
3354 3553 3575 3621 μνήμης
3620 3552 3685 3605 τέ

2096 3658 2239 3711 φημι
2288 3640 2383 3693 καὶ
2413 3639 2596 3707 λόγου,
2632 3638 2928 3709 ἐπιθυμίας
2973 3640 3068 3692 καὶ
3119 3640 3315 3710 θυμοῦ,
3347 3641 3582 3708 γέλωτος
3619 3659 3685 3696 τε

2097 3733 2188 3785 καὶ
2223 3731 2413 3800 πνοῆς,
2447 3730 2549 3784 ποῦ
2600 3731 2793 3794 ταῦτα,
2826 3732 2920 3785 καὶ
2968 3732 3058 3785 διὰ
3106 3732 3276 3785 ποίων
3325 3732 3685 3805 ἐνεργοῦνται

2100 3822 2301 3894 μορίων
2351 3823 2448 3891 (5).
2499 3823 2564 3874 Αἱ
2612 3822 2796 3892 μέντοι
2848 3823 2957 3894 γάρ
3009 3824 3215 3894 μνῆμαι
3251 3824 3343 3877 καὶ
3381 3827 3436 3877 αί
3470 3824 3686 3881 τούτων

2094 3914 2392 3986 διακρίσεις
2424 3913 2512 3966 διὰ
2542 3914 2635 3967 τοῦ
2670 3915 2973 3984 ἐγκεφάλου
3020 3915 3125 3969 ὑπὸ
3165 3916 3267 3984 τῆς
3299 3917 3479 3987 ψυχῆς
3521 3919 3684 3990 ἐνερο

2096 4010 2343 4076 γοῦνται·
2376 4009 2563 4078 διόπερ
2618 4007 2876 4071 πολλάκις
2917 4007 3058 4061 κατά
3091 4007 3332 4078 κεφαλῆς
3375 4025 3519 4072 τινες
3555 4028 3683 4063 και-

2099 4102 2218 4172 ρίαν
2250 4100 2460 4171 πληγὴν
2486 4099 2761 4163 λαϐόντες,
2786 4101 2886 4154 ούκ
2918 4100 3187 4154 ἀπέθανον
3220 4101 3318 4170 μὲν
3347 4103 3478 4171 παρ’
3507 4102 3679 4169 αύτά,

404 4191 474 4245 τά
501 4191 725 4245 πλεῖστα
749 4191 857 4245 τῶν
890 4189 1106 4262 βρεφῶν
1135 4190 1289 4245 νυκτὶ
1316 4189 1407 4244 καὶ
1450 4190 1744 4253 τίκτονται,
1774 4188 1986 4257 ἀποψυ-
2017 4191 2060 4249 Β
2088 4191 2347 4263 ἔκφρονες
2378 4192 2434 4245 δὲ
2473 4191 2568 4245 καὶ
2601 4192 2919 4246 ἀνούστατοι
2957 4191 3187 4259 γέγοναν
3209 4208 3226 4226 ο
3273 4191 3359 4244 διὰ
3389 4192 3549 4245 τοῦτο
3581 4212 3683 4264 με-

407 4283 661 4357 χωμένης
690 4284 790 4355 τῆς
818 4285 1034 4356 μήτρας
1063 4283 1158 4336 καλ⁹
1198 4282 1499 4351 ὲξωδούσης
1525 4281 1614 4335 διὰ
1655 4282 1754 4353 τῆς
1798 4298 1988 4334 νυκτε-

410 4377 563 4449 ρινῆς
592 4376 806 4447 ψύξεως
842 4377 904 4430 τὸ
948 4376 1178 4448 βρέφος·
1217 4375 1309 4428 τὸν
1354 4373 1515 4428 αὑτὸν
1560 4374 1624 4445 δὴ
1663 4374 1863 4445 τρόπον
1894 4373 1990 4425 καὶ

404 4468 477 4524 τὰ
510 4469 737 4523 πλεῖστα
774 4468 885 4522 τῶν
917 4468 1186 4539 σωμάτων
1217 4467 1375 4521 νυκτὶ
1413 4465 1759 4528 τελευτῶσιν,
1791 4464 1867 4528 ὡς
1895 4466 1990 4517 ἀν⁹

406 4560 800 4630 τιδιωκομένης
849 4561 948 4631 τῆς
990 4560 1200 4631 Θέρμης
1240 4560 1335 4612 τοῦ
1382 4559 1612 4630 αἵματος
1654 4560 1749 4612 καὶ
1797 4559 1860 4629 δη
1888 4598 1902 4610 .
1930 4595 1944 4609 .
1968 4596 1985 4611 .

406 4653 574 4725 ούσης
601 4654 709 4708 ὑπὸ
735 4652 940 4725 ψύχους
975 4653 1075 4724 τῆς
1115 4653 1326 4716 νυκτός.
1362 4654 1472 4707 Καὶ
1509 4647 1663 4716 οὗτος
1701 4652 1798 4721 μὲν
1837 4652 1866 4704 6
1900 4651 1989 4704 λό-

408 4764 506 4815 γος
531 4745 626 4800 τοῦ
657 4744 937 4818 χωρισμοῦ
964 4745 1071 4799 τῶν
1097 4745 1303 4815 ψυχῶν.
1343 4745 1663 4813 Ἀναγκαῖον
1692 4744 1750 4798 δέ
1796 4761 1855 4797 σε
1895 4744 1990 4797 καὶ

407 4841 502 4894 τὸν
532 4839 661 4894 ἴδιον
695 4837 805 4892 τῶν
847 4838 1125 4908 στοιχείων
1160 4836 1254 4889 τοῦ
1289 4836 1538 4907 σώματος
1566 4834 1842 4906 χωρισμὸν
1873 4835 1991 4887 ἐπί-

411 4929 661 4993 στασθαι,
686 4929 773 4983 ἵνα
804 4929 900 4983 καὶ
922 4926 1013 4981 τὸν
1035 4928 1135 4997 τῆς
1166 4927 1513 4990 ἀναστάσεως
1542 4928 1598 4979 ἐν
1634 4926 1834 4997 βεϐαίῳ
1858 4942 1991 4980 κατ-

410 5024 541 5097 έχῃς
586 5023 763 5092 λόγον.
810 5019 1323 5092 Ἀποχωριζομένης
1383 5019 1492 5088 γάρ
1552 5019 1651 5089 τῆς
1699 5017 1877 5088 ψυχῆς
1925 5018 1989 5070 ὲκ

406 5115 503 5171 τοῦ
534 5114 804 5187 σώματος,
832 5112 900 5166 τά
926 5112 1165 5183 τέσσαρα
1193 5112 1429 5182 στοιχεῖα
1469 5110 1526 5176 ἐξ
1556 5105 1630 5163 ὧν
1657 5108 1984 5179 συνῆλθον...

414 5225 531 5280 μων
577 5209 635 5261 ὲν
667 5208 850 5269 αὐτοῖς
885 5207 979 5260 καὶ
1032 5204 1431 5276 ἀποφέρονται,
1466 5205 1523 5255 ὲν
1577 5202 1675 5273 μὲν
1726 5201 1805 5272 τῷ
1856 5200 1989 5272 πυρὶ

405 5299 472 5354 τὸ
498 5298 700 5372 θερμὸν
727 5296 822 5352 τοῦ
855 5298 1084 5369 αἵματος
1109 5297 1186 5360 ὡς
1207 5297 1288 5359 εἰς
1326 5295 1460 5349 ἰδίαν
1489 5293 1985 5366 παρακαταθήκην,

410 5393 474 5447 ὲν
497 5392 555 5445 δὲ
588 5390 667 5461 τῷ
710 5390 864 5443 ὕδατι
892 5391 953 5444 τὸ
981 5389 1166 5463 ὑγρὸν,
1201 5392 1258 5444 ἐν
1291 5389 1348 5443 δὲ
1378 5388 1457 5459 τῷ
1485 5388 1607 5459 ἀέρι
1636 5388 1697 5441 τὸ
1735 5386 1943 5459 ψυχρόν
1965 5404 1979 5420 ο

409 5481 597 5538 λοιπὸν
628 5452 686 5534 έν
716 5485 782 5553 τῇ
817 5484 909 5554 γῇ,
937 5452 1160 5554 ητόίτῷ
1199 5481 1377 5552 τάφῳ,
1407 5452 1668 5550 ἀπομένει
1701 5452 1763 5532 τό
1798 5452 1980 5550 ξηρὸν,
2009 5452 2053 5509 C

485 5593 562 5661 ('5)
585 5590 715 5662 Hoc
760 5592 1120 5662 fragmentum
1151 5592 1305 5662 Vettidi
1334 5606 1401 5645 ex
1455 5590 1577 5643 cod.
1610 5589 1976 5661 ,Typograph.

413 5659 701 5734 Synodqlis
731 5665 784 5716 in
820 5659 912 5718 [61.
938 5659 1256 5734 num7.AX|l_l.

461 5729 567 5807 ζμ)
602 5730 860 5790 Servatur
902 5736 953 5789 in
1009 5732 1349 5790 bibliothecis
1393 5729 1802 5802 Mosqucnsibus
1860 5744 1975 5785 ma-

2091 4284 2332 4354 τάφρενα
2373 4283 2440 4337 τὰ
2478 4284 2700 4337 ὄπισθεν
2744 4283 2845 4352 τῆς
2894 4282 3137 4354 κεφαλῆς
3186 4281 3457 4351 λέγονται.
3506 4284 3551 4335 Τ
3553 4284 3582 4336 ὸ
3622 4285 3683 4338 δὲ

2090 4375 2394 4443 λογιστικὸν
2423 4376 2513 4429 διὰ
2552 4379 2651 4447 τῆς
2681 4376 2907 4447 καρδίας
2954 4377 3170 4445 ἐνεργεῖ
3220 4375 3253 4445 ἡ
3295 4375 3463 4447 ψυχή.
3498 4377 3575 4431 Τδ
3622 4379 3683 4433 δε

2092 4469 2520 4521 ἀναπνευστικὸν
2560 4468 2649 4521 διὰ
2692 4468 2788 4520 τοῦ
2840 4467 3175 4538 πνεύμονος’
3226 4467 3286 4520 τὸ
3340 4468 3398 4520 δὲ
3442 4468 3683 4539 θυμικὸν
3718 4451 3725 4458 ”

2089 4557 2177 4611 διὰ
2222 4559 2316 4611 τοῦ
2366 4560 2624 4630 αἴματος’
2666 4558 2788 4612 ὅθεν
2841 4559 2987 4611 ἔστιν
3047 4558 3251 4612 ἰδέσθαι
3306 4560 3570 4625 πολλάκις
3620 4563 3682 4613 ὲν

2089 4654 2202 4715 τοῖς
2244 4650 2602 4722 θυμουμένοις
2631 4652 2774 4706 κατά
2812 4650 2912 4722 τὴν
2945 4651 3096 4723 ῶραν
3127 4651 3222 4704 τοῦ
3269 4651 3463 4723 θυμοῦ,
3514 4652 3682 4723 ὕφαι-

2094 4761 2193 4814 μον
2234 4743 2329 4798 καὶ
2362 4744 2805 4814 πυρακτούμενον
2838 4743 2899 4796 τὸ
2939 4739 3081 4805 εἶδος
3111 4743 3312 4795 αὐτῶν.
3348 4743 3424 4796 Τὸ
3450 4743 3509 4797 δὲ
3556 4746 3682 4798 ὲπι-

2092 4834 2452 4905 θυμητικὸνὴ
2500 4835 2647 4906 ψυχὴ
2702 4835 2792 4889 διὰ
2836 4834 2932 4887 τοῦ
2992 4836 3203 4906 ἥπατος
3262 4836 3504 4906 ὲνεργεῖ’
3556 4836 3683 4890 ὅθεν

2090 4926 2184 4981 τοῦ
2217 4927 2426 4997 ἥπατος
2468 4927 2796 4997 ψυχομένου,
2828 4926 3158 4990 δυσπευσίας
3198 4927 3400 4990 εὐθέως
3429 4944 3682 5000 παρακο-

2089 5017 2405 5088 λουθούσης,
2435 5020 2719 5088 ἀνορεκτεῖ
2745 5021 2773 5072 6
2806 5018 3094 5090 ἄνθρωπος
3126 5020 3256 5089 περὶ
3279 5018 3378 5082 τὰς
3421 5018 3678 5090 βρώσεις.

2104 5108 2425 5179 Ἐπίστησον
2476 5109 2583 5181 γὰρ
2621 5111 2696 5173 ὡς
2751 5111 2929 5164 πάντα
2980 5110 3049 5163 τὰ
3095 5109 3251 5179 λίχνα
3304 5105 3422 5173 ζῶα
3472 5111 3686 5167 τέλειον

2090 5201 2297 5270 ἥπατος
2346 5199 2593 5271 ἔχουσιν*
2650 5194 2762 5253 οἷον
2827 5201 3066 5269 γίνονται
3121 5202 3295 5270 χοῖροι
3342 5202 3437 5254 καὶ
3489 5218 3687 5275 στρου-

2090 5292 2282 5355 θίονες.
2331 5292 2520 5364 Γνώσῃ
2569 5293 2626 5345 δὲ
2676 5292 2837 5346 πάλιν
2897 5292 2959 5345 τὸ
3025 5291 3392 5361 μειδιαστικὸν
3446 5293 3536 5347 διὰ
3586 5292 3686 5350 τοῦ

2092 5384 2325 5456 σπληνὸς
2364 5386 2604 5456 ἐνεργεῖν
2633 5384 2733 5456 τὴν
2765 5383 2944 5453 ψυχὴν
2970 5382 3354 5448 δυσεπιθύμως
3382 5384 3521 5456 πρὸς
3555 5385 3685 5448 τοὺς

2086 5476 2330 5551 γέλωτας
2369 5478 2582 5549 ἔχουσι⁶
2619 5478 2714 5530 καὶ
2749 5479 2799 5531 οἰ
2838 5477 3098 5541 πολλάκις
3131 5476 3236 5530 ὑπὸ
3267 5477 3535 5532 πλειόνων
3585 5494 3683 5547 γε-

2088 5604 2190 5659 gna
2238 5589 2393 5658 copia
2440 5588 2595 5644 ροιΙιΙ.
2634 5586 2880 5658 Gregorii
2918 5588 3273 5645 Nazianzeni.
3312 5585 3371 5641 In
3414 5587 3562 5645 nullo
3601 5598 3680 5644 ta-

2090 5674 2212 5713 men
2252 5660 2410 5726 hujus
2442 5660 2704 5713 orationis
2741 5664 2799 5713 lit
2832 5660 3056 5713 mentio.

2158 5730 2235 5800 (5)
2276 5730 2353 5783 ΑιΙ
2390 5744 2581 5799 inarg.,
2613 5728 2780 5800 μόρια,
2820 5729 3047 5798 λέγοντα
3086 5728 3155 5783 τὰ
3187 5729 3347 5801 μέλη.
