3898 6222
236 241 350 298 677

1308 231 1637 289 LITURGIA
1679 230 1738 286 S.
1781 226 2111 285 GREGORII
2152 227 2472 285 COP'I'ICA.

3403 233 3511 292 678

235 358 460 413 λώντων
491 354 942 427 κατασυρόμενοι,
971 350 1357 424 σπληνίζεσθαί
1392 370 1543 422 φασι.
1576 352 1833 422 Θελήσεις
1864 357 1905 410 Λ
1935 348 2150 419 ἄστρων
2194 348 2552 419 ἀστρολογίαν
2608 347 3027 421 μυθευσάμενοι,
3071 350 3171 422 τήν
3224 367 3285 404 τε
3327 350 3405 423 (8)
3433 351 3512 405 εί-

237 451 298 505 δὲ
330 449 547 511 πάντως
584 446 677 500 καί⁸
711 446 840 518 περὶ
873 445 1262 517 σπερμογόνων
1289 447 1429 498 νοεῖν
1473 445 1540 497 δι’
1570 445 1696 498 οῖων
1732 444 1827 497 καὶ

239 541 409 596 πόθεν
443 539 657 613 πρόεισι
689 538 914 610 μορίων,
950 537 1145 600 οἵτινές
1184 538 1322 589 εἰσιν
1359 537 1409 589 οἱ
1439 536 1661 607 νεφροί·
1706 536 1827 589 ὅθεν

239 633 341 686 καὶ
375 633 426 685 οἱ
471 631 601 702 περὶ
636 630 705 684 τὰ
751 629 976 683 τοιαῦτα
1015 628 1177 681 δεινο)⁸
1219 627 1465 696 φιλοῦσιν
1495 629 1669 681 εἰπεῖν
1700 629 1828 692 τοὺς

242 727 367 780 λίαν
418 725 549 796 περὶ
595 723 696 787 τὰς
750 722 1033 785 συνουσίας
1086 721 1320 790 ἀφειδῶς
1368 720 1590 791 ἔχοντας
1653 737 1827 774 κατα-

244 814 596 886 κάμπτεσθαι
630 815 697 884 τῇ
754 811 912 883 ὀδύνῃ
965 810 1075 864 τῶν
1129 810 1363 881 νεφρῶν.
1418 810 1685 879 Μέντοιγε
1738 807 1828 863 οὖν

244 902 668 975 πεφιλολογότας
703 900 901 954 εἰδέναι
948 899 1055 972 χρὴ
1101 899 1164 952 τὸ
1203 902 1318 963 τοῖς
1352 898 1566 962 πολλοῖς
1612 898 1826 970 ἄδηλον,

243 998 323 1061 ὡς
356 995 505 1068 ψυχὴ
534 996 910 1066 ἀπορραγεῖσα
941 995 1005 1047 ὲκ
1047 990 1141 1046 τοῦ
1183 992 1435 1062 σώματος
1462 991 1559 1046 καὶ
1585 992 1692 1044 τῶν
1734 989 1828 1044 τοῦ

246 1086 500 1158 σώματος
545 1084 1016 1157 ὰπηριϐμημένων
1064 1085 1288 1156 μορίων,
1339 1084 1433 1136 καὶ
1482 1085 1663 1155 γυμνὴ
1706 1079 1827 1137 καθ’

243 1177 446 1249 ἑαυτὴν
493 1180 549 1230 ὲν
601 1175 840 1247 ἁσαρκίᾳ
889 1176 985 1228 καὶ
1030 1176 1137 1229 ἀσ.
1165 1216 1180 1230 .
1209 1218 1222 1230 .
1274 1176 1447 1247 μασίξι
1492 1171 1653 1238 οὖσα,
1706 1173 1830 1228 οὔτε

248 1271 527 1343 μέμνηται
565 1268 769 1331 λοιπὸν,
818 1265 944 1322 οὔτε
983 1270 1223 1339 γεωργεῖ
1259 1267 1442 1331 καθῶς
1496 1269 1765 1339 μαρτυρεῖ
1801 1270 1830 1320 ὁ

244 1359 454 1425 εἰπὼν,
520 1362 603 1414 ὅτι
653 1360 750 1412 Ἑν
806 1359 1011 1428 ἐκείνῃ
1072 1359 1148 1429 τῇ
1205 1359 1399 1429 ἡμέρᾳ
1461 1360 1831 1414 ἀπολοῦνται

245 1450 476 1516 πάντες
522 1452 578 1503 οὶ
608 1448 853 1518 ὃιαλογ.
883 1488 898 1502 .
923 1489 935 1503 .
977 1449 1155 1519 (forte
1192 1449 1553 1521 διαλογισμοὶ)
1620 1451 1826 1506 αὐτοῦ.

245 1544 515 1615 Ζητήσεις
565 1541 646 1607 δὲ,
678 1542 830 1610 σοφὲ,
862 1540 1004 1595 κατά
1036 1541 1130 1594 τὸν
1172 1541 1335 1595 τόπον
1374 1543 1663 1613 γενόμενος
1709 1545 1826 1596 ὲπι-

251 1632 433 1703 μελῶς
484 1633 575 1686 τὸν
631 1632 797 1703 περὶ.
825 1672 840 1686 .
868 1672 881 1685 .
927 1635 1029 1705 χῆς
1077 1630 1238 1700 (forte
1282 1632 1481 1703 ψυχῆς)
1529 1633 1705 1703 λόγον.
1758 1634 1830 1686 Τὸ

1937 439 2222 510 μαρμένην
2259 438 2445 503 δεινῶς
2495 440 2944 510 δογματίσαντες,
2980 443 3046 513 τῇ
3094 442 3358 514 διοικήσει
3402 442 3517 498 τῶν

1934 531 2169 603 ἄστρων,
2222 532 2318 586 καὶ
2392 532 2453 584 οὐ
2509 531 2628 602 Θεῷ
2680 531 2765 602 (9)
2800 533 3030 603 πάμπαν
3078 532 3147 587 τὰ
3197 533 3319 588 καθ’
3366 535 3516 607 ἡμᾶς

1933 622 2270 687 οἰακίζεσθαι
2316 622 2503 688 δεινῶς
2544 624 2929 695 ὲδογμάτισαν.
2977 626 3038 679 Οἱ
3076 625 3133 679 δὲ
3179 625 3280 690 τὰς
3320 627 3516 681 εὐσυν-

1934 716 2088 778 έτους
2120 714 2214 767 καὶ
2252 713 2566 778 θεοσδότους
2612 716 3053 786 ἐπιστημονικῶς
3118 718 3517 781 καταλαϐόντες

1936 810 2228 882 ποιότητάς
2269 826 2327 863 τε
2361 810 2455 862 καὶ
2504 810 2725 881 ἀληθεῖς
2776 810 3055 873 οὐσιώδεις
3104 811 3233 881 περὶ
3271 811 3373 877 τῆς
3424 813 3519 864 ἀν-

1936 903 2154 974 θρώπου
2188 903 2423 973 φυσικῆς
2448 901 2750 973 πραότητός
2783 920 2842 955 τε
2878 903 2972 955 καὶ
3007 901 3285 973 ὀξύτητος,
3317 904 3518 958 ἁπαλό-

1935 993 2095 1065 τητός
2127 1010 2187 1045 τε
2215 993 2310 1047 καὶ
2364 992 2688 1061 δεινότητος,
2746 991 3102 1063 σωφροσύνης
3127 994 3186 1045 τέ
3236 1010 3378 1063 φημι
3420 993 3519 1047 καὶ

1935 1085 2230 1149 ἀκολασίας
2293 1084 2387 1137 καὶ
2443 1082 2551 1137 τῶν
2624 1082 2880 1136 τοιούτων
2954 1084 3211 1138 ἀπάντων
3268 1086 3516 1155 φυσικῶν

1936 1175 2444 1247 πλεονεκτημάτων,
2499 1175 2745 1243 εὐσόφως
2793 1175 3003 1245 ἔφησαν
3050 1175 3252 1240 οὕτως·
3299 1178 3373 1241 ῶς
3416 1179 3517 1232 οὐκ

1936 1268 2028 1338 ἀφ’
2063 1267 2180 1331 ἑνὸς
2222 1266 2316 1320 καὶ
2365 1266 2527 1337 μόνου
2577 1266 2780 1336 τρόπου
2830 1268 2886 1320 αἱ
2936 1267 3180 1322 τοιαῦται
3229 1271 3296 1340 τῇ
3355 1270 3517 1337 φύσει

1937 1358 2162 1430 φυσικαὶ
2198 1358 2631 1426 συνεπιγίνονται
2661 1358 2756 1411 καὶ
2789 1358 3267 1413 συναποτίκτονται
3301 1360 3516 1432 γνῶμαι

1935 1449 2030 1502 καὶ
2072 1448 2456 1512 καταστάσεις,
2484 1448 2619 1502 ἀλλὰ
2672 1450 2767 1502 καὶ
2793 1450 2900 1504 ἀπὸ
2937 1450 3198 1523 δευτέρας
3240 1453 3382 1517 τινος
3422 1454 3517 1507 καὶ

1935 1540 2123 1611 τρίτης
2171 1540 2266 1593 καὶ
2308 1541 2573 1611 τετάρτης
2620 1540 2715 1593 καὶ
2759 1541 3016 1614 πέμπτης
3060 1543 3155 1598 καὶ
3210 1543 3376 1614 ἕκτης
3423 1545 3520 1598 καὶ

1938 1632 2171 1703 ἑϐδόμης
2189 1633 2368 1696 αἰτίας
2386 1649 2400 1663 ’
2428 1633 2521 1686 καὶ
2547 1632 2760 1703 πρῶτον
2795 1636 2892 1705 μὲν
2916 1637 3023 1689 ἀπὸ
3045 1637 3269 1707 γονικῆς
3290 1637 3398 1691 τῶν
3418 1656 3521 1693 πα-

244 1725 343 1779 διά
392 1724 548 1779 τοῦτο
600 1724 680 1797 (6)
734 1725 825 1778 καὶ
884 1728 997 1788 τοῖς
1052 1724 1266 1789 πολλοῖς
1313 1724 1554 1796 ἄληπτον
1600 1726 1734 1797 ὁμοῦ
1782 1744 1839 1780 τε
1870 1718 1913 1773 Β
1940 1724 2115 1795 τέρων
2161 1723 2514 1795 ὁμοιότητος,
2549 1723 2799 1796 δεύτερον
2834 1727 2897 1778 ἐκ
2947 1726 3050 1797 τῆς
3099 1728 3363 1799 διαφορᾶς
3410 1730 3521 1785 τῶν

250 1816 348 1870 καί
396 1815 585 1869 ἄλυτον
607 1852 623 1868 .
646 1853 662 1868 .
690 1854 704 1867 .
744 1831 803 1866 τε
846 1814 939 1866 καὶ
989 1812 1107 1874 πῶς
1140 1812 1286 1884 ψυχὴ
1338 1813 1628 1883 ἀσώματος
1670 1813 1832 1884 χωρί-

250 1908 405 1972 ζεται
434 1906 524 1958 τοῦ
569 1903 839 1975 σώματος,
870 1905 965 1957 καὶ
1003 1904 1061 1956 ἐν
1098 1902 1175 1974 τῷ
1207 1903 1306 1973 τῆς
1350 1902 1531 1973 ψυχῆς
1567 1901 1832 1973 χωρισμῷ

251 1998 483 2061 θάνατος
509 1998 569 2051 οὐ
611 1997 849 2065 γίνεται·
893 1990 974 2059 εἷς
1014 1995 1124 2066 γάρ
1159 1996 1275 2048 ἐστι
1315 1996 1409 2049 καὶ
1456 1996 1616 2065 μόνος
1655 1995 1832 2065 ψυχῆς

249 2089 532 2162 χωρισμὸς
571 2088 677 2141 ἀπὸ
714 2085 984 2157 σώματος.
1026 2085 1351 2157 Ἐπίστησον
1396 2086 1453 2139 δὲ
1506 2085 1644 2156 μετὰ
1696 2087 1834 2140 πάν-

249 2197 363 2234 των
408 2178 594 2233 τοῦτο’
628 2177 791 2232 πόθεν
835 2178 930 2231 καὶ
972 2178 1118 2242 τίνος
1149 2178 1310 2249 χάριν
1341 2178 1390 2230 οἱ
1441 2178 1540 2249 μὲν
1585 2177 1694 2229 τῶν
1744 2178 1837 2230 ἀν-

252 2272 490 2346 θρώπων
534 2272 799 2341 φυσικῶς,
842 2272 935 2324 καὶ
980 2272 1079 2324 οὐκ
1122 2270 1186 2323 ἐκ
1235 2287 1383 2334 τινος
1423 2270 1730 2340 ἀσκήσεως,
1778 2267 1836 2335 ἐξ

254 2365 428 2435 αὐτῆς
460 2364 559 2434 τῆς
608 2366 808 2435 νεαρᾶς
856 2361 1037 2416 αὐτῶν
1079 2362 1406 2433 νηπιότητος
1439 2362 1488 2413 οἱ
1536 2359 1634 2430 μὲν
1674 2358 1834 2424 ὀξεῖς,

252 2459 305 2510 οἱ
343 2456 401 2510 δὲ
449 2459 665 2528 πραεῖς,
693 2459 744 2510 οἱ
787 2457 845 2510 δὲ
882 2454 1177 2526 φιλήδονοι,
1210 2454 1303 2508 καὶ
1347 2453 1495 2506 ἄλλοι
1538 2451 1834 2523 σώφρονες,

255 2550 355 2604 καὶ
387 2548 535 2602 ἄλλοι
567 2550 781 2619 ἥσυχοι,
815 2548 992 2619 ἕτεροι
1029 2547 1085 2599 δὲ
1120 2545 1486 2617 ταραχώδεις·
1521 2546 1616 2597 καὶ
1659 2546 1707 2596 οἱ
1743 2545 1838 2614 μὲν

257 2642 537 2712 φρόνιμοι,
567 2642 615 2694 οἱ
653 2640 711 2693 δὲ
740 2640 1136 2711 ἀκεραιότεροι,
1161 2638 1257 2691 καὶ
1282 2638 1331 2690 οἱ
1365 2638 1462 2708 μὲν
1490 2636 1671 2699 δόλιοι,
1699 2636 1748 2688 οἱ
1782 2635 1838 2688 δὲ

254 2734 512 2805 ἄφρονες,
536 2733 631 2786 καὶ
658 2728 791 2786 ἄλλα
823 2731 1047 2784 πλεῖστα
1081 2728 1339 2799 Ἕλληνες
1388 2727 1487 2796 (7).
1532 2725 1838 2793 Φιλοσόφων

1939 1815 2219 1887 στοιχείων
2245 1816 2514 1887 ἡμερινῆς
2555 1816 2648 1869 καὶ
2679 1818 2996 1889 νυκτερινῆς
3039 1821 3325 1890 κινήσεως.
3346 1822 3521 1877 Γνῶθι

1938 1905 2066 1976 γὰρ,
2098 1899 2143 1957 ὦ
2176 1904 2457 1973 φιλόσοφε,
2489 1905 2563 1968 ὼς
2598 1907 2747 1975 τρεῖς
2786 1907 3028 1978 κινήσεις
3065 1909 3130 1961 ὲκ
3150 1908 3272 1966 ,τῶν
3303 1911 3524 1982 διαστη-

1943 2000 2127 2069 μᾶτων
2160 1996 2268 2049 τῶν
2301 1997 2467 2068 τριῶν
2500 1999 2658 2070 ὡρῶν
2684 2003 2797 2063 τοῖς
2837 2001 3121 2071 στοιχείοις
3152 2004 3516 2077 ὑπάρχουσιν·

1940 2088 2049 2141 ἀπὸ
2081 2089 2176 2159 μὲν
2212 2087 2436 2159 πρώτης
2475 2087 2624 2160 ὥρας
2663 2092 2927 2161 ἡμερινῆς
2952 2092 3078 2163 ἄχρι
3119 2094 3308 2166 τρίτης
3345 2113 3525 2149 κινου-

1941 2180 2110 2251 μένης
2159 2181 2258 2251 τῆς
2316 2179 2498 2252 χολῆς,
2543 2181 2620 2246 ὡς
2669 2183 3006 2255 μαρτυροῦσι
3050 2186 3310 2252 πολλάκις
3356 2189 3527 2243 ἕωθεν

1938 2271 2204 2343 ὀφθαλμοί
2248 2289 2408 2324 τινων
2433 2314 2446 2328 .
2475 2314 2487 2326 .
2511 2312 2524 2326 .
2555 2315 2566 2328 .
2596 2313 2609 2327 .
2655 2273 2898 2346 δέστεροι
2947 2277 3247 2348 ὁρώμενοιο
3308 2280 3416 2334 ἀπὸ
3465 2282 3524 2335 δὲ

1939 2364 2132 2435 τρίτης
2174 2364 2279 2428 ἕως
2322 2364 2488 2434 ἕκτης
2544 2365 2640 2418 σὺν
2688 2368 2755 2435 τῇ
2808 2366 2987 2440 θέρμῃ
3030 2369 3125 2422 τοῦ
3162 2370 3312 2441 ἡλίου
3339 2412 3352 2425 .
3383 2414 3396 2427 .
3423 2413 3437 2427 .
3465 2412 3478 2426 .
3506 2413 3521 2426 .

1940 2458 2171 2528 αἵματος
2207 2458 2448 2528 κινήσεις
2480 2458 2574 2511 καὶ
2621 2458 2928 2525 ἀναζέσεις,
2979 2461 3232 2533 ὀξύτεραι
3290 2466 3381 2519 καὶ
3431 2484 3524 2520 πι-

1938 2548 2194 2619 κρότεραι
2221 2588 2234 2602 .
2262 2589 2276 2602 .
2307 2585 2361 2603 ..
2390 2587 2405 2602 .
2451 2548 2637 2618 ότεραι
2691 2548 2749 2602 δὲ
2818 2549 2955 2620 μετά
3022 2551 3254 2623 βρῶσιν·
3303 2555 3412 2608 ἀπὸ
3467 2557 3526 2611 δὲ

1934 2636 2100 2709 ἕκτης
2132 2638 2281 2711 ὧρας
2326 2639 2432 2701 ἕως
2485 2639 2715 2709 ἐνάτης,
2765 2640 2955 2695 εἴωθεν
3006 2645 3040 2714 ἡ
3092 2644 3305 2699 τοῦ...
3358 2664 3528 2717 ματος

1946 2731 2160 2802 κίνησις
2184 2731 2450 2800 γίνεσθαι,
2485 2732 2578 2785 καὶ
2613 2731 2756 2785 οὕτω
2788 2732 2973 2788 λοιπὸν
3003 2736 3035 2805 ἡ
3074 2734 3167 2789 τοῦ
3214 2736 3389 2809 χυμοῦ
3420 2738 3526 2804 ἕως

255 2824 576 2880 ἀπαίδευτοι
626 2823 677 2876 οἱ
736 2822 837 2894 τὴν
887 2819 1325 2892 πολυθρύλλητον
1380 2818 1488 2871 τῶν
1550 2814 1840 2890 μετεώρων
1869 2817 1911 2874 C
1945 2821 2202 2892 ἑσπέρας.

332 2939 408 3005 (6)
446 2938 609 2992 Forte
634 2937 695 2990 τὸ
724 2935 788 3007 δὴ
821 2934 995 2989 τοῦτο.

333 3010 409 3082 (7)
451 3010 543 3063 Sic
572 3009 757 3062 omnia
798 3011 849 3060 in
885 3007 1003 3059 cod.

260 3154 1774 3187 mw

2020 2931 2096 3074 E8)
2140 2932 2193 2985 In
2238 2950 2429 3001 marg.,
2457 2934 2651 3003 τύχην.

2042 3003 2096 3071 9)
2138 3005 2230 3057 Sic
2266 3008 2383 3057 cod.

2042 3003 2096 3071 9)
2138 3005 2230 3057 Sic
2266 3008 2383 3057 cod.

2466 3159 2559 3167 ...-
2585 3159 3496 3191 *φῇ-*Ἥ

772 3328 1550 3464 LITURGIA
1609 3325 2177 3458 SANCTI
2240 3330 3009 3462 GREGORII

1459 3572 1556 3631 EX
1584 3571 1892 3633 COPTICO
1920 3572 2338 3635 CONVERSA.

292 3740 639 3812 (Rixauno'r,
658 3735 1021 3808 Limrgiarum
1052 3735 1405 3790 Orientalium
1436 3733 1701 3798 collectio,
1728 3733 1815 3789 ed.

1942 3733 2100 3799 unda,
2130 3735 2473 3792 Francofurti
2502 3740 2567 3795 ad
2604 3740 2838 3795 lllmnum
2863 3782 2879 3808 ,
2907 3742 3065 3811 1847,
3091 3739 3234 3807 in-4,
3262 3752 3391 3800 tom.
3427 3745 3496 3816 Ι.)

334 4021 620 4079 Communi
649 4021 984 4093 Coptitarum
1005 4022 1299 4078 tradilione
1330 4024 1443 4077 Itazc
1474 4022 1715 4093 Liturgia
1742 4022 2031 4077 ascribitur
2055 4018 2326 4093 Gregorio
2347 4017 2619 4089 Theologo
2650 4019 2702 4073 in
2742 4019 3081 4093 Egyptiacis
3105 4020 3354 4093 omnibus
3387 4021 3536 4078 codi-

263 4093 419 4150 cibus
451 4103 506 4149 et
530 4094 691 4146 etiam
729 4089 784 4147 in
815 4094 1004 4149 Grazco
1047 4093 1392 4147 Bibliotheca:
1434 4089 1654 4162 ltegiaa}
1691 4103 1853 4161 atque
1875 4089 2401 4162 etianneonomine
2433 4098 2742 4162 recensetur
2770 4108 2799 4162 a
2821 4089 3097 4162 theologis
3135 4100 3186 4146 et
3216 4092 3413 4145 rituum
3447 4094 3535 4145 in-

270 4164 618 4232 terpretibus,
646 4173 715 4233 ut
744 4164 796 4217 in
826 4162 1301 4217 Constitutiom'bus
1328 4158 1596 4233 synodica
1624 4158 1896 4233 Gabrielis
1920 4162 2012 4215 lilii
2043 4160 2228 4233 Tarii},
2262 4158 2407 4233 lixa;
2428 4161 2746 4233 patriarchae
2770 4158 3142 4233 Alexandrini,
3175 4162 3403 4215 articulo
3426 4162 3531 4233 26;

263 4228 520 4288 Abuseba
553 4233 605 4288 in
631 4231 867 4288 Scientia
911 4233 1288 4300 ecclesiastica,
1313 4228 1435 4303 cap.
1459 4232 1565 4298 85;
1598 4232 1936 4296 Abulbircat,
1991 4247 2110 4301 cap.
2134 4230 2242 4297 29;
2272 4229 2573 4285 Ebuassalo
2614 4228 2948 4285 Collectionis
3000 4247 3262 4285 canonum
3288 4247 3408 4303 cap.
3447 4232 3532 4297 l2,

263 4315 324 4359 et
344 4303 483 4358 aliis.

816 4536 999 4594 Oratio
1035 4535 1136 4592 veli
1162 4535 1207 4608 (l
1220 4536 1263 4607 ).

340 4632 599 4690 Sacerdos
640 4637 854 4684 secreto.
907 4628 1136 4684 Domine
1176 4628 1315 4683 Deus
1352 4627 1713 4698 omnipotens,
1751 4628 1846 4699 qui

1879 4543 1926 4598 D
1954 4535 2183 4591 Puritica
2206 4550 2291 4591 me
2308 4533 2565 4605 perfecte,
2594 4547 2662 4587 ne
2687 4548 2809 4589 cum
2836 4535 3132 4590 bonitatem
3165 4546 3309 4592 tuam
3343 4540 3535 4611 depre-

1954 4629 2142 4691 cabor,
2190 4636 2246 4681 ut
2290 4624 2552 4680 concedas
2596 4626 2809 4679 veniam
2869 4636 3214 4694 peccatorum
3258 4630 3401 4696 aliis,
3435 4646 3537 4700 ego

266 4725 413 4782 nosti
460 4722 821 4794 cogitationes
860 4720 1164 4783 hominum,
1212 4728 1485 4775 scrutator
1514 4720 1757 4775 cordium
1794 4729 1850 4775 et
1955 4719 2217 4787 reprobus
2281 4715 2503 4770 etiiciar.
2548 4714 2646 4783 Ita,
2699 4714 2943 4783 Domine,
3008 4732 3114 4772 non
3173 4722 3403 4791 repellas
3450 4737 3538 4780 me

267 4830 501 4872 renum:
537 4813 629 4883 qui
663 4827 749 4867 me
783 4812 1057 4882 indignum
1109 4812 1308 4866 vocasti
1357 4813 1425 4865 ad
1470 4811 1571 4865 hoc
1604 4810 1847 4866 ministe-

1958 4819 2208 4866 mwstum
2242 4819 2296 4865 et
2333 4808 2614 4863 confusum
2658 4827 2671 4863 :
2705 4812 2798 4863 sed
2843 4809 2997 4862 mitte
3045 4824 3207 4879 super
3251 4826 3335 4888 me
3367 4811 3536 4884 Spiri-

268 4908 414 4961 rium
454 4914 697 4960 sanctum
728 4912 879 4958 tuum
909 4917 925 4956 :
953 4918 1022 4958 ne
1046 4917 1133 4959 me
1182 4901 1417 4972 rejicias,
1451 4911 1507 4956 et
1536 4916 1604 4957 ne
1636 4911 1851 4957 avertas
1960 4912 2072 4956 tum
2104 4911 2348 4957 sanctum
2379 4910 2527 4955 tuum
2547 4940 2564 4967 ,
2591 4907 2648 4954 et
2684 4899 2767 4955 l'ac
2811 4914 2898 4955 me
2940 4901 3158 4971 dignum
3203 4911 3259 4956 ut
3285 4906 3533 4960 assistam

269 4997 470 5053 faciem
499 5005 646 5049 tuam
673 5008 705 5047 a
736 5008 858 5060 me;
888 4993 979 5048 sed
1004 4992 1122 5047 dele
1154 4991 1335 5046 omnia
1364 4988 1558 5045 delicta
1588 5004 1706 5043 mea
1741 5007 1755 5044 :
1793 4998 1850 5044 et

270 5091 432 5148 ablue
458 5086 647 5144 sordes
674 5086 915 5156 corporis
939 5084 1064 5147 mei,
1109 5094 1166 5138 et
1193 5082 1434 5139 maculas
1467 5083 1660 5136 animae
1689 5096 1822 5136 mere

344 5251 433 5324 (l),
461 5249 574 5307 Τοῦ
612 5249 1146 5324 καταπετάσματος
1164 5245 1215 5324 i_n
1237 5244 1502 5324 Graecaet
1524 5246 1576 5300 in
1601 5243 1724 5324 aliis
1739 5243 1847 5299 Li-

270 5315 468 5391 turgiis
495 5339 509 5374 :
555 5338 744 5391 nempe
783 5322 906 5388 quia
938 5315 1042 5373 non
1075 5323 1142 5372 ad
1175 5318 1348 5391 ipsum
1387 5315 1559 5391 altare
1584 5356 1600 5380 ,
1631 5316 1725 5391 sed
1757 5330 1819 5369 so

272 5386 552 5446 lunimodo
588 5392 640 5445 in
674 5386 1016 5455 sanctuario,
1054 5404 1147 5444 seu
1192 5386 1409 5441 bemate
1454 5387 1654 5440 dicitur
1694 5386 1834 5438 intra

270 5462 491 5526 velum,
520 5476 627 5530 quo
670 5461 961 5530 secundum
1007 5456 1449 5530 ritum_Gra-cum
1492 5465 1547 5530 et
1602 5455 1850 5530 Orienta-

273 5533 383 5585 lem
415 5523 838 5585 circumdantur.
865 5528 922 5582 1n
954 5530 1140 5584 codice
1168 5527 1357 5581 Graeco
1384 5525 1628 5593 ejusdem
1661 5523 1842 5578 Litur-

273 5602 377 5669 εἰει
402 5600 800 5667 praemittuntur
819 5599 1094 5654 orationes
1143 5598 1364 5669 aliquot,
1389 5611 1507 5665 qua:
1537 5596 1588 5649 in
1613 5594 1849 5669 Copticis

274 5667 679 5740 exemplaribus
701 5685 804 5725 non
834 5677 1159 5735 occurrunt,
1191 5667 1314 5737 quia
1351 5681 1407 5722 re
1439 5680 1566 5721 vera
1592 5667 1659 5721 ad
1689 5667 1846 5720 istam

1955 4993 2114 5047 altari
2156 5000 2247 5047 tuo
2280 5000 2467 5047 sancto
2495 5009 2508 5046 :
2545 5004 2722 5062 neque
2757 4992 2808 5047 id
2840 4991 2971 5046 mihi
3004 4994 3287 5063 proveniat
3313 4996 3365 5049 in
3387 4997 3534 5066 judi-

1955 5083 2124 5148 cium,
2159 5085 2253 5137 sed
2280 5079 2501 5136 oﬂ‘cram
2531 5081 2627 5135 tibi
2665 5080 2771 5136 hoc
2804 5081 3157 5147 sacriﬁcium,
3193 5083 3533 5151 rationabile,

1950 5257 2058 5298 non
2093 5243 2401 5312 pertinent,
2430 5241 2525 5296 sed
2559 5241 2864 5312 communis
2892 5240 3053 5298 omcit
3079 5252 3262 5312 partes
3292 5253 3418 5300 sunt
3443 5251 3538 5299 aut

1949 5310 2208 5367 dicuntur
2243 5313 2311 5365 ad
2353 5312 2611 5385 libitum._
2638 5310 2819 5385 Prima
2855 5312 3062 5385 absque
3086 5310 3260 5368 titulo
3282 5355 3299 5382 ,
3328 5330 3539 5385 ιιι-κρει-

1950 5387 2155 5437 ratoria
2181 5392 2268 5454 est
2293 5422 2309 5447 ,
2344 5379 2646 5454 sacerdotis
2678 5381 3055 5454 indignitatem
3087 5398 3244 5454 suam
3276 5379 3538 5454 proﬁten-

1954 5455 2048 5516 tis,
2083 5453 2436 5524 divinumque
2465 5450 2724 5505 auxilium
2759 5451 3120 5524 pestulantis,
3160 5453 3228 5524 ad
3264 5450 3540 5524 inculpata

1952 5522 2334 5593 celebrandum
2362 5523 2702 5591 mysterium.
2738 5522 3249 5593 Secundadiccnda
3286 5522 3541 5593 praescri-

1951 5591 2116 5655 bitur,
2151 5603 2434 5664 postquam
2477 5601 2844 5664 _pr_a:paratuin
2882 5592 3043 5646 fuerit
3079 5591 3305 5664 altare,'r
3359 5597 3539 5664 qualis

1963 5678 2024 5718 ca
2059 5672 2143 5718 est
2180 5678 2340 5732 quam
2372 5661 2552 5717 Basilii
2576 5660 2797 5730 COptica
2843 5670 3226 5732 repraesentat,
3262 5660 3536 5735 ejusdem-
