3898 6222
444 314 551 372 679

1508 301 1844 360 LlTURGIA
1882 298 1941 357 S.
1978 293 2310 354 GRECORII
2349 290 2671 349 COPTICA.

3590 294 3710 351 680

442 429 788 490 incruentum
850 424 931 499 (2)
968 437 1089 480 cum
1130 420 1460 477 conscientia
1496 432 1653 489 pura,
1682 417 1733 469 in
1759 413 2033 469 remissio-
2062 427 2107 482 Α
2137 407 2316 471 ruisti,
2364 415 2419 462 et
2471 404 2783 461 inimicitias
2821 403 3036 473 priores
3079 401 3321 457 delevist-i
3351 419 3367 453 :
3409 405 3721 461 conciliasti

446 535 568 577 nem
614 526 952 588 peccatorum
1007 526 1061 570 et
1111 513 1456 583 iniquitatum
1502 522 1770 570 mearum,
1808 504 2020 558 veniam

446 611 762 665 delictorum
813 606 992 678 populi
1033 605 1130 671 tui,
1169 603 1409 672 requiem
1446 609 1501 655 et
1539 596 1880 667 refrigerium
1921 593 2023 646 Pa-

447 710 590 755 trum
650 708 983 760 nostrorum,
1033 695 1122 764 qui
1183 694 1312 748 olim
1368 691 1781 746 obdormierunt
1824 689 1877 741 in
1920 686 2025 739 ﬁde

448 790 748 844 orthodoxa
783 807 798 840 :
832 788 898 843 ad
938 785 1349 842 aediﬁcationem
1394 781 1575 852 populi
1625 780 1699 834 tui
1753 779 1936 844 tntius,
1971 788 2027 832 et.

450 880 515 934 ad
550 879 774 950 gloriam
804 888 969 941 tuam,
998 893 1118 931 cum
1151 874 1291 929 Filio
1319 883 1411 928 tuo
1456 871 1735 942 unigenito
1776 869 2021 933 Domino,

450 973 560 1025 Deo
606 982 660 1024 et
699 969 976 1024 Salvatore
1026 976 1213 1022 nostro
1261 964 1384 1021 Jesu
1444 964 1686 1028 Christo,
1732 971 1788 1017 et
1820 960 2025 1031 Spiritu

451 1070 542 1115 tuo
568 1060 891 1126 viviﬁcante,
920 1058 1120 1128 tibique
1149 1053 1617 1119 consubstantiali,
1651 1067 1816 1118 nunc,
1843 1062 1952 1108 etc.

898 1149 1082 1204 Oratio
1118 1147 1284 1200 osculi
1318 1146 1462 1216 pacis
1497 1143 1594 1216 (5).

450 1245 536 1306 (In
557 1244 699 1294 codd.
723 1255 839 1292 mss.
862 1241 1153 1303 S.Gregorii
1167 1253 1181 1300 ;
1206 1235 1259 1289 in
1294 1235 1408 1288 aliis
1430 1237 1482 1287 S.
1497 1237 1672 1287 Severi
1694 1235 2025 1306 patriarcha.)

519 1328 745 1382 [Eterne
772 1325 895 1389 Fili,
937 1325 1025 1394 qui
1078 1324 1132 1377 in
1168 1322 1556 1389 sempiternum
1587 1303 2028 1383 subsistis,'cou-

447 1416 820 1473 substantialis
844 1416 1009 1478 Patri,
1045 1414 1230 1483 illique
1248 1413 1440 1466 throno
1469 1420 1520 1466 et
1546 1410 1819 1465 creatione
1842 1422 2027 1477 atqna-
2062 1424 2067 1431 ·

448 1511 514 1566 lis
544 1525 560 1564 :
593 1512 683 1580 qui
715 1509 829 1564 sola
866 1508 1107 1563 bonitate
1132 1520 1199 1560 ex
1229 1503 1398 1558 nihilo
1430 1503 1603 1557 fecisti
1637 1501 1932 1565 hominem,
1972 1508 2027 1552 et

448 1600 720 1657 collocasti
752 1614 876 1654 eum
910 1600 961 1653 in
991 1599 1240 1667 paradiso
1276 1594 1569 1663 voluptatis
1599 1610 1614 1648 :
1645 1592 1738 1662 qui
1769 1607 1891 1645 cum
1932 1604 2025 1645 ce—

449 1694 669 1748 cidisset
718 1707 815 1761 per
861 1692 1234 1760 deceptionem
1279 1687 1507 1750 inimici,
1550 1694 1606 1740 et
1647 1682 1902 1755 praecepti
1950 1681 2023 1735 tui

2129 510 2374 554 terrenos
2400 513 2521 553 cum
2545 498 2877 560 ctelestibus,
2896 506 2951 551 et
2972 494 3145 550 fecisti
3180 495 3246 549 de
3279 495 3489 552 duobus
3520 513 3719 562 unum,

2126 607 2222 662 per
2259 591 2709 661 dispensationem
2743 590 2797 644 in
2830 603 3035 645 carne:
3100 587 3394 643 ascendisti
3425 589 3482 643 in
3512 590 3719 646 calum

2126 682 2500 751 corporaliter,
2532 689 2587 736 et
2615 679 2905 749 implevisti
2934 681 3117 735 omnia
3145 680 3432 735 divinitate
3470 688 3582 734 tua.
3632 681 3720 735 Tu

2129 774 2311 830 dixisti
2349 772 2629 842 discipulis
2671 772 2780 827 tuis
2823 772 3029 827 sanctis
3063 781 3120 827 et
3173 771 3454 843 apostolis,
3515 771 3718 827 Pacem

2128 880 2296 919 meam
2323 865 2390 918 do
2421 865 2581 929 vobis,
2622 877 2799 933 pacem
2823 878 2990 916 meam
3034 862 3273 933 relinquo
3303 863 3445 916 vobis
3465 863 3532 915 ".
3566 862 3720 918 Con-

2126 961 2258 1014 cede
2283 957 2394 1026 jam
2450 957 2604 1012 nobis
2645 957 2815 1023 illam,
2870 956 3129 1023 Domine;
3171 965 3227 1011 et
3271 955 3468 1011 munda
3506 970 3606 1011 nos
3647 958 3719 1012 ab

2127 1052 2274 1105 omni
2315 1050 2551 1113 macula,
2587 1049 2657 1103 ab
2688 1048 2835 1104 omni
2863 1048 3006 1113 dolo,
3038 1048 3105 1104 ab
3130 1047 3279 1102 omni
3310 1046 3452 1102 mala
3479 1047 3713 1114 malitia,

2129 1142 2197 1195 ab
2233 1141 2382 1195 omni
2425 1138 2810 1203 fraudulentia,
2862 1147 2919 1193 et
2967 1137 3288 1207 iniuriarum
3332 1136 3719 1192 recordatioiie

2131 1229 2407 1284 mortifera
2449 1247 2463 1284 :
2509 1241 2563 1283 et
2594 1228 2680 1283 fac
2718 1244 2817 1284 nos
2862 1242 3051 1283 omnes
3091 1227 3308 1296 dignos,
3344 1226 3597 1290 Domine,
3656 1235 3719 1280 ut

2129 1320 2426 1375 salutemus
2450 1319 2680 1375 invicem
2713 1318 2766 1374 in
2806 1319 2992 1376 osculo
3038 1328 3247 1383 sancto,
3279 1332 3458 1387 neque
3487 1318 3715 1373 excida-

2129 1428 2250 1468 mus
2274 1425 2373 1482 per
2400 1410 2663 1479 judicium
2694 1427 2724 1465 a
2765 1411 2922 1466 donis
2964 1411 3070 1465 tuis
3112 1409 3510 1465 immortalibus
3549 1418 3716 1479 atque

2129 1500 2471 1569 celestibus;
2516 1515 2615 1570 per
2650 1501 2878 1571 gratiam
2913 1510 3060 1555 tuam
3092 1510 3148 1555 et
3184 1501 3572 1568 benignitatem
3607 1498 3713 1553 Pa-

2130 1592 2228 1646 tris
2262 1592 2358 1658 tni,
2408 1602 2464 1647 et
2513 1590 2885 1660 operationem
2939 1588 3176 1659 Spiritus
3219 1590 3334 1643 tui:
3374 1598 3429 1642 tu
3473 1602 3532 1643 es
3566 1589 3713 1641 enim

2127 1684 2373 1753 provisor
2396 1692 2449 1738 et
2472 1683 2694 1753 largitor
2717 1683 2961 1738 omnium
2994 1681 3260 1737 bonorum
3285 1698 3301 1747 ;
3344 1681 3552 1752 tibique
3580 1680 3714 1737 olfe-

453 1785 957 1855 transgressionem,
988 1782 1202 1835 voluisti
1233 1794 1354 1835 eum
1382 1788 1647 1833 renovare
1680 1784 1732 1829 et
1761 1775 1814 1828 in
1849 1773 2025 1843 digni-
2054 1797 2097 1851 Β
2129 1778 2294 1831 rimus
2333 1775 2561 1845 gloriam
2606 1785 2661 1829 et
2706 1776 2987 1840 honorem,
3028 1775 3480 1845 magniﬁcentiam
3526 1785 3585 1828 et
3619 1773 3714 1829 ad-

450 1883 614 1931 tatem
650 1890 801 1931 suam
837 1874 1117 1945 pristinam
1146 1871 1429 1926 restituere
1458 1887 1471 1920 :
1504 1882 1610 1923 non
1642 1867 1880 1935 angelos,
1911 1881 2016 1918 non

449 1966 823 2035 archangelos,
849 1980 952 2018 non
985 1963 1345 2032 patriarchas,
1385 1973 1563 2030 neque
1590 1958 1882 2027 prophetas
1926 1970 2023 2009 vo-

450 2057 593 2111 luisti
638 2066 888 2110 auctores
938 2068 1056 2108 esse
1104 2061 1302 2105 nostra!
1349 2047 1563 2109 salutis,
1593 2044 1693 2100 sed
1736 2054 1788 2097 tu
1822 2045 2024 2113 absque

451 2148 821 2201 immutatione
842 2160 1059 2200 carnem
1086 2141 1448 2211 assumpsisti,
1481 2149 1536 2193 et
1563 2137 1725 2193 homo
1750 2135 1919 2191 factus
1940 2150 2019 2200 es,

449 2241 639 2295 similis
672 2238 827 2293 nobis
860 2237 912 2291 in
936 2237 1206 2299 omnibus,
1230 2245 1453 2302 excepto
1479 2240 1725 2301 peccato,
1760 2227 1935 2282 factus
1965 2243 2023 2282 es

450 2334 603 2387 nobis
638 2330 900 2385 mediator
928 2344 1057 2398 erga
1080 2327 1331 2390 Patrem;
1363 2323 1624 2396 parietem
1675 2321 1909 2375 medium
1941 2320 2021 2373 di-

521 2445 565 2477 “
586 2443 740 2499 Joan.
770 2458 880 2511 xiv,
910 2443 1004 2496 27.

448 2555 554 2608 que
592 2537 893 2608 sententiae.
927 2534 1132 2599 Tertia,
1163 2549 1282 2608 qua:
1305 2535 1370 2588 ad
1403 2532 1751 2608 Evangeliurn
1785 2528 2012 2608 dicenda

447 2600 560 2674 est,
587 2624 684 2661 suo
721 2607 836 2660 loco
867 2622 969 2659 non
1004 2617 1086 2661 est
1113 2600 1283 2672 posita
1306 2645 1325 2666 ,
1351 2606 1445 2658 sed
1483 2600 1786 2674 adhibenda
1820 2601 1886 2674 ad
1924 2601 2014 2674 L_i-

447 2668 679 2748 turgiam
704 2678 884 2741 istam,
907 2668 1134 2748 quando
1170 2675 1362 2748 legitur
1389 2672 1698 2748 evangelica
1733 2668 1910 2722 lectio.
1940 2669 2014 2722 Ea

447 2744 568 2818 ψιιὲ
612 2746 933 2818 diciturfcoﬁ
980 2745 1506 2818 καταπετάεξματρς,
1545 2744 1733 2796 eadem
1769 2750 1864 2818 lest
1897 2754 2016 2805 qu:e

448 2810 688 2872 occurrit
723 2818 774 2869 in
810 2815 1000 2870 Graeca
1032 2818 1244 2883 vulgata
1283 2810 1502 2875 Basilii,
1542 2827 1662 2866 cum
1696 2810 1886 2877 exigua
1920 2825 2015 2863 vo-

448 2903 572 2942 cum
624 2887 959 2941 diversitate.
1011 2887 1210 2951 Quarta
1248 2886 1460 2935 tandem
1492 2898 1555 2935 ea
1596 2889 1679 2936 est
1715 2894 1835 2948 qua:
1882 2895 2016 2951 pra:-

449 2959 681 3011 mittitur
728 2957 780 3009 in
828 2957 1011 3009 codice
1034 2949 1424 3024 )anptiaco:
1471 2967 1598 3024 earn
1638 2964 1801 3024 porro
1849 2949 2017 3024 codex

452 3028 649 3095 liegius
700 3018 1486 3095 Grzeco-Araliicuspropriam
1534 3019 1803 3095 Egyptiis
1849 3018 2019 3073 fuisse

448 3090 752 3166 signiﬁcat,
792 3097 856 3148 iis
912 3095 1092 3166 verbis
1138 3090 1470 3166 Et’ixiiﬁnq
1526 3091 2018 3166 καταπετάσμριτος

448 3158 581 3238 πᾶρ’
615 3164 1123 3238 Αἰγυπτίοιςυὶηο
1148 3158 1494 3238 manifestum
1521 3172 1625 3225 est,
1662 3174 1765 3211 non
1796 3158 2017 3238 inuitum

450 3228 713 3291 sollicitos
744 3251 865 3290 esse
897 3234 1091 3287 debere
1117 3247 1212 3286 nos
1240 3233 1305 3285 de
1336 3231 1530 3293 titulis,
1564 3242 1701 3298 quos
1733 3228 1815 3281 vel
1846 3228 2021 3279 Litur-

449 3308 566 3373 gite.
582 3306 664 3359 vel
698 3304 920 3371 singula:
949 3306 1224 3356 orationes
1253 3303 1482 3373 habent;
1518 3300 1675 3353 modo
1702 3307 1908 3373 certum
1950 3299 2021 3352 sit

450 3370 571 3430 illas
600 3391 667 3428 ex
715 3370 986 3429 communi
1021 3373 1276 3426 Ecelesiaz
1329 3371 1588 3425 thesauro
1613 3382 1737 3422 esse
1770 3370 2020 3433 deprom-

448 3455 587 3515 ptas,
616 3446 755 3512 quod
786 3444 998 3515 quidem
1032 3444 1098 3515 de
1131 3441 1248 3497 istis
1286 3440 1624 3515 orationibus
1671 3438 2018 3515 inaniiestlim

449 3503 533 3569 cst
566 3503 584 3569 ί
618 3503 743 3567 sunt
771 3503 913 3566 enim
944 3512 1132 3565 iisdem
1165 3509 1534 3579 propeverbis
1577 3507 1631 3562 in
1657 3503 1847 3579 _Jaco_b_i
1869 3546 1882 3566 ,
1915 3504 2016 3557 Ba-

450 3586 588 3649 silii,
618 3586 701 3637 vel
727 3583 1102 3652 Clirysostomi
1147 3575 1430 3652 Litu‘rgiis.
1470 3577 1618 3632 Unde
1645 3575 2017 3652 Jacobitarum

452 3654 683 3721 propria:
726 3648 1030 3716 nmi'sunt,
1066 3654 1158 3704 sed
1189 3650 1475 3721 Ecclesia,
1519 3662 1694 3721 neque
1731 3648 1888 3701 unius
1926 3654 2021 3698 aut

452 3717 671 3775 alterius
694 3763 709 3787 ,
755 3726 846 3776 sed
884 3724 1048 3776 tutius
1076 3720 1329 3775 Ecclesia:
1357 3717 1681 3779 Orientalis,
1713 3732 1834 3771 cum
1870 3731 2019 3787 repe-

451 3795 659 3846 riantur
685 3784 787 3846 non
816 3794 972 3845 modo
999 3794 1051 3844 in
1076 3787 1693 3856 Constantinopolitano,
1723 3800 1842 3853 qua}
1870 3784 2022 3838 Basi-

453 3862 504 3933 lii
537 3873 591 3915 et
628 3863 999 3933 Chrysostomi
1033 3860 1292 3927 Liturgiis
1321 3856 2021 3933 utitur,_sed_in_ilieroso-

453 3924 756 4001 lymitana;
789 3941 840 3986 et
893 3924 1291 3996 Alexandrina,
1347 3943 1466 3997 qua:
1507 3925 1691 3982 Jacobi
1736 3924 2014 3993 Marcique

451 4001 709 4071 Liturgiis
734 4003 862 4056 olim
894 4001 1204 4054 utebantur.

524 4065 693 4141 (2)'ln
734 4073 1126 4141 hacioratione,
1154 4080 1210 4123 ut
1234 4069 1288 4122 in
1318 4067 1501 4141 multis
1518 4066 1663 4141 aliis,
1688 4065 1830 4141 quod
1853 4065 2021 4141 semel

453 4135 730 4198 monuisse
752 4140 998 4205 suﬁiciet,
1029 4135 1232 4194 mentio
1253 4148 1338 4193 est
1364 4138 1617 4192 sacriﬁcii
1643 4135 2015 4205 eucharistiri,

453 4228 561 4268 non
591 4214 765 4266 minus
809 4203 1209 4280 quam’passim
1251 4209 1306 4263 in
1351 4208 1555 4280 Graecis
1580 4206 1806 4280 Jacobi,
1836 4203 2020 4280 [Basilii

451 4273 930 4351 Chrysostomiqne
974 4273 1270 4348 Liturgiis,
1317 4274 1800 4351 et_Alexau_drinis
1828 4273 2020 4351 Graece

451 4344 808 4415 exstantibus,
844 4344 1106 4420 quidquid
1135 4344 1467 4420 scripserint
1498 4347 1633 4399 varii
1670 4344 2021 4420 contentiosa

454 4423 733 4491 theologia
773 4416 1300 4483 con—scritiillatores,
1338 4418 1442 4491 qui
1469 4416 2017 4491 praeteriihytrteum

2124 1869 2449 1935 orationem,
2482 1880 2605 1922 cum
2628 1867 2789 1923 Patre
2827 1877 2918 1923 tuo
2948 1869 3110 1935 bono,
3149 1868 3475 1936 viviﬁcante,
3512 1868 3714 1938 tibique

2126 1960 2595 2024 consubstantiali,
2620 1976 2783 2026 nunc,
2816 1968 2922 2015 etc.

2574 2054 2690 2108 Alia
2724 2056 2895 2110 oratio
2934 2055 3003 2109 ad
3054 2051 3104 2106 F
3106 2053 3281 2110 ilium.

2202 2142 2421 2199 Christe
2454 2144 2594 2201 Deus
2625 2156 2830 2214 noster,
2876 2146 3049 2202 virtus
3083 2145 3363 2201 tremenda
3402 2154 3459 2201 et
3504 2145 3711 2201 incom-

2128 2235 2509 2301 prehensibilis
2544 2236 2634 2290 Dei
2679 2235 2880 2301 Patris,
2930 2239 3021 2306 qui
3063 2236 3218 2292 sedes
3251 2251 3413 2305 super
3455 2237 3711 2290 thronum

2126 2320 2432 2379 ﬂammeum
2508 2326 2827 2396 cherubim,
2892 2329 2977 2382 cui
3041 2327 3351 2382 ministrant
3417 2335 3712 2397 potestates

2121 2533 2226 2588 Sed
2255 2535 2310 2588 in
2336 2534 2437 2588 hac
2460 2541 2517 2586 nt
2544 2532 2595 2585 in
2622 2530 2826 2599 multis,
2857 2529 3187 2600 signiﬁcatio
3219 2527 3617 2583 delerminatur
3646 2543 3709 2582 ex

2119 2605 2259 2676 stylo
2288 2603 2683 2676 ecclesiastico.

2192 2676 2267 2745 (‘5)
2308 2675 2506 2745 Eadem
2552 2684 2637 2726 est
2675 2687 2793 2745 quae
2830 2670 2881 2723 in
2904 2670 3093 2726 Graeco
3110 2667 3477 2745 Alexandrino
3505 2669 3709 2745 codice,

2121 2755 2178 2801 et
2200 2740 2356 2799 illam
2396 2744 2566 2796 altera
2608 2743 2875 2809 sequitur,
2918 2756 3080 2808 quam
3124 2742 3295 2793 codex
3339 2740 3482 2791 idem
3534 2740 3709 2809 conti-

2124 2827 2265 2870 net:
2305 2830 2410 2867 non
2460 2815 2604 2883 quod
2654 2808 2816 2878 vulgo
2869 2813 2987 2883 duae
3035 2811 3315 2864 orationes
3347 2809 3412 2883 ad
3462 2808 3709 2883 osculum

2125 2888 2274 2954 pacis
2309 2879 2642 2949 dicerentur,
2688 2883 2782 2936 sed
2827 2882 2952 2954 quia
3002 2896 3106 2932 una
3154 2880 3451 2954 secundum
3500 2879 3710 2954 dierum

2126 2948 2386 3010 festorum
2417 2948 2785 3007 diversitatem
2817 2952 3134 3020 eligeretur,
3163 2961 3256 3001 aut
3299 2949 3364 3002 ad
3408 2948 3712 3020 sacerdotis

2128 3026 2434 3079 arbitrium.
2490 3023 2587 3075 llic
2638 3030 2857 3082 autem,
2896 3017 2960 3073 iit
3019 3022 3072 3073 in
3117 3021 3241 3073 aliis
3270 3017 3515 3072 osculum
3564 3019 3713 3085 pacis

2126 3106 2351 3170 vocatur
2380 3093 2893 3170 dterraop_o';,_qnam
2924 3106 3126 3170 vocem-
3148 3088 3390 3170 (Egyptii
3419 3099 3475 3169 et
3506 3089 3714 3170 Arabes

2050 3165 2095 3226 C
2128 3158 2282 3219 suam
2315 3158 2587 3218 leceruntI
2609 3158 2884 3230 Incipiunt
2915 3176 3081 3228 porro
3110 3158 3367 3228 Liturgia:
3401 3159 3715 3227 singulares

2127 3235 2229 3288 illa:
2252 3274 2266 3295 ,
2305 3250 2410 3289 non
2456 3237 2521 3286 ab
2563 3233 2904 3287 orationibus
2934 3231 3360 3299 praeparatoriis,
3394 3231 3487 3282 sed
3518 3231 3587 3282 ali
3622 3244 3712 3292 ea,

2123 3320 2242 3373 quae
2269 3304 2511 3358 osculum
2540 3304 2689 3371 pacis
2721 3303 3034 3363 antecedit,
3063 3316 3196 3373 cum
3220 3300 3427 3373 reliqua
3457 3313 3526 3352 ex
3560 3314 3716 3373 roni-

2124 3370 2271 3427 muni
2314 3372 2489 3427 ofﬁcio
2530 3370 2638 3441 peti
2670 3373 2904 3427 soleant.
2941 3374 3119 3437 Atque
3151 3371 3218 3425 ab
3254 3384 3319 3424 eo
3346 3371 3462 3424 loco
3494 3370 3716 3438 pr0prie

2122 3444 2389 3512 loquendo
2420 3444 2607 3510 incipit
2628 3444 2900 3509 anaphora
2922 3482 2937 3503 ,
2993 3441 3193 3495 oblatio
3223 3455 3316 3493 seu
3356 3456 3511 3493 sacra
3535 3442 3673 3491 actio
3694 3478 3710 3491 .

2124 3516 2266 3568 unde
2296 3515 2348 3566 in
2390 3512 2580 3567 Graeco
2611 3514 2820 3577 codice,
2858 3522 2987 3565 ante
3014 3512 3315 3565 orationem
3349 3518 3663 3578 sequentem
3694 3548 3712 3573 ,

2124 3600 2239 3651 qua?
2277 3582 2586 3636 Prailatioui
2637 3592 2837 3637 nostra:
2871 3583 3198 3649 respondet,
3235 3580 3423 3634 titulus
3452 3579 3717 3651 hicadji-

2124 3649 2313 3732 citur:
2364 3653 2532 3723 Ἀρχὴ
2561 3651 3127 3732 ’τῆςφρρσκομιδῆςί
3168 3667 3290 3732 quae;
3329 3652 3491 3732 verba
3540 3649 3717 3732 Arabs

2125 3724 2391 3791 interpres
2429 3719 2637 3785 vertit,
2681 3719 2902 3776 Initium
2934 3719 3221 3791 sacriﬁcii.
3276 3721 3329 3791 In
3382 3719 3716 3787 quibusdam

2122 3790 2359 3860 Copticis
2384 3792 2783 3860 exemplaribus
2809 3794 2920 3846 hare
2945 3790 3130 3845 Oratio
3152 3790 3319 3844 osculi
3340 3791 3485 3856 pacis
3509 3792 3718 3842 Severo

2127 3860 2402 3925 tribuitur,
2469 3866 2811 3916 Antiocheno
2864 3862 3112 3922 scilicet,
3172 3876 3333 3929 quem
3402 3860 3706 3927 Liturgiani

2123 3935 2445 4001 scripsisse,
2491 3933 2799 4001 communis
2831 3929 3205 3985 Jacobitarum
3257 3931 3473 3984 traditio
3517 3937 3626 3994 est,
3657 3939 3718 3982 et

2122 4000 2247 4055 eain
2289 4003 2439 4056 multi
2483 4000 2695 4071 Syriaci
2749 4002 2967 4056 codices
3014 4010 3439 4071 repraesentant,
3494 4014 3558 4052 ex
3604 4015 3717 4065 qua

2123 4073 2237 4126 haec
2279 4073 2454 4127 oratio
2499 4070 2782 4124 transferri
2823 4072 3020 4139 putuit,
3064 4075 3134 4125 ob
3168 4070 3533 4124 arctissimam
3565 4073 3718 4124 sedis

2122 4142 2503 4195 Alexandrinae
2548 4140 2864 4196 Jacobiticae
2906 4156 3029 4194 cum
3091 4141 3424 4197 Antiochena
3481 4139 3717 4207 conjun-

2122 4213 2354 4265 ctionem
2384 4233 2399 4265 δ
2427 4213 2871 4280 singularemque
2899 4211 3084 4264 Severi
3117 4212 3545 4265 venerationem.
3575 4211 3716 4280 Nam

2123 4281 2241 4346 ejus
2266 4281 2458 4350 duplex
2492 4278 2755 4350 memoria
2784 4278 2864 4345 ﬁt,
2895 4282 3076 4334 obitus
3103 4281 3332 4341 scilicet,
3357 4291 3525 4348 atque
3561 4278 3716 4348 ejus-

2124 4353 2243 4404 dem
2286 4349 2551 4406 adventus
2596 4349 3007 4420 inaEgyptum,
3048 4352 3276 4419 septima
3315 4350 3581 4420 Tou.h,ret
3620 4364 3712 4402 se-

2123 4421 2301 4475 cunda
2353 4420 2579 4491 Paophi.
2636 4419 2753 4475 Non
2802 4419 2996 4491 tamen
3051 4422 3369 4475 existimare
3417 4419 3712 4491 quisquam

451 4501 507 4563 et
552 4484 799 4545 liiv'etuni
825 4491 975 4563 nihil
1004 4491 1283 4563 legerunt,
1318 4484 1384 4541 ne
1431 4484 1577 4563 ipsas
1603 4484 1818 4563 quidem
1844 4524 1859 4546 ,
1889 4498 2021 4563 quas
2054 4499 2102 4559 Ι)
2129 4492 2289 4563 debet
2328 4507 2419 4563 ex,
2450 4484 2538 4544 illo
2582 4491 2767 4563 titulo,
2818 4490 3090 4563 Severum
3125 4491 3290 4563 ullum
3338 4484 3713 4563 patriarcham

452 4562 790 4630 intpognant,
824 4555 1114 4630 Liturgias.
1165 4557 1399 4630 Utuntur
1446 4556 1619 4630 Graeci
1667 4555 1751 4607 his
1806 4555 2025 4630 potissi-

454 4623 630 4682 nnim'
644 4623 864 4685 vocibus
885 4670 900 4693 ,
940 4623 1134 4699 λόγικὴ
1166 4626 1432 4699 λατρεία)-
1474 4624 1669 4699 Basia,
1701 4623 1986 4699 tit-postponit
2006 4662 2021 4687 ,

454 4700 668 4771 Syriet
691 4700 989 4771 igEthiopes
1013 4694 1235 4771 vocibus
1272 4694 1347 4752 'ex
1392 4696 1657 4771 Hebraica
1706 4694 1887 4771 lingua
1920 4694 2022 4747 de-

453 4764 651 4832 ductis,
683 4764 921 4836 Iforbati,
950 4779 1005 4825 et
1030 4770 1171 4822 aliis.
1211 4766 1462 4836 Argutari
1488 4778 1669 4819 autem
1699 4764 1877 4836 solent
1908 4778 2027 4816 mo-

454 4840 562 4893 rosi
607 4841 681 4894 illi
709 4832 920 4905 critici,
951 4855 1019 4894 ex
1066 4832 1388 4910 etytiiologia
1418 4837 1727 4905 linguarum
1774 4834 2026 4910 orienta-

454 4910 622 4979 lium,
672 4903 913 4979 quarum
948 4903 1194 4978 peritiam
1241 4903 1725 4979 ubique‘jactant:
1783 4903 2025 4979 adeoque

453 4974 711 5044 Korban,
740 4988 834 5033 aut
859 4974 1063 5033 similes
1103 4984 1304 5047 negant
1329 4976 1634 5047 signiﬁcare
1676 4974 2021 5047 sacriﬁcium.

455 5048 671 5105 Haerent
710 5060 889 5105 tamen
922 5049 975 5102 in
1007 5048 1128 5102 aliis
1159 5043 1401 5109 vocibus,
1429 5061 1548 5113 qua:
1571 5046 1639 5115 τῇ
1670 5043 1851 5115 θυσίᾳᾲ
1868 5058 2023 5110 pres-

454 5120 567 5174 sius
589 5123 941 5190 respondent,
967 5134 1072 5187 qua
1095 5117 1340 5190 Coptitte,
1369 5122 1428 5190 ui
1452 5113 1637 5169 multis
1668 5115 1789 5169 aliis
1812 5113 2021 5190 Great-is

454 5184 764 5258 l‘requenier
794 5184 1033 5255 utuntur,
1067 5184 1270 5242 utsunt
1304 5185 1763 5258 Syriaca_:~tl‘i‘l;'_t
1809 5184 2023 5238 etAra-

454 5255 571 5312 bica
593 5271 779 5320 mm:
819 5258 1139 5328 Egyptiaca
1182 5255 1397 5326 quoque
1444 5255 1644 5328 nativa.
1698 5255 1821 5328 Illas
1863 5268 2025 5328 porro

452 5340 614 5383 voces
633 5341 832 5404 omnes
860 5322 1225 5382 iiidiifereutei'
1247 5322 1511 5404 usurpant
1533 5322 2020 5404 0rientales._Dum

453 5412 584 5466 vero
625 5400 953 5452 incruentam
1001 5406 1195 5451 vocant
1241 5393 1557 5450 oblationem
1605 5393 1948 5466 719001909qu
1973 5404 2026 5447 et

453 5465 666 5534 θυσίαν,
714 5468 842 5535 quid
889 5467 1257 5522 intellexerint
1300 5466 1361 5535 in
1407 5464 1661 5520 obscuro
1689 5480 1796 5519 non
1857 5464 2023 5519 relin-

453 5547 648 5606 quunt.
678 5538 955 5609 Λογικήν,
999 5552 1118 5608 qua:
1149 5550 1251 5591 vox
1290 5534 1602 5609 frequenter
1630 5535 1938 5609 adhibetur,
1968 5545 2023 5587 et

452 5603 615 5675 quam
658 5603 900 5677 Copt'itm'
935 5603 1313 5671 retinuerunt,
1343 5603 1677 5674 spiritualem
1716 5605 2021 5677 signiﬁcat,

454 5674 980 5748 peroppositionem
1025 5679 1092 5732 ad
1136 5691 1443 5744 corporeum
1480 5690 1499 5729 ε
1529 5674 1789 5748 quamvis
1817 5674 1941 5748 Syri
1971 5686 2026 5727 et

453 5746 804 5806 Arabe‘s‘eam
827 5749 1050 5820 rigidius
1077 5759 1132 5805 et
1163 5749 1228 5804 ad
1255 5748 1491 5802 litteram
1525 5747 1861 5815 interpretati
1891 5746 2016 5801 sint.

2129 4561 2555 4615 Alexandrinum
2596 4561 2782 4622 fuisse,
2812 4562 2956 4629 quod
2992 4560 3167 4615 Cuido
3197 4559 3485 4614 Fabricius
3528 4557 3711 4612 Bede-

2129 4631 2315 4684 rianus
2343 4631 2547 4700 absque
2587 4632 2691 4683 ulla
2726 4632 3046 4684 auctoritate
3093 4630 3344 4700 omnibus
3388 4644 3555 4698 prope
3581 4644 3710 4697 per-

2128 4702 2327 4766 suasit,
2360 4698 2479 4754 enni
2517 4701 2683 4754 edidit
2721 4700 2987 4754 Ritualeni
3032 4700 3281 4768 baptismi
3330 4698 3550 4762 librum,
3607 4701 3711 4752 sub

2129 4770 2314 4824 Severi
2345 4772 2667 4840 patriarchae
2696 4771 3047 4824 Alexandrini
3080 4772 3331 4835 nomine,
3369 4783 3494 4823 cum
3527 4768 3711 4840 nullus

2129 4841 2269 4894 inter
2293 4838 2587 4908 permultos
2607 4879 2624 4904 ,
2657 4841 2750 4910 qui
2779 4841 2833 4894 in
2867 4840 3208 4910 bibliothecis
3231 4848 3470 4903 exstant,
3501 4838 3712 4910 codici-

2127 4911 2248 4974 bus,
2275 4907 2417 4964 hunc
2447 4911 2655 4964 titulum
2675 4907 2958 4978 praeferat.
3006 4909 3197 4964 Nullus
3225 4926 3357 4964 sane
3386 4912 3531 4963 inter
3561 4907 3712 4965 laco-

2127 4980 2267 5033 bitas
2312 4981 2547 5035 Severus
2584 4982 3006 5034 Alexandrinam
3037 4980 3220 5034 sedem
3255 4981 3426 5035 tenuit
3460 4996 3474 5034 :
3516 4988 3572 5033 et
3604 4981 3708 5035 Iin—

2128 5064 2229 5119 gua
2270 5049 2491 5120 Syriaca
2514 5089 2528 5113 ,
2560 5065 2668 5120 qua
2701 5051 2837 5104 liber
2870 5050 2958 5104 ille
2996 5053 3230 5120 scriptus
3270 5058 3388 5116 est,
3425 5064 3705 5120 nunquam
3755 5096 3761 5102 .

2128 5124 2186 5192 i_n_
2225 5119 2624 5192 sac’ris_olﬁciis
2652 5129 2923 5192 usurpata
2961 5122 3102 5192 apud
3140 5119 3427 5192 Egyptios
3467 5119 3589 5173 luit.
3632 5121 3706 5192 iln

2126 5188 2367 5258 Liturgia
2410 5189 2592 5245 Basilii
2637 5191 2863 5260 Coptica
2912 5191 3155 5258 quaedam
3208 5188 3385 5245 oratio
3427 5191 3705 5257 occurrit,

2127 5274 2290 5329 quam
2314 5261 2529 5316 codices
2559 5261 2907 5330 manust-ripa
2954 5261 3199 5315 nonnulli
3241 5261 3435 5316 Joanni
3464 5260 3708 5330 Chryso-

2126 5328 2336 5396 stomo,
2366 5330 2457 5385 alii
2508 5330 2701 5387 Joanni
2735 5328 2997 5385 Bos'treno
3018 5370 3035 5395 ,
3075 5332 3190 5386 sive
3225 5330 3513 5386 Basorensi
3549 5328 3712 5386 attri-

2126 5399 2316 5454 buunt.
2372 5399 2588 5456 Primus
2628 5411 2687 5454 ut
2730 5402 3033 5456 communis
3075 5399 3440 5456 Ecclesiarum
3469 5402 3704 5455 doctor:

2127 5472 2266 5541 alter
2299 5482 2362 5525 ut
2386 5472 2440 5525 in
2468 5474 2655 5527 eadem
2681 5487 2788 5541 qua
2813 5469 3040 5541 Egypti
3067 5469 3329 5527 Jacobitte
3357 5481 3533 5534 secta,
3559 5471 3712 5541 agni-

2130 5550 2215 5594 tus
2237 5539 2338 5597 fuit
2365 5558 2379 5595 :
2420 5539 2942 5612 amboque'divers'a
2967 5539 3201 5596 iratione
3243 5544 3404 5597 talem
3435 5540 3579 5610 apud
3610 5556 3710 5597 eos

2129 5614 2505 5666 auctoritatem
2555 5612 2700 5667 nacti
2749 5624 2906 5678 sunt,
2957 5621 3015 5663 ut
3056 5615 3334 5669 orationes
3380 5627 3448 5669 ex
3489 5612 3709 5668 illorum

2129 5680 2386 5755 Liturgiis
2415 5686 2468 5739 in
2499 5683 2752 5755 Copticas
2790 5681 3239 5739 transferrentur.
