3898 6222
179 239 288 297 68!

1207 229 1535 286 LITURGIA
1577 228 1634 281 S.
1673 223 2003 281 GBEGORII
2045 225 2360 281 COPTICA.

3322 221 3430 275 682

177 355 375 423 igneae.
405 349 484 403 Tu
507 363 564 403 es
592 349 728 416 ignis
765 362 1089 404 consumens
1117 363 1212 418 per
1237 349 1569 403 divinitatem
1593 357 1760 410 tuam,
1790 347 1838 402 Α
1865 359 2049 398 eorum
2105 345 2196 413 qui
2245 351 2372 395 sunt
2408 338 2726 394 invisibiles.
2763 339 3103 393 Connumera
3140 352 3241 392 nos
3291 339 3430 392 inter

177 453 404 517 propter
452 441 789 511 splendorem
845 450 993 494 tuum
1049 440 1396 500 inell'abilem.
1431 451 1484 493 et
1517 452 1758 492 amorem

179 544 332 589 tuum
361 547 485 600 erga
513 531 778 585 homines.
832 529 948 584 Non
979 529 1349 593 combussisti,
1380 543 1478 583 nec
1517 527 1760 597 repulisti

177 625 581 680 fraudulentum
629 622 970 684 traditorem,
1015 635 1135 674 cum
1173 619 1398 674 accessit
1445 618 1511 672 ad
1559 626 1629 682 te,
1666 618 1760 672 sed

179 715 458 770 osculatus
486 728 545 768 es
576 728 696 767 eum
721 711 910 768 osculo
943 711 1125 778 amici,
1163 720 1220 765 ut
1252 710 1490 764 traheres
1519 708 1666 762 illum
1694 707 1762 762 ad

180 805 582 876 pmuitentiam,
624 811 678 856 et
720 803 786 855 ad
827 801 1066 855 audaciae
1102 813 1214 854 suae
1266 800 1619 869 agnitionem.
1671 799 1762 852 Di-

181 911 320 966 gnos
350 896 433 948 fac
462 909 578 958 nos,
615 893 939 958 Dontine,.in
963 894 1062 946 hac
1093 892 1224 945 hora
1253 890 1502 954 terribili,
1535 897 1594 944 ut
1627 904 1762 943 una-

185 987 358 1040 nimes
396 988 596 1054 absque
627 985 940 1052 duplicitate
977 984 1176 1049 cordis,
1226 982 1545 1051 exterisque
1571 981 1760 1051 nequi-

186 1077 299 1139 tiis,
329 1077 622 1130 salutemus
655 1076 884 1130 invicem
921 1076 972 1128 in
995 1076 1179 1130 osculo
1205 1086 1395 1131 saneto
1425 1093 1441 1130 :
1479 1085 1536 1130 et
1565 1089 1633 1129 ne
1664 1089 1762 1129 nos

185 1167 440 1237 projicias
491 1169 544 1219 in
582 1167 862 1236 judicium,
897 1167 940 1220 si
971 1167 1145 1221 minus
1189 1166 1425 1235 perfecte
1453 1165 1636 1219 mundi
1689 1162 1764 1217 si-

187 1273 336 1321 mus,
371 1271 543 1325 neque
575 1257 714 1310 sicut
747 1255 997 1323 placitum
1043 1264 1124 1308 est
1161 1255 1389 1308 bonitati
1424 1263 1547 1318 tuae,
1578 1267 1609 1306 a
1634 1251 1765 1306 faece

187 1349 415 1416 peccati,
448 1364 477 1400 a
512 1345 767 1415 nequitia,
797 1354 852 1399 et
891 1344 1168 1398 mortifera
1207 1343 1524 1412 iniuriarum
1588 1356 1765 1397 recor-

190 1439 407 1492 datione
439 1455 453 1492 :
491 1437 585 1491 sed
628 1445 682 1488 tu
730 1450 826 1503 per
866 1434 1185 1489 ineffabilem
1227 1433 1566 1488 clementiam
1594 1440 1761 1494 tuam,

188 1530 280 1598 qui
313 1529 454 1581 nosti
496 1526 935 1586 imbecillitatem,
969 1537 1024 1580 et
1061 1525 1473 1596 propensionem
1509 1523 1575 1578 ad
1626 1523 1763 1578 inl'e-

192 1620 336 1672 riora
369 1616 607 1686 ﬁgmenti
643 1615 835 1680 nostri,
882 1614 1004 1670 dele
1030 1629 1220 1670 omnes
1250 1614 1486 1668 maculas
1517 1621 1763 1683 peccato-

1866 442 2158 502 potestates
2195 433 2462 496 ctelestes,
2521 439 2581 482 ut
2633 429 2873 482 dicamus
2930 444 3053 482 cum
3116 428 3240 494 illis,
3293 428 3431 493 abji-

1867 524 2072 577 cieutes
2093 535 2282 576 omnes
2311 520 2662 590 cogitationes
2690 519 2954 572 absurdas
2981 528 3033 572 et
3055 518 3293 583 in'utiles,
3320 516 3434 570 ela-

1868 627 2183 682 memusque
2223 612 2364 667 idem
2395 611 2538 680 quod
2575 610 2647 663 illi
2699 611 2884 664 dicunt
2927 610 3234 665 incessabili
3281 623 3434 674 voce,

1867 715 2029 773 atque
2067 719 2163 760 ore
2209 702 2554 768 indesinenti,
2589 701 2972 756 benedieamus
3009 702 3435 770 magnitudinem

1870 808 2037 852 luant.

1940 888 2230 941 Diaconus.
2258 886 2339 940 Ad
2364 886 2628 941 orientem
2649 884 2895 955 aspicite.

1940 977 2222 1032 Sacerdos.
2256 976 2335 1030 Tu
2365 991 2422 1030 es
2450 977 2592 1030 enim
2639 977 2724 1030 cui
2765 974 3027 1030 assistunt
3058 973 3336 1028 cherubim
3385 981 3440 1028 et

1871 1068 2141 1136 serapltim
2186 1065 2333 1120 senis
2363 1064 2463 1117 alis
2495 1063 2744 1118 instructi
2775 1082 2789 1116 :
2816 1077 2910 1116 sex
2957 1061 3055 1115 alte
3087 1062 3199 1128 uni,
3252 1070 3308 1115 et
3341 1075 3439 1115 sex

1872 1157 1969 1211 ala:
2001 1155 2156 1210 alteri
2192 1174 2206 1209 :
2258 1154 2466 1208 duabus
2490 1154 2590 1207 alis
2626 1153 2806 1206 velant
2835 1152 3002 1207 facies
3040 1167 3188 1217 suas,
3228 1151 3438 1206 duabus

1873 1254 2059 1314 tegunt
2089 1244 2250 1314 pedes
2279 1258 2425 1308 suos,
2453 1252 2509 1297 et
2539 1242 2747 1296 duabus
2779 1241 2961 1296 volant
2989 1259 3003 1296 :
3037 1240 3441 1308 clamantes-que

1871 1337 2009 1392 alter
2037 1338 2103 1390 ad
2150 1335 2399 1398 alterum,
2438 1335 2620 1389 dicunt
2649 1333 2905 1402 hymnum
2949 1331 3318 1401 triumphalem
3353 1345 3440 1384 sa-

1873 1430 2000 1484 lutis
2022 1437 2237 1492 nostrae,
2262 1437 2316 1483 et
2347 1426 2571 1482 vocibus
2607 1424 2856 1494 gloriosis
2883 1423 3102 1478 laudant
3143 1422 3440 1479 clamantes

1872 1531 1927 1574 et
1954 1521 2211 1575 dicentes.

1943 1609 2230 1663 Diaconus.
2263 1606 2633 1661 Attendamus.

191 1725 312 1763 rum
367 1717 697 1770 nostrorum,
749 1713 809 1758 ut
853 1720 958 1759 non
1011 1704 1081 1758 sit
1125 1705 1279 1760 nobis
1327 1705 1379 1757 in
1410 1703 1670 1774 judicium
1717 1710 1773 1756 et
1808 1695 1848 1750 Β
1943 1697 2199 1766 Populus.
2234 1696 2488 1761 Sanctus,
2527 1705 2769 1758 Sanctus,
2805 1703 3024 1748 sanctus

189 1797 696 1853 condemnationem
748 1795 850 1851 hoc
914 1793 1228 1864 mysterium
1288 1793 1584 1848 divinitatis
1641 1802 1764 1847 tute.

197 1889 276 1944 Tu
322 1893 466 1942 enim
515 1897 702 1957 potens
743 1903 803 1943 es
853 1884 1041 1940 tollere
1079 1893 1298 1954 peccata
1337 1885 1540 1951 omnia,
1572 1892 1628 1939 et
1675 1898 1772 1937 au-

193 1980 336 2035 ferre
366 1979 656 2049 injustitias
690 1993 744 2033 et
769 1978 1083 2046 iniquitates
1116 1976 1392 2030 hominum
1421 1975 1768 2041 miscrorum,

199 2085 251 2124 tu
281 2071 373 2140 qui
406 2086 601 2139 purgas
625 2079 791 2122 totum
817 2070 1070 2121 mundum
1106 2086 1119 2121 :
1154 2077 1210 2121 et
1243 2075 1294 2119 te
1321 2066 1474 2119 decet
1503 2065 1772 2134 glorifica-

198 2160 293 2220 tio,
320 2173 426 2208 uno
456 2173 571 2219 ore,
634 2167 687 2210 et
739 2156 807 2210 ab
847 2170 1188 2224 unoquoque,
1227 2154 1528 2213 veneratio,
1564 2154 1773 2222 magni-

197 2246 414 2301 ﬁcentia
449 2256 502 2302 et
541 2247 786 2302 adoratio
840 2262 961 2300 cum
995 2246 1156 2301 Patre
1193 2255 1283 2300 tuo
1325 2250 1465 2300 bono
1491 2253 1544 2297 et
1569 2243 1772 2313 Spiritu

197 2349 388 2392 saneto
437 2338 760 2404 vivificante,
801 2337 1002 2407 tibique
1037 2335 1502 2399 consubstantialt,
1543 2348 1684 2388 nunc
1719 2345 1775 2388 et

198 2442 432 2496 semper,
460 2439 516 2482 et
543 2429 593 2482 in
620 2429 812 2482 saecula
844 2427 1182 2482 saeculorum.
1209 2426 1402 2478 Amen.

272 2515 548 2571 Sacerdos.
577 2517 828 2571 Charitas
860 2518 948 2570 Dei
979 2515 1177 2579 Patris,
1204 2515 1374 2584 gratia
1425 2511 1543 2567 Filii
1585 2512 1774 2581 unige-

209 2608 312 2662 niti
352 2609 557 2662 Domini
608 2609 700 2662 Dei
749 2620 805 2661 et
841 2606 1138 2661 Salvatoris
1166 2605 1335 2658 nostri
1377 2603 1502 2660 Jesu
1538 2603 1774 2664 Christi,

201 2709 264 2756 et
291 2700 704 2755 communicatio
756 2709 810 2754 et
852 2699 1049 2752 donum
1080 2696 1312 2766 Spiritus
1338 2697 1530 2761 sancti,
1559 2697 1629 2750 sit
1653 2710 1773 2749 cum

196 2794 456 2849 omnibus
481 2793 651 2849 vobis.

271 2885 532 2954 Populus.
572 2884 783 2938 Etcum
816 2884 1004 2952 spiritu
1034 2891 1145 2938 tuo.

276 2976 557 3030 Sacerdos.
599 2975 826 3030 Sursum
855 2975 1018 3030 corda
1047 2984 1245 3028 vestra.

281 3068 540 3138 Populus.
579 3067 848 3122 Habemus
881 3068 947 3120 ad
981 3067 1285 3120 Dominum.

276 3159 558 3215 Sacerdos.
593 3158 805 3211 Gratias
833 3172 1055 3228 agamus
1084 3157 1327 3210 Domino.

277 3234 536 3318 Populus.
575 3249 798 3317 Dignum
830 3258 880 3302 el
912 3245 1118 3313 justum
1146 3259 1250 3298 est.

281 3342 563 3395 Sacerdos.
591 3340 811 3407 Dignum
841 3348 894 3391 et
914 3338 1116 3405 justum
1140 3348 1242 3389 εει.
1276 3333 1393 3388 Ter.

281 3431 424 3486 Vere
449 3433 667 3500 dignum
699 3439 752 3484 et
791 3429 991 3497 justum
1023 3438 1129 3490 est,
1182 3437 1240 3479 ut
1276 3437 1324 3478 te
1363 3425 1592 3488 laudem,
1624 3425 1783 3478 bette-

207 3525 388 3582 dieam
421 3525 535 3588 tibi,
562 3536 615 3574 et
644 3521 876 3575 serviam
905 3520 1022 3582 tibi,
1049 3520 1374 3585 adoretttqne
1406 3527 1459 3570 et
1492 3516 1783 3584 glorilicem

210 3627 288 3682 te,
312 3617 403 3686 qui
448 3633 505 3670 es
542 3630 702 3679 unus,
734 3613 900 3676 solus,
953 3610 1092 3663 Deus
1137 3623 1316 3668 verus,
1353 3618 1564 3660 amator
1613 3606 1786 3658 homi-

212 3724 365 3774 num,
403 3707 708 3769 ittell‘abilis,
729 3704 1032 3762 invisibilis.
1066 3697 1645 3770 ittcomprebensibilis,
1671 3698 1786 3749 sine

212 3800 502 3871 principio,
539 3809 792 3859 :eteruus,
815 3797 930 3848 sine
966 3803 1226 3861 tempore,
1258 3789 1780 3859 incircumscriptus,

215 3888 678 3958 ittiuvestigabilis,
707 3885 1076 3947 immutabilis,
1109 3884 1335 3938 Greater
1363 3883 1630 3945 omnium,
1667 3881 1788 3935 Sal-

214 3993 372 4036 vator
399 3981 675 4043 omnium;
714 3978 804 4046 qui
833 3977 1063 4031 remittis
1089 3984 1306 4042 peccata
1342 3983 1548 4037 nostra,
1582 3975 1674 4040 qui
1707 3987 1792 4026 re-

216 4073 379 4130 dimis
405 4074 470 4126 ab
491 4070 710 4125 interitu
734 4070 896 4122 vitam
928 4076 1190 4132 nostram,
1218 4064 1311 4133 qui
1336 4078 1566 4118 coronas
1602 4079 1698 4117 nos
1737 4064 1788 4116 in

217 4164 589 4222 misericordia
620 4173 674 4218 et
701 4159 1163 4215 miserationibus.
1192 4157 1271 4212 'l‘u
1299 4173 1358 4213 es
1383 4173 1542 4226 quem
1573 4157 1793 4211 laudant

217 4253 418 4324 angeli,
447 4261 503 4307 et
535 4253 759 4306 adorant
787 4248 1098 4316 archangeli
1124 4265 1139 4313 ;
1169 4257 1223 4301 tu
1258 4263 1318 4302 es
1353 4249 1438 4302 cui
1466 4248 1795 4302 benedicunt

1940 1791 2224 1846 Sacerdos.
2265 1790 2497 1845 Sanctus
2561 1798 2780 1843 sanctus
2807 1787 3086 1852 Dominus,
3115 1796 3170 1840 et
3220 1796 3441 1840 sanctus

1870 1881 1925 1936 in
1967 1883 2129 1936 rebus
2168 1879 2437 1944 omnibus,
2468 1889 2524 1934 et
2565 1878 2880 1948 praeclarum
2911 1878 3089 1932 lumen
3131 1878 3443 1932 substantia:

1872 1983 1998 2039 tute,
2034 1976 2175 2029 sicut
2201 1970 2485 2027 inell'abilis
2523 1977 2607 2024 est
2634 1978 2870 2037 potestas
2895 1968 3169 2038 sapientia:
3197 1981 3320 2036 tuae,
3345 1983 3445 2024 nec

1875 2065 2055 2119 verbis
2082 2063 2338 2133 explicari
2362 2071 2538 2132 potest
2563 2061 2784 2132 pelagus
2828 2061 3036 2115 amoris
3077 2061 3150 2114 tui
3177 2076 3305 2130 erga
3347 2060 3446 2115 lto-

1874 2157 2063 2210 mines.
2094 2153 2300 2208 Creasti
2335 2167 2418 2206 me
2443 2151 2712 2205 hominem
2745 2166 2840 2220 per
2864 2151 3248 2222 benignitatem
3274 2162 3443 2216 tuam,

1874 2261 2046 2316 neque
2079 2246 2355 2315 indigebas
2399 2258 2514 2297 mea
2551 2245 2833 2307 servitute,
2876 2244 2970 2298 sed
2998 2259 3096 2313 ego
3139 2244 3444 2313 indigebant

1875 2339 2237 2394 dominatione
2265 2346 2350 2390 ttta
2373 2354 2384 2387 :
2407 2345 2628 2406 propter
2649 2335 2984 2390 clementiam
3005 2344 3148 2388 tuam
3173 2350 3444 2405 magnam,

1877 2431 2049 2485 fecisti
2091 2445 2176 2483 me
2200 2443 2322 2482 eum
2370 2444 2474 2481 non
2503 2443 2678 2482 essein
2718 2445 2731 2480 ε
2766 2427 2989 2482 erexisti
3022 2427 3153 2481 mihi
3195 2427 3358 2482 eteius
3393 2427 3444 2479 in

1877 2529 2114 2585 tectum;
2151 2520 2376 2573 ﬁrmasti
2403 2520 2530 2572 mihi
2563 2528 2758 2572 terram
2785 2527 2843 2572 ut
2877 2533 3038 2588 super
3069 2533 3186 2571 eam
3214 2517 3449 2572 ambula-

1877 2625 1992 2664 rem
2036 2627 2050 2664 :
2095 2621 2312 2680 propter
2365 2624 2449 2663 me
2499 2609 2808 2663 conclusisti
2862 2624 3040 2674 mare;
3094 2618 3310 2678 propter
3363 2625 3451 2662 me

1880 2701 2179 2767 produxisti
2217 2711 2465 2756 naturam
2505 2701 2842 2764 animalium,
2873 2709 2928 2755 et
2953 2701 3135 2755 omnia
3171 2701 3450 2771 subjecisti

1881 2795 1982 2849 sub
2013 2793 2240 2864 pedibus
2277 2795 2432 2858 meis,
2463 2807 2565 2849 nec
2602 2807 2794 2864 passus
2823 2807 2882 2845 es
2915 2793 3102 2846 deesse
3137 2792 3266 2846 mihi
3294 2793 3452 2862 quid-

1879 2901 2041 2956 quam
2110 2887 2496 2955 ex.operibus
2562 2884 2973 2954 magniﬁcentia:
3047 2893 3188 2938 tute:
3222 2885 3314 2953 qui
3367 2901 3454 2939 tne

1881 2979 2103 3042 creasti,
2149 2977 2376 3048 posuisti
2429 2993 2646 3030 manum
2694 2988 2838 3030 tuam
2881 2991 3041 3046 super
3090 2993 3174 3031 me
3208 2999 3219 3032 :
3252 2978 3454 3032 descri-

1883 3070 2032 3138 psisti
2070 3071 2122 3122 itt
2163 3085 2247 3122 me
2279 3069 2563 3136 imaginem
2598 3068 2878 3136 potestatis
2911 3076 3012 3121 tua:
3049 3085 3060 3120 :
3095 3068 3284 3122 dedisti
3315 3068 3450 3122 mihi

1881 3161 2081 3214 donum
2116 3161 2340 3214 rationis
2374 3177 2388 3212 :
2419 3160 2680 3228 aperuisti
2723 3159 2851 3212 mihi
2882 3159 3188 3227 paradisum
3214 3159 3454 3227 volupta-

1885 3253 1954 3305 tis
1989 3270 2002 3304 :
2045 3251 2238 3305 dedisti
2271 3252 2399 3304 mihi
2433 3250 2713 3304 scientiam
2747 3251 3069 3320 cognitionis
3098 3260 3201 3304 tua:
3239 3269 3252 3303 :
3282 3252 3458 3304 maui-

1883 3342 2092 3396 festasti
2130 3340 2258 3394 tttihi
2291 3342 2538 3396 arborem
2561 3343 2686 3396 vita:
2728 3361 2741 3396 :
2771 3342 3057 3396 ostendisti
3092 3343 3220 3394 mihi
3245 3342 3455 3411 spinam

1885 3431 2096 3492 mortis,
2130 3445 2196 3482 ne
2220 3445 2284 3483 ex
2317 3446 2379 3483 ea
2422 3432 2758 3484 comederem
2802 3453 2813 3484 ;
2846 3431 2974 3484 mihi
3012 3431 3361 3493 iuterdixisti,
3389 3445 3458 3484 ex

1886 3538 1947 3577 ea
1985 3522 2098 3577 sola
2133 3538 2199 3576 ne
2231 3522 2447 3576 ederem
2493 3539 2505 3574 :
2548 3523 2756 3577 comedi
2786 3522 3111 3586 voluntarie;
3155 3533 3344 3591 sponte
3376 3540 3462 3577 ne-

1888 3611 2028 3682 glexi
2072 3611 2384 3664 mandatum
2409 3621 2581 3675 tuum,
2611 3611 3018 3681 contempsique
3049 3620 3314 3681 praecepta
3339 3623 3458 3680 tua;

1888 3713 2053 3771 atque
2075 3702 2256 3755 induxi
2288 3703 2421 3756 mihi
2444 3702 2766 3757 sententiam
2791 3705 3000 3757 mortis.

1963 3791 2221 3861 Papulas.
2251 3792 2437 3863 Kyrie,
2474 3793 2700 3847 eleison.
2733 3792 2977 3857 Domine,
3006 3793 3281 3848 miserere.

1961 3884 2244 3940 Sacerdos.
2283 3883 2386 3950 Tu,
2414 3884 2660 3950 Domine,
2701 3885 3020 3940 convertisti
3080 3887 3209 3940 mibi
3249 3901 3463 3956 poenam

1893 3979 1945 4031 in
1988 3976 2252 4040 salutem;
2295 3975 2438 4028 sicut
2470 3985 2658 4044 pastor
2696 3977 2868 4030 bonus
2916 3987 3183 4030 errantem
3237 3977 3466 4031 sollicite

1893 4067 2188 4134 quaesivisti
2225 4081 2241 4120 :
2275 4077 2534 4136 tanquam
2573 4077 2728 4136 pater
2761 4080 2921 4120 verus
2953 4066 3218 4120 laborasti
3251 4081 3464 4120 mecum

1893 4157 1984 4225 qni
2011 4165 2310 4212 cecideratn
2347 4175 2362 4212 :
2389 4158 2621 4229 alligasti
2652 4174 2736 4213 me
2764 4159 3019 4213 omnibus
3053 4159 3465 4213 medicamentis

1896 4248 2334 4304 viviﬁcantibus:
2369 4259 2423 4303 tu
2461 4249 2655 4305 misisti
2692 4249 2757 4302 ad
2785 4265 2869 4303 me
2896 4250 3222 4318 prophetas:
3251 4261 3470 4318 propter

218 4346 572 4415 principatus,
618 4343 684 4396 ad
713 4357 872 4411 quem
915 4341 1151 4394 clamant
1192 4339 1622 4404 dominationes;
1658 4350 1710 4393 tu
1735 4354 1793 4394 es
1825 4367 1871 4422 Β
1898 4355 1984 4395 me
2021 4341 2524 4407 iulirntum,dedisti
2556 4342 2688 4394 mihi
2709 4340 2842 4409 legis
2864 4341 3122 4394 auxilium
3156 4357 3170 4393 :
3207 4348 3263 4393 tu
3299 4340 3472 4394 admi-

219 4436 380 4505 cujus
409 4434 632 4504 gloriam
657 4432 936 4486 celebrant
965 4440 1296 4501 potestates;
1331 4441 1385 4484 tu
1411 4445 1469 4485 es
1498 4430 1584 4485 cui
1614 4430 1794 4485 throni

218 4543 436 4584 sursum
463 4528 683 4581 mittunt
706 4525 931 4596 gloriam
951 4533 1007 4578 et
1039 4525 1330 4579 honorem:
1367 4523 1530 4578 millia
1565 4523 1790 4578 millium

219 4619 484 4673 assistunt
513 4632 696 4671 coram
739 4625 810 4680 te,
859 4625 916 4670 et
959 4614 1096 4669 dena
1133 4615 1298 4668 millia
1345 4614 1540 4668 denum
1569 4614 1796 4667 millium

223 4711 536 4764 ministrant
565 4708 680 4763 tibi.
717 4709 796 4762 'l‘u
825 4723 883 4762 es
913 4721 1070 4775 quem
1115 4706 1438 4762 benedicunt
1475 4706 1794 4770 invisibiles,

224 4815 388 4870 quem
430 4801 658 4854 adorant
701 4799 962 4866 visibiles,
996 4809 1052 4854 et
1092 4814 1281 4855 omnes
1339 4799 1543 4854 faciunt
1572 4800 1796 4853 verbum

225 4904 400 4954 tttttttt,
434 4892 655 4944 Domine
685 4903 883 4946 noster.

297 4982 593 5037 Diaconus.
617 4982 718 5048 Qui
753 4983 949 5038 sedetis
990 4985 1217 5053 surgite.

297 5073 578 5129 Sacerdos.
623 5071 851 5128 ΔΕιθιοηθ
903 5072 1152 5136 Domine,
1200 5075 1340 5128 Deus
1388 5087 1546 5128 verus
1583 5075 1649 5128 de
1693 5073 1802 5130 Deo

225 5179 381 5230 vero,
404 5165 496 5232 qui
521 5165 802 5218 ostendisti
831 5164 985 5218 nobis
1009 5165 1188 5220 lumen
1224 5164 1420 5229 Patris,
1449 5165 1539 5233 qui
1575 5164 1799 5236 largitus

225 5269 289 5309 es
327 5254 480 5307 nobis
509 5254 870 5321 cognitionem
909 5255 1152 5309 veritatis
1197 5254 1430 5323 Spiritus
1466 5255 1678 5322 sancti;
1711 5256 1803 5323 qui

228 5344 588 5400 manifestasti
631 5346 786 5399 nobis
842 5346 1151 5416 mysterium
1202 5347 1304 5400 hoc
1351 5361 1600 5416 magnum
1643 5349 1804 5400 vitae:

226 5437 324 5506 qui
382 5436 705 5490 constituisti
745 5437 972 5490 chorum
1023 5439 1460 5507 incorporearum
1519 5439 1658 5492 inter
1712 5440 1806 5492 ho-

230 5529 407 5581 mines
443 5543 459 5581 :
500 5527 592 5595 qui
621 5527 813 5581 dedisti
843 5529 922 5581 eis
948 5530 1038 5597 qui
1070 5538 1195 5582 sunt
1225 5543 1387 5597 super
1420 5537 1642 5594 terram,
1668 5543 1799 5583 ean—

228 5622 398 5675 ticutu
423 5619 720 5685 seraphin),
743 5620 954 5685 suscipe
985 5635 1145 5674 voces
1173 5629 1412 5687 nostras,
1439 5635 1560 5677 cum
1590 5619 1808 5678 vocibus

513 5713 784 5774 Pa'mOL.
844 5714 962 5777 GR.
1000 5713 1290 5776 XXXVI.

1899 4433 2145 4488 nistrasti
2202 4434 2334 4487 mliti
2399 4433 2655 4500 salutem,
2701 4444 2758 4486 at
2803 4448 2900 4503 ego
2941 4441 3313 4502 transgressus
3351 4447 3472 4486 sum

1897 4527 2068 4596 legem
2096 4535 2264 4590 tuam,
2297 4540 2418 4594 qua:
2449 4533 2534 4578 est
2556 4525 2732 4578 lumen
2761 4539 2972 4585 verum,
2999 4525 3141 4596 quod
3175 4521 3473 4579 accendisti

1898 4615 2204 4670 errantibus
2241 4625 2298 4669 et
2336 4613 2728 4682 ignorantibus.

1971 4705 2224 4774 Populus.
2254 4705 2496 4769 Domine,
2525 4706 2801 4760 miserere.

1974 4798 2249 4853 Sacerdos.
2283 4797 2361 4852 Tu
2393 4798 2482 4866 qui
2525 4813 2585 4851 es
2616 4798 2995 4866 sempiternus,
3031 4800 3224 4855 venisti
3277 4803 3344 4855 ad
3379 4819 3478 4859 nos

1905 4907 2068 4960 super
2101 4901 2321 4957 terram,
2353 4890 2681 4945 descendisti
2713 4891 2767 4945 in
2804 4901 3016 4945 uterum
3049 4892 3307 4960 Virginis,
3335 4893 3478 4948 Deus

1905 4983 2432 5052 incircumscriptus;
2466 4997 2569 5034 non
2618 4983 2862 5050 rapinam
2907 4983 3202 5037 arbitratus
3247 4999 3306 5039 es
3357 5000 3480 5038 esse

1905 5075 2164 5143 mqualem
2193 5075 2324 5135 Deo,
2359 5075 2451 5127 sed
2488 5074 2780 5128 humiliasti
2836 5075 3085 5141 teipsum,
3124 5084 3180 5128 et
3218 5078 3479 5144 accepisti
3542 5132 3544 5142 ,

1905 5165 2131 5218 formam
2160 5165 2320 5231 servi,
2354 5165 2782 5234 benedixistique
2805 5167 3052 5218 naturam
3085 5180 3256 5219 meam
3297 5167 3351 5219 itt
3389 5176 3478 5220 te:

1909 5255 2181 5326 perfecisti
2203 5255 2374 5326 legem
2408 5264 2550 5309 tuam
2579 5270 2809 5325 prome,
2842 5255 3125 5310 ostendisti
3152 5257 3281 5309 mihi
3321 5257 3486 5309 ratio-

1909 5364 2032 5403 nem
2062 5348 2374 5415 resurgendi
2399 5358 2520 5418 post
2542 5347 2748 5417 lapsum
2785 5367 2796 5400 :
2836 5348 3070 5402 liberasti
3095 5363 3189 5401 eos
3227 5350 3315 5416 qui
3347 5350 3486 5417 apud

1909 5438 2111 5494 inferos
2151 5439 2528 5493 detinebantur
2563 5458 2577 5494 :
2619 5439 2884 5494 sustulisti
2923 5440 3357 5494 maledictionem
3406 5438 3484 5494 le-

1911 5529 1991 5599 gis
2027 5550 2039 5585 :
2081 5531 2393 5585 destrusiSti
2427 5541 2703 5599 peccatum
2735 5531 2786 5584 itt
2817 5545 3015 5585 carne:
3041 5530 3326 5586 ostendiSti
3351 5531 3484 5583 mihi

1910 5621 2202 5690 potentiam
2229 5621 2436 5692 imperii
2470 5623 2543 5677 tui
2569 5637 2584 5675 :
2615 5622 2808 5677 dedisti
2833 5622 3003 5678 visum
3023 5622 3179 5678 CiBClS
3201 5638 3214 5673 :
3235 5620 3482 5676 excitasti

3127 5713 3200 5756 ωε)
