3898 6222
522 247 632 307 683

528 375 768 420 mortuos
787 361 852 417 de
883 369 1138 430 sepulcris

524 454 880 512 manifestasti
927 455 1055 509 mihi
1093 456 1546 526 dispensationem
1599 460 1900 514 clementia:
1948 470 2087 525 true;

524 548 766 605 tolerasti
792 548 1015 616 injurias
1042 549 1347 618 iniquorum
1383 566 1397 604 :
1427 551 1699 620 przebuisti
1725 563 1928 618 tergum
1963 567 2086 605 ver-

522 638 774 702 beribus,
820 647 873 692 et
922 652 1088 705 genas
1140 647 1258 693 tuas
1315 641 1721 708 percussoribus
1762 641 2084 710 permisisti;

519 738 739 799 propter
765 743 868 795 me,
898 728 1135 794 Domine,
1165 744 1268 784 non
1312 731 1551 785 avertiSti
1594 733 1794 784 vultum
1839 738 1986 783 tuum
2020 730 2086 782 ab

521 817 808 887 ignominia
847 826 1140 884 sputorum.

596 905 846 975 Populus.
887 905 1128 972 Domine,
1156 906 1432 965 miserere.

589 995 866 1049 Sacerdos.
905 992 1109 1048 Venisti
1141 994 1205 1048 ad
1236 996 1562 1050 occisionem
1603 1002 1858 1063 tanquam
1889 1011 2079 1065 agnus,

518 1102 687 1156 usque
707 1087 772 1140 ad
791 1101 1002 1140 crucem
1037 1105 1052 1140 :
1091 1087 1471 1141 demonstrasti
1503 1087 1914 1142 Sollicitudinem
1939 1100 2081 1142 tuam

518 1193 645 1244 erga
683 1193 806 1231 me:
835 1177 1076 1231 occidisti
1114 1188 1393 1246 peccatum
1425 1193 1600 1232 meum
1633 1193 1725 1247 per
1751 1178 2081 1246 sepulturam

517 1277 664 1320 tuam
696 1285 708 1320 :
743 1267 960 1322 elevasti
981 1268 1244 1337 primitias
1271 1283 1417 1323 meas
1445 1283 1616 1336 usque
1645 1269 1711 1321 ad
1742 1269 1941 1324 caelos:
1972 1287 2082 1322 ma-

519 1358 786 1412 nilestasti
851 1359 980 1412 mihi
1029 1359 1319 1414 adventum
1386 1369 1532 1414 tuum
1580 1357 1840 1425 futurum,
1891 1361 1942 1414 in
1977 1375 2082 1428 quo

515 1458 774 1504 venturus
814 1465 872 1505 es
902 1451 1146 1520 judicare
1179 1453 1329 1507 vivos
1383 1460 1438 1506 et
1490 1460 1751 1519 mortuos,
1786 1461 1844 1506 ut
1887 1453 2080 1510 reddas

515 1540 801 1608 unicuique
832 1541 1123 1595 secundum
1160 1555 1324 1611 opera
1359 1556 1478 1596 sua.

583 1629 840 1701 Populus.
879 1631 1184 1687 Secundum
1227 1631 1650 1688 misericordiam
1699 1640 1868 1698 tuam,
1914 1631 2074 1699 Deus,

514 1731 621 1779 etc.

655 1813 929 1869 Sacerdos.
966 1814 1144 1870 Ollero
1193 1817 1307 1880 tmi,
1352 1831 1592 1886 uom.ne,
1635 1818 1874 1889 symbola
1940 1818 2079 1874 libe-

515 1903 742 1959 rationis
795 1920 926 1959 mea:
960 1921 976 1960 :
1008 1906 1187 1960 scribo
1223 1919 1386 1974 opera
1429 1922 1548 1960 mea
1580 1909 1874 1962 secundum
1910 1908 2078 1963 verba

517 2007 604 2049 tua
625 1995 699 2068 (4)
735 2013 750 2050 :
785 1997 864 2050 'l'u
893 2011 952 2052 es
993 1997 1085 2066 qui
1135 1997 1326 2052 dedisti
1374 1998 1504 2052 mihi
1562 2000 1664 2054 hoc
1719 1999 2074 2054 ministerium

587 2133 663 2203 (b)
703 2132 976 2188 Obscurus
1010 2133 1194 2200 locus,
1227 2149 1385 2204 quem
1425 2137 1717 2191 secundum
1748 2138 2072 2192 sententiam

511 2201 748 2271 Coptica:
778 2204 1039 2258 versionis
1074 2201 1431 2268 reddidimus,
1462 2216 1516 2259 et
1556 2222 1713 2275 quem
1749 2208 2073 2275 interpretes

515 2275 756 2346 Arabes,
789 2282 896 2324 tam
933 2275 1098 2346 istius
1137 2275 1341 2346 codicis
1381 2276 1584 2344 Coptici
1611 2315 1628 2346 ,
1672 2291 1834 2346 quam
1873 2278 2068 2343 Grzeci,

514 2359 621 2396 non
654 2344 902 2397 videntur
932 2344 1272 2399 intellexisse.
1305 2344 1490 2399 Graeca
1533 2344 1730 2400 nullam
1761 2347 2068 2401 obscurita-

510 2421 618 2486 tem
638 2412 852 2486 habent.
873 2411 1087 2483 Ταύτης
1107 2431 1206 2486 pou
1230 2415 1326 2483 τῆς
1349 2414 1659 2486 ἐλευθερίας
1680 2417 1970 2486 προσφέρω
1989 2433 2071 2469 σοι

510 2481 581 2536 τὰ
630 2481 896 2557 σύμϐρλα·
940 2481 1053 2557 τλοίά
1097 2481 1304 2557 ῥήμασί
1352 2501 1444 2537 σου
1487 2481 1776 2555 ὲτέιγράῴω
1820 2481 2069 2557 saepe.

510 2551 920 2624 yparaaislius
961 2551 1280 2624 liberationis
1318 2570 1447 2607 mete
1494 2551 1743 2624 (scilicet
1785 2569 1880 2624 per
1923 2551 2069 2611 salu-

512 2622 920 2694 taremCltristi
966 2623 1020 2676 in
1072 2638 1236 2694 carne
1259 2622 1754 2694 dispensationem)
1783 2622 1946 2693 offero
1973 2627 2067 2679 tibi

511 2691 744 2762 symbolo
770 2707 799 2762 :_
818 2692 981 2762 uerbis
1010 2693 1114 2746 tuis
1148 2709 1228 2745 res
1251 2693 1474 2747 ascribo.
1506 2693 1628 2748 lla'c
1658 2691 2069 2762 igiturrsenten-

513 2760 587 2814 tia
615 2771 734 2833 est:
767 2760 945 2815 Oli‘ero
972 2763 1063 2816 tibi
1086 2763 1199 2816 haec
1219 2763 1479 2833 symbola,
1507 2778 1601 2818 seu
1627 2760 1890 2818 elementa
1916 2766 2069 2833 panis

512 2841 568 2885 et
602 2831 732 2892 vini,
758 2847 876 2899 qua:
897 2847 960 2885 ex
987 2843 1096 2897 tuo,
1124 2831 1359 2896 Christe,
1391 2833 1653 2898 instituto,
1678 2831 2070 2898 repraesentant

501 2901 819 2972 passionem
875 2910 1038 2972 tuam,
1090 2917 1185 2970 per
1213 2917 1372 2970 quam
1417 2917 1448 2955 a
1499 2911 1718 2972 peccato
1759 2912 2067 2972 aeternaque

1541 244 1870 303 LITURGlA
1909 245 1968 301 S.
2005 242 2337 301 GREGORII
2375 243 2696 302 COPTICA.

1181 381 1195 418 :
1237 365 1566 420 resuscitasti
1599 377 1844 421 naturam
1875 381 2036 421 veroo
2073 386 2085 420 :
2118 376 2162 428 Α
2192 365 2403 434 plenum
2431 366 2688 434 mysterio
2727 381 2740 416 :

3656 243 3768 298 δια

2787 362 3089 431 dedistique
3133 362 3260 416 mihi
3289 361 3767 438 participationem

2191 458 2430 525 corporis
2459 460 2537 509 tui
2566 457 2617 509 in
2656 470 2792 523 pane
2825 464 2880 507 et
2909 454 3055 506 vino.

2259 547 2514 615 Populus.
2541 548 2820 602 Credimus
2848 544 3254 618 [Πιστεύομεν].

2201 687 2206 696 ,
2267 638 2547 694 Sacerdos.
2581 637 2710 693 Nam
2740 653 2799 691 ea
2838 639 3070 691 noctein
3107 653 3211 705 qua
3243 637 3376 690 tradi
3417 636 3632 691 voluisti
3659 635 3764 707 (5).

2188 730 2467 784 voluntate
2498 743 2552 784 et
2590 739 2857 800 potestate
2898 737 2985 782 tua
3031 729 3164 793 sola,
3198 729 3451 796 accepisti
3481 742 3668 797 panem
3707 729 3763 780 in

2187 836 2378 874 manus
2401 830 2518 875 tuas
2540 830 2777 883 sanctas,
2816 833 2997 886 puras,
3034 818 3430 885 immaculatas,
3471 819 3658 872 beatas
3705 825 3764 870 et

2185 909 2538 964 viviﬁcantes.

2255 998 2511 1068 Populus.
2539 999 2820 1054 Credimus
2847 1001 2919 1054 ita
2947 1013 3087 1053 esse.

2255 1090 2532 1148 Sacerdos.
2562 1092 2630 1146 Et
2651 1092 2939 1161 suspexisti
2967 1092 3018 1144 in
3039 1089 3233 1145 ccelum
3263 1089 3328 1142 ad
3363 1087 3574 1142 Patrem
3607 1097 3757 1142 tuum

2186 1183 2376 1248 Deum,
2410 1199 2474 1238 ac
2515 1185 2798 1238 Dominum
2831 1184 3098 1246 omnium,
3122 1190 3177 1237 et
3199 1181 3402 1251 gratias
3434 1181 3612 1251 egisti.

2253 1273 2508 1342 Populus.
2547 1275 2739 1330 Amen.

2251 1362 2532 1420 Sacerdos.
2561 1363 2628 1416 Et
2659 1360 2978 1417 benedixisti
3020 1359 3190 1415 illum.

2251 1455 2509 1525 Populus.
2540 1457 2730 1510 Amen.

2255 1545 2528 1601 Sacerdos.
2559 1546 2625 1600 Et
2653 1546 3005 1602 sanctiﬁcasti
3039 1544 3211 1600 illum.

2254 1638 2507 1709 Populus.
2539 1638 2731 1695 Amen.

2260 1726 2540 1783 Sacerdos.
2578 1729 2643 1782 Et
2690 1729 2898 1799 fregisti
2932 1727 3106 1791 illum,
3147 1735 3200 1780 et
3236 1725 3428 1780 dedisti
3465 1723 3612 1778 illum
3647 1723 3753 1778 luis

2182 1820 2432 1888 gloriosis
2459 1820 2736 1890 discipulis
2762 1820 2965 1876 sanctis
2982 1827 3034 1874 et
3051 1817 3306 1888 apostolis
3326 1815 3495 1884 puris,
3525 1813 3748 1868 dicens:

2179 1911 2435 1982 Accipite,
2488 1913 2805 1966 manducate
2849 1925 2916 1964 ex
2955 1925 3021 1964 eo
3067 1921 3274 1962 omnes.
3348 1904 3462 1959 Hoc
3489 1912 3574 1959 est
3607 1905 3752 1958 enim

2179 2018 2374 2073 corpus
2400 2017 2576 2057 meum
2610 2003 2750 2073 quod
2779 2001 3043 2071 frangitur
3073 2015 3168 2071 pro
3203 1997 3378 2065 vobis,
3408 2007 3465 2054 et
3491 2010 3590 2068 pro
3616 1997 3752 2050 mul-

2175 2150 2260 2215 est
2291 2160 2305 2195 :
2343 2141 2570 2215 aliorum
2598 2141 3007 2215 interpretum,
3049 2137 3442 2215 qualiscunque
3485 2135 3593 2215 sit,
3628 2147 3736 2214 non

2175 2213 2387 2266 videtur
2431 2213 2556 2265 huic
2595 2210 2713 2264 loco
2765 2206 3082 2264 convenire;
3115 2207 3300 2274 Neque
3349 2206 3535 2260 mirari
3585 2206 3740 2274 quis-

2172 2296 2334 2350 quam
2385 2281 2542 2336 debet
2587 2281 2732 2348 quod
2789 2281 2841 2334 in
2893 2279 3096 2334 Graecis
3157 2275 3579 2344 interpretandis
3619 2275 3745 2350 _ali-

2173 2346 2385 2418 quando
2434 2346 2751 2404 hallucinati
2801 2351 2910 2404 sint
2941 2349 3251 2418 versionum
3282 2355 3569 2418 auctores,
3603 2346 3743 2418 Ara-

2173 2413 2417 2475 bicarum
2473 2425 2808 2487 presertim,
2860 2419 2952 2489 qui
3003 2417 3223 2489 Graecas
3276 2430 3437 2489 voces
3506 2413 3742 2482 Coptica:

2172 2489 2404 2544 orationi
2452 2483 2692 2552 inlusus,
2741 2483 2892 2558 saepe
2940 2502 3043 2541 non
3103 2486 3234 2541 satis
3265 2483 3672 2558 intellexerunt
3721 2501 3738 2536 :

2173 2559 2350 2633 quod,
2387 2559 2478 2612 ubi
2507 2574 2643 2627 opus
2675 2554 2832 2633 erit,
2869 2555 3339 2633 monebimustha
3391 2554 3444 2633 i_n
3478 2567 3736 2633 ea.pr.e_ce

2171 2623 2290 2698 qua:
2335 2631 2490 2682 istam
2536 2623 2778 2696 proxime
2831 2626 3135 2698 antecedit,
3193 2623 3420 2678 Elevasti
3453 2623 3740 2698 ‘primitias

2170 2692 2312 2752 meas
2346 2713 2504 2764 usque
2536 2692 2622 2749 ’σά
2656 2698 2873 2759 cmlum,
2913 2707 2972 2751 ut
3019 2697 3179 2751 habet
3221 2705 3402 2747 textus
3446 2692 3739 2764 Coptieus,

2171 2766 2390 2829 Graece,
2419 2762 2502 2829 el;
2542 2767 2766 2838 οὐρανόν
2809 2783 2909 2836 μου
2951 2767 3048 2836 τὴν
3079 2762 3738 2838 ἀπαρχὴν-ἀνεϐίόαςξας)

2171 2839 2432 2892 sententia
2459 2847 2540 2890 est
2562 2834 2820 2903 simplex,
2841 2834 3179 2904 maximeque
3203 2834 3504 2904 theologica
3535 2848 3560 2904 :_
3584 2834 3738 2886 Chri-

2170 2915 2307 2959 stum
2350 2921 2564 2960 caruem
2596 2902 2768 2970 suam,
2800 2907 2879 2960 vel
2908 2902 3106 2973 p0tius_
3130 2903 3400 2957 hominem
3437 2917 3502 2956 ex
3535 2902 3732 2956 Adami

512 2971 854 3056 damnatione
891 2971 1260 3054 liberationem
1303 2971 1632 3056 consecutus.
1665 2987 1825 3035 sum,
1867 2971 2068 3053 faciens
2097 2983 2142 3044 (ζ
2174 2976 2429 3056 progenie
2495 2971 3177 3056 assumptum,‘tanquam
3245 2973 3460 3026 humani
3517 2973 3738 3051 generis

499 3040 655 3112 vquod
692 3040 806 3109 ipse
827 3039 1076 3106 jussisti:
1120 3057 1208 3096 res
1233 3056 1382 3102 vero,
1423 3042 1535 3096 sive
1557 3040 1804 3112 eﬂ‘ectnm
1839 3042 2068 3112 promis-

495 3110 681 3165 -sionis
711 3126 740 3163 a
785 3120 835 3164 te
862 3111 1038 3175 laetae,
1071 3112 1281 3179 quaties
1315 3113 1628 3165 memoriam
1663 3111 1736 3164 tui
1777 3110 1852 3165 ita
1881 3126 2066 3179 agere-

510 3194 633 3233 mus
654 3221 670 3246 ,
715 3195 820 3233 non
850 3182 984 3234 meis
1019 3181 1226 3235 meritis
1248 3219 1263 3243 ,
1294 3182 1386 3235 sed
1418 3183 1596 3234 verbis
1627 3181 1730 3234 tuis
1753 3219 1769 3244 ,
1801 3196 1918 3246 quae
1945 3196 2065 3235 mox

511 3251 786 3304 recitanda
818 3258 943 3304 sunt
977 3252 1211 3313 ascribo,
1244 3253 1318 3303 ita
1344 3260 1405 3303 ut
1446 3252 1513 3304 ab
1539 3251 1750 3305 illorum
1781 3253 1979 3304 virtute
2011 3261 2066 3305 et

510 3321 899 3388 promissorum
937 3330 1146 3374 tuorum
1179 3319 1502 3374 certitudine
1529 3331 1700 3373 towm
1730 3329 2057 3386 exspectem.

509 3390 974 3458 Arabsjnterpres
1008 3391 1160 3457 cujus
1190 3391 1365 3443 versio
1399 3391 1673 3443 contextui
1707 3389 1955 3458 adjuncta
1983 3399 2068 3443 est

509 3406 684 3442 arans
711 3406 849 3442 mter
889 3406 974 3444 res
1008 3406 1160 3457 cujus
1190 3406 1365 3443 versro
1399 3406 1673 3443 contexuit
1707 3406 1955 3458 aujuncm
1983 3406 2064 3443 es:

499 3458 568 3529 in
611 3446 796 3513 codice
838 3406 1004 3529 [gegio
1025 3501 1040 3526 ,
1073 3463 1143 3515 ita
1172 3461 1372 3513 vertit:
1404 3458 1580 3526 Olfero
1613 3460 1704 3512 tibi
1735 3459 1968 3528 symbolo
1998 3459 2064 3511 li-

497 3527 795 3581 berationis
827 3527 954 3582 mete
980 3532 1035 3583 in
1064 3530 1225 3583 verbis
1255 3531 1380 3594 tuis,
1413 3530 1624 3598 designo
1654 3527 1908 3597 perepta
1934 3541 2026 3582 tua
2047 3545 2067 3584 :

513 3599 638 3664 quia
697 3599 936 3652 ultimam
987 3615 1171 3655 vocem
1231 3600 1441 3652 videtur
1490 3599 1562 3652 ita
1625 3598 1846 3666 legisse,
1893 3607 1953 3652 ut
2000 3614 2066 3652 ex

505 3667 813 3740 πράγματα
830 3667 1036 3740 fecerit
1072 3669 1501 3740 προστάγματα.
1553 3667 2064 3740 Cont_pendia___enim

513 3737 793 3807 scripturae
817 3737 1020 3807 Graecis
1069 3737 1305 3793 librariis
1337 3737 1523 3791 mediae
1550 3738 1724 3807 artatis
1760 3737 2065 3792 familiaris-

512 3805 672 3873 sima,
701 3821 844 3876 saepe
881 3806 1056 3863 fraudi
1101 3807 1522 3876 descriptoribus
1550 3805 1735 3876 fuisse,
1765 3808 1946 3861 sciunt
1973 3808 2064 3876 qui

514 3875 911 3946 manuscriptos
967 3878 1179 3933 codices
1219 3875 1617 3946 tractaverunt,
1657 3875 1751 3928 Ille
1799 3889 1928 3946 vero
1973 3875 2067 3944 qui

506 3944 740 4016 Regium
772 3944 1075 4013 descripsit,
1099 3963 1210 4002 suae
1236 3946 1402 4016 ipsius
1432 3945 1720 4016 imperitite
1746 3945 1910 4016 multa
1938 3947 2066 4016 reli-

500 4014 630 4083 equi't
669 4017 904 4082 indicia,
943 4017 1035 4070 sed
1076 4032 1236 4086 quam
1261 4014 1533 4070 dubitaret
1572 4015 1640 4069 de
1681 4014 2068 4086 signiﬁcatione

509 4099 706 4156 vocum
744 4085 1120 4156 compendiose
1148 4087 1482 4156 scriptarum
1531 4095 1755 4156 testatus
1798 4085 2066 4156 est,_dnm

507 4154 745 4210 indicem
767 4153 974 4219 earum,
997 4171 1116 4224 qua:
1145 4155 1199 4209 in
1226 4153 1431 4210 duabus
1458 4156 1578 4210 istis
1607 4153 1862 4222 Liturgiis
1893 4153 2068 4208 obviae

514 4234 660 4290 sunt,
686 4227 752 4278 ad
793 4229 950 4278 linem
980 4226 1191 4292 adjecit.

589 4292 792 4349 Textus
819 4310 945 4348 vero
977 4291 1260 4363 Co’pticus,
1287 4294 1376 4362 qui
1407 4293 1715 4362 primariam
1740 4291 1914 4363 Graeci
1946 4307 2066 4346 ver-

506 4363 724 4417 sionem
754 4364 997 4428 exhibet,
1031 4362 1187 4417 aliter
1211 4365 1432 4418 omnino
1463 4365 1652 4417 eadem
1677 4362 1839 4415 verba
1870 4377 2066 4430 repraa-

516 4443 731 4503 sentat,
775 4450 840 4487 eo
872 4435 1077 4487 scilicet
1115 4448 1222 4503 quo
1252 4436 1614 4498 expressimus
1643 4432 1799 4503 modo
1833 4449 1847 4484 :
1888 4430 2066 4503 affero

519 4502 613 4572 tibi
637 4504 869 4572 symbolo
889 4499 1208 4572 liberatioiris
1229 4518 1372 4565 mete,
1401 4503 1488 4572 ubi
1511 4517 1612 4572 vox
1643 4500 1830 4572 Grteca
1858 4499 2068 4572 ceptio-

465 4579 467 4582 ‘
513 4571 629 4634 λον,
666 4569 913 4641 sequens
951 4571 1268 4642 Egyptiaca
1317 4570 1646 4642 ἐλευθερίαν,
1686 4569 2063 4642 ὲλεψθέρωσρν,

517 4639 998 4712 oisolutidnemque
1029 4639 1324 4712 significat,
1367 4639 1758 4712 usurpaturque
1789 4639 1938 4712 initio
1961 4639 2068 4712 _Li-

519 4713 814 4779 turgiarum
849 4713 914 4765 ad
955 4710 1162 4764 titulum
1215 4711 1473 4765 orationis
1521 4710 1660 4763 illius
1683 4749 1698 4772 ,
1729 4710 2066 4779 quzedicitur

513 4778 894 4834 Abs’olutionis.
919 4780 1103 4836 Scriba
1128 4797 1282 4848 Opera
1298 4797 1410 4833 mea
1443 4783 1727 4833 secundum
1750 4778 1899 4830 verba
1928 4788 2021 4831 tua
2043 4793 2061 4828 .'

514 4850 585 4901 ita
634 4852 699 4904 ad
743 4851 962 4905 verbum
1011 4851 1185 4904 versio
1229 4850 1456 4902 Arabica
1501 4863 1618 4916 quae
1661 4848 2059 4916 ambiguitatem

514 4919 699 4984 habet,
737 4922 863 4990 quia
893 4920 1103 4974 Arabes
1130 4933 1366 4990 prragsens
1385 4929 1440 4971 et
1463 4918 1831 4990 futurumtton
1868 4918 2061 4990 distiu-

511 4999 681 5054 guuut
729 4986 780 5042 in
831 4986 1445 5043 verborum’inllexione
1494 5005 1510 5042 :
1559 4989 1666 5040 imo
1714 4986 2060 5054 imperativus

515 5059 702 5112 niodus
725 5059 1028 5113 nullatenus
1054 5057 1246 5112 dill'ert.
1263 5059 1455 5124 itaque
1481 5057 1617 5111 verti
1649 5065 1838 5124 potest,
1864 5056 2053 5117 scribo,

511 5137 569 5178 ut
605 5131 909 5183 vertendum
937 5136 1020 5181 est
1051 5127 1339 5181 secundum
1369 5127 1612 5181 Graecum
1647 5125 1918 5192 exemplar
1945 5127 2055 5190 pri-

510 5198 762 5261 marium,
787 5197 1011 5250 scribam
1032 5235 1047 5260 ,
1075 5208 1166 5250 aut
1195 5199 1334 5249 sicut
1364 5196 1624 5249 Maronita
1660 5194 1841 5254 vertit,
1877 5194 2057 5248 Scribe

507 5281 666 5332 opera
695 5283 809 5321 mea
841 5269 1125 5320 secundum
1176 5268 1385 5320 uerbum
1418 5277 1584 5318 tuum.
1630 5264 1743 5317 Vox
1766 5263 2054 5332 symbolum

509 5337 672 5391 variis
706 5338 956 5390 Arabicis
990 5337 1210 5390 vocibus
1244 5337 1586 5404 exprimitur,
1625 5348 1744 5402 quae
1778 5343 1954 5385 tamen
1987 5334 2053 5385 ad

470 5408 746 5460 -eamdem
793 5405 1240 5474 signiﬁcationem
1280 5404 1604 5465 referuntur,
1637 5417 1826 5470 nempe
1859 5410 2050 5474 .1313th

507 5471 1702 5544 typusm'nwbsignum,mminexemplum,
1725 5482 1830 5528 etc.
1861 5471 1927 5544 Ut
1954 5475 2054 5525 ob-

506 5558 920 5600 servavnuusex
951 5543 1355 5612 comparatiOue
1389 5546 1724 5597 diversorum
1767 5543 2037 5612 codicum,

503 5629 622 5679 «tua:
640 5617 867 5670 varietas
880 5611 1282 5685 perpluit-atem
1303 5615 1648 5685 interpretum
1664 5612 1795 5685 satis
1819 5611 2042 5685 indicat.

504 5688 777 5743 Sententia
810 5680 1187 5756 quam—Graeca
1219 5685 1379 5739 verba
1413 5680 1721 5753 praeferunt,
1754 5680 2044 5751 simplicior

2175 3042 2473 3114 primitias,
2519 3046 2571 3098 in
2609 3045 2802 3098 ctelum
2850 3042 3128 3105 elevasSe,
3181 3052 3290 3114 tum
3331 3055 3426 3114 per
3473 3042 3734 3114 unionem

2173 3112 2369 3168 divinae
2417 3123 2658 3178 naturae,
2696 3123 2805 3182 turn
2856 3129 2950 3182 per
2989 3112 3458 3182 ascensionemin
3513 3112 3734 3165 caelum.

2175 3183 2392 3238 Scilicet
2439 3183 2684 3251 primitias
2731 3181 3010 3243 Christus,
3056 3183 3306 3251 primitias
3357 3181 3739 3251 dormientium

2173 3251 2227 3324 (1
2253 3252 2372 3324 Cor.
2403 3248 2492 3318 xv,
2521 3253 2621 3324 25)
2655 3269 2669 3306 :
2697 3261 2751 3305 et
2783 3254 2975 3324 eodem
2995 3266 3152 3324 sensu
3182 3251 3232 3324 in
3273 3249 3510 3319 Liturgia
3532 3248 3740 3324 _I‘_{esto-

2174 3319 2238 3376 rii
2271 3323 2606 3378 Eucharistia
2643 3331 2864 3375 vocatur
2911 3319 3119 3374 Oblatio
3161 3321 3274 3372 viva
3303 3329 3349 3372 et
3400 3319 3735 3386 sacriﬁcium

2173 3408 2276 3444 non
2311 3401 2618 3455 mactatum,
2659 3392 3012 3455 primitiarum
3066 3399 3386 3443 nostrarum.
3421 3388 3554 3442 Cum
3601 3404 3736 3443 vero

2173 3460 2400 3529 Coptita:
2427 3463 2748 3516 retinuerint
2778 3476 2980 3514 vocem.
2999 3461 3169 3530 ipsam
3203 3457 3446 3530 Graecam
3475 3459 3735 3530 ἀπαρχὴ.

2173 3531 2420 3600 ambigue
2453 3533 2664 3600 quidem
2695 3544 2816 3584 eam
2851 3529 3078 3582 reddidit
3113 3529 3285 3600 Arabs
3306 3529 3457 3600 ._qui_
3487 3529 3738 3582 codicem

2171 3595 2415 3654 Graecisin
2434 3595 2814 3668 idterpretatus
2833 3608 2914 3652 est
2935 3605 3122 3658 tamen
3145 3614 3159 3650 :
3186 3597 3276 3666 qui
3309 3595 3586 3668 Copticum
3611 3612 3741 3666 pes-

2171 3672 2340 3734 sime;
2397 3665 2590 3738 nempe
2653 3668 2963 3738 oblationem
3037 3665 3215 3720 meam'
3255 3674 3476 3738 nam:
3537 3665 3622 3721 Ut'
3682 3671 3740 3723 in

2173 3738 2359 3794 codice
2401 3737 2742 3807 Scaligerano
2779 3755 2793 3790 :
2826 3737 2916 3807 al_i_i
2975 3747 3095 3807 uota
3134 3753 3284 3807 mea_,
3326 3746 3384 3807 ut
3411 3737 3419 3754 '
3451 3737 3650 3805 Regius
3679 3748 3742 3792 et

2174 3819 2357 3863 noster
2389 3826 2403 3863 :
2431 3804 2576 3862 nullé
2635 3821 2818 3862 sensu.
2869 3804 2982 3860 Nec
3012 3806 3156 3859 enim
3223 3804 3472 3860 Christus
3500 3804 3741 3862 elevavit

2173 3877 2240 3930 ad
2275 3877 2440 3932 caelos
2480 3877 2744 3946 primitias
2776 3885 2832 3930 et
2862 3875 3194 3946 oblationes,
3229 3875 3272 3929 si
3311 3876 3376 3928 de
3393 3875 3562 3946 donis
3605 3890 3741 3944 pro-

2173 3947 2363 4012 positis
2409 3943 2734 4016 intelligatur
2790 3948 2903 4000 hacc
2951 3945 3232 4016 orationis,
3261 3943 3560 4016 particula,
3610 3943 3741 4011 quae

2173 4019 2408 4071 nondum
2449 4014 2762 4072 consecrata
2793 4024 2936 4071 sunt.
2979 4014 3162 4081 Neque
3187 4014 3510 4068 oblationem
3543 4029 3738 4068 sacer-

2173 4085 2271 4139 dos
2305 4095 2451 4141 recte
2481 4101 2673 4140 vocare
2703 4094 2872 4154 potest
2907 4084 3163 4150 primitias
3190 4099 3314 4154 suos
3343 4092 3390 4136 et
3423 4093 3543 4136 voto
3587 4101 3694 4137 sua
3718 4123 3736 4148 ,

2173 4168 2295 4208 cum
2336 4169 2505 4224 neque
2534 4153 2782 4224 primitiae
2811 4157 2941 4224 sint,
2977 4155 3189 4221 proprie
3219 4153 3508 4224 loquendo,
3549 4168 3736 4222 neque

2172 4232 2295 4278 vota
2330 4223 2499 4288 illius,
2537 4223 2633 4278 sed
2672 4223 2833 4278 totius
2877 4223 3134 4278 Ecclesiae
3170 4230 3224 4276 et
3260 4223 3736 4277 circumstantium

2176 4307 2403 4361 quorum
2445 4297 2658 4347 nomine
2689 4293 2777 4346 illa
2819 4291 2970 4346 olTert
3003 4311 3016 4344 :
3055 4292 3323 4357 totiusque
3349 4294 3615 4345 orationis
3643 4309 3736 4347 se-

2171 4367 2313 4425 ries,
2347 4373 2406 4417 ut
2439 4363 2869 4416 animadvertere
2912 4361 3067 4416 facile
3097 4362 3326 4429 quisque
3355 4371 3550 4428 potest,
3582 4362 3734 4417 aliud

2169 4433 2294 4500 quid
2325 4433 2544 4486 omnino
2574 4433 2859 4501 signiﬁcat.

2238 4501 2312 4571 (5)
2350 4501 2480 4555 Tota
2533 4498 2674 4571 lucc
2704 4516 2826 4571 pars
2876 4498 3034 4553 ollicii
3082 4499 3424 4555 eucharistici
3472 4511 3731 4556 convenit

2167 4569 2500 4626 cum'Graaco
2532 4570 2768 4638 ejusdem
2797 4569 3050 4638 Liturgia:
3076 4573 3288 4632 codice,
3322 4579 3378 4623 ut
3403 4572 3565 4623 etiam
3605 4587 3726 4624 cum

2166 4641 2286 4694 aliis
2317 4640 2566 4694 omnibus
2589 4642 2733 4694 circa
2764 4640 3130 4692 recitatiOnem
3155 4639 3414 4693 instituta:
3441 4655 3471 4692 a
3505 4641 3724 4693 Christo

2168 4710 2552 4773 Eucharistize,
2583 4720 2638 4763 et
2691 4709 2977 4762 verborum
3009 4709 3175 4774 illius,
3213 4712 3280 4764 de
3312 4725 3416 4777 qua
3465 4709 3600 4762 nihil
3646 4721 3726 4763 est

2165 4779 2508 4849 singulariter
2536 4779 2949 4849 observandum,
2979 4789 3255 4849 praeterea
3279 4778 3573 4849 queedicta
3600 4791 3725 4832 sunt

2165 4849 2230 4899 ad
2258 4845 2508 4901 eumdem
2542 4849 2732 4916 locum
2760 4845 3015 4915 Liturgiie
3052 4847 3254 4901 Basilii.
3297 4845 3602 4916 Κλώμενον
3633 4850 3724 4900 καὶ

2160 4916 2542 4988 διαδέδόμενον,
2592 4921 2669 4988 de
2703 4914 3206 4983 Christi’COrpore,
3254 4927 3321 4988 uti
3359 4914 3722 4988 ἐκχυνόμενον

2162 4988 2227 5040 de
2255 4985 2453 5040 Christi
2486 4987 2747 5056 sanguine
2772 5024 2786 5048 ,
2820 5000 2913 5054 per
2947 5001 3182 5052 praesens
3217 4996 3270 5040 et
3301 4985 3538 5039 futurum
3568 4985 3720 5040 Vlcnl-

2160 5071 2261 5122 pus
2301 5056 2520 5123 intelligi
2556 5066 2762 5124 potest,
2793 5057 3083 5108 secumlum
3127 5057 3405 5110 versiones
3431 5056 3716 5124 Arabicas.

2161 5127 2216 5177 ln
2256 5122 2752 5194 Coptica’rersionc
2796 5125 3076 5194 frangitur,
3119 5135 3174 5179 et
3215 5125 3449 5177 dabitur.
3503 5122 3719 5178 Utrovis

2161 5197 2316 5250 modo
2337 5193 2523 5248 eadem
2547 5195 2866 5263 signiﬁcatio
2888 5204 2969 5246 est
2998 5209 3012 5245 :
3041 5193 3161 5263 Syri
3185 5196 3434 5263 przesenti
3474 5203 3718 5262 tempore

2157 5264 2314 5332 vulgo
2366 5261 2763 5331 expresserunt.
2813 5261 3113 5316 Mistiouem
3167 5261 3318 5331 aquae
3376 5277 3494 5316 cum
3559 5261 3714 5327 vino,

2156 5349 2313 5400 quam
2339 5333 2593 5388 Ecclesiae
2619 5347 2806 5386 omnes
2836 5343 3088 5397 servant,
3118 5348 3305 5387 contra
3337 5347 3498 5402 quam
3526 5336 3714 5388 existi-

2156 5413 2304 5456 mant
2347 5403 2746 5466 Protestantes,
2779 5403 2864 5456 hic
2892 5402 3039 5456 locus
3081 5405 3403 5468 continuat,
3450 5413 3509 5454 ut
3551 5407 3715 5456 etiam

2157 5471 2374 5540 reliquae
2400 5487 2588 5526 omnes
2614 5471 2886 5540 Liturgiae.
2912 5471 3210 5526 Nestoriani
3238 5473 3414 5528 edisse
3435 5483 3493 5525 et
3515 5472 3715 5526 bibisse

2153 5541 2422 5595 Christum
2459 5557 2522 5595 es
2555 5556 2689 5608 pane
2719 5553 2773 5594 et
2802 5543 2970 5596 calice
2999 5543 3328 5596 consecratis
3360 5541 3544 5595 dicunt
3583 5560 3598 5596 :
3635 5544 3714 5598 hic

2152 5612 2386 5735 Coptica.
2403 5612 2468 5664 de
2495 5613 2611 5667 solo
2633 5611 2819 5677 calice,
2847 5611 2988 5680 quod
3025 5621 3200 5666 tamen
3233 5613 3284 5666 in
3313 5609 3504 5666 Graeco
3530 5615 3712 5668 codice

2152 5695 2254 5734 non
2305 5693 2498 5735 eanur.

2152 5695 2254 5734 non
2287 5693 2498 5750 legitur.
