3898 6222
207 265 324 322 685

1240 270 1567 328 LITURGIA
1607 273 1666 328 S.
1705 269 2034 326 GREGORII
2071 268 2389 326 COPTICA.

3355 277 3458 333 688

206 385 287 438 tis
324 384 560 450 dabitur,
588 383 641 439 in
673 383 1045 441 remissionem
1067 397 1412 458 peccatorum
1451 408 1466 445 :
1501 391 1600 444 hoc
1627 389 1786 444 facite
1815 397 1862 449 Α
1890 388 1990 443 hoc
2037 403 2193 458 pane,
2227 397 2281 443 et
2309 386 2557 442 biberitis
2585 401 2652 441 ex
2705 387 2808 444 hoc
2848 389 3035 458 calice,
3069 393 3460 452 annuntiabitis

209 475 267 528 in
295 489 468 529 meam
493 475 1082 534 commemorationem.

283 562 541 634 Populus.
573 562 648 618 Ita
681 564 840 618 estin
882 566 958 619 rei
998 575 1244 622 veritate.
1285 568 1478 624 Amen.

286 653 564 710 Sacerdos.
602 653 862 710 Similiter
889 665 1169 726 postquam
1203 661 1572 726 comederunt,
1620 674 1779 715 acce-

207 742 335 812 pisti
360 742 608 810 calicem,
649 753 704 798 et
739 745 1003 802 miscuisti
1055 762 1178 803 eum
1229 762 1296 802 ex
1330 747 1506 804 fructu
1551 749 1676 806 vitis
1727 758 1784 804 et

209 849 390 903 aqua;
423 843 477 887 et
505 835 706 904 gratias
728 836 910 907 egisti.

281 925 455 990 Popul
461 942 539 978 us.
573 931 766 984 Amen.

283 1015 559 1073 Sacerdos.
591 1018 658 1072 Et
683 1018 1001 1074 benedixisti
1027 1018 1198 1074 illum.

283 1105 540 1177 Populus.
572 1109 765 1165 Amen.

280 1201 560 1256 Sacerdos.
595 1202 661 1256 Et
693 1203 1044 1260 sanctiﬁcasti
1076 1204 1249 1259 illum.

281 1290 542 1360 Populus.
574 1295 768 1350 Amen.

282 1384 562 1440 Sacerdos.
589 1387 652 1441 Et
681 1387 940 1458 gustasti,
967 1397 1022 1444 et
1051 1387 1240 1444 dedisti
1273 1387 1419 1444 illum
1454 1389 1558 1444 tuis
1587 1387 1784 1458 glorio-

204 1478 288 1533 sis
343 1478 620 1550 discipulis
669 1482 871 1536 sanctis
917 1490 973 1536 et
1020 1481 1278 1552 apostolis
1321 1483 1495 1551 puris,
1557 1483 1780 1538 dicens:

206 1572 474 1641 Accipite,
504 1572 672 1628 bibite
703 1587 771 1628 ex
810 1587 875 1628 eo
901 1588 1111 1629 omnes.
1138 1573 1237 1628 Hic
1267 1583 1350 1628 est
1377 1574 1522 1628 enim
1565 1573 1785 1644 sanguis

211 1676 366 1717 meus
395 1662 516 1716 novi
541 1660 897 1731 Testamenti,
932 1663 1023 1733 qui
1052 1662 1342 1717 elfunditur
1385 1677 1486 1730 pro
1524 1663 1696 1726 vobis,
1732 1673 1787 1716 et

1888 490 2116 535 mortem
2194 495 2366 534 meam
2430 487 2484 533 et
2545 479 2934 535 conﬁtebimini
3002 485 3460 542 resurrectionem

1888 585 2082 634 meam,
2120 580 2175 626 et
2212 571 2315 626 mei
2371 571 2690 625 memoriam
2746 570 2978 637 facietis,
3021 573 3193 630 donec
3222 576 3457 631 veniam.

1959 658 2216 729 Populus.
2241 660 2465 716 Mortem
2495 669 2659 727 tuam,
2691 661 2936 729 Domine,
2968 665 3368 732 annuntiamus,
3405 676 3462 723 et

1885 757 2129 802 sanctam
2163 747 2614 802 resurrectionem
2650 757 2792 804 tuam
2843 759 2897 804 et
2928 753 3300 808 ascensionem
3328 770 3463 810 con-

1888 837 2136 902 fitemur;
2167 845 2218 892 te
2245 837 2542 903 laudamus,
2575 838 2667 893 tibi
2703 840 2906 908 gratias
2932 843 3162 912 agimus,
3195 853 3248 901 et
3279 853 3335 901 te
3368 846 3462 902 de-

1887 943 2192 998 precamur,
2227 929 2451 984 Domine
2479 930 2620 986 Deus
2663 941 2868 987 noster.

1959 1019 2236 1074 Sacerdos.
2293 1021 2359 1075 Et
2404 1037 2545 1077 nunc
2603 1024 2800 1088 etiam,
2841 1026 3096 1093 Domine,
3143 1030 3459 1084 memoriam

1889 1115 2096 1183 agimus
2126 1117 2418 1170 descensus
2456 1117 2530 1169 tui
2566 1116 2632 1170 ad
2663 1127 2887 1183 terram,
2926 1129 2981 1173 et
3008 1121 3197 1175 mortis
3232 1129 3336 1176 tute
3376 1123 3460 1176 vi-

1891 1207 2175 1270 vilicautis,
2195 1216 2251 1260 et
2275 1208 2560 1275 sepulturae
2587 1217 2691 1262 tuae
2723 1209 3001 1268 triduame.
3031 1219 3085 1265 et
3107 1213 3462 1267 resurrectio-

1887 1294 1971 1349 nis
1996 1309 2026 1346 a
2050 1293 2296 1358 mortuis,
2336 1305 2392 1349 et
2433 1296 2768 1351 ascensionis
2804 1297 2871 1350 ad
2897 1299 3084 1364 ccelos,
3121 1311 3176 1354 et
3204 1302 3460 1357 sessionis

1891 1397 1995 1440 tua:
2025 1386 2090 1438 ad
2123 1387 2399 1441 dexteram
2423 1385 2602 1441 Patris
2634 1387 2729 1452 tui,
2755 1398 2810 1441 et
2843 1391 3102 1444 adventus
3135 1391 3207 1444 tui
3239 1393 3458 1446 secundi

1891 1477 1959 1532 de
1992 1477 2425 1532 cmiistremendi
2456 1487 2509 1531 et
2532 1478 2749 1545 gloriosi
2779 1478 3187 1548 :oﬂ‘erimusque
3211 1483 3300 1536 tibi
3345 1483 3461 1537 hate

1887 1571 2024 1624 dona
2073 1580 2186 1632 tua,
2243 1584 2311 1622 ex
2359 1570 2425 1624 iis
2471 1585 2590 1638 qua:
2638 1578 2726 1625 tua
2783 1579 2928 1637 sunt,
2966 1587 3061 1642 pro
3097 1573 3366 1640 omnibus,
3404 1583 3461 1631 et

1889 1667 2108 1726 propter
2134 1658 2336 1722 omnia,
2367 1666 2422 1712 et
2453 1659 2504 1711 in
2535 1659 2805 1714 omnibus.

211 1764 312 1819 pro
339 1750 524 1806 multis
551 1750 708 1805 datur
748 1751 803 1804 in
835 1751 1206 1806 remissionem
1249 1760 1589 1820 peccatorum
1627 1769 1642 1806 :
1687 1753 1789 1809 hoc
1820 1743 1863 1802 Β
1959 1747 2248 1801 Diaconus.
2278 1748 2513 1800 Adorate
2545 1747 2711 1801 Deum
2739 1764 2860 1803 cum
2896 1749 3088 1805 timore
3123 1760 3178 1806 et
3202 1761 3457 1809 tremore.

211 1840 376 1898 facile
409 1841 466 1896 in
505 1856 678 1897 meam
707 1843 1299 1914 commemorationem.

279 1928 538 2000 Populus.
566 1931 642 1986 Ita
676 1946 889 2003 quoque
915 1943 1000 1988 est
1032 1933 1086 1988 in
1117 1934 1192 1989 rei
1229 1933 1474 1988 veritate.

278 2021 566 2096 Sacerdos.
593 2023 1030 2094 Quotiescunque
1054 2023 1197 2079 enim
1231 2022 1686 2079 manducaveritis
1714 2038 1779 2080 ex

285 2199 366 2272 (6)
418 2198 636 2272 Insigne
678 2213 904 2270 prorsus
957 2199 1074 2272 haec
1119 2201 1303 2272 oratio
1360 2201 1602 2256 continet
1660 2198 1782 2254 fidei

211 2267 562 2337 Coptitarum
583 2273 649 2326 de
679 2267 805 2324 vera
837 2278 892 2323 et
923 2269 1053 2322 reati
1085 2268 1477 2324 elementorum
1515 2282 1784 2324 transmu-

214 2341 420 2394 tatione
468 2342 833 2395 testimonium
869 2357 883 2392 :
925 2339 1068 2406 quod
1121 2339 1173 2391 in
1213 2339 1402 2394 Graeco
1441 2341 1628 2394 codice
1678 2356 1781 2393 non

213 2411 397 2480 guinus
423 2410 638 2480 legitur,
665 2425 828 2478 quam
861 2409 914 2462 in
941 2408 1200 2480 Copticis.
1238 2409 1436 2463 Petunt
1461 2410 1686 2480 scilicet.
1727 2419 1784 2463 ut

128 2492 132 2495 ·
213 2477 361 2531 Deus
385 2477 704 2534 transmutet
725 2480 862 2532 dona
893 2479 1186 2548 proposita,
1229 2492 1358 2532 voce
1388 2495 1482 2532 sua
1518 2479 1653 2538 sola.
1683 2480 1786 2534 hoc

215 2557 303 2602 est
322 2551 547 2618 imperio
577 2563 676 2603 suo
699 2549 898 2613 divino,
926 2550 1065 2616 quod
1092 2549 1228 2600 idem
1252 2557 1334 2601 est
1365 2564 1425 2604 ac
1444 2551 1487 2601 si
1514 2550 1751 2604 dicerent
1769 2588 1788 2612 ,

216 2617 408 2685 petere
446 2633 506 2673 se
535 2619 586 2673 id
622 2620 762 2686 quod
798 2619 964 2672 solius
1004 2617 1408 2684 omnipotentiae
1439 2619 1633 2672 divinae
1657 2634 1792 2686 opus

217 2700 325 2740 est.
352 2689 527 2743 Verba
553 2703 675 2757 qua:
700 2688 1200 2757 transmutationem
1225 2688 1550 2756 signiﬁcant,
1577 2688 1786 2750 Graece,

223 2757 551 2829 Egyptiace
579 2756 635 2812 ct
655 2758 886 2811 Arabiae
912 2757 1124 2826 plenam
1151 2756 1316 2822 illam,
1344 2769 1398 2810 et
1425 2759 1686 2826 integram
1720 2760 1792 2810 rei

224 2850 282 2905 in
330 2865 442 2904 rem
497 2847 1022 2904 transformattonem
1063 2847 1387 2915 designant:
1419 2845 1666 2912 Phonkh,

227 2950 286 2996 et
314 2923 452 3026 τηις
487 2953 547 2996 ut
579 2939 824 2996 Graecum
855 2939 1242 3010 μεταποίησον.

1964 1838 2243 1894 Sacerdos.
2279 1838 2380 1904 Tu,
2420 1838 2663 1902 Domine,
2700 1856 2833 1896 voce
2885 1851 2974 1896 tua
3017 1843 3128 1897 sola
3162 1853 3456 1912 commuta,

1888 1929 2004 1984 haec
2033 1944 2151 1999 quae
2183 1939 2306 1982 sunt
2324 1929 2595 1999 proposita
2615 1929 2725 2000 (6);
2761 1939 2814 1984 tu
2840 1945 3022 1987 coram
3048 1933 3202 1988 nobis
3227 1934 3457 2002 positus,

1885 2021 2082 2092 perﬁce
2130 2021 2282 2077 nobis
2326 2021 2429 2076 hoc
2473 2023 2828 2102 ministerium
2879 2024 3097 2096 plenum
3144 2026 3453 2098 mysteriis:

1890 2199 1970 2255 cis
1999 2209 2370 2265 conservatur,
2404 2199 2640 2254 tulerunt
2668 2197 2998 2254 recentiores
3026 2200 3303 2264 Inonnulli,
3333 2199 3454 2256 fuse

1889 2269 1943 2323 in
1982 2273 2122 2324 notis
2154 2271 2222 2323 ad
2253 2269 2576 2323 Basilianam
2608 2267 2904 2338 Liturgiam
2930 2269 3184 2333 diximus,
3216 2286 3334 2338 qua:
3365 2286 3452 2324 re-

1889 2354 2090 2406 ponere
2115 2353 2333 2394 uecesse
2361 2354 2463 2393 non
2491 2347 2590 2392 est.
2621 2338 2675 2391 ld
2707 2337 2880 2392 solum
2920 2337 3280 2406 adjiciemus:
3313 2341 3457 2407 quod

1897 2425 2020 2462 cum
2054 2410 2142 2463 isti
2171 2423 2426 2464 censores
2450 2407 2748 2471 inolliciosi,
2781 2407 2925 2461 orari
2952 2423 3054 2462 non
3079 2424 3235 2477 posse
3265 2411 3455 2463 existi-

1898 2487 2047 2531 ment
2088 2494 2182 2547 pro
2212 2479 2377 2547 donis
2393 2478 2501 2543 jam
2541 2478 2907 2547 consecratis,
2941 2489 3129 2531 contra
3160 2479 3320 2533 totius
3355 2479 3458 2534 Ec-

1901 2545 2098 2602 clesia!
2117 2549 2316 2601 veteris
2350 2546 2638 2602 Orientalis
2665 2554 2718 2600 et
2741 2545 3101 2600 Orcidentalis
3127 2548 3456 2616 exemplum,

1899 2632 2020 2678 qum
2057 2617 2322 2671 similibus
2360 2617 2690 2670 orationibus
2720 2616 2885 2670 deleri
2915 2618 3202 2671 verborum
3243 2618 3452 2672 Christi

1901 2686 2193 2757 elﬁcaciam
2227 2702 2497 2757 nunquam
2529 2685 2894 2757 existimavit,
2938 2701 3004 2740 ex
3051 2687 3152 2740 ista
3199 2687 3458 2757 intelligi-

1904 2772 2054 2818 mus,
2083 2756 2346 2826 Coptitas,
2371 2771 2566 2824 corpus
2606 2756 2804 2826 Christi
2831 2755 2959 2826 jam
3005 2771 3246 2824 praesens
3289 2755 3456 2826 agno-

1903 2840 2055 2880 scere
2078 2867 2094 2892 ,
2133 2841 2255 2879 cum
2295 2825 2439 2878 illam
2463 2863 2480 2887 ,
2526 2833 2580 2879 et
2605 2825 3002 2878 lnvocationem
3038 2841 3157 2894 quae
3187 2825 3452 2890 sequitur,

1899 2895 2266 2964 pronuntiant.
2308 2896 2378 2948 At
2414 2895 2528 2948 haec
2559 2896 2925 2949 controversia
2961 2894 3330 2964 Protestantes
3360 2897 3448 2948 ni-

1902 2963 1975 3019 hil
2005 2966 2190 3034 juvat;
2232 2980 2408 3033 neque
2439 2963 2770 3025 auctoritati,
2804 2980 2966 3032 quam
2998 2963 3239 3020 Ecclesia
3263 2966 3455 3034 adver-

303 3031 758 3108 Christumquasi
784 3040 1103 3108 praesentem
1125 3030 1486 3108 alloquuntur,
1514 3029 1648 3108 etad
1672 3046 1794 3084 eum
1824 3051 1865 3108 ρ
1900 3029 2148 3108 εῑιιεέξθεςΔ
2177 3029 2600 3108 εοιῃρᾳι-δῐε-ει
2645 3029 2988 3108 conspirante
3035 3035 3106 3108 in,
3143 3034 3246 3108 (ide
3298 3033 3456 3087 realis

220 3107 535 3157 orationem
576 3103 833 3170 dirigunt,
864 3102 917 3170 in
951 3115 1058 3170 quo
1083 3102 1408 3153 adorationis
1449 3101 1624 3154 cultus
1663 3117 1792 3154 con-

221 3174 450 3238 tinetur,
479 3183 532 3226 et
556 3169 719 3226 simul
752 3169 1020 3240 professio
1052 3170 1292 3240 lidei,_de
1320 3185 1446 3224 vera
1475 3171 1711 3240 ejusdem
1741 3174 1791 3226 in

217 3243 593 3310 eucharistira
624 3238 827 3310 mensa
859 3242 1164 3309 praesentia.
1204 3238 1351 3310 Illam
1403 3241 1538 3310 satis
1581 3239 1790 3310 signiti-

215 3322 347 3363 cant
379 3313 537 3365 verba
568 3309 768 3380 Graeca:
805 3307 1080 3378 Liturgiaa.
1113 3308 1287 3372 Αὐτὸς
1317 3307 1507 3380 παρὼν
1551 3307 1653 3380 τὴῦ
1690 3327 1792 3380 μυ-

219 3382 412 3452 στικὴν
439 3380 640 3451 ταύτην
673 3379 1012 3450 λειτουργίαν
1037 3381 1378 3450 κατάρτισον·
1401 3379 1408 3380 ί
1429 3379 1791 3452 quae_quidem

217 3447 380 3506 aliter
405 3453 574 3518 accipi
596 3447 822 3519 possent
842 3447 866 3510 ,’
904 3447 1102 3517 nempe
1142 3447 1200 3502 ut
1231 3459 1510 3518 regaretnr
1537 3447 1791 3504 Christus

218 3523 436 3587 adesse,
471 3530 520 3575 et
553 3536 789 3588 praesens
819 3521 918 3573 hoc
953 3520 1235 3587 mysticum
1279 3519 1635 3573 ministerium
1671 3533 1794 3586 per-

219 3593 406 3656 licere,
445 3592 586 3659 unde
623 3591 996 3644 l’rotestautes
1023 3589 1426 3659 concluderent,
1469 3596 1790 3659 praesentem

219 3676 327 3714 non
364 3655 488 3714 esse
541 3655 689 3714 illum
723 3659 876 3725 cujus
913 3659 1201 3726 praesentia
1250 3655 1634 3726 postularetur.
1686 3655 1792 3710 Sed

218 3728 589 3784 dilIicnltatem
638 3744 853 3784 omnem
893 3725 1110 3783 solvunt
1158 3725 1438 3782 versiones
1466 3725 1702 3794 Coptica:
1739 3736 1794 3792 et

216 3800 499 3861 Arabicae,
529 3802 653 3854 dum
687 3800 814 3852 illud
842 3795 1034 3869 παρών
1067 3798 1141 3850 ita
1170 3798 1501 3869 exprimunt.
1531 3805 1587 3869 tu
1615 3812 1794 3869 coram

219 3869 367 3922 nobis
391 3873 618 3938 positus,
659 3869 800 3938 quod
836 3865 1145 3937 exprimunt
1194 3865 1794 3938 interpretesCOpticus

215 3950 274 3991 et
301 3935 478 3993 Arabs
517 3961 528 3993 :
557 3935 861 3992 alia—lectio
881 3935 918 4004 ,“
947 3939 1036 4006 qui
1065 3953 1290 4006 premens
1317 3953 1370 3989 es
1388 3974 1402 3999 ,
1433 3947 1480 3989 et
1505 3935 1640 3988 inter
1677 3952 1791 3992 nos.

299 4020 604 4089 Sequitur:
647 4017 798 4089 Mitte
840 4033 998 4083 super
1027 4015 1390 4089 nos_gratiam
1440 4013 1666 4089 Spiritus
1715 4017 1793 4068 tui

219 4085 420 4152 sancti,
449 4093 536 4158 qui
583 4088 868 4156 sanctiﬁcet
899 4096 946 4138 et
973 4085 1258 4158 transferat
1294 4086 1408 4158 licet:
1438 4088 1577 4136 dona
1601 4098 1794 4158 propo-

219 4165 321 4215 sita
377 4151 431 4212 in
461 4151 668 4220 'corpus
703 4151 762 4210 εί
804 4151 1332 4225 sanguinemsalutis
1375 4151 1794 4225 nostrcenPaulo

220 4232 379 4284 aliter
418 4228 636 4283 Gnecus
679 4230 865 4281 codex.
902 4221 1075 4286 Ἀὺτὺς
1102 4225 1162 4276 τὸ
1195 4222 1420 4293 Πνεῦμά
1451 4239 1545 4275 σου
1564 4221 1626 4274 τὸ
1659 4239 1796 4275 παν-

220 4300 380 4368 ἀγιον
442 4297 802 4366 κατάπεμψον
819 4314 846 4368 '7
871 4297 956 4368 ἵνςι
996 4295 1365 4368 ἐιπκροιίτεῇρεταν⁸
1391 4295 1461 4368 τῇ
1506 4293 1658 4368 ἁγίᾳ..
1700 4293 1794 4345 καὶ

220 4363 413 4455 didii.
435 4368 532 4455 κω
566 4363 1665 4455 e665?servariseiusars}
1696 4379 1792 4455 *fff
1821 4399 1866 4455 ι)

218 4432 500 4510 τάποίῆσῃ
549 4437 619 4510 τὰ
654 4432 988 4510 πρὸχεζμεξα
1021 4432 1114 4510 κάξ.
1149 4432 1277 4510 am
1305 4432 1456 4510 δῷρᾳ
1489 4432 1662 4510 riae-ca.
1705 4434 1786 4510 εζς

223 4511 378 4572 αὐτὸ,
405 4497 654 4579 ξδ’ἶςῶμα
686 4497 779 4560 ttat
891 4501 1028 4579 αἷμα
1050 4504 1149 4579 τῆς
1177 4497 1453 4579 ἧμετὲρὰςί
1479 4503 1785 4574 ἀπολυτρώ-

224 4597 390 4642 σεως.
428 4577 720 4632 Sententia:
759 4577 901 4629 nulla
939 4577 1270 4629 diversitas:
1317 4577 1524 4642 plenior
1555 4582 1786 4642 etiube-

221 4641 458 4704 rior’est
497 4648 682 4702 Graeca
731 4645 992 4710 formula,
1033 4645 1126 4697 sed
1161 4641 1346 4698 eodem
1393 4643 1555 4696 redit.
1594 4641 1786 4698 Versio

222 4720 457 4774 Arabica
503 4718 694 4771 Graeco
743 4716 910 4769 textui
953 4714 1199 4782 adjuncta
1246 4713 1390 4767 illam
1435 4723 1685 4767 accurate
1733 4723 1788 4767 et

221 4788 489 4844 verbatim
535 4793 902 4855 repraesentat.
953 4783 1558 4855 ltaque,4quod_obi_ter
1599 4783 1786 4838 obser-

224 4860 490 4921 vandum,
513 4852 731 4926 rogatur
751 4853 1021 4926 Christus,
1049 4863 1106 4905 ut
1135 4853 1311 4906 mittat
1339 4852 1598 4926 Spiritum
1629 4868 1784 4926 suum

221 4939 509 4989 sanctum;
543 4922 600 4980 iu
636 4927 830 4994 quibus
869 4924 1046 4994 verbis
1077 4931 1377 4994 agnoscunt
1405 4922 1630 4990 Coptitze
1662 4922 1782 4994 Spi-

228 4999 395 5052 ritum
427 4989 672 5051 sanctuni
714 5009 836 5049 esse
874 4989 1134 5063 Spiritum
1162 4989 1317 5056 Filii,
1350 5001 1404 5045 et
1433 4989 1498 5063 ab
1528 5006 1592 5045 eo
1613 4991 1782 5063 mitti.

225 5068 459 5121 Mittitur
485 5082 613 5119 vero
640 5064 872 5133 Spiritus
909 5060 1130 5116 Sanctus
1154 5063 1219 5133 ad
1249 5075 1382 5130 opus
1411 5061 1625 5133 aliquod
1653 5060 1790 5133 divi-

226 5153 391 5198 num,
418 5148 473 5190 et
521 5130 770 5189 humanis
798 5133 1003 5186 viribus
1036 5132 1315 5200 superius,
1363 5135 1503 5198 quod
1534 5132 1600 5184 de
1636 5130 1743 5182 alio
1771 5168 1786 5192 ,

176 5235 180 5238 ~
227 5222 394 5274 quam
423 5209 486 5259 tle
510 5203 956 5274 transmutatione
983 5203 1255 5274 donorum
1281 5200 1333 5253 in
1359 5214 1558 5274 corpus
1586 5210 1640 5253 et
1664 5214 1790 5274 san:

226 5269 450 5345 guinem
500 5275 742 5340 Christi,
775 5271 1013 5345 intelligi
1041 5285 1145 5325 non
1185 5277 1380 5338 potest.
1428 5271 1617 5345 Itaque
1652 5269 1789 5345 nihil

228 5339 335 5400 hac
355 5347 623 5398 sententia
649 5343 820 5412 magis
835 5339 1198 5412 perspicuum,
1229 5346 1322 5412 aut
1347 5340 1520 5412 magis
1537 5339 1787 5412 simplex,

230 5425 397 5481 atque
447 5415 512 5467 ad
558 5408 794 5468 veterem
841 5408 1100 5465 Ecclesia:
1151 5408 1453 5481 Orientalis
1483 5408 1788 5481 doctrinam

228 5476 408 5552 magis
429 5484 914 5552 accommodatum,
941 5495 1062 5534 cum
1083 5493 1272 5552 omnes
1295 5478 1545 5546 Liturgite
1567 5476 1789 5552 Grece,

231 5547 498 5623 Syriacae,
524 5551 765 5623 Coptica}
796 5552 1163 5619 cujuscunque
1201 5548 1455 5623 ritus_aut
1482 5559 1667 5623 sectae,
1696 5547 1791 5599 iis-

229 5618 359 5677 dem
415 5637 580 5692 pr0pe
607 5618 798 5677 verbis
849 5618 1156 5674 contextam
1201 5618 1450 5692 eamdem
1495 5618 1790 5692 orationnem

228 5684 642 5762 represeuient.
680 5692 751 5746 De
782 5703 1006 5746 censura
1050 5701 1208 5756 quam
1237 5687 1288 5740 in
1323 5701 1463 5755 eam,
1499 5695 1555 5740 ut
1586 5699 1613 5738 a
1645 5684 1794 5740 Cra:-

1899 3105 2200 3172 przesentiae
2253 3103 2607 3159 Orientalium
2656 3104 3009 3167 testimonio,
3076 3105 3455 3158 detrimentum

1892 3174 2056 3227 ullum
2089 3172 2284 3228 atl'ert:
2321 3188 2442 3227 cum
2483 3176 2549 3226 ad
2585 3173 2706 3225 fidei
2740 3187 2897 3241 quam
2933 3173 3132 3228 habent
3175 3173 3454 3228 certitudi-

1893 3258 2046 3309 nem,
2086 3244 2216 3297 nihil
2252 3245 2463 3312 intersit
2495 3244 2708 3312 quando
2730 3282 2745 3305 ,
2775 3252 2867 3295 aut
2891 3243 3085 3310 quibus
3110 3243 3292 3312 verbis
3326 3256 3454 3296 cou-

1891 3315 2122 3368 secratio
2155 3313 2481 3381 perficiatur,
2513 3311 2697 3365 ’modo
2729 3327 2846 3365 eam
2880 3325 3004 3366 vere
3037 3312 3151 3367 lieri
3185 3315 3238 3366 in
3273 3311 3452 3366 Litur-

1892 3383 2002 3451 gia,
2038 3384 2109 3436 ita
2153 3383 2526 3450 proﬁteantur,
2558 3391 2616 3434 ut
2647 3396 2840 3449 panem
2871 3392 2925 3435 et
2965 3382 3146 3435 vinum
3193 3383 3246 3435 in
3275 3381 3452 3448 altari,

1892 3468 1956 3522 ea
1988 3453 2224 3522 perfecta
2262 3467 2385 3506 ease
2419 3461 2661 3522 negent,
2685 3453 3016 3522 sedicorpus
3047 3460 3102 3505 et
3139 3453 3455 3522 sanguinem

1891 3521 2115 3576 Christi.
2149 3520 2300 3587 Quod
2342 3536 2501 3589 porro
2552 3523 2604 3574 in
2651 3521 2753 3574 hac
2792 3521 2903 3590 ipsa
2949 3523 3191 3575 oratione
3236 3520 3457 3586 dicitur,

1893 3590 2159 3645 Christum
2193 3602 2500 3660 prasentem
2551 3606 2662 3644 esse
2697 3599 2747 3643 et
2773 3607 2955 3644 coram
2999 3592 3270 3645 sacerdote
3309 3591 3458 3660 posi-

1893 3671 2026 3722 tum,
2062 3659 2203 3714 idem
2239 3661 2290 3714 in
2339 3660 2573 3714 homiliis
2617 3661 2682 3713 de
2714 3660 2918 3714 circulo
2945 3662 3070 3713 anni
3105 3662 3172 3714 ad
3213 3659 3460 3728 Coptita-

1895 3744 2012 3783 rum
2045 3745 2219 3794 usum,
2265 3731 2317 3783 in
2367 3731 2684 3783 tractatibus
2725 3730 2911 3784 Severi
2939 3731 3171 3798 episcopi
3196 3731 3461 3785 Aschmo-

1894 3800 1984 3852 uin
2007 3841 2025 3867 ,
2052 3809 2107 3852 et
2135 3799 2188 3853 in
2239 3799 2420 3854 multis
2449 3799 2590 3865 aliis,
2632 3800 2791 3853 toties
2835 3801 3156 3855 inculcetur.
3193 3813 3250 3854 ut
3277 3798 3454 3853 ainbi-

1895 3871 2083 3938 guitati
2117 3869 2266 3923 locus
2299 3883 2420 3923 esse
2449 3869 2624 3922 nullus
2655 3877 2836 3937 queat.

1966 3939 2040 3992 E-x
2070 3939 2158 3992 illa
2189 3940 2509 4011 tamenripsa
2532 3939 2797 4011 oratione,
2822 3939 3080 4011 Claudius
3127 3941 3450 4011 Salmasius,

1895 4009 1978 4061 vir
2010 4023 2140 4084 sane
2168 4010 2549 4084 doctissimus,
2583 4009 2680 4062 sed
2706 4009 2799 4084 qui
2834 4009 3158 4084 theologiam
3188 4009 3456 4084 attingere

1896 4093 2000 4132 non
2042 4079 2351 4143 debuisset,
2395 4080 2594 4133 habere
2619 4093 2676 4132 se
2703 4080 2930 4145 jactavit
2952 4118 2966 4142 ,
3000 4079 3139 4134 unde
3167 4079 3456 4138 missiuna-

1896 4153 2006 4202 rios
2045 4150 2303 4216 quosdam
2342 4163 2409 4202 ex
2456 4149 2676 4203 Oriente
2711 4163 2960 4203 reversos
2983 4187 2998 4212 ,
3031 4151 3121 4217 qui
3153 4149 3456 4209 Orientales

1896 4219 2037 4271 idem
2068 4235 2129 4270 ac
2152 4233 2248 4288 nos
2275 4220 2495 4272 credere
2513 4219 2656 4271 circa
2681 4217 3070 4288 Eucharistiam
3093 4220 3452 4288 alIirmabant,

1897 4288 2052 4355 plene
2083 4286 2370 4360 refelleret.
2395 4289 2472 4342 Ita
2501 4288 2772 4360 scribebat
2793 4289 2861 4360 ad
2884 4287 3144 4360 Joannem
3177 4286 3454 4360 Dallaaum,

1895 4369 2102 4429 etcum
2151 4359 2373 4426 epistola
2414 4367 2534 4429 post
2579 4357 2828 4410 Salmasii
2867 4359 3071 4411 obitum
3112 4361 3251 4428 typis
3281 4357 3458 4429 publi-'-

1894 4437 2011 4480 cata
2042 4427 2242 4493 fuerit,
2286 4428 2532 4480 excusari
2567 4437 2782 4494 poterat
2810 4429 2951 4495 quod
2983 4427 3231 4482 incautus
3276 4427 3328 4484 in
3379 4433 3458 4486 si-

1888 4513 2017 4550 num
2055 4497 2215 4549 amici
2257 4507 2458 4549 temere
2483 4495 2776 4559 elludisset,
2813 4513 2932 4564 quae
2958 4500 3190 4564 primum
3215 4500 3268 4552 in
3299 4516 3457 4554 men-

1889 4576 1995 4618 tem
2028 4576 2309 4629 venerant,
2342 4567 2440 4618 nisi
2492 4566 2687 4618 bellum
2740 4565 2867 4620 illud
2903 4582 3058 4620 suum
3082 4579 3452 4625 commentum

1889 4636 2026 4688 libro
2094 4634 2172 4687 De
2251 4635 2836 4688 transsubstantiatione
2893 4637 3231 4693 inseruisset.
3306 4639 3455 4693 Illam

1890 4707 2057 4778 igitur
2095 4720 2256 4778 quam
2301 4705 2930 4778 retuliinusparticulam
2955 4746 2970 4770 ,
3003 4721 3196 4774 quam,
3229 4724 3299 4765 ne
3324 4713 3456 4778 quid

1895 4776 2191 4846 testimonii
2235 4776 2542 4846 auctoritati
2573 4774 2780 4846 deleret
2805 4815 2820 4838 ,
2855 4777 3096 4846 Arabica?
3115 4774 3451 4846 descripsit,

1890 4845 1963 4896 ita
2008 4846 2388 4913 interpretatus
2420 4855 2501 4897 est
2525 4843 2650 4914 (ep.
2691 4843 2780 4902 52.
2814 4858 2866 4910 p.
2901 4844 3002 4914 7‘2)
3035 4861 3049 4896 :
3085 4845 3164 4900 Tu
3195 4843 3454 4915 confirma

1890 4915 1944 4966 in
1967 4915 2114 4966 nobis
2141 4915 2683 4966 commemorationem
2715 4915 2991 4966 ministerii
3036 4917 3115 4967 tui
3141 4921 3309 4970 sancti
3337 4934 3356 4972 :
3396 4929 3456 4971 tu

1890 4985 2035 5056 mitte
2071 5000 2224 5051 super
2249 5000 2341 5036 nos
2370 4989 2594 5050 gratiam
2632 4981 2867 5056 Spiritus
2891 4986 2967 5056 tui
2997 4987 3202 5056 sancti,
3230 4997 3285 5039 ut
3311 4991 3459 5053 puri-

1890 5052 2128 5118 ﬁcemur,
2157 5065 2202 5106 et
2238 5065 2592 5105 convertamus
2623 5051 2716 5103 has
2752 5051 3035 5105 oblationes
3080 5055 3204 5108 vites
3250 5051 3457 5110 initur-

1891 5138 1986 5187 pus
2017 5133 2064 5174 et
2099 5126 2413 5194 sanguinem
2437 5123 2733 5194 Servatoris
2763 5123 2963 5194 nostri.
2999 5124 3054 5176 In
3086 5125 3203 5193 ipsa
3227 5127 3457 5194 epistola

1891 5193 2238 5262 vernaCulam
2271 5191 2507 5258 ejusdem
2548 5193 2808 5246 orationis
2852 5191 3150 5246 versionem
3185 5191 3410 5262 legimus
3437 5235 3456 5259 ,

1893 5260 2075 5332 inqua
2112 5263 2441 5332 discriminis
2484 5262 2724 5314 nonnihil
2747 5270 2850 5316 est.
2889 5263 3010 5332 Aﬁn
3038 5260 3296 5332 qu’estant
3333 5282 3460 5318 san-

1891 5331 2082 5396 eti/iss,
2109 5347 2238 5383 nous
2271 5331 2529 5396 puissions
2555 5331 2814 5383 convertir
2839 5347 2920 5384 ces
2954 5331 3230 5386 Obtations
3258 5334 3380 5388 viles
3408 5345 3458 5388 et

1893 5403 2197 5462 terrienues,
2227 5418 2296 5452 au
2329 5417 2477 5467 corps
2512 5411 2560 5452 et
2595 5417 2662 5452 au
2692 5417 2821 5468 sang
2870 5401 2933 5454 de
2984 5409 3156 5455 nostre
3204 5401 3459 5467 Sauveur,

1895 5486 1961 5522 ou
2004 5473 2066 5522 de
2094 5479 2270 5522 nostre
2303 5469 2480 5522 Satut.
2512 5470 3014 5537 lnterpretationem
3067 5477 3461 5527 commentario

1895 5540 2153 5611 munivit,
2197 5539 2350 5606 cujus
2402 5541 2515 5592 haec
2549 5542 2814 5592 sententia
2851 5551 2934 5592 est
2979 5554 2995 5592 :
3052 5545 3186 5595 satis
3233 5543 3458 5611 agnosci

1896 5609 2286 5662 invocationem
2337 5624 2441 5660 non
2490 5611 2637 5673 lieri,
2681 5618 2738 5662 ut
2778 5611 2949 5676 gratia
3003 5613 3175 5664 sancti
3224 5609 3460 5679 Spiritus

1899 5679 2149 5732 illabatur
2187 5692 2347 5747 super
2383 5693 2575 5746 panem
2603 5689 2658 5734 et
2690 5678 2872 5733 vin-um
2893 5720 2909 5744 ,
2962 5691 3019 5735 ut
3055 5678 3310 5738 mutando
3336 5689 3464 5738 sub.
