3898 6222
474 288 580 344 687
1485 286 1813 343 LITURGIA
1855 285 1913 342 S.
1957 285 2284 345 GRECORII
2323 288 2638 344 COPTICA.
3614 289 3741 346 688

473 409 651 464 insere
708 404 759 458 in
810 405 964 459 nobis
999 405 1312 459 memoriam
1373 405 1658 460 ministerii
1711 405 1786 458 tui
1827 405 1996 460 sancti
2031 423 2046 461 :
2079 413 2120 466 Α
2155 414 2264 460 tum
2297 407 2348 459 in
2386 407 2755 460 remissionem
2784 412 3126 475 peccatorum
3172 412 3228 457 et
3263 402 3317 456 in
3348 401 3509 456 vitam
3563 414 3741 460 aeter-

473 499 629 552 mitte
671 511 834 566 super
875 510 974 550 nos
1021 499 1248 565 gratiam
1307 497 1540 566 Spiritus
1597 498 1672 550 tui
1716 499 1908 562 sancti,
1948 499 2041 567 qui
2144 513 2265 550 nam
2289 496 2811 550 communicantibus
2838 511 2902 551 ex
2934 510 3020 549 eo.

471 590 798 655 sanctiﬁcet,
834 598 888 643 et
913 589 1199 645 transferat
1236 589 1351 643 haec
1379 589 1518 642 dona
1549 589 1815 656 proposita
1848 588 1900 641 in
1931 604 2045 642 cor-
2212 584 2474 654 Papulas.
2504 586 2693 640 Amen.

471 696 574 751 pus
624 692 677 737 et
719 683 1034 750 sanguinem
1075 680 1265 734 salutis
1303 689 1522 734 nostrae.
1555 678 1622 732 Et
1648 681 1792 733 hunc
1823 680 2038 749 quidem
2210 677 2486 733 Sacerdos.
2517 678 2702 747 Itaque
2731 692 2980 747 rogamus
3002 686 3072 743 te,
3103 677 3316 732 Christe
3340 677 3480 732 Deus
3510 688 3733 745 noster,

471 789 704 844 panem,
772 772 939 827 facias
1011 788 1204 842 corpus
1267 781 1414 825 tuum
1470 781 1760 836 sanctum,
1817 771 2041 825 Domine
2140 771 2398 825 conﬁrma
2440 768 2784 823 fundamenta
2817 768 3068 823 Ecclesia:
3111 768 3502 822 :concordiam
3537 770 3734 822 chari-

472 866 742 936 Deus(7),
793 874 845 918 et
894 863 1141 918 Salvator
1198 873 1379 918 noster
1425 863 1553 919 Jesu
1611 863 1849 928 Christe,
1897 863 2040 934 quod
2143 863 2270 918 tatis
2325 863 2378 917 in
2431 863 2584 916 nobis
2635 861 2892 915 radicitus
2941 861 3170 916 insere:
3209 871 3470 930 augeatur
3509 863 3734 928 paritas

470 957 632 1009 datur
655 955 708 1008 in
747 954 1117 1009 remissionem
1146 964 1486 1024 peccatorum
1515 965 1568 1010 et
1595 955 1756 1009 vitam
1779 963 2038 1009 aeternam
2142 954 2265 1008 ﬁdei
2297 973 2312 1009 τ
2337 967 2577 1022 prmpara
2605 950 2762 1005 nobis
2784 950 2922 1002 viam
2944 962 3144 1004 rectam
3179 952 3395 1017 pietatis
3423 968 3438 1004 :
3474 960 3740 1019 pastores

473 1045 578 1099 illis
606 1047 695 1115 qui
722 1060 787 1100 ex
820 1045 910 1099 illo
945 1047 1364 1102 communicant.
1399 1047 1463 1101 Et
1499 1063 1707 1111 rursus,
1752 1049 1899 1102 hunc
1945 1061 2040 1101 ca-
2142 1047 2432 1102 corrobora
2474 1065 2488 1101 :
2525 1060 2710 1100 eorum
2730 1060 2919 1114 greges
2941 1043 3199 1098 conﬁrma
3231 1061 3245 1098 :
3279 1045 3344 1098 da
3369 1058 3548 1098 mores
3570 1053 3732 1098 recte

2144 1138 2476 1207 compositos
2525 1135 2692 1200 clero,
2730 1135 3009 1190 monachis
3033 1133 3445 1197 continentiam,
3481 1133 3727 1202 virgini-

2144 1230 2244 1284 bus
2289 1227 2598 1297 puritatem,
2647 1226 2951 1296 conjugatis
2995 1226 3364 1290 concordiam,
3400 1226 3725 1280 misericor-

471 1137 649 1201 licem,
697 1137 1008 1205 sanguinem
1051 1137 1341 1206 pretiosum
1373 1137 1706 1195 Testamenti
1763 1140 1838 1191 tui
1894 1136 2043 1202 novi,

471 1229 695 1282 Domine
723 1229 878 1293 Deus,
913 1237 967 1282 et
997 1226 1244 1284 Salvator
1278 1239 1463 1285 noster
1502 1229 1626 1285 Jesu
1675 1231 1909 1294 Christe,
1941 1229 2041 1282 da-

463 1478 698 1534 stantias
722 1517 736 1538 ,
782 1475 1068 1544 praesentia
1103 1475 1344 1542 corporis
1381 1484 1436 1530 et
1469 1477 1746 1544 sanguinis
1778 1477 1900 1530 talis
1931 1477 2032 1539 sit,

468 1559 531 1603 ut
562 1554 876 1600 remaneant
905 1545 1120 1616 sintque
1149 1560 1345 1616 corpus
1362 1555 1428 1616 iet
1449 1546 1666 1612 sanguis
1691 1547 2031 1616 suscipienti,

471 1618 802 1688 quictinqiie__
834 1616 939 1688 sit,
979 1614 1121 1688 fideli
1166 1614 1251 1688 vel
1294 1615 1512 1688 inﬁdeli.
1548 1615 1784 1680 Verum,
1823 1614 2030 1684 inquit,

471 1684 722 1743 sacerdos
752 1684 839 1736 ille
867 1684 1074 1749 Coptita
1112 1699 1170 1738 ea
1211 1684 1549 1738 invocatione
1579 1700 1739 1752 quam
1784 1687 2022 1741 omnium

2139 1472 2406 1535 diximus,
2437 1472 2614 1526 sciunt
2642 1471 2949 1541 quicun_que
2974 1469 3184 1541 litteras
3217 1470 3519 1528 Orientales
3566 1489 3595 1526 a
3640 1473 3721 1528 li-

2140 1543 2283 1596 mine
2335 1538 2684 1596 salutaverint
2729 1558 2746 1595 :
2793 1538 3129 1609 IEgypliaca:
3174 1541 3390 1608 linguaz,
3433 1558 3553 1609 quae
3601 1559 3720 1598 no"

2139 1613 2273 1666 adeo
2302 1612 2604 1666 communis
2627 1619 2738 1675 est,
2769 1612 3110 1664 mediocriter
3144 1611 3371 1678 peritum
3400 1625 3519 1666 esse
3549 1628 3722 1678 opor-

2133 1691 2227 1744 tet,
2255 1690 2326 1751 ut!
2344 1697 2496 1735 error
2532 1688 2874 1751 agnoscatur,
2905 1695 3027 1751 cum
3055 1681 3347 1735 observare
3379 1681 3606 1751 sufﬁciat
3641 1700 3720 1739 ex

470 1757 688 1813 nomine
716 1753 1046 1822 pronuntiat,
1079 1755 1128 1806 id
1155 1755 1401 1824 designat
1431 1749 1764 1808 solummodo
1787 1797 1800 1819 ,
1831 1770 2023 1821 panem
2059 1769 2102 1824 Β
2131 1749 2602 1824 imperfectissima
2631 1750 2981 1824 grammatica
3027 1766 3160 1824 ντεφ
3191 1765 3311 1819 quae
3346 1761 3468 1805 nota
3497 1750 3531 1824 ξ’»
3579 1767 3717 1820 per-

470 1836 525 1880 et
557 1826 770 1888 vinum,
806 1837 923 1892 quae
951 1837 981 1875 a
1015 1824 1166 1878 nobis
1197 1823 1248 1874 iii
1280 1823 1445 1878 Coena
1476 1826 1866 1892 suscipiuntur,
1914 1825 2028 1878 ﬁeri

471 1911 666 1964 corpus
695 1903 747 1945 et
779 1893 1085 1959 sanguinem
1119 1893 1385 1964 kDomini,
1431 1893 1536 1947 illis
1575 1895 1665 1963 qui
1720 1896 1896 1949 debite
1942 1895 2026 1948 illa

471 1961 785 2031 suscipiant,
815 1975 1067 2031 quosque
1112 1961 1345 2029 Spiritus
1389 1961 1607 2017 sanctus
1635 1964 1786 2031 prius
1829 1965 2031 2018 sancti-

472 2029 710 2088 licaverit
733 2051 747 2086 :
774 2029 1129 2101 illosquoque
1153 2031 1293 2086 solos
1318 2034 1564 2100 accipere
1591 2029 1777 2087 verum
1804 2049 2024 2101 corpus,

469 2119 576 2158 iion
606 2117 795 2172 panem
815 2099 1184 2173 ASUiutntnOdO,
1211 2103 1299 2173 qui
1332 2099 1478 2173 prius
1507 2115 1600 2173 per
1635 2104 1881 2173 fideiniet
1904 2099 2028 2173 gra-

471 2169 620 2228 tiain’
657 2169 829 2225 sancti
883 2169 1112 2239 Spiritus
1163 2171 1281 2238 puri
1333 2169 1460 2225 facti
1517 2172 1733 2227 fuerint.
1789 2169 2026 2227 Tandem

470 2243 634 2296 edicit
661 2243 798 2310 hanc
822 2253 940 2293 esse
973 2239 1270 2310 μεταϐολήν
1291 2279 1306 2302 ,
1343 2240 1458 2294 sive
1486 2243 1888 2304 conversionem,
1928 2257 2029 2294 an-

473 2313 634 2380 tiquis
674 2309 921 2380 Patribus
956 2309 1337 2376 memoratam,
1389 2325 1489 2380 nec
1539 2311 1877 2378 quaerendam
1911 2325 2029 2366 esse

469 2378 648 2436 aliain.
691 2379 764 2432 De
802 2378 1010 2431 illorum
1050 2380 1314 2446 theologia
1357 2379 1518 2432 alium
1563 2382 1805 2446 quemvis
1850 2383 2028 2446 potius

471 2451 820 2507 audiendum,
850 2449 1017 2518 etiam
1051 2449 1149 2516 ipsi
1184 2447 1490 2503 Calvinista:
1527 2449 1722 2502 dudum
1749 2449 2025 2518 judicave-

470 2531 614 2581 runt,
651 2532 809 2586 quam
842 2517 1184 2581 Salmasinm,
1220 2518 1309 2585 qui
1343 2519 1540 2588 nemini
1567 2517 1800 2588 unquam
1829 2520 2026 2584 proha-

467 2591 546 2644 vit
582 2602 740 2660 voces
776 2589 1106 2660 μεῖαποιεῖν,
1142 2587 1596 2660 μεταστοιχειοῦν,
1651 2587 2024 2660 μεταρρυθμι-

468 2660 602 2722 ζειν,
631 2657 823 2727 quibus
850 2657 1036 2711 Patres
1076 2657 1180 2710 non
1217 2657 1663 2722 ininusmuntur,
1692 2657 1852 2727 quain
1892 2657 2024 2727 sim-

471 2729 593 2797 plici
627 2725 998 2797 μεταϐάλλειν,
1029 2727 1224 2780 nullam
1252 2727 1410 2779 aliam
1438 2725 1790 2782 mutationem
1819 2726 2022 2796 signiﬁ-

471 2813 618 2856 care,
653 2812 810 2864 quam
838 2813 957 2849 eain
982 2811 1099 2863 quae
1126 2798 1349 2864 titillatio
1379 2811 1482 2850 non
1513 2799 1602 2851 sit.
1644 2797 1749 2851 Sed
1780 2797 1882 2850 hoc
1919 2812 2022 2850 non

469 2863 716 2936 agimus:
744 2880 925 2918 verum
957 2881 1136 2918 coram
1158 2863 1418 2936 Ecclesia,
1437 2876 1490 2920 et
1513 2867 1738 2920 eruditis
1753 2866 2020 2929 omnibus,

468 2935 557 3006 qui
603 2937 833 3006 aliquam
887 2935 1582 3006 linguarum_Qrientalium
1631 2937 1874 2989 notitiam
1927 2937 2024 2989 lia-

469 3004 630 3071 bent,
665 3005 913 3058 Salmasii
942 3019 1152 3074 nomen
1183 3004 1472 3074 deferimus
1495 3046 1509 3068 ,
1547 3015 1800 3074 tanquam
1832 3020 2022 3059 corru-

2131 1837 2277 1876 sona:
2316 1820 2481 1873 futuri
2523 1822 2606 1874 vel
2641 1820 2983 1885 subjnnctivi,
3019 1835 3085 1873 eo
3117 1820 3238 1874 loco
3267 1823 3512 1889 usurpari
3541 1861 3556 1884 ,
3594 1839 3711 1876 non

2129 1893 2315 1958 prima:
2353 1889 2573 1958 pluralis
2612 1905 2853 1956 persona:
2884 1899 3086 1944 notam.
3133 1889 3284 1943 Adde
3335 1893 3714 1946 testimonium

2129 1962 2297 2015 Graeci
2325 1961 2549 2024 codicis,
2582 1968 2637 2014 et
2672 1959 2936 2025 adjuncta:
2962 1959 3228 2015 versionis
3258 1961 3501 2014 Arabiae
3525 2001 3542 2025 ,
3580 1977 3710 2029 quae

2129 2030 2316 2084 falsam
2355 2029 2497 2082 illam
2545 2039 2600 2084 et
2651 2029 2942 2084 absurdam
2995 2029 3245 2083 Salinasii
3299 2031 3710 2097 interpretatio-

2129 2115 2248 2154 nem
2301 2099 2622 2170 deslruunt,
2671 2113 2792 2152 cum
2850 2098 3084 2170 habeant
3137 2099 3340 2170 ἁγιάσῃ
3391 2100 3484 2152 καὶ
3536 2118 3711 2170 μετα-

2129 2170 2351 2241 ποιήσῃ.
2391 2168 2596 2241 Corpus
2627 2179 2674 2222 et
2716 2169 2932 2236 sanguis
2975 2168 3338 2241 liberatigais,
3383 2180 3475 2222 aut
3513 2168 3710 2241 salutis

2129 2237 2342 2302 nostrae,
2371 2239 2623 2294 dicuntur
2647 2253 2845 2307 corpus
2867 2245 2920 2291 et
2942 2240 3159 2308 sanguis
3183 2237 3406 2302 Christi,
3433 2240 3560 2307 quia
3605 2256 3710 2308 per

2127 2309 2452 2362 sacriﬁcium
2501 2309 2776 2376 corporis,
2827 2317 2882 2361 et
2935 2307 3250 2362 effusionem
3313 2307 3616 2376 sanguinis
3651 2310 3707 2364 in

2128 2379 2398 2446 passione,
2436 2387 2547 2431 tum
2581 2377 3048 2446 participationem
3071 2377 3186 2443 ejus
3225 2378 3279 2432 in
3316 2379 3703 2442 sacramentis,

2129 2447 2279 2501 saltis
2305 2459 2359 2501 et
2399 2447 2646 2501 liberatio
2685 2447 2838 2501 nobis
2879 2462 2910 2499 a
2951 2449 3184 2513 peccatis
3214 2448 3453 2516 prastita
3487 2458 3607 2513 est,
3644 2460 3703 2503 et

2127 2530 2288 2587 porro
2321 2526 2626 2583 praestatur.
2671 2517 2748 2570 Eo
2790 2516 3008 2587 ingloco
3049 2517 3264 2572 codices
3303 2518 3552 2587 plerique
3600 2521 3705 2571 ha-

2125 2583 2254 2639 bent
2297 2602 2557 2649 πενσωτ.,
2609 2600 2740 2639 voce
2793 2585 3132 2652 abbreviata,
3175 2595 3237 2640 ut
3290 2583 3414 2641 alibi
3463 2583 3701 2654 saepius,

2126 2656 2269 2710 unde
2296 2657 2479 2727 σωτήρ
2519 2655 2601 2727 vel
2636 2655 2879 2725 σωτηρία
2910 2655 3023 2727 legi
3057 2665 3250 2724 potest.
3287 2656 3394 2710 Sed
3423 2659 3698 2725 ambigui-

2126 2731 2290 2798 tatem
2324 2723 2646 2798 determinat
2683 2723 2859 2798 codex
2889 2723 3149 2798 Graecus,
3183 2727 3270 2798 ubi
3324 2727 3554 2798 habetur
3576 2723 3702 2798 ’λεῆς

2125 2794 2396 2866 ἡμετέρας
2420 2793 3322 2866 ἀπολυτρώσεως,ἓυιγνετεῖοηθὶυε
3355 2796 3613 2862 Arabica,
3644 2793 3702 2853 et

2125 2864 2243 2935 alia}
2271 2879 2392 2935 quae
2420 2864 2656 2935 Capticis
2697 2864 3100 2935 exemplaribus
3129 2865 3518 2935 adjunguiitur.

2197 2934 2274 3002 (7)
2306 2934 2552 2989 Occurrit
2598 2934 2685 2987 hic
2715 2933 2962 2988 lectionis
2992 2934 3243 2990 varietas.
3283 2933 3460 2988 Codex
3511 2945 3700 2990 noster

2123 3017 2284 3072 quem
2325 3003 2727 3072 interpretando
2764 3005 2939 3073 secuti
2977 3018 3163 3057 sumus
3187 3045 3203 3068 ,
3235 3005 3308 3057 ita
3339 3016 3397 3057 ut
3425 3008 3699 3073 expressi-

469 3077 622 3157 ptelie
654 3073 1003 3155 intolerabilis
1031 3074 1105 3127 rei
1125 3114 1139 3135 ,
1169 3090 1288 3154 cuin
1328 3072 1839 3160 lectioiieiiilc‘odielis
1864 3089 2020 3160 que-ni
2050 3103 2091 3160 ε
2127 3087 2266 3160 titus,
2304 3073 2464 3154 habet
2491 3089 2754 3144 ητεκαιφ,
2802 3072 3012 3160 fafigsf
3042 3075 3236 3154 .versio
3265 3072 3506 3129 Arabica
3537 3076 3696 3160 simi:

469 3143 633 3207 citat,
663 3145 930 3213 corrupit,
961 3152 1015 3196 et
1046 3145 1281 3196 enormis
1328 3143 1552 3196 inscitiae
1590 3144 1713 3198 dum
1748 3145 1890 3198 illam
1927 3145 2022 3198 ab~

467 3215 781 3268 surdissime
833 3223 912 3266 e~t
952 3213 1349 3283 interpretatus.
1390 3213 1440 3267 Is
1476 3214 1588 3280 ipse
1630 3215 1798 3269 codex
1831 3228 2020 3283 super-

465 3294 551 3339 est
589 3284 644 3338 in
698 3283 1020 3336 bibliotheca
1056 3281 1218 3350 Regia
1241 3321 1254 3344 ,
1301 3283 1432 3334 etin
1468 3284 1592 3347 illo,
1623 3285 1762 3338 sicut
1807 3286 1860 3338 in
1897 3281 2020 3338 aliis

465 3355 717 3407 omnibus
752 3353 944 3422 legitur
984 3368 1088 3405 non
1129 3351 1348 3422 pluralis
1369 3352 1566 3422 primae
1611 3368 1852 3421 personae
1883 3353 2018 3407 elia-

467 3421 1323 3490 racteristica’liitera,seditertiie
1359 3421 1650 3490 femiuinze,
1681 3426 1804 3490 quia
1839 3425 1889 3476 in
1919 3423 2020 3476 lin-

465 3508 566 3560 gua
599 3493 828 3560 Arabica
862 3507 962 3543 vox
990 3501 1093 3551 ΠἾἾ
1119 3489 1324 3553 Rettuli,
1359 3488 1583 3558 Spiritus
1604 3531 1619 3554 ,
1654 3488 1890 3545 feminini
1937 3503 2019 3547 est

465 3559 698 3630 generis.
734 3559 788 3613 In
827 3561 998 3629 prima
1034 3563 1194 3616 etiam
1225 3575 1384 3622 voce,
1418 3576 1576 3627 quant
1603 3563 1762 3616 vertit
1807 3562 2016 3616 Salma-

465 3634 576 3684 sius
609 3631 962 3698 puri/icemur.
998 3631 1138 3683 nulla
1171 3641 1293 3684 nota
1327 3631 1520 3696 passivi
1544 3641 1648 3694 est,
1672 3633 2017 3685 vertendum-

465 3715 569 3770 que
607 3699 793 3754 fuisset
836 3700 1200 3766 puriﬁcemus,
1243 3714 1349 3768 quo
1387 3698 1501 3770 solo
1542 3701 1852 3756 discrimine
1907 3710 2014 3754 t0ta

466 3771 715 3824 machina
767 3770 1118 3823 Salmasianae
1171 3769 1446 3838 theologia:
1494 3771 1730 3824 funditus
1775 3772 1904 3826 ruit.
1957 3772 2014 3824 In

463 3840 628 3892 altera
676 3848 725 3892 et
765 3848 1121 3892 convertamus
1160 3840 1349 3892 similis
1389 3840 1690 3908 corruptela
1725 3851 1845 3903 est,
1893 3855 2014 3893 cum

463 3923 655 3979 sensus
675 3910 766 3972 sit,
799 3916 845 3961 et
870 3918 1156 3979 convertat,
1188 3909 1268 3962 vel
1298 3909 1600 3976 transferat,
1633 3919 2016 3979 perspeeleque

463 3994 580 4033 eam
619 3977 898 4032 let-tionem
930 3978 1178 4032 exhibeat
1205 3979 1367 4032 codex
1415 3977 1827 4047 manuscriptus.
1859 3977 2012 4046 Quod

463 4047 825 4120 προκείμενα,
860 4063 978 4116 qua:
1019 4047 1546 4120 intelligunturvoce
1579 4050 1856 4117 sequenti,
1907 4064 2011 4102 non

460 4116 929 4188 iii'inusciiminuni
960 4120 1093 4186 apud
1117 4119 1322 4172 Arabes
1345 4116 1680 4171 Christianos
1703 4133 1830 4172 voce
1853 4134 2011 4188 quant

461 4187 600 4256 apud
634 4186 848 4241 Graecos
873 4187 1059 4253 altera,
1091 4189 1211 4240 rites
1240 4197 1286 4240 et
1318 4195 1546 4240 terrenas
1571 4186 2010 4243 oblationes‘ver-

462 4260 556 4320 tit,
591 4271 693 4309 non
727 4259 895 4310 levem
928 4256 1190 4326 signiﬁcat
1229 4257 1493 4311 Arabismi
1525 4258 1912 4325 ignorantiam,
1956 4267 2012 4312 et

459 4329 514 4380 in
543 4341 608 4379 eo
640 4328 728 4392 qui
753 4326 884 4379 alios
913 4326 1196 4394 imperiose
1217 4328 1409 4379 docere
1437 4327 1689 4387 audebat,
1719 4343 1822 4381 non
1857 4327 2011 4381 facile

462 4395 809 4449 tolerandam.
841 4395 944 4449 Sed
971 4396 1110 4448 hunc
1145 4411 1380 4448 errorem
1399 4396 1454 4448 in
1476 4396 1612 4449 libro
1640 4396 1713 4449 De
1740 4398 2010 4450 transsiib-

459 4467 805 4536 staiitiatione
827 4465 1128 4536 emendavit
1165 4485 1178 4536 ς
1233 4466 1392 4520 Inrsit
1425 4465 1477 4519 in
1519 4467 1638 4521 aliis
1669 4449 2008 4536 gravioribus
2040 4449 2086 4504 D

458 4535 636 4604 longe,
675 4535 948 4604 magisque
984 4535 1314 4602 perniciosis.

531 4603 714 4676 Porro
741 4603 934 4676 mirari
968 4606 1099 4676 satis
1141 4619 1298 4676 nem_o
1323 4613 1496 4676 potest
1533 4603 1889 4672 Salmasium,
1916 4607 2011 4676 qui

461 4673 660 4742 ubique
690 4674 858 4726 ferme
906 4673 971 4726 de
1011 4673 1189 4743 lingua
1225 4673 1537 4743 {Egyptiaca
1561 4713 1577 4737 ,
1615 4684 1867 4743 tauquam
1904 4673 2006 4731 sibi

457 4759 562 4797 non
609 4744 788 4810 ignota
831 4743 1087 4811 loquitur,
1130 4743 1216 4796 ubi
1253 4759 1388 4809 Opus
1433 4759 1538 4796 non
1569 4754 1723 4809 erat,
1763 4747 2012 4813 ignoran-

458 4818 585 4866 tiam
625 4813 708 4866 vel
751 4813 947 4865 malam
994 4813 1151 4865 ﬁdem
1199 4813 1303 4867 hoc
1339 4814 1552 4867 locoita
1588 4815 1921 4882 prodidisse,
1955 4825 2012 4870 ut

455 4883 790 4952 excusationi
817 4883 990 4935 locum
1022 4897 1125 4935 non
1154 4883 1449 4952 reliquerit.
1476 4883 1656 4937 Codex
1683 4900 1788 4952 quo
1820 4888 2009 4938 uteba-

458 4963 545 5024 tur
571 4951 889 5024 Egyptiace
941 4953 1169 5019 scriptus
1197 4963 1311 5024 erat
1344 4963 1398 5006 et
1423 4951 1817 5018 Arabice;’cur
1847 4956 2012 5024 igitur

453 5023 521 5073 de
551 5022 810 5089 primario
859 5032 1006 5074 textu
1055 5035 1122 5073 ne
1165 5023 1383 5075 verbum
1430 5025 1642 5090 quidem
1697 5022 2007 5088 fecit,‘nisi

453 5092 594 5157 quod
629 5091 774 5142 illum
824 5105 930 5143 non
975 5090 1335 5158 intelligebat,
1387 5094 1527 5158 quod
1559 5093 1741 5154 facile,
1791 5096 1834 5146 si
1874 5109 2008 5160 opus

453 5168 615 5225 esset,
642 5160 1010 5228 probaremus.
1047 5161 1188 5213 Sane
1227 5161 1269 5213 si
1302 5162 1680 5227 intellexisset,
1720 5180 1824 5216 iion
1857 5164 2002 5218 illum

453 5230 587 5282 adeo
617 5227 883 5298 perfrictm
921 5228 1114 5284 frontis
1149 5231 1314 5283 fuisse
1340 5233 1618 5298 quisquam
1651 5235 1867 5296 credat,
1914 5245 2004 5297 ut,

451 5299 664 5365 qualem
695 5314 758 5350 ex
793 5300 1022 5352 Arabica
1056 5301 1298 5354 versione
1333 5311 1668 5355 commentus
1705 5315 1806 5364 est,
1841 5305 2006 5356 inter-

450 5369 804 5435 pretationem
829 5371 1020 5441 daret:
1054 5371 1482 5438 quandoquidem
1508 5373 1737 5425 orationi
1769 5371 2007 5441 Coptica:

448 5439 1032 5510 prorsuseontradicit.
1065 5441 1214 5504 Quod
1235 5442 1442 5510 etiamsi
1473 5457 1578 5494 non
1606 5453 1772 5504 esset,
1803 5439 1862 5496 at
1885 5457 2006 5510 qua:

448 5521 576 5560 mox
603 5506 976 5578 subjiciuntur,
1017 5509 1338 5563 sententiain
1372 5510 1423 5563 in
1459 5523 1646 5578 aperta
1691 5513 1809 5566 luce
1838 5506 1994 5566 collo-

445 5587 594 5652 cant,
621 5577 1100 5652 demonstrantque
1133 5579 1237 5652 peti
1269 5577 1516 5648 illapsuni
1532 5586 1714 5652 sancti
1745 5582 2000 5649 Spiritus,

443 5649 665 5717 ejusque
689 5649 1133 5716 operationemoiii
1167 5651 1304 5700 dono
1333 5651 1622 5717 proposita.
1649 5650 1792 5705 Nihil
1824 5661 2000 5705 autem

442 5716 643 5775 certius
693 5731 812 5773 esse
856 5732 1018 5784 quam
1067 5717 1210 5787 quod
1256 5716 1345 5774 de
1373 5716 1705 5776 salmasiana
1757 5722 2002 5778 versione

2125 3141 2291 3196 liter:
2342 3143 2417 3195 ita
2462 3141 2674 3208 tamen,
2723 3152 2780 3195 ut
2812 3143 2877 3195 ad
2913 3143 3174 3210 Spiritum
3215 3154 3458 3198 sanctum
3502 3143 3694 3198 referri

2122 3211 2326 3279 possit;
2354 3211 2420 3264 Et
2449 3211 2652 3279 faciat:
2686 3213 2810 3281 quia
2840 3220 2898 3265 ut
2923 3213 3121 3265 dictum
3149 3223 3230 3268 est
3269 3214 3512 3267 feminini
3555 3214 3696 3268 Ara-

2122 3281 2250 3345 bici,
2280 3283 2334 3334 in
2358 3297 2465 3350 quo
2487 3295 2684 3350 genere
2713 3291 2798 3336 est
2820 3297 2924 3336 vox
2957 3291 3054 3342 Πττ
3089 3285 3227 3352 apud
3264 3283 3491 3346 Arabes,
3535 3287 3693 3338 tertia

2120 3364 2380 3422 persona,
2407 3353 2650 3422 eamdem
2691 3366 2851 3422 quam
2895 3355 3129 3422 secunda
3163 3355 3442 3420 utriusque
3479 3357 3696 3422 generis

2120 3420 2614 3490 characteristicam
2679 3420 2915 3490 praefert.
2963 3421 3160 3475 Verum
3229 3423 3423 3478 melior
3468 3420 3694 3477 omnino

2119 3488 2280 3563 lectio
2312 3499 2395 3563 est
2415 3488 2708 3563 secundum
2731 3489 2977 3563 Graecum
3001 3493 3295 3558 exemplar,
3325 3495 3420 3546 καὶ
3445 3494 3688 3563 ποιήσει,

2117 3558 2204 3631 vel
2225 3561 2402 3628 potius
2428 3561 2650 3631 ποιήσῃ,
2679 3571 2725 3614 et
2749 3561 2934 3629 faciat,
2959 3571 3017 3615 ut
3047 3563 3111 3615 ad
3147 3563 3407 3631 Spiritum
3442 3558 3688 3617 sanctum

2119 3627 2404 3700 referatur,
2452 3627 2626 3697 cujus"
2656 3627 2959 3700 postulatur
3015 3627 3295 3687 adventus.
3347 3633 3423 3686 lla
3474 3647 3690 3700 quoque

2118 3697 2315 3766 legitur
2354 3700 2410 3752 in
2457 3700 2576 3754 aliis
2605 3700 2884 3756 codicibus
2920 3699 3157 3768 Copticis
3183 3741 3199 3765 ,
3229 3703 3317 3771 qui
3367 3697 3690 3770 antiquitate

2116 3775 2374 3842 praestant
2399 3788 2412 3822 :
2437 3786 2641 3842 παιῳικ
2670 3786 2768 3842 μεν
2801 3787 3246 3842 ητνειαιφήησωμα
3273 3771 3471 3826 εθουαὸ
3494 3788 3638 3841 ητακ
3668 3789 3686 3826 :

2116 3845 2276 3907 atque
2303 3839 2373 3892 ita
2410 3841 2689 3895 versiones
2715 3839 2978 3894 Arabicae.
3011 3839 3288 3895 sententia
3323 3839 3686 3898 tainen‘utro-

2115 3906 2276 3974 hique
2303 3908 2489 3980 eadem
2519 3919 2621 3973 est,
2663 3910 2776 3963 sive
2803 3909 3072 3980 t_J_hristus_
3093 3911 3275 3971 faciat.
3309 3912 3423 3966 sive
3453 3910 3686 3980 Spiritus

2114 3987 2337 4032 sanctus
2367 3979 2432 4032 ab
2462 3994 2526 4032 eo
2556 3981 2776 4034 missus.
2812 3977 3000 4032 Versio
3027 3978 3305 4034 Maronitae
3332 4002 3344 4034 :
3378 3980 3448 4033 Et
3474 3977 3563 4033 liis
3588 3982 3684 4047 ﬁat

2111 4047 2264 4120 panis
2280 4064 2467 4116 corpus
2489 4059 2881 4120 sacrosanctum
2899 4057 3066 4110 tuum,
3089 4049 3326 4116 Domine,
3343 4065 3517 4120 neque
3541 4049 3685 4118 Cop-

2115 4117 2244 4181 tico,
2262 4133 2436 4186 neque
2449 4121 2701 4183 Arabico,
2726 4117 3023 4180 autGraeco
3041 4121 3206 4173 textui
3237 4117 3542 4188 respondet.
3563 4117 3682 4174 Ja’m

2112 4199 2240 4257 vero
2255 4188 2504 4241 Salinasii
2531 4188 2952 4243 adtniratoribus
2982 4190 3273 4254 incumbit,
3297 4199 3354 4242 ut
3381 4191 3680 4257 speciosam

2111 4255 2344 4328 aliquam
2394 4260 2655 4312 rationem
2697 4257 2925 4320 silentii,
2956 4259 3096 4327 quod
3130 4260 3272 4312 circa
3294 4255 3432 4314 hanc
3477 4270 3683 4328 partem

2109 4327 2369 4381 orationis
2418 4328 2761 4392 observavit,
2808 4329 2961 4382 nobis
3016 4329 3270 4391 reddant,
3319 4327 3677 4382 cumtamen

2113 4397 2434 4460 praecedenti
2483 4398 2791 4452 necessario
2827 4399 3112 4463 conjuncta
3166 4401 3271 4463 sit,
3327 4410 3490 4467 atque
3545 4401 3683 4454 adeo

2116 4479 2219 4537 una
2253 4480 2320 4520 ex
2347 4468 2516 4520 altera
2549 4468 2804 4536 explicari
2837 4469 3047 4522 debeat.
3085 4468 3162 4521 Ex
3193 4470 3311 4536 ejus
3350 4471 3676 4537 interpreta-

2117 4533 2297 4604 t_ione,
2335 4551 2495 4604 quam
2537 4533 2699 4604 priori
2741 4537 3028 4601 attribuit,
3067 4539 3136 4590 ita
3169 4533 3673 4593 vertendum—erit:

2114 4599 2182 4656 Et
2212 4599 2587 4673 hunc-quidem
2617 4623 2802 4674 partem
2832 4599 3116 4674 faciamus,
3145 4624 3332 4674 corpus
3364 4619 3516 4660 tuum
3555 4624 3676 4660 sau-

2113 4684 2276 4745 etum,
2315 4675 2530 4729 Domine
2561 4691 2578 4727 :
2606 4679 2745 4745 quod
2771 4681 2939 4731 codici
2969 4681 3180 4738 Graeco,
3213 4679 3432 4745 Coptico
3463 4688 3517 4731 et
3545 4683 3677 4730 Ara-

2111 4741 2234 4796 bico
2258 4755 2537 4815 repugnat
2570 4741 2673 4797 non
2705 4747 2881 4799 minus
2910 4762 3066 4814 quam
3099 4741 3351 4800 omnibus
3385 4747 3675 4815 cujuscun-

2112 4826 2217 4884 que
2257 4813 2446 4881 lingua:
2483 4814 2769 4884 Liturgiis,
2799 4813 3219 4884 sanctorumque
3261 4813 3482 4870 Patrum
3526 4818 3676 4870 theo-

2111 4880 2302 4952 logiae,
2339 4880 2569 4955 maxime
2614 4880 3146 4955 v'erogOrientaliuin'
3194 4889 3540 4955 scriptorum.
3599 4886 3675 4940 illi

2110 4955 2254 5023 enim
2300 4952 2457 5022 Vulgo
2502 4957 2720 5019 dicunt,
2752 4954 3012 5022 Spiritum
3042 4952 3481 5010 sanctum—illabi
3516 4972 3674 5023 super

2109 5020 2250 5075 dona
2279 5020 2550 5093 proposita
2573 5063 2592 5091 ,
2624 5025 2763 5078 sicut
2795 5020 2861 5077 in
2898 5023 2960 5078 Β.
2993 5024 3212 5079 Mai-iam
3257 5025 3527 5093 Virginem
3562 5020 3676 5077 ηιθ-

2110 5105 2236 5163 psus
2270 5101 2374 5155 est,
2405 5103 2459 5147 et
2487 5094 2538 5146 in
2585 5094 2741 5163 altari
2771 5094 3004 5148 formare
3035 5110 3231 5163 corpus
3266 5096 3492 5159 Christi,
3534 5098 3673 5148 sicut

2109 5161 2237 5232 illud
2273 5163 2325 5232 in
2360 5173 2513 5216 utero
2557 5162 2828 5232 Virginis,
2870 5180 2936 5218 ex
2979 5161 3218 5231 ejusdem
3251 5181 3414 5219 carne
3449 5176 3502 5218 et
3545 5179 3669 5217 san-

2107 5230 2269 5299 guine
2297 5231 2572 5290 formavit.
2601 5230 2677 5286 Ita
2705 5232 2936 5287 Severus
2956 5230 3456 5298 ASchmoninensis,
3488 5233 3670 5286 liomi-

2107 5301 2192 5354 liae
2220 5302 2285 5356 de
2315 5304 2520 5357 circulo
2550 5305 2674 5357 anni
2700 5344 2716 5369 ,
2747 5304 3004 5358 Barsalibi
3026 5342 3041 5367 ,
3073 5305 3476 5374 Abulfaragius,
3506 5315 3560 5357 et
3585 5306 3670 5358 alii

2105 5385 2334 5437 quorum
2365 5375 2673 5428 testimonia
2707 5375 2833 5427 alibi
2863 5375 3028 5428 relata
3055 5385 3204 5428 sunt.
3240 5375 3528 5438 Sacerdos,
3566 5376 3666 5426 iiii-

2105 5441 2399 5513 n_isteria|is
2429 5458 2587 5498 causa
2617 5456 2737 5499 est:
2772 5443 3008 5513 Spiritus
3056 5457 3278 5499 sanctus
3324 5460 3490 5497 causa
3521 5444 3664 5506 prin-

2105 5511 2330 5578 cipalis:
2365 5513 2409 5566 si
2444 5515 2565 5581 quis
2592 5516 2732 5568 ultra
2764 5511 3171 5582 philosophatus
3205 5525 3308 5576 est,
3337 5527 3394 5566 ut
3418 5513 3665 5579 Diampe—

2105 5594 2292 5653 renses
2321 5597 2577 5639 censores
2601 5625 2617 5651 ,
2655 5596 2710 5638 et
2744 5587 3122 5640 emendatores
3162 5585 3365 5653 aliquot
3403 5583 3665 5652 ignobiles

2103 5647 2491 5720 Liturgiarum,
2550 5647 2771 5710 minima
2827 5665 2910 5710 est
2957 5655 3061 5711 hoc
3110 5655 3165 5710 in
3213 5647 3666 5724 genere'illoruin

2107 5726 2428 5776 auctoritas.
