3898 6222
168 283 283 341 689

1230 282 1562 340 LITURGIA
1600 283 1661 342 S.
1706 279 2038 340 GREGORII
2072 274 2384 338 COPTICA.

3327 270 3435 333 690

173 399 323 454 dtam
354 395 462 452 illis
488 395 579 466 qui
611 395 668 452 in
702 374 1024 466 poenitentia
1053 403 1180 452 sunt
1226 396 1328 468 (8),
1370 399 1759 471 benignitatem
1789 405 1836 463 Α
1863 406 2174 453 nostrorum
2223 393 2674 459 orthodoxorum,
2707 392 2800 463 qui
2833 399 2960 448 sunt
3007 391 3065 448 in
3117 391 3338 464 palatio,
3375 405 3434 453 et

174 488 454 553 divitibus,
491 488 808 543 modestiam
833 488 899 544 iis
939 489 1030 559 qui
1063 488 1115 543 in
1146 488 1405 559 dignitate
1430 497 1583 559 sunt,
1608 491 1757 546 auxi-

176 581 309 635 lium
348 578 715 649 pauperibus:
759 595 914 635 senes
974 580 1169 636 robora
1208 595 1225 634 :
1274 582 1499 650 juvenes
1555 583 1753 638 crudi:

179 670 423 726 inﬁdeles
453 681 748 727 converte:
784 680 996 727 cessent
1030 673 1099 728 ab
1133 671 1375 740 Ecclesia
1410 675 1703 730 schismata
1737 693 1753 730 :

178 762 421 829 deprime
442 762 748 832 superbiam
775 763 1074 827 hareseon,
1098 773 1155 818 et
1176 766 1289 820 ‘nos
1321 778 1510 820 omnes
1536 765 1602 821 ad
1631 780 1758 822 con-

175 852 421 905 cordiam
456 853 673 922 pietatis
698 853 946 909 'adunare
983 853 1240 924 digneris.

254 940 514 1011 Populus.
546 942 789 1010 Domine,
821 947 1102 1001 miserere.

253 1031 545 1088 Diaconus.
594 1034 759 1091 Orate
809 1051 906 1107 pro
951 1053 1086 1109 pace
1135 1040 1295 1096 unius
1371 1040 1652 1096 catholica
1705 1049 1761 1095 et

180 1124 494 1192 apostolica
533 1125 626 1180 Dei
667 1127 947 1183 Ecclesia.

255 1213 535 1270 Sacerdos.
563 1216 848 1283 Memento,
861 1221 1088 1277 Dom.ne
1116 1222 1286 1292 pacis,
1312 1225 1505 1288 unica,
1535 1232 1756 1291 sancta,

181 1306 470 1362 catholica
510 1317 567 1363 et
612 1310 922 1378 apostolica
966 1311 1220 1370 Ecclesia
1274 1323 1397 1379 tua,
1436 1331 1556 1386 qua
1596 1325 1679 1373 est
1728 1334 1761 1372 a

186 1396 384 1451 ﬁnibus
422 1412 593 1467 usque
625 1399 693 1453 ad
749 1401 881 1455 ﬁnes
926 1410 1103 1468 terra,
1146 1410 1201 1457 et
1243 1418 1428 1459 eorum
1473 1403 1566 1474 qui
1617 1413 1763 1461 recte

185 1487 504 1555 dispensant
533 1488 585 1544 in
611 1505 675 1546 ea
703 1491 923 1548 verbum
948 1494 1216 1549 veritatis.

258 1577 549 1633 Diaconos.
586 1580 750 1636 Orate
792 1596 890 1652 pro
933 1584 1187 1653 pontiﬁce
1222 1591 1408 1638 nostro
1438 1598 1573 1653 papa
1607 1582 1761 1638 Anba

185 1670 253 1726 N.
287 1672 349 1727 D.
392 1674 797 1745 archiepiscopo
845 1692 1055 1747 magna
1111 1677 1260 1733 urbis
1315 1677 1672 1744 Alexandria,
1713 1685 1766 1733 et

187 1777 289 1832 pro
326 1765 643 1820 orthodoxis
672 1767 940 1837 episcopis

260 1852 545 1910 Sacerdos.
578 1857 887 1913 Praesertim
933 1874 1061 1914 vero
1090 1860 1416 1929 patriarcha
1464 1861 1631 1915 nostri
1664 1859 1765 1914 Pa-

189 1946 293 2002 tris
335 1949 666 2005 venerabilis
709 1949 867 2006 Anba
892 1951 960 2010 N.
1001 1962 1057 2008 et
1097 1952 1275 2008 Patris
1326 1953 1493 2008 nostri
1531 1952 1768 2025 episcopi

187 2037 349 2092 Anha
380 2036 449 2092 N.
484 2048 539 2092 et
565 2054 751 2095 eorum
778 2042 868 2111 qui
902 2042 992 2097 hic
1036 2042 1254 2109 adsunt,
1281 2052 1336 2099 et
1366 2046 1457 2114 qui
1491 2043 1770 2113 requieve-

192 2129 357 2184 runt,
413 2123 833 2194 episc0porum,
890 2128 1349 2198 hegumenorum,
1405 2131 1765 2193 sacerdotum,

194 2212 570 2279 diaconorum,
616 2217 1093 2286 subdiaconorum,
1142 2224 1428 2286 lectorum,
1461 2230 1767 2286 cantorum,

192 2306 617 2373 exorcistarum,
678 2311 1092 2376 monachorum,
1132 2312 1421 2382 virginum,
1468 2313 1771 2377 viduarum,

187 2399 611 2465 continentium,
669 2403 1057 2473 orphanorum,
1106 2405 1392 2471 laicorum,
1436 2416 1490 2461 et
1530 2407 1768 2462 omnium

195 2489 436 2545 ﬁdelium
471 2490 724 2548 Ecclesia
750 2503 854 2549 tua
888 2506 1109 2551 sancta.

343 2583 632 2639 Diaconus.
689 2584 854 2641 Orate
905 2602 1003 2657 pro
1057 2604 1184 2657 rege
1260 2597 1444 2644 nostro
1498 2588 1772 2645 Christum

193 2685 418 2729 amante
444 2673 543 2747 (9).

346 2768 634 2826 Sacerdos.
662 2769 951 2837 Memento,
984 2773 1229 2840 Domine,
1247 2788 1431 2828 eorum
1461 2775 1549 2843 qui
1585 2788 1776 2844 regna-

198 2869 398 2916 verunt
428 2877 548 2916 cum
579 2863 799 2931 pietate,
829 2873 883 2920 et
915 2880 1103 2919 eorum
1132 2867 1223 2936 qui
1260 2878 1507 2936 regnant.

276 2949 567 3005 Diaconus.
618 2951 904 3018 Memento,
967 2954 1213 3021 Domine,
1261 2955 1498 3010 ﬁdelium
1550 2954 1775 3011 fratrum

199 3054 535 3098 nostrorum.

1857 488 2035 545 omnis
2068 486 2365 543 exercitus.

1930 580 2220 635 Diaconus.
2253 579 2422 636 Orate
2450 591 2549 649 pro
2576 577 2643 634 iis
2667 575 2759 647 qui
2787 582 2913 631 sunt
2941 574 2998 630 in
3027 575 3228 645 palatio
3256 575 3438 631 fratri-

1856 670 1960 727 bus
1994 672 2197 728 nostris
2229 669 2499 738 ﬁdelibus,
2526 677 2582 725 et
2613 667 2951 736 orthodoxis,
2977 677 3034 723 et
3055 683 3154 738 pro
3184 667 3440 725 universo

1857 763 2121 821 exercitu.

1930 854 2213 912 Sacerdos.
2245 853 2536 919 Memento,
2565 853 2809 916 Dotntne,
2831 867 3020 909 eorum
3047 852 3138 922 qui
3163 852 3262 908 tibi
3281 854 3441 909 obtu-

1858 947 2038 1004 lerunt
2071 949 2187 1004 hac
2218 948 2380 1013 dona,
2422 954 2477 1003 et
2524 960 2715 1002 eorum
2742 945 2834 1016 qui
2879 959 2979 1016 pro
3016 959 3077 1001 se
3107 943 3436 1009 obtulerunt,

1860 1048 1916 1096 et
1950 1053 2138 1096 eorum
2167 1053 2267 1110 pro
2295 1039 2493 1110 quibus
2521 1037 2697 1095 oblata
2728 1043 2852 1095 sunt
2884 1054 2899 1092 :
2929 1037 3167 1093 concede
3189 1037 3443 1094 omnibus

1860 1131 2166 1187 ntercedem
2192 1144 2225 1187 e
2245 1130 2408 1187 calo.

1933 1222 2225 1278 Diaconus.
2269 1220 2434 1279 Orate
2454 1236 2552 1292 pro
2573 1220 2645 1277 its
2672 1221 2764 1292 qui
2799 1220 3130 1277 obtulerunt.

1934 1311 2216 1369 Sacerdos.
2246 1311 2534 1377 Memento,
2560 1311 2812 1379 Domine,
2832 1311 3191 1367 habitantium
3218 1311 3271 1365 in
3296 1326 3446 1365 mou-

1863 1405 2007 1461 tibus
2038 1414 2094 1460 et
2126 1404 2380 1461 cavernis
2414 1423 2427 1459 :
2460 1413 2517 1461 et
2548 1403 2777 1459 fratrum
2832 1413 3140 1461 nostrorum
3187 1403 3280 1474 qui
3319 1410 3445 1458 sunt

1864 1495 1919 1550 in
1952 1494 2265 1565 captivitate
2306 1510 2319 1546 :
2350 1494 2586 1550 concede
2616 1493 2722 1549 illis
2762 1502 2822 1548 ut
2848 1494 3073 1564 paciﬁce
3103 1493 3170 1548 ad
3213 1507 3311 1547 sua
3341 1490 3441 1546 do-

1865 1587 2065 1642 micilia
2092 1594 2447 1641 revertantur.

1938 1678 2227 1733 Diaconus.
2254 1677 2418 1733 Orate
2447 1691 2543 1748 pro
2574 1678 2824 1747 captivis.

1795 1764 1840 1819 Β
1938 1769 2199 1839 Populus.
2224 1768 2471 1834 Domine,
2511 1769 2785 1823 miserere.

1941 1859 2230 1914 Diaconos.
2260 1858 2499 1913 Adorate
2523 1857 2732 1928 Agnum
2769 1855 2998 1912 Verbum
3035 1856 3127 1913 Dei
3157 1857 3291 1930 (10).

1943 1949 2200 2005 Sacerdos
2256 1958 2478 2004 secreto.
2528 1948 2816 2015 Memento,
2867 1948 3111 2016 Domine,
3167 1947 3445 2008 tenuitatis

1871 2058 2004 2098 meae
2039 2051 2095 2097 et
2142 2042 2360 2098 remitte
2389 2042 2521 2096 mihi
2554 2051 2779 2111 peccata
2806 2054 2944 2106 mea,
2988 2049 3047 2095 ut
3085 2040 3174 2095 ubi
3206 2041 3447 2097 abunda-

1872 2136 1949 2190 vit
1984 2136 2260 2206 iniquitas,
2319 2134 2392 2189 ibi
2428 2132 2833 2203 superabundet
2876 2131 3049 2201 gratia
3095 2139 3186 2186 tua
3218 2148 3232 2186 :
3269 2144 3445 2200 neque

1871 2238 2092 2299 propter
2141 2238 2361 2296 peccata
2409 2241 2524 2281 mea
2573 2225 2806 2296 propria,
2844 2234 2897 2281 et
2944 2231 3167 2296 pr0pter
3203 2224 3446 2280 maculas

1872 2321 2053 2375 cordis
2086 2318 2190 2373 mei
2224 2317 2471 2388 deprives
2502 2317 2753 2388 populum
2807 2323 2956 2370 tuum
2998 2315 3172 2386 gratia
3199 2314 3451 2387 lSpiritus

1874 2409 2044 2465 sancti
2078 2409 2175 2463 tui.

1945 2499 2203 2570 Populus.
2234 2499 2492 2556 Miserere
2532 2499 2723 2565 nostri,
2763 2499 2911 2554 Deus
2956 2497 3204 2553 Salvator
3242 2504 3446 2553 noster.

1947 2592 2205 2652 Sacerdos
2232 2593 2345 2647 alta
2370 2607 2509 2647 uoce.
2536 2591 2674 2658 Quia
2716 2591 2942 2661 populus
2969 2599 3092 2647 tuus
3117 2600 3172 2647 et
3204 2589 3449 2659 Ecclesia

1878 2695 1967 2744 tua
1991 2694 2044 2741 te
2071 2685 2360 2742 obsecrant
2404 2692 2460 2739 et
2502 2683 2714 2738 Patrem
2762 2692 2913 2737 tuum
2939 2691 3136 2747 tecum,
3162 2682 3445 2736 dicentes:

1876 2777 2132 2833 Miserere
2159 2778 2351 2845 nostri,
2388 2776 2530 2832 Deus
2565 2776 2813 2831 Salvator
2841 2783 3046 2831 noster.
3080 2774 3326 2829 Concede
3351 2787 3448 2843 po-
3474 2780 3479 2785 '

1876 2871 2001 2940 pulo
2049 2880 2139 2925 tuo
2192 2884 2288 2925 cor
2343 2869 2653 2924 unum:da
2707 2867 3144 2938 tranquillitatem
3205 2866 3447 2920 mundo:

1880 2959 2194 3029 temperiem
2224 2959 2418 3013 bonam
2464 2959 2576 3012 aeri
2613 2958 2899 3029 :dignare,
2939 2957 3184 3023 Domine,
3222 2955 3450 3010 benedi-

1882 3064 2009 3105 cere
2045 3050 2148 3104 hoc
2177 3065 2320 3104 anno
2343 3061 2537 3105 ventos
2564 3049 2687 3104 cali
2714 3059 2768 3102 et
2793 3047 2975 3118 fruges
3001 3057 3176 3102 terra.
3204 3046 3441 3117 Dignare

279 3132 558 3190 Sacerdos.
618 3134 908 3202 Memento,
966 3136 1211 3205 Domine,
1260 3137 1494 3194 ﬁdelium
1547 3138 1774 3194 fratrum
1803 3136 1847 3196 C
1882 3142 2128 3210 Domine,
2168 3142 2488 3198 benedicere
2519 3157 2687 3212 aquas
2719 3139 2980 3202 fluminis,
3016 3138 3311 3194 ascendere
3356 3153 3450 3192 eas

282 3311 360 3385 (8_)
404 3309 540 3385 llinc
579 3312 1000 3385 demonstratur,
1034 3314 1406 3382 paenitentiam
1453 3317 1506 3370 in
1550 3316 1770 3385 Coptica

205 3381 451 3437 Ecclesia
480 3381 653 3436 locum
681 3383 805 3437 olim
840 3381 1093 3438 habuisse
1114 3422 1129 3446 ,
1159 3386 1356 3440 dudum
1394 3394 1518 3439 ante
1541 3381 1776 3441 obscena

210 3452 301 3524 illa
333 3465 575 3524 tempora
619 3450 862 3524 Joannis,
910 3464 965 3506 et
1008 3454 1173 3508 Marci
1203 3454 1295 3509 filii
1336 3456 1506 3509 Zaraa
1545 3459 1779 3524 patriar-

206 3523 458 3592 charum,
486 3522 576 3590 qui
605 3523 998 3577 confessionem
1026 3535 1394 3592 peccatorum,
1417 3534 1474 3579 et
1492 3522 1778 3586 (Iunonem.

210 3593 327 3646 sive
359 3590 686 3645 laboriosam
718 3590 1090 3661 panitentiam
1118 3633 1134 3657 ,
1173 3590 1579 3651 tollere‘conati
1617 3606 1778 3659 sunt,

207 3662 280 3716 de
310 3675 417 3729 qua
450 3661 793 3715 innovatione
825 3662 1027 3718 dictum
1057 3672 1140 3717 est
1181 3665 1233 3717 in
1264 3664 1504 3719 Historia
1551 3664 1781 3718 Aleman-

211 3728 370 3784 drina
402 3728 478 3800 (ι)
505 3738 563 3803 et
591 3730 742 3787 alibi.
767 3731 900 3786 Esse
930 3735 984 3788 in
1015 3734 1354 3803 paenitentia,
1389 3744 1561 3789 status
1588 3747 1693 3798 est,
1724 3742 1787 3789 ut

210 3814 404 3854 eorum
435 3800 603 3870 quiin
635 3803 822 3856 eadem
853 3800 1098 3859 oratione
1121 3814 1640 3868 commemorantur,
1693 3820 1787 3858 va-

210 3872 300 3944 rii,
328 3868 653 3944 sunthNon
707 3887 834 3944 vero
878 3875 924 3944 is
977 3874 1125 3929 locus
1171 3874 1564 3944 intelligendus
1588 3884 1672 3928 est
1721 3876 1786 3927 de

214 3941 429 4021 publica
472 3939 562 3994 illa
588 3942 830 4021 ,Lqualis
881 3943 948 4021 in_
985 3959 1090 4021 usu_
1129 3953 1247 4021 erat
1294 3939 1483 4014 primis
1531 3943 1786 4021 Ecclesia

212 4008 453 4083 iaculis,
488 4008 840 4079 poenitentia,
867 4014 1021 4082 cujus
1059 4012 1260 4067 dudum
1279 4008 1311 4079 ,⁷
1329 4022 1685 4083 praterquam
1720 4015 1783 4066 ad

214 4080 465 4151 publicos
490 4090 804 4149 peccatores
846 4080 1212 4138 emendandos
1234 4123 1249 4148 ,
1278 4080 1559 4151 disciplina
1584 4086 1782 4137 omissa

210 4149 324 4204 est.
361 4149 469 4222 Sed
503 4151 589 4204 hic
639 4150 967 4222 intelligendi
1013 4164 1140 4222 sunt
1186 4154 1301 4217 illi,
1340 4149 1431 4222 qui
1474 4153 1612 4207 facta
1645 4152 1785 4221 apud

215 4220 558 4275 sacerdotem
596 4221 938 4278 confessione
960 4262 976 4289 ,
1021 4220 1320 4290 Cononem,
1355 4220 1456 4278 hoc
1484 4231 1569 4278 est
1597 4220 1787 4291 panos

216 4291 513 4361 canonicas
544 4291 932 4357 suscipiebant,
968 4303 1024 4348 et
1051 4293 1288 4361 aliquam
1325 4294 1538 4346 illarum
1575 4302 1783 4358 partem

211 4357 663 4427 compleverant,
692 4370 981 4430 antequam
1024 4357 1456 4418 communionem
1485 4357 1788 4417 sacramen-

218 4419 399 4483 Ioruin
437 4419 791 4502 eminerent,
834 4419 865 4485 5.
915 4448 1022 4502 qua
1067 4433 1385 4487 arcebantur
1434 4448 1545 4502 per
1572 4431 1785 4502 aliquod
1817 4419 1862 4475 Ι)

220 4500 478 4566 temporis
525 4499 888 4554 intervallum.
932 4499 1063 4557 liae
1109 4502 1385 4571 disciplina
1436 4499 1616 4556 fusius
1660 4501 1789 4558 alibi

216 4578 548 4635 exponetur,
581 4584 644 4623 ex
679 4572 842 4624 variis
866 4571 1178 4627 auctoribus
1226 4582 1336 4624 tum
1382 4587 1447 4626 ex
1490 4571 1787 4626 canonibus

216 4637 706 4709 paniteﬁntialibus,
736 4641 828 4709 qui
865 4651 1082 4696 exstant
1104 4642 1158 4694 in
1182 4642 1458 4696 codicibus
1487 4641 1787 4695 manuscri-

216 4710 387 4780 ptis.__
415 4708 795 4780 Pmnitentium
845 4726 1060 4780 quoque
1119 4712 1319 4765 mentio
1364 4712 1424 4764 fit
1470 4711 1652 4776 infra,
1696 4710 1788 4778 qui

220 4776 447 4847 intelligi
503 4779 643 4833 forte
686 4776 920 4849 debent,
955 4776 1051 4852 per
1082 4796 1175 4837 eos
1223 4781 1317 4835 cui
1369 4783 1422 4833 in
1465 4776 1789 4850 confessione

215 4857 366 4901 illi".

293 4916 372 4986 (9)
417 4916 645 4971 Servata
681 4917 795 4972 hac
823 4919 1048 4975 formula
1074 4929 1157 4974 est
1178 4935 1244 4976 ex
1273 4921 1441 4977 veteri
1481 4920 1787 4988 disciplina,

216 5000 348 5063 ante
370 4997 688 5063 occupatam
714 5006 741 5041 a
768 4988 1170 5063 Muhamedanis
1194 4990 1508 5063 1Egyptum,
1530 4994 1580 5045 in
1603 4991 1790 5063 Graco

216 5055 599 5129 τῶνγξύσεὸὦς
646 5056 1111 5126 βασιλευσάντων,
1142 5055 1470 5129 qua'verba
1517 5062 1791 5116 versiones

218 5128 468 5199 Arabica
494 5130 738 5199 quadarn
764 5128 1171 5198 expresserunt.
1204 5130 1405 5199 Nempe
1438 5146 1559 5186 cum
1595 5146 1791 5199 regna-

221 5205 349 5268 rent
380 5193 676 5250 Christiani
714 5193 1066 5268 imperatores
1088 5240 1104 5263 ,
1149 5201 1263 5255 hac
1296 5193 1526 5254 formula
1558 5193 1790 5266 usurpa-

220 5266 407 5331 batur,
448 5280 568 5333 qua
610 5266 804 5336 postea
840 5271 892 5321 in
935 5269 1086 5323 libris
1117 5280 1329 5325 servata
1365 5280 1484 5333 est,
1524 5269 1791 5336 adiunctis

220 5345 406 5389 tamen
437 5336 617 5416 verbis
654 5338 883 5402 ultimis,
909 5341 1032 5416 quia
1061 5356 1154 5416 pro
1179 5341 1543 5416 principibus,
1576 5339 1793 5416 quales-

217 5419 436 5476 cunque
489 5410 631 5470 sint,
685 5419 845 5462 orant
906 5410 1245 5476 Orientales,
1319 5412 1365 5465 si

216 5474 543 5551 excipimus,
582 5476 635 5529 in
672 5491 900 5551 quorum
942 5478 1192 5551 giturgia
1221 5474 1577 5551 memorialit
1612 5496 1791 5550 regum

211 5542 478 5613 ﬁdelium,
515 5560 621 5600 non
656 5542 905 5601 aliorum.
940 5548 1019 5603 Ex
1053 5542 1142 5605 illo
1166 5551 1284 5607 loco
1320 5561 1463 5608 recte
1490 5542 1790 5606 Salinasius

282 5707 349 5774 (⁸)
372 5708 501 5763 Hist.
533 5715 672 5764 Patr.
700 5713 840 5767 Αιεω.
868 5730 917 5779 p.
944 5715 1052 5766 505.

1438 5409 1793 5465 Nestorianos
1826 5438 1831 5441 Α

1879 3316 2135 3386 Liturgia
2164 3318 2542 3386 antiquitatem
2561 3316 2924 3381 commendat,
2951 3325 3206 3385 tanquam
3229 3315 3446 3384 scripta

1880 3390 1979 3441 sub
2023 3384 2350 3442 Christianis
2389 3384 2690 3458 Egyptum
2733 3384 3144 3458 obtinentibus,
3171 3387 3306 3458 quia
3352 3399 3452 3458 pro

1883 3458 1990 3528 illis
2019 3467 2229 3521 oratur,
2270 3467 2326 3512 et
2364 3457 2474 3528 illis
2507 3456 2598 3526 qui
2629 3466 2772 3528 sunt
2802 3458 2854 3510 in
2902 3456 3135 3528 palatio.
3164 3456 3271 3510 Sed
3304 3456 3453 3524 pala-

1887 3527 2020 3599 lium
2060 3543 2180 3599 non
2215 3529 2396 3599 magis
2442 3526 2787 3599 Christianos
2820 3526 3005 3599 quam
3033 3526 3453 3599 Muhamedanos

1892 3598 2167 3666 principes
2197 3596 2474 3666 designat,
2510 3610 2683 3666 neque
2724 3596 2790 3650 ad
2842 3596 3096 3650 familiam
3136 3596 3339 3665 regiam
3363 3609 3453 3650 re-

1890 3666 2019 3719 ferri
2053 3665 2252 3729 debet,
2307 3665 2401 3720 sed
2447 3666 2514 3719 ad
2562 3665 2757 3720 fratres
2808 3666 3177 3727 orthodoxns,
3223 3667 3324 3718 hoc
3368 3675 3453 3718 est

1888 3735 2158 3790 Jacobitas
2181 3734 2544 3796 Christianos,
2575 3736 2667 3802 qui
2714 3744 2838 3788 tunc
2866 3746 3021 3789 erant
3053 3736 3105 3788 in
3138 3733 3315 3788 aulico
3347 3736 3452 3786 mi-

1892 3808 2139 3861 msterio.
2172 3804 2365 3859 Multos
2391 3806 2533 3860 enim
2574 3804 2744 3859 fuisse
2774 3805 2862 3874 qui
2898 3806 3221 3873 scripturam
3248 3803 3300 3856 in
3330 3804 3453 3874 aula

1887 3875 2108 3941 sultani,
2158 3883 2253 3930 aut
2296 3875 2347 3929 in
2380 3875 2578 3929 divano
2613 3873 2948 3939 exercerent,
2994 3882 3143 3942 patet
3184 3888 3250 3927 ex
3282 3873 3451 3926 variis

1893 3945 2133 4000 historia
2163 3945 2541 3999 Alexandrina
2562 3945 2696 3998 locis
2714 3984 2729 4008 ,
2757 3945 2900 4013 quod
2926 3946 3128 4012 pariter
3156 3943 3453 4013 sapissimo

1890 4015 2118 4085 contigit
2160 4016 2215 4068 in
2246 4015 2367 4068 aula
2411 4012 2787 4085 Bagdadensi,
2822 4013 2912 4068 ubi
2952 4014 3105 4085 multi
3138 4012 3451 4085 Christiani

1892 4080 2086 4154 magna
2110 4085 2251 4154 apud
2283 4080 2544 4153 quosdam
2569 4082 2757 4138 califas
2782 4084 3104 4136 auctoritate
3130 4080 3449 4154 floruerunt,

1891 4151 2196 4224 lfies'toriani
2242 4151 2530 4224 praecipue.
2581 4154 2717 4208 Hinc
2747 4167 2885 4220 sape
2913 4160 3149 4224 utraque
3172 4152 3412 4224 Ecclesia
3433 4191 3450 4216 ,

1891 4222 2187 4302 Jacobitica
2216 4219 2271 4278 et
2311 4224 2629 4302 Nestoriana
2650 4261 2665 4287 ,
2709 4219 2958 4302 maximis
2989 4219 3162 4276 turbis
3199 4219 3453 4302 perillu-

1893 4308 2012 4347 t~um
2043 4294 2320 4349 hominum
2348 4294 2696 4347 ambitionem
2729 4292 2929 4361 agitata
2958 4302 3041 4347 est
3071 4310 3085 4347 :
3118 4303 3173 4346 et
3197 4288 3253 4344 in
3282 4288 3455 4360 [Egy-

1893 4372 1982 4430 pto
2009 4365 2110 4418 sub
2154 4364 2359 4417 ultimis
2396 4362 2625 4416 sultanis
2644 4401 2659 4425 ,
2687 4362 2882 4416 Turcis
2909 4369 2962 4415 et
2988 4361 3282 4427 Circassis,
3313 4374 3452 4430 quos

1890 4432 2217 4489 Mamalucos
2260 4440 2493 4495 vocant,
2531 4432 2832 4485 durissima
2859 4431 3263 4499 persecutiones
3306 4431 3456 4499 exci-

1894 4511 2016 4557 tata
2043 4513 2185 4557 sunt.
2227 4501 2395 4569 Quam
2428 4502 2709 4569 lectionem
2744 4511 2961 4569 secutus
2999 4499 3162 4554 fuerit
3186 4498 3451 4554 Maronita

1890 4572 2160 4641 interpres
2185 4586 2305 4626 cum
2338 4572 2497 4623 vertit
2526 4588 2541 4625 :
2574 4568 2858 4641 Memento,
2890 4568 3130 4635 Domine,
3160 4585 3337 4641 regum
3363 4571 3455 4638 qui

1888 4651 2009 4696 sunt
2037 4639 2187 4695 electi
2212 4642 2267 4695 in
2300 4641 2611 4709 perfectione
2643 4640 2873 4707 pietatis,
2901 4647 3156 4693 eteorum
3194 4639 3284 4707 qui
3329 4646 3456 4692 sunt

1889 4710 2144 4780 eligendi,
2172 4726 2275 4765 non
2301 4708 2433 4764 Satis
2459 4709 2797 4779 intelligitur,
2843 4724 2966 4763 cum
3012 4709 3333 4780 sententiam
3374 4708 3456 4762 si-

1891 4781 2314 4904 nglemlneque
2367 4781 2624 4849 Copticus
2688 4794 2864 4849 neque
2932 4779 3198 4833 Arabicus
3275 4786 3456 4833 textus

1891 4870 1922 4904 υ
1964 4865 2092 4904 eran
2124 4891 2138 4904 .

1890 4859 2138 4906 olferant.

1966 4920 2079 4991 (10)
2122 4918 2247 4975 Hac
2284 4918 2497 4973 diaconi
2534 4917 2770 4991 hortatio
2806 4917 2862 4991 in
2910 4917 3096 4974 codice
3127 4916 3318 4991 Gra_co
3346 4930 3457 4991 non

1891 4987 2130 5045 occurrit
2158 5009 2173 5043 :
2208 4991 2290 5058 pia
2322 5004 2452 5043 sane
2498 4997 2552 5042 et
2578 4988 2869 5058 singularis
2890 5028 2909 5057 ,
2938 5003 3101 5059 quant
3128 5002 3196 5041 ex
3232 4987 3458 5055 Coptica

1890 5062 2070 5128 lingua
2096 5063 2160 5113 ad
2201 5061 2421 5114 verbum
2458 5060 2790 5126 interpretati
2829 5073 3043 5123 sumus,
3081 5060 3460 5128 consentiente

1890 5127 2116 5184 Arabica
2148 5131 2413 5185 versione.
2443 5128 2497 5182 In
2530 5144 2637 5182 uno
2664 5142 2735 5183 ex
2762 5130 3039 5182 codicibus
3073 5127 3277 5197 Regiis,
3306 5127 3459 5197 illius

1893 5201 2028 5254 adeo
2073 5199 2267 5264 legitur
2313 5198 2541 5252 formula
2559 5198 2668 5268 Lilla
2720 5199 2973 5268 frequens
3013 5196 3243 5251 Adorote
3287 5196 3458 5249 Deum

1891 5285 2011 5322 cum
2059 5273 2243 5323 timore
2287 5285 2306 5324 :
2356 5270 2495 5338 quod
2543 5266 2732 5322 Graece
2786 5266 3332 5338 nonrpronuntietur,
3400 5273 3458 5338 ut

1892 5352 2079 5393 omnes
2100 5340 2326 5405 similes,
2361 5333 2480 5391 eam
2510 5354 2615 5393 non
2648 5341 2781 5391 adeo
2812 5333 3086 5405 antiquam
3125 5351 3247 5391 esse
3285 5333 3460 5404 signi-

1895 5410 2057 5462 ﬁcare
2083 5411 2310 5463 videtur.
2339 5408 2540 5462 Eratin
2572 5408 2830 5476 Scaligeri
2860 5409 3066 5471 codice,
3097 5407 3190 5460 sed
3221 5407 3463 5476 pessime

1892 5478 2161 5604 i'ittcrpres
2196 5479 2426 5535 reddidit
2465 5496 2478 5532 :
2525 5476 2686 5532 Orate
2721 5474 2816 5548 pro
2844 5492 2903 5532 eo
2934 5477 3022 5546 qui
3048 5474 3465 5548 portat'verbutrs

1943 5566 2009 5604 cr.

1943 5566 2009 5604 ει.
