3898 6222
446 326 544 381 091

1491 339 1822 398 LITURGIA
1861 345 1919 402 S.
1961 347 2288 405 GREGORII
2327 352 2644 412 COPTICA.

3584 374 3710 432 692

444 438 531 548 fac
558 439 1040 548 iuxtaﬁmensuram
1069 461 1246 516 suam,
1268 454 1564 508 secundum
1588 460 1814 527 gratiam
1848 470 2014 516 tuam.
2044 469 2093 526 Α
2120 467 2421 524 orthodoxa
2455 488 2473 527 :
2512 471 2580 525 da
2620 471 2726 526 illis
2755 474 3004 531 omnibus
3035 478 3303 548 requiem,
3325 496 3446 538 cum
3488 490 3710 545 sanctis

441 529 676 586 Latifica
711 531 904 588 faciem
939 544 1116 603 terra,
1142 547 1247 595 etc.
1282 541 1366 595 Ea:
1407 542 1650 616 Lilurgia
1676 547 1884 605 Basilii.

511 621 747 678 lniirmis
783 626 1068 683 sanitatem
1103 647 1116 682 :
1154 632 1517 703 indigentibus
1549 640 1798 696 solatium
1834 663 1848 698 :
1878 644 2009 701 libe-

441 715 702 770 rationem
729 719 958 787 captivis
983 725 1218 779 concede
1241 744 1256 780 :
1288 729 1504 798 suscipe
1537 730 1603 784 ad
1628 740 1679 787 te
1702 737 2010 805 orphanos:

442 808 698 863 auxilium
753 812 820 864 da
867 812 1087 869 viduis:
1128 830 1222 873 eos
1262 821 1352 888 qui
1412 823 1809 894 angustiantur,
1859 829 2014 887 bonis

440 909 726 956 sustenta:
771 917 865 959 eos
916 906 1006 975 qui
1047 908 1357 964 ceciderunt
1387 915 1534 983 erige
1569 936 1581 970 :
1633 925 1838 974 stantes
1884 937 2014 976 con-

439 989 596 1043 ﬁrma
631 1007 649 1043 :-
679 991 1049 1048 defunctorum
1097 1010 1372 1054 memento
1405 1018 1419 1054 :
1449 1017 1633 1057 eorum
1674 1007 1765 1074 qui
1795 1007 1849 1062 in
1880 1023 2012 1063 con-

439 1082 676 1138 fessioue
717 1093 862 1151 sunt,
919 1089 1334 1157 deprecationes
1377 1094 1588 1165 suscipe
1627 1113 1643 1152 :
1687 1100 2011 1167 pot-nitentes

441 1182 665 1223 numera
698 1183 816 1224 cum
845 1170 1092 1229 ﬁdelibus
1123 1176 1248 1245 tuis,
1275 1186 1329 1232 et
1358 1179 1542 1236 fideles
1569 1194 1686 1240 tuos
1715 1201 1837 1241 cum
1868 1205 2015 1245 mar-

441 1257 650 1326 tyribus
682 1259 825 1316 tuis:
855 1271 912 1316 et
955 1277 1049 1319 eos
1088 1267 1178 1334 qui
1229 1268 1317 1324 hic
1360 1271 1576 1339 adsunt,
1614 1276 1818 1332 similes
1863 1278 2013 1336 enice

440 1351 647 1420 angelis
671 1353 775 1410 tuis
801 1371 818 1410 :
848 1369 946 1411 nos
975 1371 1210 1428 quoque,
1247 1361 1360 1430 qui,
1387 1362 1513 1420 licet
1539 1366 1768 1437 indigni,
1813 1369 1880 1425 ad
1909 1371 2012 1425 mi-

443 1442 721 1498 nisterium
755 1455 903 1500 tuum
937 1461 1036 1517 per
1058 1451 1284 1520 gratiam
1311 1461 1457 1508 tuam
1481 1457 1657 1512 vocati
1699 1472 1908 1526 sumus,
1944 1464 2014 1516 ad

439 1537 496 1584 te
521 1533 754 1601 suscipe.

511 1621 698 1694 Kyrie,
725 1625 950 1697 eleison,
965 1631 1077 1684 alta
1097 1649 1234 1688 voce.

513 1716 792 1774 Sacerdos.
849 1721 1140 1790 Memento,
1186 1726 1430 1795 Domine,
1473 1730 1666 1787 salutis
1708 1732 1868 1803 hujus
1908 1734 2008 1791 loci

2118 559 2254 624 tuis,
2299 569 2354 615 et
2405 575 2525 616 cum
2586 563 2652 618 iis
2705 579 2930 634 quorum
2990 570 3207 624 nomina
3265 586 3706 635 commemorata

2114 661 2259 705 sunt.

2184 741 2444 798 Sacerdos
2483 756 2597 812 post
2637 747 2898 818 Diptyclaa
2927 749 3087 805 dicet.
3118 751 3406 821 Memento,
3439 758 3704 824 Domine,

2113 846 2298 886 eorum
2354 850 2580 904 quorum
2635 840 2949 894 memoriam
3016 843 3240 898 fecimus
3297 846 3576 908 ﬁdelium.
3639 860 3706 904 et

2114 937 2303 978 eorum
2329 942 2562 992 quorum
2600 943 2707 982 non
2760 933 3102 989 meminimus
3156 938 3600 1005 orthodoxorum,
3640 951 3702 996 et

2115 1017 2289 1070 nostri
2324 1033 2539 1088 quoque
2567 1033 2688 1073 cum
2718 1020 2846 1087 illis,
2885 1037 2919 1078 o
2945 1024 3082 1081 bone
3135 1037 3365 1095 amator,
3413 1030 3699 1086 hominum

2115 1105 2276 1162 Deus.

2191 1198 2443 1270 Populus.
2491 1203 2742 1270 Remitte,
2791 1220 2975 1276 parce,
3028 1207 3269 1261 condona
3319 1208 3493 1271 nobis,
3531 1207 3696 1272 Deus,

2115 1289 2348 1347 oﬂensas
2386 1304 2598 1349 nostras
2642 1310 2777 1364 quas
2828 1295 3196 1351 commisimus
3248 1297 3548 1352 voluntarie
3600 1307 3708 1352 aut

2112 1379 2474 1437 involuntarie
2495 1421 2510 1447 ,
2541 1384 2773 1440 scienter
2812 1385 2894 1441 vel
2937 1387 3249 1457 iguorauter
3278 1405 3292 1442 :
3326 1386 3572 1453 Domine,
3609 1388 3702 1444 tli—

2111 1471 2263 1527 mitte
2291 1472 2408 1528 illas
2431 1474 2603 1529 nobis.

2182 1561 2464 1618 Sacerdos.
2500 1563 2578 1619 Tu
2609 1580 2668 1620 es
2696 1566 2839 1620 enim
2893 1567 3036 1622 Deus
3091 1567 3400 1624 misericors
3438 1568 3531 1638 qui
3582 1585 3695 1625 non

2120 1653 2204 1706 vis
2230 1663 2455 1709 mortem
2486 1656 2808 1724 peccatoris,
2836 1657 2929 1712 sed
2965 1666 3024 1711 ut
3057 1668 3408 1712 convertatur
3431 1667 3486 1712 et
3521 1660 3700 1716 vivat.

2119 1742 2389 1800 Converte
2442 1760 2560 1811 nos,
2617 1747 2858 1813 Domine,
2906 1763 3001 1817 per
3047 1750 3271 1802 salutem
3308 1759 3475 1813 tuam,
3518 1760 3573 1804 et
3610 1751 3706 1805 fac

443 1809 618 1863 sancti
655 1812 754 1874 tui,
797 1821 853 1867 et
889 1817 1128 1872 omnium
1167 1819 1432 1891 locorum,
1489 1837 1546 1882 et
1601 1831 1842 1885 omnium
1894 1849 2010 1888 mo-
2043 1805 2087 1860 Β
2125 1833 2405 1888 nobiscum
2440 1838 2733 1890 secundum
2763 1839 3053 1893 bonitatem
3092 1849 3276 1905 tuam;
3313 1849 3365 1893 tu
3402 1839 3494 1909 qui
3527 1839 3704 1896 efﬁcis

445 1899 806 1956 nasteriorum
858 1904 1079 1962 Patrum
1127 1923 1428 1968 nostrorum
1479 1918 1923 1990 orthodoxorum,
1962 1933 2018 1979 et

444 1991 684 2047 omnium
710 1995 989 2051 civitatum
1026 2000 1188 2056 totius
1242 2007 1532 2072 provincia:
1568 2018 1625 2064 et
1670 2012 1925 2082 regionis,
1963 2023 2018 2070 et

445 2081 624 2137 omnis
653 2084 1068 2152 pulchritudinis
1090 2090 1238 2160 ejus;
1291 2105 1346 2148 et
1397 2111 1494 2153 nos
1537 2081 1935 2159 omneslibera
1983 2121 2012 2158 a

443 2173 608 2241 fame,
642 2191 672 2230 a
703 2188 874 2246 peste,
903 2195 932 2232 a
966 2188 1126 2237 terrae
1150 2185 1403 2252 motibus,
1435 2189 1831 2260 submersione,
1879 2210 2014 2248 nau-

443 2265 616 2335 fragio
642 2276 697 2322 et
725 2269 1007 2340 incendio;
1043 2289 1070 2327 a
1096 2277 1405 2345 captivitate
1434 2281 1811 2354 barbarorum,
1842 2302 1872 2341 a
1903 2287 2018 2357 gla-

443 2357 537 2414 dio
559 2370 842 2427 extraneo,
868 2373 924 2418 et
945 2365 1013 2419 ab
1041 2366 1432 2428 insurrectioue
1465 2374 1856 2433 haereticorum.

513 2449 767 2521 Dignare,
807 2453 1050 2522 Domine,
1089 2462 1362 2517 recordari
1407 2466 1647 2520 omnium
1701 2479 2010 2525 sanctorum

441 2545 532 2614 qui
577 2545 674 2601 tibi
725 2547 1041 2617 placuerunt
1075 2553 1143 2608 ab
1200 2555 1373 2620 initio,
1429 2557 1646 2614 Patrum
1702 2572 2012 2618 nostrorum

445 2645 782 2705 sanctorum,
803 2642 1255 2711 patriarcharum,
1290 2649 1695 2717 prophetarum,
1745 2653 2014 2723 apostolo-

445 2741 591 2793 rum,
635 2730 1108 2799 evangelistarum,’
1147 2745 1468 2806 martyrum,
1523 2739 1915 2806 confessorum,
1958 2753 2014 2798 et

443 2830 631 2870 eorum
686 2819 777 2888 qui
836 2819 1181 2891 Evangelium
1243 2829 1703 2885 annuntiaverunt
1757 2831 2014 2887 Ecclesiae

444 2918 572 2976 tuae,
599 2919 654 2964 et
701 2911 941 2966 omnium
993 2916 1277 2984 spirituum
1321 2917 1592 2986 iustorum
1619 2923 1709 2991 qui
1757 2939 2011 2979 consum-

443 3001 601 3064 mati,
639 3002 875 3059 defuncti
900 3016 1026 3061 sunt
1059 3008 1110 3061 in
1157 3008 1280 3064 ﬁde.
1315 3009 1594 3081 Praecipue
1624 3029 1752 3068 vero
1789 3026 2010 3081 sanctae,

445 3091 613 3159 gloria
644 3093 814 3163 plena:
836 3110 1048 3166 semper
1072 3097 1333 3169 Virginis,
1361 3101 1652 3160 Genitricis
1680 3104 1771 3158 Dei
1813 3117 2014 3161 sanctae

445 3183 650 3251 Mariae,
679 3196 734 3242 et
763 3190 933 3244 sancti
970 3190 1196 3247 Joannis
1227 3190 1610 3260 Praecursoris,
1657 3196 1911 3266 Baptista:
1959 3209 2014 3252 et

447 3277 721 3347 martyris,
751 3287 806 3332 et
841 3281 1015 3335 sancti
1063 3280 1322 3350 Stephani
1354 3285 1720 3352 protodiaconi
1753 3299 1806 3342 et
1837 3298 2018 3356 proto-

449 3369 728 3438 martyris,
753 3377 808 3423 et
831 3372 1230 3441 contemplativi
1264 3374 1542 3443 Deumque
1574 3376 1809 3433 videntis
1853 3395 2017 3434 evan-

450 3456 655 3526 gelista
705 3459 892 3525 Marci,
923 3462 1147 3531 a—postoii
1183 3465 1358 3518 sancti
1413 3479 1468 3520 et
1515 3469 1798 3538 martyris:
1837 3479 1891 3525 et
1923 3487 2019 3540 pa-

450 3547 703 3602 triarcha:
749 3551 924 3606 nostri
967 3555 1139 3607 sancti
1190 3553 1414 3619 Severi;
1463 3565 1518 3611 et
1565 3557 1798 3614 doctoris
1850 3564 2018 3618 nostri

456 3635 724 3703 Dioscori,
751 3641 928 3695 sancti
965 3642 1176 3712 Cyrilli,
1215 3647 1390 3699 sancti
1425 3645 1631 3710 Basilii,
1678 3651 1848 3703 sancti
1881 3649 2021 3705 Gre-

453 3727 616 3796 gorii,
651 3732 824 3785 sancti
848 3729 1072 3788 Joannis
1112 3733 1504 3804 Chrysostomi,
1541 3739 1710 3792 sancti
1743 3740 2021 3796 Athanasii

365 3873 368 3876 .
452 3820 766 3888 apostolici;
799 3832 854 3876 et
899 3823 1236 3878 dominorum
1283 3836 1587 3882 nostrorum
1613 3826 1828 3883 Patrum
1858 3830 2024 3893 iusto-

454 3925 598 3978 rum,
630 3913 807 3982 magni
857 3914 1068 3970 abbatis
1127 3915 1374 3983 Antonii,
1415 3927 1470 3971 et
1507 3918 1578 3986 pii
1609 3921 1778 3973 sancti
1812 3923 2024 3978 abbatis

455 3999 626 4067 Pauli,
673 4012 728 4058 et
765 4004 923 4058 trium
963 4004 1340 4072 Mracariorum,
1391 4010 1665 4078 totiusque
1695 4012 1842 4066 chori
1892 4027 2021 4067 san-

458 4099 671 4148 ctorum
717 4087 952 4159 tuorum,
985 4111 1214 4165 quorum
1248 4101 1500 4168 precibus
1533 4110 1587 4156 et
1628 4101 2028 4158 intercessioni-

458 4184 583 4250 bus,
610 4185 865 4242 miserere
891 4191 1131 4244 omnium
1167 4202 1430 4259 nostrum,
1449 4203 1504 4247 et
1528 4209 1624 4249 nos
1643 4211 1829 4250 omnes
1859 4196 2030 4252 libera

457 4287 677 4349 propter
713 4295 908 4336 nomen
947 4291 1096 4336 tuum
1147 4293 1392 4339 sanctum
1433 4292 1574 4355 quod
1611 4287 1910 4342 invocatum
1943 4296 2029 4343 est

455 4385 617 4440 super
637 4387 755 4428 nos.

2121 1924 2274 1994 plura
2303 1940 2462 1994 quant
2513 1930 2745 1996 petimus
2793 1939 2885 1982 aut
2939 1931 3327 2000 intelligimus:
3361 1942 3419 1986 ut
3464 1933 3517 1986 in
3567 1933 3699 1997 hoc,

2123 2014 2262 2068 sicut
2294 2025 2350 2069 et
2395 2017 2448 2070 in
2499 2018 2769 2086 omnibus,
2815 2019 3161 2089 glorificetur,
3212 2021 3583 2086 benedicatur,
3644 2035 3712 2078 et

2120 2105 2410 2160 extollatur
2470 2123 2662 2162 nomen
2710 2119 2857 2162 tuum
2915 2125 3204 2180 magnum,
3263 2113 3698 2176 sanctissimum,

2123 2193 2418 2262 gloriosum
2451 2208 2506 2251 et
2546 2197 2913 2268 benedictum,
2960 2217 3082 2256 cum
3122 2201 3284 2258 Patre
3315 2212 3406 2260 tuo
3434 2205 3601 2270 bono,
3639 2213 3703 2261 et

2123 2285 2324 2357 Spiritu
2355 2299 2562 2345 sancto.

2189 2377 2299 2432 Pax
2327 2380 2596 2436 omnibus.

2189 2468 2436 2538 Domine,
2471 2469 2720 2528 Salvator
2760 2484 3194 2539 noster,amator
3219 2475 3495 2531 hominum
3525 2476 3702 2540 bone,

2119 2560 2210 2630 qui
2243 2561 2486 2617 vivificas
2522 2565 2734 2620 animas
2764 2576 2999 2634 nostras,
3029 2568 3120 2636 qui
3147 2568 3415 2623 tradidisti
3439 2578 3489 2623 te
3516 2568 3698 2637 ipsum

2119 2666 2216 2718 pro
2257 2653 2433 2717 nobis,
2461 2655 2514 2708 in
2546 2655 2772 2710 salutem
2812 2672 2910 2726 pro
2963 2658 3196 2726 peccatis
3227 2659 3429 2714 nostris
3459 2677 3474 2712 :
3506 2659 3597 2728 qui
3642 2660 3703 2713 in

2121 2739 2466 2798 multitudine
2522 2746 2913 2802 misericordia:
2970 2757 3075 2803 tuae
3130 2748 3340 2804 solvisti
3380 2749 3709 2805 inimicitias

2119 2835 2395 2890 hominum
2433 2855 2449 2890 :
2501 2835 2818 2908 Unigeuitus
2864 2839 3044 2908 Deus,
3096 2841 3191 2911 qui
3240 2856 3302 2897 es
3337 2841 3392 2897 in
3427 2842 3548 2898 sinu
3583 2841 3702 2898 Pa-

2118 2924 2237 2978 tris.

2188 3013 2374 3085 Kyrie,
2409 3014 2631 3070 eleison.
2662 3015 3124 3075 Benedic.Amen.
3165 3081 3180 3097 _

2188 3102 2464 3160 Sacerdos.
2496 3105 2595 3172 Qui
2647 3108 2972 3166 benedixisti
3015 3111 3106 3168 illo
3150 3120 3416 3183 tempore.
3467 3113 3708 3172 benedic

2117 3209 2258 3249 nunc
2293 3195 2432 3266 (η).

2184 3281 2440 3349 Papulas.
2473 3284 2667 3342 Amen.

2188 3374 2466 3430 Sacerdos.
2493 3376 2594 3444 Qui
2627 3378 2979 3437 sanctiﬁcasti
3002 3381 3093 3438 illo
3110 3392 3368 3455 tempore,
3407 3383 3717 3444 sanctifica

2118 3481 2281 3522 nunc.

2189 3557 2447 3628 Populus.
2487 3561 2681 3616 Amen.

2193 3650 2468 3722 Sacerdos.
2513 3653 2614 3721 Qui
2656 3654 2886 3712 divisisti
2929 3656 3020 3713 illo
3044 3667 3304 3731 tempore,
3326 3660 3502 3717 divide
3521 3676 3714 3720 nunc.

2191 3737 2449 3807 Populus.
2485 3742 2656 3795 Amen

2191 3829 2467 3885 Sacerdos.
2515 3830 2616 3897 Qui
2657 3833 2853 3888 dedisti
2903 3835 3012 3890 tuis
3070 3836 3351 3906 discipulis
3393 3838 3595 3893 sanctis
3640 3849 3713 3896 et

2123 3921 2380 3986 apostolis
2410 3922 2558 3990 puris
2589 3922 2680 3977 illo
2713 3934 2974 3995 tempore,
3003 3942 3167 3996 nunc,
3214 3928 3455 3993 Domine,
3485 3931 3549 3984 da
3587 3945 3724 3990 n_o~.

2122 4010 2228 4078 bis,
2255 4021 2310 4066 et
2355 4014 2500 4068 omni
2548 4015 2742 4085 populo
2775 4025 2888 4085 tuo,
2917 4019 3257 4090 omnipotens
3286 4020 3510 4078 Domine
3545 4019 3718 4079 Deus

2126 4113 2276 4158 ηοειε
2282 4119 2327 4157 1⁵.

2196 4193 2481 4248 Diaconus.
2523 4193 2708 4250 Orate.

2409 4288 2592 4344 Oratio
2633 4291 2908 4360 [motionis
2951 4292 3020 4346 ad
3065 4290 3410 4365 Filiumﬂﬁ).

2197 4377 2515 4434 Benedictus
2553 4395 2634 4442 es,
2673 4380 2886 4436 Christe
2918 4381 3058 4437 Deus
3101 4383 3459 4452 omnipotens,
3502 4381 3708 4438 Salva-

529 4461 787 4518 Sacerdos
837 4476 1048 4519 secreto.
1103 4466 1393 4533 Memento,
1447 4469 1689 4534 Domine,
1722 4480 1931 4538 patrum
1970 4481 2024 4526 et
2055 4479 2212 4542 Dtor
2267 4470 2522 4526 Ecclesia:
2559 4482 2714 4526 tuae:
2766 4470 3000 4526 Verbum
3054 4473 3387 4544 intelligibile
3435 4483 3490 4529 et
3531 4475 3714 4531 homo

456 4553 683 4608 fratrum
707 4565 1016 4610 nostrorum
1048 4558 1137 4627 qui
1169 4559 1372 4630 pridem
1398 4560 1805 4617 obdormierunt
1827 4562 1882 4616 in
1917 4562 2032 4618 fide

530 4739 644 4814 (il)
676 4739 964 4814 Sententia
985 4741 1144 4814 hujus
1178 4743 1438 4798 orationis
1489 4744 1572 4813 pia
1608 4744 1797 4808 valde,
1831 4753 1884 4798 et
1917 4761 2017 4814 pu-

457 4810 689 4884 rissima:
743 4813 1018 4884 theologia:
1061 4812 1249 4881 plena;
1301 4810 1503 4881 nempe
1532 4824 1590 4867 ut
1634 4814 1881 4868 Christus
1919 4810 2021 4884 per

458 4881 696 4952 divinam
732 4881 1176 4952 omnipotentiam
1205 4922 1220 4947 ,
1266 4885 1560 4938 secundum
1605 4881 2021 4952 promissionem

459 4951 574 5004 suis
608 4949 806 5004 factam
841 4969 854 5004 :
884 4949 1018 5004 Ecce
1049 4968 1140 5022 ego
1174 4952 1438 5006 vobiscum
1471 4969 1586 5005 sum
1607 4949 1773 5021 itaque
1805 4955 1872 5006 ad
1903 4970 2026 5006 con-

456 5022 857 5074 summationem
878 5023 1078 5086 seaculi,
1119 5031 1172 5074 et
1201 5022 1458 5090 singulari
1506 5023 1684 5086 modo,
1722 5038 1818 5090 per
1851 5032 2028 5078 trans-

459 5090 810 5144 mutationem
866 5092 1017 5160 panis
1059 5099 1115 5144 et
1161 5091 1270 5172 _vini
1301 5093 1352 5146 in
1400 5106 1597 5171 corpus
1625 5101 1679 5172 et
1712 5093 2026 5172 sanguinem

459 5174 619 5230 suum
653 5173 890 5228 praesens
910 5199 926 5223 ,
955 5163 1270 5230 mysterium
1301 5176 1330 5213 a
1363 5176 1420 5215 se
1446 5161 1750 5214 institutum
1782 5161 2027 5230 perficiat

460 5238 517 5282 et
566 5227 735 5298 ineo
779 5227 1203 5286 consummando
1254 5229 1593 5284 invisibiliter
1641 5227 1912 5298 operetur.
1967 5233 2022 5284 lu

461 5297 706 5350 eatndeut
760 5299 1080 5352 sententiam
1127 5300 1290 5354 multa
1340 5308 1636 5354 occurrunt
1679 5297 1740 5352 in
1799 5301 2026 5355 diversis

463 5366 820 5436 orationibus,
857 5379 1097 5436 tempore
1131 5369 1526 5424 distributionis
1554 5369 1908 5424 Eucharistia:
1939 5385 2023 5424 re-

465 5435 698 5491 citandis
718 5476 732 5500 ,
767 5444 883 5508 tam,
915 5435 1352 5508 apudUJacobitas
1379 5454 1540 5508 quam
1569 5441 1706 5506 apud
1743 5439 2024 5492 Nestoria-

464 5519 588 5568 nos,
611 5515 675 5577 Διη
719 5517 845 5560 sunt
875 5507 974 5560 ista
1005 5506 1154 5561 :Hoc
1179 5510 1348 5577 ipsum
1378 5506 1486 5562 esse
1519 5509 1826 5575 mysterium
1857 5513 2026 5563 crucis

467 5582 531 5646 et
567 5573 766 5630 ultimm
807 5591 965 5630 cana:
998 5592 1017 5629 :
1059 5573 1208 5631 hunc
1245 5579 1459 5631 calicem
1510 5573 1679 5646 ipsum
1725 5594 1835 5632 esse
1876 5595 2030 5631 auem

467 5643 707 5716 Christus
741 5646 966 5711 miscuit,
999 5647 1271 5716 multaque
1302 5648 1517 5702 similia.

509 5757 512 5759 .
537 5712 649 5786 (l2)
689 5717 748 5769 In
775 5716 957 5770 codice
981 5712 1430 5786 Graeco-Arabico
1457 5717 1573 5786 alia:
1600 5717 1717 5770 dua:
1740 5726 2031 5772 occurrunt

2131 4560 2377 4626 visibilis,
2412 4561 2504 4630 qui
2533 4575 2630 4630 per
2652 4561 3080 4618 incarnationem
3112 4570 3259 4616 tuam
3282 4562 3705 4633 incomprehen-

2122 4743 2364 4799 dicendas
2389 4744 2698 4814 priusquam
2725 4744 2898 4798 hostia
2925 4744 2977 4798 in
3003 4743 3317 4798 minutiores
3341 4753 3521 4814 partes
3535 4741 3697 4814 fran-

2124 4816 2402 4893 gaturhad
2451 4813 2892 4893 communionem
2933 4815 3382 4893 distribuendam.
3437 4813 3697 4893 Scilicet,

2127 4883 2186 4937 ut
2215 4883 2340 4938 alibi
2377 4884 2718 4962 monuimus,
2762 4885 2814 4936 in
2863 4883 3121 4962 liturgicis
3159 4883 3433 4962 codicibus
3477 4883 3699 4962 scripta:

2127 4963 2254 5007 sunt
2300 4954 2576 5007 orationes
2603 4953 2829 5006 diversa:
2851 4989 2868 5017 ,
2907 4950 3198 5006 secundum
3235 4950 3492 5005 festorum
3520 4953 3699 5004 diver-

2131 5023 2344 5077 sitatem
2389 5031 2483 5075 aut
2523 5023 2817 5076 sacerdotis
2850 5021 3129 5076 arbitrium
3163 5023 3423 5075 dicendae.
3473 5022 3577 5074 Ista
3613 5023 3698 5073 vi-

2135 5091 2623 5169 detur_antiq_uio_r,
2657 5106 2779 5144 cum
2810 5092 2968 5169 prior
3001 5089 3171 5145 Graeci
3199 5091 3416 5169 ncodicis
3446 5089 3698 5169 enuclea-

2137 5171 2242 5214 tam
2273 5160 3047 5238 Monopltysitarumdoctrina:
3095 5160 3488 5238 professionem
3501 5160 3698 5238 “conti:

2134 5239 2302 5284 neat:
2341 5230 2394 5283 id
2429 5228 2556 5284 vero
2601 5244 2705 5283 non
2736 5230 2840 5284 nisi
2886 5239 3005 5296 post
3045 5228 3267 5284 scissam
3313 5243 3407 5296 per
3453 5228 3696 5280 Dioscori

2133 5309 2430 5354 sectatores
2479 5298 2814 5364 Ecclesiam,
2872 5299 3069 5353 factum
3119 5314 3239 5354 esse
3287 5299 3477 5366 potuit.
3527 5296 3700 5349 Habet

2134 5379 2313 5422 autem
2341 5368 2457 5422 haec
2480 5369 2657 5446 or_atio_
2685 5369 3036 5446 obscuritatis
3071 5365 3355 5446 nonnihil,
3393 5383 3494 5446 non
3539 5365 3702 5446 modo

2135 5439 2279 5492 circa
2312 5452 2423 5502 res,
2455 5437 2547 5490 sed
2589 5439 2752 5490 etiam
2795 5453 2860 5492 es
2895 5438 3011 5505 ipsa
3057 5453 3245 5491 vocum
3282 5438 3486 5504 aliquot
3528 5435 3701 5487 ambi-

2133 5509 2356 5574 guitate,
2393 5523 2554 5575 quam
2585 5506 2809 5576 Coptita:
2841 5507 2997 5576 primi
3031 5507 3374 5575 interpretes,
3404 5518 3456 5558 et
3487 5507 3702 5559 Arabes

2133 5593 2240 5654 ιιοὲ
2269 5578 2400 5631 satis
2431 5577 2766 5654 versionibus
2803 5577 3392 5654 suis_elucid:_i_verunt._

2207 5645 2399 5699 Statim
2433 5647 2497 5697 ad
2524 5645 2798 5700 Christum
2834 5646 3070 5699 dicitur:
3118 5645 3339 5698 Verbum
3375 5642 3703 5708 intelligibile

2132 5725 2179 5768 et
2195 5718 2346 5790 homo
2371 5715 2584 5790 visibilis
2600 5733 2617 5770 :
2631 5715 2843 5790 Graece:
2861 5712 2932 5790 ᾮ
2947 5715 3071 5782 λόγε
3086 5715 3490 5790 βν-πριξνοο-ὖσιγ
3512 5713 3701 5776 αὑτὸν,

479 5783 740 5846 triuiones
784 5786 887 5845 sub
930 5787 1118 5844 eodem
1169 5785 1322 5844 titulo
1369 5786 1466 5856 τῆς
1513 5785 1779 5855 κλασευς,
1842 5800 2018 5858 nempe

2139 5785 2230 5842 καὶ
2257 5783 2508 5855 ἄνθρωπε
2533 5785 2591 5841 ὃν
2618 5784 3018 5858 προθεωροῦσιν
3040 5783 3239 5842 αὐτὸνῖ
3261 5786 3430 5860 Verba
3460 5786 3576 5841 haec
3594 5796 3709 5837 non

945 5899 1004 5905 '—‘
1032 5904 1036 5908 -
1053 5907 1068 5912 vv
1104 5911 1114 5915 ..
1133 5911 1154 5917 ..
1173 5902 1360 5917 -ον--“““⁶’⁶“⁴.’“
