3898 6222
144 284 252 342 693

1209 288 1543 348 LITURGIA
1581 293 1640 350 S.
1683 295 2015 353 CREGORII
2060 295 2382 352 COPTICA.

3296 293 3418 352 ωε

146 399 381 464 sibilem,
415 399 728 468 praeparasti
775 398 929 456 nobis
965 414 1159 470 panem
1193 404 1493 468 cazlestem.
1523 423 1720 480 corpus
1748 417 1797 475 Α
1825 421 2035 467 verunt.
2080 412 2311 482 Acqnirc
2348 423 2444 464 nos
2474 408 2590 473 tibi,
2616 422 2649 462 o
2676 407 2834 467 bone.
2868 420 3058 461 servos
3097 413 3256 461 tuos:
3300 422 3402 462 nos

147 498 251 551 hoc
272 501 420 548 tuum
448 500 693 547 sanctum
727 492 778 546 in
829 495 1086 560 mysterio
1119 498 1370 551 omnibus
1397 500 1570 554 modis
1592 516 1721 555 san-

147 594 236 639 cto
285 583 421 655 (15).
460 581 720 638 Miscuisti
739 583 894 638 nobis
907 583 1125 640 calicem
1147 599 1207 639 ex
1231 585 1405 641 fructu
1421 589 1542 644 vitis
1561 606 1723 656 verae,

147 690 268 743 qua:
295 682 380 729 est
423 673 562 728 latus
609 672 850 728 divinum
898 684 1048 729 tuum
1090 686 1145 731 et
1181 679 1607 746 immaculatum,
1657 698 1724 738 ex

149 781 260 837 quo
317 773 604 836 postquam
646 765 914 822 tradidisti
975 767 1246 837 spiritum,
1296 773 1534 827 manavit
1571 774 1726 829 nobis

149 857 374 929 sanguis
396 864 453 913 et
476 872 640 926 aqua,
672 872 791 928 quae
821 859 1078 914 mundum
1118 861 1429 918 universum
1474 865 1727 936 puriﬁca-

151 1037 288 1092 satis
315 1037 527 1103 Graeca,
550 1052 644 1093 seu
669 1037 777 1106 iam
795 1038 1099 1094 barbariem
1122 1040 1444 1107 redolentia,
1472 1043 1724 1097 videntur

151 1109 451 1178 antiquitus
490 1124 610 1162 esse
640 1109 957 1180 interpolata
984 1149 1000 1173 ,
1043 1124 1164 1164 cum
1206 1111 1507 1180 simplicius
1534 1124 1588 1168 et
1634 1128 1726 1166 ac-

152 1179 396 1251 curatius
429 1178 754 1251 sententiam
785 1178 1088 1251 eitprimere
1125 1178 1474 1251 Alexandrini
1515 1182 1588 1236 illi
1620 1197 1718 1251 po-

151 1247 416 1322 tuissent,
447 1248 609 1322 Λόγε,
639 1247 697 1322 ὃν
725 1247 954 1322 νοοῦᾳιν,
988 1247 1265 1322 ἄνθρωπε,
1310 1249 1370 1305 ὃν
1405 1247 1726 1322 θεωροῦξςιν,

153 1332 318 1440 νίκη
374 1319 548 1372 Arabs
599 1319 820 1400 primus.
865 1319 1132 1386 interpres
1192 1319 1661 1402 recte.expr'essit
1711 1341 1726 1376 :

210 1389 391 1440 erbum
422 1387 563 1440 quod
602 1387 912 1440 intelliaitur
940 1403 959 1440 :
997 1390 1150 1440 homo
1192 1405 1284 1440 aui
1328 1391 1551 1440 videtur.
1587 1391 1726 1440 Duas

210 1387 563 1458 artiumque}!
602 1387 912 1458 intelligitur
940 1403 959 1442 :
997 1390 1150 1442 homo
1192 1392 1284 1458 qui
1328 1387 1551 1445 videtur.
1587 1391 1731 1446 Duas

154 1457 365 1529 scilicet
399 1457 468 1529 in;
502 1456 718 1529 Christo
751 1456 972 1529 naturas
1006 1456 1301 1529 agnoscere
1345 1475 1406 1514 se
1453 1459 1731 1529 signiﬁca-

152 1526 288 1598 bant
317 1527 504 1598 paucis
536 1526 655 1598 illisi
685 1528 866 1598 verbis
888 1567 904 1591 ,
937 1527 1202 1582 orationis
1245 1529 1401 1598 primi
1435 1526 1686 1586 auctores
1717 1568 1733 1595 ,

151 1597 398 1667 novitate
446 1595 944 1666 Monophysitarum
973 1635 988 1658 ,
1019 1605 1080 1667 ut
1111 1595 1380 1666 conjicere
1405 1613 1693 1667 possumus
1713 1639 1730 1666 ,

154 1666 398 1719 nondum
433 1667 650 1736 imbuti.
681 1667 754 1720 Ita
787 1681 1001 1734 quoque
1026 1666 1114 1719 illa
1146 1669 1378 1723 reddidit
1403 1668 1614 1736 Coptita
1649 1669 1734 1722 in-

1831 504 2080 573 indignos
2123 504 2208 557 fac
2236 501 2330 556 tibi
2380 499 2634 570 populum
2683 505 3096 568 congregatum,
3149 511 3400 567 regnum,

1831 593 2191 649 sacerdotium
2219 601 2275 646 et
2303 589 2555 662 populum
2584 586 2834 644 elecmm.
2873 584 3104 641 Puriiica
3137 601 3256 652 nos,
3296 586 3407 641 Do-

1833 686 1999 752 mine,
2033 688 2176 740 sicut
2203 679 2560 738 sanctiﬁcasti
2593 678 2694 734 has
2740 677 3041 734 oblationes
3073 679 3402 748 propositas,

1833 786 1887 831 et
1944 774 2118 830 fecisti
2184 773 2304 828 illas
2368 771 2668 826 invisibiles
2723 785 2789 826 ex
2835 768 3291 840 visibilibus(li),
3353 779 3410 823 et

1833 867 2094 938 mysteria
2127 865 2224 921 tibi
2247 863 2344 920 soli
2379 865 2614 935 cognita,
2635 861 2862 919 Domine
2886 861 3030 918 Deus
3075 870 3130 918 et
3159 861 3414 917 Salvator

1834 1044 2000 1100 mines
2027 1053 2266 1101 versatus
2285 1085 2302 1114 ,
2335 1045 2425 1116 qui
2461 1059 2552 1112 per
2572 1039 2990 1116 incarnationem
3018 1048 3160 1092 tuam
3204 1038 3408 1116 ineant-

1841 1117 2236 1183 preliensibilem
2271 1111 2582 1184 praeparasti
2629 1111 2778 1184 nobis
2811 1125 3037 1184 panem_,
3083 1124 3270 1173 corpus
3311 1111 3409 1165 hoc

1837 1179 1986 1238 tuum
2037 1179 2468 1257 sacrosanctum,
2518 1182 2825 1257 mysterium
2874 1179 3086 1257 omnino
3130 1193 3409 1257 sacrosan-

1837 1264 2012 1308 ctum:
2037 1270 2212 1326 neque
2241 1255 2387 1309 enim
2407 1248 2632 1323 Ceptiéo
2657 1259 2749 1306 aut
2772 1248 3004 1306 Arabico
3032 1248 3202 1302 tenui
3229 1250 3408 1304 versio

1837 1325 2143 1380 resnondet.

1912 1339 2158 1463 223303;:
2183 1408 2348 1463 prope
2378 1393 2444 1448 ad
2473 1391 2706 1463 verbum
2729 1395 2903 1443 textus
2936 1386 3208 1456 C0pticus,
3243 1385 3318 1441 ita
3343 1398 3403 1441 ut

1840 1461 2115 1520 distinctio
2152 1461 2221 1536 sit
2267 1461 2872 1536 i_uter_purili‘cationem
2897 1498 2911 1521 ,
2953 1470 3115 1536 quam
3148 1465 3285 1536 orat
3317 1472 3408 1536 sas-

1842 1537 2031 1587 cerdos
2058 1534 2292 1589 conferri
2335 1550 2365 1586 a
2412 1526 2522 1587 Deo
2567 1530 2668 1584 sibi
2711 1538 2767 1583 et
2809 1526 3320 1590 circumstantibus,
3354 1535 3410 1580 et

1839 1603 2320 1658 sanctiﬁcationem
2394 1601 2802 1656 elementorum.
2854 1597 2912 1652 In
2979 1596 3152 1665 prima
3205 1595 3411 1664 signiﬁ-

1841 1673 2010 1726 canda
2036 1675 2322 1728 adhibetur
2352 1687 2456 1726 vox
2495 1669 2688 1734 τουὸο,
2721 1683 2884 1736 quam
2914 1665 3122 1720 Arabes
3165 1679 3259 1736 per
3287 1681 3407 1719 eam

154 1743 369 1812 teqpres
398 1735 865 1812 :wmloyogﬂe'rou
910 1753 1087 1812 epvoiv
1135 1754 1309 1808 μμοφ.
1336 1735 1564 1812 lactant
1609 1755 1737 1812 gron

1850 1744 2152 1808 exprimunt
2186 1758 2306 1811 quae
2343 1735 2978 1812 propriemuntiationem
3001 1735 3411 1812 et‘puriﬁcatio-

153 1803 426 1876 ερθεωριν
473 1822 647 1877 μμοφ.
684 1803 1220 1870 (ΣΙιι-ἱεῑυςδεὶιίεόί,
1249 1803 1306 1862 ut
1336 1803 1568 1862 Veibtim
1607 1809 1736 1873 Dei,

154 1885 343 1945 mente
379 1885 592 1930 tantum
627 1877 926 1943 concipitur
959 1893 972 1929 :
1021 1883 1274 1945 tanquam
1309 1879 1475 1930 homo
1500 1918 1515 1943 ,
1565 1878 1740 1932 oculis

153 1944 334 2016 videri
366 1955 596 2016 poterat.
627 1945 700 1999 Ea
730 1955 906 2016 autem
942 1945 1062 2016 ﬁdei
1108 1944 1370 2016 particula
1393 1987 1409 2009 ,
1448 1948 1514 2000 ab
1539 1946 1737 2002 Orien—
1767 1957 1776 1974 '

157 2014 366 2070 talibus
396 2015 742 2080 Christianis,
776 2014 1000 2079 Severo,
1029 2014 1350 2082 Barsaiibio,
1385 2016 1740 2071 Hoiniliarum

155 2094 418 2155 auctore,
453 2096 532 2155 Wet
578 2085 699 2140 aliis
731 2084 931 2155 multis
979 2087 1376 2141 accommodari
1425 2086 1742 2155 plerumque

161 2156 307 2210 solet
336 2154 403 2208 ad
436 2154 790 2209 Eucharistize
823 2155 1162 2224 mysterium,
1193 2157 1319 2210 dum
1347 2154 1538 2210 dicunt
1565 2172 1580 2209 :
1613 2154 1742 2223 apo-

160 2224 340 2280 Stolos
386 2233 439 2279 et
485 2226 654 2288 alios,
702 2227 794 2292 qui
848 2239 970 2278 cum
1001 2225 1241 2290 Christo,
1290 2227 1415 2279 dum
1471 2225 1526 2278 in
1583 2226 1740 2280 terris

161 2303 345 2360 esset,
384 2295 882 2364 conversatiisunl,
920 2293 1196 2349 hominem
1241 2295 1536 2364 simplicem
1568 2295 1740 2350 oculis

158 2365 412 2430 corporis
441 2364 660 2426 vidisse,
694 2363 859 2417 Deum
885 2364 1056 2418 oculis
1088 2365 1283 2419 mentis
1305 2363 1590 2433 agnovisse
1617 2383 1630 2418 :
1666 2368 1738 2419 ita

163 2434 371 2503 debere
394 2433 735 2494 Christianos
761 2434 1154 2488 Eucharistiam
1185 2434 1546 2503 suscipiendo,
1579 2434 1738 2488 ﬁdem

162 2501 514 2559 conformare
561 2518 750 2567 suam,
799 2514 860 2557 ut
889 2504 1134 2571 quamvis
1181 2501 1348 2572 panis
1373 2513 1428 2557 et
1455 2505 1566 2558 vini
1618 2503 1738 2558 ele-

163 2583 357 2628 menta
399 2574 734 2628 solummodo
773 2574 1020 2627 sensibus
1053 2574 1387 2642 percipiant,
1418 2574 1576 2627 oculo
1603 2574 1741 2628 inte-

165 2644 322 2714 riore
356 2642 500 2706 fidei,
535 2643 809 2714 Christum
846 2643 898 2696 in
929 2643 1032 2714 illis
1062 2644 1318 2714 videant,
1357 2652 1653 2714 agnoscant
1685 2654 1741 2698 et

162 2713 420 2783 adorent,
454 2712 909 2783 quemadmodum
950 2713 1161 2783 latro_in
1203 2729 1364 2768 cruce
1396 2712 1542 2783 illum
1573 2728 1741 2783 agno-

159 2783 265 2844 vit,
291 2781 541 2851 illiusque
566 2782 810 2851 exemplo
826 2785 1003 2837 dicant
1029 2801 1040 2835 :
1075 2781 1335 2837 Memento
1359 2783 1479 2850 mei,
1500 2781 1738 2847 Domine,

159 2868 291 2906 cum
337 2853 536 2905 veneris
587 2854 641 2905 in
681 2868 892 2921 regnum
955 2862 1124 2906 tuum.
1171 2851 1458 2908 Versiones
1496 2853 1742 2908 Arabicae

161 2922 400 2993 quaein
463 2920 744 2977 codicibus
791 2920 1028 2992 Copticis
1079 2922 1362 2993 leguntur,
1417 2922 1739 2977 sententiam

161 2990 418 3044 eamdem
448 2993 775 3060 exprimunt.

245 3060 361 3130 (l3)
403 3060 508 3126 Qui
542 3079 634 3129 per
665 3063 1075 3115 incarnationem
1105 3073 1250 3132 tuam
1292 3061 1738 3132 incomprehensi—

165 3132 328 3185 bilem
357 3132 667 3199 praeparasti
695 3132 840 3184 nobis
885 3148 1071 3200 panem
1100 3131 1352 3186 caelestem
1377 3172 1392 3197 ,
1419 3148 1604 3196 corpus
1638 3135 1734 3184 hoc

166 3213 323 3256 tuum
368 3211 628 3262 sanctum,
674 3201 726 3254 in
771 3203 1015 3271 mysterio
1054 3201 1294 3256 omnibus
1330 3203 1497 3254 modis
1529 3209 1732 3255 sancto.

169 3272 380 3326 Sensus
419 3271 575 3340 istius
614 3271 874 3326 orationis
915 3271 1138 3340 simplex
1171 3289 1183 3324 :
1236 3272 1360 3340 quia
1402 3271 1736 3340 scilicetin-

167 3341 422 3396 carnatio
469 3338 588 3411 Filii
646 3340 776 3406 Dei,
823 3338 1134 3411 mysterium
1191 3338 1734 3410 incomprehensibile

169 3419 283 3474 est,
318 3425 425 3479 quo
457 3409 611 3478 panis
642 3411 795 3464 vivus
825 3409 891 3464 de
927 3412 1064 3465 coelo
1097 3409 1413 3466 descendit:
1445 3411 1600 3480 panis
1645 3426 1740 3463 au-

173 3491 286 3534 tem
318 3481 688 3534 sanctiﬁcatus
732 3481 784 3534 in
833 3480 1125 3543 altaribus,
1179 3490 1264 3535 est
1321 3496 1516 3548 corpus
1565 3482 1737 3548 ipsum

171 3554 320 3619 quod
353 3549 520 3603 Filius
561 3551 652 3604 Dei
685 3551 890 3617 accepit
919 3565 985 3603 ex
1017 3550 1183 3604 Maria
1220 3550 1470 3620 Virgine,
1512 3559 1566 3604 ct
1598 3550 1740 3618 quod

171 3625 273 3676 dat
304 3620 460 3674 nobis
515 3620 568 3674 in
617 3630 1001 3691 sacramento,
1033 3631 1091 3673 ut
1133 3620 1234 3691 ipsi
1276 3620 1502 3691 Coptitm
1551 3629 1739 3688 postea

174 3698 605 3760 recognoscunt,
649 3691 716 3760 _i_n
772 3689 1112 3744 confessione
1155 3689 1274 3760 quae
1320 3690 1381 3744 iit
1427 3699 1552 3744 ante
1600 3691 1740 3743 illius

174 3757 594 3827 susceptionem.
649 3757 804 3814 Unde
855 3760 1052 3814 frustra
1105 3757 1234 3814 sunt
1283 3761 1350 3814 ad
1414 3760 1738 3814 sententiam

175 3831 336 3884 istius
359 3829 626 3899 orationis
657 3829 1064 3899 pervertendam
1089 3845 1278 3884 omnes
1311 3829 1662 3884 Albertiniani
1688 3838 1742 3883 et

176 3898 460 3954 Claudiani
497 3898 894 3954 commentarii.
935 3899 1051 3953 Non
1081 3901 1224 3955 enim
1248 3899 1445 3954 dicitur
1472 3899 1586 3952 dari
1617 3914 1741 3952 cor-

175 3987 282 4040 pus
307 3966 508 4023 Christi
549 3972 604 4023 in
642 3980 999 4040 sacramento,
1036 3969 1177 4038 quod
1207 3969 1436 4038 intelligi
1468 3979 1650 4038 posset
1678 3969 1744 4023 de

176 4039 372 4094 eodem
406 4049 655 4108 suscepto
683 4055 778 4108 per
807 4039 966 4094 ﬁdem
986 4080 1001 4106 ,
1038 4043 1130 4094 sed
1158 4040 1259 4093 hoc
1289 4053 1516 4107 corpus,
1554 4053 1744 4108 nempe

176 4111 322 4180 quod
353 4110 610 4180 sacerdos
655 4109 709 4162 in
754 4109 903 4165 disco
937 4111 1166 4178 positum
1197 4111 1450 4172 intuetur,
1495 4111 1746 4178 quodque

179 4178 310 4235 mox
340 4178 561 4232 elevans
581 4218 595 4240 ,
625 4189 680 4232 et
715 4180 1092 4234 demOllSll‘allS
1111 4218 1127 4244 ,
1165 4189 1390 4234 testatur
1418 4194 1539 4233 esse
1573 4180 1743 4247 ipsum

177 4264 372 4303 verum
413 4264 609 4319 corpus
647 4249 866 4303 Christi.
900 4247 1074 4319 Τοῦτο
1117 4248 1178 4301 τὸ
1220 4247 1385 4319 σῶμά
1408 4264 1501 4301 σου
1539 4247 1596 4319 6v
1621 4247 1743 4300 ἔθου

177 4321 240 4373 ὲν
278 4317 584 4390 μυστηρίῳ,
623 4319 693 4371 ita
727 4321 869 4371 enim
899 4317 1179 4388 legendum
1220 4317 1430 4372 videtur
1465 4321 1515 4371 in
1559 4318 1746 4390 (ἔγωοο

179 4387 500 4454 exemplari,
534 4391 621 4442 ubi
652 4390 910 4461 scriptum
952 4387 1033 4442 est
1062 4391 1120 4461 ὲν
1153 4390 1451 4461 μυστήρεον
1480 4387 1746 4461 πανὰγιρν

1842 1802 1962 1883 nem
2010 1802 2298 1883 signiﬁcat,
2335 1802 2625 1880 aliquando
2671 1809 2834 1883 etiam
2877 1802 3344 1883 sanctifigationem
3386 1819 3407 1858 :

1840 1873 2089 1936 alteram'
2114 1873 2345 1936 reddunt
2396 1873 2509 1951 ipsa
2541 1892 2689 1951 voce
2734 1875 2923 1930 Grazca
2959 1873 3202 1951 ᾁγιᾴζειν
3223 1911 3261 1951 ,_
3289 1889 3411 1951 qua:

1840 1953 2083 2024 occurrit
2117 1954 2168 2024 in
2201 1943 2657 2024 Cratco'codice,
2693 1956 2924 2013 utroque
2973 1946 3026 1998 in
3061 1944 3200 2024 loco.
3221 1943 3410 2024 .Arahs

1841 2020 2013 2076 Graeci
2042 2023 2244 2077 codicis
2272 2022 2538 2090 interpres
2560 2019 2750 2073 eadem
2784 2028 3080 2093 voc_e,_quae
3109 2013 3186 2084 τῷ
3211 2013 3410 2093 ἁγίςξςο

1883 2093 2059 2160 roprie
2097 2083 2429 2161 respondet;
2459 2105 2587 2161 usus
2625 2097 2752 2142 est:
2802 2085 2893 2138 alii
2931 2083 3201 2161 diversam
3256 2083 3413 2136 adhi-

1883 2107 2059 2160 roprte
2097 2107 2388 2161 respondet
2411 2130 2426 2154 ,
2459 2107 2587 2144 usus
2625 2107 2752 2142 εδιε
2802 2107 2893 2138 am
2931 2107 3201 2138 (llVCl‘Sillll
3256 2107 3413 2136 aunt-

1841 2107 2092 2234 Buerunt.
2137 2162 2217 2216 lta
2246 2160 2648 2234 distinctionem
2673 2198 2688 2224 ,
2722 2169 2828 2234 non
2861 2153 3268 2234 quidemplane
3319 2167 3414 2206 ne-

1841 2231 2167 2296 cessariam,
2251 2223 2682 2286 constituerunt
2721 2223 2894 2280 interi
2926 2223 3410 2296 sanctilicatiouem

1843 2290 2251 2373 suscipientium
2280 2340 2297 2367 ,
2362 2308 2418 2354 et
2468 2298 2731 2373 donorum
2789 2293 3230 2373 propositorum:
3274 2290 3408 2344 Nam

1841 2365 2059 2426 cavisse
2095 2365 2344 2426 videntur
2373 2365 2803 2439 quodammodo,
2836 2379 2903 2418 ne
2937 2365 3269 2439 comparatio
3302 2376 3409 2415 non

1839 2441 1973 2512 satis
2003 2443 2279 2512 adaequate
2331 2431 2719 2512 inielligeretur
2741 2475 2757 2500 ,
2793 2449 2915 2512 cum
2949 2431 3412 2512 salictiiicationes

1842 2510 2039 2566 diversi
2070 2500 2293 2565 omnino
2325 2500 2540 2579 generis
2572 2508 2682 2579 sint
2720 2523 2733 2558 :
2789 2503 2950 2556 aliter
2964 2502 3130 2579 enini
3164 2500 3408 2579 sanctifi-

1841 2591 2034 2634 cantur
2063 2569 2354 2646 homines:
2386 2579 2544 2632 aliter
2580 2577 2717 2646 dona
2765 2570 3204 2646 prop-o_sita._S_ed
3251 2569 3410 2624 intel-

1841 2648 2012 2705 lectus
2042 2641 2485 2720 simplicissimus
2498 2655 2587 2720 est
2611 2665 2624 2700 :
2652 2641 3088 2720 Utsanctilicasti
3116 2642 3255 2720 dona
3291 2655 3414 2720 pro-

1839 2725 2014 2788 posita
2041 2762 2056 2785 ,
2104 2711 2378 2790 singulari,
2413 2717 2622 2790 scilicet
2666 2713 2876 2790 ratione
2918 2711 3411 2790 quamnsuhjiiiiciu

1841 2779 2004 2860 "verba
2032 2779 2338 2860 explicant,
2369 2789 2444 2843 ita
2475 2787 2543 2843 ad
2574 2783 2912 2854 suscipienda
2939 2779 3026 2835 illa
3058 2781 3216 2847 digne
3242 2779 3410 2834 Chri-

1841 2857 2048 2915 Stianos
2088 2857 2416 2915 sanctiﬁces.

1913 2928 2195 2995 Quomodo
2234 2937 2414 2982 autem
2445 2921 3025 2999 sanc_tilicaveri_t__Deus
3057 2920 3196 2999 dona
3221 2933 3414 2999 propo-

1841 2990 1956 3055 sita.
1972 3015 2095 3054 mox
2127 2999 2430 3068 exponitur,
2482 2995 2729 3068 iaciendo
2768 2991 2974 3068 scilicet
3011 3005 3074 3046 ea
3123 2990 3413 3068 iniiisibilia

1766 3088 1809 3146 ο
1841 3086 1906 3146 ex
1935 3059 2221 3146 visibilibu}
2248 3059 2503 3146 ςιριόράιςα
2533 3067 2598 3119 ἐκ
2625 3063 2735 3117 τῶν
2769 3060 3002 3146 ὁρατῶν,
3037 3059 3411 3146 ξιιμῇξψιιξιρςρ-

1844 3142 1946 3194 dex
1991 3129 2525 3194 Grmcus.Maionita
2558 3148 2746 3205 parum
2779 3129 2925 3186 recte
2947 3171 2962 3195 ,
3005 3140 3054 3184 et
3089 3129 3257 3198 fecisti
3291 3129 3414 3205 illas

1843 3226 1946 3263 non
1968 3209 2333 3281 adumbratas,
2365 3208 2459 3281 sed
2478 3200 2732 3275 quidquid
2752 3209 2967 3281 apparet
2994 3210 3088 3281 esi‘
3101 3200 3413 3281 mysterium

1844 3290 1992 3332 tuum
2023 3269 2325 3347 spirituale,
2355 3269 2799 3347 nullo_sensu,_et
2829 3269 3255 3347 cont_ra_Coptici
3281 3271 3414 3347 A‘ra-

1846 3340 2202 3418 liicoruinque
2228 3340 2471 3402 codicum
2505 3345 2686 3418 iidem.
2719 3341 3000 3418 sententia
3028 3341 3139 3393 haec
3161 3348 3244 3393 est
3269 3356 3284 3392 :
3308 3340 3414 3418 imi

1845 3409 2133 3471 oblationes
2165 3417 2335 3489 fecisti
2381 3433 2446 3489 ea:
2477 3417 2542 3469 iis
2581 3429 2696 3485 qua:
2736 3411 3065 3475 videbantur,
3107 3425 3218 3489 esse
3265 3409 3414 3489 aliud

1844 3488 1971 3557 quid
1993 3529 2006 3552 ,
2034 3487 2319 3558 quodnon
2347 3487 2546 3540 videtur
2572 3501 2590 3538 :
2623 3495 2816 3549 nempe
2845 3491 3010 3558 erant
3038 3486 3311 3558 panisnet.
3330 3486 3414 3558 vi—

1846 3547 2002 3621 num,
2024 3547 2198 3611 fecisti
2241 3571 2334 3610 eas
2365 3571 2487 3612 esse
2515 3568 2710 3623 corpus
2739 3547 2794 3605 et
2825 3551 3142 3623 sanguinem
3184 3547 3412 3602 Christi.

1845 3629 1986 3681 Ante
2010 3625 2487 3681 sanetilicationem
2515 3621 2626 3697 seu
2649 3621 3137 3697 consecrationequ
3161 3627 3336 3697 erant,
3363 3628 3420 3670 et

1847 3697 2164 3751 videbantur
2211 3697 2366 3765 panis
2409 3703 2463 3748 et
2506 3695 2724 3756 vinum;
2770 3699 2893 3760 post
2927 3689 3416 3765 sanctiﬁcationein

1849 3775 1976 3821 sunt
2018 3756 2227 3835 corpus
2247 3774 2300 3821 et
2340 3765 2560 3834 sanguis
2582 3803 2599 3830 ,
2649 3756 2790 3832 quae
2819 3760 3226 3835 uon_vi_der_itu_r.
3257 3756 3416 3835 Nulia

1848 3837 1939 3891 hic
1963 3827 2310 3904 ambiguitas,
2338 3827 2981 3904 veraqtte‘transmutatio
3011 3829 3064 3882 in
3093 3829 3210 3904 istis
3231 3827 3414 3880 verbis

1849 3897 2182 3974 agnoscitur,
2217 3897 2373 3974 longe
2421 3897 2628 3958 distans
2668 3904 2734 3974 ab
2767 3915 2830 3954 ea
2862 3913 3022 3974 quam
3059 3897 3231 3952 solam
3264 3907 3419 3974 veie-

1849 3965 2000 4030 ribus
2028 3983 2101 4048 e_t_
2117 3965 2248 4048 ipsis
2287 3965 2516 4048 Coptiiis
2561 3971 2822 4048 creditam
2866 3965 3073 4048 fuisse,
3104 3976 3212 4048 tam
3247 3965 3420 4048 auda-

1852 4055 1968 4100 cter
2021 4036 2321 4100 allirinabat
2368 4036 2690 4098 Salmasius.
2735 4041 2790 4094 Is
2831 4053 2980 4103 vero,
3029 4038 3074 4092 si
3124 4038 3261 4090 bona
3313 4036 3422 4089 lide

1851 4117 2088 4184 egisset,
2117 4131 2238 4170 cum
2272 4116 2458 4183 nugaci
2489 4123 2542 4167 et
2584 4111 2816 4184 absurda
2862 4107 3307 4184 iiiierpreiatioue
3339 4106 3422 4158 in-

1853 4177 2187 4239 vocationem
2237 4177 2469 4254 SpiFitus
2512 4183 2682 4238 sancti
2731 4178 2887 4254 hujus
2927 4177 3181 4254 Liturgiae
3225 4183 3423 4229 conta-

1855 4255 2062 4308 minare
2095 4249 2374 4324 satagebat
2402 4292 2417 4317 ,
2444 4262 2758 4320 comparare
2780 4250 2929 4324 hanc
2959 4249 3266 4324 orationem
3294 4260 3420 4324 cum

1855 4325 1976 4386 ista,
2008 4335 2062 4378 et
2089 4315 2462 4391 cum‘utraque
2493 4315 2644 4376 suam
2672 4318 3087 4391 explicationem
3131 4315 3417 4391 debuerat.

1854 4396 1913 4447 In
1943 4395 2042 4448 ista
2069 4387 2424 4448 sanctiﬁcatio
2457 4387 2888 4447 Christianorum
2911 4427 2924 4449 ,
2954 4396 3008 4442 et
3047 4387 3214 4456 ipsius
3241 4399 3424 4456 sacer-

180 4461 242 4513 ὲν
272 4445 387 4522 τοῖς
418 4445 642 4534 ᾇτέασξν,
671 4445 965 4534 quédsive
1011 4460 1099 4534 ad
1127 4445 1567 4534 c'oriius'Christi
1612 4445 1753 4513 refe—
1784 4445 1830 4503 Ι)
1856 4445 2376 4534 dot—isipostuiatur,
2431 4445 2491 4515 ut
2537 4445 2608 4514 in,
2639 4461 2811 4534 prima
2859 4445 3121 4534 adventus
3185 4455 3422 4523 Spiritus

181 4544 361 4593 ratur,
393 4531 506 4583 sive
531 4530 597 4581 ad
627 4529 965 4599 mysterium,
991 4530 1212 4599 perinde
1243 4540 1344 4584 est.
1379 4529 1608 4582 Arabica
1639 4542 1756 4599 ver;

179 4603 267 4655 sio
292 4602 358 4652 ad
390 4615 586 4667 corpus
617 4597 818 4653 Christi
849 4597 1034 4652 refert.
1071 4597 1270 4665 Corpus
1295 4609 1440 4651 tuum
1469 4600 1585 4662 hoc,
1618 4598 1755 4666 quod

180 4681 262 4723 est
291 4669 708 4729 sacramentale;
739 4667 1157 4739 puaznpttbdsg,
1178 4682 1223 4722 et
1258 4669 1468 4722 omnino
1493 4679 1754 4739 sanctum.

182 4741 299 4795 Vox
335 4741 480 4792 enim
503 4747 604 4796 ’Ὃ
629 4738 784 4804 serti,
815 4738 958 4792 idem
991 4738 1260 4808 signiﬁcat
1287 4739 1430 4808 quod
1457 4738 1518 4791 τὸ
1552 4753 1761 4808 μυστη-

186 4809 386 4883 ριῶδες
413 4826 428 4839 ·
469 4819 523 4863 et
571 4810 663 4877 qui
713 4823 908 4883 corpus
937 4808 1139 4883 Christi
1186 4811 1241 4863 in
1275 4818 1652 4883 sacramento,
1684 4808 1760 4861 ita

183 4879 452 4950 appellat,
511 4893 606 4948 per
653 4879 1044 4950 oppositionein
1073 4879 1142 4932 ad
1195 4879 1488 4950 naturaie._
1515 4893 1622 4932 non
1663 4892 1759 4930 ne-

181 4948 277 5020 gat
331 4963 516 5002 veram
568 4949 862 5020 etrealeni
896 4948 1135 5020 ejusdem
1180 4949 1428 5020 corporis
1477 4948 1530 5000 in
1579 4962 1764 5020 sacra-

183 5017 376 5075 inento
407 5019 772 5086 praesentiain.
805 5017 861 5071 ld
891 5019 972 5072 vel
1001 5033 1138 5071 unus
1166 5019 1478 5073 Gennadius
1505 5017 1638 5072 satis
1662 5017 1759 5068 (le-

182 5099 478 5153 monstrat,
508 5089 597 5157 qui
630 5090 682 5142 in
715 5087 932 5140 homiiia
966 5103 1132 5157 nuper
1157 5089 1320 5150 edita,
1347 5103 1467 5141 cum
1485 5087 1764 5140 transsub-

185 5159 596 5214 stantiationem
632 5159 912 5225 perspicue
956 5159 1179 5222 doceat,
1219 5159 1429 5211 titulum
1479 5158 1622 5211 hunc
1673 5157 1761 5209 iii-

185 5229 406 5296 scripsit
430 5247 444 5281 :
475 5227 612 5299 Περὶ
637 5224 1041 5299 μυστηριώδους
1069 5226 1316 5298 σώματος
1347 5226 1418 5297 (⁸)
1440 5267 1454 5291 ,
1482 5238 1587 5299 etc,
1628 5224 1761 5279 Ver-

185 5301 373 5355 siones
401 5298 652 5352 Arabicai
683 5300 946 5364 duplicem
981 5313 1162 5351 vocem
1189 5299 1464 5361 adhibent,
1497 5310 1552 5350 et
1579 5298 1760 5360 istam,

187 5379 245 5425 et
275 5369 437 5421 aliam
468 5382 588 5438 qua:
615 5367 886 5438 signiﬁcat
914 5370 965 5422 id
998 5369 1140 5436 quod
1172 5366 1393 5438 Coptice
1422 5367 1681 5438 scribitur
1706 5367 1762 5438 in

189 5441 440 5508 mysterio
469 5453 486 5490 :
517 5437 579 5489 τὸ
612 5436 878 5506 πανάγιον
924 5438 1168 5493 referunt
1195 5436 1264 5492 ad
1312 5452 1507 5508 corpus
1539 5437 1761 5490 Christi.

191 5508 456 5566 BarOnita
489 5523 593 5561 non
627 5520 773 5563 recte
804 5517 969 5562 totam
993 5509 1135 5561 hanc
1153 5509 1450 5563 orationem
1475 5509 1763 5574 expressit.

198 5577 428 5632 Verbum
457 5577 760 5646 spirituale,
798 5580 887 5648 qui
913 5579 1066 5633 homo
1093 5578 1262 5647 factus
1289 5594 1341 5632 es
1364 5619 1376 5643 ,
1408 5587 1453 5632 et
1486 5579 1623 5630 inter
1668 5581 1766 5630 Ito-

242 5749 306 5818 t')
337 5751 514 5814 Opusc.
542 5752 624 5801 Gr.
652 5748 909 5800 Gennadii.

1857 4533 2027 4588 sancti
2047 4528 2075 4598 ,’
2089 4549 2248 4602 super
2275 4548 2368 4586 eos
2406 4542 2460 4586 et
2499 4528 2660 4598 super
2698 4530 2834 4582 dona
2866 4528 3172 4596 proposita:
3206 4539 3420 4602 nempe,

1860 4605 1934 4656 ait
1965 4596 2284 4669 Salmasius,
2315 4611 2372 4654 ut
2401 4596 2801 4669 sancti—licemnr
2827 4607 2882 4650 et
2915 4605 3296 4669 convertamus
3325 4596 3428 4648 has

1859 4674 2159 4728 oblationes
2184 4673 2236 4726 in
2272 4666 2467 4740 corpus
2493 4681 2549 4724 et
2578 4668 2893 4740 sanguinem
2937 4666 3138 4740 Christi
3176 4680 3191 4718 :
3231 4679 3427 4740 quain-

1862 4744 1963 4806 vis,
1992 4754 2050 4797 ut
2081 4758 2240 4812 supra
2269 4734 2704 4812 observavimus,—
2729 4737 2865 4812 nihil
2908 4737 3084 4812 simile
3123 4735 3330 4802 legatur
3368 4734 3424 4789 in

1865 4824 2012 4867 textu
2056 4807 2275 4880 Coptico
2303 4822 2356 4864 et
2383 4811 2632 4864 Arabico.
2660 4807 2718 4880 In
2747 4807 2848 4861 ista
2879 4807 3126 4880 oratione
3165 4819 3285 4875 quae
3318 4819 3426 4858 non

1864 4885 2020 4953 longo
2055 4876 2176 4951 post
2205 4883 2430 4953 primum
2460 4878 2751 4953 intervallo
2781 4879 3044 4953 sequitur,
3061 4876 3232 4953 plena
3260 4889 3421 4953 para-

1864 4945 1986 5006 αυχῖ
2035 4945 2356 5007 Salmasiani
2390 4950 2643 5004 refutatio
2685 4957 2786 5003 est.
2824 4945 2955 5002 Orat
2987 4949 3131 5000 enim
3174 4945 3428 4998 sacerdos

1868 5024 2063 5086 Deum,
2091 5033 2148 5077 ut
2190 5037 2247 5076 se
2278 5031 2332 5075 et
2379 5021 2794 5074 circumstantes
2841 5016 3176 5081 sanctilicet,
3219 5023 3339 5067 non'
3371 5024 3431 5066 ut

1864 5102 2181 5146 convertant
2219 5107 2314 5161 per
2361 5091 2799 5161 communionem
2845 5087 3110 5161 elementa
3143 5085 3194 5138 in
3231 5099 3434 5161 corpus

1866 5172 1918 5216 et
1947 5155 2284 5232 sanguinein,
2311 5159 2762 5232 quandoquidem
2783 5155 3431 5232 agnoscitconsecratio-

1867 5249 1986 5286 nem
2014 5223 2122 5301 jam
2155 5223 2372 5294 factum,
2402 5246 2522 5284 cum
2548 5223 2690 5301 Deus
2712 5227 2799 5281 illa
2821 5223 3015 5301 iecerit
3043 5223 3332 5301 invisibilia
3362 5238 3432 5275 ex

1867 5296 2197 5368 visibilibus;
2231 5311 2451 5370 totaque
2489 5299 2797 5370 verboruni
2821 5297 2991 5370 series
3018 5296 3307 5370 ostendat,
3338 5306 3433 5370 eos

1867 5374 1958 5442 qui
1986 5372 2075 5426 illa
2109 5362 2459 5442 pronuntiani
2480 5411 2494 5433 ,
2535 5384 2731 5438 corpus
2758 5365 2957 5442 Christi
2984 5379 3220 5442 praesens
3253 5364 3305 5442 i_n
3353 5362 3436 5413 al-

1871 5434 1968 5495 tari
1995 5434 2134 5506 esse,
2163 5443 2403 5496 credere.
2431 5440 2599 5493 Porro
2631 5434 2748 5506 quae
2772 5437 2836 5490 de
2869 5435 3145 5506 Salmasio
3166 5434 3431 5498 diximus,

1869 5514 1934 5566 ad
1957 5503 2288 5567 Albertinum
2311 5551 2324 5574 ,
2358 5513 2424 5564 ad
2454 5503 2733 5564 Claudium
2754 5547 2770 5572 ,
2823 5511 2889 5560 ad
2922 5503 3215 5572 discipulos
3243 5517 3433 5555 eorum

1870 5599 1972 5639 non
2011 5584 2185 5638 minus
2220 5583 2529 5652 pertinent,
2559 5579 2648 5648 qui
2699 5592 2819 5631 cum
2863 5591 3031 5647 pauca
3068 5574 3442 5642 Liturgiaruut
