3898 6222
474 315 580 374 σει
1526 321 1860 382 ιιτυιιςιυι
1901 324 1958 381 S.
2002 324 2334 384 GREGORII
2373 326 2691 383 COPTICA.
3621 326 3732 382 696

474 444 660 492 noster
688 433 817 492 Jesu
864 435 1098 493 Christe.
1132 436 1212 494 'l'u
1239 452 1335 510 per
1366 438 1706 496 clementiam
1734 451 1877 497 luam
1918 458 2036 498 ma-
2064 449 2116 509 Α
2143 443 2314 499 miles.
2347 442 2426 498 Tu
2458 458 2621 510 nunc,
2658 441 2909 505 Domine,
2949 455 3071 497 cum
3109 439 3352 496 levamus
3397 440 3581 497 oculos
3602 458 3730 497 cor-

476 543 637 599 gnam
695 526 871 584 fecisti
906 542 1004 585 nos
1050 528 1240 599 dignos
1289 529 1548 585 ﬁliatione
1590 546 1686 600 per
1723 532 2044 603 baptismum
2148 537 2295 591 dium
2337 545 2642 592 nostrorum
2683 535 2749 590 ad
2781 544 2853 603 ta
2898 534 3147 601 Domine,
3200 534 3292 605 qui
3347 535 3580 590 remittis
3622 535 3730 589 ini-

477 630 747 685 sanctum,
765 629 822 676 et
849 620 1079 677 docuisti
1109 636 1209 677 nos
1240 621 1467 677 formam
1493 624 1752 679 orationis
1779 626 2042 695 mysticae,

475 720 536 767 ιιι
576 727 673 782 per
697 727 814 766 eam
848 711 1224 768 invocaremus
1262 711 1477 768 Patrem
1528 721 1700 769 tuum.
1754 715 1833 770 Tu
1882 732 2043 783 nunc,

475 803 721 868 Domine,
755 802 842 859 fac
876 818 976 860 nos
1012 805 1218 873 dignos,
1270 814 1330 860 ut
1376 806 1707 862 conscientia
1746 809 1943 863 munda
1990 818 2047 865 et

475 894 805 961 cogitatione
836 894 999 960 bona,
1031 897 1487 965 quemadmodum
1527 897 1681 953 decet
1721 898 1884 964 ﬁlios,
1920 915 2042 954 cum

475 985 743 1039 desiderio
765 994 821 1040 et
852 985 1067 1050 ﬁducia,
1100 987 1393 1042 audeamus
1423 988 1675 1043 invocare
1727 988 1890 1044 Deum
1934 989 2042 1044 Pa-

477 1085 611 1127 trem
638 1084 785 1128 tuum
803 1082 1047 1130 sanetum
1079 1075 1170 1145 qui
1204 1087 1287 1131 est
1314 1076 1368 1131 in
1397 1075 1548 1132 ctelis
1573 1087 1627 1132 et
1651 1080 1891 1135 dicamus
1915 1096 1929 1131 :
1954 1079 2047 1134 Pa-

476 1174 557 1218 ter
587 1174 790 1231 noster,
823 1176 930 1221 etc.

881 1254 1064 1311 Oratio
1101 1267 1216 1328 post
1254 1257 1413 1313 Pater
1436 1269 1641 1316 noster.

548 1345 756 1409 Etiam,
815 1345 1071 1411 Domine,
1128 1347 1218 1416 qui
1265 1348 1458 1403 dedisti
1513 1348 1669 1404 nobis
1719 1356 2042 1418 potestatem

473 1437 709 1491 calcaudi
737 1448 1012 1507 serpentes
1038 1447 1093 1493 et
1117 1439 1452 1508 scorpiones,
1470 1450 1525 1495 et
1545 1456 1759 1497 omnem
1786 1441 2040 1496 virtutem

476 1530 709 1594 inimici,
747 1540 968 1585 contere
1010 1532 1188 1601 capita
1244 1530 1358 1599 ejus
1405 1532 1503 1587 sub
1556 1533 1783 1602 pedibus
1830 1535 2036 1589 nostris

472 1619 751 1684 velociter,
769 1628 824 1673 et
849 1619 1046 1690 repelle
1075 1635 1104 1674 a
1135 1620 1292 1676 nobis
1316 1636 1503 1677 omnes
1536 1621 1655 1690 ejus
1685 1622 2039 1694 cogitationes

472 1710 665 1774 malas,
692 1712 991 1765 contrarias
1029 1711 1183 1767 nobis
1219 1730 1232 1765 :
1265 1719 1322 1767 tu
1361 1727 1420 1768 es
1460 1714 1606 1768 enim
1648 1714 1761 1769 Rex
1799 1716 2037 1769 omnium

2145 626 2381 695 quitates
2431 635 2670 692 nostras,
2722 626 2813 696 qui
2876 625 3096 681 redimis
3158 626 3225 680 de
3276 624 3499 680 interitu
3554 626 3724 682 vitam

2146 725 2428 783 nostram;
2465 717 2756 772 adoramus
2784 714 3213 771 misericordiam
3245 722 3392 770 tuam
3430 715 3726 771 inenarra-

2144 807 2331 873 bilem,
2377 821 2734 877 rogamusque
2793 816 2867 873 te,
2899 816 2959 862 ut
3001 807 3266 862 concedas
3320 807 3480 862 nobis
3521 822 3719 878 pacem

2148 908 2314 954 tuam.
2374 898 2571 955 Omnia
2627 899 2781 955 nobis
2828 898 3044 964 dedisti,
3100 900 3320 967 acquire
3367 914 3466 953 nos
3528 899 3650 966 tibi,
3690 912 3726 953 o

2146 990 2326 1059 Deus;
2384 1006 2559 1062 neque
2604 992 2747 1047 enim
2793 992 2953 1045 alium
3009 990 3259 1045 novimus
3303 1000 3500 1060 praeter
3552 999 3626 1057 te,
3668 1001 3725 1045 et

2144 1098 2339 1138 nomen
2369 1092 2517 1137 tuum
2546 1093 2790 1139 sanctum
2822 1083 3254 1152 pronuntiamus.
3296 1082 3564 1137 Converte
3595 1096 3722 1146 nos,

2145 1175 2311 1240 Deus,
2339 1174 2404 1231 ad
2434 1177 2680 1231 timorem
2712 1184 2885 1239 tuum,
2910 1183 2963 1229 et
2992 1174 3317 1228 desiderium
3353 1174 3465 1240 tui;
3507 1182 3564 1230 et
3592 1188 3724 1229 con-

2143 1266 2275 1321 cede
2322 1275 2379 1319 ut
2417 1266 2798 1336 perveniamus
2836 1266 2904 1320 ad
2933 1264 3248 1318 fruitionem
3282 1263 3544 1317 bonorum
3595 1272 3724 1317 tuo-

2143 1373 2286 1413 rum.
2318 1356 2381 1411 Et
2403 1359 2492 1427 qui
2526 1359 2921 1414 inclinaverunt
2958 1356 3130 1428 capita
3162 1371 3257 1411 sua
3292 1355 3392 1410 sub
3412 1369 3573 1408 manu
3600 1364 3718 1417 tua,

2142 1446 2338 1501 extolle
2362 1461 2456 1501 eos
2503 1447 2562 1502 in
2588 1445 2748 1516 hujus
2775 1449 2897 1500 vita:
2939 1444 3169 1500 decursu
3201 1463 3215 1496 :
3247 1458 3379 1497 orna
3413 1458 3507 1498 eos
3539 1442 3717 1496 virtu-

2145 1538 2309 1604 tibus,
2341 1548 2394 1594 et
2450 1551 2645 1608 pratsta
2693 1551 2752 1592 ut
2790 1552 2981 1593 omnes
3036 1536 3179 1606 digni
3221 1536 3391 1591 simus
3427 1551 3594 1605 regno
3628 1544 3723 1590 tuo

2142 1630 2374 1694 caelesti,
2406 1643 2503 1701 per
2527 1630 2924 1699 beneplacitum
2957 1628 3048 1683 Dei
3097 1626 3274 1682 Patris
3309 1628 3384 1681 tui
3413 1628 3559 1691 boni,
3596 1641 3718 1680 cum

2142 1734 2250 1788 quo
2278 1729 2332 1774 tu
2363 1735 2422 1775 es
2449 1722 2794 1786 benedictus,
2832 1729 2886 1775 et
2934 1734 3059 1774 cum
3101 1718 3302 1786 Spiritu
3333 1727 3520 1772 sancto
3546 1718 3723 1772 viviﬁ-

473 1811 740 1866 nostrum,
775 1801 988 1857 Christe
1028 1803 1168 1857 Deus
1197 1813 1383 1859 noster
1413 1820 1427 1857 :
1467 1814 1520 1859 et
1562 1815 1615 1859 tu
1645 1821 1704 1861 es
1732 1808 1816 1861 cui
1869 1808 2039 1863 mitti-
2074 1797 2116 1851 Β
2147 1820 2325 1876 cante,
2359 1809 2560 1878 tibique
2586 1808 3056 1871 consubstantiali,
3086 1822 3252 1873 nunc,
3278 1817 3388 1862 etc.

472 1910 592 1950 mus
622 1896 854 1961 Iaudem,
880 1907 985 1951 etc.

543 1988 801 2044 Sacerdos
838 1978 963 2041 dicit
993 1989 1279 2043 orationem
1309 1988 1699 2045 Inclinationis.

542 2080 827 2136 Diaconus.
860 2081 1116 2137 lnclinate
1151 2083 1326 2150 capita
1360 2092 1539 2136 vestra
1570 2082 1818 2138 Domino.

540 2172 641 2240 Tn,
680 2174 925 2237 Domine,
957 2175 1281 2229 inclinavisti
1315 2175 1483 2231 caelos
1517 2185 1571 2231 et
1598 2176 1945 2242 descendisti,
1981 2183 2037 2231 et

470 2267 788 2321 incarnatus
817 2281 877 2320 es
906 2277 1124 2336 propter
1154 2267 1384 2323 salutem
1426 2267 1637 2337 generis
1681 2267 1900 2322 humani
1934 2283 1949 2321 :
1981 2277 2032 2322 tu

469 2357 626 2410 sedes
656 2372 818 2426 super
847 2358 1126 2414 cherubim
1159 2370 1213 2414 et
1242 2360 1535 2431 serapbim,
1573 2360 1907 2430 respicisque
1934 2362 2034 2414 hn-

438 2532 781 2611 testimonia
830 2539 1114 2606 vellicent,
1156 2551 1217 2596 ιιι
1264 2542 1596 2598 obscuritate
1645 2543 1870 2611 alicujus
1921 2543 2023 2598 loci
2067 2578 2087 2596 .

468 2610 779 2679 abutantur,
840 2612 1118 2679 perspicua
1173 2621 1229 2666 et
1291 2627 1412 2679 qua:
1476 2613 1689 2668 illorum
1760 2616 2025 2670 novitates

469 2677 715 2751 funditus
739 2677 1009 2742 evertunt,
1042 2694 1109 2733 ne
1138 2677 1373 2737 indicant
1401 2682 1636 2751 quidem.

540 2748 796 2821 Sequitur
829 2751 889 2821 in;
912 2751 1099 2803 eadem
1131 2752 1396 2814 oratione,
1419 2748 1480 2806 ἐι
1523 2752 1769 2821 mysteria
1812 2752 1905 2806 tibi
1933 2753 2032 2807 soli

468 2819 702 2888 cognita.
752 2818 809 2872 In
858 2819 1047 2874 Graeco
1105 2830 1254 2874 textu
1298 2824 1388 2886 qui
1437 2818 1720 2876 manifeste
1771 2825 2029 2878 vitiosam

467 2889 987 2962 scriptttram__babet
1014 2892 1288 2962 μυστήρια
1317 2890 1391 2949 ὧν
1416 2890 1735 2962 προνοοῦσιν
1757 2893 1899 2945 αὑτά
1929 2910 2030 2956 σοι,

467 2957 642 3031 Κύριε
667 2996 683 3021 ,
713 2958 859 3012 nullo
880 2957 1038 3031 sensu
1061 2977 1076 3025 ;
1098 2957 1237 3031 hunc
1268 2957 1530 3029 expressit
1550 2964 1722 3014 Arabs
1752 2964 2015 3029 interpres

466 3029 572 3097 per
599 3031 844 3098 mysteria
877 3029 1184 3098 invisibilia,
1218 3031 1477 3088 intellecta
1505 3031 1620 3095 tibi,
1660 3031 1897 3084 Domine.
1929 3034 2032 3086 Co-

2218 1902 2478 1959 Sacertlos
2515 1903 2650 1957 dicet
2688 1904 2978 1956 orationem
3019 1900 3372 1956 Absolutionis
3397 1902 3466 1954 ad
3495 1899 3718 1955 Filium.

2148 1995 2372 2050 Domine
2427 1995 2554 2053 Jesu
2615 1997 2829 2053 Christe
2851 1994 2953 2050 Fili
2972 1996 3264 2065 unigenite,
3297 2002 3424 2061 etc.,
3452 1994 3594 2047 utin
3624 1992 3721 2047 Li-

2144 2090 2316 2159 turgia
2338 2093 2505 2144 sancti
2524 2090 2728 2144 Basilii.

2212 2179 2474 2235 Sacerdos
2504 2182 2633 2235 dicit
2671 2179 3080 2249 Confessionem.

2210 2270 2419 2340 Corpus
2467 2273 2844 2344 sanctum(15)
2888 2283 2942 2328 et
2985 2273 3207 2344 sanguis
3265 2272 3536 2343 pretiosus
3591 2269 3721 2327 Jesu

2139 2363 2342 2419 Christi
2371 2364 2493 2418 Filii
2522 2364 2617 2419 Dei
2650 2366 2839 2421 nostri.
2864 2364 3033 2420 Amen
3050 2364 3185 2436 (l6).

2142 2559 2265 2599 nem
2304 2544 2694 2616 Eucharistiae,
2727 2543 2943 2616 Graece,
2982 2541 3207 2608 Latine,
3245 2542 3504 2616 Syrisce,
3537 2540 3715 2616 zEgy-

2143 2616 2340 2685 ptiace.
2367 2614 2692 2683 Ethiopice,
2734 2615 2985 2678 Persice,
3021 2623 3113 2667 aut
3144 2612 3468 2668 Armcuice?

2214 2684 2320 2739 Sed
2355 2685 2484 2738 illud
2515 2686 2742 2738 minoris
2777 2685 3034 2737 momenti
3064 2695 3145 2738 est
3177 2702 3191 2737 :
3232 2698 3294 2736 ea
3324 2698 3444 2751 qua:
3485 2683 3713 2749 subjun-

2140 2754 2238 2825 git,
2270 2756 2489 2825 mentita
2509 2794 2523 2815 ,
2556 2753 2688 2809 falsa
2707 2794 2722 2816 ,
2750 2754 3014 2825 plenaque
3040 2754 3273 2825 erroris,
3306 2751 3639 2825 ignorantiae
3659 2762 3719 2808 et

2138 2823 2488 2887 temeritatis,
2521 2825 2765 2877 excusari
2800 2823 2943 2876 nulla
2973 2823 3180 2877 ratione
3213 2830 3458 2890 possunt,
3502 2823 3609 2878 nisi
3638 2838 3709 2877 ex

2141 2896 2378 2963 auctoris
2406 2895 2697 2959 imperitia,
2726 2893 3148 2963 quaegexcnsatio
3179 2892 3496 2963 locumnon
3526 2893 3711 2947 habet.

2138 2962 2271 3029 Quis
2299 2964 2440 3017 enim
2462 2966 2689 3030 cogehat
2722 2960 3014 3027 hominem,
3046 2962 3136 3029 qui
3171 2963 3223 3014 in
3255 2961 3493 3015 Ecclesia
3531 2964 3718 3016 catho-

2143 3035 2244 3087 lica
2279 3043 2434 3085 natus
2459 3040 2513 3085 et
2543 3034 2845 3099 baptizatus
2870 3031 3067 3084 avitam
3096 3031 3254 3085 ﬁdem
3279 3030 3592 3099 iuveniliter
3619 3033 3718 3087 de-

471 3100 610 3171 ptica
646 3096 805 3153 lectio
830 3118 841 3150 :
869 3096 939 3151 Et
970 3101 1220 3168 mysteria
1243 3117 1360 3171 qua:
1405 3101 1497 3153 tibi
1528 3101 1730 3168 cognita
1757 3112 1895 3161 sunt,
1926 3102 2030 3156 Do-
2059 3111 2102 3167 C
2137 3110 2402 3163 seruerat,
2429 3101 2495 3155 de
2522 3096 2684 3156 rebus
2706 3099 3031 3171 tlteologicis
3068 3098 3348 3155 scribere?

465 3170 630 3244 utine,
668 3186 1007 3244 ttjsuocqptov
1051 3186 1170 3223 ετον
1198 3170 1397 3244 Δερνοιη
1444 3187 1635 3244 μμωου
1661 3187 1811 3244 Διγικι.κ
1851 3189 2028 3237 πενος.

469 3236 681 3309 Versio;
692 3236 919 3293 Arabica
949 3236 1417 3309 είηιυδιενὶόριεηὶι
1445 3236 1604 3309 ἠίιοά
1633 3236 1726 3291 tibi
1772 3236 2033 3307 cognitum

466 3317 565 3378 est,
596 3307 816 3362 Domine
841 3325 860 3363 :
893 3308 1029 3360 male
1051 3307 1315 3364 Maronita
1350 3327 1364 3363 :
1394 3307 1696 3378 mysterium
1735 3311 2029 3375 spirituale.

467 3376 751 3431 Sententia
794 3392 858 3432 ex
892 3379 1322 3444 praecedentibus
1352 3376 1467 3434 haec
1492 3390 1595 3433 est.
1646 3377 1844 3432 Fecisti
1883 3381 2034 3433 obla-

467 3448 646 3501 tiones
678 3447 972 3519 invisibiles
994 3462 1075 3519 ειν
1098 3449 1429 3519 visibilibus,
1465 3458 1519 3519 et
1545 3451 1855 3519 mysterium
1876 3488 1892 3514 ,
1921 3452 2035 3503 sive

467 3531 566 3584 per
591 3518 903 3585 mysterium
938 3518 1079 3585 quod
1111 3517 1290 3583 solus,
1327 3518 1572 3581 Domine,
1605 3517 1879 3586 intelligis,
1909 3535 2030 3573 cum

471 3586 720 3658 humana}
750 3586 946 3641 mentis
976 3587 1134 3658 vires
1156 3596 1391 3656 superet.
1432 3586 1565 3641 Nam
1610 3590 1860 3658 προνοεῖν
1891 3590 2031 3656 quod

468 3663 553 3709 est
593 3655 644 3708 in
679 3654 869 3728 Graeco
892 3664 1065 3718 testu,
1096 3654 1371 3725 Copticus,
1406 3666 1465 3712 ut
1509 3654 1777 3724 superius,
1801 3654 2034 3728 explicat

466 3739 567 3798 per
591 3741 774 3798 epvow
800 3726 902 3780 hoc
939 3737 1024 3781 est
1062 3729 1224 3790 νοεῖν,
1257 3728 1468 3782 Arabes
1497 3742 1594 3798 per
1632 3741 1695 3779 ea
1719 3726 1884 3784 verba
1915 3744 2035 3798 qua:

468 3794 784 3866 intelligere,
815 3806 861 3866 et
891 3799 1075 3866 animo,
1090 3800 1359 3866 concipere
1387 3794 1713 3866 signiﬁcant.

540 3864 655 3938 (15)
692 3863 767 3938 De
797 3865 883 3919 illa
919 3865 1116 3938 eximia
1153 3863 1259 3938 nec
1303 3863 1467 3921 ullius
1498 3866 1568 3938 ad_
1608 3864 2033 3938 Protestantium

469 3934 705 3989 mentem
738 3934 1197 4002 interpretationis
1219 3951 1416 4003 capace
1438 3935 1800 4001 confessione,
1827 3938 2029 3989 dictum

469 4014 556 4059 est
593 4004 663 4059 ad
696 4004 990 4074 Liturgiam
1034 4004 1091 4058 ὃ.
1130 4006 1347 4067 Basilii;
1389 4021 1557 4074 pauca
1595 4012 1798 4058 tantum
1849 4007 2034 4060 obser-

466 4074 752 4145 vabimus,
783 4091 905 4143 quae
951 4075 1018 4128 ad
1068 4076 1224 4130 istam
1268 4077 1787 4145 proprieilrpectattl.
1846 4075 2035 4129 Exstat

467 4144 525 4199 in
562 4158 625 4199 ea
662 4146 774 4211 ipsa
810 4145 1047 4215 Liturgia
1084 4160 1243 4214 quam
1283 4146 1468 4202 citavit
1499 4144 1822 4215 Salinasius,
1861 4158 1918 4197 ut
1947 4162 2035 4199 ar-

467 4223 723 4280 gumenta
755 4214 1253 4270 subministrantem
1276 4253 1293 4279 ,
1325 4215 1520 4284 quibus
1556 4224 1611 4268 et
1649 4214 1955 4284 Catholicis,
1973 4230 2034 4268 os

465 4284 862 4348 occluderetnr,
892 4294 943 4338 et
967 4284 1313 4339 Calvinistica
1337 4283 1500 4339 causa
1522 4283 1900 4351 triumpharet.
1924 4283 2035 4338 Cur

465 4353 631 4423 igitur
663 4354 729 4408 de
763 4356 861 4409 ista
902 4352 1239 4409 confessione
1270 4359 1343 4408 ita
1384 4354 1593 4408 locutus
1615 4363 1700 4408 est
1738 4355 1790 4405 in
1833 4369 1926 4408 sua
1966 4355 2031 4407 ad

2204 3171 2390 3226 Oratio
2427 3186 2547 3239 qua:
2588 3170 2982 3225 confessionem
3031 3170 3305 3230 continet,
3356 3183 3462 3222 non
3514 3168 3717 3223 dicitur

2135 3251 2258 3309 post
2297 3240 2715 3296 celebrationem
2755 3239 3252 3309 Liturgiaayneque
3294 3245 3414 3305 post
3466 3253 3719 3292 commu-

2135 3308 2387 3376 nionem,
2440 3312 2533 3364 sed
2582 3321 2872 3379 antequam
2922 3323 2986 3363 ea
3028 3308 3433 3379 distribuatu_r:
3485 3318 3565 3379 ut
3599 3310 3717 3378 ipsa

2134 3380 2332 3433 rituum
2369 3381 2540 3434 series
2581 3376 2997 3435 satis'indicat:
3046 3380 3182 3432 adeo
3231 3386 3291 3431 ut
3338 3376 3713 3444 Salmasiuin,

2133 3460 2228 3520 aint
2260 3448 2559 3520 Liturgiam
2591 3465 2697 3504 non
2747 3449 2939 3520 legisse
2966 3458 3252 3520 oporteat,
3296 3459 3390 3500 aut
3435 3447 3713 3520 neminem

2134 3519 2371 3572 futurum
2402 3517 2746 3573 existimasse
2767 3559 2783 3583 ,
2807 3517 2931 3588 qui,
2970 3517 3140 3571 oculis
3169 3518 3222 3571 in
3253 3530 3375 3572 eam
3419 3518 3713 3587 conjectis,

2135 3588 2254 3643 falsi
2287 3604 2407 3643 eum
2434 3589 2723 3643 testimonii
2759 3603 2911 3642 reum
2945 3597 3280 3656 agnosceret.

2202 3656 2389 3726 Neque
2421 3659 2598 3714 minus
2622 3658 2757 3712 falso
2779 3656 3029 3723 alﬁrmat,
3059 3672 3091 3711 a
3121 3659 3407 3714 sacerdote
3434 3656 3542 3712 dici
3583 3669 3712 3726 post

2135 3729 2567 3782 communionem
2592 3767 2610 3793 ,
2652 3728 2702 3781 id
2733 3729 2873 3796 quod
2903 3741 2933 3780 a
2963 3726 3493 3783 communicantibus
3522 3742 3714 3783 susce-

2134 3810 2282 3865 ptutn
2315 3807 2435 3863 est,
2469 3813 2579 3851 esse
2615 3813 2802 3867 corpus
2845 3805 2893 3850 et
2929 3798 3237 3867 sanguinem
3279 3797 3500 3859 Christi,
3533 3796 3593 3849 id
3632 3806 3713 3852 est

2132 3864 2364 3933 fructum
2403 3867 2522 3921 uitis
2552 3864 2725 3937 certe,
2752 3882 2870 3937 qua:
2915 3875 2991 3937 est
3033 3864 3298 3937 Christus.
3331 3868 3712 3937 Nequeenim

2133 3937 2423 4005 quidquam
2464 3937 2639 3992 simile
2688 3935 2975 4006 legiturin
3024 3936 3360 4006 orationibus
3402 3935 3708 4006 gratiarum

2132 4007 2360 4061 actionis
2397 4024 2412 4061 :
2452 4018 2506 4060 et
2539 4020 2665 4060 cum
2713 4005 2966 4061 sacerdos
2994 4005 3183 4075 dicit:
3220 4005 3356 4075 illoc
3398 4005 3474 4059 est
3514 4021 3713 4075 corpus

2132 4091 2307 4128 verum
2334 4086 2381 4129 et
2413 4077 2626 4145 sanguis
2656 4078 2913 4145 pretiosus
2932 4113 2948 4139 ,
2978 4073 3179 4128 Christi
3202 4074 3300 4128 Dei
3339 4075 3540 4137 nostri,
3569 4073 3709 4141 etc.,

2135 4147 2249 4199 lucc
2276 4148 2527 4199 dicuntur
2570 4156 2696 4198 ante
2739 4145 3197 4200 connuunionem.
3237 4145 3710 4200 Communicaturi

2135 4216 2494 4284 respondent,
2525 4225 2814 4284 antequam
2844 4229 2996 4267 sacra
3035 4216 3292 4284 mysteria
3332 4215 3710 4282 susceperint,

2134 4283 2205 4335 ita
2228 4283 2459 4339 credere
2486 4300 2569 4345 se.
2595 4292 2650 4338 et
2668 4283 2973 4339 credituros
2998 4283 3064 4336 ad
3098 4283 3356 4337 ultimum
3386 4300 3558 4352 usque
3580 4286 3711 4340 vitae

2133 4354 2420 4420 spiritum,
2452 4355 2553 4408 hoc
2576 4356 2717 4422 quod
2748 4355 2933 4407 vident
2963 4356 3014 4405 in
3046 4356 3345 4408 sacerdotis
3373 4354 3710 4410 celebrantis

466 4423 724 4513 Pallaeum
752 4425 999 4513 epistola,
1032 4434 1090 4477 ut
1116 4426 1378 4491 integram
1412 4423 1710 4513 orationem
1747 4438 1849 4513 neu
1880 4435 2030 4513 retu-
2063 4456 2109 4513 υ
2137 4440 2295 4513 manu
2320 4464 2334 4487 ,
2374 4426 2517 4492 quod
2548 4425 2831 4513 episcopus
2864 4434 2918 4475 et
2955 4426 3230 4513 sacerdos,
3272 4438 3395 4503 cum
3444 4424 3709 4513 ogdinan—

466 4493 613 4561 lerit,
650 4496 792 4562 quod
828 4505 945 4547 erat
975 4503 1156 4547 tamen
1193 4493 1579 4557 necessarium,
1618 4502 1673 4547 et
1710 4492 2027 4562 notamfal-

466 4561 740 4618 sissimam
815 4563 1103 4631 adjecerit?
1171 4562 1346 4617 Verba
1399 4562 1516 4629 ejus
1579 4572 1706 4617 sunt
1759 4579 1774 4615 :
1830 4580 1849 4613 ι
1904 4561 2032 4616 Post

465 4632 885 4687 celebrationem
936 4633 1146 4694 Crenas,
1198 4641 1254 4687 et
1290 4635 1751 4702 participationem
1794 4633 1910 4702 ejus
1952 4633 2032 4685 fa-

465 4713 631 4764 ctam,
662 4704 801 4757 idem
843 4703 1094 4757 sacerdos
1127 4714 1347 4765 monet,
1389 4702 1441 4756 id
1471 4704 1615 4770 quod
1660 4718 1690 4755 a
1728 4706 2030 4756 conminui-

467 4773 716 4827 cantibus
744 4782 1054 4842 susceptum
1079 4781 1396 4842 est,rverum
1426 4787 1547 4825 esse
1583 4787 1780 4842 corpus
1815 4781 1870 4826 et
1907 4788 2033 4826 san-

467 4845 683 4912 guinein
717 4841 954 4905 Christi,
986 4843 1039 4896 id
1073 4853 1155 4896 est
1188 4841 1419 4897 fructum
1452 4842 1575 4895 vitis
1622 4857 1793 4904 veraa,
1822 4843 1910 4910 qui
1946 4852 2031 4896 est

469 4914 750 4978 Christus,
785 4917 855 4965 ita
901 4914 1211 4982 signiﬁcans
1234 4914 1460 4982 ,Vvinunt
1491 4912 1693 4975 calicis,
1736 4928 1839 4965 non
1871 4912 2029 4982 aliter

464 4983 649 5038 vocari
702 4981 1019 5051 sanguinem
1061 4981 1274 5035 Domini
1325 4996 1547 5051 verum,
1599 4997 1759 5050 quam
1809 4991 1877 5051 ut
1912 4981 2028 5050 ipse

464 5067 648 5107 veram
686 5067 745 5107 se
781 5050 941 5105 vitem
988 5052 1294 5120 appellavit.
1334 5069 1355 5101 ι
1391 5050 1647 5105 Excusari
1686 5065 1815 5105 sane
1846 5050 2026 5104 Calvi-

465 5123 610 5192 nista
642 5133 840 5192 potem,
871 5123 1181 5192 calvinisla:
1206 5121 1429 5189 loquens
1457 5121 1523 5173 de
1555 5136 1653 5175 usu
1680 5120 1906 5192 ridiculo
1931 5136 2025 5174 vo-

465 5194 545 5246 cis
577 5190 778 5253 Cti’nzc,
821 5197 885 5245 ad
912 5191 1240 5261 Liturgiam,
1273 5200 1545 5258 totamque
1570 5206 1778 5243 sacram
1814 5190 2025 5261 Eucha-

464 5262 634 5316 ristiae
689 5263 1025 5315 celebrandae
1070 5257 1361 5315 'actionem
1417 5257 1844 5328 signiﬁcandam.
1920 5257 2025 5314 Sed

465 5348 586 5386 cum
619 5331 827 5398 publice
853 5331 1116 5393 scribunt,
1150 5330 1226 5384 uti
1262 5329 1456 5384 debent
1485 5329 1590 5383 illis
1618 5331 1857 5395 vocibus,
1893 5345 2027 5399 quas

463 5402 715 5455 universa
749 5400 987 5455 Ecclesia
1020 5415 1116 5453 usu
1145 5415 1251 5454 non
1281 5400 1583 5469 interrupto
1605 5400 1891 5453 multorum
1931 5414 2027 5452 saa-

463 5471 711 5524 culorum
759 5469 1135 5536 consecravit;
1187 5485 1310 5524 cum
1359 5469 1500 5524 nulla
1547 5483 1680 5538 gens
1718 5469 2023 5525 Christiana

462 5541 834 5610 cujuscunque
889 5540 1024 5595 ritus
1065 5550 1121 5594 et
1163 5539 1394 5608 linguae,
1442 5542 1514 5593 ita
1546 5539 1738 5610 locuta
1763 5554 2023 5610 unquam

461 5610 633 5678 fuisse
677 5608 998 5678 reperiatur.
1047 5609 1254 5665 Cedant
1299 5610 1492 5664 eruditi
1544 5608 1649 5675 illi,
1681 5609 1773 5677 qui
1821 5618 2022 5662 tantam

463 5677 815 5735 Orientalium
862 5682 1171 5748 linguarum
1202 5678 1447 5746 peritiam
1495 5679 1692 5744 ubique
1729 5688 2020 5742 ostentant,

465 5762 740 5809 auctorem
782 5746 985 5821 ullum',
1011 5751 1101 5820 qui
1131 5746 1346 5805 Coenam
1386 5749 1658 5806 vocaverit
1701 5748 2019 5805 celebratio-

2136 4502 2241 4555 tur,
2294 4509 2455 4546 manu
2499 4493 2836 4562 suscipiunt,
2878 4508 3052 4559 neque
3104 4493 3281 4546 adhuc
3314 4493 3393 4547 ori
3449 4493 3710 4549 admove-

2132 4572 2294 4625 runt,
2325 4577 2447 4616 esse
2479 4578 2672 4630 corpus
2698 4573 2750 4615 et
2797 4562 3111 4631 sanguinem
3158 4563 3365 4615 Domini
3392 4602 3408 4626 ,
3436 4571 3490 4614 et
3522 4574 3708 4616 tamen

2129 4647 2195 4683 ex
2256 4633 2533 4702 hypothesi
2579 4632 2938 4696 Salmasiana,
2977 4631 3116 4684 dona
3163 4634 3709 4702 preposit:i,rtpoxsi-

2132 4718 2289 4770 μενα,
2322 4702 2455 4755 nihil
2485 4704 2660 4756 adhuc
2699 4712 2862 4764 sunt,
2915 4709 3107 4769 praster-
3147 4717 3336 4768 pauent
3381 4711 3435 4754 et
3480 4716 3704 4767 VIIIUlll,

2129 4788 2250 4824 cum
2281 4773 2332 4824 in
2358 4773 2472 4825 solo
2505 4788 2603 4824 usu
2636 4775 2769 4824 ﬁant
2799 4785 2995 4839 corpus
3027 4781 3083 4823 et
3118 4773 3339 4839 sanguis
3379 4770 3606 4826 Christi.

2201 4840 2382 4909 Neque
2409 4842 2460 4894 in
2491 4852 2601 4894 tota
2628 4842 2727 4894 hac
2756 4839 2998 4909 Liturgia
3021 4881 3036 4904 ,
3068 4848 3160 4892 aut
3184 4842 3288 4893 ulla
3317 4841 3705 4911 cujuscunque

2129 4911 2266 4965 ritus
2298 4921 2350 4964 et
2375 4911 2568 4979 lingute
2597 4914 2911 4978 reperietur,
2945 4911 3063 4963 talis
3086 4911 3429 4964 sacerdotum
3466 4912 3532 4963 ad
3558 4926 3705 4963 cont-

2127 4984 2461 5033 municantes
2481 4982 2698 5032 ιιιυιιίῑιο
2713 5019 2728 5042 ,
2742 4994 2902 5048 quam
2917 4989 3253 5033 commentus
3280 4990 3365 5033 est
3382 4979 3701 5044 Salinasius,

2126 5050 2389 5103 elementa
2420 5065 2540 5103 esse
2569 5065 2765 5116 corpus
2801 5050 3040 5111 Christi,
3074 5059 3131 5100 ut
3162 5049 3408 5102 Christus
3460 5062 3544 5102 est
3580 5050 3702 5104 vitis

2126 5133 2270 5172 vera.
2311 5118 2367 5172 lu
2395 5120 2640 5172 oratione
2671 5119 2947 5171 l'ractionis
2968 5121 3032 5171 ad
3062 5116 3255 5170 Filium
3290 5119 3483 5188 legitur
3508 5136 3521 5170 :
3551 5118 3702 5172 Prat-

2123 5191 2321 5256 parasti
2352 5193 2497 5241 nobis
2519 5204 2703 5256 panem
2727 5189 3007 5250 cmtestem,
3035 5203 3219 5251 corpus
3254 5190 3349 5240 hoc
3382 5202 3545 5256 tuum,
3572 5204 3702 5241 san-

2125 5255 2265 5311 ctum
2286 5261 2338 5312 in
2367 5255 2673 5327 mysterio...
2731 5257 2990 5327 Miscuisti
3016 5256 3162 5308 nobis
3190 5257 3403 5310 calicem
3434 5272 3496 5308 ea:
3523 5255 3703 5322 fructu

2125 5330 2245 5380 vitis
2273 5326 2435 5387 certe,
2464 5344 2580 5394 qua’
2610 5336 2684 5380 est
2710 5328 2851 5380 latus
2888 5326 3120 5379 divinum
3168 5336 3315 5378 tuum
3359 5339 3405 5379 et
3440 5331 3700 5394 immacu-

2125 5398 2309 5450 latum.
2337 5398 2407 5450 Ita
2433 5392 2763 5452 Gaudentius
2781 5397 2926 5449 Brix.
2948 5405 3106 5448 tract.
3134 5395 3174 5448 ll
3206 5397 3278 5450 De
3304 5395 3492 5450 Pasch.
3513 5410 3532 5447 :
3561 5392 3701 5460 Quia

2122 5471 2261 5536 quod
2290 5468 2482 5531 accipis
2510 5483 2694 5532 corpus
2721 5474 2799 5520 est
2833 5466 2975 5536 illius
3002 5465 3154 5532 panis
3192 5467 3442 5529 caelestis,
3474 5473 3524 5517 et
3567 5481 3701 5536 san-

2123 5534 2238 5607 guis
2266 5547 2343 5590 est
2371 5536 2514 5590 illius
2544 5552 2712 5590 sacra:
2750 5539 2887 5590 vitis.
2914 5534 3031 5589 Non
3065 5536 3228 5605 igitur
3252 5537 3505 5591 dixerunt
3540 5535 3701 5617 Curi:

3537 5614 3702 5659 stiani

2348 5675 2513 5757 ξῶμίι
2532 5675 2820 5762 tangam}
2847 5669 2985 5762 αἴρει
3025 5674 3204 5762 cium
3251 5673 3424 5746 Ἰησοῦ
3458 5674 3702 5748 Χριστοῦ

2126 5750 2221 5803 τοῦ
2250 5744 2380 5802 Υἰοῦ
2406 5744 2498 5802 τοῦ
2531 5747 2665 5802 Θεοῦ
2696 5744 2873 5819 ἡμῶν.
2913 5744 3109 5817 Ἆμήν.
