3898 6222
224 303 343 360 597

306 416 563 486 Populus.
592 416 785 470 Amen.

308 511 567 566 Sanctum
617 515 674 559 et
720 506 1013 575 pretiosum
1064 518 1256 570 corpus
1294 512 1348 558 et
1400 504 1619 573 sanguis
1651 517 1811 558 verus

227 599 361 657 Jesu
396 597 594 654 Christi
637 596 756 650 Filii
793 595 883 649 Dei
936 595 1125 648 nostri.
1162 593 1332 646 Amen
1356 592 1490 661 (Π).

307 693 516 760 Corpus
536 698 590 744 et
618 689 840 758 sanguis
865 685 1226 742 Emmanuelis
1259 685 1346 738 Dei
1379 683 1568 749 nostri,
1603 685 1705 737 hoc
1731 692 1814 736 est

231 786 292 841 in
325 784 402 838 rei
430 783 675 836 veritate.
709 780 901 832 Amen.

307 874 504 937 Credo,
543 872 727 936 credo,
771 870 932 924 credo
979 877 1036 924 et
1083 868 1346 923 conﬁteor
1377 882 1546 935 usque
1584 868 1650 920 ad
1682 867 1804 920 ulti-

233 979 382 1018 mum
415 964 537 1016 vita:
558 962 828 1030 spiritum,
865 961 964 1014 hoc
989 974 1106 1014 esse
1123 973 1319 1028 corpus
1346 957 1642 1022 vivilicum,
1670 957 1812 1026 quod

232 1053 512 1122 accepisti,
560 1052 772 1106 Christe
808 1051 949 1104 Deus
987 1058 1191 1114 noster,
1224 1065 1288 1104 ex
1323 1048 1543 1100 Domina
1573 1048 1812 1100 omnium

234 1154 510 1206 nostrum,
555 1141 819 1210 Deipara,‘
871 1157 1025 1211 pura,
1054 1151 1240 1195 sancta
1294 1138 1485 1205 Maria,
1532 1139 1816 1206 fecistique

238 1235 372 1289 illud
403 1249 567 1287 unum
613 1248 734 1287 cum
771 1231 1052 1286 divinitate
1091 1241 1202 1294 tua,
1237 1229 1440 1299 absque
1479 1229 1813 1289 confusione,

236 1325 640 1392 commistione,
675 1333 768 1378 aut
814 1323 1135 1378 alteratione
1167 1337 1182 1375 :
1212 1331 1266 1377 et
1288 1322 1567 1377 confessus
1597 1336 1655 1375 es
1683 1336 1817 1374 con-

235 1419 530 1474 fessionem
559 1419 753 1471 bonam
785 1431 966 1470 coram
1002 1414 1192 1470 Pontio
1240 1412 1428 1466 Pilato.
1459 1411 1659 1465 Dedisti
1687 1410 1814 1464 illud

237 1512 343 1586 pro
373 1516 526 1571 nobis
573 1530 733 1583 super
767 1514 966 1584 lignum
1014 1521 1259 1568 sanctum
1296 1511 1492 1574 crucis,
1537 1509 1816 1563 voluntate

240 1616 334 1660 tua
393 1607 528 1671 sola,
583 1621 682 1676 pro
733 1605 889 1659 nobis
939 1604 1209 1659 onmibus.
1243 1603 1418 1656 Credo
1476 1602 1814 1655 divinitatem

243 1704 396 1748 tuam
445 1704 745 1763 separatam
787 1710 888 1748 non
937 1693 1102 1748 fuisse
1149 1695 1216 1746 ab
1250 1693 1580 1746 humanitate
1607 1701 1718 1758 tua,
1752 1708 1817 1745 ne

1297 295 1625 354 LlTURGlA
1651 297 1725 352 ὃ.
1769 295 2105 352 GREGORH
2146 294 2460 351 COPTICA.

1831 419 1878 475 Α
1907 415 1973 466 ad
2007 411 2285 465 dexteram
2312 409 2636 479 'majestatis
2670 408 2866 472 Patris,
2900 415 2954 462 et
3001 407 3192 463 iterum
3222 417 3484 464 venturus

3375 297 3483 352 61.8

1915 511 1997 555 est
2044 500 2287 569 judicare
2327 501 2477 552 vivos
2526 509 2581 554 et
2613 509 2856 554 mortuos
2906 518 2918 553 :
2963 514 3121 567 quem
3171 499 3491 553 benedicunt

1915 591 2087 660 angeli
2139 601 2196 646 et
2243 590 2462 643 laudant
2517 590 2852 658 archangeli,
2913 590 3069 659 cujus
3119 589 3342 658 gloriam
3406 588 3492 642 lo-

1915 690 2156 749 quuntur
2196 681 2490 750 seraphim,
2521 697 2678 749 quem
2727 682 2954 734 adorant
2992 681 3293 744 cherubim,
3326 695 3486 748 quem

1917 773 2110 824 timent
2157 783 2212 826 et
2257 782 2493 827 tremunt
2545 788 2732 827 onmes
2771 784 2996 835 naturae,
3030 772 3220 833 Filius,
3257 771 3490 824 Verbum

1918 862 2011 916 Dei
2045 863 2237 923 Patris,
2267 863 2423 918 Jesus
2455 864 2706 918 Christus
2741 864 3000 916 Dominus
3047 873 3253 917 noster.
3309 863 3386 914 'l‘n
3433 878 3493 915 es

1917 955 2001 1005 cui
2031 954 2247 1006 inclinat
2283 969 2340 1007 se
2368 955 2594 1023 populus
2639 965 2760 1007 ttttts
2790 967 2842 1006 et
2867 955 3152 1006 luereditas
3184 963 3294 1013 tua,
3331 969 3492 1021 quant

1918 1045 2248 1109 acquisivisti
2277 1046 2538 1115 sanguine
2559 1055 2647 1098 tuo
2665 1046 2922 1114 pretioso.
2939 1045 3133 1112 Aspice
3161 1060 3256 1097 nos
3276 1059 3491 1105 omnes,

1920 1135 2164 1199 Domine,
2202 1136 2268 1189 de
2311 1136 2448 1190 cmlo
2483 1146 2670 1190 sancto
2714 1145 2828 1200 tuo,
2868 1142 2923 1189 et
2956 1149 3020 1189 ex
3060 1132 3365 1188 habitaculo
3397 1143 3488 1185 tuo

1916 1233 2223 1294 praeparato
2260 1241 2272 1276 :
2309 1225 2533 1279 benedic
2564 1227 2738 1280 servis
2774 1225 2900 1288 tuis,
2934 1239 3027 1293 per
3081 1237 3270 1277 omnes
3332 1222 3494 1277 bene-

1919 1318 2177 1372 dictiones
2207 1317 2512 1385 spirituales
2545 1336 2558 1371 :
2595 1317 2806 1373 custodi
2841 1332 2935 1371 eos
2973 1316 3073 1370 sub
3098 1315 3300 1384 potenti
3327 1330 3489 1368 manu

1923 1418 2012 1460 tua
2056 1425 2070 1462 :
2109 1408 2370 1462 conﬁrma
2402 1423 2496 1462 eos
2525 1408 2576 1461 in
2607 1408 2709 1460 ﬁde
2735 1417 2847 1460 tua.
2875 1406 2948 1459 Da
2990 1404 3093 1458 illis
3123 1415 3176 1457 et
3209 1401 3362 1456 nobis
3405 1417 3496 1471 pn-

1921 1500 2131 1553 r-itatem
2161 1499 2484 1560 animarum,
2522 1513 2828 1564 corporum,
2858 1497 3259 1566 spirituumque
3289 1503 3498 1549 nostro-

1921 1606 2058 1650 rum,
2086 1599 2139 1644 et
2176 1592 2411 1644 concede
2437 1591 2589 1645 nobis
2619 1593 2778 1643 linem
2802 1587 3167 1642 Christianmn
3193 1587 3282 1656 qui
3314 1601 3494 1638 corant

1922 1697 1972 1737 te
2003 1694 2255 1752 acceptus
2288 1684 2399 1736 sit:
2435 1684 2557 1752 quia
2612 1697 2832 1751 regnum
2880 1691 3050 1744 tuum,
3099 1679 3311 1734 Christe
3355 1677 3498 1731 Deus

243 1798 522 1842 momento
550 1787 766 1856 quidem
795 1796 886 1839 aut
931 1786 1077 1839 niclu
1120 1783 1280 1837 oculi.
1320 1782 1519 1836 Dediin
1559 1798 1678 1836 eam
1720 1799 1816 1847 pro
1849 1773 1888 1826 Β
1918 1784 2124 1838 noster.
2179 1775 2467 1829 sanctilale
2517 1783 2572 1828 et
2613 1773 2780 1842 gloria
2826 1771 3041 1838 plenum
3085 1780 3188 1832 est,
3215 1770 3356 1837 quod
3397 1784 3500 1822 nos

241 1878 402 1932 nobis
427 1878 492 1930 ad
520 1878 772 1942 salutem,
801 1876 1173 1932 remissionem
1203 1883 1547 1944 peccatorum
1577 1883 1631 1928 et
1650 1874 1812 1927 vitam

238 1979 499 2022 aeternam
527 1968 593 2022 iis
619 1969 709 2038 qui
740 1984 807 2023 ex
829 1970 918 2024 illo
955 1967 1453 2024 communicabunt.
1500 1967 1676 2022 Credo
1714 1969 1814 2023 hoc

237 2078 371 2116 vere
399 2062 469 2116 ita
503 2077 644 2117 esse.

315 2152 502 2205 Oratio
539 2153 833 2220 gratiarum
875 2152 1097 2206 actionis
1137 2165 1250 2222 post
1288 2155 1737 2208 Lommunionem.

313 2242 526 2296 Gratias
583 2244 794 2311 agimus
840 2245 957 2310 tibi,
996 2244 1212 2300 Christe
1251 2245 1412 2308 Deus,
1440 2245 1672 2299 Verbum
1721 2261 1814 2296 ve-

241 2347 363 2386 rum
393 2348 458 2386 ex
498 2331 803 2387 substantia
831 2349 962 2402 pura
994 2333 1170 2390 Patris
1197 2354 1209 2389 :
1253 2338 1376 2404 quia
1408 2337 1564 2391 talem
1608 2337 1660 2390 in
1696 2354 1815 2391 mo-

239 2425 370 2479 dum
397 2423 630 2478 dilexisti
663 2439 780 2489 nos,
822 2433 876 2478 et
916 2426 1180 2480 tradidisti
1227 2436 1278 2480 te
1324 2427 1494 2495 ipsum
1528 2429 1593 2479 ad
1633 2427 1818 2480 immo-

245 2516 499 2570 lationem
545 2531 642 2582 pro
698 2516 871 2570 salute
934 2526 1154 2583 nostra;
1210 2527 1264 2572 et
1298 2518 1518 2588 largitus
1555 2534 1614 2573 es
1666 2520 1819 2573 nobis

242 2607 432 2666 vitam,
451 2623 543 2675 per
564 2622 760 2676 corpus
787 2617 938 2662 tuum
965 2617 1232 2670 sanctum,
1251 2618 1304 2663 et
1322 2611 1638 2678 sanguinem
1670 2621 1815 2663 ttmm

240 2699 560 2768 pretiosum,
592 2715 819 2770 quorum
846 2701 1253 2769 participatione
1297 2718 1395 2756 nos
1439 2703 1596 2755 modo
1630 2703 1818 2769 digna-

240 2801 334 2846 tus
358 2807 434 2847 es.
466 2793 766 2862 Eapropter
784 2798 981 2863 gratias
1006 2796 1214 2863 agimus
1240 2794 1355 2860 tibi,
1376 2807 1584 2848 amator
1611 2805 1822 2849 creatu-

243 2898 322 2938 ra:
352 2893 474 2948 tuae,
504 2895 557 2939 et
585 2886 848 2941 mittimus
893 2888 984 2942 tibi
1018 2903 1230 2942 sursum
1272 2887 1516 2956 gloriam,
1562 2889 1818 2941 honorent

241 2981 301 3028 et
351 2975 744 3042 adorationem,
797 2993 920 3032 cum
968 2977 1124 3032 Patre
1179 2988 1270 3032 tuo
1316 2977 1476 3043 bono,
1511 2989 1566 3031 et
1614 2977 1817 3047 Spiri:u

243 3075 437 3121 sancto
465 3067 797 3134 viviﬁcante,
816 3070 1019 3138 tibique
1040 3071 1504 3135 consabstantiali,
1537 3081 1814 3134 llllllt',clt:.

423 3156 611 3213 Oratio
650 3161 1008 3214 inclinationis
1041 3172 1153 3230 post
1185 3161 1632 3215 Communionem.

321 3247 426 3315 Qui
449 3259 534 3305 est
567 3260 622 3305 et
656 3251 756 3306 fuit
790 3253 1095 3323 (aeternus),
1124 3253 1213 3323 qtti
1239 3255 1387 3307 venit
1431 3263 1591 3324 atque
1621 3256 1814 3307 itermu

242 3344 449 3407 veniet,
481 3343 571 3410 qui
600 3345 912 3399 incarnatus
939 3355 993 3398 et
1019 3347 1181 3398 homo
1211 3343 1383 3397 factus
1417 3353 1522 3404 est,
1566 3346 1820 3413 cruciqne

246 3435 438 3490 allixus
467 3444 551 3489 est
597 3447 817 3506 propter
857 3452 955 3492 nos
985 3455 998 3490 :
1031 3451 1220 3505 passus
1254 3446 1337 3490 est
1371 3435 1586 3504 propria
1631 3435 1821 3488 volun-

249 3535 361 3580 tate
409 3527 464 3580 in
513 3540 760 3595 corpore,
793 3541 914 3580 cum
970 3534 1116 3581 esset
1165 3527 1514 3595 impassibilis
1569 3536 1820 3597 tanquam

247 3617 415 3681 Deus,
448 3617 719 3673 involutus
745 3627 828 3672 est
870 3626 923 3672 et
957 3619 1164 3687 positus
1196 3619 1248 3671 itt
1281 3617 1552 3686 sepulcro,
1583 3620 1823 3672 surrexit

246 3723 280 3763 a
315 3708 544 3763 mortuis
571 3708 724 3762 tertia
755 3706 862 3770 die,
883 3708 1198 3762 etascendit
1231 3708 1284 3760 in
1317 3707 1540 3771 cadum,
1561 3707 1819 3777 sedetque

247 3821 411 3878 stiani
441 3821 674 3892 Egyptii
700 3838 762 3874 ex
783 3821 958 3889 fructu
985 3818 1102 3873 vitis
1127 3834 1417 3892 numqua:
1443 3829 1522 3892 est
1544 3818 1817 3874 Christus:

247 3895 345 3946 sed
369 3909 484 3960 qua:
505 3890 577 3946 ea
603 3892 740 3944 latus
765 3902 930 3954 (imm,
958 3905 1020 3944 ea;
1041 3905 1144 3959 quo
1165 3890 1316 3942 exivit
1338 3891 1550 3960 sanguis
1579 3899 1625 3942 et
1658 3906 1814 3956 aqua.

249 3958 576 4031 Theologice
611 3975 830 4028 prorsus
864 3970 916 4012 et
947 3961 1012 4012 ad
1055 3958 1369 4031 sanctorum
1413 3958 1630 4031 Patrum
1663 3975 1818 4012 tuen-

251 4042 384 4091 tem,
409 4028 674 4100 simulque
697 4032 762 4084 ad
789 4045 974 4082 eorum
999 4028 1418 4100 confutationem
1443 4029 1531 4095 qui
1551 4029 1818 4096 Cypriano

250 4109 474 4170 totaque
506 4099 746 4154 veterum
770 4100 1024 4170 Ecclesia
1060 4099 1456 4170 sapientiores,
1488 4114 1680 4170 aquam
1717 4114 1814 4170 ca-

249 4171 338 4225 lici
375 4166 691 4227 admiscere.
730 4169 995 4236 piaculum
1030 4169 1364 4221 existimant.
1401 4166 1586 4236 Itaque
1620 4169 1669 4218 in
1717 4168 1817 4222 hac

249 4241 497 4296 oratione
541 4241 746 4292 fructus
776 4241 898 4291 vitis
927 4253 1098 4300 verae,
1135 4241 1200 4291 de
1231 4238 1490 4305 sanguine
1525 4237 1728 4290 Christi
1762 4240 1814 4291 in

251 4310 423 4364 calice
447 4309 686 4363 exhibito
717 4309 1054 4376 intelligitur,
1087 4324 1189 4361 tton
1221 4311 1284 4359 de
1311 4317 1421 4358 toto
1453 4319 1814 4362 sacramento.

251 4379 416 4433 Panis
441 4380 530 4448 qui
564 4380 628 4431 de
652 4380 789 4434 ccelo
812 4379 1109 4439 descendit,
1144 4393 1236 4429 seu
1271 4377 1424 4444 panis
1447 4379 1707 4440 cozlcstis,
1735 4387 1819 4430 est

250 4464 450 4516 corpus
484 4449 714 4508 Christi,
745 4450 885 4517 quod
929 4448 1224 4516 percipitur
1267 4449 1318 4499 in
1360 4457 1732 4517 sacramento,
1768 4458 1823 4500 et

251 4522 308 4573 in
345 4515 438 4572 illo
465 4529 587 4572 est:
625 4515 829 4572 fructus
856 4519 983 4572 vitis
1016 4515 1177 4579 verae,
1213 4527 1294 4568 est
1327 4518 1542 4583 sanguis
1575 4515 1818 4579 Christi,

254 4591 308 4642 in
339 4591 527 4642 eodem
573 4599 915 4642 sacramento
961 4606 974 4641 :
1013 4589 1146 4640 adeo
1179 4597 1238 4638 ut
1287 4586 1338 4639 in
1377 4588 1526 4640 disco
1569 4588 1638 4640 sit
1669 4589 1820 4654 panis

251 4659 513 4721 caelestis,
544 4659 666 4727 quia
704 4667 760 4710 ut
803 4658 903 4726 ipsi
951 4657 1283 4727 confitentur
1309 4658 1359 4710 in
1401 4673 1466 4710 eo
1513 4667 1595 4710 est
1626 4671 1821 4723 corpus

251 4728 455 4783 Christi
486 4747 499 4780 :
533 4725 693 4796 atque
727 4725 928 4794 pariter
956 4727 1007 4779 in
1042 4727 1228 4790 calice,
1261 4725 1466 4780 fructus
1500 4727 1621 4779 vitis
1659 4742 1820 4788 verm,

253 4814 375 4868 qua:
424 4809 506 4851 est
546 4799 820 4868 Christus,
875 4800 999 4865 quia
1035 4798 1087 4848 in
1132 4812 1197 4849 eo
1222 4797 1548 4868 Acontinetnr
1597 4797 1819 4863 sanguis

250 4864 476 4924 Christi.
529 4864 964 4934 Comparationis
1008 4883 1168 4934 quam
1216 4864 1516 4920 Salinasius
1544 4869 1818 4935 excogita-

254 4941 329 4993 vit
360 4976 376 4999 ,
407 4940 460 4989 in
505 4938 612 4990 illis
644 4938 979 4990 orationibus
1014 4937 1296 5006 vestigium
1350 4937 1550 4988 nullum
1599 4949 1713 4999 est,
1766 4946 1819 4990 ct

252 5009 417 5064 ctiam
450 5008 492 5062 si
524 5007 687 5060 ullum
716 5047 729 5070 ,
767 5006 850 5060 vel
876 5006 1205 5060 levissimum
1253 5016 1433 5073 posset
1458 5007 1812 5076 deprehendi,

252 5089 308 5130 et
350 5077 734 5130 obscuritatem
787 5076 1094 5136 induceret,
1132 5076 1494 5144 explicaretur
1547 5077 1630 5128 illa
1685 5078 1816 5129 satis

253 5163 348 5216 per
370 5150 788 5215 subsequentem
815 5146 1241 5216 confessionem.
1278 5147 1329 5197 in
1360 5162 1464 5212 qua
1511 5147 1643 5199 nihil
1685 5149 1812 5212 ligu-

253 5215 371 5270 rate
400 5217 622 5279 dictum,
648 5218 740 5269 sed
763 5215 1161 5283 simplicissima
1189 5217 1308 5267 lidei
1335 5217 1624 5282 expositio,
1653 5232 1812 5283 quam

252 5287 614 5339 dissimulavit
635 5286 952 5348 Salmasius,
977 5286 1288 5352 desperans,
1316 5295 1372 5337 ut
1396 5286 1682 5338 verisimile
1712 5296 1812 5349 est,

250 5355 656 5409 Calvinisticam
714 5354 858 5408 illam
914 5369 1233 5422 quacunque
1306 5355 1600 5408 subtilitate
1660 5371 1815 5423 posse

253 5427 390 5479 Iieri.
441 5427 611 5491 Quam
663 5440 822 5493 porro
866 5425 1064 5478 rituum
1123 5424 1479 5479 Orientalium
1536 5425 1815 5493 imperitus

253 5495 538 5549 habendus
587 5495 675 5549 ille
728 5496 833 5560 sit,
863 5495 956 5564 qui
1005 5496 1304 5548 orationem
1355 5493 1633 5549 l'ractionis
1684 5495 1815 5550 dicit

253 5565 474 5618 recitari
512 5574 632 5634 post
661 5563 1090 5619 communionem
1113 5604 1129 5628 ,
1158 5563 1404 5634 judicare
1441 5567 1670 5633 quisque
1715 5581 1813 5632 po-

255 5644 396 5687 test:
435 5633 560 5687 nain
601 5645 720 5704 post
746 5650 864 5688 eam
892 5637 1190 5704 orationem
1235 5633 1429 5687 fractio
1457 5637 1552 5700 lit,
1585 5646 1641 5688 et
1685 5635 1814 5690 unio

251 5705 479 5758 duarum
513 5703 810 5776 specierum
840 5721 932 5761 seu
966 5703 1094 5772 ἁγία
1120 5703 1331 5768 Evam?
1386 5714 1495 5759 tum
1523 5704 1642 5760 alia:
1683 5719 1809 5760 ora-

1924 1880 2115 1919 omnes
2143 1866 2401 1934 consequi
2447 1880 2753 1933 speramus,
2788 1879 2886 1934 per
2917 1864 3356 1918 intercessionem
3389 1862 3496 1916 Do-

1921 1963 2081 2015 minae
2126 1963 2364 2015 onminm
2417 1971 2682 2023 nostrum,
2745 1969 2948 2014 sancta:
3029 1957 3319 2014 Genitricis
3372 1958 3495 2021 Dei,

1923 2066 2246 2119 Semperque
2282 2050 2507 2118 virginis
2555 2051 2782 2103 Marim:
2820 2060 2874 2102 et
2913 2059 3149 2117 quatuor
3198 2048 3498 2102 lucidorum

1921 2142 2219 2207 Michaelis,
2247 2141 2535 2206 Gabriclis,
2569 2140 2858 2209 Raphaelis
2891 2151 2944 2194 et
2979 2140 3204 2194 Snrielis
3239 2157 3253 2193 :
3292 2148 3344 2192 et
3368 2155 3502 2208 qua-

1923 2244 2047 2289 tuor
2069 2235 2380 2288 animalium
2410 2235 2856 2300 incorporcorunt
2896 2251 2908 2286 :
2952 2242 3006 2286 et
3037 2231 3222 2300 viginti
3261 2238 3494 2298 quatuor

1923 2329 2382 2398 presbyterorum,
2417 2325 2697 2378 cherubim
2733 2336 2787 2378 et
2828 2324 3124 2391 seraphita,
3155 2331 3208 2376 et
3248 2321 3499 2376 ordinum

1922 2419 2227 2472 caelestium
2266 2435 2278 2469 :
2310 2427 2363 2469 et
2395 2433 2490 2486 per
2523 2416 2798 2469 orationes
2828 2415 3258 2484 patriarcharum
3285 2423 3337 2465 et
3367 2427 3492 2482 pro-

1923 2511 2207 2579 phetarum
2231 2527 2244 2564 :
2267 2507 2488 2561 Joannis
2512 2507 2782 2576 Baptistae,
2813 2515 2866 2560 et
2893 2515 3111 2559 centum
3145 2505 3502 2574 quadraginta

1925 2609 2158 2669 quatuor
2184 2598 2409 2652 millium
2438 2614 2453 2662 ;
2499 2597 2838 2651 dominorum
2885 2605 3192 2649 nostrorum
3227 2592 3500 2662 apostolo-

1926 2708 2068 2755 rum,
2113 2701 2166 2744 et
2205 2691 2362 2760 primi
2418 2690 2762 2743 diaconorum
2823 2686 3124 2756 Stephani:
3167 2696 3220 2739 et
3253 2684 3314 2737 D.
3361 2684 3503 2755 regis

1931 2784 2170 2852 Georgii,
2203 2783 2366 2835 totius
2391 2782 2540 2834 chori
2581 2790 2901 2850 martyrum,
2946 2789 2997 2832 et
3028 2777 3176 2832 chori
3227 2792 3386 2830 cruce
3427 2778 3503 2829 si-

1927 2881 2232 2939 gnatorum,
2279 2870 2510 2938 piorum,
2532 2869 2828 2936 jnstorum,
2858 2867 3126 2936 virginum
3152 2865 3500 2933 prudentum,

1927 2976 1985 3018 et
2019 2978 2331 3033 puerormn.
2371 2961 2680 3015 BencdiCtio
2728 2959 2902 3030 angeli
2957 2959 3062 3013 diei
3111 2957 3311 3011 istius:
3345 2957 3506 3010 bene-

1929 3058 2094 3110 dictio
2135 3057 2424 3111 Cenitricis
2462 3055 2553 3109 Dei
2599 3064 2801 3109 sanctae
2841 3053 3022 3107 Maria:
3063 3061 3302 3121 patrona
3346 3052 3503 3107 istius

1848 3130 1894 3189 (ἶ
1923 3147 2184 3210 ecclesiae,
2231 3155 2286 3201 et
2321 3145 2480 3214 hujus
2530 3145 2632 3198 diei
2665 3159 2771 3213 quo
2811 3143 2929 3211 ejus
2973 3143 3229 3196 memoria
3259 3141 3503 3196 celebra-

1925 3248 2012 3293 tur
2041 3256 2057 3293 :
2085 3238 2492 3293 benedictiones
2523 3253 2708 3291 eorum
2744 3246 2964 3300 sanctae,
2999 3237 3206 3306 gratim,
3251 3235 3500 3293 virtutes,

1926 3330 2087 3393 dona,
2121 3329 2342 3392 auxilia,
2377 3329 2631 3395 patientia
2659 3338 2709 3381 et
2757 3327 2993 3380 charitas
3021 3341 3228 3392 eorum,
3262 3326 3370 3380 sint
3405 3342 3502 3380 no-

1928 3419 2136 3474 biscum
2178 3434 2348 3487 usque
2388 3419 2440 3472 in
2475 3418 2750 3473 saaculum.
2775 3419 2970 3473 Amen.

2242 3507 2360 3560 Alia
2400 3507 2569 3560 oratio
2611 3508 2904 3576 gratiarum
2935 3506 3184 3562 actionts.

1993 3617 2208 3674 Gratias
2243 3619 2454 3688 agimus
2487 3618 2605 3682 tibi,
2643 3618 2803 3672 Pater
2835 3628 3020 3673 noster
3045 3627 3232 3675 sancte
3255 3620 3507 3685 omnipo-

1926 3718 2064 3776 tens,
2095 3710 2276 3764 omnia
2318 3719 2606 3778 praestans,
2643 3717 2857 3762 creator
2882 3707 3148 3774 omnium,
3186 3710 3276 3778 qui
3311 3711 3508 3766 dedisti

1931 3820 2106 3875 tiones
2155 3820 2524 3874 interveniunt
2572 3837 2586 3873 :
2649 3827 2870 3887 postea,
2926 3817 3090 3873 Pater
3129 3831 3341 3874 noster:
3395 3828 3506 3876 tum

1927 3891 2102 3944 oratio
2130 3889 2484 3945 absolutionis
2510 3908 2522 3944 :
2564 3889 2667 3942 alia
2698 3890 3061 3944 inclinationis
3091 3905 3104 3941 :
3153 3889 3350 3944 Sancta
3378 3908 3508 3945 san-

1926 3961 2045 4024 ctis,
2099 3976 2218 4013 cum
2273 3962 2338 4030 τῇ
2372 3959 2503 4030 ἁγίᾳ
2555 3958 2800 4030 ὑψώσειζ
2833 3975 2925 4014 seu
2973 3959 3272 4014 elevatione
3320 3974 3506 4014 sacra-

1927 4031 2114 4094 menti,
2149 4027 2363 4082 tandein
2400 4027 2727 4082 communio.
2759 4027 2961 4082 Tamen
2998 4043 3062 4082 ex
3096 4031 3340 4083 oratione
3384 4045 3505 4098 quae

1923 4101 2172 4154 omnibus
2223 4101 2325 4153 illis
2369 4100 2745 4166 praemittitur,
2797 4101 2924 4168 quid
2981 4100 3033 4152 in
3089 4099 3506 4169 participatione

1925 4169 2278 4224 Encharistim
2321 4171 2500 4222 datum
2550 4169 2871 4222 Christianis
2923 4168 3116 4230 luerit,
3161 4168 3358 4224 docere
3402 4185 3505 4224 nos

1925 4238 2035 4292 vult
2075 4239 2402 4302 Salmasius;
2452 4253 2643 4306 nempe
2690 4255 2792 4291 non
2839 4253 2958 4307 qua:
3005 4241 3058 4292 in
3109 4239 3222 4307 ipsa
3260 4240 3504 4292 oratione

1925 4310 2324 4371 contineantur,
2372 4310 2464 4362 sed
2495 4324 2614 4377 qua:
2647 4309 2698 4361 in
2741 4309 3130 4362 absurdissinto
3170 4319 3505 4362 commenta-

1929 4380 2009 4432 rio
2046 4396 2059 4432 :
2098 4395 2256 4448 quem
2291 4377 2400 4431 sola
2443 4377 2700 4447 Liturgiae
2735 4379 3020 4444 dispositio
3065 4377 3280 4432 refellit.
3325 4377 3499 4443 Nam,

1927 4459 1982 4501 nt
2013 4452 2189 4502 omnia
2221 4448 2336 4516 ejus
2363 4458 2580 4517 peccata
2611 4463 2715 4502 uno
2746 4449 2940 4499 intuitu
2967 4457 3290 4516 appareant,
3319 4449 3497 4503 oratio

1923 4534 2085 4586 quant
2115 4519 2277 4582 citat,
2332 4534 2435 4571 non
2481 4519 2677 4570 dicitttr
2725 4529 2838 4585 post
2886 4519 3354 4582 communionem,
3405 4518 3501 4572 sed

1924 4590 2090 4641 multo
2125 4591 2292 4655 prius.
2333 4588 2601 4640 Sacerdos
2638 4603 2740 4639 non
2771 4588 3023 4655 populum
3057 4588 3369 4656 alloquitur,
3403 4589 3498 4642 sed

1927 4659 2090 4711 Deum
2119 4672 2133 4708 :
2170 4658 2301 4710 nihil
2329 4659 2458 4709 dicit
2488 4672 2673 4726 eorum
2716 4672 2835 4724 qua:
2871 4657 3167 4710 Salmasius
3196 4659 3448 4726 supponit
3480 4676 3495 4712 :

1925 4729 2134 4781 tandem
2179 4729 2352 4780 oratio
2387 4725 2723 4779 confessione
2758 4727 3079 4792 explicatur,
3115 4728 3180 4780 de
3226 4725 3332 4794 qua
3377 4742 3500 4781 ver-

1925 4798 2050 4850 bum
2083 4797 2171 4850 ille
2207 4813 2308 4850 non
2342 4797 2488 4854 fecit.
2527 4812 2627 4849 nec
2655 4798 2988 4855 Alhcrtinus,
3028 4811 3125 4849 nec
3163 4799 3274 4858 alii,
3309 4811 3499 4863 qnam-

1918 4868 2001 4921 vis
2029 4878 2265 4920 exstaret
2295 4869 2347 4919 in
2393 4868 2637 4920 versione
2675 4865 2880 4934 Latina
2905 4866 3100 4934 sa-pitts
3131 4867 3272 4918 edita
3293 4905 3308 4928 ,
3339 4876 3396 4918 ιιι
3444 4867 3496 4919 itt

1917 4936 2135 4991 Canone
2178 4936 2420 5004 generali
2469 4934 2812 5004 1Ethiopum.
2854 4933 2956 5000 Qui
2989 4933 3185 4988 credit
3240 4950 3358 5002 quae
3408 4935 3496 4989 illa

1917 5006 2260 5061 confessione
2315 5006 2679 5066 continentur,
2729 5022 2759 5057 a
2824 5006 3167 5058 Salmasiana
3225 5004 3492 5074 theologia

1921 5077 2312 5131 remotissimus
2334 5086 2416 5129 est
2443 5093 2456 5129 :
2489 5087 2543 5127 at
2569 5076 2640 5128 ita
2671 5074 2916 5142 Coptitas
2940 5075 3161 5127 credere
3186 5075 3277 5142 qui
3311 5085 3487 5142 neget,

1918 5146 2048 5199 illttd
2085 5149 2274 5200 saltem
2306 5161 2502 5215 negare
2530 5161 2638 5197 non
2669 5145 2867 5214 poterit
2894 5145 3071 5198 verbis
3097 5145 3489 5215 siguillcantio-

1920 5217 2066 5269 ribus
2096 5213 2851 5283 minusque—ambiguistidem
2889 5215 3050 5267 rcalis
3087 5213 3493 5283 transmutatio-

1919 5289 2002 5339 nis
2045 5282 2304 5353 explicari
2337 5302 2439 5338 non
2475 5282 2671 5352 poSse.
2705 5287 2840 5338 adeo
2866 5294 2925 5336 nt
2969 5283 3208 5338 Ecclesia
3247 5282 3487 5334 llomana

1917 5355 1969 5408 itt
2008 5356 2342 5425 professione
2379 5357 2496 5409 lidei
2527 5365 2643 5422 post
2668 5354 3054 5425 Tridentinum
3074 5353 3361 5425 concilium
3393 5366 3491 5418 pu-

1916 5423 2132 5490 blicata,
2161 5440 2267 5480 non
2304 5427 2474 5492 magis
2508 5426 2790 5491 perspicue
2833 5425 2899 5476 de
2931 5423 3266 5492 Eucharistia
3298 5423 3492 5491 loqua-

1917 5505 2004 5549 tur
2031 5513 2189 5561 quam
2227 5497 2326 5549 ista
2357 5491 2481 5547 ante
2513 5494 2960 5561 communionem
2979 5491 3273 5561 confessio.

1987 5556 2099 5643 gi?)
2143 5565 2332 5643 ’Ἀγιον
2358 5565 2559 5643 sititor).
2589 5561 2746 5643 σρμιξ
2774 5563 2880 5643 κίιὶ⁸
2901 5556 3040 5643 αἷμα
3078 5560 3332 5643 ﬁniitva
3387 5561 3487 5632 ἰη-

1918 5635 2010 5690 σοῦ
2044 5631 2279 5708 Χριστὸῦ
2307 5635 2400 5688 τοῦ
2419 5631 2561 5688 ’Υἱοῢ
2585 5633 2678 5686 τοῦ
2703 5632 2838 5686 Θεοῦ
2859 5631 3036 5702 ἡμῶν.
3078 5631 3276 5702 Ἀμήν.
