3898 6222
418 277 524 332 699
1371 267 1699 326 LITUBGIA
1739 266 1798 322 S.
1838 262 2035 320 GREGt

2116 265 2169 319 ιιι
2209 261 2716 318 ΑιΕΧΑΝωιιΝΑ.
3549 264 3661 317 7ου

419 395 576 452 nobis
596 393 740 448 hunc
762 390 939 446 cibum
969 398 1236 454 sanctum,
1270 387 1647 452 immortalem,
1668 386 1986 454 mysticum;
2018 389 2064 444 Α
2094 381 2146 434 in
2179 381 2352 443 nobis,
2386 387 2444 430 ut
2482 393 2586 430 non
2620 377 2690 430 sit
2723 373 2873 429 nobis
2906 374 2971 428 ad
2999 372 3520 442 condemnationem,
3555 378 3660 432 sed

421 487 511 556 qui
551 484 810 553 aperuisti
843 481 994 536 nobis
1021 482 1162 535 viam
1200 479 1342 541 vitae,
1377 478 1467 546 qui
1505 476 1791 531 Ostendisti
1834 475 1990 528 nobis
2096 472 2166 525 sit
2202 472 2436 539 requies,
2470 469 2660 538 gloria,
2696 466 2984 536 acquisitio
3007 466 3150 529 vitae,
3179 465 3515 556 conﬁrmatio
3535 467 3661 519 ani-

422 555 670 630 semitam
698 587 804 642 qua
833 573 1250 626 ascenderemus
1279 567 1346 621 ad
1373 567 1592 630 cmlum,
1627 567 1717 635 qui
1766 564 1987 635 largitus
2085 577 2183 617 ma:
2202 571 2254 615 et
2273 562 2478 629 puritas
2501 560 2735 628 corpori,
2760 569 2818 612 ut
2847 557 3085 610 vivamus
3107 556 3159 609 in
3183 565 3255 621 te,
3278 565 3332 610 et
3361 555 3663 624 adimplea-

423 682 484 721 es
514 666 683 721 servis
727 665 830 718 tuis
864 661 1256 716 multitudinem
1299 661 1560 714 bonorum
1592 677 1605 712 :
1651 668 1730 721 tu,
1765 656 1988 710 Domine
2093 667 2214 707 mus
2231 651 2496 720 justitiam
2527 651 2670 704 omni
2707 661 2945 718 tempore
2972 666 2986 700 :
3012 657 3071 700 ut
3099 647 3426 718 gloriﬁcetur
3462 663 3661 701 nomen

425 759 565 814 bone
615 767 821 812 amator
857 755 1154 819 hominum,
1191 767 1450 808 conserva
1496 749 1723 821 gratiam
1755 749 1881 802 doni
1912 749 1988 802 tui
2095 759 2243 804 tuum
2299 749 2350 802 in
2399 747 2573 810 nobis,
2613 754 2666 800 et
2711 744 2804 799 tibi
2849 744 3074 798 debetur
3103 743 3292 806 honor,
3326 741 3517 812 gloria,
3548 751 3662 795 etc.

459 911 3668 961 W

937 1050 1710 1184 LlTURGIA
1770 1049 2335 1180 SANCTI
2396 1048 3151 1179 GREGORII

1676 1260 2426 1342 ALEXANDBINA.

1251 1389 1550 1455 (Renaonor,
1577 1388 1809 1458 Lilurgia:
1833 1389 2040 1450 Orient.,
2064 1393 2146 1444 ed.
2173 1393 2222 1454 2,
2245 1392 2470 1443 Fraucof.
2497 1391 2635 1453 ιειτ,
2665 1404 2714 1452 p.
2741 1389 2842 1454 85.)

505 1557 827 1634 Hane__cum
860 1558 1122 1613 Basiliana
1164 1573 1514 1634 reprmsentat
1567 1565 1732 1620 codex
1786 1565 1984 1634 Regius
2034 1561 2510 1634 Graeco-Arapicus
2544 1580 2558 1616 :
2594 1562 2660 1616 de
2695 1577 2866 1634 eaque
2916 1562 3054 1617 idem
3101 1561 3382 1634 dicendum
3406 1568 3494 1634 est
3522 1557 3673 1634 quod

434 1628 807 1702 deBasiliana
845 1645 1138 1702 {magnam
1193 1631 1402 1702 scilicet
1457 1649 1580 1688 esse
1634 1634 1776 1689 illius
1815 1628 1933 1689 cum
1974 1635 2196 1702 Coptica
2254 1632 2704 1702 conformitalem,
2761 1628 2893 1686 adeo
2949 1640 3007 1686 ut
3041 1647 3144 1702 una
3188 1641 3241 1685 et
3269 1632 3456 1685 eadem
3483 1628 3672 1702 haberi

433 1699 620 1776 debeat
657 1715 670 1752 :
700 1714 820 1752 cum
853 1699 1134 1752 diversitas
1161 1699 1228 1753 sit
1261 1701 1310 1753 in
1345 1702 1448 1754 illis
1477 1703 1606 1757 solis
1660 1706 2011 1776 orationibus,
2055 1699 2177 1768 quae
2223 1701 2292 1776 ad
2318 1703 2870 1776 _sacrarn-Actionem_
2933 1716 3028 1756 seu
3061 1700 3406 1770 Anapboram
3454 1699 3678 1770 proprie

435 1771 630 1822 dictam
668 1784 772 1822 non
797 1777 1038 1838 spectant
1065 1785 1079 1822 :
1112 1779 1170 1823 ut
1197 1779 1322 1824 sunt
1359 1775 1778 1842 prmparatorim,
1810 1775 2107 1844 gratiarum
2133 1772 2363 1826 actionis
2419 1784 2474 1826 et
2507 1771 2626 1825 aliae
2653 1771 2941 1826 nonnullae.

434 1946 708 2002 DIVINA
745 1945 1384 2038 LITURGIfnSJlnIY‘LEI'
1425 1949 1690 2009 PATRIS
1723 1953 1996 2012 NOSTRI
2032 1985 2035 2038 ς

2164 1959 2219 2010 ιι
2274 1955 2449 2038 θειε
2468 2026 2481 2038 .
2501 1951 2954 2038 amorem
2975 1951 3336 2038 ηζειιῖηξλι
3350 1950 3624 2038 ένίους

1032 2017 1405 2076 GREGORH.

510 2172 610 2238 Qui
642 2173 868 2227 visitasti
898 2187 996 2226 nos
1025 2173 1076 2226 in
1110 2173 1484 2232 misericordia
1521 2187 1576 2234 et
1625 2179 1998 2237 miserationi-

435 2260 539 2314 bus
569 2259 703 2330 (l8),
739 2260 1056 2316 Dominator
1087 2262 1313 2318 Domine
1349 2264 1476 2321 Jesu
1510 2267 1746 2337 Christe,
1778 2280 1833 2326 et
1871 2288 2003 2328 con-

437 2352 646 2406 cessisti
700 2352 951 2408 ﬁduciam
1011 2356 1166 2409 nobis
1225 2357 1493 2428 abiectis,
1547 2364 1921 2432 peccatoribus
1950 2375 2007 2421 et

439 2441 670 2510 indignis
726 2445 898 2498 servis
925 2444 1070 2510 tuis,
1123 2448 1332 2502 astandi
1378 2462 1566 2507 sancto
1599 2452 1756 2508 altari
1805 2464 1917 2522 tuo,
1949 2466 2007 2511 et

437 2529 695 2586 oﬁ‘erendi
721 2533 816 2588 tibi
852 2535 1147 2590 timendum
1180 2548 1234 2591 et
1263 2541 1604 2594 incruentum
1655 2543 2005 2612 sacriﬁcium,

437 2637 539 2694 pro
562 2625 794 2691 peccatis
815 2626 1016 2680 nostris
1045 2635 1097 2680 et
1127 2629 1306 2697 papuli
1335 2630 1410 2684 tui
1448 2631 1772 2701 ignorantiis
1799 2651 1814 2687 :
1843 2646 1900 2689 ut
1935 2636 2008 2691 sit

438 2713 507 2766 ad
540 2713 914 2770 remissionem
937 2726 993 2772 et
1018 2719 1258 2787 requiem
1287 2735 1471 2774 eorum
1521 2723 1612 2791 qui
1642 2725 1849 2794 pridem
1882 2730 2008 2781 dor-

439 2803 698 2868 mierunt,
724 2814 937 2874 patrum
962 2815 1018 2861 et
1045 2806 1274 2862 fratrum
1299 2819 1633 2879 nostrorum,
1682 2825 1737 2870 et
1783 2817 1850 2870 ad
1878 2834 2009 2874 con-

441 2892 800 2951 ﬁrmationem
855 2895 1033 2951 omnis
1086 2898 1266 2968 populi
1329 2900 1425 2954 tui.
1477 2900 1706 2972 Respice
1732 2919 1895 2974 super
1920 2923 2007 2964 me

440 2985 684 3039 inutilem
715 3001 933 3041 servum
971 2999 1144 3056 tuum,
1181 3001 1236 3045 et
1269 2992 1390 3047 dele
1436 2993 1671 3052 offensas
1721 3014 1885 3064 meas,
1914 3015 2010 3068 per

445 3076 832 3147 benignitatem
864 3090 1004 3133 tuam
1031 3098 1045 3134 :
1077 3091 1132 3135 et
1160 3084 1358 3138 munda
1394 3085 1535 3140 labia
1583 3104 1698 3143 mea
1729 3099 1782 3144 et
1813 3107 1909 3146 cor
1939 3095 2008 3149 ab

439 3168 585 3222 onmi
624 3169 782 3223 sorde
806 3170 990 3225 carnis
1017 3179 1072 3226 et
1101 3171 1352 3240 spiritus;
1385 3191 1602 3231 remove
1627 3193 1840 3247 quoque
1867 3196 1894 3234 a
1924 3197 2009 3237 me

440 3274 656 3314 onmem
690 3261 1065 3329 cogitationem
1101 3271 1310 3332 turpem
1340 3274 1394 3318 et
1416 3265 1831 3339 imprudentem,
1854 3272 2009 3327 etfac

442 3367 530 3405 me
560 3353 920 3422 dignum,per
976 3354 1228 3409 virtutem
1261 3358 1434 3411 sancti
1484 3360 1560 3414 tui
1610 3359 1869 3431 Spiritus,
1911 3365 2010 3420 hoc

443 3444 771 3500 ministerio.
815 3445 1040 3516 Suscipe
1072 3446 1238 3502 etiam
1266 3464 1350 3504 me
1389 3465 1485 3520 per
1515 3452 1809 3509 bonitatem
1841 3465 2010 3524 tuam,

442 3536 571 3591 dum
595 3539 792 3592 accedo
822 3541 889 3594 ad
915 3539 1084 3592 altare
1108 3550 1356 3596 sanctum
1386 3553 1562 3610 tuum,
1595 3555 1651 3601 et
1679 3546 1902 3616 dignare
1953 3559 2014 3604 ut

446 3640 668 3701 accepta
701 3632 834 3687 ﬁant
861 3636 1000 3688 dona
1033 3650 1152 3704 quae
1183 3636 1276 3690 tibi
1296 3651 1419 3691 mox
1447 3637 1724 3693 oﬁ‘erenda
1755 3650 1900 3706 sunt,
1919 3656 2013 3710 per

446 3737 640 3776 manus
672 3734 906 3788 nostras,
939 3727 1274 3795 compatiens
1317 3727 1724 3784 inﬁrmitatibus
1775 3731 2010 3786 nostris:

446 3829 502 3872 ct
527 3832 596 3870 ne
618 3817 833 3886 rejicias
861 3834 946 3874 me
975 3835 1004 3873 a
1040 3819 1174 3874 l‘acie
1204 3829 1314 3887 tua,
1368 3836 1545 3890 neque
1581 3821 1911 3877 abomineris
1932 3823 2014 3877 in-

448 3907 760 3977 dignitatem
787 3924 961 3963 meam
988 3928 1000 3963 :
1032 3925 1217 3964 verum
1269 3910 1528 3965 miserere
1569 3912 1697 3977 mei,
1733 3913 1893 3978 Deus,
1929 3928 2016 3968 se-

448 3999 680 4051 cundum
723 4013 967 4069 magnam
987 3999 1410 4054 misericordiam
1436 4009 1601 4067 tuam,
1631 4010 1685 4056 et
1719 4004 2013 4057 secundum

450 4089 848 4146 multitudinem
889 4091 1299 4147 miserationnm
1346 4103 1584 4161 tuarum,
1624 4095 2017 4164 deleiniquita-

451 4193 556 4236 tem
592 4199 804 4238 meam:
842 4195 956 4238 uta
1001 4186 1349 4240 damnatione
1393 4187 1646 4242 immunis
1678 4229 1694 4255 ,
1753 4189 2016 4244 accedens

449 4289 630 4328 coram
660 4274 827 4344 gloria
866 4275 1184 4346 tua,dignus
1206 4274 1406 4330 elﬁciar
1453 4276 1788 4344 protectione
1813 4288 1920 4342 tua,
1960 4283 2016 4330 et

450 4364 842 4421 illuminatione
871 4368 1044 4420 sancti
1094 4367 1168 4422 tui
1220 4367 1498 4436 Spiritus:
1537 4383 1711 4438 neque
1743 4377 1800 4422 ut
1827 4383 2016 4424 servus

450 4457 658 4526 peccati
692 4458 952 4526 reprobus
972 4457 1208 4512 eﬁiciar:
1253 4459 1347 4513 sed
1384 4468 1444 4513 ut
1469 4474 1658 4514 servus
1688 4459 1780 4529 qui
1816 4461 2016 4514 invenit

450 4549 708 4618 gratiam,
735 4549 1162 4604 misericordiam
1180 4561 1234 4604 et
1249 4551 1620 4605 remissionem
1645 4559 2012 4620 peccatdrum,

2397 2024 2495 2074 HA
2508 2023 2686 2073 ΤΡΟΣ
2723 2022 2929 2074 ΗΜΩΝ
2963 2021 3162 2074 ΓΡΗΓ
3168 2022 3289 2074 ΟΡΙ
3296 2022 3337 2071 0
3350 2022 3406 2072 Υ.

2189 2181 2247 2233 '0
2288 2177 2725 2247 ἐπισκεψάμενος
2765 2178 2913 2247 ἡμᾶς
2956 2177 3014 2230 ἐν
3047 2177 3184 2230 ἐλέει
3227 2177 3321 2230 καὶ
3352 2178 3679 2247 οἰκτιρμοῖς,

2104 2273 2349 2326 Δέσποτα
2398 2269 2576 2340 Κύριε
2665 2269 2840 2338 Ἰησοῦ
2889 2270 3112 2340 Χριστὲ,
3163 2268 3260 2322 καὶ
3314 2269 3683 2338 χαρισάμενος

2105 2365 2236 2436 ἡμῖν
2279 2360 2610 2432 παρρησίαν,
2663 2362 2774 2422 τοῖς
2825 2363 3097 2423 ταπεινοῖς
3153 2361 3248 2412 καὶ
3300 2358 3682 2429 ἁμαρτωλοῖς,

2106 2453 2200 2506 καὶ
2241 2449 2479 2514 ἀναξίοις
2513 2448 2721 2511 δούλοις
2747 2465 2863 2512 σου,
2907 2449 3254 2520 παραστῆναι
3298 2449 3376 2518 τῷ
3409 2449 3550 2518 ἁγίῳ
3584 2466 3683 2502 σου

2107 2541 2496 2612 θυσιαστηρίῳ,
2532 2541 2625 2592 καὶ
2659 2539 2988 2612 προσφέρειν
3031 2557 3114 2593 σοι
3162 2539 3258 2610 τὴν
3295 2540 3534 2612 φοϐερὰν
3579 2540 3677 2593 καὶ

2106 2635 2441 2705 ἀναίμακτον
2473 2632 2684 2696 θυσίαν,
2727 2631 2865 2703 ὑπὲρ
2892 2632 3002 2685 τῶν
3036 2632 3321 2703 ἡμετέρων
3354 2631 3686 2704 ἁμαρτημά-

2105 2743 2233 2788 των,
2277 2724 2508 2777 καὶτῶν
2541 2722 2634 2776 τοῦ
2663 2721 2790 2775 λαοῦ
2827 2739 2919 2774 σου
2959 2722 3342 2793 ἀγνοημάτων,
3381 2723 3462 2785 εἰς
3501 2723 3688 2776 ἄνεσιν

2107 2817 2200 2870 καὶ
2230 2815 2536 2869 ἀνάπαυσιν
2576 2813 2685 2866 τῶν
2715 2812 3196 2884 προκοιμηθέντων
3227 2812 3482 2884 πατέρων
3523 2811 3687 2883 ἡμῶν

2109 2909 2207 2962 καὶ
2243 2906 2510 2975 ἀδελφῶν,
2539 2907 2634 2958 καὶ⁴
2681 2905 2984 2977 στηριγμὸν
3017 2905 3217 2969 παντὸς
3260 2903 3356 2957 τοῦ
3406 2903 3534 2958 λαοῦ
3565 2921 3685 2957 σου.

2123 2997 2441 3066 Ἐπίὸλεψον
2493 2998 2574 3059 εἰς
2627 2996 2730 3066 ἐμὲ
2777 2993 2869 3047 τὸν
2924 2996 3141 3066 ἀχρεῖον
3196 2994 3384 3048 δοῦλόν
3437 3012 3554 3058 σου,
3591 2995 3691 3047 καὶ

2109 3088 2386 3158 ἐξάλειψόν
2434 3105 2534 3158 μου
2572 3087 2642 3138 τὰ.
2689 3085 3134 3158 παραπτώματα,
3182 3085 3270 3138 διὰ
3315 3085 3416 3156 τὴν
3464 3085 3564 3156 σὴν
3601 3086 3694 3138 εὑ-

2110 3180 2477 3250 σπλαγχνίαν·
2533 3177 2629 3230 καὶ
2681 3176 2974 3247 καθάρισόν
3013 3193 3113 3246 μου
3158 3175 3227 3229 τὰ
3259 3175 3413 3246 χείλη
3446 3177 3540 3228 καὶ
3591 3178 3694 3245 τὴν

2110 3269 2331 3340 καρδίαν
2365 3267 2470 3319 ἀπὸ
2509 3265 2708 3328 παντὸς
2738 3261 3015 3336 μολυσμοῦ
3055 3265 3256 3334 σαρκός
3285 3282 3346 3316 τε
3389 3265 3485 3318 καὶ⁸
3519 3264 3690 3317 πνεύ-

2115 3377 2312 3433 ματος·
2361 3359 2458 3412 καὶ¹
2502 3357 2810 3427 ἀπόστησον
2857 3357 2952 3409 ἀπ’
3014 3355 3149 3426 ἐμοῦ
3200 3356 3376 3410 πάντα
3430 3356 3695 3426 λογισμὸν

2111 3452 2332 3524 αἰσχρόν
2364 3468 2423 3503 τε
2453 3451 2547 3503 καὶ
2586 3448 2874 3502 ἀσύνετον’
2917 3447 3012 3500 καὶ
3064 3447 3288 3516 ἁγίασόν
3332 3464 3400 3518 με
3438 3450 3506 3519 τῇ
3536 3447 3693 3502 δυνά-

2115 3562 2206 3616 μει
2237 3542 2330 3597 τοῦ
2360 3543 2515 3612 ἁγίου
2569 3559 2661 3595 σου
2718 3541 3035 3612 Πνεῦματος
3083 3542 3162 3605 είς
3200 3541 3298 3613 τὴν
3350 3542 3696 3613 λειτουργίαν

2111 3635 2336 3706 ταύτην,
2363 3635 2460 3687 καὶ
2501 3633 2788 3704 πρόσδεξαί
2823 3651 2890 3704 με
2939 3632 3028 3685 διὰ
3079 3632 3177 3703 τὴν
3229 3634 3328 3704 σὴν
3358 3634 3695 3704 ἀγαθότητα,

2114 3725 2543 3799 προσεγγίζοντα
2575 3724 2652 3795 τῷ
2689 3724 2832 3795 ἁγίῳ
2882 3741 2975 3776 σου
3029 3722 3428 3794 θυσιαστηρίῳ·
3468 3725 3562 3777 καὶ
3606 3725 3697 3777 εὐ-

2112 3818 2359 3889 δόκησον,
2396 3817 2592 3887 Κύριε,
2634 3814 2800 3868 δεκτά
2832 3814 3181 3882 γενέσθαιτά
3217 3813 3476 3884 μέλλοντα
3526 3832 3697 3886 προσ-

2113 3909 2358 3980 αγόμενά
2394 3926 2475 3962 σοι
2502 3907 2669 3980 δῶρα,
2689 3907 2775 3960 διὰ
2801 3907 2908 3960 τῶν
2936 3907 3219 3979 ἡμετέρων
3250 3907 3470 3978 χειρῶν,
3496 3923 3699 3975 συγκα-

2112 4001 2385 4056 ταϐαίνων
2416 4001 2534 4063 ταῖς
2562 4001 2721 4069 ἐμαῖς
2755 3997 3090 4062 ἀσθενείαις·
3136 3999 3232 4051 καὶ
3275 3998 3348 4070 μὴ
3381 3999 3696 4070 ἀπορῥιψῃς

2119 4110 2184 4162 με
2238 4091 2346 4145 ἀπὸ
2385 4090 2479 4143 τοῦ
2531 4088 2820 4161 προσώπου
2876 4103 3002 4141 σου·
3041 4099 3116 4160 μη
3155 4085 3412 4159 βδελύξῃς
3458 4104 3548 4158 με,
3595 4089 3696 4159 τὴν

2115 4185 2252 4254 ἐμὴν
2281 4181 2627 4253 ἀναξιὸτητα,
2657 4181 2774 4234 ἀλλ’
2803 4180 3022 4252 ἐλέησόν
3055 4199 3143 4252 με,
3187 4183 3216 4234 ὁ
3245 4181 3375 4244 Θεὸς
3393 4220 3406 4245 ,
3449 4181 3592 4235 κατά
3633 4181 3695 4235 τὸ

2119 4276 2261 4346 μέγα
2289 4275 2435 4338 ἔλεός
2467 4291 2584 4338 σου,
2612 4274 2706 4327 καὶ
2739 4271 2882 4326 κατά
2911 4272 2973 4324 τὸ
3005 4272 3209 4342 πλῆθος
3245 4271 3354 4325 τῶν
3393 4272 3694 4342 οἰκτιρμῶν

2117 4384 2209 4418 σου
2257 4365 2534 4433 ἐξάλειψον
2576 4366 2639 4418 τὸ
2687 4365 2947 4436 ἀνόμημά
3006 4381 3128 4432 μου,
3174 4364 3260 4417 ἵνα
3311 4364 3693 4434 ἁκατακρίτως

2116 4455 2425 4528 προσελθὼν
2479 4455 2812 4510 κατενώπιον
2847 4457 2944 4527 τῆς
2995 4455 3153 4527 δόξης
3209 4471 3324 4519 σου,
3370 4454 3694 4518 καταξιωθῶ

2115 4550 2213 4619 τῆς
2261 4547 2467 4617 σκέπης
2515 4563 2627 4610 σου,
2671 4547 2765 4600 καὶ
2803 4550 2900 4618 τῆς
2943 4547 3263 4617 ἐλλάμψεως
3299 4546 3392 4599 τοῦ
3424 4548 3692 4614 παναγίου

451 4650 507 4694 et
537 4647 752 4694 nuncet
783 4639 836 4692 in
892 4639 1074 4693 futuro
1124 4640 1340 4695 saeculo.
1381 4640 1459 4694 Ita
1501 4641 1816 4694 Dominator
1841 4642 2015 4695 omni-

2118 4655 2210 4691 σου
2254 4639 2602 4708 Πνεύματος·
2645 4638 2740 4692 καὶ
2791 4639 2864 4709 μὴ
2911 4639 2986 4702 ὡς
3028 4638 3212 4702 δοῦλος
3245 4639 3522 4708 ἁμαρτίας
3561 4640 3693 4691 ἀπο-

453 4719 671 4801 ροιοίιε,
708 4730 935 4784 Domine
977 4730 1072 4799 qui
1101 4740 1253 4799 potes
1302 4732 1504 4795 omnia,
1530 4732 1724 4785 exaudi
1754 4732 2015 4799 depreca-

453 4823 655 4877 tionem
690 4837 887 4876 meam.
933 4820 1013 4875 Tu
1065 4823 1208 4876 enim
1241 4836 1299 4876 es
1342 4821 1434 4890 qui
1470 4822 1650 4876 omnia
1691 4823 1933 4890 operaris
1959 4822 2014 4876 in

451 4916 745 4971 omnibus:
773 4928 1123 4982 omnesquea
1182 4922 1233 4967 te
1269 4923 1420 4966 tuum
1479 4913 1533 4966 in
1575 4913 1828 4968 omnibus
1861 4913 2016 4966 auxi-

453 5008 582 5061 limn
613 5007 958 5075 requirimus,
1023 5013 1076 5059 et
1109 5004 1477 5058 defensionem
1504 5045 1520 5070 ,
1570 5005 1696 5074 quia
1752 5003 2018 5072 benignus

453 5113 514 5152 es
542 5113 670 5166 erga
701 5096 944 5150 homines
977 5105 1032 5148 et
1062 5094 1415 5164 glorilicatus,
1471 5091 1597 5147 Jesu
1643 5093 1782 5147 Deus
1808 5103 2015 5158 noster,

455 5203 577 5243 cum
611 5189 770 5242 Patre
798 5196 888 5240 tuo
925 5186 1062 5239 initii
1091 5197 1332 5254 experte.
1358 5193 1411 5239 et
1439 5193 1627 5241 sancto
1664 5195 1752 5238 tuo
1791 5185 2016 5253 Spiritu,

454 5297 600 5337 nunc
628 5294 683 5334 et
707 5294 943 5347 semper.

2122 4729 2340 4799 δόκιμος
2387 4719 2660 4799 γένωμαι,
2684 4728 2798 4782 ἀλλ’
2823 4729 2899 4794 ὡς
2952 4729 3168 4795 δοῦλος,
3218 4729 3276 4792 ὃς
3324 4728 3502 4800 εὕρω*
3534 4730 3691 4801 χάριν

2124 4822 2217 4872 καὶ
2268 4819 2414 4884 ἕλεος
2446 4821 2542 4874 καὶ
2573 4821 2763 4890 ἄφεσιν
2797 4821 3099 4892 ἁμαρτιῶν,
3144 4823 3201 4874 ἐν
3232 4820 3311 4891 τῷ
3363 4820 3459 4874 νῦν
3508 4821 3601 4874 καὶ
3637 4823 3689 4874 ἐν

2121 4911 2199 4981 τῷ
2235 4911 2476 4981 μέλλοντι
2501 4912 2676 4966 αἰῶνι.
2705 4913 2833 4974 Ναὶ,
2858 4913 3099 4967 Δέσποτα
3126 4912 3520 4983 παντοκράτορ,
3553 4928 3689 4966 παν-

2121 5002 2384 5072 τοδύναμε
2424 5004 2617 5075 Κύριε,
2663 5005 2964 5059 ἐπάκουσον
3007 5004 3108 5074 τῆς
3160 5003 3396 5074 δεήσεώς
3451 5021 3573 5074 μου.
3619 5003 3686 5054 Σὺ

2122 5093 2230 5164 γὰρ
2256 5089 2303 5146 εἷ
2329 5097 2357 5146 ὁ
2395 5093 2464 5147 τὰ
2496 5096 2672 5148 πάντα
2717 5094 2952 5165 ἐνεργῶν
2983 5096 3038 5148 ἐν
3077 5096 3208 5148 πᾶσι
3235 5112 3247 5124 ·
3284 5095 3378 5148 καὶ
3409 5096 3508 5165 τὴν
3542 5092 3688 5164 παρά

2127 5184 2219 5236 σοῦ
2279 5185 2478 5248 πάντες
2546 5184 2914 5255 ἐπιζητοῦμεν
2975 5185 3068 5236 ἐπὶ
3129 5187 3262 5238 πᾶσι
3328 5184 3576 5254 βοήθειάν
3635 5200 3688 5236 τε

2127 5277 2219 5328 καὶ
2263 5275 2574 5347 ἀντίληψιν·
2607 5279 2688 5329 ὅτι
2744 5275 3123 5348 φιλάνθρωπος
3153 5272 3222 5339 εἷ,
3259 5279 3351 5329 καὶ
3382 5275 3690 5346 δεδοξασμέ-

453 5397 544 5442 νος
589 5379 881 5448 ὑπάρχεις,
919 5375 1094 5446 Ἰησοῦ
1133 5378 1159 5428 ὁ
1193 5375 1323 5437 Θεὸς
1384 5372 1563 5444 ἡμῶν,
1601 5374 1694 5426 σὺν
1763 5371 1839 5441 τῷ
1877 5372 2095 5441 ἀνάρχῳ
2137 5389 2228 5424 σου
2276 5373 2483 5443 Πατρὶ,
2527 5373 2622 5426 καὶ
2669 5371 2746 5440 τῷ
2799 5372 2936 5441 ἁγίῳ
2989 5388 3080 5423 σου
3126 5371 3420 5441 Πνεῦματι,
3472 5371 3567 5424 νῦν
3603 5369 3689 5424 καὶ

453 5475 562 5533 ἀεί.

529 5637 642 5708 (18)
673 5637 796 5692 Haec
822 5637 993 5708 oratio
1024 5653 1128 5692 non
1162 5637 1354 5704 legitur
1393 5636 1453 5708 in
1475 5636 1718 5708 (ΣοβιίεῑξιΔ
1754 5637 2025 5708 exempla-

459 5704 632 5777 ribus,
663 5723 838 5779 ncque
867 5709 919 5764 in
943 5706 1397 5766 Gl'iBCO'ANDlCO
1422 5707 1631 5760 titulum
1651 5704 1812 5760 ullum
1833 5707 2019 5760 habet:

2123 5628 2355 5684 occurrit
2376 5627 2620 5678 antemin
2654 5623 2892 5692 Liturgia
2923 5620 3312 5685 sanctiJacobi,
3342 5619 3485 5678 unde
3508 5629 3685 5676 notam

2130 5700 2274 5754 illaut
2318 5707 2426 5753 toto
2462 5696 2683 5751 Oriente
2714 5692 2881 5750 fuisse
2916 5692 3254 5749 manifestum
3286 5703 3390 5747 est.
