3898 6222
195 299 305 360 70l

917 496 1076 562 ρίου.

273 581 520 638 Δέσποτα
553 584 726 657 Κύριε
765 587 940 657 Ἰησοῦ
969 587 1188 659 Χριστὲ,
1223 591 1251 643 6
1273 591 1406 654 Θεὸς
1441 592 1617 663 ἡμῶν,
1648 595 1677 647 6
1704 592 1792 648 διὰ

197 675 301 746 τῆς
334 675 710 747 σωτηριὼδους
743 679 1045 750 παρουσίας
1082 698 1174 734 σου
1215 683 1308 736 καὶ
1339 687 1438 755 τῆς
1469 685 1791 756 ὲλλάμψεως

199 765 296 820 τοῦ
337 768 606 836 παναγίου
635 785 727 822 σου
755 770 1074 841 Πνεύματος
1101 773 1445 838 καταξιώσας
1486 779 1633 847 ἡμᾶς
1664 779 1790 842 τοὺς

197 861 493 923 ταπεινοὺς
525 860 620 912 καί
648 863 1010 934 ἁμαρτωλοὺς
1037 865 1133 918 καὶ
1158 866 1414 932 ἀναξίους
1443 868 1664 933 δούλους
1695 887 1788 923 σου

200 951 550 1023 παραστῆναι
583 953 662 1023 τῷ
714 954 855 1024 ἁγίῳ
893 971 988 1007 σου
1038 957 1430 1029 θυσιαστηρίῳ,
1476 959 1570 1012 καὶ
1613 976 1787 1031 προσ-

199 1042 390 1112 φέρειν
429 1043 525 1096 ita).
576 1043 936 1116 λειτουργεῖν,
986 1049 1100 1108 τοῖς
1148 1048 1438 1118 ἀχράντοις
1470 1050 1788 1122 μυστηρίοις

197 1135 302 1206 τῆς
345 1135 540 1204 καινῆς
566 1152 662 1188 σου
697 1136 982 1208 διαθήκης.
1008 1139 1182 1203 Αὐτὸς
1212 1139 1462 1206 ζωοποιὲ,
1510 1141 1604 1194 καὶ
1653 1143 1790 1209 ἁγα-

201 1225 312 1280 θῶν
349 1227 576 1299 χορηγὲ,
605 1228 829 1300 ποίησον
862 1229 981 1300 μεθ’
1014 1232 1047 1303 ή
1058 1231 1174 1302 μῶν
1203 1235 1427 1302 σημεῖον
1456 1236 1536 1297 εἰς
1561 1233 1784 1301 ἀγαθὸν,

199 1319 291 1373 καὶ
327 1318 559 1383 ἀξίωσον
604 1322 752 1390 ἡμᾶς
794 1323 851 1374 ὲν
905 1322 1135 1394 καθαρῷ
1194 1324 1456 1377 συνειδότι
1493 1324 1786 1396 λατρεῦσαι

198 1423 283 1460 σοι
347 1407 528 1471 πάσας
586 1407 683 1472 τὰς
731 1408 946 1482 ἡμέρας
999 1410 1100 1480 τῆς
1149 1409 1297 1482 ζωῆς
1351 1411 1528 1482 ἡμῶν,
1585 1412 1680 1466 καὶ
1728 1413 1787 1465 ὲν

197 1498 458 1569 ἁγιασμῷ
514 1498 718 1570 ταύτην
761 1518 842 1553 σοι
887 1501 986 1572 τὴν
1036 1501 1187 1555 θείαν
1238 1503 1630 1574 προσενέγκειν
1673 1502 1784 1556 λει-

193 1591 480 1661 τουργίαν,
528 1595 609 1656 εἰς
657 1592 850 1660 ἄφεσιν
896 1594 1201 1665 ἁμαρτιῶν,
1235 1597 1330 1648 καὶ
1376 1597 1456 1660 εἰς
1487 1595 1786 1649 ἀπόλαυσιν

195 1681 296 1751 τῆς
335 1681 634 1754 μελλούσης
672 1683 1093 1755 μακαριότητος.
1130 1680 1436 1756 Μνήσθητι,
1471 1685 1661 1754 ἀγαθὲ,
1696 1685 1785 1737 εύ-

1176 309 1504 367 LITURGIA
1545 311 1603 366 S.
1641 311 1972 369 GREGORII
2003 313 2525 372 ALEXANDRINA.

198 419 375 490 Εὺχὴ
398 420 551 490 μετὰ
580 421 696 490 τὴν
729 422 1082 498 ἐτοιμαοῇίαν
1107 428 1212 482 τοῦ
1253 429 1425 498 ἁγίου
1462 431 1789 497 θυσιαστη-
1817 434 1867 490 Α

3369 325 3474 382 702

2061 429 2246 484 Oratio
2275 441 2386 499 post
2419 433 2860 501 prazparatiauem
2896 434 3066 486 sancti
3091 433 3300 489 altaris.

1965 583 2289 641 Dominator
2318 585 2548 642 Domine
2569 584 2698 641 Jesu
2731 587 2952 644 Christe
2985 591 3127 646 Deus
3156 600 3363 656 noster,
3381 593 3472 661 qui

1893 690 1990 745 per
2049 676 2341 732 salutarem
2393 679 2683 733 adventum
2717 688 2866 734 tuum
2919 691 2974 736 et
3025 683 3471 741 illuminationem

1893 768 2228 824 sanctissimi
2261 768 2500 838 Spiritus
2526 772 2600 826 tui
2633 772 2825 841 dignos
2855 772 3028 827 fecisti
3066 790 3165 830 nos
3198 776 3468 845 abiectos,

1891 869 2204 929 peccatores
2233 870 2288 915 et
2311 862 2559 932 indignos
2608 878 2796 917 servos
2854 872 2976 919 tuos
3022 867 3233 920 astandi
3285 878 3474 924 sancto

1893 953 2051 1006 altari
2085 964 2198 1017 tuo,
2226 965 2280 1008 et
2303 953 2590 1020 oﬂerendi,
2623 956 3156 1026 administrandique
3214 961 3470 1030 mysteria

1891 1041 2238 1098 immaculata
2295 1045 2418 1099 novi
2497 1046 2572 1098 tui
2630 1047 2964 1100 testamenti.
3015 1047 3134 1116 ipse
3179 1051 3270 1118 qui
3305 1051 3470 1105 vitam

1889 1144 2132 1202 praestas,
2163 1143 2215 1189 et
2238 1135 2376 1190 bona
2405 1138 2736 1207 suppeditas,
2787 1139 2874 1192 {ac
2907 1140 3205 1202 {nobiscum
3257 1143 3469 1212 signum

1889 1223 1942 1277 in
1973 1222 2171 1278 bonum
2199 1235 2256 1279 et
2289 1235 2486 1294 praesta
2539 1226 2721 1290 nobis,
2777 1227 2914 1282 utin
2958 1244 3090 1298 pura
3139 1233 3470 1286 conscientia

1888 1313 2092 1367 cultum
2120 1316 2476 1372 exbibeamus
2510 1318 2603 1372 tibi
2630 1319 2880 1374 omnibus
2897 1320 3087 1375 diebus
3111 1323 3233 1376 vita:
3249 1333 3468 1391 nostra},

1886 1415 1942 1459 et
1974 1421 2097 1461 cum
2127 1409 2420 1463 sanctitate
2450 1409 2691 1464 divinum
2748 1411 2851 1467 hoc
2915 1411 3008 1465 tibi
3053 1411 3343 1468 oneramus
3370 1415 3472 1468 mi-

1889 1495 2279 1562 nisterium,iu
2311 1499 2688 1554 remissionem
2747 1513 3095 1570 peccatorum
3146 1513 3201 1558 et
3249 1505 3302 1558 in
3339 1503 3473 1558 frui-

1888 1589 2086 1644 tionem
2113 1588 2307 1644 i'utura:
2334 1591 2704 1662 beatitudinis.
2741 1591 3035 1658 Memento,
3077 1593 3253 1660 bone,
3309 1595 3474 1649 bene-

1887 1679 2009 1747 tice,
2042 1697 2134 1736 rex
2159 1683 2480 1738 stccttlorum
2507 1694 2562 1738 et
2614 1693 2885 1740 creaturae
2919 1687 3099 1741 omnis
3148 1687 3355 1757 opifex,
3379 1704 3472 1744 eo-

196 1773 436 1844 εργὲτα,
490 1773 714 1843 βασιλεύ
782 1775 893 1829 τῶν
961 1775 1194 1841 αἰώνων,
1246 1777 1339 1830 καὶ
1393 1777 1494 1848 τῆς
1555 1777 1784 1841 κτίσεως

1895 1785 2004 1825 rum
2040 1774 2130 1842 qui
2160 1774 2493 1840 obtulerunt,
2514 1783 2570 1830 et
2590 1791 2688 1846 pro
2716 1777 2914 1846 quibus
2945 1778 3257 1834 obtulerunt
3285 1796 3301 1832 :
3338 1795 3470 1836 nos-

197 1864 420 1934 ἁπάσης
458 1864 778 1936 δημιουργὲ,
809 1865 918 1920 τῶν
949 1868 1574 1938 προσενεγκάντων,’καὶ
1612 1867 1678 1921 δι’
1707 1860 1783 1923 ὧν

197 1957 587 2026 προσήγαγονο
624 1958 718 2010 καὶ
748 1959 896 2030 ἡμᾶς
935 1958 1336 2031 ἀκατακρίτους
1373 1959 1696 2028 διαφύλαξόν
1724 1960 1784 2013 ἐν

193 2052 263 2120 τῇ
306 2050 589 2122 ἱερουργίᾳ
623 2050 730 2105 τῶν
758 2051 916 2106 θείων
942 2069 1036 2107 σου
1069 2055 1411 2125 μυστηρίων·
1441 2056 1524 2109 ὅτι
1552 2055 1785 2127 ηὑλόγη-

137 2126 147 2134 .
194 2157 308 2206 ται,
341 2143 437 2195 καὶ
465 2142 742 2214 ἡγίασται,
772 2144 867 2198 καὶ
907 2145 1237 2212 δεδόξασται,
1277 2147 1340 2200 τὸ
1387 2126 1656 2219 πάντιμον
1687 2147 1785 2201 καὶ⁹

200 2233 620 2306 μεγαλοπρεπὲς
666 2235 822 2304 ἆγιον
851 2235 1026 2307 ὄνομά
1065 2255 1210 2302 σου,,
1235 2239 1376 2310 μετὰ
1425 2238 1521 2292 τοῦ
1572 2240 1784 2310 Πατρὸς

198 2329 294 2381 καὶ
323 2326 420 2381 τοῦ
452 2328 608 2397 ἁγίου
647 2328 965 2399 Πνεύματος
992 2329 1108 2393 νῦν,
1138 2331 1250 2385 καί.

516 2419 687 2490 Εῠχὴ
725 2419 833 2474 τοῦ
862 2423 1034 2492 ἁγίου
1070 2424 1463 2494 Ebur-relict}.

767 2517 977 2588 Εἰρήνη
1020 2518 1206 2571 πᾶσιν.

271 2604 520 2660 Δέσποτα
567 2607 741 2680 Κύριε
785 2608 961 2680 Ἰησοῦ
1018 2609 1221 2680 Χριστὲ
1265 2611 1294 2663 6
1349 2609 1482 2674 Θεὸς
1527 2610 1705 2681 ἡμῶν,
1755 2611 1782 2664 6

195 2699 312 2762 τοῖς
343 2699 520 2768 ἁγίοις
565 2715 659 2752 σου
702 2699 971 2771 μαθηταῖς
1004 2701 1100 2753 καὶ
1139 2701 1304 2772 ἱεροῖς
1337 2718 1430 2754 σου
1469 2703 1784 2767 ἀποστόλοις

197 2789 391 2855 εἰπὼν,
432 2791 516 2844 ὅτι
559 2791 779 2844 πολλοὶ
822 2791 1122 2860 προφῆται
1166 2791 1266 2845 καὶ
1309 2791 1527 2846 δίκαιοι
1570 2793 1783 2848 ἐπεθύ-

195 2899 404 2953 μησαν
459 2881 609 2936 ιδεῖν
663 2881 701 2936 ἃ
750 2882 1043 2948 βλέπετε,
1104 2882 1202 2936 καὶ
1256 2884 1367 2937 οὐκ
1425 2880 1590 2938 εἶδον
1612 2900 1626 2914 ο
1687 2884 1784 2938 καὶ

196 2975 456 3030 ἀκοῦσαι
491 2976 530 3030 ἁ
566 2976 834 3040 ἀκούετε,
868 2975 969 3029 καὶ
1001 2978 1111 3030 οὐκ
1140 2973 1448 3044 ἤκουσαν·
1478 2975 1647 3046 ὑμῶν
1674 2978 1784 3047 γὰρ

196 3065 474 3136 μακάριοι
497 3071 551 3122 οἱ
596 3069 889 3138 ὀφθαλμοὶ
924 3067 1014 3122 ὅτι
1056 3067 1385 3133 βλέπουσι,
1424 3069 1522 3123 καὶ
1556 3071 1630 3124 τὰ
1665 3066 1786 3125 ὦτα

196 3157 385 3227 ὑμῶν,
426 3159 515 3212 ὅτι
566 3159 792 3215 ἀκούει.
844 3159 956 3213 Καὶ
1001 3159 1471 3231 καταξιωθείημεν
1521 3159 1646 3232 ἄρτι
1688 3160 1782 3214 τοῦ

197 3249 432 3305 ἀκοῦσαι
471 3252 566 3306 καὶ
617 3253 840 3322 ποιῆσαι
879 3251 949 3306 τὰ
994 3252 1129 3322 ἆγιά
1161 3269 1256 3305 σου
1304 3252 1634 3322 Εὐαγγέλια,
1665 3256 1782 3318 ταῖς

197 3341 372 3406 λιταῖς
397 3341 506 3395 τῶν
537 3343 696 3414 ἱερῶν
727 3360 843 3396 σου.

268 3435 660 3506 Μνημόνευσον
687 3431 800 3499 οὖν,
845 3435 1111 3501 Δέσποτα,
1151 3436 1246 3489 καὶ
1273 3435 1391 3500 νῦν,
1427 3436 1645 3491 πάντων
1675 3434 1786 3489 τῶν

199 3526 595 3597 ἐντειλαμένων
628 3527 760 3598 ἡμῖν
803 3526 1078 3592 ἀναξίοις,
1131 3525 1227 3580 τοῦ
1280 3527 1637 3598 μνημονεύειν
1682 3527 1785 3580 αύ-

199 3617 308 3671 τῶν
351 3619 431 3682 είς
467 3617 568 3681 τὰς
604 3619 817 3690 δεήσεις
851 3619 1146 3691 ἡμετέρας,
1176 3621 1270 3674 καὶ⁴
1300 3620 1398 3683 τὰς
1429 3621 1695 3692 αἰτήσεις,
1719 3619 1786 3685 ἃς

200 3709 606 3781 ἀναϐιϐἀςομέν
641 3727 747 3776 σοι,
789 3711 962 3782 Κύριε
989 3713 1017 3764 ὁ
1048 3711 1181 3775 Θεὸς
1219 3712 1396 3782 ἡμῶν.
1427 3712 1565 3774 Τοὺς
1595 3728 1788 3782 προτε-

199 3799 614 3870 τελευτηκότας,
643 3799 957 3853 ἀνάπαυσον
988 3799 1184 3863 αύτούς
1204 3816 1218 3829 °
1264 3799 1590 3870 κάμνοντας,
1617 3799 1788 3869 ερρω-

204 3905 296 3941 σον
324 3889 522 3951 αὐτούς
546 3906 560 3919 ·
605 3891 669 3942 σὺ
702 3889 812 3961 γὰρ
847 3885 900 3941 εἷ
925 3887 1039 3962 ζωὴ
1071 3889 1228 3960 ήμῶν
1272 3889 1511 3952 πάντων,
1556 3888 1652 3941 καὶ
1683 3905 1787 3940 σω-

200 3982 367 4055 τηρία
412 3983 571 4053 ἡμῶν
602 3979 850 4037 πάντων*
896 3985 990 4037 καὶ
1023 3982 1177 4046 ἐλπὶς
1219 3981 1377 4054 ἡμῶν
1417 3981 1654 4044 πάντων,
1689 3981 1787 4034 καὶ

204 4074 344 4138 ἴασις
409 4074 564 4145 ἡμῶν
617 4075 854 4140 πάντων,
888 4077 984 4128 καὶ
1014 4075 1310 4138 ἀνάστασις
1346 4071 1522 4126 οἰκεία
1566 4073 1785 4128 πάντων

199 4164 388 4235 ἡμῶν·
429 4166 527 4217 καὶ
578 4165 662 4218 σο)⁸
711 4167 808 4236 τὴν
858 4165 1034 4232 δόξαν,
1068 4165 1254 4236 τιμὴν,
1285 4165 1379 4218 καὶ
1417 4163 1786 4236 προσκύνησιν

200 4257 619 4328 ἀναπέμπομεν,
652 4259 745 4312 σὺν
772 4256 851 4329 τῷ
885 4256 1284 4330 παντοκράτορί
1337 4273 1455 4319 σου,
1494 4255 1589 4308 καὶ
1645 4274 1784 4310 παν-

199 4347 442 4419 τεπόπτῃ
474 4347 684 4402 τεκόντι
717 4350 809 4402 καὶ
847 4348 924 4420 τῷ
964 4348 1214 4420 παναγίῳ
1243 4347 1338 4401 καὶ
1370 4345 1661 4418 ζωαρχικῷ
1695 4347 1787 4401 καὶ

198 4438 472 4512 ὀμοουσίῳ
501 4457 595 4492 σου
633 4439 932 4510 Πνεύματι,
959 4440 1053 4494 νῦν
1091 4441 1185 4494 καὶ
1218 4440 1323 4494 ἀεί.

549 4531 718 4602 Εὐχὴ
759 4532 864 4586 τοῦ
893 4533 1440 4605 καταπετάσματος.

272 4624 463 4689 Οὐδεὶς
502 4623 652 4690 ἄξιος
706 4624 814 4678 τῶν
871 4626 1269 4698 συνδεδεμένων
1317 4633 1439 4695 ταῖς
1498 4635 1788 4704 σαρκικαῖς

200 4716 522 4787 ἐπιθυμίαις
561 4717 657 4769 καὶ
689 4716 904 4787 ἡδοναῖς
958 4718 1382 4789 προσέρχεσθαι,
1418 4720 1450 4792 ἢ
1495 4723 1788 4792 προσεγγί-

201 4810 336 4875 ζειν,
370 4810 404 4881 ἢ
437 4809 773 4882 λειτουργεῖν
805 4827 908 4875 σοι,
943 4811 1174 4865 Βασιλεῦ
1215 4814 1314 4885 τῆς
1348 4815 1527 4888 δόξης.
1561 4817 1634 4869 Τὸ
1679 4817 1786 4888 γὰρ

200 4901 471 4954 διακονεῖν
517 4917 621 4968 σοι,
681 4901 824 4972 μέγα
875 4901 972 4954 καὶ
1006 4902 1257 4974 φοϐερὸν,
1301 4905 1394 4958 καὶ
1443 4907 1633 4970 αὑταῖς
1667 4910 1789 4970 ταῖς

203 4990 555 5062 ὲπουρανίαις
606 4991 900 5062 δυνάμεσιν
963 4981 1278 5064 ἀπρόσιτον.
1319 4994 1456 5049 Ἀλλ’
1503 4997 1653 5069 ὅμως
1701 4998 1790 5051 διὰ

201 5082 302 5155 τὴν
343 5083 549 5152 ἄφατον
587 5083 681 5136 καὶ
727 5083 962 5155 ἄμετρόν
1009 5101 1101 5137 σου
1151 5086 1582 5159 φιλανθρωπίαν,
1627 5089 1789 5160 ἀτρέ-

204 5192 378 5238 πτως,
409 5175 504 5228 καὶ
548 5173 846 5240 ἀναλλοίως
874 5175 1106 5246 γέγονας
1138 5177 1444 5251 ἄνθρωπος,
1481 5181 1572 5233 καὶ
1605 5181 1789 5253 ἀρχιε-

314 5334 334 5364 ²
369 5333 561 5388 Matth.
587 5350 709 5399 xm,
753 5333 839 5399 17,
877 5333 964 5388 i6.

284 5491 397 5563 (l9)
437 5489 544 5563 Ista
569 5492 746 5563 oratio
774 5506 877 5545 non
903 5500 986 5545 est
1015 5490 1133 5546 loco
1157 5506 1255 5546 suo
1297 5489 1496 5558 posita,
1527 5504 1651 5546 cum
1677 5507 1781 5546 non

211 5560 425 5618 dicatur
445 5560 836 5632 Evangelium,
863 5571 990 5616 ante
1022 5576 1142 5615 eam
1194 5577 1313 5632 qum
1343 5575 1465 5614 mox
1495 5563 1738 5630 sequitur
1765 5579 1777 5614 :

212 5648 388 5701 neque
419 5632 702 5685 intermitti
761 5630 918 5696 solet,
948 5638 1006 5685 ut
1061 5630 1603 5686 cetmnemorationes
1626 5632 1777 5687 ﬁant.

209 5703 397 5775 Itaque
424 5702 660 5775 secunda
688 5702 840 5775 istius
873 5716 998 5775 pars
1027 5703 1093 5758 ad
1131 5703 1358 5775 primam
1393 5716 1498 5760 non
1525 5703 1774 5773 pertinet,

211 5786 266 5830 et
297 5771 365 5830 ab
398 5787 460 5831 ea
484 5781 578 5828 est
601 5771 976 5844 distinguenda

1885 1876 1992 1930 que
2057 1863 2402 1921 indemnatos
2434 1881 2703 1922 conserva
2727 1867 2782 1922 in
2807 1871 3224 1926 consecratione
3257 1871 3469 1927 divino-

1885 1969 2005 2010 rum
2036 1958 2428 2028 mysteriorum
2460 1977 2473 2012 :
2503 1959 2760 2028 quoniam
2790 1959 3140 2016 benedictum
3182 1971 3288 2028 est,
3342 1977 3471 2016 san-

1884 2047 2178 2103 ctiﬁcatum
2216 2059 2272 2105 et
2299 2051 2686 2121 gloriﬁcatum,
2719 2051 3174 2122 gloriosissimum
3200 2093 3216 2118 ,
3269 2062 3326 2110 et
3354 2069 3469 2109 ma-

1884 2139 2138 2208 gniﬁcum
2167 2155 2418 2197 sanctum
2481 2158 2678 2198 nomen
2711 2153 2885 2212 tuum,
2919 2144 3190 2216 simulque
3219 2145 3397 2202 Patris
3418 2153 3474 2201 et

1885 2230 2063 2284 sancti
2103 2230 2366 2300 Spiritus,
2404 2245 2570 2297 nunc,
2611 2242 2720 2286 etc.

2250 2428 2433 2486 Oratio
2467 2433 2639 2485 sancti
2670 2430 2951 2502 Evangelii
2977 2430 3120 2504 (19,.

2470 2521 2582 2578 Pax
2609 2523 2887 2580 omnibus.

1958 2613 2271 2667 Dominator
2291 2611 2518 2669 Domine
2544 2617 2669 2672 Jesu
2697 2615 2913 2671 Christe
2953 2615 3094 2670 Deus
3127 2620 3310 2670 noster
3329 2654 3345 2679 ,
3373 2613 3468 2682 qui

1890 2706 2098 2760 sanctis
2126 2706 2235 2759 tuis
2263 2706 2546 2774 discipulis
2569 2718 2623 2764 et
2671 2708 2844 2764 sacris
2897 2705 3161 2775 apostolis
3194 2707 3302 2760 tuis
3331 2707 3471 2761 digi-

1887 2800 1980 2864 sti,
2014 2798 2270 2867 quoniam
2309 2799 2461 2854 multi
2515 2802 2783 2871 prophetia
2833 2809 2883 2855 et
2923 2801 3062 2865 justi
3102 2800 3377 2870 cupierunt
3401 2801 3472 2854 vi-

1886 2890 2006 2942 dere
2027 2905 2143 2958 qua:
2165 2890 2392 2956 vidistis,
2430 2901 2478 2944 et
2542 2908 2647 2946 non
2690 2893 2972 2947 viderunt:
3037 2902 3084 2946 et
3133 2891 3317 2945 audire
3353 2908 3470 2962 qua:

1885 2981 2102 3045 auditis,
2133 2992 2180 3035 et
2228 2998 2328 3035 non
2351 2984 2630 3037 audierunt
2659 2999 2678 3037 :
2729 2985 2887 3038 vestri
2927 2994 3102 3038 autem
3165 2983 3305 3037 beati
3345 2992 3470 3037 sunt

1888 3071 2048 3137 oculi,
2079 3072 2204 3141 quia
2231 3073 2428 3134 vident,
2469 3082 2517 3126 et
2549 3089 2704 3128 aures
2747 3084 2952 3138 vestrae,
2992 3074 3116 3143 quia
3173 3075 3393 3126 audiunt
3425 3076 3467 3127 ⁸.

1888 3163 2045 3233 Digni
2109 3178 2329 3232 quoque
2379 3161 2702 3228 efﬁciamur,
2759 3179 2902 3218 nunc
2957 3165 3145 3217 audire
3205 3164 3470 3218 etfacere

1887 3261 2075 3308 sancta
2105 3263 2192 3308 tua
2219 3252 2544 3326 Evangelia,
2595 3269 2692 3324 per
2720 3254 3129 3311 obsecrationes
3158 3265 3468 3310 sanctorum

1890 3354 2130 3400 tuorum.

1957 3420 2227 3492 Memento
2250 3436 2414 3507 igitur
2442 3437 2604 3492 etiam
2638 3451 2806 3504 nunc,
2838 3437 3087 3499 Domine,
3111 3437 3354 3492 omnium
3378 3451 3474 3491 eo-

1887 3546 2006 3586 tum
2037 3531 2129 3601 qui
2159 3531 2316 3586 nobis
2351 3531 2588 3600 indignis
2613 3541 3010 3600 praeceperunt,
3045 3540 3105 3584 ut
3135 3545 3324 3586 eorum
3352 3547 3468 3586 me-

1887 3623 2117 3679 moriam
2154 3623 2478 3678 haberemus
2511 3623 2652 3676 inter
2676 3621 3102 3692 supplicationes
3127 3631 3182 3676 et
3215 3622 3472 3677 obsecra-

1889 3714 2084 3781 tiones,
2117 3727 2252 3782 quas
2284 3711 2379 3765 tibi
2438 3710 2739 3776 oil'erimus,
2785 3710 3008 3764 Domine
3078 3703 3218 3765 Deus
3263 3719 3466 3766 uoster.

1887 3804 1988 3871 Qui
2017 3804 2226 3875 pridem
2255 3804 2528 3868 obierunt,
2553 3801 2660 3856 illis
2691 3801 2930 3870 requiem
2974 3811 3166 3870 prazsta
3196 3823 3208 3858 :
3240 3811 3472 3872 aigrotos

1887 3912 2051 3961 sana;
2081 3905 2132 3949 tu
2157 3895 2300 3951 enim
2317 3910 2376 3948 es
2408 3895 2513 3947 vita
2545 3895 2788 3948 omnium
2831 3902 3096 3958 nostrum,
3128 3891 3306 3959 salus,
3326 3906 3472 3963 spes,

1887 3987 2100 4042 medela
2128 3995 2185 4041 et
2215 3986 2544 4041 resurrectio
2577 3984 2794 4054 propria
2825 3985 3067 4038 omnium
3120 3993 3384 4046 nostrum,
3416 3993 3473 4038 et

1889 4077 1984 4132 tibi
2014 4076 2268 4146 gloriam,
2300 4076 2563 4130 honorem
2589 4083 2644 4128 et
2669 4073 3042 4128 adorationem
3064 4089 3277 4128 sursum
3303 4073 3472 4128 mitti-

1888 4183 2030 4232 mus,
2055 4183 2178 4222 cum
2214 4167 2588 4234 omnipotente
2636 4174 2691 4218 et
2743 4165 2926 4221 omnia
2963 4163 3180 4220 vidente
3213 4163 3472 4220 Genitore

1891 4268 2006 4323 tuo,
2041 4269 2094 4312 et
2118 4257 2484 4319 sanctissimo,
2507 4256 2739 4324 vitazque
2781 4266 3005 4310 auctore
3040 4256 3305 4326 principe,
3340 4255 3468 4309 tibi-

1888 4364 1995 4418 que
2047 4345 2502 4402 consubstantiali
2558 4355 2650 4400 tuo
2718 4343 2969 4415 Spiritu,
3033 4362 3177 4403 nunc
3228 4358 3284 4402 et
3329 4362 3472 4403 sem-

1817 4462 1863 4518 ι)
1893 4456 2010 4512 per,
2041 4451 2151 4496 etc.

2445 4528 2635 4584 Oratio
2671 4530 2765 4584 oeli
2790 4529 2922 4603 (20).

1960 4624 2151 4680 Nullus
2176 4624 2371 4694 dignus
2402 4633 2488 4677 est
2513 4638 2701 4676 eorum
2728 4623 2820 4690 qui
2879 4621 3068 4693 illigati
3112 4630 3241 4678 sunt
3273 4638 3470 4680 carna-

1886 4716 2030 4771 libus
2079 4716 2363 4771 desideriis
2413 4723 2467 4768 et
2493 4713 2888 4781 voluptatibus,
2926 4715 3188 4767 accedere
3236 4725 3329 4768 aut
3365 4717 3470 4769 mi-

1889 4810 2169 4865 nisterium
2195 4809 2456 4863 exhibere
2493 4806 2739 4872 tibi,liex
2776 4807 2980 4876 gloriae.
3007 4805 3471 4864 Namministrare

1888 4902 2005 4969 tibi,
2037 4917 2291 4969 magnum
2327 4911 2408 4955 est
2431 4909 2484 4955 et
2520 4899 2841 4963 timendum,
2880 4898 3122 4966 ipsisque
3153 4899 3470 4956 coelestibus

1887 4993 2250 5063 potestatibus
2280 4991 2626 5060 impervium.
2684 4990 2938 5044 Attamen
2989 5005 3085 5057 per
3121 4990 3470 5058 inexplicahi-

1887 5085 1992 5139 lem
2026 5097 2078 5138 et
2111 5088 2432 5140 immensam
2481 5086 2870 5153 benignitatem
2925 5091 3070 5135 tuam
3134 5098 3259 5152 erga
3296 5085 3471 5138 homi-

1889 5193 2006 5245 nes,
2037 5177 2246 5248 absque
2297 5177 2656 5234 conversione
2709 5186 2798 5230 aut
2830 5174 3148 5242 mutatione,
3197 5174 3373 5230 factus
3411 5191 3470 5229 cs

1966 5491 2078 5562 (20)
2127 5491 2348 5546 Diversa
2373 5501 2457 5547 est
2489 5491 2556 5545 ab
2577 5506 2638 5545 ea
2675 5505 2835 5560 quam
2871 5490 3127 5561 Copticus
3163 5492 3328 5545 codex
3363 5490 3465 5544 ha-

1892 5561 1980 5615 bet
2014 5578 2026 5613 :
2057 5565 2120 5615 de
2146 5577 2250 5628 qua
2284 5563 2526 5616 videnda:
2559 5571 2699 5615 noue
2716 5562 2780 5614 ad
2805 5562 2946 5614 hunc
2973 5564 3170 5615 locum.
3191 5562 3290 5614 Ista
3319 5578 3461 5626 vero,

1891 5631 2080 5694 Οὐδεὶς
2105 5631 2276 5698 ἄξιος,
2310 5633 2508 5701 legitur
2538 5632 2592 5686 in
2623 5631 2866 5699 Liturgia
2899 5631 3092 5687 Graeca
3131 5633 3331 5695 Basilii,
3369 5634 3466 5688 sed

1888 5703 2014 5775 tium
2058 5704 2270 5775 canitur
2321 5704 2555 5775 hymnus
2589 5701 2930 5770 cherubicus,
3000 5711 3058 5758 ut
3119 5703 3360 5760 etiamin
3396 5718 3460 5760 ea

1886 5772 2257 5842 Chrysostomi
