3898 6222
404 232 512 289 705
1360 227 1694 286 LITURGIA
1735 226 1794 283 S.
1834 223 2164 282 GREGORII
2202 219 2718 278 ALEXANDRINA.
3590 214 3729 268 704

407 347 593 410 homo,
619 342 980 415 Pontifexque
1007 344 1166 399 nobis
1193 344 1499 413 designatus
1523 360 1604 410 es,
1639 343 1978 413 lilttrgiciqne

2118 342 2210 404 εὺς
2242 341 2375 411 ἡμῖν
2404 337 2800 409 ὲχρημάτισας,
2835 333 2931 389 καὶ
2976 333 3074 405 τῆς
3113 330 3499 404 λειτουργικῆς
3548 333 3731 385 ταῦ-

413 435 576 504 hujus
627 443 683 490 et
733 436 1002 490 incruenti
1045 437 1296 490 sacrificii
1346 436 1763 491 celebrationem
1811 437 1979 490 tradi-

2114 450 2176 503 ης
2228 432 2324 485 καὶ
2375 430 2713 500 ἀναιμάκτου
2767 426 2957 489 θυσίας
2991 424 3090 496 τὴν
3145 423 3457 495 ἱερουργίαν
3530 440 3726 493 παρ-

412 528 537 583 disti
561 528 736 589 nobis,
790 537 1041 596 tanquam
1095 529 1334 581 omnium
1380 528 1661 582 Dominus.
1713 526 1791 580 Tu
1830 528 1975 581 enim

2114 525 2286 582 δωκας
2330 525 2487 594 ἡμῖν,
2532 521 2608 585 ὡς
2639 519 2918 590 Δεσπότης
2951 518 3062 571 τῶν
3114 518 3387 571 ἁπάντων.
3426 517 3509 569 Σὺ
3574 516 3724 590 γὰρ

413 619 715 674 dominaris
743 619 797 672 in
831 618 1166 683 coelestibus,
1208 619 1439 673 terrenis
1493 628 1549 673 et
1581 618 1852 673 infernis:
1885 618 1976 687 qui

2114 611 2196 686 ai)‘
2239 613 2522 677 δεσπόζεις
2565 611 2675 665 τῶν
2705 609 3063 682 ἐπουρανίων,
3109 609 3205 662 καὶ
3255 608 3528 676 ἐπιγείων
3593 607 3718 661 καὶ

2075 707 2184 761 τῶν
2218 703 2591 776 καταχθονίων
2613 720 2627 732 ·
2653 705 2683 757 6
2713 703 2807 756 ἐπὶ
2853 700 3044 772 θρόνου
3075 699 3394 772 χερου6ικοῦ
3427 699 3717 769 ἐποχού-

2081 815 2269 870 μενος·
2307 798 2338 850 ὀ
2381 796 2489 850 τῶν
2538 794 2782 867 σεραφὶμ
2830 791 3068 865 Κύριος,
3117 792 3213 846 καὶ
3252 790 3531 853 Βασιλεὺς
3587 789 3713 843 τοῦ

2091 890 2338 963 Ἰσραήλ·
2375 891 2404 943 6
2454 888 2613 960 μόνος
2647 888 2825 956 ἅγιος,
2873 886 2968 940 καὶ
2998 887 3055 940 ὲν
3092 884 3268 954 ἁγίοις
3299 882 3712 952 ἀναπαυόμε-

2078 1000 2189 1046 νος.
2225 981 2295 1034 Σὲ
2336 980 2517 1035 τοίνυν
2549 977 2784 1032 δυσωπῶ
2824 977 2917 1031 τὸν
2963 976 3122 1047 μόνον
3157 974 3381 1043 ἀγαθὸν,
3422 973 3530 1027 καὶ
3595 972 3711 1024 εὕ-

2077 1075 2238 1146 ήκοον
2267 1071 2422 1137 Θεὸν,
2458 1070 2748 1140 ὲπίὸλεψον
2789 1070 2875 1123 ἐπ’
2904 1068 3004 1139 ἐμὲ
3043 1067 3136 1121 τὸν
3176 1064 3535 1139 ἁμαρτωλὸν,
3585 1062 3707 1116 καὶ

2077 1167 2297 1235 ἀχρεῖον
2327 1161 2513 1217 δοῦλόν
2572 1177 2698 1214 σου·
2732 1159 2829 1214 καὶ
2885 1156 3148 1213 ἱκάνωσόν
3184 1174 3252 1229 με
3306 1158 3374 1226 τῇ
3424 1154 3703 1224 δυνάμει

412 1264 497 1309 tus
527 1270 669 1318 sum,
701 1257 909 1311 astandi
942 1266 1145 1311 sanctae
1171 1266 1272 1311 tua:
1304 1256 1428 1311 huic
1457 1272 1675 1320 mens-te,
1708 1265 1762 1310 et
1794 1269 1979 1310 consc-

2114 1257 2170 1309 οῦ
2197 1254 2351 1324 ἁγίου
2381 1253 2718 1324 Πνεύματος,
2754 1250 3101 1322 ἐνδεδυμένον
3125 1249 3224 1320 τὴν
3254 1249 3353 1320 τῆς
3383 1246 3702 1318 ἱερατείας

411 1346 596 1398 orandi
632 1346 1034 1400 immaculatum
1071 1361 1268 1416 corpus
1330 1355 1477 1400 tuum
1500 1385 1516 1411 ,
1574 1347 1978 1415 pretiosumqne

2114 1348 2256 1419 άριν,
2295 1344 2641 1416 παραστῆναι
2666 1345 2732 1414 τῇ
2762 1342 2896 1414 άγίᾳ
2922 1358 3017 1395 σου
3058 1339 3232 1413 ταύτῃ
3262 1338 3543 1411 τραπέζῃ,
3580 1339 3701 1391 καὶ

410 1436 724 1503 sanguinem
756 1448 923 1492 tuum.
950 1436 1036 1491 Ad
1072 1445 1122 1491 te
1154 1438 1297 1492 enim
1331 1437 1531 1491 accedo
1563 1437 1830 1492 inclinans
1860 1452 1978 1491 cer-

2114 1438 2432 1509 ερουργῆσαι
2461 1436 2522 1489 τὸ
2564 1434 2832 1506 ἄχραντον
2880 1450 2973 1487 σου
3031 1431 3210 1503 σῶμα,
3248 1431 3344 1485 καὶ⁹
3382 1430 3446 1484 τὸ
3483 1429 3699 1499 τίμιόν

413 1528 586 1581 vicem
621 1541 816 1590 meam,
850 1543 1148 1598 precorque
1185 1538 1253 1593 te,
1289 1542 1356 1582 ne
1375 1538 1589 1583 avertas
1614 1529 1804 1582 faciem
1830 1538 1975 1582 tuam

2114 1547 2171 1582 ου
2206 1523 2363 1599 αἷμα.
2394 1527 2487 1581 Σοὶ
2518 1527 2627 1597 γάρ
2660 1524 3035 1596 προσέρχομαι
3076 1522 3263 1586 κλίνας
3298 1522 3390 1576 τὸν
3417 1520 3695 1591 ὲμαυτοῦ

419 1630 450 1668 a
485 1630 589 1681 me,
625 1631 799 1684 neque
826 1633 911 1671 me
943 1618 1156 1683 rejicias
1187 1631 1255 1670 ex
1287 1632 1511 1673 numero
1538 1632 1822 1687 puerorum
1855 1627 1977 1672 tuo-

2118 1620 2311 1691 ὐχέναο
2343 1619 2438 1673 καὶ
2476 1617 2667 1689 δέομαί
2715 1633 2830 1679 σου,
2869 1616 2944 1687 μὴ
2989 1614 3336 1685 ἀποστρέψῃς
3377 1613 3439 1666 τὺ
3493 1612 3692 1684 πρόσ-

412 1720 570 1760 rum:
611 1681 956 1775 sed—dignum
991 1681 1077 1760 tne
1110 1707 1216 1771 fac,
1264 1716 1325 1762 ut
1362 1681 1659 1762 offerantur
1707 1709 1801 1762 tibi
1837 1709 1974 1763 dona

2114 1681 2229 1766 ητδν
2258 1726 2351 1762 σου
2390 1709 2484 1761 ἀπ’
2526 1681 2689 1777 ἐμοῦ·
2727 1681 3302 1775 μηδὲ-ἀποὼκιμάσῂς
3331 1706 3399 1772 με
3425 1703 3496 1755 ὲκ
3535 1681 3686 1753 παί-

413 1794 512 1847 ista
546 1810 575 1848 a
613 1810 697 1849 me
726 1805 1011 1865 peccatore
1036 1806 1091 1850 et
1115 1797 1334 1867 indigno
1362 1810 1522 1851 servo
1558 1806 1669 1850 tuo.
1728 1796 1806 1850 Tn
1836 1797 1979 1850 enim

2114 1822 2188 1858 ων
2238 1819 2364 1855 σου·
2416 1799 2529 1853 ἀλλ’
2572 1798 2801 1862 ἀξίωσον
2869 1813 2937 1868 με
2992 1794 3417 1866 προσενεχθῆναι
3464 1809 3553 1846 σοι
3601 1791 3681 1846 τὰ

410 1898 470 1937 es
502 1884 597 1952 qui
656 1887 966 1941 sanctilicas
1017 1896 1072 1942 et
1122 1888 1482 1944 sanctificaris
1523 1906 1537 1942 :
1576 1889 1667 1957 qui
1731 1887 1895 1943 offers
1926 1898 1982 1943 et

2114 1895 2233 1967 ῶρα
2264 1893 2458 1960 ταῦτα,
2503 1892 2594 1946 ὑπ’
2636 1890 2770 1962 ἐμοῦ
2817 1888 2910 1943 τοῦ
2943 1885 3269 1959 ἀμαρτωλοῦ
3308 1885 3403 1939 καὶ
3442 1883 3685 1949 ἀναξίου

411 1972 625 2030 offerris
652 1994 667 2030 :
707 1977 798 2046 qui
838 1979 1066 2048 suscipis
1097 1987 1153 2032 et
1180 1981 1475 2050 susciperis
1506 1998 1518 2034 :
1561 1981 1651 2049 qui
1685 1981 1782 2036 das
1811 1989 1865 2035 et
1888 1981 1983 2035 da-

2114 1987 2271 2042 ούλου
2307 2003 2422 2040 σου.
2467 1986 2543 2038 Σὺ
2600 1983 2709 2055 γὰρ
2742 1978 2795 2035 εἴ
2842 1980 3081 2050 ἁγιάζων
3124 1978 3220 2032 καὶ
3264 1977 3685 2048 ἀγιαζόμενος·

413 2068 515 2129 ris.
544 2077 599 2122 et
630 2068 726 2124 tibi
757 2069 983 2140 gloriam
1015 2070 1304 2127 referimus
1341 2086 1464 2126 cum
1510 2070 1672 2127 Patre
1700 2081 1755 2127 et
1781 2081 1971 2128 sancto

2114 2078 2410 2152 προσφέρων
2446 2094 2507 2130 τε
2536 2076 2633 2130 καὶ
2678 2073 3147 2146 προσφερόμενοςο
3182 2072 3212 2123 6
3243 2070 3533 2141 δεχόμενος
3577 2065 3684 2121 καὶ

414 2157 641 2228 Spiritu.
2084 2170 2303 2234 δεκτός*
2337 2170 2368 2223 6
2423 2167 2598 2231 διδοὺς
2652 2167 2744 2221 καὶ
2779 2165 3173 2234 διαδιδόμενος·
3223 2163 3319 2215 καὶ
3379 2159 3465 2214 σοὶ
3510 2157 3682 2224 εόξαν

2084 2262 2503 2334 ἀναπέμπωμεν,
2538 2258 2677 2332 μετά
2709 2257 2804 2312 τοῦ
2830 2256 3043 2329 Πατρὸς
3071 2256 3164 2310 καὶ
3192 2253 3289 2308 τοῦ
3321 2253 3478 2323 ἁγίου
3504 2250 3671 2305 Πνεῦ-

2089 2372 2277 2424 ματος.

677 2429 863 2486 Oratio
899 2433 1008 2486 alia
1038 2433 1137 2488 veli
1169 2435 1310 2504 apud
1330 2434 1610 2507 zEgyptios
1636 2437 1771 2509 (2|).

2140 2446 2309 2515 Εὺχὴ
2338 2445 2501 2512 ἄλλη
2530 2442 3064 2512 καταπετάσματος
3089 2440 3224 2510 παρ’
3244 2438 3615 2509 Αἰγυπτίοις.

484 2522 708 2576 Domine
738 2523 1091 2581 Deusnoster
1144 2530 1509 2596 oumipotens,
1564 2530 1652 2598 qui
1702 2535 1984 2602 cognoscis

2156 2539 2330 2610 Κύριε
2379 2539 2409 2590 6
2449 2537 2584 2601 Θεὸς
2632 2536 2791 2607 ἡμῶν
2828 2537 2856 2587 6
2900 2531 3316 2603 παντοκράτωρ,
3359 2532 3388 2583 6
3437 2526 3675 2581 ἐπιστά-

415 2625 650 2670 mentcm
687 2616 984 2681 hominum,
1022 2629 1273 2675 scrutans
1294 2621 1457 2676 corda
1483 2633 1538 2677 et
1562 2639 1721 2680 renes
1745 2641 1758 2677 :
1785 2626 1873 2693 qui
1902 2643 1987 2680 me

2114 2646 2250 2692 ιενος
2277 2629 2370 2682 τὸν
2401 2626 2527 2682 νοῦν
2572 2626 2681 2679 τῶν
2733 2623 3056 2696 ἀνθρώπων,
3091 2624 3121 2675 ὁ
3158 2620 3366 2685 ἐτάζων
3420 2617 3672 2689 καρδίας,

419 2708 698 2779 indignum
762 2711 968 2765 vocasti
1022 2712 1088 2765 ad
1153 2713 1255 2767 Itoc
1317 2722 1464 2767 tuum
1498 2731 1711 2769 sacrum
1741 2718 1987 2773 ministe-

2114 2721 2181 2775 :ati.
2212 2718 2477 2793 νεφρούςο
2510 2720 2539 2771 ὁ
2580 2717 2681 2788 ἐμὲ
2715 2716 2804 2770 τὸν
2851 2714 3069 2781 ἀνάξιον
3111 2711 3349 2775 καλέσας
3393 2710 3530 2782 πρὸς
3568 2708 3674 2780 τὴν

423 2801 563 2854 rium
590 2816 603 2867 ;
631 2816 698 2855 ne
724 2801 936 2869 rejicias
966 2817 1073 2867 me,
1114 2820 1285 2873 neque
1310 2816 1527 2860 avertas
1562 2806 1752 2861 faciem
1782 2817 1925 2861 tuam
1956 2825 1985 2861 a

2114 2812 2185 2884 rizv
2223 2810 2570 2883 λειτουργίαν
2601 2808 2835 2878 ταύτην
2878 2807 2953 2878 μὴ
2994 2804 3247 2875 βδελύξῃς
3290 2821 3380 2874 με,
3427 2802 3562 2874 μηδὲ
3608 2800 3675 2855 τδ

421 2908 538 2946 me:
563 2894 656 2949 sed
686 2893 804 2948 dele
831 2895 1011 2948 omnia
1062 2910 1178 2949 mea
1241 2906 1460 2965 peccata
1484 2936 1498 2959 ,
1535 2906 1587 2950 ct
1618 2900 1777 2953 ablue
1800 2902 1987 2955 sordes

2114 2906 2382 2977 ερόσωπόν
2417 2922 2512 2958 σου
2541 2902 2891 2975 ἀποστρέψῃς
2928 2902 3021 2954 ἀπ’
3057 2899 3219 2970 ἐμοῦ·
3252 2898 3366 2952 ἀλλ’
3389 2896 3671 2966 ὲξάλειψόν

423 3000 613 3039 omnes
660 2986 908 3052 corporis
961 2987 1065 3040 mei
1116 2997 1168 3039 et
1201 2989 1439 3042 maculas
1468 2993 1682 3053 animas,
1716 2999 1988 3061 totumque

2114 3015 2193 3050 ιου
2225 2997 2401 3050 πάντα
2450 2994 2522 3048 τὰ
2574 2991 3025 3065 παραπτώματα,
3062 2991 3156 3045 καὶ
3207 2988 3516 3043 ἀπόπλυνόν
3563 3003 3670 3057 μου

424 3088 511 3127 me
569 3073 875 3138 sanctifica,
929 3090 998 3129 ne
1050 3075 1174 3128 dum
1228 3077 1490 3144 deprecor
1522 3087 1593 3141 te,
1625 3087 1684 3131 ut
1726 3080 1990 3135 concedas

2114 3090 2179 3143 ’δν
2212 3087 2382 3161 ῥύπον
2411 3086 2505 3141 τοῦ
2548 3084 2822 3155 σώματος,
2854 3084 2950 3138 καὶ
2979 3083 3072 3137 τὸν
3112 3081 3299 3137 σπῖλον
3325 3079 3426 3149 τῆς
3465 3077 3665 3148 ψυχῆς,

421 3167 546 3221 aliis
599 3167 973 3221 remissionem
1032 3175 1400 3236 peccatorum,
1443 3169 1559 3236 ipse
1593 3169 1850 3239 reprobus
1879 3170 1991 3225 eili-

2114 3180 2183 3234 ιαὶ
2225 3179 2347 3232 ὅλον
2397 3195 2464 3249 με
2510 3175 2759 3245 ἁγίασον,
2808 3174 2897 3228 ἵνα
2946 3172 3021 3245 μὴ
3075 3169 3332 3226 ἱκετεύων
3383 3185 3444 3222 σε
3484 3167 3667 3221 δοῦναι

419 3259 557 3314 ciar.
585 3257 796 3325 Quaeso,
851 3258 1092 3319 Domine.
1118 3272 1184 3311 ne
1236 3259 1463 3327 repellas
1517 3274 1603 3315 me
1636 3260 1982 3316 humiliatum

2114 3273 2279 3340 ὶφεσιν
2313 3270 2493 3333 ἀλλοις
2540 3266 2847 3341 ἁμαρτιῶν,
2890 3265 3054 3328 αὐτὸς
3099 3263 3357 3334 ἀδόκιμος
3399 3261 3664 3331 γένωμαι.

420 3359 477 3404 et
502 3349 814 3415 confusum,
839 3350 934 3404 sed
959 3351 1112 3404 mitte
1141 3350 1272 3404 mihi
1296 3352 1527 3420 gratiam
1556 3353 1730 3407 sancti
1760 3352 1836 3406 tui
1862 3352 1989 3420 Spi-

2114 3362 2214 3425 ia‘t,
2249 3361 2442 3430 Κύριε,
2492 3360 2568 3431 μὴ
2614 3358 3026 3430 ἀποστραφείης
3092 3374 3160 3428 με
3206 3350 3665 3421 τεταπεινωμένον

420 3441 581 3504 ritus,
613 3452 666 3494 et
694 3439 782 3495 fac
816 3455 904 3494 me
964 3441 1178 3510 dignum
1212 3442 1422 3496 astandi
1473 3452 1661 3497 sancto
1706 3442 1862 3497 altari
1898 3452 1990 3498 tuo

2114 3455 2192 3507 cal.
2227 3451 2703 3525 κατησχυμμένον,
2744 3449 2859 3504 ἀλλ’
2896 3446 3279 3516 ὲξαπόστειλόν
3319 3462 3407 3516 μοι
3445 3443 3541 3514 τὴν
3567 3442 3668 3513 χά-

421 3530 718 3600 inculpate,
755 3540 812 3584 et
840 3529 1101 3584 oﬂerendi
1131 3531 1222 3585 tibi
1257 3531 1522 3586 rationale
1563 3543 1619 3586 et
1648 3532 1989 3590 incruentum

2114 3563 2185 3599 νιν
2218 3545 2312 3599 τοῦ
2344 3545 2501 3615 ἁγίου
2540 3562 2634 3598 σου
2672 3542 3017 3615 Πνεύματος,
3054 3541 3149 3595 καὶ
3189 3537 3416 3604 ἀξίωσον
3460 3553 3525 3608 με
3562 3553 3667 3588 πα·-

422 3622 752 3678 sacriticium
784 3623 947 3688 istud,
979 3638 1101 3677 cum
1132 3624 1465 3678 conscientia
1498 3639 1652 3695 pura,
1705 3625 1771 3680 ad
1802 3628 1994 3682 remis-

2114 3641 2366 3711 ραστῆναι
2397 3640 2490 3691 ἐπὶ
2524 3638 2586 3690 τὸ
2624 3636 2779 3706 ἆγιόν
2824 3653 2918 3689 σου
2953 3634 3335 3705 Θυσιαστήριον
3373 3627 3665 3706 ἀκατακρί-

423 3713 635 3769 sionem
669 3723 1045 3783 peccatorum,
1094 3723 1146 3767 et
1179 3712 1506 3768 offensarum
1554 3730 1817 3779 mearum,
1848 3728 1899 3771 et
1927 3720 1996 3773 ad

2114 3747 2240 3793 τως,
2280 3729 2376 3783 καὶ
2408 3728 2742 3802 ,προσφέρειν
2783 3743 2867 3780 σοι
2924 3724 3145 3795 λογικὴν
3194 3724 3289 3778 καὶ
3337 3720 3664 3792 ἀναίμακτον

412 725 578 780 super
602 711 851 763 thronum
879 710 1227 764 cherubicum
1262 710 1504 776 veheris;
1542 710 1803 765 Dominus
1824 723 1976 765 sera-

415 800 585 868 phim,
633 809 687 854 et
744 797 856 853 Rex
895 799 1094 855 Israel:
1149 800 1297 855 solus
1335 808 1575 865 sanctus,
1600 809 1657 854 et
1693 800 1745 853 in
1776 799 1977 853 sanctis

413 891 781 959 requiescens.
798 889 871 943 Te
901 889 1060 959 igitur
1082 890 1527 958 deprecorsolum
1559 891 1753 944 bonum
1783 886 1973 951 Deum,

409 978 736 1049 facilemque
762 983 827 1035 ad
852 981 1172 1036 audiendum
1197 999 1210 1034 :
1246 983 1456 1050 respice
1490 996 1650 1051 super
1666 995 1753 1036 me
1780 995 1978 1050 pecca-

409 1081 581 1125 torem
612 1082 665 1125 et
694 1072 937 1125 inutilem
970 1087 1184 1127 servum
1217 1081 1387 1132 tuum.
1420 1082 1475 1127 et
1503 1072 1755 1126 idoneum
1787 1085 1874 1126 me
1893 1070 1979 1125 fac

408 1163 499 1232 qui
533 1163 729 1218 virtute
761 1164 998 1233 Spiritus
1033 1165 1206 1221 sancti
1240 1165 1468 1233 gratiam
1496 1164 1786 1218 sacerdotii
1823 1164 1978 1217 indu-

422 3806 633 3861 veniam
667 3806 1095 3875 consequendam
1132 3806 1558 3874 ignorantiarum
1584 3808 1767 3878 populi
1801 3809 1898 3874 tui,
1927 3811 1994 3866 ad

423 3897 667 3966 requiem
694 3908 749 3951 et
773 3895 1109 3967 refrigerium
1145 3897 1531 3953 defunctorum
1560 3910 1773 3968 patrum
1807 3911 1862 3955 et
1885 3901 1996 3955 fra-

424 3998 568 4044 trum
601 3999 926 4055 nostrorum,
976 3999 1032 4045 et
1055 3989 1121 4043 ad
1183 3989 1651 4047 confirmationem
1711 3995 1875 4049 totius
1908 4010 1998 4065 po-

423 4084 533 4151 puli
571 4084 666 4147 tui,
694 4091 747 4137 et
777 4083 843 4136 ad
879 4082 1103 4153 gloriam
1131 4092 1301 4147 luant,
1340 4082 1516 4140 Patris
1548 4094 1603 4140 et
1630 4083 1752 4140 Filii
1790 4096 1844 4142 et
1875 4087 1996 4157 Spi-

425 4174 563 4229 ritus
593 4175 789 4241 sancti,
823 4190 987 4238 nunc,
1011 4185 1116 4229 etc.

2102 3819 2421 3892 προσφοράν
2457 3818 2683 3891 ταύτην,
2719 3816 2856 3889 μετά
2895 3815 3253 3886 συνειδήσεως
3297 3811 3556 3883 καθαρᾶς,
3584 3810 3662 3872 εἰς

2104 3910 2449 3984 συγχώρησιν
2488 3911 2601 3966 τῶν
2632 3912 2787 3984 ἡμῶν
2820 3908 3251 3983 ἁμαρτημάτων,
3285 3905 3379 3958 καὶ
3411 3901 3515 3956 τῶν
3555 3916 3659 3953 πα-

2104 4004 2518 4075 ραπτωμάτων·
2560 4003 2656 4057 καὶ
2713 4005 2793 4067 εἰς
2852 4002 3046 4072 ἄφεσιν
3095 3998 3203 4052 τῶν
3253 3994 3348 4049 τοῦ
3399 3991 3523 4047 λαοῦ
3569 4007 3659 4044 σου

2103 4096 2482 4168 ἀγνοημάτων*
2510 4097 2591 4160 εἰς
2609 4097 2915 4150 ἀνάπαυσιν
2953 4094 3046 4148 καὶ
3075 4089 3356 4161 ἀναψυχὴν
3386 4085 3490 4140 τῶν
3531 4100 3661 4155 προ-

2102 4185 2519 4258 κεκοιμημένων
2553 4185 2804 4256 πατέρων
2834 4182 2991 4256 ἡμῶν
3021 4182 3117 4236 καὶ
3153 4177 3416 4248 ἀδελφῶν,
3458 4175 3545 4229 καὶ
3583 4174 3660 4237 είς

429 4271 728 4344 στηριγμὸν
759 4270 958 4333 παντὸς
1001 4269 1094 4323 τοῦ
1126 4267 1255 4323 λαοῦ
1290 4286 1407 4336 σου,
1451 4271 1531 4334 εἰς
1574 4268 1733 4337 δόξαν
1777 4269 1876 4342 σὴν
1933 4270 2028 4325 τοῦ
2095 4277 2308 4348 Πατρὸς
2356 4279 2450 4331 καὶ
2498 4277 2593 4331 τοῦ
2647 4275 2813 4342 Υἰοῦ,
2867 4275 2964 4330 καὶ
3013 4272 3106 4327 τοῦ
3154 4271 3311 4341 ἀγίου
3362 4266 3659 4339 Πνεῦματος

434 4368 543 4423 νῦν.

1017 4462 1201 4517 Oratio
1230 4464 1397 4530 pacis.

995 4551 1104 4606 Pax
1164 4554 1435 4606 omnibus.

502 4645 582 4699 Tu
619 4643 710 4713 qui
740 4658 821 4708 es,
848 4652 904 4698 et
929 4644 995 4697 ab
1021 4654 1223 4697 aeterno
1257 4643 1607 4712 pratexsistis,
1630 4652 1685 4698 et
1710 4658 2001 4712 permanes

432 4737 488 4792 in
511 4735 728 4799 szecula,
754 4733 898 4788 Patri
924 4737 1225 4789 coaeternus
1252 4744 1309 4788 et
1333 4735 1824 4801 consubstantialis,
1854 4737 2002 4805 ejus-

435 4827 555 4879 dem
608 4826 817 4889 throni,
868 4835 923 4880 et
977 4827 1271 4882 creationis
1321 4828 1524 4883 socius.
1585 4827 1686 4895 Qui
1715 4844 1809 4898 per
1834 4828 2000 4882 solam

435 4916 729 4972 bonitatem
753 4932 819 4970 ex
841 4917 1006 4971 nihilo
1036 4918 1102 4971 ad
1132 4919 1499 4973 exsistendum
1533 4920 1798 4975 adduxisti
1832 4921 2004 4974 homi-

437 5024 583 5076 nem,
611 5018 666 5064 et
714 5026 838 5064 eum
893 5010 1222 5065 constituiSti
1274 5012 1328 5065 in
1385 5014 1636 5082 paradiso
1686 5013 1994 5083 Voluptatis.

510 5184 627 5254 (2|)
668 5183 739 5238 Ea
774 5183 886 5238 sola
919 5186 1183 5254 reperitur
1241 5185 1295 5239 in
1350 5186 1535 5241 codice
1563 5184 1808 5253 Coptico,
1840 5166 2015 5253 neque

443 5264 650 5309 temere
683 5267 810 5307 ηοω
835 5254 1090 5321 adjuncta
1121 5264 1225 5319 est,
1258 5270 1363 5324 qua
1404 5257 1547 5309 illam
1588 5256 1857 5324 Egyptiis
1891 5271 2017 5323 pro—

439 5325 614 5394 priam
646 5338 765 5377 esse
794 5324 1132 5391 signiﬁcatur
1164 5343 1178 5378 :
1203 5341 1324 5380 cum
1349 5327 1466 5380 alite
1489 5341 1555 5381 ex
1573 5327 1802 5380 diversis
1836 5324 2020 5379 Litur-

442 5394 547 5465 giis
577 5394 871 5461 desumptae
902 5395 1011 5447 sint
1056 5412 1069 5447 :
1115 5411 1234 5464 quae
1283 5395 1329 5450 si
1377 5412 1497 5451 cum
1533 5395 1773 5464 Copticis
1810 5405 1866 5448 et
1896 5394 2017 5448 aliis

446 5469 853 5529 comparentur,
889 5466 992 5518 etsi
1020 5466 1273 5520 nonnulla
1320 5467 1391 5521 sit
1431 5467 1750 5527 diversitas,
1775 5474 1900 5519 sunt
1926 5474 2009 5518 ta-

445 5546 569 5586 men
590 5532 794 5586 similes
828 5534 1106 5589 sententiae
1131 5546 1186 5589 et
1222 5538 1411 5590 eadem
1457 5550 1598 5602 same
1636 5536 1820 5589 verba.
1859 5533 2011 5588 Unde

445 5609 658 5676 constat
680 5616 866 5676 preces
895 5604 1154 5676 illasﬂnon
1186 5606 1475 5676 singularis
1504 5605 1750 5674 alicujus,
1782 5605 1873 5661 sed
1894 5604 2013 5659 uni-

446 5671 673 5729 versalis
704 5672 993 5732 Orientalis
1023 5671 1489 5732 Ecclesite'fuissc.

2029 4472 2079 4529 Ι)
2540 4458 2708 4530 Εὑχὴ
2741 4457 2849 4512 τοῦ
2886 4453 3214 4525 ἀσπασμοῦ

2680 4547 2885 4619 Εἰρήνη
2916 4547 3103 4601 πᾶσιν.

2188 4642 2247 4695 '0
2274 4640 2370 4707 ὢν,
2401 4656 2497 4692 και
2528 4636 2731 4710 προὼν,
2756 4638 2852 4691 καὶ
2876 4635 3144 4707 διαμένων
3177 4635 3258 4697 εἰς
3286 4633 3412 4696 τοὺς
3447 4628 3652 4692 αἰῶναςο

2106 4736 2135 4788 6
2165 4733 2244 4803 τῷ
2275 4733 2451 4801 Πατρὶ
2485 4729 2755 4793 συναῖδιος
2781 4729 2875 4782 καὶ
2921 4725 3223 4798 ὁμοούσιος,
3263 4726 3357 4779 καὶ
3395 4722 3653 4794 σύνθρονος

2111 4828 2206 4884 καὶ
2233 4826 2682 4900 συνδημιουργός.
2721 4826 2779 4879 '0
2810 4823 2900 4879 διὰ
2932 4824 3100 4895 μόνην
3140 4821 3450 4892 ἀγαθότητα
3482 4821 3536 4871 ὲκ
3569 4817 3650 4872 τοῦ

2110 4922 2185 4994 μὴ
2226 4921 2377 4983 ὄντος
2415 4922 2495 4983 είς
2525 4920 2587 4973 τὸ
2634 4915 2779 4972 εἶναι
2829 4918 3095 4989 παράγων
3125 4915 3214 4968 τὸν
3247 4913 3539 4983 ἄνθρωπον,
3567 4911 3650 4964 καὶ

2106 5013 2329 5083 Θέμενος
2361 5010 2523 5064 αὑτὸν
2559 5011 2618 5063 ὲν
2645 5006 2960 5079 παραδείσῳ
2986 5006 3217 5077 τρυφῆς.
3262 5003 3471 5075 Ἀπάτῃ
3497 5002 3543 5054 δὲ
3567 4999 3648 5054 τοῦ

2196 5183 2322 5237 Duae
2342 5196 2461 5249 quae
2481 5189 2778 5249 sequuntur
2796 5180 3070 5234 orationes
3093 5177 3260 5233 osculi
3286 5176 3456 5245 pacis,
3478 5176 3646 5230 eaedem

2121 5261 2247 5308 sunt
2269 5267 2332 5307 ac
2365 5252 2466 5304 illae
2515 5266 2651 5320 quas
2700 5249 2865 5304 codex
2898 5249 3153 5318 Copticus
3202 5254 3571 5320 repraesentat;
3599 5255 3649 5300 ut

2126 5323 2291 5377 etiam
2324 5321 2443 5375 alia:
2468 5317 2634 5391 prope
2656 5334 2848 5391 omnes
2873 5317 2994 5388 quae
3024 5329 3359 5391 sequuntur,
3381 5318 3454 5391 de
3481 5317 3647 5391 quibus

2122 5393 2257 5445 nihil
2291 5386 2526 5445 occurrit
2555 5386 2861 5453 dicendum,
2894 5386 3120 5458 quodin
3154 5389 3296 5442 notis
3329 5386 3396 5441 ad
3443 5386 3645 5458 reliquas

2120 5463 2319 5516 dictum
2345 5476 2450 5514 non
2484 5459 2665 5514 fuerit.
2696 5458 2830 5513 Illud
2852 5455 3128 5527 singulare
3161 5459 3248 5512 isti
3277 5465 3335 5510 et
3361 5455 3645 5527 paucisqui-

2120 5532 2347 5586 busdam
2378 5530 2496 5584 aliis
2517 5529 2706 5584 officiis
2735 5528 2999 5594 liturgicis
3021 5568 3039 5592 ,
3092 5528 3234 5597 quod
3282 5538 3397 5581 tota
3433 5526 3645 5597 recitatio

2120 5599 2475 5655 institutionis
2500 5598 2856 5654 Eucharistiaa
2889 5599 2962 5652 ita
3002 5594 3255 5659 refertur,
3310 5605 3370 5650 ut
3423 5597 3490 5650 ad
3513 5594 3644 5653 Chri-

2122 5678 2286 5736 stum,
2318 5674 2369 5725 in
2401 5670 2630 5726 secunda
2664 5682 2912 5739 persona,
2946 5670 3123 5726 oratio
3146 5667 3427 5741 dirigatur.
