3898 6222
181 297 305 356 703

1153 300 1495 360 ‘LlTURGIA
1537 300 1596 356 S.
1637 297 1972 355 GREGORII
2008 299 2538 358 ALEXANDRINA.

3357 304 3467 362 706

179 396 397 491 ἐχθροῦ
425 419 519 472 καὶ
549 420 802 490 παρακοῇ
840 420 940 490 τῆς
989 418 1090 490 σῆς
1122 418 1341 491 ἐντολῆς
1372 419 1786 491 παραπεσόντα,

1895 416 2156 473 Eumdem
2204 435 2335 475 vero
2385 437 2509 476 cum
2551 420 2871 491 deceptione
2930 420 3157 487 inimici,
3197 432 3252 477 et
3280 433 3462 478 trans-

181 510 545 565 ἀνακαινίσαι
583 509 902 580 βουλόμενος
931 512 1023 563 καὶ
1062 510 1200 583 πρὸς
1224 510 1285 563 τὸ
1329 512 1559 583 ἀρχαῖον
1588 511 1790 578 ἀναγα-

179 605 318 671 γεῖν
341 601 580 672 ἀξίωμα,
606 606 624 624 '
652 601 752 654 οὐκ
789 601 1040 671 ἄγγελος,
1067 603 1171 657 οὐκ
1194 602 1558 674 ἀρχάγγελος,
1592 602 1653 654 οὐ
1683 618 1791 654 πα-

179 694 485 764 τριάρχης,
513 694 574 746 ού
603 694 888 765 προφήτης
916 693 1013 764 τὴν
1034 692 1193 764 ἡμῶν
1225 693 1576 765 ἐνεχείρησας
1612 710 1789 763 σωτη-

182 788 360 858 ρίανο
404 786 520 839 ἀλλ’
569 786 729 850 αὐτὸς
785 785 1072 857 ἀτρέπτως
1131 784 1269 857 σάρξ
1320 785 1646 855 γενόμενος,
1696 784 1792 837 καὶ

180 877 644 951 ὲνηνθρώπησας.
700 878 843 932 κατὰ
890 878 1070 932 πάντα
1119 877 1390 949 ὁμοιώθης
1437 880 1594 948 ἡμῖν,
1634 876 1791 940 ἐκτὸς

185 971 374 1041 μόνης
409 971 509 1041 τῆς
543 969 850 1041 ἁμαρτίας·
890 970 1114 1041 μεσίτης
1145 967 1301 1040 ἡμῶν
1336 968 1649 1039 γενόμενος,
1693 968 1790 1021 καὶ⁸

179 1057 292 1111 τοῦ
351 1056 587 1129 Πατρὺς,
630 1058 724 1111 καὶ
767 1058 829 1112 τὸ
874 1059 1186 1130 μεσότοιχον
1224 1058 1317 1111 τοῦ
1368 1057 1647 1129 φραγμοῦ,
1697 1057 1791 1111 καὶ

178 1148 295 1221 τὴν
325 1149 543 1221 χρονίαν
574 1148 776 1223 ἔχθραν
820 1149 1087 1212 καθελὼν,
1118 1150 1187 1204 τά
1232 1149 1450 1219 ἐπίγεια
1481 1151 1595 1213 τοῖς
1632 1152 1793 1202 ἐπου-

183 1240 406 1312 ρανίοις
434 1240 702 1313 συνῆψας,
731 1242 826 1296 καὶ
856 1240 927 1295 τά
967 1242 1254 1313 ἀμφότερα
1290 1243 1370 1305 είς
1400 1241 1458 1294 ἓν
1488 1243 1793 1312 συνήγαγες

182 1332 295 1387 καὶ
364 1332 465 1405 τὴν
538 1333 802 1407 ἔνσαρκον
881 1334 1204 1407 ὲπλήρωσας
1293 1335 1626 1405 οἰκονομίαν.
1679 1333 1793 1386 Καὶ

184 1426 411 1497 μέλλων
445 1428 774 1499 σωματικῶς
808 1427 1055 1483 ἐλαύνειν
1088 1429 1169 1492 εἰς
1203 1428 1331 1492 τοὺς
1363 1428 1649 1499 οὐρανοὺς,
1682 1425 1792 1479 θεῖ-

183 1517 309 1581 κῶς
340 1517 411 1571 τά
453 1518 633 1573 πάντα
676 1519 926 1591 πληρῶν,
965 1521 1081 1583 τοῖς
1126 1519 1303 1587 ἁγίοις
1335 1535 1429 1571 σου
1484 1516 1787 1589 μαθηταῖς,

182 1609 292 1661 καὶ
334 1608 656 1673 ἀποστόλοις
693 1610 913 1678 ἔλεγεςο
946 1608 1213 1679 Εἰρήνην
1242 1609 1454 1678 ἀφίημι
1491 1606 1660 1677 ὑμῖν·
1706 1610 1790 1662 εί-

180 1700 394 1770 ρήνην
433 1700 549 1770 τὴν
591 1699 746 1771 ἐμὴν
792 1700 1001 1771 δίδωμι
1054 1699 1215 1769 ὑμῖν.
1279 1699 1495 1771 Ταύτην
1543 1698 1639 1753 καὶ
1689 1698 1785 1753 νῦν

1893 514 2174 581 gressione
2220 514 2462 568 mandati
2512 513 2586 567 tui
2615 513 2927 578 cecidisset,
2964 528 3233 569 renovare
3256 514 3464 580 volens,

1891 606 1946 651 et
1968 599 2037 652 ad
2085 599 2379 668 pristinam
2432 602 2726 657 restituere
2783 602 3125 672 dignitatem,
3163 618 3270 659 non
3299 620 3468 675 ange-

1891 689 2025 757 lum,
2058 706 2165 747 non
2197 692 2602 763 archangelum,
2632 708 2739 748 non
2778 695 3169 764 patriarcltam,
3207 713 3311 750 non
3346 712 3472 765 pro-

1893 782 2109 850 pbetam
2142 784 2379 854 elegisti,
2404 786 2489 839 cui
2516 785 2749 840 salutem
2780 797 3022 841 nostram
3074 788 3468 855 committeres,

1892 875 1987 928 sed
2021 877 2137 944 ipse
2187 891 2293 930 non
2343 885 2599 938 mutatus,
2645 892 2774 932 caro
2813 876 3012 943 factus,
3071 879 3347 934 hominem
3375 895 3467 933 as-

1896 964 2195 1032 sumpsisti,
2227 972 2282 1018 et
2326 966 2622 1020 secundum
2661 969 2840 1020 omnia
2872 968 3066 1023 similis
3097 970 3255 1024 nobis
3289 969 3463 1025 l‘actus

1894 1069 1975 1122 es,
2005 1055 2119 1109 solo
2146 1065 2374 1126 excepto
2396 1068 2622 1126 peccato
2656 1076 2671 1112 :
2705 1060 2973 1113 mediator
3007 1059 3184 1115 factus
3208 1061 3350 1116 inter
3370 1076 3467 1117 nos

1891 1157 1946 1201 et
1979 1145 2220 1214 Patrem,
2249 1157 2305 1202 et
2335 1149 2570 1202 medium
2631 1151 2893 1217 parietem
2954 1152 3225 1219 maceriae,
3260 1152 3470 1207 diutur-

1892 1254 2127 1308 namque
2178 1239 2520 1295 inimicitiam
2581 1256 2701 1295 cum
2735 1242 3069 1309 sustulisses,
3114 1252 3329 1299 terrena
3357 1258 3468 1299 cm-

1890 1328 2119 1385 leStibus
2148 1331 2514 1402 conjunxisti;
2548 1342 2603 1387 et
2636 1342 2867 1404 utraque
2899 1336 2954 1388 in
2985 1350 3150 1389 unum
3183 1334 3468 1403 conjunxi-

1890 1422 1983 1490 sti,
2014 1422 2585 1493 dispensationemque
2619 1425 2673 1479 in
2703 1439 2868 1480 carne
2901 1425 3261 1494 compleviSti.
3294 1427 3463 1484 Cum-

1893 1527 2001 1582 que
2026 1512 2139 1581 jam
2171 1516 2529 1584 corporaliter
2559 1516 2613 1570 in
2644 1515 2811 1571 cmlos
2841 1530 3165 1573 ascensurus
3190 1531 3358 1584 esses,
3392 1520 3468 1575 di-

1890 1605 2095 1661 vinitus
2118 1607 2299 1661 omnia
2339 1607 2650 1676 perﬁciens,
2700 1609 2902 1664 sanctis
2981 1611 3087 1664 tuis
3112 1611 3389 1680 discipulis
3414 1621 3469 1664 et

1892 1697 2149 1768 apostolis
2172 1699 2354 1754 dixisti
2379 1718 2393 1753 :
2435 1699 2625 1755 Pacem
2651 1703 2888 1773 relinquo
2905 1703 3072 1769 vobis;
3091 1718 3270 1772 pacem
3297 1718 3468 1757 meam

180 1793 421 1864 είρήνην
469 1794 600 1863 ἡμῖν
651 1792 923 1865 δώρησαι.
983 1793 1258 1846 Δέσποτα·
1306 1792 1530 1863 χάρισαι
1584 1790 1783 1855 παντὸς

1890 1789 1956 1841 do
1984 1789 2150 1844 vobis.
2183 1790 2314 1844 Eam
2348 1791 2518 1861 ipsam
2570 1807 2759 1862 pacem
2798 1771 2944 1849 nunc
2990 1771 3167 1859 nobis,
3218 1793 3465 1860 Domine,

182 1884 552 1957 ἀποκάθαρον
590 1883 957 1955 μολύσματος,
1014 1883 1215 1947 παντὸς
1257 1882 1410 1935 δόλου
1455 1881 1549 1935 καὶ
1605 1881 1787 1952 πάσης

184 1976 432 2043 κακίας,
485 1976 580 2030 καὶ
640 1975 1009 2048 πανουργίας,
1066 1976 1162 2028 καὶ
1235 1974 1335 2045 τῆς
1413 1973 1786 2045 θανατηφόρου

185 2069 602 2140 μνησικακίας,
662 2067 760 2122 καὶ
822 2067 1160 2132 καταξίωσον
1218 2067 1367 2138 ἡμᾶς
1426 2064 1785 2120 ἀσπάσασθαι

179 2161 459 2233 ἀλλήλους
486 2162 545 2214 ὲν
587 2158 854 2231 φιλήματι
905 2159 1065 2229 ἁγίῳ,
1099 2161 1179 2223 εἰς
1219 2159 1280 2212 τὸ
1324 2159 1614 2230 μετασχεῖν
1647 2158 1786 2212 ἀκα-

181 2252 469 2325 τακρίτως
518 2255 619 2323 τῆς
671 2251 938 2305 ἀθανάτου
1006 2251 1104 2305 καὶ
1149 2251 1476 2325 ἐπουρανίου
1524 2267 1618 2303 σου
1678 2251 1783 2303 δω-

184 2348 359 2419 ρεᾶς·
394 2346 578 2418 χάριτι
629 2344 731 2416 τῆς
779 2343 1025 2408 εὐδοκίας
1071 2342 1167 2398 τοῦ
1208 2344 1455 2413 Πατρὸς,
1501 2345 1594 2397 καὶ
1637 2346 1789 2414 ἐνερ-

183 2437 325 2509 γείᾳ
367 2436 463 2490 τοῦ
513 2435 669 2505 ἁγίου
716 2435 1053 2506 Πνεύματος.
1105 2436 1177 2488 Σὺ
1225 2434 1335 2506 γάρ
1385 2433 1434 2487 εἷ
1478 2436 1507 2487 ὁ
1555 2434 1789 2506 χορηγὸς

184 2524 291 2576 καί
346 2522 510 2595 δοτὴρ
560 2523 777 2576 πάντων
827 2522 935 2575 τῶν
996 2521 1237 2591 ἀγαθῶν,
1287 2522 1384 2577 καὶ
1433 2522 1517 2577 σοὶ
1568 2522 1667 2594 τὴν
1702 2522 1791 2575 δύ.-

185 2613 320 2678 ξαν,
358 2614 458 2684 τὴν
509 2614 679 2667 ἀΐδιον
728 2612 1036 2681 δοξολογίαν
1098 2612 1523 2684 ἀναπέμπομεν,
1573 2614 1669 2666 σὺν
1710 2612 1790 2684 τῷ

183 2704 423 2774 ἀνάρχῳ
466 2720 558 2757 σου
595 2703 788 2775 Πατρὶ,
826 2704 921 2757 καὶ
962 2702 1040 2774 τῷ
1072 2704 1212 2774 ἁγίῳ
1243 2719 1336 2757 σου
1367 2703 1666 2775 Πνεύματι,
1693 2704 1789 2758 νῦν

184 2796 292 2849 καὶ
327 2794 438 2850 ἀεί.

549 2886 719 2956 Εὺχὴ
753 2885 913 2952 ἄλλη
943 2886 1051 2941 τοῦ
1078 2888 1432 2957 ἀσπασμοῦ.

261 2975 474 3045 Χριστὲ
515 2978 544 3029 ὁ
587 2976 718 3040 Θεὸς
771 2975 950 3047 ήμῶν,
993 2979 1025 3049 ή
1061 2978 1267 3050 φοϐερά
1313 2980 1405 3032 καὶ
1436 2981 1791 3052 ἀπερινόητος

1887 1873 2122 1944 benigne
2172 1879 2448 1934 concede:
2507 1879 2740 1952 benigne
2791 1883 2955 1936 etiam
2983 1885 3182 1938 munda
3242 1898 3343 1939 nos
3399 1885 3468 1938 ab

1887 1968 2033 2021 omni
2058 1968 2493 2037 inquinamento,
2522 1974 2671 2028 omni
2711 1973 2855 2040 dolo,
2888 1983 2943 2029 et
2990 1975 3218 2039 malitia,
3260 1983 3316 2030 et
3346 1990 3468 2031 ver-

1888 2059 2029 2114 sutia
2061 2060 2354 2132 letbalique
2385 2063 2719 2134 iniuriarum
2757 2067 3133 2122 recordatione
3153 2084 3167 2132 ;
3187 2078 3243 2123 et
3269 2079 3467 2139 prazsta

1888 2152 2046 2207 nobis
2067 2161 2125 2207 ut
2178 2154 2474 2211 salutemus
2529 2156 2763 2212 invicem
2803 2159 2856 2213 in
2918 2159 3107 2214 osculo
3150 2170 3366 2226 sancto,
3412 2166 3469 2214 ut

1889 2242 2093 2312 absque
2126 2244 2597 2302 condemnationis
2668 2249 2911 2318 periculo
2958 2251 3252 2320 participes
3297 2252 3470 2311 simus

1889 2334 2217 2400 immortalis
2253 2346 2307 2389 et
2340 2338 2578 2393 cmlestis
2613 2338 2737 2393 doni
2770 2343 2873 2404 tui,
2928 2356 3026 2411 per
3057 2343 3286 2412 gratiam
3319 2352 3466 2397 tuam

1888 2435 1944 2481 et
1973 2427 2371 2497 beneplacitum
2396 2429 2597 2494 Patris,
2622 2439 2679 2485 et
2737 2433 3108 2500 operationem
3144 2434 3318 2489 sancti
3346 2434 3468 2504 Spi-

1892 2521 2050 2575 ritus.
2092 2520 2173 2575 Tu
2204 2522 2347 2576 enim
2381 2537 2442 2577 es
2506 2523 2733 2594 largitor
2763 2534 2817 2579 et
2841 2526 2999 2579 dator
3024 2526 3263 2580 omnium
3291 2527 3469 2581 bono-

1889 2625 2035 2674 rum,
2063 2620 2118 2666 et
2146 2611 2239 2667 tibi
2271 2611 2500 2682 gloriam
2530 2623 2897 2682 aeternamque
2931 2615 3292 2671 laudationem
3322 2616 3467 2671 refe.

1891 2702 2081 2767 rimus,
2112 2718 2234 2756 cum
2270 2703 2430 2758 Patre
2467 2714 2558 2758 tuo
2594 2706 2848 2776 principii
2881 2716 3140 2776 experte,
3191 2717 3245 2763 et
3270 2718 3467 2765 sancto

1894 2804 1987 2851 tuo
2024 2795 2251 2867 Spiritu,
2287 2813 2427 2852 nunc
2453 2808 2507 2851 et
2544 2814 2777 2868 semper.

2316 2887 2502 2943 Oratio
2532 2891 2638 2943 alia
2666 2901 2833 2945 osculi
2866 2893 3037 2961 pacis.

1962 2979 2179 3036 Christe
2206 2977 2346 3034 Dens
2374 2990 2580 3043 noster,
2616 2981 2855 3036 timenda
2886 2990 2940 3036 et
2972 2998 3077 3037 non
3106 2983 3466 3054 comprehen-

185 3066 426 3137 δύναμις
453 3064 545 3119 τοῦ
577 3065 711 3119 Θεοῦ
740 3067 835 3119 καὶ
880 3067 1121 3139 Πατρός·
1155 3070 1183 3122 ὁ
1223 3069 1318 3122 τοῦ
1348 3070 1603 3140 φλογίνου
1657 3072 1784 3144 θρό-

1890 3070 2063 3128 sibilis
2094 3082 2331 3142 potestas
2362 3071 2453 3127 Dei
2483 3082 2536 3127 et
2564 3071 2777 3129 Patris:
2813 3075 2906 3145 qui
2959 3091 3121 3145 super
3150 3074 3461 3131 ﬂammeum

185 3176 287 3213 νου
321 3157 429 3210 τῶν
462 3158 727 3229 χερουϐὶμ
762 3160 1219 3231 ύπερκαθήμενος
1247 3161 1341 3214 καὶ
1390 3161 1495 3215 ὑπὸ
1542 3163 1785 3233 πυρίνων

1892 3166 2145 3241 thronum
2171 3164 2455 3219 cherubim
2491 3165 2668 3229 sedes,
2704 3167 2796 3234 qui
2832 3183 2859 3219 a
2901 3168 3260 3236 potestatibus
3290 3171 3464 3241 igneis

186 3250 477 3321 δυνάμεων
517 3250 986 3323 δορυφορούμενος
1015 3292 1030 3318 ,
1079 3254 1172 3305 καὶ
1222 3253 1333 3325 πῦρ
1390 3256 1786 3310 καταναλίσκον

189 3343 462 3414 ὑπάρχων
494 3343 569 3406 ὡς
606 3343 767 3407 Θεός·
802 3344 897 3397 καὶ
927 3344 1016 3396 διά
1044 3344 1143 3416 τὴν
1193 3343 1292 3415 σὴν
1334 3345 1542 3415 ἄφατον
1583 3363 1787 3414 συγκα-

188 3433 424 3487 τάϐασιν
458 3434 552 3486 καὶ
595 3432 1009 3505 φιλανθρωπίαν
1052 3432 1126 3504 μὴ
1171 3432 1372 3502 φλέξας
1418 3435 1495 3505 τῷ
1548 3452 1785 3508 προσεγ-

189 3523 381 3596 γισμῷ
424 3526 517 3579 τὸν
578 3524 793 3596 δολερὸν
848 3526 1134 3598 προδότην,
1183 3525 1320 3579 ἀλλά
1377 3527 1588 3596 φιλικὸν
1625 3529 1784 3582 αὑτὸν

192 3617 608 3688 ἀσπασάμενος,
636 3618 812 3672 ’ἐλκων
860 3618 1024 3671 αὐτὸν
1062 3620 1143 3683 είς
1194 3619 1483 3689 μετάνοιαν
1517 3620 1613 3673 καὶ
1661 3620 1783 3673 ἐπί-

191 3725 397 3780 γνωσιν
434 3710 526 3764 τοῦ
577 3710 706 3764 ἰδίου
759 3711 1132 3782 τολμήματος.
1188 3711 1541 3776 Καταξίωσον
1601 3715 1781 3784 ἡμᾶς,

192 3800 465 3865 Δέσποτα,
505 3803 598 3855 ἐπὶ
635 3802 735 3872 τῆς
765 3803 999 3872 φρικτῆς
1026 3802 1231 3874 ταύτης
1268 3802 1439 3874 ὥρας,
1475 3805 1533 3856 ὲν
1563 3805 1785 3877 ὁμονοίᾳ

192 3891 292 3943 καὶ
322 3889 446 3959 δίχα
480 3890 678 3953 παντὸς
710 3893 766 3943 ὲν
796 3889 891 3943 δύο
922 3888 1118 3960 θυμοῦ,
1151 3891 1247 3944 καὶ
1293 3891 1545 3962 λειψάνου
1584 3893 1785 3957 κακίας

193 3980 491 4035 ἀπολαϐεῖν
523 3980 786 4052 ἀλλήλους
817 3983 876 4035 ὲν
908 3983 1052 4054 ἁγίῳ
1087 3983 1376 4055 φιλήματι.
1424 3985 1532 4038 Καὶ
1576 3986 1650 4058 μὴ
1684 4001 1784 4040 κα-

193 4074 463 4147 τακρίνῃς
493 4076 639 4145 ἡμᾶς
669 4075 811 4147 ὑπὲρ
848 4074 923 4146 μὴ
948 4074 1229 4139 ὁλοτελῶς,
1258 4075 1355 4129 καὶ
1378 4074 1562 4140 καθὼς
1586 4076 1783 4149 ἀρέσαι

193 4168 261 4237 τῇ
296 4170 363 4238 σῇ
410 4164 729 4237 ἀγαθότητι,
777 4164 1170 4238 καθαρεύωμεν
1205 4166 1315 4220 ἀπὸ
1362 4167 1542 4236 πάσης
1583 4167 1783 4240 τρυγὸς

194 4258 478 4330 ἁμαρτίας
523 4259 618 4312 καὶ
661 4258 928 4330 πονηρίας
964 4260 1192 4330 καὶτῆς
1231 4260 1607 4331 θανατηφόρου
1647 4278 1795 4332 μνη-,

196 4351 482 4414 σικακίας·
518 4350 632 4404 ἀλλ’
656 4350 818 4414 αὐτὸς
840 4352 906 4421 τῇ
943 4353 1009 4421 σῇ
1032 4350 1243 4422 ἀφάτῳ,
1281 4351 1376 4405 καὶ
1403 4351 1779 4423 ἀνεκδιηγήτῳ

1887 3240 2145 3326 obsequio
2173 3256 2392 3323 coleris,
2418 3257 2509 3327 qui
2535 3272 2594 3311 es
2652 3258 2793 3327 ignis
2822 3273 3149 3316 00nsumens
3189 3269 3247 3315 ut
3278 3240 3420 3318 Deus
3447 3281 3462 3318 :

1886 3359 1940 3400 et
1969 3362 2064 3417 per
2122 3345 2442 3401 inell'abilem
2505 3347 2895 3418 benignitatem
2950 3362 3094 3405 tuam
3134 3363 3191 3408 et
3221 3369 3462 3410 amorem

1890 3435 2193 3498 hominum,
2226 3451 2329 3489 non
2397 3438 2745 3492 combussiin
2797 3439 2851 3492 in
2881 3455 3100 3496 accessu
3130 3443 3195 3496 ad
3238 3454 3289 3499 te
3314 3447 3461 3500 dolo-

1887 3542 2006 3582 squ
2035 3528 2373 3593 traditorcm,
2419 3531 2514 3583 sed
2545 3529 2719 3583 amice
2759 3545 2883 3584 eum
2930 3532 3210 3587 osculatus
3263 3550 3322 3589 es
3348 3545 3457 3590 tra-

1888 3620 2021 3674 hens
2052 3619 2201 3673 illum
2227 3621 2295 3674 ad
2332 3622 2740 3689 pmnileutiam,
2784 3630 2839 3678 et
2882 3623 3122 3679 audacize
3173 3640 3284 3681 Sua:
3309 3629 3459 3698 agni-

1888 3711 2108 3766 tionem.
2141 3711 2393 3782 Dignare,
2430 3713 2682 3782 Domine,
2720 3724 2781 3770 ut
2837 3717 2938 3771 hac
2999 3720 3277 3773 tremenda
3329 3721 3462 3775 bora

1887 3802 1939 3856 in
1974 3805 2289 3868 concordia,
2326 3804 2532 3876 absque
2567 3807 2674 3860 ulla
2706 3808 2873 3861 animi
2903 3808 3239 3879 duplicitate,
3290 3821 3347 3866 et
3378 3828 3459 3867 re-

1884 3896 2068 3964 liquiis
2115 3897 2376 3965 malitiae,
2437 3899 2831 3968 amplectamur
2880 3901 3112 3956 invicem
3170 3904 3222 3957 in
3275 3904 3461 3959 osculo

1886 3999 2108 4043 sancto:
2140 4004 2313 4059 neque
2354 3992 2684 4047 condemnes
2730 4009 2850 4058 nos,
2890 3993 2937 4048 si
2988 4010 3093 4048 non
3126 3993 3384 4065 perfecte,
3408 4006 3459 4051 et

1882 4081 2023 4136 sicut
2071 4081 2325 4151 placitum
2371 4092 2585 4137 esttua‘
2616 4085 2868 4149 bonitati,
2924 4088 3106 4141 mundi
3172 4103 3360 4142 sumus
3392 4089 3460 4143 ab

1882 4174 2028 4227 omni
2056 4174 2187 4229 faace
2216 4177 2443 4243 peccati,
2490 4187 2544 4230 et
2575 4178 2847 4243 nequitiae,
2886 4181 3287 4251 tnortil‘eraeque
3316 4183 3459 4251 inju-

1883 4269 2084 4321 riarutu
2132 4268 2546 4321 recordationis.
2586 4268 2691 4322 Sed
2721 4270 2833 4338 ipse
2857 4270 3109 4327 inelIabili
3145 4284 3229 4326 tua
3261 4284 3316 4329 et
3371 4274 3458 4329 in-

1883 4358 2174 4412 enarrabili
2203 4357 2695 4425 commiseratione,
2757 4375 3089 4431 cognoscens
3143 4362 3455 4433 ﬁgmentum

197 4441 573 4513 ιεύσπλαγχνίᾳ⁵
602 4440 758 4505 είδὼς
782 4442 845 4494 τὸ
871 4442 1097 4513 πλάσμα
1128 4445 1161 4514 ή
1172 4442 1287 4530 μῶν
1316 4442 1377 4496 τὸ
1403 4443 1644 4508 ἀσθενὲς,
1679 4444 1773 4497 καὶ

1890 4460 2125 4504 nostrum
2156 4449 2352 4518 debile,
2385 4460 2440 4505 et
2470 4450 2537 4504 ad
2590 4450 2845 4505 inferiora
2894 4455 3149 4522 proclive,
3189 4455 3305 4511 dele
3336 4471 3458 4511 om-

196 4552 218 4584 ;
233 4533 349 4586 άτω
369 4532 574 4603 βρίθον,
599 4532 880 4602 ὲξάλειψον
902 4535 1081 4588 πᾶσαν
1104 4532 1295 4604 κηλίδα
1316 4535 1776 4606 παραπτωμάτων

1890 4560 2004 4598 nem
2037 4546 2299 4600 maculam
2335 4544 2660 4600 oﬂensartnn
2693 4557 2999 4601 nostrarum
3022 4588 3037 4611 ,
3066 4558 3123 4603 ut
3152 4563 3255 4603 non
3291 4551 3343 4607 in
3371 4551 3457 4621 ju-

197 4622 229 4692 ἡ
236 4623 379 4694 μῶν,
402 4624 490 4678 ἵνα
509 4623 584 4695 μὴ
600 4626 679 4688 είς
694 4628 889 4696 κρῖμα,
904 4626 938 4697 ἢ
971 4626 1052 4689 είς
1068 4626 1386 4696 κατάκριμα
1406 4629 1537 4698 ἡμῖν
1552 4628 1778 4699 γένηται

195 4715 256 4767 τὸ
282 4714 425 4768 θεῖον
449 4714 608 4769 τοῦτο
637 4717 956 4789 μυστήριον.
988 4717 1060 4769 Σὺ
1093 4716 1203 4788 γάρ
1229 4711 1279 4769 εἷ
1299 4719 1328 4769 ὁ
1347 4717 1643 4789 δυνάμενος
1673 4721 1778 4773 πᾶ-

199 4824 297 4861 σαν
332 4806 513 4876 ἀφίειν
545 4807 842 4878 ἁμαρτίαν,
891 4809 987 4862 καὶ
1037 4808 1387 4879 ὑπερϐαίνειν
1428 4809 1642 4873 ἀδικίας
1682 4811 1780 4865 καὶ

197 4900 430 4972 ἀνομίας
457 4900 570 4953 τῶν
588 4899 952 4973 ταλαιπώρων
973 4899 1300 4972 ἀνθρώπων,
1321 4901 1660 4973 καθαρισμὸς
1683 4902 1778 4956 τοῦ

196 4992 403 5062 κόσμου
452 4990 655 5054 παντὸς
708 4990 992 5061 ὑπάρχων,
1035 4991 1132 5043 καὶ
1178 4993 1262 5045 σοὶ
1312 4992 1511 5063 πρέπει
1554 4995 1588 5064 ἡ
1628 4994 1778 5066 παρὰ

196 5081 399 5145 παντδς
435 5081 740 5153 συμφώνως
766 5081 1067 5150 δοξολογία,
1097 5083 1231 5154 τιμὴ
1261 5086 1356 5137 καὶ
1382 5084 1774 5157 προσκύνησις,

199 5176 312 5244 ἆμα
344 5173 424 5245 τῷ
456 5175 711 5246 ἀχράντῳ
745 5191 839 5227 σου
874 5175 1080 5247 Πατρὶ,
1131 5177 1225 5230 καὶ
1269 5175 1349 5247 τῷ
1391 5176 1640 5241 ζωοποιῶ
1684 5196 1777 5233 σου

199 5267 473 5339 Πνεύματι
511 5267 625 5332 νῦν,
656 5286 713 5325 κ.
740 5268 792 5321 λ.

264 5359 379 5413 Kal
415 5358 640 5428 γίνεται
671 5359 1017 5430 ἀσπασμός.

278 5453 333 5505 '0
359 5450 638 5517 διάκονος
668 5452 830 5522 λέγει
850 5470 864 5484 ο
896 5453 1120 5524 Στῶμεν
1153 5454 1353 5519 καλῶς.

276 5547 342 5601 ’0
376 5547 527 5615 λαὸς
546 5548 708 5619 λέγει
731 5565 745 5576 ·
787 5549 976 5614 Ἔλεος
1003 5552 1244 5623 εἰρήνης.

276 5638 341 5691 '0
374 5640 565 5709 ἱερεὺς
595 5642 937 5711 ἐκφωνήσει
950 5660 968 5673 ·

293 5733 341 5784 Η
373 5731 563 5805 ἀγάπη
599 5732 693 5787 τοῦ
719 5733 855 5789 Θεοῦ
888 5735 1120 5808 Πατρδς,
1166 5737 1316 5809 καιὴ
1358 5754 1515 5810 χαρις
1557 5737 1653 5793 τοῦ
1684 5755 1781 5809 μο-

1881 4634 2101 4700 dicium,
2133 4644 2226 4688 aut
2261 4635 2313 4688 in
2350 4635 2861 4690 condemnationem
2912 4636 3068 4690 nobis
3094 4635 3188 4690 ﬁat
3218 4638 3455 4693 divinum

1883 4725 1985 4780 hoc
2015 4725 2351 4798 mysterium.
2386 4724 2467 4781 Tu
2501 4727 2645 4780 enim
2669 4742 2728 4783 es
2762 4736 2952 4797 potens
2984 4727 3258 4783 dimittere
3286 4730 3456 4799 quod-

1881 4832 2091 4887 cunque
2117 4830 2421 4888 peccatum,
2460 4827 2515 4874 et
2562 4833 2819 4889 superare
2868 4819 3202 4888 iniquitates,
3235 4832 3288 4876 et
3317 4822 3456 4890 inju-

1880 4911 2059 4966 stitias
2087 4912 2408 4966 miserorum
2438 4911 2740 4977 hominum,
2773 4927 2893 4965 cum
2919 4913 2993 4967 sis
3016 4915 3264 4982 purgatio
3295 4915 3456 4969 totius

1882 5003 2181 5068 mundi;et
2206 5001 2301 5057 tibi
2336 5003 2564 5058 debetur
2605 5005 2672 5058 ab
2728 5006 3054 5074 unequoque
3109 5006 3456 5062 concinenter

1881 5094 2221 5165 gloriﬁcatio,
2256 5094 2449 5156 honor,
2509 5103 2564 5149 et
2622 5094 2888 5161 adoratio,
2952 5111 3075 5152 cum
3106 5098 3455 5153 immaculato

1884 5195 1973 5240 tuo
2002 5184 2182 5250 Patre,
2206 5193 2261 5240 et
2291 5184 2497 5256 Spiritu
2530 5194 2622 5241 tuo
2669 5185 2999 5254 viviﬁcante,
3049 5201 3192 5242 nunc
3224 5197 3279 5242 et
3310 5201 3456 5241 sem-

1881 5298 1999 5350 per,
2032 5290 2138 5334 clc.

1956 5373 2019 5427 Et
2047 5374 2205 5427 datur
2233 5379 2465 5427 osculum
2491 5389 2658 5441 pacts.

1954 5465 2233 5519 Diaconus.
2271 5464 2488 5519 Stemus
2513 5466 2785 5519 decenter.

1956 5556 2212 5624 Populus.
2257 5554 2687 5611 Misericordiam
2714 5557 2887 5626 pacis.

1954 5647 2209 5701 Sacerdos
2223 5648 2358 5700 dicet
2384 5647 2494 5701 alta
2524 5664 2675 5703 voce:

1955 5738 2208 5796 Charitas
2232 5738 2324 5796 Dei
2353 5738 2533 5798 Patris
2565 5750 2621 5797 et
2660 5750 2833 5812 gratia
2887 5739 3146 5812 unigeniti
3177 5736 3299 5796 Filii
3346 5737 3453 5796 Do-
