3898 6222
432 286 533 344 707

1401 277 1736 334 LITURGIA
1775 276 1834 331 δ.
1877 269 2209 329 GREGORll
2249 263 2761 325 ALEXANDBINA.

3571 249 3685 306 708

431 402 564 461 mini
595 400 691 456 Dei
717 409 770 455 et
804 397 1106 456 Salvatoris
1131 394 1302 452 nostri
1327 393 1453 450 Jesu
1480 393 1681 448 Christi
1715 408 1729 445 :
1763 400 1818 446 et
1845 405 1994 446 com-
2025 443 2028 452 ,

2143 383 2347 456 ›γενοῦς
2393 382 2544 446 Υίοῦ,
2583 379 2799 450 -Κυρίου
2840 374 2898 429 δὲ
2947 373 3042 428 καὶ
3084 370 3252 434 Θεοῦ,
3300 367 3396 423 καὶ
3421 366 3684 438 Σωτῆρος

434 493 728 550 municatio
747 493 1054 562 donumque
1083 489 1259 544 sancti
1297 485 1539 557 Spiritus
1581 486 1652 540 sit
1678 497 1800 538 cum
1850 482 2003 536 vobis

433 585 705 640 omnibus.

512 761 766 830 Populus.
807 759 878 814 Et
909 774 1030 815 cum
1075 758 1267 830 spiritu
1300 767 1410 812 tuo.

508 855 789 910 Sacerdos.
832 853 1058 907 Sursum
1085 852 1250 906 corda
1274 850 1592 904 habeamus.

510 943 766 1012 Papulas.
811 943 1081 997 Habemus
1107 940 1172 994 ad
1206 938 1512 993 Dominum.

511 1035 790 1091 Sacerdos.
829 1034 1046 1089 Gratias
1075 1046 1300 1100 agamus
1338 1031 1590 1085 Domino.

511 1126 769 1192 Pupulus.
801 1125 1026 1195 Dignum
1054 1124 1326 1194 etjustum
1359 1131 1463 1176 est.

511 1221 792 1274 Sacerdos.
835 1218 1061 1284 Dignum
1123 1215 1402 1284 etjustum
1441 1221 1542 1268 est.
1602 1210 1821 1280 dignum
1843 1218 1898 1262 et
1923 1207 2014 1278 ju-

441 1319 603 1365 stum.

942 1397 1164 1452 Initium
1216 1395 1515 1450 oblalionis.

441 1532 448 1538 .
519 1487 660 1544 Vere
692 1487 836 1543 enim
862 1487 1082 1558 dignum
1109 1494 1190 1540 est
1233 1495 1286 1540 et
1321 1485 1546 1552 justum,
1606 1492 1658 1536 te
1691 1480 1931 1543 laudare,
1965 1489 2016 1534 te

442 1580 659 1650 hymnis
691 1579 986 1642 celebrare,
1047 1578 1144 1632 tibi
1230 1576 1572 1639 benedicere,
1646 1583 1699 1628 te
1761 1575 2014 1635 adorare,

2109 475 2268 547 ἡμῶν
2330 471 2506 544 Ἰησοῦ
2574 466 2848 542 Χριστοῦ·
2906 466 3000 520 καὶ
3055 465 3089 535 ἡ
3157 460 3440 523 κοινωνία,
3490 461 3585 512 καὶ
3641 460 3688 530 ἡ

2103 567 2281 638 δωρεά
2335 561 2430 618 τοῦ
2486 563 2648 632 ἁγίου
2720 557 3067 630 Πνεύματος,
3117 556 3204 625 εἴη
3265 550 3406 624 μετὰ
3458 549 3694 606 πάντων

2107 658 2280 729 ὑμῶν.

2209 754 2253 803 0
2288 748 2428 814 λαός
2455 746 2635 814 λέγει.
2667 743 2778 797 Καὶ
2816 739 2954 812 μετά
2988 738 3083 792 τοῦ
3113 735 3422 808 πνεύματός
3455 752 3574 789 σου.

2188 838 2254 892 '0
2295 838 2485 906 ἱερεὺς
2513 835 2698 904 λέγει.
2758 833 2904 884 "Avia
2931 829 3145 900 σχῶμεν
3167 829 3266 890 τὰς
3292 825 3543 898 καρδίας.

2195 925 2244 980 ’0
2281 928 2432 993 λαὸς
2468 926 2648 994 λέγει.
2682 925 2916 995 Ἐχομεν
2953 922 3089 993 πρὸς
3116 919 3210 974 τὸν
3241 918 3472 987 Κύριον.

2191 1021 2252 1073 '0
2278 1019 2468 1088 ἱερεὺς
2495 1018 2676 1086 λέγει.
2705 1013 3200 1084 Εὐχαριστήσωμεν
3227 1008 3304 1079 τῷ
3331 1005 3540 1076 Κυρίῳ.

2192 1113 2246 1163 ’0
2277 1110 2426 1174 λαὸς
2457 1109 2641 1176 λέγει.
2671 1103 2854 1168 Ἀξιον
2888 1102 2980 1155 καὶ
3007 1101 3236 1154 δίκαιον.

2193 1205 2247 1256 ’0
2296 1203 2490 1272 ἱερεὺς
2533 1199 2714 1268 λέγει.
2748 1196 2932 1261 Ἀξιον
2979 1193 3073 1248 καὶ
3119 1192 3348 1254 δίκαιον,
3397 1185 3547 1251 ἄξιον
3596 1182 3696 1238 καὶ

2113 1299 2338 1352 δίκαιον.

2513 1384 2683 1455 Ἀρχὴ
2719 1383 2828 1451 τῆς
2870 1377 3279 1449 προσκομιδης

2199 1479 2437 1550 Ἀληθῶς
2480 1477 2588 1549 γὰρ
2629 1477 2774 1543 ἄξιόν
2808 1477 2976 1537 ἐστιν,
3008 1473 3102 1526 καὶ
3137 1469 3344 1522 δίκαιόν
3388 1484 3446 1520 σε
3493 1466 3690 1527 αἰνεῖν,

2119 1575 2176 1627 σὲ
2217 1572 2478 1640 εὐλογεῖν,
2519 1571 2577 1622 σὲ
2626 1567 2969 1640 προσκυνεῖν,
3014 1564 3073 1616 σὲ
3117 1561 3360 1626 δοξάζειν
3393 1561 3483 1614 τὸν
3529 1559 3697 1631 μόνον

443 1676 497 1721 te
529 1667 853 1737 gloriﬁcare,
884 1667 1058 1720 solum
1085 1681 1270 1718 verum
1307 1663 1498 1729 Deum,
1532 1662 1751 1716 humani
1803 1660 2016 1730 generis

2143 1664 2365 1736 ιληθινὸν
2397 1663 2549 1726 Θεὸν,
2581 1661 2673 1715 τὸν
2706 1658 3106 1729 φιλάνθρωπον,
3132 1656 3221 1708 τὸν
3255 1655 3554 1725 ἄφραστον.
3599 1651 3696 1704 τὸν

445 1769 767 1819 amatorem,
796 1755 1148 1818 ineil'abilem,
1205 1753 1551 1818 invisibilem,
1616 1751 2014 1806 incircumscri-

2143 1730 2371 1827 ιόρατον,
2415 1754 2507 1807 τὸν
2551 1751 2852 1824 ἀχώρητον,
2899 1748 2990 1801 τὸν
3026 1747 3281 1818 ἄναρχον,
3314 1744 3404 1796 τὸν
3450 1743 3697 1802 αἰώνιον,

444 1861 618 1920 ptum,
653 1849 771 1902 sine
806 1847 1094 1917 principio,
1121 1855 1409 1908 mternum,
1459 1844 1579 1898 sine
1627 1852 1888 1912 tempore,
1919 1843 2017 1896 im-

445 1940 890 2005 mensurabilem,
923 1938 1338 2002 immutabilem,
1376 1953 1476 1992 nec
1511 1936 1839 2007 cogitatione
1867 1949 2016 1988 com-

446 2031 866 2102 prehensibilem
901 2048 914 2084 :
951 2029 1213 2085 factorem
1236 2029 1641 2091 universorum,
1673 2027 2018 2081 liberatorem

446 2122 687 2176 Omnium
715 2139 728 2174 :
759 2121 847 2189 qui
878 2121 1186 2190 propitiaris
1241 2117 1492 2173 omnibus
1527 2117 1900 2187 iniquitatibus
1931 2131 2023 2171 no-

449 2213 603 2280 stris,
640 2213 731 2282 qui
763 2227 924 2267 sanas
950 2227 1138 2267 omnes
1186 2210 1531 2266 inﬁrmitates
1564 2221 1803 2277 nostras,
1827 2210 1918 2279 qui
1943 2226 2023 2264 re-

451 2307 610 2361 dimis
643 2307 708 2361 de
735 2306 1089 2373 corruptione
1122 2306 1285 2356 vitam
1329 2311 1590 2364 nostram,
1643 2301 1734 2370 qui
1793 2315 2022 2355 coronas

451 2413 553 2452 nos
579 2398 632 2452 in
669 2397 1042 2452 misericordia
1066 2405 1119 2451 et
1151 2393 1610 2449 miserationibus.
1665 2393 1742 2448 Te
1801 2392 2024 2446 laudant

451 2490 651 2560 angeli,
685 2499 736 2544 te
768 2489 995 2545 adorant
1025 2487 1332 2556 archangeli
1357 2526 1374 2552 ,
1407 2497 1458 2540 te
1507 2485 1722 2557 hymnis
1751 2484 2025 2538 celebrant

452 2581 814 2651 principatus,
861 2589 914 2634 te
967 2578 1363 2633 dominationes
1413 2575 1753 2631 inclamant:
1797 2573 2022 2643 gloriam

459 2684 603 2726 tuam
635 2682 931 2741 potestates
959 2670 1277 2740 praedicant,
1315 2668 1408 2722 tibi
1441 2668 1618 2722 throni
1679 2666 2022 2720 acclamatio—

457 2776 552 2816 nes
581 2763 830 2826 mittunt,
873 2760 1018 2814 mille
1045 2759 1259 2813 millena
1284 2758 1378 2812 tibi
1402 2757 1687 2818 assistunt,
1739 2763 1796 2809 et
1849 2753 2026 2809 decies

459 2851 604 2904 mille
629 2851 840 2904 millena
879 2849 970 2903 tibi
1004 2849 1362 2903 ministerium
1383 2844 1633 2900 oﬂ'erunt.
1655 2844 1730 2899 Te
1747 2845 2027 2899 celebrant

459 2941 768 3006 invisibilia,
820 2949 870 2994 te
919 2939 1148 2992 adorant
1194 2953 1257 2993 ea
1316 2951 1437 3008 quze
1475 2937 1723 2990 videntur
1775 2934 2025 2989 facientia

456 3032 682 3083 verbum
719 3041 887 3091 tuum,
921 3029 1166 3083 Domine.

531 3119 797 3174 Diaconus
821 3121 974 3174 dicit.
1003 3121 1105 3187 Qui
1142 3130 1342 3174 senetls
1371 3120 1594 3189 surgite.

531 3211 813 3267 Sacerdos.
837 3212 915 3266 Tu
944 3212 1034 3280 qui
1071 3226 1150 3277 es,
1185 3226 1219 3265 ο
1244 3211 1403 3274 Deus,
1436 3210 1656 3264 Domine
1693 3222 1816 3262 vere
1841 3221 1907 3262 ex
1924 3206 2031 3260 Deo

459 3318 612 3366 vero,
647 3303 736 3369 qui
767 3301 945 3355 Patris
978 3303 1156 3355 lumen
1180 3303 1336 3355 nobis
1358 3300 1774 3365 demonstrasti,
1798 3299 1890 3368 qui
1929 3313 2030 3350 no-

459 3393 543 3448 bis
581 3393 752 3446 sancti
784 3393 1016 3460 Spiritus
1039 3394 1400 3461 cognitionem
1443 3408 1626 3447 veram
1672 3391 1986 3446 concessisti
2015 3408 2028 3444 :

461 3485 552 3554 qui
585 3497 835 3554 magnum
892 3485 992 3538 hoc
1031 3485 1152 3538 vitae
1207 3485 1522 3554 mysterium
1579 3483 1899 3538 ostendisti:
1941 3484 2030 3551 qui

461 3575 780 3630 hominibus
824 3576 1102 3630 instituisti
1141 3575 1338 3631 choros
1391 3577 1852 3644 incorporeorum,
1907 3576 2030 3628 dum

463 3666 804 3734 serapbicum
867 3668 1042 3730 nobis,
1097 3668 1190 3736 qui
1241 3667 1292 3721 in
1351 3675 1493 3721 terra
1541 3681 1744 3731 sumus,
1777 3667 2031 3736 hymnum

467 3756 754 3818 tradidisti,
790 3757 1003 3824 suscipe
1035 3771 1160 3810 cum
1190 3756 1543 3810 invisibilium
1575 3771 1724 3821 voce,
1748 3757 1910 3810 etiam
1945 3770 2038 3808 no-

464 3860 664 3905 stram.
693 3847 972 3917 Conjunge
1034 3863 1133 3904 nos
1171 3850 1530 3918 potestatibus
1574 3848 1905 3903 ctelestibus.
1932 3845 2038 3900 Lo-

467 3956 702 4010 quamur
725 3943 887 3994 etiam
938 3948 992 3993 et
1048 3956 1146 3995 nos
1191 3956 1311 3994 cum
1353 3941 1506 4009 ipsis,
1557 3939 1763 4007 abiecta
1795 3938 2034 3994 omnium

467 4035 825 4086 absurdarum
859 4032 1245 4102 cOgitationum
1293 4033 1699 4102 imaginatione,
1746 4041 1802 4086 et
1840 4031 2039 4086 clame-

471 4139 594 4177 lllllS
619 4139 739 4194 quae
762 4123 859 4192 ipsi
893 4122 1304 4176 incessabilibtts
1346 4122 1564 4178 vocibus
1595 4121 1952 4191 proclamant,
1981 4128 2038 4174 et

468 4217 835 4271 indesinenter
884 4214 1305 4283 magnitudinem
1365 4225 1510 4268 tuam
1555 4215 1740 4268 oribus
1796 4212 2040 4267 celebre-

469 4323 612 4361 InllS.

544 4401 810 4454 Diaconus
841 4400 992 4454 dicit.
1034 4399 1113 4453 Ad
1147 4399 1408 4454 orientem
1442 4397 1681 4465 aspicite.

542 4490 821 4546 Sacerdos.
865 4489 940 4544 Te
969 4493 1110 4544 enim
1154 4488 1568 4544 circumsistunt
1621 4487 1916 4555 seraphim,
1943 4501 2040 4541 sex

471 4583 570 4633 ala:
600 4582 716 4644 uni,
755 4589 809 4633 et
836 4594 928 4634 sex
957 4579 1054 4632 ala:
1077 4578 1266 4633 alteri:
1303 4577 1510 4630 duabus
1547 4575 1761 4645 quidem
1805 4576 1903 4628 alis
1946 4589 2040 4627 ve-

470 4671 584 4725 lant
610 4670 775 4724 facies
808 4685 957 4734 suas,
981 4670 1192 4724 duabus
1219 4669 1382 4736 pedes
1407 4681 1560 4734 suos,
1587 4677 1642 4722 et
1701 4667 1907 4721 duabus
1941 4679 2039 4720 vo-

471 4765 664 4828 lantes,
692 4765 932 4818 clamant
959 4764 1096 4817 alter
1124 4763 1190 4815 ad
1231 4760 1479 4816 alterum.

540 4941 662 4994 Alta
691 4957 826 4995 voce.
868 4939 1273 5009 Triumphalem
1305 4940 1564 5010 hymnum
1593 4939 1909 4993 salutarium
1941 4953 2040 4991 no-

470 5043 703 5086 strorum
763 5046 892 5084 voce
948 5031 1092 5084 clara
1158 5040 1213 5085 et
1249 5029 1416 5084 nitida
1465 5029 1737 5084 celebrant
1811 5040 2036 5094 canunt,

469 5123 728 5188 clamant,
761 5123 1005 5186 laudant,
1035 5121 1334 5177 clamantes
1364 5132 1422 5176 et
1447 5121 1708 5176 dicentes.

544 5298 824 5352 Diaconus.
857 5297 1234 5352 Attendamus.

545 5385 808 5452 Populus.
849 5386 1103 5452 Sanctus,
1141 5395 1381 5453 sanctus,
1419 5397 1641 5443 sanctus
1671 5387 1930 5444 Dominus
1951 5404 2039 5443 sa-

472 5477 657 5544 baoth,
686 5476 902 5546 plenum
927 5485 1010 5532 est
1031 5477 1253 5542 ccelum,
1281 5488 1390 5533 etc.

545 5567 820 5624 Sacerdos.
857 5570 1110 5636 Sanctus,
1135 5581 1357 5626 sanctus
1386 5585 1466 5638 es,
1490 5571 1733 5635 Domine.
1757 5573 2041 5628 ctomnino

474 5670 709 5716 sanctus.
747 5660 1015 5716 Eximium
1079 5669 1164 5718 est
1204 5661 1519 5718 substantia:
1567 5672 1671 5718 tuae
1693 5663 1870 5719 lumen
1953 5664 2037 5719 in-

2065 4407 2111 4462 D

2115 1849 2205 1901 τδν
2234 1848 2477 1920 ἄχρονον,
2508 1846 2597 1898 τὸν
2635 1844 2964 1915 ἀμέτρητον,
2999 1840 3089 1893 τὸν
3119 1839 3409 1909 ἄτρεπτον,
3433 1835 3526 1887 τὸν
3556 1835 3698 1886 ἀπε-

2120 1941 2362 2011 ρινόητον
2381 1957 2394 1970 ·
2429 1939 2519 1991 τὸν
2560 1937 2788 2006 ποιητὴν
2827 1933 2934 1985 τῶν
2963 1932 3122 1994 ὅλων,
3151 1929 3242 1982 τὸν
3274 1927 3553 1998 λυτρωτὴν
3585 1923 3700 1975 τῶν

2119 2031 2408 2084 ἁπάντων·
2449 2029 2540 2082 τὸν
2587 2024 2969 2080 εὺιλατεύοντα
3022 2020 3222 2082 πάσαις
3271 2021 3388 2080 ταῖς
3442 2014 3702 2085 ἀνομίαις

2119 2121 2306 2193 ἡμῶν·
2357 2120 2448 2174 τὸν
2502 2118 2729 2189 ἰώμενον
2785 2117 2964 2177 πάσας
3016 2112 3202 2174 νόσους
3244 2109 3430 2180 ἡμῶν·
3462 2106 3552 2159 τὸν
3599 2103 3703 2157 λυ-

2119 2210 2414 2282 τρούμενον
2455 2212 2520 2263 ὲκ
2550 2209 2754 2280 φθορᾶς
2795 2207 2894 2277 τὴν
2933 2203 3075 2275 ζωὴν
3121 2201 3310 2273 ἡμῶν·
3343 2199 3434 2251 τὸν
3491 2214 3703 2266 στεφα-

2121 2305 2312 2358 νοῦντα
2343 2305 2523 2375 ἡμᾶς,
2574 2305 2632 2355 ὲν
2665 2301 2804 2354 ὲλέει
2838 2297 2932 2352 καὶ
2978 2296 3299 2365 οἰκτιρμοῖς.
3341 2291 3407 2343 Σὲ
3453 2288 3704 2343 αἰνοῦσιν

2122 2399 2371 2468 ἄγγελοι·
2421 2397 2481 2449 σὲ
2541 2391 2934 2466 προσκυνοῦσιν
3003 2385 3364 2459 ἀρχάγγελοι·
3417 2383 3476 2436 σὲ
3526 2380 3707 2451 ἀρχαὶ

2124 2489 2385 2560 ὑμνοῦσι·
2424 2488 2484 2541 σὲ
2529 2485 2847 2558 κυριότητες
2889 2479 3288 2553 ἀνακράζουσι·
3324 2477 3422 2548 τὴν
3465 2475 3563 2544 σὴν
3608 2471 3704 2525 δό-

2124 2581 2221 2648 ξαν
2263 2580 2502 2647 ἐξουσίαι
2552 2575 2976 2647 ἀναγορεύουσι·
3017 2574 3100 2626 σοὶ
3148 2570 3325 2642 θρόνοι
3374 2568 3474 2637 τὴν
3525 2564 3707 2635 εὐφη-

2127 2669 2256 2740 μίαν
2305 2668 2725 2738 ἀναπέμπουσι·
2772 2663 2939 2735 χίλιαι
2985 2661 3222 2733 χιλιάδες
3276 2675 3356 2710 σοι
3408 2655 3706 2726 παραστή-

2125 2778 2312 2828 κουσι,
2364 2761 2456 2813 καὶ
2510 2758 2701 2830 μύριαι
2754 2755 3012 2828 μυριάδες
3073 2770 3154 2806 σοι
3204 2751 3300 2822 τὴν
3362 2747 3710 2817 λειτουργίαν

2126 2855 2479 2925 προσάγουσι.
2511 2853 2577 2904 Σὲ
2609 2852 2768 2920 ὑμνεῖ
2803 2849 2872 2902 τὰ
2913 2848 3154 2920 ἀόρατα·
3193 2845 3252 2898 σὲ
3301 2844 3592 2913 προσκυνεῖ
3637 2839 3713 2893 τὰ

2126 2946 2465 3017 φαινόμενα,
2521 2943 2698 2997 πάντα
2765 2939 3022 2994 ποιοῦντα
3074 2938 3166 2991 τὸν
3225 2935 3382 3003 λόγον
3429 2950 3547 2999 σου,
3600 2932 3712 2984 Δέ-

2067 3034 2094 3092 ἑι
2128 3055 2319 3092 σποτα.

2213 3129 2269 3180 '0
2301 3125 2577 3192 διάκονος
2614 3123 2794 3194 λέγει.
2829 3124 2890 3176 Οἱ
2921 3120 3220 3191 καθήμενοι
3255 3118 3541 3188 ἀνάστητε.

2213 3217 2274 3270 '0
2309 3217 2498 3286 ἱερεὺς
2539 3215 2722 3284 λέγει.
2775 3214 2832 3266 Ὀ
2878 3212 2953 3265 ὢν
3005 3212 3090 3265 θεὲ
3146 3211 3318 3282 Κύριε
3377 3207 3593 3279 ἀληθινὲ
3647 3208 3718 3258 ἐκ

2131 3310 2266 3364 Θεοῦ
2310 3308 2598 3382 ἀληθινοῦ·
2646 3310 2675 3362 ό
2717 3305 2811 3361 τοῦ
2866 3306 3080 3378 Πατρός
3129 3306 3261 3376 ἡμῖν
3309 3302 3592 3367 ὑποδείξας
3649 3300 3717 3353 τὸ

2133 3402 2364 3470 φέγγος·
2400 3403 2428 3454 ὁ
2466 3400 2561 3452 τοῦ
2603 3399 2755 3468 ἁγίου
2798 3399 3115 3467 Πνεύματος
3154 3397 3254 3466 τὴν
3297 3393 3474 3465 ἀληθῆ
3505 3391 3714 3460 γνῶσιν

2133 3495 2264 3564 ἡμῖν
2297 3493 2696 3563 χαρισάμενος·
2739 3492 2768 3543 ό
2798 3490 2858 3542 τὸ
2891 3489 3033 3559 μέγα
3074 3485 3232 3539 τοῦτο
3258 3486 3357 3556 τῆς
3386 3483 3529 3554 ζωῆς
3573 3484 3712 3536 ἀνα-

2133 3587 2311 3654 δείξας
2337 3584 2399 3638 τδ
2428 3584 2721 3656 μυστήριον
2741 3599 2753 3612 ·
2787 3584 2816 3634 ὁ
2849 3581 2948 3652 τὴν
2973 3579 3084 3634 τῶν
3111 3579 3418 3648 ἀσωμάτων
3453 3579 3566 3640 τοῖς
3614 3577 3716 3628 ἀνο

2135 3677 2373 3750 Θρὼποις
2431 3672 2788 3747 χοροστασίαν
2843 3671 3172 3742 πηξάμενος.
3217 3671 3274 3721 Ὀ
3329 3667 3426 3739 τὴν
3469 3666 3576 3719 τῶν
3622 3683 3713 3719 σε-

2139 3771 2314 3842 ραφὶμ
2339 3769 2452 3831 τοῖς
2496 3765 2589 3819 ὲπὶ
2631 3765 2732 3836 γῆς
2761 3761 3031 3833 παραδοὺς
3071 3757 3360 3830 ὑμνῳδίαν,
3387 3757 3532 3822 δέξαι
3569 3758 3714 3827 μετά

2135 3861 2245 3913 τῶν
2278 3860 2524 3931 ἀοράτων
2584 3856 2678 3910 καὶ
2728 3853 2825 3926 τὴν
2862 3843 3154 3924 ’ἡμετέραν
3211 3851 3414 3920 φωνήν.
3467 3848 3714 3918 Σύναψον

2137 3952 2284 4022 ἡμᾶς
2341 3951 2460 4011 ταῖς
2528 3947 2880 4017 ὲπουρανίαις
2937 3944 3246 4012 δυνάμεσιν.
3297 3942 3553 4011 Εἴπωμεν
3614 3942 3716 3994 καὶ

2135 4044 2296 4113 ἡμεῖς
2331 4041 2445 4111 μετ’
2473 4038 2650 4093 αὐτῶν
2703 4039 2883 4090 πᾶσαν
2932 4037 3132 4091 ἄτοπον
3190 4033 3396 4086 ἔννοιαν
3435 4032 3717 4103 περιστεί-

2136 4131 2326 4196 λαντες
2384 4130 2674 4201 βοήσωμεν
2725 4127 2915 4197 ὥσπερ
2961 4128 3195 4191 ἐκεῖναι,
3245 4126 3365 4186 ταῖς
3429 4123 3715 4194 ἀσιγήτοις

2139 4222 2435 4294 ἀνακράξει
2479 4223 2703 4291 φωναῖς,
2751 4217 3197 4280 ἀκαταπαύστοις
3242 4217 3473 4286 στόμασι
3506 4215 3568 4268 τὸ
3619 4217 3715 4270 σὸν

2142 4311 2423 4384 μεγαλεῖον
2453 4311 2592 4382 ὑμνή
2600 4325 2797 4379 σωμεν.

2217 4405 2281 4457 '0
2317 4402 2593 4467 διάκονος
2617 4400 2796 4471 λέγει.
2825 4400 2919 4462 Είς
2947 4396 3208 4459 ἀνατολὰς
3235 4396 3480 4466 βλέπετε.

2221 4489 2284 4542 '0
2319 4488 2510 4556 ἱερεὺς
2555 4485 2732 4556 λέγει.
2766 4487 2855 4539 Σοὶ
2897 4485 3006 4557 γὰρ
3050 4487 3392 4556 παραστήκει
3424 4483 3607 4554 κύκλῳ
3645 4483 3717 4537 τὰ

2143 4580 2382 4650 σεραφὶμ
2427 4579 2485 4645 ἒξ
2531 4579 2800 4648 πτέρυγες
2847 4576 2925 4646 τῷ
2973 4577 3080 4629 ἑνί·
3127 4576 3220 4628 καὶ
3273 4577 3393 4638 ταῖς
3441 4573 3538 4643 μὲν
3585 4575 3715 4627 δυσὶ

2141 4667 2366 4739 πτέρυξι
2398 4666 2872 4720 κατακαλύπτουσι
2910 4664 2980 4716 τὰ
3011 4664 3276 4735 πρόσωπα
3316 4663 3556 4716 ἑαυτῶν·
3593 4667 3718 4726 ταῖς

2141 4758 2198 4811 δὲ
2225 4758 2346 4810 δυσὶ
2372 4759 2497 4820 τοὺς
2529 4756 2696 4818 πόδας
2735 4755 2940 4807 ἑαυτῶν
2966 4771 2980 4784 ·
3012 4755 3105 4807 καὶ
3147 4757 3266 4816 ταῖς
3315 4754 3412 4823 μὲν
3451 4752 3570 4806 δυσὶ
3617 4771 3718 4805 πε-

2140 4849 2361 4919 τόμενα,
2393 4848 2486 4901 καὶ
2514 4847 2814 4916 ὲκέκραγον
2849 4845 3035 4916 ἓτερον
3065 4845 3201 4915 πρὸς
3224 4847 3430 4914 ἕτερον.

2225 4937 2607 5008 Ἐκφωνήσει.
2637 4937 2741 4989 Τὸν
2773 4937 3040 4989 ἐπινίκιον
3087 4935 3254 5006 ὕμνον
3289 4936 3397 4988 τῶν
3432 4936 3717 5007 σωτηριῶν

2143 5031 2322 5102 ἡμῶν,
2357 5031 2493 5101 μετά
2524 5029 2710 5100 φωνῆς
2735 5027 2969 5094 ἐνδόξου,
2998 5028 3224 5100 λαμπρᾷ
3251 5032 3316 5100 τῇ
3351 5032 3522 5100 φωνῇ,
3558 5031 3719 5100 ὑμνο-

2142 5122 2419 5189 λογοῦντα,
2461 5122 2672 5194 ᾅδοντα,
2708 5120 2935 5191 βοῶντα,
2970 5121 3370 5190 δοξολογοῦντα,
3407 5140 3716 5193 κεκραγότα

2141 5214 2234 5266 καί
2266 5212 2511 5279 λέγοντα.

2243 5307 2285 5356 0
2317 5301 2595 5368 διάκονος
2628 5302 2809 5372 λέγει.
2844 5303 3174 5374 Πρόσχωμεν

2227 5395 2288 5447 '0
2318 5395 2468 5460 λαὸς
2499 5395 2684 5465 λέγει.
2729 5396 2936 5464 Ἀγιος,
2973 5398 3147 5464 ἅγιος,
3182 5395 3335 5465 ἅγιος
3373 5395 3576 5466 Κύριος
3620 5412 3717 5448 σα-

2141 5484 2310 5550 suae,
2342 5485 2555 5556 πλήρης
2577 5487 2605 5537 ό
2639 5487 2889 5557 οὐρανὸς,
2921 5486 3030 5542 κ.λ.

2221 5577 2284 5629 '0
2325 5577 2516 5646 ἱερεὺς
2569 5577 2749 5646 λέγει.
2783 5578 2993 5646 Ἄγιος,
3046 5578 3200 5646 ἀγιος
3249 5574 3332 5645 εἷ,
3367 5578 3562 5649 Κύριε,
3622 5578 3718 5634 καὶ

2143 5667 2426 5734 πανάγιος.
2470 5666 2776 5738 Ἑξαίρετόν
2834 5683 2926 5719 σου
2983 5666 3083 5736 τῆς
3136 5667 3324 5730 οὐσίας
3372 5667 3431 5720 τὸ
3477 5667 3716 5736 φέγγος·
