3898 6222
217 267 338 325 709
1186 276 1512 334 LITURGIA
1557 281 1613 337 S.
1656 283 1985 342 GREGORII
2021 291 2540 354 ALEXANDRINA.
3377 311 3481 371 710

213 382 504 454 ἄφραστος
534 399 627 436 σου
650 384 749 455 τῆς
773 385 966 455 σοφίας
987 388 1020 457 ἠ
1047 385 1297 460 δύναμις.
1315 393 1505 457 Οὐδεὶς
1525 393 1682 464 λόγος
1715 399 1782 451 ὲκη

1908 403 2242 472 explicabilis
2261 419 2346 464 est
2373 421 2474 464 tuae
2504 412 2784 480 sapientia:
2814 416 3074 484 potentia.
3091 416 3283 476 Nullus
3305 436 3484 480 sermo

217 474 491 546 μετρήσει
517 475 616 544 τῆς
644 477 744 546 σῆς
774 477 1184 548 φιλανθρωπίας
1215 480 1277 533 τὸ
1303 483 1555 553 πέλαγος.
1588 487 1776 559 Ἐποίη

1911 495 2223 552 dimetietur
2245 474 2598 565 benignitatis
2631 512 2733 558 tute
2782 474 2907 577 erga
2955 508 3202 566 homines

213 564 329 628 σάς
365 581 432 634 με
483 565 790 637 ἄνθρωπον,
833 568 908 631 ὡς
940 570 1338 644 φιλάνθρωπος,
1381 590 1479 628 ουκ
1516 579 1680 642 αὐτὸς
1710 582 1775 651 τῆ

2376 564 2381 565 γ
2843 564 2871 577 ν
3186 564 3195 566 ι
3240 564 3481 584 νηΐ---

1909 585 2106 641 Fecisti
2137 603 2220 642 me
2247 590 2540 659 hominem,
2597 601 2854 665 tanquam
2905 614 3031 666 erga
3071 601 3361 658 humanum
3393 621 3486 676 ge-

208 655 370 726 ἐμῆς
400 657 614 729 ἐπιδεὴς
642 659 906 725 δουλείας,
943 661 1053 731 ἐγὼ
1089 663 1145 715 δὲ
1183 666 1380 735 μᾶλλον
1403 669 1502 739 τῆς
1544 670 1644 740 σῆς
1676 672 1780 743 Χρῄ

2526 655 2536 659 -
2710 655 2724 665 .
2969 655 2998 666 ..
3393 655 3452 676 ιςν

1911 694 2012 733 nus
2047 681 2330 752 benignus,
2359 700 2465 738 non
2489 687 2629 754 quod
2655 689 2875 743 servitio
2899 705 3020 745 meo
3048 693 3338 762 indigeres,
3359 711 3482 752 cum

209 747 333 812 ζων
363 748 698 814 δεσποτείας.
729 753 842 806 Οὐκ
873 753 1002 807 ὄντα
1038 772 1105 826 με
1133 756 1202 809 δι’
1239 759 1640 830 εὑσπλαγχνίαν
1669 781 1779 834 παρ

1909 784 2010 840 ego
2041 773 2220 842 potius
2253 784 2345 828 tuo
2377 789 2515 844 Opus
2546 777 2800 833 haberem
2827 782 3086 836 dominio.
3121 783 3206 839 Me
3235 800 3354 840 cum
3375 803 3481 842 non

209 838 458 909 ἤγαγες·
511 841 739 913 οὐρανόν
795 861 885 914 μοι
938 846 1076 917 πρὸς
1127 847 1323 919 ὄροφον
1379 850 1650 922 ἔστησας,
1704 856 1808 925 γῆν

1909 875 2107 928 essem,
2139 866 2509 926 misericordia
2573 878 2659 924 tua
2715 873 3063 940 produxisti,
3119 876 3315 931 ccelum
3348 879 3480 933 mihi
3577 923 3580 926 ι

213 947 315 1000 μοι
357 930 493 1002 πρὸς
523 932 680 1003 βάσιν
718 935 1066 1009 κατέπηξας·
1102 938 1170 993 δι’
1209 941 1311 1011 ἐμὲ
1359 941 1634 998 θάλασσαν
1675 945 1805 1016 ἐχα-

209 1020 482 1086 λίνωσας·
518 1023 585 1077 δι’
632 1025 731 1096 ἐμὲ
781 1027 881 1097 τὴν
930 1027 1090 1097 φύσιν
1121 1030 1228 1083 τῶν
1285 1030 1438 1094 ζώων
1491 1035 1801 1100 άνέδειξας·

212 1113 400 1166 πάντα
434 1116 707 1183 ὑπέταξας
743 1119 847 1172 ὑπὸ
883 1119 991 1174 τῶν
1037 1122 1213 1175 ποδῶν
1266 1141 1367 1193 μου
1389 1142 1402 1154 ·
1451 1125 1558 1177 οὐδ’
1592 1126 1650 1181 ἓν
1696 1127 1805 1182 τῶν

206 1204 321 1272 τῆς
367 1205 467 1274 σῆς
524 1207 935 1280 φιλανθρωπίας
986 1211 1044 1263 ὲν
1092 1211 1216 1282 ἐμοὶ
1273 1215 1614 1285 πραγμάτων
1659 1234 1804 1288 παρ-

207 1295 462 1360 έλειπας.

317 1413 362 1462 0
385 1411 538 1478 λαὸς
563 1411 743 1482 λέγει.
780 1412 972 1484 Κύριε,
1001 1414 1240 1486 ἐλέησον.

315 1524 361 1573 0
391 1522 582 1589 ἱερεὺς
612 1522 793 1593 λέγει.
827 1523 900 1576 Σὺ
935 1524 1174 1589 ἔπλασάς
1206 1545 1293 1598 με,
1336 1530 1431 1582 καὶ
1478 1530 1684 1602 ἔθηκας
1712 1532 1798 1585 ἐπ’

1909 955 2064 1022 quasi
2099 965 2302 1010 tectum
2346 960 2715 1014 constituisti:
2746 971 2942 1017 terram
2975 975 3033 1018 ut
3063 965 3114 1019 in
3146 980 3209 1022 ea
3233 967 3481 1022 ambula-

1908 1057 2022 1096 rem
2049 1045 2391 1101 stabilivisti:
2429 1058 2649 1118 propter
2698 1067 2783 1106 me
2821 1068 2969 1108 mare
3047 1054 3313 1119 frenasti;
3363 1072 3481 1125 pro-

1905 1142 2029 1201 pter
2054 1150 2140 1188 me
2191 1149 2438 1190 naturam
2503 1140 2817 1196 animalium
2867 1147 3100 1211 creasti;
3147 1149 3325 1203 omnia
3351 1151 3480 1203 sub-

1899 1220 2077 1289 jecisti
2132 1226 2230 1278 sub
2287 1228 2518 1293 pedibus
2558 1231 2709 1294 meis,
2745 1247 2917 1302 neque
2967 1234 3314 1303 benignitatis
3345 1253 3475 1308 erga

1905 1327 1992 1366 me
2033 1323 2133 1367 tua;
2158 1315 2451 1384 quidquam
2480 1319 2730 1374 omisiSti.

1974 1423 2230 1495 Populus.
2259 1428 2446 1498 Kyrie,
2473 1431 2694 1490 eleison.

1974 1538 2253 1594 Sacerdos.
2282 1540 2361 1606 Tu
2399 1543 2640 1598 formasti
2693 1562 2777 1598 me
2817 1557 2871 1602 et
2914 1551 3135 1620 posuisti
3176 1569 3340 1624 super
3387 1571 3473 1611 me

200 1612 314 1681 ἐμὲ
359 1613 460 1684 τὴν
501 1615 660 1686 χεῖρά
694 1632 820 1667 σου·
859 1616 958 1687 τῆς
1005 1620 1103 1687 σῆς
1142 1618 1389 1684 ἐξουσίας
1431 1623 1488 1673 ὲν
1533 1622 1656 1692 ἐμοὶ⁵
1699 1624 1782 1694 τὴς

1900 1641 2119 1681 manum
2150 1640 2318 1697 tuam,
2360 1637 2641 1702 potestatis
2694 1646 2796 1692 tua:
2836 1639 2887 1693 in
2915 1612 3010 1695 ume
3041 1612 3322 1715 imaginem
3373 1648 3470 1702 de-

199 1703 399 1755 είκόνα
443 1704 793 1776 ὑπέγραψας·
828 1709 921 1761 τοῦ
969 1708 1127 1778 λόγου
1169 1713 1230 1765 τὸ
1274 1713 1444 1785 δῶρον
1489 1717 1782 1789 ὲνέθηκας·

1901 1717 2164 1786 scripsisti
2215 1723 2490 1778 :ratiouis
2546 1727 2744 1780 donum
2799 1730 3037 1786 indidisti
3090 1749 3106 1786 :
3158 1736 3468 1803 paradisum

198 1795 295 1856 είς
335 1795 550 1865 τρυφήν
597 1813 687 1866 μοι
731 1797 824 1850 τὸν
879 1800 1208 1871 παράδεισον
1246 1805 1500 1875 ἥνοιξας·
1552 1806 1653 1876 τῆς
1694 1808 1782 1879 σῆς

1899 1810 2029 1863 mihi
2074 1811 2140 1864 ad
2191 1813 2644 1870 oblectamentum
2682 1835 2859 1874 meum
2918 1826 3177 1892 aperuisti
3211 1845 3224 1882 :
3265 1830 3470 1898 cogita—

196 1884 466 1954 γνώσεως
520 1886 619 1956 τὴν
663 1887 1012 1945 διδασκαλίαν
1061 1893 1415 1965 παρέδωκας·
1464 1897 1669 1962 ἕδειξάς
1724 1916 1782 1970 με

1896 1899 2055 1956 tionis
2106 1913 2210 1958 tuae
2260 1905 2559 1962 doctrinam
2627 1911 2898 1966 tradidisti
2943 1931 2956 1968 :
2995 1919 3244 1971 arborem
3311 1921 3466 1988 mihi,

197 1975 265 2028 τὸ
303 1975 520 2048 δένδρον
574 1978 675 2047 τῆς
744 1979 926 2050 ζωῆς¹
975 2000 1065 2052 μοι
1117 1983 1270 2048 ξύλον
1328 1987 1642 2053 ὑπέδειξας·
1693 1989 1782 2043 τοῦ

1893 1989 2098 2064 lignum
2145 1995 2271 2050 vitae
2320 1999 2628 2064 ostendisti,
2661 2010 2716 2055 et
2765 2003 2955 2058 mortis
2988 2006 3269 2062 stimulum
3299 2011 3467 2078 signi-

197 2067 443 2122 Θανάτου
472 2069 532 2122 τὸ
569 2070 792 2141 κέντρον
831 2071 1166 2144 ὲγνιῦρισας·
1203 2077 1322 2141 ἑνός
1356 2096 1446 2149 μοι
1479 2080 1646 2149 φυτοῦ
1690 2082 1782 2152 τὴν

1892 2084 2090 2150 ﬁcasti,
2129 2088 2290 2143 unius
2334 2089 2528 2158 planta:
2564 2091 2874 2148 fruitionem
2933 2095 3065 2152 mibi
3120 2067 3466 2170 prohibuisti,

194 2158 509 2213 ἀπόλαυσιν
536 2161 920 2232 ἀπηγόρευσας
945 2181 958 2193 ·
1010 2164 1070 2230 ἐξ
1100 2165 1262 2220 αὑτοῦ
1313 2168 1475 2233 μόνου
1508 2165 1600 2223 οὖν
1629 2167 1782 2236 εἶπάς

1892 2189 1957 2230 ex
1996 2190 2057 2229 ea
2087 2178 2199 2232 sola
2245 2179 2428 2234 dixisti
2461 2197 2530 2236 ne
2568 2186 2906 2241 comederem
2949 2206 2964 2243 :
3003 2173 3253 2258 comedi,
3293 2193 3466 2263 legent

199 2267 299 2321 μοι
338 2251 414 2322 μὴ
450 2257 672 2322 φαγεῖν·
711 2253 934 2325 ἔφαγον,
962 2256 1126 2328 νόμον
1151 2258 1392 2331 ὴΘέτησα
1413 2277 1426 2290 ·
1459 2261 1653 2336 γνώμῃ
1690 2264 1782 2334 τῆς

1892 2265 2110 2336 insuper
2156 2269 2342 2335 habui,
2372 2279 2428 2325 et
2467 2285 2535 2325 ex
2590 2274 2758 2328 animi
2808 2279 3076 2331 sententia
3139 2251 3465 2352 praeceptum

193 2343 428 2413 ἐντολῆς
460 2345 827 2418 παρημέλησα
846 2365 860 2379 ·
895 2347 1007 2417 ἐγὼ
1040 2349 1097 2402 δὲ
1135 2349 1230 2404 τοῦ
1258 2350 1489 2407 Θανάτου
1521 2355 1620 2426 τὴν
1653 2357 1788 2410 ἁπό-

195 2450 376 2504 φασιν
405 2437 652 2506 ἦρπασα.

287 2525 356 2578 '0
381 2527 534 2594 λαὸς
558 2527 741 2598 λέγει.
771 2530 964 2603 Κύριε,
996 2532 1220 2605 ἐλέησον

283 2638 352 2693 '0
385 2640 579 2708 ἱερεὺς
605 2642 784 2714 λέγει.
825 2644 897 2698 Σύ
935 2663 1046 2716 μοι,
1087 2641 1132 2701 ὧ
1183 2648 1452 2713 Δέσποτα,
1482 2650 1579 2723 τὴν
1614 2670 1787 2724 τιμω-

199 2731 332 2802 ρίαν
373 2734 698 2803 μετέϐαλες·
735 2737 810 2800 ὡς
846 2740 1050 2810 ποιμὴν
1085 2740 1289 2808 ἀγαθὸς
1324 2743 1403 2804 εἰς
1435 2742 1785 2814 πλανώμενον

195 2825 473 2896 ἔδραμες·
525 2826 600 2890 ὡς
650 2829 834 2900 πατὴρ
882 2829 1134 2900 ἀληθινὸς
1177 2833 1302 2902 ἐμοὶ
1350 2831 1428 2903 τῷ
1475 2835 1786 2888 πεπτωκότι

197 2917 586 2988 συνήλγησας·
632 2921 766 2973 πᾶσι
803 2923 915 2984 τοῖς
947 2923 1084 2992 πρὸς
1131 2922 1276 2995 ζωὴν
1314 2926 1622 2997 φαρμάκοις
1663 2944 1785 2980 κατ-

196 3008 424 3079 έδησας.
458 3009 630 3074 Αὐτός
684 3027 774 3080 μοι
826 3014 1113 3084 προφήτας
1167 3015 1518 3079 ἀπέστειλας·
1569 3017 1636 3072 δι’
1680 3019 1779 3088 ἐμὲ

193 3097 292 3150 τόν
341 3097 634 3164 νοσοῦντα,
684 3100 847 3170 νόμον
897 3102 978 3163 είς
1033 3101 1285 3173 βοήθειαν
1337 3103 1563 3168 ἔδωκας.
1611 3107 1784 3170 Αὐτός

199 3208 296 3261 μοι
323 3192 338 3212 ⁸
377 3190 477 3254 τὰς
519 3193 657 3262 πρὸς
713 3193 924 3261 ὑγιείαν
954 3187 1000 3247 ὧ
1051 3195 1556 3266 παρανομηθείσας,
1599 3198 1782 3269 διηκό-

195 3298 402 3352 νησας·
438 3281 554 3352 φῶς
586 3285 700 3348 τοῖς
729 3284 1102 3354 πλανωμένοις
1127 3286 1407 3351 ἀνέτειλας
1425 3303 1439 3319 ·
1475 3291 1589 3352 τοῖς
1620 3291 1784 3360 ἀγνο-

195 3372 344 3436 οῦσι,
373 3373 401 3425 ό
433 3374 521 3426 ἀεὶ
553 3373 745 3446 παρὼν
792 3375 1170 3447 ἐπεδήμησας·
1196 3377 1289 3430 ἐπὶ
1324 3378 1421 3448 τὴν
1454 3379 1784 3453 παρθενικὴν

193 3455 364 3533 ἦλθες
405 3461 589 3534 νηδύν.
631 3463 689 3517 '0
725 3463 1009 3536 άχὼρητος
1043 3464 1179 3529 Θεὸς
1226 3465 1324 3530 ὢν,
1349 3468 1446 3537 οὐχ
1487 3469 1783 3540 ἁρπαγμὸν

195 3553 395 3623 ἡγήσω
447 3553 508 3606 τὺ
556 3548 693 3607 εἶναι
754 3555 846 3608 ῐσα
896 3553 1049 3626 Θεῷ,
1095 3555 1213 3610 ἀλλ’
1257 3557 1449 3610 ἑαυτὸν
1509 3559 1783 3625 ἐκένωσας

199 3643 421 3714 μορφὴν
453 3643 642 3698 δούλου
677 3645 892 3699 λαϐών·
933 3647 1033 3716 τὴν
1077 3647 1217 3720 ἐμὴν
1259 3649 1318 3703 ὲν
1361 3650 1444 3702 σοὶ¹
1491 3650 1650 3718 φύσιν
1684 3652 1783 3723 ηὑ-

195 3733 471 3806 λόγησας·
529 3735 670 3807 ὑπὲρ
719 3737 853 3808 ἐμοῦ
908 3737 1000 3790 τὸν
1055 3738 1220 3807 νόμον
1277 3739 1779 3811 ὲπλήρωσας,’τοὺ

195 3825 494 3898 πώματός
542 3845 644 3898 μου
689 3829 790 3900 τὴν
829 3829 1126 3884 ἀνάστασιν
1173 3831 1576 3904 ὑπηγόρευσας.
1607 3835 1780 3887 Ἔδω-

195 3931 301 3979 κας
342 3919 455 3980 τοῖς
487 3917 592 3970 ὑπὸ
639 3917 732 3971 τοῦ
778 3917 906 3990 ᾅδου
952 3919 1344 3990 κρατουμένοις
1397 3919 1498 3992 τὴν
1549 3921 1774 3990 ἄφεσιν·

196 4008 291 4061 τοῦ
337 4010 501 4080 νόμου
555 4011 656 4082 τὴν
716 4011 857 4083 ἀρὰν
917 4012 1296 4082 άπεσόϐησας·
1346 4014 1404 4066 ὲν
1457 4013 1622 4086 σαρκὶ
1680 4013 1780 4085 τὴν

198 4100 474 4172 ἁμαρτίαν
526 4104 913 4174 κατήργησας·
947 4104 1048 4174 τῆς
1105 4104 1203 4175 σῆς
1245 4103 1497 4168 ἐξουσίας
1546 4119 1642 4175 μοι
1679 4105 1778 4176 τὴν

195 4191 515 4246 δυναστείαν
564 4193 897 4264 ἐγνώρισάς·
935 4195 1155 4264 τυφλοῖς
1195 4196 1257 4248 τὸ
1305 4195 1522 4264 βλέπειν
1570 4196 1778 4250 ἀπέδω-

197 4296 334 4344 κας·
380 4283 608 4354 νεκροὺς
666 4285 731 4336 ὲκ
784 4285 969 4352 τάφων
1028 4285 1361 4356 ἀνέστησας·
1413 4287 1617 4357 ῥήματι
1679 4285 1777 4358 τὴν

199 4373 360 4441 φύσιν
403 4373 767 4444 ἁνὼρθωσας·
809 4376 908 4446 τῆς
958 4376 1058 4446 σῆς
1105 4376 1504 4446 εὐσπλαγχνίας
1545 4395 1637 4448 μοι
1676 4379 1775 4449 τὴν

196 4465 505 4530 οἰκονομίαν
537 4466 853 4532 ὑπέδειξας·
893 4467 1001 4521 τῶν
1035 4469 1286 4540 πονηρῶν
1339 4469 1441 4540 τὴν
1504 4469 1623 4538 βίαν
1670 4471 1774 4523 ὑπ-

199 4557 451 4625 ένεγκας·
493 4557 585 4610 τὸν
632 4557 799 4611 νῶτόν
835 4574 926 4612 σου
975 4558 1207 4622 δέδωκας
1227 4561 1306 4622 είς
1339 4559 1632 4630 μάστιγας·
1677 4561 1776 4624 τὰς

197 4647 253 4700 δὲ
307 4649 564 4717 σιαγόνας
622 4666 716 4702 σου
785 4649 1064 4720 ὑπέθηκας
1127 4652 1206 4714 είς
1261 4651 1613 4722 ῥαπίσματα·
1675 4654 1774 4706 οὑκ

197 4739 542 4811 ὰπέστρεψας
574 4741 640 4795 δι’
670 4743 768 4812 ἐμὲ
807 4743 868 4796 τὸ
913 4744 1202 4813 πρόσωπόν
1237 4761 1332 4798 σου
1368 4745 1476 4799 ἀπὸ
1513 4746 1774 4818 αἰσχύνης

195 4829 620 4902 ὲμπτυσμάτων.

296 4928 340 4976 0
368 4924 518 4990 λαὸς
548 4925 730 4978 λέγει.
766 4924 938 4981 Κύριε
958 4963 972 4990 ,
1007 4925 1245 4997 ἐλέησον.

273 5055 328 5108 '0
363 5057 556 5126 ἱερεὺς
590 5057 772 5128 λέγει.
809 5058 896 5122 Ὦς
924 5057 1192 5130 πρόϐατον
1221 5060 1312 5111 ἐπὶ
1343 5058 1555 5131 σφαγὴν
1585 5055 1767 5132 ἦλθες,

199 5147 357 5219 μέχρι
399 5149 634 5220 σταυροὺ
673 5149 771 5220 τὴν
801 5149 938 5220 ἐμὴν
975 5150 1302 5220 κηδεμονίαν
1335 5151 1652 5216 ὑπέδειξας·
1695 5152 1770 5223 τῷ

199 5238 272 5308 σῷ
302 5241 456 5311 τάφῳ
498 5241 595 5311 τὴν
629 5241 766 5313 ἐμὴν
805 5244 1076 5314 ἁμαρτίαν
1108 5243 1448 5313 ἐνέκρωσας·
1490 5244 1570 5304 εἰς
1607 5243 1770 5313 οὑρα-

197 5329 281 5383 νὺν
338 5332 440 5400 τὴν
474 5331 610 5403 ἐμὴν
663 5333 916 5404 ἀπαρχὴν
980 5333 1341 5396 ἀνεϐίϐασας·
1383 5334 1482 5404 τῆς
1532 5333 1632 5402 σῆς
1666 5335 1770 5403 ὰφ-

198 5417 348 5486 ίξεὼς
367 5440 456 5494 μοι
471 5423 570 5494 τὴν
593 5425 896 5495 παρουσίαν
929 5426 1226 5496 ὲμήνυσας,
1245 5417 1351 5495 ὲνῇ
1373 5424 1582 5494 μέλλεις
1610 5423 1766 5495 ἔρχε-

198 5511 315 5566 σθαι
371 5517 552 5586 κρῖναι
617 5513 826 5579 ζῶντας
874 5515 968 5568 καὶ
1017 5517 1275 5587 νεκροὺς,
1325 5517 1419 5568 καὶ
1472 5513 1767 5568 ἀποδοῦναι

198 5600 404 5673 ἑκάστῳ
429 5604 570 5657 κατὰ
601 5605 670 5658 τὰ
705 5604 843 5676 ἔργα
874 5605 1058 5659 αὑτοῦ.

272 5696 332 5749 '0
361 5695 507 5763 λαός
538 5696 715 5767 λέγει.
755 5697 911 5752 Κατὰ
940 5698 998 5751 τὸ
1030 5697 1177 5761 ἔλεός
1212 5715 1304 5752 σου
1359 5697 1550 5769 Κύριε.

1887 2354 2126 2426 neglexi;
2155 2371 2255 2428 ego
2281 2368 2460 2414 autem
2495 2363 2820 2417 sententiam
2843 2365 3034 2420 mortis
3064 2369 3240 2436 rapui.

1956 2533 2214 2604 Populus.
2244 2537 2430 2609 Kyrie,
2464 2539 2689 2595 eleison.

1959 2648 2240 2704 Sacerdos.
2270 2649 2350 2704 Tu
2377 2651 2528 2719 mibi,
2557 2651 2803 2720 Domine,
2843 2668 3056 2722 poenam
3091 2657 3411 2714 transtulisti
3440 2677 3457 2715 :

1888 2749 1943 2796 tu
1994 2741 2142 2796 velut
2201 2751 2387 2812 pastor
2451 2743 2647 2810 bonus,
2684 2744 2750 2798 ad
2810 2755 3082 2802 errantem
3135 2751 3456 2816 cucurristi;

1887 2840 2146 2902 tanquam
2181 2843 2336 2904 pater
2369 2850 2548 2900 verus,
2574 2837 2728 2904 mihi,
2764 2851 2887 2892 cum
2935 2838 3274 2906 cecidissem,
3329 2857 3462 2896 con-

1887 2925 2126 3000 doluisti,
2156 2927 2513 2996 omnibusque
2536 2931 2600 2980 ad
2634 2929 2800 2983 vitam
2851 2931 3105 2986 remediis
3145 2934 3458 2990 confovisti.

1888 3014 2007 3085 Ipse
2038 3018 2105 3070 ad
2131 3032 2217 3072 me
2247 3019 2536 3088 prophetas
2560 3019 2787 3086 misisti;
2821 3029 3039 3090 propter
3065 3038 3150 3077 me
3189 3035 3460 3094 aegrotan-

1886 3117 2019 3173 tem,
2050 3107 2224 3178 legem
2265 3109 2332 3163 ad
2381 3109 2638 3164 auxilium
2686 3111 2882 3166 dedisti
2910 3130 2924 3167 :
2951 3113 3064 3182 ipse
3094 3115 3224 3169 mihi
3260 3119 3328 3171 ad
3368 3133 3460 3172 sa-

1885 3201 2120 3255 nandum
2160 3214 2223 3255 ea
2259 3199 2312 3254 in
2347 3201 2542 3271 quibus
2567 3205 2954 3272 praevaricatus
2982 3220 3153 3272 eram,
3174 3223 3292 3276 quae
3320 3223 3459 3280 opus

1883 3299 2043 3345 erant
2068 3291 2461 3346 administrasti
2499 3311 2513 3348 :
2551 3296 2858 3351 errantibus
2891 3297 3070 3352 lumen
3105 3309 3328 3356 exortus
3359 3317 3453 3358 es:

1884 3379 2258 3450 ignorantibus
2283 3391 2337 3436 tu
2369 3397 2584 3452 semper
2601 3399 2840 3453 praesens
2863 3388 3153 3454 advenisti,
3183 3397 3238 3444 et
3274 3391 3328 3444 in
3356 3393 3460 3446 vir-

1880 3472 2112 3540 ginalem
2143 3482 2354 3526 uterum
2388 3474 2605 3529 venisti.
2643 3475 3152 3546 lncircumscriptus
3192 3480 3337 3537 Deus
3369 3501 3458 3539 ex-

1883 3565 2100 3630 sistens,
2137 3580 2245 3619 non
2293 3565 2537 3636 rapinam
2582 3568 2883 3624 arbitratus
2921 3585 2981 3626 es
3031 3585 3152 3627 esse
3196 3575 3455 3642 aequalem

1881 3654 2014 3722 Deo,
2049 3656 2142 3711 sed
2179 3658 2520 3727 temetipsum
2551 3660 2894 3716 exinanivisti
2933 3661 3162 3717 formam
3192 3666 3334 3719 servi
3365 3683 3452 3722 ac-

1880 3743 2133 3811 cipiens:
2172 3759 2345 3799 meam
2393 3745 2448 3799 in
2506 3755 2559 3802 te
2612 3757 2859 3804 naturam
2917 3750 3294 3808 benedixisti:
3347 3757 3454 3810 mei

1879 3849 2044 3890 causa
2064 3834 2234 3906 legem
2271 3837 2558 3907 implevisti
2589 3855 2603 3893 :
2636 3841 2905 3914 quomodo
2939 3857 2970 3897 a
3008 3844 3157 3913 lapsu
3189 3861 3310 3901 meo
3337 3862 3456 3902 sur-

1881 3934 2088 3990 gerem,
2135 3925 2472 3996 suggessisti.
2519 3925 2628 3983 Illis
2681 3943 2818 4000 quos
2858 3931 3104 3990 infernus
3153 3935 3449 4004 detinebat,

1880 4016 2259 4072 remissionem
2319 4018 2533 4085 dedisti,
2567 4020 2808 4092 legisque
2859 4023 3284 4082 maledictioneni
3326 4031 3453 4083 abs-

1877 4108 2066 4164 tulisti.
2105 4106 2164 4163 In
2217 4124 2383 4168 carne
2441 4123 2722 4184 peccatum
2778 4115 3125 4183 destruxisti;
3169 4123 3454 4185 potestatis

1881 4205 1983 4252 tua:
2013 4199 2385 4255 auctoritatem
2442 4201 2575 4256 mihi
2625 4204 3006 4260 demonstrasti
3045 4226 3057 4260 :
3088 4207 3246 4260 caecis
3279 4209 3450 4264 visum

1879 4290 2162 4346 restituisti
2211 4307 2224 4343 :
2257 4301 2496 4347 mortuos
2532 4309 2595 4348 ex
2635 4295 2900 4364 sepulcris
2949 4299 3197 4352 excitasti
3234 4316 3250 4354 :
3283 4303 3452 4356 verbo

1879 4380 1994 4436 solo
2033 4391 2284 4437 naturam
2334 4386 2616 4440 suscitasti
2649 4405 2662 4440 :
2699 4387 3000 4442 clementiae
3029 4399 3131 4443 tute
3169 4391 3451 4458 dispensa-

1883 4469 2082 4525 tionem
2149 4472 2279 4527 milti
2326 4475 2606 4529 ostendisti
2657 4493 2671 4528 :
2731 4476 3090 4545 malignorum
3141 4480 3449 4537 violentiam

1880 4561 2180 4616 sustinuisti
2215 4580 2228 4616 :
2261 4563 2476 4616 dorsum
2522 4573 2667 4617 tuum
2716 4572 2781 4618 ad
2813 4565 3018 4636 ﬂagella
3055 4570 3288 4638 dediSti;
3321 4589 3450 4627 ma-

1880 4651 2035 4706 xillas
2062 4667 2274 4722 quoque
2305 4653 2610 4722 alapis,nec
2637 4658 2879 4713 avertisti
2907 4670 3125 4730 pr0pter
3149 4679 3231 4718 me
3256 4663 3446 4721 faciem

1882 4748 2027 4793 tuam
2057 4741 2125 4794 ab
2158 4741 2451 4811 ignominia
2481 4753 2763 4813 sputorutn

1949 4939 2207 5010 Pupulus.
2232 4942 2416 5013 Kyrie,
2447 4944 2672 4999 eleison.

1949 5053 2228 5111 Sacerdos.
2272 5057 2550 5128 Tanquam
2604 5059 2720 5113 ovis
2772 5059 2838 5113 ad
2884 5061 3306 5117 immolationem
3353 5078 3446 5119 ve-

1879 5149 2030 5215 nisti,
2060 5166 2230 5220 usque
2254 5153 2322 5206 ad
2363 5167 2580 5206 crucem
2621 5154 2723 5206 mei
2770 5169 2956 5206 curam
3000 5155 3324 5222 ostendisti;
3355 5165 3446 5212 tuo

1875 5241 2124 5310 sepulcro
2173 5258 2349 5296 meum
2399 5253 2676 5311 peccatum
2726 5245 3047 5300 interemisti
3095 5264 3107 5300 :
3159 5247 3209 5300 in
3251 5249 3444 5302 coelum

1875 5329 2140 5398 primitias
2184 5347 2330 5386 meas
2371 5334 2593 5388 elevasti
2638 5354 2650 5388 :
2692 5336 2955 5390 adventus
2989 5337 3064 5390 tui
3097 5338 3444 5404 praesentiant

1876 5421 2005 5474 mihi
2033 5423 2370 5490 significasti,
2398 5425 2448 5477 in
2475 5441 2581 5493 quo
2617 5435 2876 5479 venturus
2917 5441 2977 5481 es
3004 5425 3248 5493 judicare
3297 5428 3444 5484 vivos

1874 5518 1929 5563 et
1959 5519 2220 5580 mortuos,
2255 5522 2310 5566 et
2345 5514 2568 5568 reddere
2622 5514 2911 5584 unicuique
2947 5516 3243 5570 secundum
3280 5531 3442 5585 opera

1874 5600 2005 5670 ejus.

1949 5687 2204 5763 Populus.
2228 5693 2531 5751 Secundum
2557 5696 2978 5754 misericordiam
3007 5705 3172 5767 tuam,
3197 5696 3442 5754 Domine.
