3898 6222
223 224 345 282 713

1193 226 1520 286 LITURCIA
1560 227 1619 283 S.
1661 227 1990 286 GREGORII
2025 227 2544 286 ALEXANDRINA.

3384 233 3489 290 7M

225 346 297 399 τὸ
336 343 608 415 πανάγιον
637 345 1018 418 κατάπεμψον,
1050 345 1138 402 ἵνα
1181 349 1538 422 ὲπιφοιτῆσαν
1575 351 1642 422 τῇ
1688 349 1812 422 ἁγίᾳ

1941 348 2094 414 nitte,
2129 355 2190 403 ut
2230 348 2525 404 adveniens
2562 354 2775 413 sancta,
2820 345 2984 411 bona,
3020 352 3076 402 et
3119 345 3348 416 gloriosa
3386 363 3487 402 sua

225 438 331 493 καὶ
372 439 552 511 ἀγαθῇ
584 439 679 494 καὶ
723 441 920 510 ἐνδόξῳ
956 438 1120 494 αὐτοῦ
1159 441 1436 514 παρουσίᾳ
1472 442 1676 514 ἁγιάσῃ
1717 444 1812 496 καὶ

1941 440 2220 504 praesentia,
2247 439 2547 495 sanctiﬁcet
2593 447 2649 492 et
2695 447 3014 492 transmutet
3058 438 3328 507 proposita
3365 454 3489 508 pre-

230 531 577 602 μεταποιήσῃ
619 529 691 584 τὰ
734 530 1096 602 προκείμενα,
1139 531 1297 602 τίμια
1341 533 1436 586 καὶ
1481 532 1612 602 ἆγια
1667 533 1812 604 δῶρα

1941 532 2071 595 iosa,
2102 540 2157 586 et
2182 541 2367 586 sancta
2391 533 2527 586 dona
2560 531 2684 596 ista,
2722 530 2776 584 in
2812 531 2984 600 ipsum
3017 544 3212 600 corpus
3260 539 3316 586 et
3361 544 3489 586 san-

226 620 430 685 ταῦτα,
458 623 538 685 εἰς
571 621 705 675 αὐτὸ
737 621 798 674 τὸ
827 623 986 695 σῶμα
1019 624 1114 676 καὶ
1137 623 1199 677 τὸ
1233 618 1374 694 αἷμα
1399 622 1500 694 τῆς
1537 624 1812 696 ἡμετέρας

227 710 684 782 ἀπολυτρώσεως.

313 803 381 855 '0
407 803 558 870 λαὸς
590 803 776 874 λέγει.
811 805 1165 876 Πρόσχωμεν.

310 893 380 946 '0
408 893 684 961 διάκονος
708 895 892 966 λέγει.
931 897 1125 969 Ἀμήν.

313 983 381 1037 '0
421 985 614 1053 ἱερεὺς
657 986 1016 1056 ἐκφωνήσει.
1053 985 1165 1040 Kal.
1212 986 1426 1058 ποιήσει
1457 985 1548 1039 τὸν
1583 986 1680 1057 μὲν
1723 987 1813 1056 ἄρ·

222 1088 325 1124 τον
379 1073 598 1127 τοῦτον¹
625 1074 848 1145 γένηται
902 1075 982 1136 είς
1025 1073 1088 1126 τὸ
1137 1073 1292 1141 ἅγιον
1344 1072 1506 1142 σῶμά
1548 1089 1668 1136 σου,
1715 1069 1810 1124 τοῦ

226 1164 441 1236 Κυρίου
474 1165 534 1218 δὲ
572 1167 668 1219 καὶ
697 1165 831 1219 Θεοῦ
863 1167 956 1219 καὶ
983 1164 1255 1235 Σωτῆρος,
1286 1165 1381 1218 καὶ
1414 1163 1813 1236 Παμϐασιλέως

225 1253 393 1323 ἡμῶν
432 1254 605 1324 Ἰησοῦ
661 1255 935 1328 Χριστοῦ,
972 1257 1052 1318 εἰς
1109 1254 1303 1323 ἄφεσιν
1359 1255 1670 1326 ἁμαρτιῶν,
1718 1255 1813 1310 καὶ

223 1345 312 1406 εἰς
364 1343 511 1416 ζωὴν
557 1344 658 1415 τὴν
705 1345 924 1400 αἰώνιον
971 1347 1083 1409 τοῖς
1129 1344 1189 1412 ἐξ
1242 1344 1406 1398 αὐτοῦ
1464 1343 1814 1415 μεταλαμϐά-

223 1452 434 1491 νουσυὴ

313 1527 378 1580 '0
405 1527 557 1594 λαὸς
581 1526 764 1598 λέγει.
801 1527 992 1600 Ἀμήν.

315 1621 380 1672 Ὁ
413 1621 607 1688 ἱερεὺς
632 1621 816 1690 λέγει.
853 1622 929 1675 Τὸ
953 1622 1010 1676 δὲ
1037 1622 1294 1694 ποτήριον
1329 1619 1508 1687 τοῦτο,
1537 1621 1599 1675 τδ
1630 1621 1810 1692 τίμιόν

1915 621 2129 692 guinem
2171 631 2370 678 nostras
2398 621 2757 677 liberationis.

1984 759 2243 863 Populus.
2269 796 2641 852 Attendamus.

1983 885 2272 940 Diacomts.
2304 885 2497 942 Amen.

1985 977 2246 1032 Sacerdos
2302 977 2412 1032 alta
2466 995 2607 1034 voce.
2663 977 2731 1034 Et
2781 980 2966 1045 faciat,
3015 994 3206 1048 panem
3268 981 3484 1050 quidem

1913 1066 2076 1121 istum
2121 1066 2239 1122 fieri
2287 1077 2533 1123 sanctum
2571 1083 2768 1138 corpus
2807 1080 2957 1124 tuum
3005 1071 3216 1126 Domini
3275 1072 3367 1127 Dei
3430 1083 3486 1126 et

1915 1157 2236 1226 Salvatoris,
2265 1162 2611 1230 supremique
2631 1160 2793 1232 Regis
2815 1163 3053 1217 omnium
3082 1173 3322 1219 nostrum
3353 1163 3480 1219 Jesu

1913 1249 2135 1316 Christi,
2179 1252 2234 1306 in
2290 1253 2660 1308 remissionem
2711 1265 3076 1324 peccatorum,
3107 1265 3162 1312 et
3198 1258 3265 1312 ad
3315 1258 3479 1311 vitam

1911 1351 2169 1397 aternam
2207 1345 2735 1400 communicantibus
2763 1359 2828 1398 ex
2860 1345 2970 1400 illo.

1984 1523 2240 1594 Populus.
2265 1526 2458 1582 Amen.

1984 1615 2265 1672 Sacerdos.
2311 1617 2546 1674 Calicem
2575 1627 2752 1675 autem
2781 1620 2966 1686 istum,
2995 1622 3290 1690 pretiosum
3332 1631 3480 1677 tuum

223 1727 327 1762 σου
368 1684 526 1779 αἷμα,
562 1684 623 1764 τὸ
651 1684 752 1781 τῆς
780 1711 976 1782 καινῆς
1003 1684 1269 1785 διαθήκης
1309 1731 1425 1780 σου,
1468 1684 1562 1766 τοῦ
1603 1684 1809 1786 Κυρίου

1945 1711 2230 1777 anguinem
2259 1710 2383 1764 novi
2423 1711 2734 1766 testamenti
2771 1711 2868 1776 tui,
2892 1711 3126 1778 Domini,
3169 1712 3262 1766 Dei
3303 1712 3483 1766 Salva-

217 1801 306 1863 δὲ,
349 1802 446 1854 καὶ
476 1802 610 1854 Θεοῦ
645 1802 738 1855 καὶ
771 1803 1042 1875 Σωτῆρος,
1087 1804 1181 1858 καὶ
1224 1805 1618 1876 Παμϐασιλέως
1653 1805 1810 1877 ἡμῶν

236 1890 425 1962 Ἰησοῦ
447 1893 708 1964 Χριστοῦ,
741 1895 822 1957 είς
849 1895 1044 1964 ἄφεσιν
1077 1896 1382 1967 ἁμαρτιῶν,
1425 1896 1520 1949 καὶ
1555 1899 1634 1960 είς
1668 1895 1810 1968 ζωὴν

220 1982 328 2055 τὴν
359 1982 578 2039 αἰώνιον
599 1987 711 2048 τοῖς
738 1985 799 2052 ἐξ
831 1985 998 2040 αὐτοῦ
1031 1986 1561 2058 μεταλαμϐάνουσιν.

313 2075 380 2128 '0
407 2075 558 2142 λαός
587 2076 773 2146 λέγει.
809 2077 1000 2149 Ἀμήν.

313 2167 379 2219 Ὅ
425 2167 619 2235 ἱερεὺς
652 2169 817 2238 λέγει
871 2169 971 2226 καὶ
1019 2173 1054 2225 ὀ
1095 2171 1244 2238 λαός
1291 2171 1673 2241 ἀποκρίνεται
1720 2173 1808 2239 τὸ,

220 2257 406 2328 Κύριε
436 2258 676 2329 ἐλέησον.

299 2346 376 2399 Σὲ
402 2346 780 2418 δυσωποῦμεν,
809 2349 1013 2422 Χριστὲ
1036 2353 1068 2404 ὁ
1101 2350 1233 2415 Θεὸς
1258 2349 1439 2422 ἡμῶν.

297 2437 418 2508 Τῆς
459 2439 784 2510 Ἐκκλησίας
825 2457 942 2507 σου,
985 2441 1184 2514 Κύριε,
1225 2442 1324 2514 τὴν
1356 2441 1595 2514 κρηπῖδα
1640 2441 1810 2496 κατά-

222 2528 428 2600 πηξον.

299 2619 422 2689 Τῆς
445 2620 667 2693 ἀγάπης
698 2623 832 2694 ἡμῖν
861 2623 961 2694 τὴν
998 2623 1252 2695 ὁμόνοιαν
1279 2625 1527 2696 ῥίζωσον.

297 2711 418 2782 Τῆς
441 2711 677 2776 πίστεως
703 2714 803 2786 τὴν
835 2715 1093 2786 ἀλήθειαν
1127 2715 1382 2788 αὔξησον.

298 2800 421 2870 Τῆς
485 2803 585 2872 σῆς
651 2804 932 2870 εὐσεϐείας
998 2807 1128 2877 ημῖν
1189 2807 1288 2878 τὴν
1343 2807 1458 2863 ὁδὸν
1507 2807 1810 2880 εὐθυτὸμη-

222 2911 350 2948 σον.

299 2986 445 3050 Τοὺς
478 2987 740 3058 ποιμένας
766 2986 1062 3058 ὸχύρωσον.

298 3079 444 3143 Τοὺς
468 3079 926 3150 ποιμαινομένους
965 3080 1283 3149 ἀσφάλισαι.

299 3171 406 3233 Δὸς
431 3169 511 3240 τῷ
535 3171 723 3241 κλήρῳ
754 3168 855 3247 τὴν
881 3170 1202 3241 εὐκοσμίαν.

298 3261 429 3323 Τοῖς
461 3263 715 3331 μοναχοῖς
743 3259 842 3332 τὴν
877 3261 1226 3331 ἐγκράτειαν.

299 3352 429 3415 Τοῖς
460 3353 519 3405 ὲν
548 3350 817 3422 παρθενίᾳ
845 3351 908 3404 τὸ
941 3355 1260 3423 σωφρονεῖν.

299 3443 430 3507 Τοῖς
465 3444 524 3499 ὲν
558 3441 740 3514 σεμνῷ
767 3443 930 3514 γάμῳ
949 3444 1050 3514 τὴν
1073 3443 1323 3508 εὐξωῖαν.

300 3619 429 3682 Τοῖς
463 3621 522 3672 ὲν
551 3619 809 3690 μετανοίᾳ
831 3617 893 3672 τὸ
920 3618 1069 3683 ἕλεος
1088 3659 1102 3672 .

299 3709 430 3774 Τοῖς
468 3709 756 3763 πλουτοῦσι
783 3710 882 3782 τὴν
914 3711 1241 3782 ἀγαθότητα.

299 3801 430 3864 Τοῖς
464 3800 781 3872 πενομένοις
808 3801 908 3871 τὴν
939 3801 1279 3875 ἐπικουρίαν.

301 3893 430 3958 Τοῖς
460 3895 695 3963 πτωχοῖς
725 3893 822 3964 τὴν
851 3893 1117 3964 βοήθειαν.

300 3985 445 4049 Τοὺς
478 3984 787 4055 πρεσϐύτας
819 3987 1141 4058 περίζωσον.

301 4077 446 4140 Τοὺς
479 4077 632 4140 νέους
667 4077 1022 4148 σωφρόνισον.

299 4167 445 4232 Τοὺς
473 4167 733 4232 ἀπίστους
763 4168 1107 4236 ὲπίστρεῲον.

301 4257 522 4312 Παῦσον
548 4259 648 4330 τῆς
685 4259 1010 4332 Ἐκκλησίας
1036 4261 1104 4316 τὰ
1137 4262 1431 4334 σχίσματα.

301 4352 428 4406 Τῶν
458 4352 723 4424 αἱρέσεων
759 4353 1060 4408 κατάλυσον
1088 4353 1157 4408 τά
1191 4354 1543 4426 φρυάγματα.

302 4444 523 4507 Πάντας
569 4447 718 4516 ἡμᾶς
769 4445 905 4516 πρὸς
952 4445 1051 4517 τὴν
1081 4445 1180 4516 τῆς
1216 4448 1314 4518 σῆς
1362 4446 1644 4511 εὐσεϐείας
1683 4447 1813 4520 ὁμό-

227 4552 386 4592 νοιαν
416 4535 672 4608 σύναψον.

322 4621 382 4681 ’0
407 4628 559 4694 λαὸς
581 4627 764 4697 λέγει.
799 4627 973 4700 Κύριε
1000 4628 1240 4700 ἐλέησον.

317 4717 382 4771 '0
422 4718 612 4788 (sps-bc
638 4718 820 4790 λέγει.
856 4719 1163 4791 Μνήσθητι,
1218 4721 1411 4794 Κύριε,
1443 4723 1542 4795 τῆς
1590 4725 1812 4797 εἰρήνης

224 4809 340 4878 τῆς
381 4809 564 4878 ἁγίας,
609 4810 796 4882 μόνης,
841 4810 1155 4881 καθολικῆς,
1195 4813 1290 4866 καὶ
1324 4815 1685 4886 ἀποστολικῆς
1717 4834 1813 4869 σου

241 4899 609 4970 Ἐκκλησίας,
650 4899 752 4970 τῆς
797 4899 906 4954 ἀπὸ
957 4902 1211 4971 περάτων
1274 4901 1379 4966 ἕως
1427 4904 1678 4974 περάτων
1714 4906 1814 4976 τῆς

227 4989 582 5060 οἰκουμένης,
607 4989 703 5044 καὶ
741 4990 848 5043 τῶν
879 4992 938 5044 ὲν
970 4991 1108 5062 αὐτῇ
1153 4991 1449 5064 ὀρθοδόξων
1476 4995 1811 5064 ἐπισκόπων,

227 5081 347 5135 τῶν
373 5081 856 5153 ὁρθοτομησάντων
886 5082 980 5138 τὸν
1011 5083 1170 5153 λόγον
1197 5085 1294 5156 τῆς
1321 5085 1594 5158 ἀληθείας.

842 5177 1224 5247 Ἐκερωνήσει.

318 5267 646 5338 Ἐξαιρέτως
703 5266 798 5321 τοῦ
867 5270 1172 5337 ἁγιωτάτου
1230 5272 1323 5323 καὶ
1393 5274 1812 5344 μακαριωτάτου

230 5358 539 5433 ἀρχιερέως
575 5357 736 5428 ἡμῶν
765 5359 906 5414 ἄϐϐα
937 5358 1010 5416 Δ’.
1042 5360 1198 5414 πάπα
1229 5362 1324 5415 καὶ⁴
1351 5363 1688 5435 πατριάρχου
1714 5365 1818 5435 τῆς

235 5447 658 5520 μεγαλοπόλεως
698 5447 1122 5520 Ἀλεξανδρείας,
1168 5450 1262 5504 καὶ
1290 5451 1430 5521 ὑπὲρ
1457 5450 1567 5505 τῶν
1599 5453 1816 5524 περιόν-

229 5559 346 5595 των
391 5539 726 5606 ὲπισκὸπων,
774 5537 1180 5610 πρεσϐυτέρων,
1228 5541 1510 5608 διακόνων,
1569 5542 1814 5612 ἀναγνω-

233 5632 406 5698 στῶν,
450 5631 691 5700 ψαλτῶν,
732 5631 1080 5702 ἐξορκιστῶν,
1126 5632 1487 5699 μοναζόντων,
1523 5637 1816 5706 ἀειπαρθέ-

445 5727 716 5789 ΡΑτιιοι..
759 5727 872 5788 Gn.
920 5728 1191 5788 XXXVI

1837 3022 1885 3086 C

1911 1803 2066 1867 toris,
2125 1809 2181 1856 et
2237 1803 2478 1872 supremi
2535 1801 2701 1871 Regis
2755 1803 2994 1856 omnium
3053 1812 3298 1858 nostrum
3351 1802 3479 1859 Jesu

1908 1891 2136 1959 Christi,
2166 1893 2222 1947 in
2272 1892 2646 1948 remissionem
2695 1900 3064 1963 peccatorum,
3097 1903 3152 1949 et
3197 1893 3264 1950 ad
3317 1896 3481 1950 vitam

1910 1997 2164 2040 aeternam
2199 1984 2718 2041 communicantibus
2751 2000 2818 2041 ex
2846 1985 2957 2041 illo.

1980 2076 2240 2146 Populus.
2267 2080 2459 2132 Amen.

1984 2171 2245 2226 Sacerdos
2294 2168 2421 2224 dicit
2475 2172 2747 2241 sequentia
2804 2179 2853 2226 et
2902 2169 3125 2242 populus
3189 2171 3480 2240 respondet,

1912 2263 2074 2335 liyrie
2105 2264 2329 2320 eleison.

1983 2355 2060 2409 Te
2089 2355 2457 2421 obsecramus,
2483 2354 2698 2410 Christe
2728 2354 2869 2409 Deus
2901 2364 3110 2410 noster.

1981 2444 2235 2500 Ecclesia:
2267 2453 2390 2510 ture,
2445 2444 2692 2510 Domine,
2742 2444 3148 2500 fundamentum
3197 2443 3476 2500 conﬁrma.

1981 2622 2280 2678 Charitatis
2317 2621 2473 2678 nobis
2510 2621 2856 2678 concordiam
2895 2620 3152 2677 radicitus
3184 2621 3385 2678 insere.

1983 2715 2132 2770 Fidei
2160 2715 2445 2770 veritatem
2473 2729 2628 2785 auge.

1981 2806 2063 2862 Pii
2095 2807 2172 2861 tui
2204 2806 2382 2862 cultus
2423 2807 2570 2862 viam
2598 2815 2805 2863 rectam
2836 2806 2990 2862 nobis
3019 2805 3208 2878 dirige.

1982 2978 2235 3036 Pastores
2273 2981 2488 3035 robora.

1984 3071 2091 3125 Eos
2119 3070 2211 3139 qui
2236 3076 2555 3141 pascuntur,
2588 3085 2810 3128 securos
2838 3082 3054 3143 praesta.

1983 3162 2060 3216 Da
2089 3161 2234 3216 clero
2268 3176 2478 3217 morum
2506 3163 2867 3231 honestatem,

1983 3251 2262 3307 Monachis
2290 3253 2724 3323 temperantiam,

1982 3343 2093 3398 Illis
2130 3344 2220 3414 qui
2247 3344 2612 3415 virginitatem
2646 3353 2870 3400 servant
2907 3349 3336 3416 temperantiam,

1981 3435 2094 3491 lllis
2123 3436 2216 3507 qui
2243 3447 2369 3492 sunt
2400 3437 2454 3490 in
2491 3437 2796 3494 honorabili
2829 3437 3106 3509 coniugio,
3155 3442 3352 3498 bonam
3402 3447 3485 3500 vi-

1912 3536 2022 3584 tam
2041 3567 2058 3593 ,

1983 3620 2094 3676 Illis
2118 3621 2210 3691 qui
2239 3621 2294 3676 in
2329 3622 2651 3691 pmnitentia
2677 3631 2824 3689 sunt,
2864 3623 3310 3696 misericordiam,

1981 3710 2248 3765 Divitibus
2279 3711 2597 3778 bonitatem,

1980 3801 2347 3874 lndigentibus
2375 3803 2720 3876 adiutorium,

1992 3895 2325 3966 Pauperibus
2352 3899 2631 3953 auxilium.

1983 3990 2153 4044 Senes
2179 3990 2370 4044 robore
2402 3991 2640 4062 accinge.

1979 4078 2211 4136 Iuvenes
2247 4091 2607 4151 temperantes
2637 4082 2807 4139 ellice.
2840 4136 2846 4148 ,

1985 4174 2232 4229 lnlideles
2271 4184 2547 4229 converte.

1981 4267 2290 4337 Comprime
2313 4268 2571 4324 Ecclesiae
2597 4268 2912 4324 schismata.

1839 4365 1886 4422 Ι)
1985 4358 2273 4415 Ηεετεεεοη
2299 4359 2548 4416 fremitus
2570 4359 2810 4416 destrue.

1985 4451 2094 4507 Nos
2132 4467 2322 4507 omnes
2353 4453 2421 4507 ad
2475 4452 2548 4522 pii
2605 4453 2784 4508 cultus
2829 4454 2904 4510 tui
2955 4457 3294 4510 concordiam
3346 4472 3479 4513 con-

1908 4540 2090 4612 junge.

1983 4635 2240 4704 Populus.
2277 4633 2442 4704 Kyrie
2465 4633 2690 4689 eleison.

1985 4725 2259 4780 Sacerdos.
2291 4724 2580 4789 Memento,
2614 4723 2859 4794 Domine,
2880 4727 3030 4795 pacis
3061 4733 3480 4800 sanctae,unius,

1915 4816 2212 4881 catholicae,
2239 4824 2295 4872 et
2345 4816 2654 4887 apostolicae
2709 4826 2813 4872 tua:
2862 4818 3136 4884 Ecclesiae,
3181 4838 3300 4892 quze
3333 4835 3418 4879 est
3454 4841 3482 4879 a

1914 4909 2112 4964 ﬁnibus
2135 4923 2307 4978 usque
2329 4909 2395 4962 ad
2417 4907 2551 4963 lines
2571 4907 2738 4978 orbis,
2763 4919 2818 4964 et
2847 4925 3030 4966 eorum
3057 4913 3149 4982 qui
3175 4914 3227 4968 in
3250 4914 3336 4968 illa
3360 4925 3485 4970 sunt

1914 5000 2336 5055 orthodoxorum
2388 5000 2785 5070 episcoporum,
2828 5002 2921 5071 qui
2977 5017 3122 5058 recte
3174 5005 3485 5074 dispensant

1917 5093 2138 5148 verbum
2169 5092 2434 5147 veritatis.

2483 5181 2710 5238 Elevaus
2739 5197 2928 5240 vocem.

1984 5273 2262 5346 Praecipue
2287 5275 2616 5331 sanctissimi
2646 5283 2702 5331 et
2739 5277 3037 5334 beatissimi
3082 5283 3352 5350 pontificis
3387 5300 3487 5340 no-

1917 5366 2016 5420 stri
2051 5365 2190 5421 abba
2236 5366 2302 5421 N.
2354 5382 2506 5438 papa:
2547 5379 2604 5425 et
2651 5369 2975 5440 patriarchae
3007 5387 3214 5442 magna:
3253 5375 3490 5433 civitatis

1915 5455 2276 5524 Alexandriae,
2316 5467 2373 5513 et
2400 5475 2499 5528 pro
2540 5460 2647 5516 illis
2684 5460 2775 5529 qui
2814 5462 3131 5531 superstites
3191 5475 3338 5529 sunt,
3372 5469 3490 5536 epi-

1917 5547 2115 5616 scopis,
2156 5547 2513 5617 presbyteris,
2575 5550 2840 5618 diaconis,
2880 5554 3214 5620 anagnostis,
3280 5557 3490 5625 psaltis,

1918 5640 2224 5708 exorcistis,
2259 5644 2618 5701 monasticam
2639 5645 2803 5701 vitam
2835 5655 2891 5702 et
2916 5657 3229 5715 perpetuam
3265 5650 3491 5718 virgini-
