3898 6222
238 247 359 303 717

1211 232 1544 291 LITURGIA
1583 233 1642 289 S.
1682 231 2012 291 GRECORII
2049 226 2564 290 ALEXANDRINAI

3412 231 3534 300 τίδ’

322 358 610 429 Εὐφρανον
656 353 823 408 πάλιν
880 350 977 406 καὶ
1030 349 1377 405 ἀνακαίνισον
1430 348 1492 403 τὸ
1548 350 1839 421 πρόσωπον

2012 351 2245 408 Lactilica
2277 352 2439 406 etiam
2478 360 2531 406 et
2557 364 2756 408 renova
2790 352 2980 409 faciem
3010 355 3210 411 teme.‘

240 464 744 601 τηΤιῈξαὺλακας
784 532 956 604 αὐτῆς
995 530 1249 603 μέθυσον,
1296 529 1568 602 πλήθυνον
1609 528 1679 583 τὰ
1714 545 1836 599 γεν-

240 634 474 701 νήματα
513 626 718 697 αὐτῆς⁸
759 625 1108 697 παράστησον
1138 624 1271 695 ἡμῖν
1309 621 1449 677 αὐτὰ
1480 622 1560 686 είς
1594 620 1835 693 σπέρμα,

2015 547 2208 604 Sulcos
2261 547 2378 616 ejus
2433 547 2664 613 incbria,
2704 548 3002 621 multiplica
3054 555 3327 624 genimina
3359 557 3519 627 eius:

1944 639 2124 709 praebe
2156 640 2314 693 nobis
2360 638 2451 693 illa
2492 639 2558 693 ad
2591 653 2774 695 semen
2809 649 2863 696 et
2893 642 2961 696 ad
2997 657 3252 712 messem,
3288 654 3344 701 et
3381 664 3525 703 nunc

242 721 352 774 καὶ
394 720 475 783 είς
515 716 796 789 θερισμὸν,
839 716 934 769 καὶ
973 714 1069 768 νῦν
1104 713 1342 783 εὐλογῶν
1376 712 1692 785 εὐλόγησον.
1725 711 1837 783 Τὴν

1987 729 2270 784 enedicens
2298 728 2622 785 henedieito.
2652 727 2830 785 Vitam
2880 739 3120 787 nostram
3167 711 3332 803 rege:
3362 736 3527 793 bene-

243 811 404 883 ζωὴν
449 810 606 881 ἡμῶν
657 808 1035 879 οίκονόμησον.
1089 805 1399 877 Εὐλόγησον
1436 804 1529 860 τὸν
1580 804 1841 875 στέφανον

242 905 352 958 τοῦ
396 901 645 957 ἐνιαυτοῦ
685 903 783 973 τῆς
831 899 1199 973 χρηστότητός
1244 916 1360 965 σου,
1393 898 1481 953 διὰ
1526 899 1653 961 τοὺς
1695 914 1842 949 πτω-

243 997 388 1066 χοὺς
415 993 509 1049 τοῦ
541 992 672 1048 λαοῦ
708 1010 825 1056 σου,
853 992 940 1045 διὰ
976 990 1076 1062 τὴν
1101 992 1299 1062 χήραν,
1330 989 1426 1043 καὶ
1460 988 1551 1042 τὸν
1579 987 1839 1059 ὀρφανὸν,

243 1087 345 1140 διὰ
390 1086 481 1140 τὸν
522 1085 697 1151 ξένον,
748 1084 844 1138 καὶ
898 1083 990 1137 τὸν
1042 1083 1401 1155 προσήλυτον,
1442 1085 1538 1135 καὶ
1584 1080 1649 1133 δι’
1695 1081 1845 1152 ἡμᾶς

248 1177 470 1239 πάντας
490 1176 616 1239 τοὺς
646 1172 965 1237 ἐλπίζοντας
1004 1173 1095 1226 ἐπὶ
1133 1173 1239 1236 σοὶ,
1266 1173 1362 1226 καὶ
1387 1170 1846 1241 ἐπικαλουμένους

1947 819 2035 875 dic
2060 835 2272 875 coronae
2307 820 2433 873 anni
2470 821 2815 892 benignitatis
2844 831 2970 887 tute,
3008 833 3227 893 propter
3262 841 3528 895 pauperes

1948 908 2127 979 pepuli
2177 907 2273 974 tui,
2311 917 2532 978 propter
2563 910 2779 966 viduam
2834 920 2890 965 et
2940 913 3265 980 orphanum,
3307 924 3528 985 propter

1950 999 2221 1067 hospitem
2263 1008 2320 1052 et
2373 1000 2657 1067 advenam,
2683 1008 2736 1055 et
2774 1008 2995 1071 propter
3028 1016 3127 1057 nos
3167 1017 3360 1058 omnes
3411 1020 3530 1073 spe-

1950 1104 2136 1146 rantes
2160 1091 2215 1145 in
2250 1099 2321 1156 te,
2372 1100 2429 1146 et
2466 1091 2783 1147 invocantes
2813 1108 3009 1148 nomen
3062 1102 3209 1148 tuum
3250 1104 3529 1153 sanctum.

1950 1185 2104 1240 Oculi
2138 1186 2280 1239 enim
2311 1186 2551 1239 omnium
2586 1185 2639 1239 in
2687 1195 2737 1241 te
2759 1196 3000 1256 sperant,
3035 1197 3091 1241 et
3130 1196 3184 1241 tn
3217 1190 3311 1243 das
3347 1203 3531 1245 escam

248 1268 319 1322 τὸ
367 1266 539 1337 ὄνομά
580 1282 675 1318 σου
727 1264 790 1318 τὸ
836 1263 1012 1333 ἅγιον.
1045 1265 1109 1317 Οἱ
1169 1263 1278 1335 γὰρ
1322 1262 1593 1333 ὀφθαλμοὶ
1629 1261 1845 1315 πάντων

1987 1275 2165 1330 lorum
2206 1277 2258 1329 in
2317 1286 2559 1345 tempore
2603 1284 2928 1346 opportuno.
2979 1276 3087 1332 Fac
3127 1278 3411 1334 nobiscum
3452 1295 3533 1335 se-

247 1359 343 1422 είς
385 1358 448 1410 σὲ
480 1357 789 1421 ἐλπίζουσι,
840 1357 936 1409 καὶ
969 1356 1035 1409 σὺ
1078 1355 1236 1418 δίδως
1285 1355 1385 1423 τὴν
1422 1353 1628 1426 τροφὴν
1669 1352 1848 1407 αὐτῶν

1990 1366 2185 1421 undum
2220 1366 2513 1421 bonitatem
2543 1374 2710 1431 tuam,
2729 1366 2820 1435 qui
2849 1366 2945 1421 das
2973 1381 3154 1421 escam
3181 1368 3327 1422 omni
3353 1368 3526 1423 carni.

246 1451 316 1502 ἐν
368 1447 641 1520 εὐκαιρίᾳ.
684 1446 921 1527 μοίησον
968 1445 1086 1517 μεθ’
1126 1444 1284 1517 ἡμῶν
1332 1444 1481 1499 κατὰ
1511 1443 1611 1515 τὴν
1645 1443 1848 1512 ἀγαθό-

1987 1457 2119 1528 mple
2155 1457 2351 1528 gaudio
2377 1467 2433 1512 et
2455 1455 2639 1511 laetitia
2673 1456 2839 1511 corda
2867 1467 3071 1523 nostra,
3102 1466 3161 1511 ut
3200 1458 3254 1512 in
3279 1457 3531 1514 omnibus

246 1542 404 1615 τητά
439 1560 557 1602 σου.
595 1543 624 1595 ὁ
660 1539 837 1602 διδοὺς
869 1538 1078 1610 τροφὴν
1129 1536 1279 1609 πάσῃ
1331 1535 1516 1608 σαρκί.
1556 1534 1850 1608 Πλήρωσον

1987 1562 2171 1619 emper
2218 1563 2433 1603 omnem
2525 1548 2904 1604 sufﬁcientiam
2945 1548 3237 1616 habentes,
3294 1550 3533 1605 abunde-

249 1635 441 1706 χαρᾶς
499 1633 595 1685 καὶ
632 1628 972 1702 εὐφροσύνης
1016 1628 1116 1692 τὰς
1166 1626 1393 1699 καρδίας
1432 1625 1610 1699 ήμῶν,
1658 1627 1746 1680 ἵνα
1793 1627 1851 1680 ὲν

1987 1656 2080 1696 nus
2112 1642 2165 1695 in
2200 1655 2361 1695 omne
2393 1654 2529 1711 opus
2569 1640 2792 1708 bonum,
2828 1641 2897 1697 ad
2936 1640 3239 1698 faciendam
3285 1641 3532 1698 volunta-

245 1728 422 1788 πᾶσι,
470 1725 701 1778 πάντοτε
747 1722 932 1775 πᾶσαν
983 1720 1314 1790 αὐτάρκειαν
1369 1718 1614 1791 ἔχοντες,
1661 1734 1852 1791 περισ-

1987 1746 2064 1788 em
2096 1740 2240 1787 tuam
2282 1740 2548 1787 sanctam.

250 1816 549 1886 σεύσωμεν
577 1817 657 1878 είς
687 1815 796 1867 πᾶν
844 1811 1008 1884 ἔργον
1051 1810 1274 1880 ἀγαθὸν,
1304 1810 1398 1863 τοῦ
1445 1811 1619 1863 ποιεῖν
1660 1809 1721 1863 τὸ
1763 1808 1854 1863 θέ-

247 1907 325 1979 λη
337 1905 417 1976 μά
446 1922 540 1958 σου
566 1905 628 1957 τὸ
656 1906 831 1972 ἆγιον.

348 1996 412 2049 '0
438 1996 589 2061 λαὸς
614 1996 798 2065 λέγει.
828 1993 1003 2065 Κύριε
1037 1992 1278 2063 ἐλέησον.

344 2090 403 2141 ’0
440 2088 637 2157 ἱερεὺς
662 2086 848 2157 λέγει,
885 2086 985 2140 καὶ
1019 2088 1052 2139 ὀ
1088 2083 1239 2151 λαὸς
1275 2083 1677 2153 ἀποκρίνεται.

332 2179 512 2252 Κύριε
541 2179 666 2251 ὲλέη
675 2195 788 2231 σον.

332 2271 581 2343 Χάρισαι
618 2268 697 2339 τῷ
732 2267 850 2339 λαῷ
879 2284 973 2320 σου
1003 2266 1105 2338 τὴν
1135 2265 1411 2337 ὁμόνοιαν.

334 2363 430 2435 Τῷ
463 2365 656 2434 κόσμῳ
682 2362 781 2434 τὴν
808 2361 1149 2415 εὐστάθειαν.

334 2456 432 2527 Τῷ
458 2455 582 2526 ἀέρι
607 2454 707 2526 τὴν
736 2452 1058 2524 εὐκρασίαν.

337 2548 469 2611 Τοῖς
503 2546 721 2600 νοσοῦσι
750 2544 850 2616 τὴν
876 2544 1171 2616 σωτηρίαν.

337 2640 468 2703 Τοῖς
495 2639 771 2710 δεομένοις
794 2638 893 2710 τὴν
920 2636 1205 2707 ἁνάψυξιν.

335 2731 467 2793 Τοῖς
492 2731 550 2784 ὲν
583 2727 819 2799 ἐξορίαις
842 2727 940 2800 τὴν
972 2727 1181 2781 ἄνεσιν.

339 2823 471 2886 Τοῖς
497 2822 755 2892 ὀρφανοῖς
781 2820 880 2891 τὴν
913 2818 1188 2890 βοήθειαν.

342 2916 479 2977 Ταῖς
506 2914 705 2984 χήραις
735 2912 834 2981 τὴν
866 2910 1171 2981 ἀντίληψιν.

341 3004 471 3067 Τοῖς
509 3000 842 3072 Θλιϐομένοις
874 2999 1191 3072 ὲπάρκησον
1220 2999 1300 3061 είς
1333 2995 1555 3067 ἀγαθόν.

342 3185 485 3249 Τοὺς
514 3184 757 3246 ἑστῶτας
789 3181 884 3253 ὀχύ
893 3198 1087 3254 ρωσον.

342 3272 487 3336 Τοὺς
522 3271 882 3334 πεπτωκότας
918 3269 1008 3339 ἒγε
1019 3285 1153 3341 ιρον.

345 3361 487 3425 Τοὺς
516 3360 816 3430 ἑστηκότας
843 3357 1162 3428 ἁσφὰλισαι.

344 3454 470 3507 Τῶν
500 3452 918 3524 κεκοιμημένων
955 3450 1246 3523 μνήσθητι.

345 3545 470 3599 Τῶν
500 3548 558 3599 ὲν
584 3543 844 3615 ὁμολογίᾳ
871 3541 971 3605 τὰς
1020 3539 1318 3613 πρεσϐείας
1342 3538 1652 3609 πρόσδεξαι.

346 3728 489 3793 Τοὺς
530 3725 927 3798 ἡμαρτηκότας
971 3723 1067 3776 καὶ
1122 3721 1593 3793 μετανοήσαντας,
1641 3719 1866 3791 συναρί-

264 3824 492 3893 θμησον
528 3818 667 3891 μετὰ
692 3818 804 3874 τῶν
833 3816 1043 3871 πιστῶν
1076 3833 1192 3870 σου.

348 3914 490 3975 Τοὺς
537 3911 762 3973 πιστοὺς
801 3907 1208 3979 ωναρίθμησον
1240 3908 1378 3979 μετὰ
1425 3904 1717 3979 μαρτύρων
1748 3919 1864 3956 σου.

347 3996 631 4074 Μιμητὰς
665 4001 791 4063 τοὺς
834 4000 1106 4070 παρόντας
1135 4000 1193 4053 ὲν
1231 3997 1310 4070 τῷ
1357 3998 1508 4069 τόπῳ
1551 3995 1727 4066 τούτῳ
1756 3995 1865 4049 τῶν

265 4096 528 4164 ἀγγέλων
554 4092 915 4162 κατάστησον.

350 4187 464 4239 Καὶ
499 4186 645 4257 ἡμᾶς
687 4187 755 4256 τῇ
806 4186 872 4255 σῇ
911 4182 1095 4255 χάριτι
1139 4182 1275 4255 πρὸς
1320 4182 1421 4253 τὴν
1461 4181 1560 4254 σὴν
1596 4181 1866 4252 κεκλημέ-

268 4298 408 4343 νους
438 4277 714 4332 διακονίαν
745 4274 998 4342 ἀναξίους
1023 4275 1183 4339 δντας
1209 4272 1483 4339 ὑπόδεξαι.

367 4373 431 4424 '0
461 4369 611 4436 λαὸς
637 4368 821 4438 λέγει.
851 4366 1025 4438 Κύριε
1053 4354 1296 4439 ἐλέησον.

368 4463 431 4516 '0
460 4461 654 4530 ἱερεὺς
692 4459 875 4528 λέγει.
920 4457 1228 4528 Μνήσθητι,
1255 4455 1451 4528 Κύριε,
1493 4458 1589 4513 καὶ
1630 4458 1733 4529 τῆς
1763 4458 1851 4512 πό.

271 4558 421 4617 λεως
449 4552 606 4624 ἡμῶν
646 4549 873 4621 ταύτης,
897 4548 994 4603 καὶ
1028 4547 1134 4602 τῶν
1174 4547 1534 4619 ὲν·όρθοδόξῳ
1564 4547 1744 4602 πίστει
1790 4548 1868 4601 οί-

272 4642 526 4698 κούντων
563 4643 622 4694 ὲν
657 4640 818 4710 αὐτῇ,
849 4638 945 4691 καὶ
973 4637 1153 4706 πάσης
1186 4636 1393 4701 πόλεως
1424 4637 1520 4690 καὶ
1558 4638 1742 4710 χώρας
1771 4639 1867 4692 σὺν

274 4733 450 4789 παντὶ
485 4730 564 4802 τῷ
589 4731 777 4802 κόσμῳ
809 4729 1008 4784 αὐτῶν.
1037 4730 1149 4783 Καὶ
1183 4727 1343 4801 ῥῦσαι
1396 4730 1543 4800 ἡμᾶς
1573 4729 1681 4782 ἀπὸ
1708 4729 1867 4802 λιμοῦ

274 4827 384 4882 καὶ
402 4825 614 4896 λοιμοῦ,
636 4821 867 4893 σεισμοῦ
888 4821 982 4875 καὶ
1004 4822 1445 4893 καταποντισμοῢ
1468 4821 1547 4895 (1)
1568 4822 1759 4893 πυρὸς,
1772 4821 1869 4875 καὶ

273 4914 395 4971 ἀπὺ
425 4911 801 4985 αἰχμαλωσίας
832 4909 1146 4982 βαρϐάρων,
1176 4911 1270 4965 καὶ
1292 4909 1402 4965 ἀπὸ
1430 4910 1540 4964 τῶν
1572 4909 1868 4983 ἀλλοτρίων

278 5005 595 5081 μαχαιρῶν,
606 5005 702 5058 καὶ
717 5002 1140 5066 ἐπαναστάσεως
1154 5001 1363 5076 ἐχθρῶν
1373 5020 1433 5056 τε
1446 5003 1540 5057 καὶ
1550 5002 1865 5077 αίρετικῶν.

370 5099 433 5151 '0
459 5088 611 5162 λαὸς
633 5096 816 5167 λέγει.
845 5094 1019 5167 Κύριε
1060 5093 1299 5165 ἐλέησον.

365 5189 431 5242 '0
446 5187 640 5256 ἱερεὺς
658 5187 840 5256 λέγει.
862 5186 1170 5258 Μνήσθητι,
1202 5185 1398 5257 Κύριε,
1432 5184 1544 5239 τῶν
1573 5184 1870 5258 προλαϐόν-

274 5298 394 5334 των
448 5280 612 5334 ὁσίων
650 5281 912 5352 Πατέρων
960 5278 1118 5350 ἡμῶν
1168 5276 1466 5349 όρθοδόξων
1533 5260 1866 5343 ἐπισκόπων,

274 5372 382 5428 καὶ
413 5374 630 5426 πάντων
691 5372 802 5426 τῶν
835 5370 1164 5435 ἀπ’·αἰῶνός
1217 5387 1301 5423 σοι
1360 5369 1865 5442 εὐαρεστησάντων,

274 5463 459 5532 ἁγίων
478 5464 758 5536 Πατέρων,
777 5462 1154 5537 πατριαρχῶν,
1179 5460 1513 5525 ἀποστόλων,
1550 5459 1866 5531 προφητῶν,

276 5555 567 5626 κηρύκιον,
627 5553 1056 5624 εὐαγγελιστῶν,
1127 5551 1440 5625 μαρτύρων,
1498 5550 1868 5623 όμολογητῶν,

2028 1991 2289 2060 Populus.
2327 1990 2493 2062 Kyrie
2532 1991 2761 2047 eleison.

2026 2083 2285 2137 Sacerdos
2312 2083 2438 2137 dicit
2474 2092 2521 2138 et
2546 2081 2772 2153 populus
2811 2080 3109 2148 respondet.

2024 2174 2189 2245 Kyrie
2218 2174 2442 2229 eleison.

2025 2265 2275 2320 Concede
2302 2264 2499 2335 populo
2529 2273 2621 2317 tuo
2653 2264 3026 2328 concordiam,

2024 2354 2223 2408 Mundo
2252 2354 2571 2423 praeclarum
2618 2361 2840 2417 statum,

2022 2445 2152 2502 Aeri
2180 2445 2518 2513 temperiem,

2027 2538 2440 2610 Algrotantibus
2470 2536 2723 2601 salutem,

2028 2631 2400 2701 lndigentibus
2429 2628 2793 2697 refrigerium,

2030 2724 2143 2779 illis
2172 2725 2267 2795 qui
2295 2724 2347 2777 in
2384 2721 2591 2777 exsiliis
2623 2729 2769 2787 sunt,
2797 2720 3059 2791 quietem,

2027 2814 2300 2884 Orphanis
2339 2813 2623 2879 auxilium,

2033 2904 2222 2961 Viduis
2244 2904 2655 2975 protectionem.

2029 2997 2363 3066 Angustiatis
2409 2995 2762 3051 subministra
2819 3002 3082 3066 quantum
3149 3007 3286 3065 opus
3333 3002 3438 3060 est,
3480 3002 3542 3049 ut

1962 3090 2101 3146 bene
2133 3090 2262 3144 sint.

2039 3180 2259 3235 Stantes
2305 3180 2590 3236 confirma.

2034 3271 2144 3327 Eos
2176 3271 2267 3341 qui
2306 3271 2621 3327 ceciderunt
2644 3271 2811 3340 erige.

2038 3362 2274 3419 Securos
2300 3373 2497 3434 praesta
2536 3378 2629 3419 eos
2654 3364 2747 3434 qui
2787 3372 2953 3418 stant.

2038 3454 2372 3510 llortuorum
2408 3455 2779 3510 reminiscere.

2038 3546 2239 3601 Eorum
2284 3546 2374 3616 qui
2420 3546 2475 3600 in
2537 3546 2878 3602 confessione
2926 3557 3081 3610 sunt.
3127 3547 3546 3604 intercessiones

1967 3638 2105 3694 SI'SOi
2114 3652 2198 3706 pe.

2031 3726 2140 3783 Eos
2180 3728 2270 3796 qui
2330 3737 2714 3798 peccaverunt,
2762 3738 2817 3784 et
2864 3742 3092 3800 egerunt
3144 3734 3540 3801 penitentiam,

1965 3834 2264 3875 annumera
2289 3835 2411 3875 cum
2453 3820 2699 3876 fidelibus
2741 3823 2867 3876 tuis.

2036 3909 2250 3964 Fideles
2281 3924 2585 3965 annumera
2617 3926 2739 3965 cum
2773 3910 3105 3983 martyribus
3137 3913 3262 3967 tuis.

2033 3997 2143 4054 Eos
2182 3999 2275 4068 qui
2324 4000 2377 4053 in
2418 3999 2524 4055 hoc
2562 4005 2678 4055 loco
2717 4010 3011 4070 praesentes
3049 4012 3198 4069 sunt,
3244 4003 3546 4058 imitatores

1965 4091 2279 4161 angelorum
2315 4093 2607 4148 constitue.

2039 4184 2103 4238 Et
2137 4200 2238 4240 nos
2277 4186 2451 4256 gratia
2500 4194 2589 4240 tua
2637 4185 2704 4239 ad
2754 4196 2902 4240 tuum
2930 4195 3148 4241 vocatos
3185 4186 3544 4241 ministerium

1966 4275 2216 4345 indignos
2248 4276 2375 4332 licet
2402 4277 2641 4347 suscipe.

1894 4403 1940 4460 Β
1970 4433 1987 4449 ⁸
2040 4364 2298 4437 Populus.
2339 4367 2505 4438 Kyrie
2539 4366 2762 4422 eleison.

2039 4456 2318 4514 Sacerdos.
2359 4459 2650 4525 Memento,
2685 4457 2935 4524 Domine,
2966 4467 3021 4514 et
3042 4458 3192 4514 urbis
3222 4470 3420 4514 nostrae
3446 4461 3547 4515 hu-

1962 4551 2051 4621 jus
2089 4559 2144 4606 et
2174 4551 2537 4607 habitantium
2582 4551 2637 4606 in
2679 4565 2747 4606 ea
2779 4552 2836 4606 in
2861 4552 3160 4606 orthodoxa
3207 4551 3333 4619 ﬁde,
3365 4554 3551 4627 omnis.

1968 4658 2183 4713 quoque
2207 4643 2359 4699 urbis
2390 4653 2446 4699 et
2488 4643 2749 4714 regionis,
2778 4658 2902 4699 cum
2946 4644 3094 4698 omni
3135 4643 3332 4714 populo
3373 4644 3494 4714 ejus
3524 4660 3539 4695 :

1968 4741 2023 4787 et
2049 4732 2216 4788 libera
2242 4746 2343 4788 nos
2369 4747 2398 4786 a
2426 4731 2568 4787 fame
2592 4741 2648 4787 et
2684 4741 2856 4802 peste,
2890 4747 2920 4787 a
2953 4743 3112 4789 terrae
3157 4742 3325 4799 motu,
3353 4749 3384 4788 a
3413 4735 3542 4789 sub—

1970 4826 2260 4893 mersione,
2296 4826 2364 4881 ab
2393 4827 2534 4898 igne,
2562 4840 2593 4879 a
2621 4825 2933 4894 captivitate
2962 4826 3343 4890 barbarorum,
3373 4840 3406 4880 a
3429 4826 3516 4897 gla
3540 4861 3545 4867 ς

1970 4916 2074 4972 diis
2100 4918 2312 4985 alienis,
2338 4919 2407 4971 ab
2438 4917 2641 4972 insultu
2675 4917 2914 4973 hostium
2952 4926 3008 4974 et
3030 4918 3431 4973 haereticorum.

2043 5094 2301 5164 Populus.
2341 5094 2507 5165 Kyrie
2537 5094 2763 5151 eleison.

2042 5184 2321 5242 Sacerdos.
2359 5185 2650 5250 Memento,
2692 5186 2952 5252 Domine,
2996 5201 3183 5241 eorum
3211 5187 3305 5257 qui
3338 5187 3542 5244 dudum

1969 5277 2223 5335 obierunt
2248 5285 2556 5332 sanctorum
2581 5276 2802 5332 Patrum
2834 5287 3186 5343 nostrorum;
3218 5279 3540 5335 orthodoxa-

1976 5384 2096 5426 rum
2129 5368 2527 5438 episcoporum,
2556 5377 2610 5423 et
2637 5368 2877 5429 omnium
2904 5367 2993 5437 qui
3024 5383 3051 5421 a
3071 5368 3269 5422 saeculo
3299 5367 3394 5422 tibi
3421 5369 3538 5436 pla-

1970 5467 2200 5513 cuerunt
2242 5464 2553 5512 sanctorum
2603 5455 2844 5522 Patrum,
2895 5456 3349 5524 patriarcharum,
3390 5470 3526 5525 apo-

1978 5550 2259 5615 stolorum,
2299 5549 2683 5619 prophetarum
2705 5588 2720 5616 ,
2755 5547 3169 5620 praedicatorum
3194 5589 3211 5616 ,
3270 5546 3540 5618 evangeli-

358 5667 434 5738 (I)
475 5668 631 5739 Legit
668 5669 936 5739 interpres
972 5684 989 5725 :
1023 5667 1484 5740 καταποκιτισμού,
1512 5667 1702 5737 πυρός,
1742 5667 1855 5735 virg

1987 5663 2308 5734 interposita.
2349 5662 2505 5717 EDI'I'.
