3898 6222
390 318 495 375 τιθ
1312 321 1640 379 LITURGIA
1672 325 1739 380 S.
1772 324 2137 383 ‘GREGORIII
2173 331 2693 406 ALEXANDRINA.
2956 400 2961 405 1
3542 347 3575 399 ’ἲ

390 449 619 508 starum,
649 450 972 512 martyrum,
1003 442 1399 510 confessorum,
1423 448 1706 517 omnisque
1733 450 1924 518 spiritu

2114 454 2152 506 tl.
2204 455 2405 519 παντὸς
2461 434 2774 529 πνεύματος
2836 458 3073 528 δικαίου,
3108 461 3167 514 ἐν
3197 437 3378 517 πίστει
3402 462 3653 537 Χριστοῦ

384 531 539 602 justi,
573 534 625 587 in
653 532 757 590 ﬁde
772 534 975 590 Christi
1003 539 1383 593 consummati.

961 535 975 590 i
1003 539 1383 593 consummati.
2062 547 2498 618 τετελειωμένου.

1019 676 1145 731 Alta
1185 694 1325 733 uoce.
2672 684 3064 754 Ἐκφωνήσει.

462 788 740 858 Praecipue
799 791 1180 852 sanctissimam,
1236 791 1657 860 gloriosissima},
1691 798 1961 851 immacu-

2144 793 2471 866 Ἐξαιρέτως
2538 798 2638 867 τῆς
2692 788 2968 867 παναγίας
3009 799 3387 873 ὑπερενδόξου,
3439 803 3648 875 ἁχράν-

393 879 534 945 latae,
565 889 621 933 et
654 881 1127 936 benedictionibus
1155 884 1463 951 cumulatae,
1499 885 1730 942 dominae
1760 896 1932 943 nostra

2109 903 2176 951 tu,
2194 964 2201 969 θ
2220 886 2561 959 ὑπερευλογη
2571 888 2739 959 μένης
2766 889 3055 963 δεσποίνης
3081 892 3239 964 ἡμῶν
3276 893 3529 947 θεοτόκου
3549 895 3648 949 καὶ

397 973 632 1040 deipara:
665 981 718 1027 et
747 987 963 1042 semper
994 974 1221 1044 virginis
1264 975 1466 1031 Mariae.

1138 974 1221 1029 nis
1264 975 1466 1031 Mariae.
2058 978 2418 1050 ἀειπαρθένου
2436 980 2675 1051 Μαρίας.

455 1060 642 1116 Sancti
668 1062 912 1133 gloriosi,
939 1065 1237 1135 prophetae,
1273 1069 1660 1136 praecursoris,
1685 1070 1955 1143 baptista),

2130 1058 2236 1120 Τοῦ
2262 1069 2419 1136 ἁγίου
2473 1069 2687 1137 ἐνδόξου
2730 1073 3034 1144 προφήτου,
3075 1074 3406 1148 προδρόμου,
3448 1077 3649 1148 βαπτι-

388 1164 439 1207 ct
477 1154 736 1224 martyris
762 1154 1011 1210 Joannis.

2061 1158 2210 1222 στοῦ,
2240 1160 2336 1213 καὶ
2363 1160 2643 1232 μάρτυρος
2682 1162 2951 1220 Ἰωάννου.
3475 1225 3478 1229 ,

455 1246 646 1300 Sancti
677 1245 940 1317 Stephani
970 1248 1130 1318 primi
1161 1250 1374 1307 diaconi
1397 1262 1453 1308 et
1477 1254 1636 1324 primi
1660 1255 1930 1326 martyris.

2129 1248 2237 1302 Τοῦ
2262 1250 2418 1318 ἁγίου
2447 1251 2720 1320 Στεφάνου
2751 1254 2847 1307 τοῦ
2880 1257 3314 1327 πρωτοδιακόνου
3372 1261 3469 1314 καὶ
3497 1279 3647 1333 πρω-

2045 1339 2302 1395 τομάοτυ
2312 1357 2421 1395 ρος.

455 1426 520 1479 Ει
553 1426 727 1480 sancti
751 1434 806 1480 et
835 1425 980 1481 beati
1014 1426 1194 1483 Patris
1223 1429 1392 1484 nostri
1419 1429 1607 1497 Marci,
1644 1432 1873 1503 apostoli
1901 1443 1958 1490 et

2103 1355 2119 1390 2
2166 1355 2201 1393 α
2272 1356 2302 1393 υ
2343 1359 2370 1394 ο
2408 1381 2421 1395 .

2124 1355 2348 1485 εἴξας.ῖοῗῖ
2373 1357 2537 1502 ζἁγίου
2562 1436 2657 1489 καὶ
2689 1437 2958 1509 μακαρίου
2982 1438 3196 1511 Πατρὺς
3214 1442 3248 1513 ὴ
3256 1441 3373 1512 μῶν
3386 1443 3642 1516 Μάρκου,

387 1518 744 1585 evangelista}.

2059 1520 2152 1574 τοῦ
2171 1518 2470 1577 ἀποστόλου
2505 1526 2601 1578 καὶ
2624 1526 3036 1596 εὐαγγελιστοῦ.

458 1608 524 1661 Ει
551 1611 725 1664 sancti
757 1610 936 1665 Patris
963 1611 1137 1666 nostri
1174 1611 1447 1681 Gregorii.

2127 1612 2240 1666 Kal.
2272 1613 2368 1667 τοῦ
2393 1616 2451 1669 ἐν
2474 1616 2653 1685 ἁγίοις
2682 1618 2899 1693 Πατρὸς
2925 1615 3250 1692 Γρηγορίου.

466 1696 768 1770 Eorumque
798 1718 1026 1772 quorum
1058 1705 1222 1759 hodie
1258 1706 1573 1760 memoriam
1610 1705 1862 1773 facimus,
1901 1713 1957 1761 et

2127 1702 2237 1755 Καὶ
2252 1699 2326 1758 ὧν
2359 1705 2416 1758 ἐν
2445 1708 2511 1776 τῇ
2544 1707 2784 1779 σήμερον
2803 1708 2990 1780 ἡμέρᾳ
3014 1708 3111 1780 τὴν
3134 1710 3439 1782 ὑπόμνησιν
3455 1712 3648 1766 ποιούο

385 1794 562 1848 omnis
593 1796 747 1849 chori
775 1807 1087 1851 sanctorum
1119 1805 1361 1863 tuorum,
1382 1812 1611 1867 quorum
1643 1798 1924 1867 precibuse

2109 1794 2227 1860 εθα,
2266 1797 2363 1850 καὶ
2406 1784 2609 1860 παντὸς
2651 1796 2814 1869 χοροῦ
2873 1798 2982 1852 τῶν
3033 1798 3204 1867 ἁγίων
3246 1817 3362 1865 σου,
3413 1793 3488 1855 ὧν
3520 1804 3647 1865 ταῖς

383 1886 861 1943 intercessionibus
919 1890 1184 1945 miserere
1254 1892 1464 1956 nostri,
1518 1899 1574 1946 et
1625 1890 1773 1945 salva
1833 1907 1922 1947 nos

2108 1887 2246 1957 ixa‘ic
2290 1888 2385 1942 καὶ
2423 1888 2762 1960 πρεσϐείαις,
2793 1889 2889 1943 καὶ
2941 1890 3090 1961 ἡμᾶς
3131 1889 3376 1961 ἐλέησον,
3403 1893 3495 1946 καὶ
3532 1893 3647 1946 σῶ-

382 1990 605 2048 propter
635 1995 829 2035 nomen
864 1991 1010 2036 tuum
1037 1993 1308 2048 sanctum,
1343 1984 1485 2053 quod
1528 1984 1836 2039 invocatum
1871 1999 1921 2039 es

2109 1994 2150 2030 iv
2170 1978 2259 2033 διὰ
2287 1978 2350 2031 τὸ
2390 1978 2564 2050 ὄνομά
2612 1996 2707 2034 σου
2755 1980 2818 2033 τὸ
2876 1980 3058 2049 ἅγιον,
3106 1979 3169 2033 τὺ
3206 1982 3502 2055 ἐπικληθὲν
3551 1985 3648 2054 ἐφ’

382 2085 546 2141 super
578 2087 694 2126 nos.

685 2111 694 2126 ι
2054 2071 2224 2141 ἡμᾶς·

454 2163 722 2218 Diaconus
750 2167 934 2219 recitat
964 2163 1246 2236 Diptycha.

2136 2160 2201 2214 Ὀ
2232 2158 2510 2229 διάκονος
2536 2161 2696 2232 λέγει
2718 2163 2791 2217 τὰ
2813 2165 3101 2235 Διπτυχα.

453 2251 713 2311 Sacerdos
744 2257 874 2310 dicit
898 2269 1120 2312 secreto.

2139 2250 2201 2306 Ὀ
2228 2252 2420 2322 ἱερεὺς
2451 2253 2613 2324 λέγει
2637 2255 2707 2309 ἐν
2728 2255 2938 2323 ἐαυτῷ.

451 2347 741 2413 Memento,
769 2348 1014 2415 Domine,
1053 2364 1240 2404 eorum
1275 2351 1366 2421 qui
1411 2351 1618 2421 pridem
1649 2351 1955 2409 obdormie-

2126 2344 2432 2415 Μνήσθητι,
2480 2342 2677 2416 Κύριε,
2709 2344 2820 2400 τῶν
2880 2334 3405 2420 προκεκοιμημένων
3454 2348 3517 2403 ἐν
3563 2350 3643 2422 τῇ

381 2449 532 2505 runt,
550 2440 604 2495 in
640 2443 939 2496 orthodoxa
965 2443 1089 2507 (ide,
1120 2451 1332 2510 patrum
1366 2453 1423 2498 et
1471 2443 1699 2499 fratrum
1748 2455 1920 2502 nostrt

2104 2435 2320 2506 πθοδόξῳ
2372 2435 2552 2489 πίστει
2605 2436 2858 2509 πατέρων
2903 2439 3060 2510 ἡμῶν
3098 2440 3192 2494 καὶ
3247 2439 3512 2509 ἀδελφῶν,
3539 2441 3643 2493 καὶ

383 2547 528 2597 rum,
569 2542 624 2588 et
661 2533 749 2587 fac
782 2533 992 2600 animas
1041 2548 1227 2589 eorum
1259 2535 1571 2606 quiescere,
1603 2551 1726 2591 cum
1750 2537 1922 2591 sancti

2104 2525 2369 2579 νάπαυσον
2428 2525 2527 2590 τὰς
2574 2524 2753 2597 ψυχὰς
2805 2528 2983 2584 αὐτῶν
3046 2530 3185 2600 μετὰ
3241 2530 3426 2595 ὁσίων,
3495 2529 3643 2600 μετὰ

382 2624 630 2693 etjustis.
658 2625 838 2680 Deduc
865 2639 960 2680 eos
976 2636 1031 2680 et
1060 2642 1326 2697 congrega
1356 2627 1409 2681 in
1439 2626 1615 2682 locum
1643 2626 1921 2682 herbidum

2107 2618 2299 2672 καίων.
2354 2617 2681 2689 Ἔκθρεψον,
2707 2619 2943 2693 σύναψον
2993 2624 3074 2687 εἰς
3110 2623 3272 2678 τόπον
3331 2622 3513 2694 χλόης,
3542 2624 3643 2675 ἐπὶ

380 2731 545 2784 super
577 2730 771 2786 aquam
807 2715 1142 2782 refectionis,
1173 2716 1226 2770 in
1254 2717 1510 2786 paradiso
1556 2715 1871 2787 voluptatis,
1900 2731 1919 2770 ε

2103 2708 2246 2772 Sat-cog
2294 2709 2675 2777 ἀναπαύσεως,
2738 2712 2796 2766 ἐν
2874 2712 3187 2785 παραδείσῳ
3250 2713 3485 2785 τρυφῆς,
3539 2714 3642 2768 καὶ

382 2821 506 2860 cum
538 2806 647 2862 illis
674 2822 902 2876 quorum
943 2807 1158 2861 nomina
1185 2808 1559 2861 recitavimus.

2056 2801 2196 2873 μετὰ
2247 2801 2452 2855 τούτων
2478 2798 2552 2856 ὧν
2597 2805 2822 2875 εἴπομεν
2853 2804 2923 2857 τὰ
2958 2804 3203 2875 ὀνόματα
3231 2805 3430 2859 αὐτῶν.

454 2891 600 2946 Tunc
627 2895 1173 2949 commemorationem
1199 2895 1331 2964 facit
1360 2896 1593 2949 vivorum
1638 2906 1684 2949 et
1717 2906 1952 2949 mortuo~

2130 2895 2270 2949 Τότε
2291 2895 2654 2963 μνημονεύει
2681 2893 2910 2955 ζώντων
2940 2896 3037 2950 καὶ
3064 2895 3315 2967 νεκρῶν,
3344 2896 3444 2951 καὶ
3480 2898 3643 2968 μετὰ

379 3003 520 3054 rum,
547 2996 598 3042 et
620 2996 734 3056 post
750 2986 1010 3057 Diptycha
1027 2988 1274 3041 sacerdos
1308 2986 1458 3042 dicit.

1264 3004 1274 3040 ι
1308 2986 1458 3042 dicit.
2052 2986 2318 3055 δίπτυχα
2342 2989 2376 3040 ὁ
2408 2986 2598 3055 ἱερεὺς
2622 2986 2803 3059 λέγει.

453 3077 743 3142 Memento,
773 3077 1030 3142 Domine,
1068 3091 1254 3132 eorum
1311 3092 1538 3145 quorum
1589 3079 1950 3144 meminimus,

2125 3077 2433 3149 Μνήσθητι,
2486 3077 2681 3151 Κύριε,
2731 3071 2808 3132 ὧν
2849 3079 3223 3152 ἐμνήσθημεν,
3277 3081 3371 3135 καὶ
3402 3073 3477 3135 ὧν
3530 3082 3641 3135 οὐκ

380 3179 436 3226 et
458 3185 686 3240 quorum
713 3185 818 3224 non
869 3170 1213 3224 meminimus
1264 3169 1502 3223 ﬁdelium
1538 3180 1591 3223 et
1619 3171 1919 3225 orthodoxa

2105 3148 2427 3242 ινήσθημεν,
2478 3148 2685 3224 πιστῶν
2736 3171 2829 3224 καὶ
2880 3148 3196 3242 δρθοδόξων,
3255 3172 3375 3244 μεθ’
3413 3166 3487 3228 ὧν
3538 3173 3644 3226 καὶ

382 3276 525 3324 rum,
549 3277 672 3316 cum
703 3262 898 3330 quibus
927 3268 983 3315 et
1005 3260 1158 3315 nobis
1181 3276 1301 3315 cum
1327 3261 1478 3330 ipsis,
1501 3270 1753 3331 tanquam
1777 3262 1919 3317 bonu

2254 3262 2351 3314 σὺν
2423 3261 2605 3324 αὐτοῖς
2670 3260 2747 3324 ὡς
2825 3261 3029 3329 ἀγαθὸς
3093 3263 3187 3316 καὶ
3255 3262 3644 3335 φιλάνθρωπος
3746 3272 3750 3275 ’

382 3365 437 3409 et
467 3353 735 3422 benignus
774 3367 900 3422 erga
934 3352 1181 3407 homines
1212 3351 1374 3406 Deus.
2050 3351 2204 3415 Θεός.

451 3444 709 3513 Populus.
743 3442 999 3508 Remitte,
1028 3457 1210 3514 parce,
1240 3444 1505 3498 condona.

2135 3444 2197 3497 Ὀ
2214 3443 2364 3510 λαὸς
2389 3444 2572 3513 λέγει.
2612 3445 2793 3511 Ἀνες,
2815 3446 2972 3515 ἄφες,
2998 3443 3369 3516 συγχώρησον.

452 3535 734 3590 Sacerdos.
771 3536 849 3590 Tu
897 3536 1040 3589 enim
1102 3549 1165 3589 es
1215 3534 1358 3589 Deus
1384 3544 1593 3600 noster,
1621 3536 1949 3600 misericors,

2137 3534 2199 3587 '0
2238 3533 2429 3603 ἱερεὺς
2461 3534 2642 3604 λέγει.
2689 3535 2760 3589 Σὺ
2818 3534 2928 3607 γὰρ
2977 3531 3074 3588 εῑὸ
3102 3535 3232 3598 Θεὸς
3271 3534 3447 3606 ἡμῶν,
3482 3534 3608 3605 ἐλεή

380 3629 571 3684 nolens
603 3638 832 3683 mortem
866 3628 1185 3697 peccatoris,
1227 3628 1322 3683 sed
1349 3630 1529 3697 potius
1575 3636 1633 3683 ut
1663 3637 1919 3683 converta

2069 3644 2195 3696 μων,
2224 3628 2253 3678 ὁ
2289 3626 2363 3697 μὴ
2413 3626 2733 3698 βουλόμενος
2778 3627 2869 3681 τὸν
2893 3626 3120 3688 θάνατον
3151 3626 3244 3680 τοῦ
3283 3625 3608 3698 ἁμαρτωλοῦ

383 3734 469 3775 tur
502 3730 556 3774 et
609 3721 774 3774 vivat.
808 3721 971 3784 Deus,
1002 3721 1158 3774 visita
1211 3734 1309 3774 nos
1354 3721 1406 3774 in
1446 3719 1666 3775 salutari
1704 3730 1817 3786 tuo,
1867 3720 1918 3775 ia

2083 3736 2129 3781 ›ς
2169 3716 2263 3769 τοῦ
2316 3717 2640 3789 ἐπιστρέψαι
2671 3717 2765 3770 καὶ
2790 3717 2889 3789 ζῇν
2911 3717 3092 3772 αὐτόν.
3133 3716 3194 3769 '0
3228 3716 3381 3784 Θεὸς,
3406 3716 3622 3769 ἐπίσκε-

381 3813 659 3869 tiobiscum
719 3812 1016 3866 secundum
1078 3810 1547 3865 mansuetudinem
1611 3820 1796 3877 tuam,
1860 3826 1920 3880 qu

2077 3809 2154 3878 μον
2203 3810 2352 3880 ἡμᾶς
2408 3807 2566 3879 ἐντῷ
2619 3807 2873 3881 σωτηρίῳ
2921 3824 3037 3861 σου·
3068 3808 3292 3877 ποίησον
3328 3807 3446 3878 μεθ’
3473 3807 3616 3878 ὴμῶ·

380 3904 520 3961 facis
548 3903 707 3972 longe
742 3903 896 3972 plura
927 3915 1088 3970 quam
1119 3903 1376 3970 petimus,
1411 3912 1503 3956 aut
1541 3901 1862 3972 cogitamus,
1896 3920 1919 3957 ι]

2093 3899 2195 3953 ατὰ
2225 3900 2326 3971 τὴν
2365 3900 2662 3953 ἐπιείκειάν
2718 3916 2832 3963 σου,
2886 3900 2914 3952 ὁ
2952 3898 3121 3953 ποιῶν
3169 3898 3310 3970 ὑπὲρ
3343 3900 3406 3951 ἐκ
3439 3914 3632 3968 περισ-

380 3999 433 4049 in
463 3996 584 4063 hoc,
619 3994 763 4047 sicut
790 4002 843 4047 et
872 3994 926 4046 in
945 3992 1216 4058 omnibus,
1245 3992 1574 4064 gloriﬁcetur
1590 4002 1644 4049 et
1666 3993 1919 4049 exaltetut

2102 3993 2152 4046 >ῦ
2186 3985 2260 4048 ὧν
2285 3992 2604 4064 αἰτούμεθα,
2660 3992 2694 4064 ἢ
2733 3991 2978 4063 νοοῦμεν·
3037 3991 3126 4046 ἵνα
3176 4007 3269 4044 σου
3298 3992 3394 4044 καὶ
3426 3992 3484 4043 ἐν
3513 3990 3641 4045 τού.

377 4086 628 4140 laudetur
665 4095 721 4138 et
749 4082 1122 4149 benedicatur,
1154 4092 1209 4138 et
1257 4083 1630 4139 sanetiiicetur
1680 4094 1916 4140 sanctuni

2103 4104 2134 4158 ρ
2185 4084 2368 4150 καθὼς
2421 4087 2517 4140 καὶ
2565 4087 2624 4139 ἐν
2657 4084 2820 4139 παντὶ
2875 4083 3105 4155 δοξασθῇ
3154 4084 3249 4137 καὶ
3304 4082 3494 4153 ὑψωθῇ
3539 4083 3642 4135 καὶ

380 4178 767 4230 honorandum
794 4182 852 4229 et
882 4174 1224 4228 benedictum
1251 4189 1447 4229 nomen
1477 4182 1650 4241 tuum,
1699 4189 1821 4230 cum
1854 4175 1919 4229 im

2101 4175 2294 4249 μνηθῇ,
2335 4178 2430 4229 καὶ
2486 4175 2752 4247 εὐλογηθῇ
2805 4176 2900 4229 καὶ
2956 4174 3193 4246 ἁγιασθῇ
3249 4173 3311 4227 τὸ
3367 4172 3640 4241 πανάγιον

379 4265 657 4321 aniculam
697 4272 789 4319 tuo
819 4262 980 4318 Patre
1004 4272 1060 4320 et
1085 4272 1276 4320 sancto
1298 4263 1527 4335 Spiritu.

2101 4268 2151 4321 αἱ
2201 4268 2437 4340 ἔντιμον,
2462 4268 2558 4322 καὶ
2602 4267 2962 4339 εὐλογημένον
3021 4283 3114 4319 σου
3151 4266 3341 4337 ὄνομα,
3400 4263 3518 4335 ἅμα
3555 4262 3640 4335 τῷ

2057 4359 2310 4430 ἁχρὰντῳ
2341 4375 2434 4411 σου
2451 4357 2624 4430 Πατρὶ
2656 4358 2749 4410 καὶ
2778 4357 2918 4427 ἁγίῳ
2948 4356 3246 4427 Πνεύματι.

455 4441 712 4510 Papulas.
739 4441 896 4496 Sicut
923 4450 1059 4506 erat,
1089 4452 1192 4511 est,
1227 4453 1282 4497 et
1312 4444 1434 4499 erit.
1985 4499 1994 4521 τ

1985 4499 2029 4521 ἢ
2145 4451 2204 4504 '0
2233 4451 2382 4518 λαός
2417 4449 2597 4520 λέγει.
2641 4450 2727 4514 Ὠς
2754 4445 2842 4521 ἦν,
2873 4450 2967 4503 καὶ
2998 4447 3133 4512 ἔστι,
3160 4447 3256 4501 καὶ
3286 4445 3458 4500 ἔσται.

452 4531 746 4584 Diaconus.
786 4530 1131 4598 Descendite,
1171 4533 1405 4588 diaconi.
1984 4499 1991 4554 1

1984 4499 2031 4554 θ
2138 4499 2202 4595 οἱ)
2218 4499 3143 4608 ἑὶᾶξιῖπὲιὲξξιέγεῖπ’άὲέᾴὀέηέεζεἰ
3159 4499 3411 4593 διάκονοι.

394 4672 402 4680 .
455 4625 734 4679 Sacerdos.
766 4624 879 4679 Pax
908 4625 1180 4680 omnibus.

2139 4634 2201 4685 '0
2228 4632 2419 4700 ἱερεὺς
2443 4631 2623 4698 λέγει.
2655 4632 2859 4704 Εἰρήνη
2888 4631 3073 4684 πᾶσιν.

456 4718 714 4787 Populus.
743 4716 809 4771 Et
841 4733 962 4773 cum
996 4718 1189 4787 spiritu
1215 4728 1325 4771 tuo.

2138 4726 2203 4778 '0
2221 4724 2369 4790 λαὸς
2396 4723 2580 4793 λέγει.
2601 4723 2714 4777 Καὶ
2734 4721 2812 4791 τῷ
2827 4721 3097 4794 πνεύματί
3123 4739 3239 4777 σου.

779 4807 1101 4862 Prooemium
1134 4808 1412 4877 fractionis
1438 4808 1574 4878 (24).

2458 4814 2776 4883 Προοίμιον
2796 4812 2904 4881 τῆς
2939 4812 3232 4879 πλάσεως.

457 4900 742 4955 Sacerdos.
776 4896 901 4953 Jesu
943 4896 1185 4963 Christe,
1240 4912 1434 4952 nomen
1465 4898 1721 4964 salutare,
1756 4901 1848 4969 qui
1876 4900 1958 4956 di-

2139 4907 2194 4958 '0
2247 4906 2439 4974 kpeitc
2502 4904 2683 4975 λέγει.
2739 4903 2913 4974 Ἰησοῦ
2964 4903 3191 4977 Χριστὲ,
3259 4901 3322 4956 τὸ
3368 4901 3636 4973 σωτήριον

457 5107 568 5179 (24)
612 5106 737 5179 iiafc
765 5106 943 5179 oratio
971 5121 1077 5159 non
1112 5105 1340 5179 habetur
1402 5108 1455 5159 in
1498 5105 1752 5179 Copticis
1771 5123 1959 5162 exem-
2059 5111 2177 5163 (iter
2202 5110 2255 5179 in
2277 5124 2464 5179 corpus
2500 5107 2852 5179 Dominicum,
2884 5116 3067 5161 natum
3087 5106 3153 5179 de
3187 5104 3418 5179 Virgine.
3451 5104 3637 5179 Remi-

386 5175 647 5251 pla'ribus.
676 5176 933 5251 Continet
960 5186 1142 5251 autem
1170 5176 1387 5251 brevem
1407 5185 1463 5251 et
1480 5176 1786 5251 distinctam
1809 5179 1960 5251 tlteog
2060 5182 2178 5251 gius
2203 5177 2291 5243 (1n
2320 5176 2348 5230 1
2375 5176 2498 5231 Cor.
2524 5192 2574 5230 c.
2604 5177 2692 5244 2):
2726 5176 2898 5251 Panis_
2917 5192 3069 5251 quem
3099 5177 3415 5251 frangimus,
3451 5175 3635 5243 utique

386 5244 540 5319 logia:
601 5244 898 5319 Orientalis
951 5246 1396 5319 explicationem,
1441 5245 1561 5300 istis
1602 5246 1784 5319 verbis
1815 5263 1829 5300 :
1865 5250 1958 5314 qui
2057 5244 2283 5318 primum
2312 5258 2695 5319 consecraturg
2717 5244 3631 5319 sacerdotibusetaSpiritujancto.

386 5312 682 5371 sacerdotes
711 5315 918 5384 quidem
957 5316 1013 5368 in
1027 5312 1215 5369 ordine
1238 5315 1600 5369 ministrorum
1618 5312 1956 5382 constituisti,
2058 5312 2342 5373 'Ascelinus
2368 5334 2455 5385 ep.
2485 5316 2520 5369 2
2558 5318 2625 5369 ad
2652 5314 3037 5384 Berengarium
3066 5312 3247 5385 (Tom.
3286 5312 3359 5368 IX
3399 5312 3631 5385 Concit.,

385 5403 479 5455 per
503 5382 818 5457 inuisibilem
852 5395 1025 5439 autem
1051 5396 1202 5457 tuam
1226 5394 1559 5457 potestatem,
1582 5400 1645 5438 ea
1681 5396 1961 5457 transmu-
2059 5404 2115 5457 p.
2144 5388 2302 5455 1058)
2329 5404 2342 5440 ι
2374 5382 2598 5448 Panem,
2629 5385 2725 5447 ait,
2756 5394 2805 5457 et
2835 5382 3033 5457 fuinunt
3063 5382 3118 5438 in
3148 5385 3354 5457 altari,
3396 5382 3631 5451 Spiritus

389 5454 535 5517 tasti,
566 5455 651 5508 vel
669 5456 736 5509 ad
757 5457 978 5508 verbum
1006 5454 1496 5509 transelementasti.
1526 5455 1822 5510 Concilium
1852 5456 1960 5510 Ro-
2059 5454 2227 5511 Sancti
2253 5454 2441 5508 virtute
2466 5472 2558 5521 per
2589 5455 2876 5508 sacerdotis
2902 5455 3269 5515 ministerium,
3311 5469 3485 5509 verum
3509 5468 3631 5506 cor-

389 5539 611 5595 manum
643 5540 786 5578 anno
809 5524 948 5580 1079
974 5525 1028 5578 in
1059 5539 1218 5595 causa
1254 5524 1566 5595 Berengarii
1590 5525 1667 5578 ait
1707 5524 1886 5593 (Tom.
1909 5525 1957 5579 Χ
2059 5545 2156 5595 pus
2187 5542 2461 5588 verumque
2491 5527 2797 5595 sanguinem
2826 5523 3025 5577 Christi
3046 5525 3175 5594 eﬁici
3201 5539 3220 5577 :
3241 5538 3361 5592 qua:
3385 5524 3632 5595 testimo-

389 5593 616 5659 Concit.,
643 5596 731 5648 ed.
770 5595 941 5659 Paris,
967 5611 1020 5664 p.
1049 5594 1174 5665 578)
1203 5611 1217 5647 :
1253 5592 1455 5665 Panem
1468 5604 1518 5648 et
1549 5597 1726 5665 uinum
1751 5611 1841 5662 per
1870 5614 1958 5650 sa-
2059 5592 2148 5650 nia
2183 5612 2248 5649 ex
2284 5596 2467 5648 multis
2504 5592 2623 5665 aliis
2657 5594 2879 5665 selecta,
2927 5592 3095 5649 variis
3125 5609 3193 5647 ex
3244 5594 3634 5665 Ambrosiam.

388 5680 494 5717 cra:
522 5665 777 5717 orationis
800 5666 953 5718 verba
967 5662 1027 5733 fet
1063 5662 1349 5718 sacerdotis
1370 5662 1811 5717 consecrationem
1835 5666 1957 5733 Spi-
2061 5668 2312 5727 Gothico,
2345 5664 2681 5717 Mosarabico
2705 5664 2934 5733 aliisque
2981 5664 3400 5717 auctoritatibus
3442 5664 3638 5716 contir-

394 5742 510 5802 ,rttu
537 5741 718 5787 sancto
749 5732 1080 5791 invisibiliter
1108 5743 1354 5803 operante
1386 5736 1612 5789 converti
1633 5732 1950 5789 substantia-
2061 5747 2277 5790 Illattltll‘
2303 5752 2316 5787 :
2356 5744 2564 5788 tantum
2594 5735 2764 5799 abest,
2796 5745 2853 5788 ut
2890 5734 3175 5804 quisquam
3208 5733 3340 5788 olim
3357 5734 3639 5789 existima-
