3898 6222
273 271 387 336 ⁷21

1213 288 1545 349 LITURGIA
1582 292 1639 348 S.
1682 293 2024 355 CREGO‘RII
2062 300 2579 363 ALEXANDRINA.

3472 309 3579 364 722

275 398 478 469 ὄνομα,
507 399 537 453 6
581 398 651 454 τὰ
675 399 794 455 θεῖα
843 403 939 458 καὶ
971 405 1217 478 ἄχραντα
1244 411 1338 463 καὶ
1386 411 1687 483 ἐπουράνια
1717 414 1881 470 ταῦτα

1994 418 2140 484 vina,
2169 420 2539 487 immaculata,
2584 429 2640 475 et
2686 412 2929 479 caelestia
2985 423 3100 479 haec
3143 417 3400 495 m'ysteria
3432 425 3577 483 desi-

283 492 568 564 μυστήρια
601 492 974 562 διατυπώσαςο
1012 501 1041 553 6
1097 502 1224 565 τοὺς
1266 503 1365 574 μὲν
1403 505 1571 576 ἱερεῖς
1624 509 1682 561 ἐν
1735 508 1890 573 τάξει

280 584 582 655 ὑπηρετῶν
616 588 840 659 στήσαςο
862 589 951 644 διὰ
980 591 1038 644 δὲ
1064 593 1167 663 τῆς
1207 595 1443 668 ἀοράτου
1483 615 1577 652 σου
1606 599 1890 671 δυνάμεως

280 676 430 730 αὐτὰ
476 680 999 750 μεταστοιχειὼσας.
1038 684 1096 739 '0
1128 688 1243 751 τοῖς
1288 689 1553 761 καθαροῖς
1580 692 1646 761 τῇ
1684 692 1889 764 καρδίᾳ.

280 767 732 841 ἐπιφαινόμενος,
760 774 992 842 καὶτοῖς
1023 784 1266 850 γνησίως
1299 780 1586 854 προσιοῦσι
1608 781 1697 836 διὰ
1725 801 1888 838 σεαυ-

278 858 381 913 τοῦ
415 863 435 884 ¹
458 862 816 934 παρέχοντος.

366 952 428 1007 '0
454 952 576 1007 τότε
605 955 933 1029 εὐλογήσας,
964 954 1060 1009 καὶ
1085 953 1179 1010 νῦν
1209 955 1529 1029 εὐλόγησον.

368 1043 429 1096 Ὅ
456 1043 579 1098 τότε
605 1045 861 1115 ἁγιάσας,
897 1047 994 1102 καὶ
1017 1046 1114 1101 νῦν
1134 1048 1386 1116 ἁγίασον.

367 1134 427 1188 '0
453 1134 576 1189 τότε
609 1136 840 1204 κλάσας,
872 1140 971 1193 καὶ
992 1138 1088 1193 νῦν
1107 1140 1422 1212 διάθρεψον.

366 1225 426 1279 '0
447 1226 572 1280 τότε
604 1227 818 1293 διαδοὺς
843 1232 960 1294 τοῖς
986 1230 1183 1285 ἑαυτοῦ
1227 1233 1499 1307 μαθηταῖς
1523 1238 1617 1292 καὶ
1663 1239 1889 1295 ἀποστόο

278 1316 420 1383 λοις,
451 1319 548 1372 καὶ
571 1319 687 1388 νῦν,
706 1320 976 1389 Δέσποτα,
1013 1323 1196 1388 διάδος
1218 1327 1351 1397 ἡμῖν
1381 1331 1475 1383 καὶ
1496 1331 1661 1385 παντὶ
1682 1332 1760 1403 τῷ
1776 1332 1888 1404 λαῷ

281 1425 407 1475 σου,
432 1410 803 1486 φιλάνθρωπε,
851 1415 1254 1489 παντόκρατορ,
1283 1419 1455 1493 Κύριε
1480 1424 1509 1476 ὁ
1528 1423 1661 1488 Θεὸς
1704 1426 1884 1496 ἡμῶν.

368 1501 433 1554 '0
462 1501 748 1572 διάκονος
764 1505 950 1576 λέγει.
986 1508 1386 1579 Προσεύξασθε.

368 1592 431 1645 '0
449 1594 603 1661 ,λαὸς
629 1597 815 1667 λέγει.
846 1599 1022 1672 Κύριε
1051 1601 1295 1673 ἐλέησον.

366 1684 430 1737 Ὃ
443 1687 637 1755 ἱερεὺς
661 1689 845 1760 λέγει.
882 1690 1091 1765 Εἰρήνη
1122 1696 1312 1751 πᾶσιν.

370 1776 432 1830 '0
459 1779 610 1845 λαὸς
634 1779 820 1851 λέγει.
850 1784 962 1837 Καὶ
981 1783 1057 1855 τῷ
1088 1787 1362 1858 πνεύματί
1384 1808 1500 1846 σου.

742 1876 828 1929 Εὐ
832 1874 914 1945 χὴ
961 1877 1073 1947 τῆς
1123 1879 1424 1951 κλάσεως.

374 1959 431 2015 '0
458 1960 557 2027 ὢν,
592 1963 623 2016 6
674 1960 765 2036 ἦν,
817 1969 847 2020 6
908 1967 1103 2035 ἐλθὼν,
1157 1973 1254 2026 καὶ
1293 1976 1458 2032 πάλιν
1496 1977 1812 2050 ἐρχόμενοςο
1860 1980 1892 2034 6

276 2053 341 2104 ἐν
385 2052 539 2125 δεξιᾷ
598 2055 694 2110 τοῦ
734 2059 950 2131 Πατρὸς
982 2062 1312 2135 καθήμενοςο
1365 2068 1394 2120 6
1435 2069 1619 2142 ἄρτος,
1651 2072 1681 2124 6
1714 2087 1888 2126 κατα-

278 2146 391 2210 ϐάς
435 2148 501 2201 ὲκ
540 2148 634 2203 τοῦ
690 2151 947 2223 οὐρανοῦ,
1006 2157 1102 2210 καὶ
1151 2158 1299 2232 ζωὴν
1331 2160 1509 2227 διδοὺς
1557 2164 1639 2235 τῷ
1673 2164 1885 2238 κόσμῳ·

279 2239 313 2290 6
352 2239 530 2309 μέγας
559 2241 868 2315 ἀρχιερεὺς,
917 2248 946 2301 6
974 2248 1219 2322 ἀρχηγὸς
1248 2251 1350 2323 τῆς
1404 2255 1681 2326 σωτηρίας
1708 2257 1885 2329 ἡμῶν·

280 2331 350 2385 τῦ
406 2332 523 2401 φῶς
568 2335 826 2406 ἀληθινὸν
867 2339 928 2393 τὸ
965 2343 1074 2413 πρὸ
1132 2344 1353 2399 πάντων
1401 2345 1636 2401 αἰώνων.
1684 2350 1780 2412 Ὃς
1813 2348 1889 2403 ὢν

283 2422 635 2496 ἀπαύγασμα
682 2427 782 2499 τῆς
839 2429 1018 2502 δόξης,
1059 2434 1155 2487 καὶ
1200 2436 1488 2508 χαρακτὴρ
1518 2439 1622 2510 τῆς
1652 2440 1891 2494 ὑποστά-

283 2532 427 2580 σεως
479 2518 646 2572 αὑτοῦ
704 2520 797 2574 τοῦ
834 2523 965 2576 ἰδίου
1014 2542 1108 2580 σου
1145 2528 1382 2599 Πατρός·
1404 2532 1434 2584 6
1463 2530 1759 2604 εὐδοκήσας
1791 2534 1891 2588 καὶ

281 2609 637 2676 καταξιώσας
678 2614 960 2671 κατελθεῖν
1016 2620 1080 2673 ἐκ
1131 2620 1243 2675 τῶν
1263 2623 1574 2695 ὑψωμάτων
1598 2626 1693 2681 τοῦ
1720 2628 1887 2701 οὐρα-

283 2699 406 2758 νοῦ,
455 2703 520 2755 ἐκ
549 2704 766 2760 κόλπων
790 2706 886 2761 τοῦ
938 2710 1234 2781 ἀπροσίτου
1267 2716 1467 2784 φωτὸς,
1498 2719 1593 2772 καὶ
1633 2699 1888 2793 ἀληθινοῦ

282 2791 387 2844 καὶ
428 2792 665 2865 ἀοράτου
713 2797 875 2867 μόνου
920 2801 1158 2872 Πατρός.
1195 2805 1509 2876 Σαρκωθεὶς
1537 2809 1596 2862 δὲ
1623 2811 1688 2864 ἐκ
1714 2791 1888 2866 Πνεῦ-

286 2900 462 2953 ματος
491 2886 674 2954 ἁγίου,
702 2890 797 2942 καὶ
822 2892 889 2944 ἐκ
918 2893 1018 2963 τῆς
1042 2896 1389 2964 πανενδόξου,
1406 2900 1701 2971 ἀχράντου,
1727 2904 1890 2974 ἁγίας

280 2975 579 3065 δεσποίνης
637 2981 792 3051 ὑμῶν
851 2984 1136 3053 Θεοτόκου,
1199 2991 1294 3044 καὶ
1347 2992 1710 3065 ἀειπαρθένου
1766 2999 1889 3052 Μα-

286 3064 437 3136 ρίας,
503 3070 598 3123 καὶ
639 3072 840 3138 τελέως
877 3076 1325 3150 ὲναιορωπήσας·
1380 3084 1479 3137 καὶ
1521 3064 1665 3141 κατὰ
1719 3090 1887 3160 μετά-

286 3173 503 3223 στασιν,
526 3161 627 3234 τὴν
653 3164 1049 3239 ἀνθρωπότητα
1082 3171 1474 3241 ἀναλλοιώσας’
1520 3179 1729 3247 ἑνώσας
1754 3184 1884 3238 ἐαυ-

282 3248 371 3320 τῷ
432 3253 555 3306 καθ’
601 3256 920 3327 ὑπόστασιν,
980 3262 1275 3335 ἀφράστως
1334 3269 1432 3320 καὶ
1485 3269 1885 3345 ἀπερινοήτως,

282 3343 579 3415 ἀτρέπτως
622 3345 679 3401 δὲ
726 3355 819 3402 καὶ
869 3351 1209 3423 ἀσυγχύτως,
1264 3356 1446 3430 ψυχὴν
1490 3358 1719 3431 ἔχουσαν
1738 3343 1888 3434 φλογι-

283 3435 397 3525 κήν
425 3454 484 3490 τε
525 3439 620 3492 καὶ
662 3442 877 3512 νοερὰν,
917 3443 1092 3509 οὕτως
1129 3448 1401 3520 προῆλθες
1444 3449 1505 3516 ἐξ
1533 3452 1705 3525 αὐτῆς
1730 3455 1889 3511 θεαν-

281 3524 631 3596 θρωπωθείς·
663 3533 950 3603 ὁμοούσιος
993 3537 1169 3609 Πατρὶ
1213 3540 1355 3594 κατά
1381 3541 1479 3613 τὴν
1509 3524 1759 3616 θεότητα,
1791 3548 1889 3601 καὶ

281 3622 576 3692 ὁμοούσιος
637 3627 772 3697 ἡμῖν
837 3629 980 3683 κατά
1031 3629 1131 3701 τὴν
1190 3632 1610 3706 άνθρωπότητα.
1671 3638 1748 3691 Οὐ
1788 3639 1884 3693 δύο

282 3714 559 3785 πρόσωπα
595 3711 710 3781 οὖν,
754 3718 876 3772 οὐδὲ
917 3717 1013 3772 δύο
1061 3721 1277 3792 μορφάς
1304 3724 1494 3794 ἤγουν,
1516 3725 1638 3779 οὐδὲ
1668 3740 1728 3782 ει
1760 3728 1883 3783 δυσὶ

282 3805 485 3876 φύσεσι
537 3808 956 3882 γνωριζόμενος,
1006 3812 1121 3866 ἀλλ’
1173 3809 1255 3879 εἷς
1324 3815 1477 3883 Θεὸς,
1533 3813 1615 3884 εἷς
1649 3820 1876 3893 Κύριος,

286 3898 392 3969 μία
422 3901 597 3964 οὐσία,
636 3903 737 3973 μία
787 3902 1055 3973 βασιλεία,
1104 3907 1203 3976 μία
1257 3907 1559 3975 δεσποτεία,
1592 3911 1694 3982 μία
1727 3913 1881 3985 ἐνέρ-

283 4128 432 4182 verit
460 4126 846 4184 detrimentum
892 4131 1081 4188 inferri
1132 4150 1292 4191 sacro
1331 4140 1677 4195 sacerdowm
1718 4142 1880 4197 mini-

282 4200 478 4280 sterio,
516 4201 560 4252 si
584 4200 800 4281 Chrisio
826 4201 1170 4281 et__Spiritui_
1191 4218 1384 4281 sancto
1428 4222 1486 4263 ut
1515 4224 1697 4266 causa!
1725 4214 1874 4281 prin-

281 4269 799 4348 cipi,_cous_ecratio
827 4269 1117 4329 tribuatur.
1148 4274 1210 4348 in
1269 4279 1457 4333 ultima
1513 4291 1688 4348 parte,
1725 4269 1786 4336 'ut
1819 4283 1872 4337 in

284 4340 653 4420 tuultisaliis,
686 4350 927 4421 erratum
958 4354 1046 4399 est
1085 4359 1115 4399 a
1145 4347 1388 4421 librario,
1411 4340 1758 4421 qui-scripsit
1781 4352 1872 4406 διὰ

285 4410 927 4494 σεαυτοῦῼπαρεχοντος,
958 4430 1080 4494 cum
1116 4410 1713 4494 ιιιίιηίίθειοίπαρέχων
1768 4423 1870 4494 legi

282 4481 504 4534 debent.
533 4480 654 4535 lloc‘
675 4480 796 4536 loco
827 4483 1012 4537 delicit
1053 4488 1234 4542 versio
1257 4491 1512 4546 Arabica.

367 4550 481 4619 ('25)
502 4550 711 4626 Neque
738 4553 825 4626 iila
859 4564 1038 4609 exstat
1070 4556 1121 4608 in
1154 4555 1393 4626 Coptieis
1429 4560 1743 4618 codicibus:
1782 4564 1875 4617 sed

283 4623 545 4689 quamvis
572 4623 661 4701 isti
722 4623 860 4701 alios
919 4623 1406 4701 antiquitate_non
1454 4644 1731 4701 superent,
1760 4633 1877 4688 haec

292 4705 478 4765 tamen
516 4694 697 4765 ruratio
746 4694 816 4765 ob
870 4697 1211 4765 perspicuam
1252 4694 1565 4756 Jacobiticu:
1618 4694 1877 4758 doctrina:

287 4763 715 4828 expositionem,
750 4763 1177 4820 Chalcedonensi
1203 4773 1439 4825 concilio
1461 4774 1728 4826 vetustior
1755 4787 1877 4828 esse

290 4850 399 4885 non
427 4843 624 4899 potest,
661 4849 781 4886 eum
809 4837 969 4889 unius
999 4846 1205 4890 naturae
1247 4839 1297 4891 in
1334 4840 1552 4896 Christo
1579 4843 1876 4898 confessio.

290 4919 419 4955 nent
450 4906 752 4976 contineat,
782 4906 876 4958 sed
912 4906 1119 4975 absque
1147 4909 1487 4976 confusione,
1535 4922 1632 4965 aut
1675 4914 1877 4967 altera-

296 4983 466 5026 tione.
493 4973 645 5039 Quod
676 4976 944 5043 sequitur,
970 4973 1265 5045 agnoscere
1289 4973 1567 5037 Jacobitas
1594 4982 1871 5038 Christum

292 5059 419 5096 esse
452 5045 948 5099 consubstantialem
982 5046 1136 5100 Patri
1167 5055 1453 5105 secundum
1506 5053 1875 5109 divinitatem:

298 5113 977 5187 consubsttmtialemnobis
1001 5120 1287 5172 secundum
1335 5122 1738 5187 humanitatem,
1768 5125 1872 5178 etsi

296 5185 496 5237 mirum
520 5184 624 5261 illis
642 5185 822 5261 _videri
848 5188 1038 5261 possit,
1068 5190 1161 5256 qui
1193 5188 1405 5261 illorum
1429 5184 1739 5261 Opinionem
1768 5211 1874 5247 non

296 5270 523 5315 novere,
554 5255 654 5327 nisi
683 5269 750 5308 ex
788 5257 1017 5327 vulgatis
1043 5255 1377 5324 auctoribus,
1405 5255 1747 5317 verissimum
1793 5276 1873 5317 ta-

297 5340 421 5401 tnt-n
454 5336 558 5401 est.
587 5324 886 5401 Qumenipt
938 5327 992 5401 in
1020 5329 1125 5401 hac
1151 5330 1399 5401 oratione
1442 5331 1690 5401 leguntur
1722 5348 1875 5397 repe-

297 5395 552 5473 _rimus_i_n
584 5395 807 5473 Coptico
832 5396 1160 5470 Euchologio
1190 5395 1535 5473 Bibliotheca}:
1563 5401 1765 5473 Regia,
1786 5395 1872 5458 ubi

293 5463 442 5515 inter
473 5463 772 5541 Theatokia,
823 5482 916 5541 seu
943 5463 1132 5537 precés
1176 5471 1244 5541 ad
1285 5471 1594 5541 Deiparam,
1636 5463 1875 5528 liwc'oc-

288 5545 525 5586 currunt
554 5532 819 5612 '_Verbunt
847 5532 1045 5612 factum
1068 5550 1141 5594 est
1165 5538 1339 5605 homo,
1369 5532 1870 5612 absque'divisione,

286 5619 430 5655 imus
455 5620 520 5681 ea:
553 5606 781 5681 duobus,
808 5610 1078 5681 divinitate
1104 5626 1241 5678 pura
1288 5606 1485 5681 absque
1515 5606 1869 5679 corruptione,

283 5675 513 5739 aqualis
540 5714 555 5738 ,
610 5678 747 5738 sive,
798 5675 1260 5733 tomnbstantialis
1298 5675 1451 5735 Patri
1492 5700 1509 5737 :
1541 5675 1873 5738 humanitate

282 5744 1026 5810 iudtvisa,consubstantiatis
1058 5750 1224 5806 nobis.
1253 5752 1477 5823 lieliqua
1508 5755 1730 5809 totidem
1761 5772 1872 5812 ver-

1991 512 2205 583 gnasti:
2239 514 2330 583 qui
2356 514 2670 569 sacerdotes
2700 513 2920 585 quidem
2975 516 3031 569 in
3083 516 3274 572 ordine
3302 518 3577 575 ministro-

1996 622 2113 661 rum
2138 608 2493 674 constituisti,
2563 624 2660 678 pcr
2691 608 3023 664 invisibilem
3075 618 3252 665 autem
3294 619 3442 666 tuam
3476 628 3546 682 po

1992 700 2214 754 tentiam
2248 715 2310 755 ea
2343 700 2784 756 transformasti:
2842 702 2933 771 qui
2980 703 3199 759 mundis
3229 703 3391 761 corde
3419 706 3575 760 exhi-

1988 786 2137 843 beris
2160 799 2213 844 et
2237 789 2346 845 illis
2366 791 2461 860 qui
2490 792 2704 847 sincere
2733 793 3035 860 accedunt,
3090 806 3190 862 per
3223 802 3275 849 te
3306 794 3482 864 ipsum
3511 809 3574 851 ea

1990 880 2216 949 praebes.

2060 973 2163 1041 Qui
2195 983 2321 1029 tune
2349 973 2696 1042 benedixisti,
2728 975 2891 1030 etiam
2919 992 3063 1032 nunc
3092 979 3345 1033 benedic.

2064 1065 2164 1131 Qui
2196 1074 2328 1121 tunc
2367 1066 2750 1134 sanctiﬁcasti,
2774 1068 2936 1122 etiam
2970 1084 3114 1124 nunc
3158 1070 3465 1127 sanctiﬁca.

2059 1156 2159 1224 Qui
2188 1167 2319 1213 tunc
2346 1157 2580 1229 fregisti,
2618 1159 2781 1213 etiam
2810 1175 2957 1215 nunc
2979 1159 3192 1232 frange.

2059 1246 2163 1314 Qui
2238 1256 2365 1301 tunc
2430 1247 2627 1301 dedisti
2680 1248 2963 1317 discipulis
3030 1258 3084 1302 ct
3131 1248 3395 1317 apostolis
3445 1249 3573 1316 tuis,

1989 1340 2153 1395 etiam
2176 1354 2341 1403 nunc,
2389 1340 2635 1404 Domine,
2670 1341 2736 1393 da
2764 1341 2919 1396 nobis
2943 1351 2998 1395 et
3045 1341 3190 1394 omni
3222 1341 3416 1409 populo
3459 1350 3570 1410 tuo,

1988 1433 2242 1501 benigne,
2275 1433 2649 1501 omnipotens,
2672 1434 2898 1489 Domine
2925 1433 3068 1488 Deus
3104 1443 3301 1488 noster.

2064 1523 2359 1578 Diaconus.
2394 1523 2583 1579 Orate.

2058 1614 2319 1682 Populus.
2354 1615 2522 1686 Kyrie
2554 1615 2778 1670 eleison.

2061 1708 2340 1765 Sacerdos.
2375 1709 2491 1765 Pax
2519 1711 2794 1765 omnibus.

1916 1790 1961 1847 Β
2060 1801 2321 1873 Populus.
2357 1804 2422 1858 Et
2453 1819 2577 1857 eum
2608 1806 2799 1872 spiritu
2830 1814 2943 1860 tuo.

2454 1894 2638 1949 Oratio
2663 1896 2936 1964 fractionis
2975 1895 3106 1967 ('25).

2061 1985 2173 2052 Qui
2200 2000 2284 2053 es,
2312 1987 2403 2056 qui
2426 2000 2566 2051 eras,
2620 1989 2711 2058 qui
2747 1990 2965 2054 venisti,
2995 1999 3050 2043 et
3089 1990 3286 2045 iterum
3316 2006 3438 2045 ven.
3458 2008 3574 2047 trus

1998 2091 2079 2143 es,
2118 2077 2211 2147 qui
2262 2079 2329 2131 ad
2376 2077 2656 2131 dexteram
2694 2078 2883 2146 .Patris
2914 2081 3109 2134 sedes:
3159 2082 3313 2148 panis
3359 2083 3450 2149 qui
3511 2083 3576 2136 du

1991 2169 2132 2223 «elo
2177 2168 2505 2223 descendisti
2559 2177 2612 2223 et
2653 2170 2752 2225 das
2800 2172 2971 2224 vitam
3025 2173 3227 2227 mundo
3271 2191 3286 2229 :
3324 2172 3576 2230 Pontifex

1992 2274 2240 2330 magnus,
2298 2274 2489 2317 auctor
2522 2272 2576 2318 et
2629 2263 2886 2333 princeps
2941 2265 3135 2320 salutis
3184 2277 3403 2322 nostrae.
3458 2267 3575 2321 Lux

1991 2368 2119 2409 vera
2154 2354 2429 2410 exsistens
2464 2366 2591 2409 ante
2620 2356 2801 2409 omnia
2834 2356 3031 2411 saecula
3055 2373 3070 2411 :
3098 2358 3189 2427 qui
3226 2373 3286 2413 es
3322 2358 3577 2426 splendor

1990 2445 2178 2516 gloria;
2217 2456 2272 2500 et
2311 2447 2602 2502 character
2649 2448 2969 2502 substantia:
3003 2448 3181 2504 Patris
3219 2450 3422 2520 proprii
3458 2453 3572 2506 tui:

1990 2538 2081 2607 qui
2112 2552 2209 2607 per
2241 2537 2639 2608 beneplacitum
2666 2546 2816 2592 tuum
2847 2540 3103 2610 dignatus
3132 2556 3192 2596 es
3243 2543 3575 2597 descendere

1994 2632 2062 2686 de
2094 2631 2330 2687 excelsis
2357 2631 2506 2697 coeli,
2538 2645 2609 2687 ex
2656 2633 2777 2687 sinu
2814 2633 3034 2690 luminis
3074 2636 3488 2704 inaccessibilis,
3519 2650 3575 2692 et

1990 2724 2131 2790 veri,
2164 2724 2566 2794 invisibilisque
2624 2725 2795 2782 solius
2826 2726 3026 2785 Patris.
3058 2726 3274 2797 Quique
3319 2730 3573 2784 incarna-

1994 2829 2079 2874 tus
2112 2819 2178 2874 de
2206 2816 2411 2887 Spiritu
2442 2827 2656 2886 sancto,
2685 2829 2739 2875 et
2765 2834 2829 2874 ex
2859 2820 3277 2891 gloriosissima,
3305 2821 3574 2876 immacu-

1991 2908 2123 2977 lata,
2180 2919 2394 2976 sancta,
2453 2910 2677 2965 domina
2728 2923 2935 2975 nostra,
2995 2911 3222 2983 Deipara
3254 2922 3311 2967 et
3358 2928 3576 2982 semper

1990 2999 2204 3068 virgine
2233 2998 2430 3066 Maria,
2479 3000 2724 3071 perfecte
2769 3004 2931 3056 homo
2985 3002 3161 3058 factus
3191 3018 3290 3058 es:
3339 3018 3445 3058 non
3476 3018 3574 3073 per

1997 3093 2532 3160 transmutationem,
2561 3094 2953 3148 humanitatem
2986 3107 3225 3159 mutans,
3256 3099 3347 3149 sed
3379 3096 3578 3150 uniens

1999 3183 2092 3238 tibi
2121 3199 2241 3240 eam
2276 3187 2576 3240 secundum
2612 3186 2958 3258 hypostasin,
2991 3188 3151 3241 modo
3180 3187 3569 3257 inexplicabili,

1991 3286 2047 3332 et
2067 3277 2475 3348 inintelligibili,
2495 3281 2588 3334 sed
2617 3280 2821 3348 absque
2844 3279 3145 3335 mutatione
3161 3289 3215 3333 et
3231 3279 3571 3347 confusione,

1992 3368 2231 3423 animam
2263 3370 2554 3425 habentem
2588 3370 2910 3425 rationalem
2967 3379 3021 3425 et
3074 3371 3345 3426 intellectu
3372 3372 3572 3441 praedi-

1995 3468 2124 3514 tam.
2149 3458 2227 3515 lta
2263 3476 2331 3515 ex
2361 3476 2425 3517 ea
2458 3463 2794 3531 processisti,
2832 3462 2975 3517 Deus
3008 3464 3169 3517 homo
3207 3461 3404 3528 factus,
3442 3478 3573 3518 con-

1994 3550 2373 3606 substantialis
2424 3550 2575 3606 Patri
2616 3552 2914 3608 secundum
2955 3552 3318 3616 divinitatem,
3362 3561 3416 3606 et
3445 3567 3574 3606 con-

1990 3640 2369 3696 substantialis
2420 3643 2580 3698 nobis
2613 3644 2915 3698 secundum
2966 3643 3385 3698 humanitatem.
3453 3642 3572 3697 Non

1990 3733 2127 3786 duas
2163 3747 2443 3801 personas,
2494 3742 2590 3787 aut
2641 3733 2776 3788 duas
2809 3733 3016 3789 formas
3052 3734 3281 3799 habens,
3312 3748 3490 3803 neque
3519 3736 3573 3787 in

1988 3822 2199 3876 duabus
2229 3824 2441 3877 naturis
2465 3824 2714 3894 agnitus:
2744 3824 2840 3879 sed
2868 3840 3006 3878 unus
3031 3824 3194 3890 Deus,
3220 3840 3355 3879 unus
3384 3824 3572 3879 Domi-

1990 3930 2128 3969 nus:
2166 3930 2272 3969 una
2299 3917 2814 3984 substantia,unum
2841 3932 3088 3987 regnum,
3115 3934 3219 3971 una
3254 3916 3569 3983 dominatio,

1992 4143 2075 4216 bis
2100 4143 2486 4216 exprimuntur
2524 4146 2577 4200 in
2622 4145 2823 4216 hymno
2854 4145 2922 4199 ad
2970 4145 3272 4200 Christum.
3305 4143 3467 4216 Plura
3500 4145 3571 4201 de

1987 4212 2203 4283 illorum
2231 4215 2490 4283 Opinione
2517 4212 3113 4270 circa'lncarnationem
3150 4215 3494 4283 reperiuntur
3513 4219 3567 4271 iu

1983 4282 2218 4353 Historia
2255 4282 2599 4353 patriarchali
2620 4284 2792 4353 (Hist.
2830 4284 2979 4338 Patr.
3009 4286 3185 4350 Atex.,
3210 4282 3263 4353 p.
3294 4286 3418 4347 505,
3435 4285 3564 4350 561,

1980 4352 2107 4420 565,
2136 4355 2231 4424 471
2256 4352 2314 4409 et
2342 4356 2494 4424 582),
2521 4364 2576 4411 et
2612 4352 2681 4409 de
2727 4356 2814 4409 illa
2872 4356 3160 4410 dicendum
3189 4352 3443 4408 eritnhbi
3472 4356 3562 4409 l'n-

1980 4426 2113 4478 sius.
2140 4421 2246 4478 Sed
2285 4427 2400 4480 haec
2435 4421 2611 4480 oratio
2644 4434 2901 4480 accurate
2962 4425 3109 4478 illam
3147 4427 3407 4492 explicat,
3443 4442 3564 4478 ma-

1904 4482 1949 4535 Ι)
1978 4509 2249 4563 gnamqtte
2278 4495 2477 4550 habere
2530 4496 2689 4550 debet
2738 4496 3161 4549 auctoritatem:
3220 4482 3342 4548 cum
3396 4482 3564 4548 var-iis

1982 4565 2106 4617 ﬁdei
2165 4565 2598 4620 confessionibus
2623 4604 2638 4628 ,

1981 4645 2234 4703 accurate
2262 4637 2607 4703 respondeat.

2050 4702 2337 4759 Orationes
2368 4706 2647 4760 fractionis
2673 4705 2793 4759 aliae
2832 4720 2953 4774 qua:
2971 4712 3294 4774 sequuntur,
3329 4720 3391 4758 ea
3424 4720 3563 4772 prm-

1980 4777 2166 4827 sertim
2221 4790 2340 4842 qua:
2375 4777 2617 4829 occurrit
2677 4777 3031 4841 ultimoloco,
3078 4791 3199 4828 cum
3248 4783 3463 4830 exstent
3512 4777 3563 4828 in

1978 4845 2771 4916 Copticisexemplaribus,jam
2789 4849 3069 4913 entheata:
3100 4857 3226 4916 sunt
3248 4848 3298 4900 in
3319 4847 3461 4898 notis
3487 4848 3556 4898 ad

1978 4914 2509 4983 Gregmianatn’illa
2562 4916 2743 4985 lingua
2802 4916 3120 4980 Liturgiam.
3153 4915 3229 4968 Ex
3282 4916 3564 4983 utriusque

1978 4999 2143 5056 porro
2163 4988 2367 5039 codicis
2394 4988 2822 5056 comparatione,
2851 4989 2895 5041 si
2923 5003 3042 5054 time
3060 4997 3178 5039 erat
3210 4989 3260 5040 in
3296 4987 3559 5038 alterutro

1977 5055 2301 5121 obscuritas,
2331 5058 2486 5124 plene
2514 5055 2822 5123 discutitur,
2850 5068 2905 5111 et
2942 5072 3106 5117 verte,
3138 5073 3242 5109 non
3273 5058 3560 5124 metapho-

1980 5127 2104 5177 ricze
2134 5127 2603 5181 transmutationis
2636 5127 2768 5180 ﬁdes
2800 5144 2959 5196 quam
3007 5127 3306 5196 continent,
3347 5128 3563 5195 egregie

1979 5196 2334 5249 conﬁrmatur
2361 5201 2535 5251 tribus
2585 5195 2828 5268 diversis?
2858 5198 3075 5268 linguis,
3118 5195 3329 5261 Graeca,
3354 5198 3559 5265 Aigyp-

1979 5268 2145 5329 tiaca,
2207 5278 2262 5319 et
2290 5269 2545 5321 Arabica.
2595 5265 2700 5320 lsta
2768 5284 2895 5322 vero
2939 5265 3125 5321 ultima
3172 5268 3375 5335 lingua,
3433 5283 3558 5320 cum

1977 5336 2159 5404 plures
2205 5338 2487 5392 versiones
2545 5339 2879 5403 habeamus,
2933 5339 3133 5392 crescit
3190 5339 3449 5402 majorem
3503 5337 3558 5390 in

1980 5407 2197 5460 modum
2242 5410 2459 5462 testium
2486 5409 2683 5461 veteris
2730 5410 2851 5463 ﬁdei
2906 5423 3164 5462 numerus
3203 5451 3216 5462 .
3249 5409 3390 5460 inter
3419 5422 3560 5475 quos

1978 5477 2180 5541 nullus,
2233 5489 2325 5530 aut
2365 5480 2791 5548 interpretando,
2847 5479 3136 5532 litteraletu
3181 5489 3235 5532 ct
3260 5476 3558 5545 simplicem

1976 5548 2465 5616 signiﬁcationem,
2521 5551 2587 5602 ad
2638 5550 2894 5619 ﬁguratas
2959 5550 3256 5603 locutiones
3317 5548 3559 5612 avertit,

1978 5627 2072 5670 aut
2117 5634 2213 5685 per
2239 5619 2673 5673 observationem
2725 5619 3052 5685 adjunctam,
3098 5631 3154 5672 ut
3201 5620 3357 5673 aliter
3393 5633 3556 5687 quam

1976 5689 2144 5746 verba
2177 5698 2374 5746 sonant
2403 5690 2832 5762 intelligereutur
2895 5692 3194 5746 admonuit.

2714 4565 3197 4634 theologorumque
3266 4568 3558 4619 sententiis
