3898 6222
343 317 451 375 723

1265 304 1595 368 LITURGIA
1636 310 1696 367 S.
1733 305 2068 365 GREGORII
2105 299 2619 361 ALEXANDRINA.

3506 258 3655 353 πεί

350 451 457 491 una
494 432 760 505 operatio,
800 446 907 487 una
963 428 1292 502 hypostasis,
1347 444 1451 483 una
1483 427 1757 492 voluntas,
1808 441 1948 485 una,

2055 438 2166 488 εια,
2231 420 2331 492 μία
2376 418 2695 482 ὑπόστασις,
2749 416 2847 486 μία
2877 414 3115 485 θέλησις,
3185 412 3285 484 μία
3333 406 3635 481 φύσιςτοῦ

350 539 544 583 natura
575 526 668 581 Dei
696 519 861 580 Verbi
891 524 1171 578 incarnala
1214 529 1272 576 et
1318 520 1559 575 adorata.
1615 518 1923 574 Cruciﬁxus

2055 511 2159 566 νεοῦ
2180 511 2356 580 Λόγου
2387 506 2804 578 σεσαρκωμένη,
2833 506 2928 558 καὶ
2948 505 3416 577 προσκυνουμένη.
3444 505 3643 568 Σταφ-

349 630 529 675 autem
583 619 683 673 sub
711 617 903 672 Pontio
936 615 1133 680 Pilato,
1165 612 1563 683 confessusque
1604 612 1924 681 praeclaram

348 712 789 768 confessionem:
830 725 1023 779 passus
1056 717 1111 764 et
1130 707 1372 778 sepultus
1388 706 1739 762 resurrexisti
1766 706 1925 760 tertia

350 803 458 867 die,
488 812 543 856 et
572 802 871 856 ascendens
900 800 955 854 in
976 798 1194 863 caelum,
1225 797 1519 852 consedisti
1551 795 1620 850 ad
1651 796 1928 850 dexteram

354 892 741 964 magnitudinis
765 891 969 957 Patris,
1002 889 1345 945 conculcasti
1371 897 1625 952 mortem,
1657 886 1928 945 infernum

353 984 622 1055 spoliasti,
651 984 1014 1053 confringens.
1046 993 1231 1052 portas
1260 996 1456 1045 aereas,
1498 989 1555 1035 et
1604 988 1789 1032 vectes
1824 976 1931 1029 fer-

362 1089 484 1129 reos
508 1073 721 1143 rupisti,
780 1073 1053 1141 captivum
1103 1071 1372 1126 Adamum
1416 1068 1682 1124 revocasti
1712 1080 1780 1121 ex
1812 1079 1933 1120 cor-

358 1166 627 1237 ruptione,
662 1163 1128 1233 nosqueliberasti
1157 1177 1188 1216 a
1216 1160 1413 1217 diaboli
1436 1158 1720 1215 servitute.

427 1428 635 1484 Idcirco
670 1441 919 1495 rogamus
942 1435 998 1481 et
1029 1425 1387 1496 imploramus
1405 1432 1478 1490 te,
1493 1424 1744 1492 benigne,
1771 1422 1933 1488 bone,

358 1529 622 1589 praestare
656 1518 812 1572 nobis
848 1517 1093 1587 dignare,
1158 1526 1215 1570 ut
1249 1530 1385 1587 puro
1428 1516 1594 1571 corde
1641 1515 1937 1570 audeamus

362 1613 568 1680 absque
610 1610 827 1675 timore,
878 1610 1133 1664 invocare
1178 1610 1422 1663 omnium
1456 1608 1745 1663 Dominum
1771 1608 1938 1662 coele-

364 1708 501 1755 stem
527 1699 718 1767 Deum,
742 1698 957 1755 Patrem
993 1707 1260 1763 sanctum,
1296 1711 1350 1752 et
1375 1699 1576 1764 dicere,
1610 1707 1713 1754 etc.

759 1787 943 1842 Oratio
971 1787 1079 1841 alia
1105 1787 1376 1856 [factionis
1408 1786 1541 1859 (26).

439 1876 519 1932 Tu
546 1878 689 1934 enim
715 1891 807 1964 \es
844 1875 1078 1933 Verbum
1114 1877 1310 1943 Patris,
1365 1887 1492 1931 ante
1537 1876 1733 1931 saecula
1774 1874 1939 1940 Deus,

367 1985 597 2040 magnus
628 1968 898 2033 Pontifex,
936 1970 1029 2038 qui
1085 1984 1183 2038 pro
1238 1968 1411 2023 salute
1456 1969 1670 2038 generis
1720 1968 1941 2022 humani

364 2064 700 2130 incarnatus,
735 2072 791 2118 et
831 2064 995 2117 homo
1046 2062 1220 2117 factus
1254 2077 1336 2128 es,
1373 2063 1748 2118 advocastibad
1785 2074 1838 2117 te
1873 2077 1944 2117 ex

365 2154 617 2208 omnibus
647 2152 895 2223 gentibus
926 2167 1096 2222 genus
1145 2152 1402 2215 electum,
1461 2153 1640 2223 regale
1690 2154 1943 2208 sacerdo-

369 2246 527 2312 tium,
554 2256 770 2317 gentem
796 2256 1065 2310 sanctam,
1098 2246 1354 2315 p0pulum
1395 2247 1450 2300 in
1504 2247 1939 2315 acquisitionem.

364 2337 578 2393 Idcirco
608 2352 867 2407 rogamus
910 2346 966 2392 et
1004 2336 1354 2407 imploramus
1405 2348 1475 2405 te,
1499 2338 1753 2408 benigne,
1805 2339 1945 2393 bone

369 2431 616 2495 Domine,
674 2444 741 2485 ne
790 2429 846 2484 in
895 2431 1378 2500 reprehensionem
1436 2439 1492 2485 et
1544 2430 1942 2497 confusionem,

369 2535 478 2576 non
526 2519 864 2589 injudicium
916 2528 973 2577 et
1023 2522 1529 2577 condemnationem
1592 2534 1941 2591 peccatorum

370 2621 706 2678 nostrorum,
735 2612 830 2666 ﬁat
884 2612 990 2667 hoc
1038 2614 1394 2676 sacriﬁcium,
1426 2613 1567 2682 quod
1591 2628 1688 2683 pro
1717 2614 1949 2668 inﬁrmi-

371 2702 575 2758 tatibus
597 2702 797 2757 nostris
825 2702 1141 2766 obtulimus,
1195 2705 1292 2758 sed
1343 2704 1793 2772 quemadmodum
1822 2719 1947 2758 san-

370 2795 614 2849 ctissima
645 2802 734 2847 tua
762 2794 875 2848 haec
895 2802 951 2849 et
975 2795 1216 2864 pretiosa
1241 2809 1463 2848 munera
1483 2796 1630 2849 omni
1656 2796 1949 2850 sanctitate

372 2888 584 2957 replere
626 2890 877 2958 dignatus
921 2904 1001 2955 es,
1059 2904 1159 2959 per
1211 2890 1461 2960 illapsum
1512 2891 1843 2948 sanctissimi
1869 2892 1946 2945 tui

372 2978 608 3047 Spiritus
640 2992 802 3047 super
831 2979 939 3045 illa,
976 2981 1046 3039 ita
1079 2990 1135 3035 et
1156 2993 1401 3037 nostrum
1428 2994 1795 3051 peccatorum,
1827 2998 1948 3038 ser-

370 3085 564 3125 vorum
592 3080 804 3126 tuorum
832 3073 1177 3128 sanctiﬁcare
1196 3074 1423 3144 dignare
1440 3075 1669 3139 animas,
1693 3088 1944 3143 corpora,

2027 604 2222 678 ρωθεὶς
2267 602 2327 656 δὲ
2356 601 2462 654 ὑπὸ
2514 600 2740 653 Ποντίου
2799 598 3056 659 Πιλάτου,
3120 596 3211 650 καὶ
3274 594 3641 666 ὁμολογήσας

2027 696 2126 766 τὴν
2179 692 2353 765 καλὴν
2405 691 2719 763 ὁμολογίαν·
2750 687 2938 743 παθὼν
2978 687 3073 741 καὶ
3108 685 3304 755 ταφεὶς
3355 686 3452 761 καὶ
3481 686 3628 738 ἁνα-

2029 785 2163 849 στὰς
2191 788 2259 856 τῇ
2306 785 2468 857 τρίτῃ
2517 782 2724 856 ἡμέρᾳ,
2787 781 2882 834 καὶ
2918 776 3158 833 ἀνελθὼν
3195 779 3277 840 είς
3320 777 3628 856 οὐρανοὺς,

2029 878 2124 932 καὶ
2170 875 2401 940 καθίσας
2443 877 2500 929 ὲν
2541 878 2609 945 τῇ
2654 872 2804 944 δεξιᾷ
2831 871 2931 942 τῆς
2962 868 3352 941 μεγαλωσύνης
3382 867 3479 920 τοῦ
3508 868 3636 921 Πα-

2031 970 2180 1041 τρὸς,
2217 968 2468 1039 πατήσας
2501 965 2595 1020 τὸν
2634 963 2885 1029 θάνατον,
2940 962 3037 1016 καὶ
3085 961 3177 1014 τὸν
3220 959 3353 1031 ᾅδην
3395 958 3633 1012 σκυλεύ-

2033 1077 2152 1123 σας,
2190 1057 2487 1130 συντρίψας
2533 1056 2709 1119 πύλας
2754 1054 2986 1126 χαλκᾶς,
3028 1052 3123 1106 καὶ
3178 1050 3409 1123 μοχλοὺς
3473 1050 3635 1121 σιδη-

2038 1150 2165 1222 ροῦς
2204 1150 2525 1213 συνθλάσας,
2574 1149 2671 1203 καὶ
2722 1146 2814 1200 τὸν
2863 1144 3208 1217 αἰχμάλωτον
3264 1143 3437 1213 Ἀδὰμ
3490 1142 3632 1196 ἁνα-

2034 1242 2407 1310 καλεσάμενος
2446 1241 2511 1291 ὲκ
2564 1237 2792 1309 φθορᾶς,
2824 1235 2917 1289 καὶ
2948 1235 3098 1306 ἡμᾶς
3140 1231 3513 1303 ἐλευθερώσας
3556 1231 3635 1284 ὲκ

2035 1334 2153 1406 τῆς
2172 1333 2269 1386 τοῦ
2301 1329 2549 1385 διαϐόλου
2575 1328 2838 1391 δουλείας.
3114 1352 3119 1357 ~
3236 1356 3245 1361 -

2108 1424 2190 1477 Δι’
2215 1424 2243 1477 ὃ
2281 1422 2517 1493 δεόμεθα
2545 1421 2641 1475 καὶ
2662 1416 3091 1491 παρακαλοῦμεν
3123 1433 3205 1479 σε,
3248 1414 3630 1486 φιλάνθρωπε,

2037 1515 2231 1585 ἀγαθὲ,
2255 1514 2590 1581 καταξίωσον
2645 1514 2799 1583 ἡμᾶς
2838 1513 2901 1565 ὲν
2927 1510 3147 1581 καθαρᾷ
3180 1508 3377 1579 καρδίᾳ⁵
3416 1507 3629 1579 τολμᾷν

2038 1606 2258 1675 ἀφόϐως
2297 1603 2617 1658 ὲπιὸοᾶσθαι
2640 1604 2731 1658 τὸν
2757 1604 2973 1657 πάντων
3005 1601 3268 1672 δεσπότην
3301 1598 3631 1670 ἐπουράνιον

2037 1697 2191 1763 Θεὸν,
2214 1696 2435 1767 Πατέρα
2473 1696 2649 1764 ἅγιον,
2683 1694 2776 1748 καὶ
2795 1694 2993 1759 λέγειν,
3023 1710 3078 1745 κ.
3107 1710 3159 1747 τ,
3184 1692 3234 1745 λ.

2427 1785 2599 1856 Εὺχὴ
2630 1786 2790 1853 ἄλλη
2811 1783 2922 1853 τῆς
2938 1783 3235 1850 πλάσεως.

2112 1880 2185 1932 Σὺ
2242 1878 2352 1951 γὰρ
2416 1874 2469 1932 εἱ
2519 1881 2548 1931 6
2607 1877 2783 1944 Λόγος
2829 1875 2923 1929 τοῦ
2970 1876 3206 1947 Πατρὸς,
3241 1878 3271 1928 6
3303 1873 3639 1945 προαιώνιος

2041 1974 2194 2037 Θεὸς,
2239 1975 2269 2027 6
2319 1974 2493 2043 μέγας
2571 1973 2911 2043 Ἀρχιερεὺς,
2952 1974 2981 2024 6
3032 1973 3126 2025 ἐπὶ
3205 1972 3480 2042 σωτηρίας
3534 1971 3637 2024 τοῦ

2041 2067 2235 2136 γένους
2272 2066 2383 2119 τῶν
2421 2063 2727 2137 ἀνθρώπων
2780 2064 3088 2136 σαρκωθεὶς
3136 2064 3231 2117 καὶ
3285 2063 3643 2135 ἔνανθρωπή-

2045 2176 2163 2225 σας,
2218 2159 2312 2212 καὶ
2359 2156 2879 2229 προσκαλεσάμενος
2924 2155 3103 2226 ἑαυτῷ
3151 2157 3215 2209 ὲκ
3263 2155 3483 2209 πάντων
3521 2154 3640 2211 τῶν

2044 2249 2213 2303 ἐθνῶν
2251 2249 2406 2317 γένος
2454 2248 2731 2312 ἐκλεκτὸν,
2784 2246 3052 2317 βασίλειον
3098 2248 3418 2317 ἱεράτευμα,
3480 2245 3643 2310 ἔθνος

2044 2338 2221 2407 ἅγιον,
2268 2337 2398 2391 λαὸν
2440 2339 2521 2401 είς
2585 2336 2956 2408 περιποίησιν.
3016 2336 3095 2388 Δι’
3141 2336 3170 2388 ὃ
3223 2336 3479 2407 δεόμεθα,
3537 2337 3643 2390 καὶ

2044 2428 2471 2501 παρακαλοῦμεν
2517 2445 2598 2494 σε,
2645 2427 3017 2499 φιλάνθρωπε,
3080 2427 3254 2496 ἀγαθὲ
3324 2428 3517 2499 Κύριε,
3556 2427 3641 2497 μὴ

2044 2524 2124 2584 εἰς
2165 2520 2385 2591 ἔλεγχον
2431 2520 2525 2573 καὶ
2583 2517 2921 2589 δνειδος,’μὴ
2974 2518 3055 2580 εἱς
3120 2521 3316 2589 κρῖμα,
3365 2518 3500 2588 μηδὲ
3553 2519 3645 2580 είς

2045 2614 2363 2685 κατάκριμα
2409 2611 2519 2664 τῶν
2578 2610 2864 2682 ἡμετέρων
2912 2609 3197 2682 ἁμαρτιῶν
3261 2608 3549 2680 γενηθήτω
3601 2610 3643 2680 ἡ

2047 2705 2208 2758 θυσία
2233 2705 2392 2776 αύτὴ·
2440 2703 2582 2774 ὑπὲρ
2635 2702 2743 2774 γὰρ
2767 2706 2785 2726 ¹
2806 2702 2915 2755 τῶν
2948 2702 3243 2757 ἀσθενειῶν
3288 2702 3444 2773 ἡμῶν
3474 2718 3648 2772 προσ-

2044 2794 2376 2864 ηνέγκαμενο
2422 2791 2538 2845 ἀλλ’
2563 2790 2753 2861 ὥσπερ
2805 2791 2873 2844 τὰ
2906 2790 3154 2859 πανάγιά
3183 2807 3278 2844 σου
3307 2791 3463 2861 τίμια
3487 2790 3645 2861 δῶρα

2045 2885 2216 2938 ταῦτα
2251 2883 2433 2953 πάσης
2470 2880 2781 2950 ἁγιωσύνης
2819 2881 3101 2952 ἐμπλῆσαι
3139 2880 3513 2953 κατηξίωσας,
3548 2881 3646 2936 διὰ
3752 2908 3761 2913 τ

2046 2977 2145 3045 τῆς
2206 2976 2605 3044 ὲπιφοιτὴσεως
2632 2972 2727 3025 τοῦ
2754 2974 3024 3042 παναγίου
3075 2992 3171 3028 σου
3204 2974 3534 3045 Πνεύματος
3550 2976 3646 3026 ἐπ’

2048 3067 2247 3129 αὐτῶν,
2294 3065 2467 3129 οὕτως
2497 3066 2592 3119 καὶ
2642 3064 2799 3136 ἡμῶν
2854 3067 2965 3119 τῶν
3023 3067 3387 3139 ἁμαρτωλῶν,
3437 3066 3646 3121 δούλων

372 3163 619 3233 spiritus,
648 3170 702 3218 et
727 3166 1112 3232 conscientias,
1146 3175 1203 3219 ut
1229 3167 1409 3220 anima
1450 3167 1775 3230 illuminata,
1810 3166 1948 3222 facie

2058 3175 2174 3222 σου,
2233 3158 2460 3225 ἁγιάσαι
2519 3156 2858 3221 καταξίωσον
2892 3157 2991 3220 τὰς
3028 3138 3227 3227 ψυχάς,
3273 3156 3343 3211 τὰ
3387 3155 3646 3227 σώματα,

372 3268 482 3308 non
512 3254 759 3321 confusa,
783 3259 947 3311 corde
967 3271 1126 3326 puro,
1167 3258 1499 3312 conscientia
1525 3258 1828 3329 hypocrisis
1853 3272 1949 3311 va-

375 3361 499 3414 cua,
553 3345 716 3403 labiis
767 3347 1146 3413 sanctiﬁcatis,
1193 3349 1456 3403 cbaritate
1513 3350 1788 3417 perfecta,
1848 3349 1952 3404 ﬁde

376 3452 590 3502 secura,
611 3439 907 3493 audeamus
925 3454 1048 3492 cum
1075 3438 1295 3505 ﬁducia,
1319 3440 1522 3508 absque
1540 3441 1754 3503 timore,
1773 3440 1953 3494 dicere

376 3538 625 3584 sanctam
652 3529 956 3584 orationem
981 3543 1140 3597 quam
1183 3530 1458 3583 tradidisti
1481 3530 1686 3584 sanctis
1707 3530 1814 3584 tuis
1840 3530 1953 3585 dis-

376 3619 590 3688 cipulis,
635 3628 690 3674 et
712 3620 885 3675 sacris
908 3619 1189 3689 apostolis,
1223 3620 1451 3675 dicendo
1480 3620 1744 3685 :Quando
1774 3621 1956 3677 orabi-

381 3711 477 3779 tis,
510 3710 567 3766 in
593 3711 737 3766 hunc
760 3711 981 3766 modum
1011 3718 1194 3766 orate:
1223 3708 1387 3764 Pater
1412 3722 1604 3775 noster,
1635 3722 1740 3766 etc.

458 3970 723 4042 Populus.
749 3972 1157 4039 Sanctiﬁcetur,
1179 3982 1287 4029 etc.

856 4063 1047 4119 Oratio
1074 4064 1182 4119 alia
1212 4066 1507 4135 fractiom's.

459 4157 790 4214 Benedictus
808 4173 887 4221 es,
914 4157 1131 4213 Christe
1169 4158 1314 4213 Deus
1339 4159 1678 4228 omnipotens
1702 4159 1960 4215 liberator

386 4248 651 4305 Ecclesiae
687 4256 792 4305 tua:
842 4266 855 4302 :
906 4265 938 4303 ο
969 4249 1205 4305 Verbum
1256 4250 1399 4317 quod
1450 4251 1774 4320 cogitatione
1812 4266 1961 4305 assc-

382 4352 643 4410 quuntur,
663 4352 721 4395 et
750 4343 913 4396 homo
942 4357 1105 4410 quem
1138 4343 1441 4396 intuentur.
1492 4342 1596 4409 Qui
1637 4357 1732 4411 per
1761 4344 1960 4397 incom-

2056 3248 2126 3302 τὰ
2175 3248 2486 3318 πνεύματα,
2537 3247 2638 3311 τὰς
2688 3247 3039 3319 συνειδήσεις,
3073 3248 3223 3310 ὅπως
3253 3245 3646 3318 πεφωτισμένῃ

2057 3338 2223 3409 ψυχῇ,
2249 3338 2661 3409 ἁνεπαισχύντῳ
2694 3337 2991 3410 προσώπῳ,
3024 3338 3223 3409 καρδία
3258 3337 3492 3409 καθαρᾷ,
3522 3353 3652 3390 συνι-

2060 3429 2263 3499 ειδήσει
2315 3428 2683 3499 ἀνυποκρίτῳ,
2738 3428 3090 3499 ἡγιασμένοις
3144 3427 3398 3497 χείλεσιν,
3427 3425 3646 3497 ’ἀγάπῃ

2060 3519 2269 3589 τελείᾳ,
2320 3518 2497 3573 ἑλπίδι
2559 3517 2811 3587 ἀσφαλεῖ,
2876 3516 3167 3587 τολμῶμεν
3231 3516 3370 3585 μετὰ
3427 3517 3651 3587 παρρη-

2063 3610 2206 3675 σίας,
2235 3608 2364 3663 ἁνευ
2397 3609 2585 3679 φόϐου,
2639 3607 2818 3677 λέγειν
2850 3608 2948 3678 τὴν
2988 3608 3150 3675 ἁγίαν
3203 3609 3531 3679 προσευχὴν,
3574 3609 3648 3679 ἢν

2066 3702 2377 3773 μετέδωκας
2412 3702 2525 3765 τοῖς
2573 3699 2724 3763 ἰδίοις
2780 3703 2894 3763 τοῖς
2922 3700 3098 3768 ἁγίοις
3130 3717 3223 3753 σου
3254 3699 3518 3771 μαθηταῖς
3549 3700 3652 3753 καὶ

2066 3795 2230 3865 ἱεροῖς
2282 3792 2621 3855 ἀποστόλοις.
2652 3791 2821 3844 Ὅταν
2855 3791 3256 3861 προσεύχησθε,
3294 3791 3469 3855 οὕτως
3484 3808 3653 3863 προσ-

2065 3881 2286 3953 εύχεσθε
2317 3882 2498 3952 ὑμεῖς.
2523 3881 2718 3949 Πάτερ
2738 3881 2926 3950 ἡμῶν,
2959 3899 3012 3936 κ.
3046 3899 3097 3936 τ.
3131 3882 3180 3936 λ.

2148 3975 2209 4028 Ὁ
2242 3973 2394 4040 λαὸς
2424 3971 2610 4042 λέγει.
2652 3972 3013 4043 Ἁγιασθήτω.

2452 4064 2620 4133 Εὺχὴ
2639 4064 2800 4132 ἄλλη
2832 4065 2943 4132 τῆς
2964 4064 3251 4132 πλάσεως.

2142 4156 2443 4227 Εὐλογητὸς
2476 4152 2546 4222 εἶ,
2603 4156 2803 4227 Χριστὲ
2828 4156 2884 4207 '6
2935 4156 3088 4221 Θεὸς,
3154 4160 3184 4210 ὀ
3228 4156 3651 4229 παντοκράτωρ,

2066 4251 2095 4303 ό
2132 4249 2411 4320 λυτρωτὴς
2454 4248 2555 4318 τῆς
2617 4247 2811 4301 ἑαυτοῦ
2876 4249 3223 4321 Ἐκκλησίας’
3282 4244 3540 4319 ὧοΛόγε,
3587 4250 3651 4303 ὃν

2067 4343 2384 4415 προνοοῦσιν
2422 4340 2603 4405 αὐτὸν,
2664 4340 2758 4393 καὶ
2810 4340 3085 4412 ἄνθρωπε,
3126 4341 3185 4394 ὃν
3242 4340 3652 4413 προθεωροῦσιν

382 4433 799 4501 prehensibilem
825 4432 1250 4487 incarnationem
1273 4443 1440 4499 tuam,
1465 4433 1776 4502 pra-parasti
1808 4434 1948 4487 nobis

2069 4434 2250 4489 αὐτόν.
2294 4434 2355 4486 '0
2410 4432 2498 4485 διὰ
2536 4432 2634 4503 τῆς
2664 4433 3050 4502 ἁκαταλὴπτου
3086 4432 3253 4486 αὑτοῦ
3295 4434 3649 4504 σαρκώσεως,

383 4540 580 4595 panem
612 4525 909 4591 caelestem,
939 4525 1040 4580 hoc
1064 4541 1260 4594 corpus
1292 4535 1443 4579 tuum
1470 4526 1610 4593 quod
1635 4526 1948 4580 constituisti

2065 4526 2358 4595 ἑτοιμάσας
2418 4527 2550 4595 ἡμῖν
2592 4493 2765 4595 ’ἄρτον
2825 4493 3164 4595 ἐπουράνιον,
3212 4493 3454 4579 τοῦτο’τὸ
3487 4493 3651 4596 σῶμ-ά

385 4619 440 4673 in
470 4625 831 4681 sacramento,
858 4617 1264 4672 sanctissimum
1295 4618 1347 4670 in
1379 4618 1653 4672 omnibus.
1701 4617 1942 4671 Miscuist

2066 4634 2181 4679 σου,
2226 4616 2285 4668 ὃν
2313 4615 2434 4668 ἔθου
2480 4618 2538 4670 ὲν
2590 4616 2916 4685 μυστὴριον’
2948 4615 3044 4669 καλ⁵
3093 4617 3359 4684 πανάγιον
3424 4619 3483 4669 ὲν
3534 4619 3650 4681 τοῖς

390 4709 548 4764 nobis
581 4709 806 4763 calicem
839 4723 907 4763 ex
955 4709 1064 4763 vite
1118 4722 1270 4773 vera,
1308 4708 1492 4762 divino
1538 4709 1748 4763 scilicet
1800 4716 1948 4777 atqut

2065 4707 2289 4761 ἅπασιν.
2347 4707 2646 4778 Ἐκέρασας
2686 4709 2817 4777 ἡμῖν
2849 4709 3103 4778 ποτήριον
3130 4707 3191 4771 ἐξ
3235 4708 3481 4777 ἀμπέλου
3513 4708 3648 4779 ἁλη-

326 4812 329 4815 ·
388 4800 743 4855 immaculato
800 4800 975 4854 latere
1011 4809 1122 4853 tuo.
1177 4801 1280 4866 Qui
1337 4809 1620 4869 postquam
1649 4800 1948 4855 tradidisset

2066 4798 2236 4863 θείας,
2284 4800 2350 4851 ἐκ
2390 4798 2537 4861 θείας
2560 4798 2656 4851 καὶ
2706 4797 2977 4868 ἁχράντου
3014 4817 3104 4864 (ξω
3146 4800 3406 4871 πλευρᾶς.
3466 4799 3525 4855 '0
3554 4801 3652 4854 καὶ

389 4892 666 4963 spiritum,
707 4906 772 4945 ex
831 4892 1019 4945 eodem
1061 4892 1234 4945 latere
1290 4891 1524 4945 elfudisti
1558 4893 1871 4961 sanguinem
1911 4908 1942 4946 e

2070 4890 2207 4960 μετὰ
2234 4889 2521 4943 δεδωκέναι
2553 4889 2865 4967 τὸγπνεῦμα
2916 4891 3121 4961 ὲκχέων
3170 4891 3230 4956 ἐξ
3281 4892 3452 4962 αὐτῆς
3508 4888 3651 4963 αἷμα

391 5000 612 5053 aquam,
651 4985 703 5037 in
734 4984 929 5051 quibus
968 4982 1329 5036 sanctiﬁcatio
1355 4991 1501 5037 esset
1532 4983 1786 5038 universo
1812 4999 1965 5037 mun-

391 5078 481 5129 do.
508 5075 735 5131 Posside
767 5090 885 5137 nos,
914 5076 1052 5127 bone
1069 5074 1320 5139 Domine,
1345 5074 1594 5144 indignos
1620 5089 1803 5128 servos
1825 5084 1962 5130 tuos:

392 5167 481 5220 fac
510 5180 610 5220 nos
638 5164 894 5234 populum
919 5164 1315 5232 acquisitionis,
1354 5164 1533 5235 regale
1579 5166 1964 5230 sacerdoﬁum,

392 5268 606 5327 gentem
666 5265 931 5311 sanctam.
969 5255 1258 5310 Sanctiﬁca
1294 5258 1455 5310 etiam
1484 5271 1601 5319 nos,
1637 5256 1799 5321 Deus,
1828 5257 1970 5311 sicut

398 5349 759 5403 sanctiﬁcasti
800 5348 1076 5417 proposita
1133 5348 1248 5403 haec
1286 5359 1471 5401 sancta
1528 5361 1773 5411 munera,
1800 5355 1853 5401 et
1891 5348 1970 5399 lc-

396 5442 516 5496 cisti
582 5456 646 5495 ea
704 5441 1001 5497 invisibilia
1054 5456 1121 5496 ex
1170 5440 1495 5503 visibilibus,
1546 5439 1804 5509 mysteria
1850 5455 1969 5508 quze

398 5533 545 5588 solus
602 5534 882 5602 intelligis,
927 5535 1154 5589 Domine
1204 5534 1348 5589 Deus
1386 5541 1441 5587 et
1492 5532 1741 5587 Salvator
1785 5542 1971 5586 noster

470 5644 583 5709 (26)
624 5644 935 5700 Benedictus
962 5663 1041 5711 es,
1072 5643 1275 5700 Christe
1301 5645 1441 5698 Deus
1481 5653 1671 5696 noster.
1698 5642 1829 5696 Cum
1854 5643 1969 5697 ltwc

402 5716 800 5786 oratiulegatur
834 5719 884 5771 in
937 5717 1162 5788 Coptica
1212 5715 1530 5785 exemplari,
1574 5714 1737 5770 multa
1767 5714 1967 5783 quaein

2067 4984 2163 5038 καὶ
2220 4984 2383 5054 ὕδωρ,
2434 4978 2515 5047 οἷς
2539 4984 2808 5054 ἁγιασμὸς
2835 4984 2915 5054 τῷ
2972 4984 3163 5055 κόσμῳ
3214 4986 3395 5039 παντί.
3434 4987 3651 5057 Κτῆσαι

2069 5077 2237 5146 ἡμᾶς,
2287 5076 2456 5144 ἀγαθὲ
2510 5076 2706 5146 Κύριε,
2772 5077 2898 5139 τοὺς
2951 5076 3203 5141 ἀναξίους
3270 5077 3488 5142 δούλους
3533 5094 3646 5131 σοιν

2069 5166 2296 5238 ποίησον
2339 5168 2484 5237 ἡμᾶς
2506 5167 2632 5219 λαὸν
2662 5166 2991 5239 περιᾶύσιον,
3025 5166 3293 5237 βασίλειον
3330 5170 3649 5240 ἱεράτευμα,

2068 5257 2220 5319 ἔθνος
2252 5257 2423 5324 ἆγιον.
2491 5256 2741 5324 Ἃγίασον
2799 5258 2893 5310 καὶ
2939 5260 3110 5328 ἡμᾶς,
3167 5261 3196 5312 6
3250 5260 3400 5324 Θεὸς,
3460 5260 3649 5332 ὥσπερ

2070 5350 2304 5420 ἡγίασας
2361 5348 2431 5401 τὰ
2463 5349 2798 5419 προκείμενα
2856 5349 2949 5402 καὶ
2997 5349 3126 5418 ἆγια
3164 5350 3311 5422 δῶρα
3335 5351 3527 5415 ταῦτα,
3557 5352 3653 5403 καὶ

2072 5443 2333 5512 ἐποίησας
2388 5441 2526 5495 αὐτὰ
2577 5443 2783 5512 ἀόρατα
2834 5443 2899 5495 ἐκ
2938 5442 3045 5496 τῶν
3088 5442 3320 5512 ὁρατῶν,
3382 5446 3654 5515 μυστήρια

2070 5528 2165 5588 ὧν·
2201 5531 2533 5603 προνοοῦσιν,
2594 5531 2732 5584 αὑτά
2782 5548 2884 5595 σοι,
2920 5531 3090 5602 Κύριε
3135 5532 3164 5582 6
3197 5532 3351 5596 Θεὸς,
3402 5532 3432 5583 6
3462 5530 3653 5602 Σωτὴρ

2075 5660 2139 5698 ca
2173 5645 2457 5697 observatu
2496 5640 2814 5706 dignissima
2851 5649 3001 5705 sunt,
3042 5640 3391 5711 exposuimus
3424 5640 3479 5695 in
3512 5642 3658 5697 notis

2078 5715 2145 5771 ad
2170 5712 2416 5771 eumdem
2448 5711 2643 5778 locum,
2670 5726 2803 5779 quas
2837 5711 2972 5766 vide.
