3898 6222
283 311 403 369 ηδ

1213 300 1543 364 LITURGIA
1584 311 1644 366 S'.
1679 307 2007 366 GREGORII
2046 307 2572 367 ALEXANDRINA.

3454 313 3569 371 726

282 424 458 497 ἡμῶν
515 422 722 495 Ἰησοῦς
772 422 1029 494 Χριστός.
1079 423 1150 476 Σὺ
1215 421 1332 490 οὖν,
1394 424 1589 497 Κύριε,
1653 424 1739 478 διὰ
1792 424 1885 493 τῆς

1995 422 2117 479 Jesu
2146 424 2381 480 Christe.
2418 423 2499 478 Tu
2527 425 2711 495 igitur,
2738 425 2980 490 Domine,
3030 439 3127 495 per
3152 423 3377 480 multam
3408 433 3555 480 tuam

285 518 500 589 πολλῆς
556 533 650 570 σου
679 515 1081 586 εὐσπλαγχνίας
1102 515 1441 583 κατηξίωσας
1470 518 1618 588 ἡμᾶς
1655 516 1743 570 διὰ
1788 513 1885 569 τοῦ

289 609 679 682 βαπτίσματος
714 607 968 677 γενέσθαι
1024 608 1105 671 είς
1144 610 1296 672 υἱοὺς
1354 599 1449 662 καὶ
1494 608 1882 681 κληρονόμους.

303 700 593 766 Ἐδίδαξας
643 700 794 771 ἡμᾶς
823 699 916 752 τὸν
939 697 1110 752 τύπον
1154 699 1255 770 τῆς
1315 700 1626 771 προσευχῆς
1656 700 1716 764 ὃς
1739 702 1887 754 ἐστιν

294 789 703 861 ὲμμυστήριος,
728 786 822 841 τοῦ
859 786 1256 858 προσεύχεσθαι
1290 788 1348 840 ὲν
1388 786 1524 859 αὐτῇ
1555 787 1648 840 τὸν
1687 787 1887 858 ἄχραν-

283 881 399 935 τόν
446 897 541 934 σου
573 879 819 951 Πατέρα.
881 879 955 932 Σὺ
988 875 1083 933 οὖν
1134 878 1232 931 καὶ
1272 877 1389 942 νῦν,
1428 877 1665 932 δέσποτα
1690 878 1884 950 Κύριε,

288 971 639 1035 καταξίωσον
682 971 831 1041 ἡμᾶς
860 972 920 1023 ὲν
946 969 1254 1041 ἁγιασμένῃ
1290 969 1614 1041 συνειδήσει,
1669 971 1763 1023 καὶ
1799 969 1888 1023 λο-

287 1060 488 1132 γισμῷ
550 1059 742 1130 ἁγαθῷ
796 1059 856 1113 δν
900 1060 1217 1131 πρέπει.....
1274 1059 1426 1129 πόθῳ
1459 1060 1555 1114 καὶ
1602 1059 1888 1132 παρρησίᾳ

289 1153 481 1224 ἁγαθῇ
535 1152 741 1223 τολμᾷν
795 1149 1173 1204 ἐπικαλεῖσθαι
1230 1149 1321 1204 τὸν
1367 1151 1425 1203 ὲν
1472 1150 1587 1212 τοῖς
1639 1149 1889 1221 οὐρανοῖς

293 1246 458 1314 ἅγιον
490 1243 644 1306 Θεὸν,
693 1241 913 1313 Πατέρα
935 1258 1051 1305 σου,
1074 1241 1169 1295 καὶ
1192 1239 1392 1309 λέγειν.

385 1336 440 1388 '0
467 1331 620 1398 λαὸς
649 1329 830 1400 λέγει.
865 1330 1049 1402 Πάτερ
1081 1328 1263 1401 ἡμῶν.
1292 1328 1405 1383 Καὶ
1428 1326 1579 1399 μετὰ
1608 1326 1675 1381 τὸ
1705 1327 1887 1400 Πάτερ

288 1426 460 1498 ἡμῶν
496 1430 529 1482 ό
563 1425 756 1495 ἱερεὺς
779 1425 966 1497 λέγει.

371 1520 501 1583 Ναὶ,
528 1518 726 1591 Κύριε,
755 1517 951 1590 Κύριε,
1001 1519 1031 1571 6
1085 1516 1338 1581 δεδωκὼς
1364 1517 1497 1588 ἡμῖν
1518 1515 1615 1586 τὴν
1640 1515 1888 1582 ἐξουσίαν

292 1611 395 1666 τοῦ
418 1613 610 1664 πατεῖν
636 1610 821 1665 ἐπάνω
848 1611 1027 1680 ὄφεων
1063 1609 1160 1662 καὶ
1211 1608 1509 1679 σκορπίων,
1545 1608 1639 1661 καὶ
1661 1607 1754 1659 ἐπὶ
1786 1608 1889 1660 πᾶ-

294 1713 403 1749 σαν
428 1695 658 1767 δύναμιν
676 1696 772 1750 τοῦ
814 1695 1035 1768 ἐχθροῦ,
1068 1695 1357 1768 σύντριψον
1386 1696 1481 1750 καὶ
1514 1695 1889 1762 καθυπόταξον

1993 516 2426 572 misericordiam
2458 524 2719 586 prazstare
2763 516 2919 572 nobis
2949 516 3203 587 dignatus
3250 529 3331 581 es,
3380 526 3440 569 ut
3469 531 3566 586 per

1991 608 2316 679 baptismum
2361 607 2700 664 eﬂiceremur
2751 608 2843 662 ﬁlii
2895 617 2948 662 et
3004 608 3267 663 haeredes.
3326 607 3563 663 Docuisti

2002 715 2101 755 nos
2124 699 2354 754 formam
2383 700 2649 755 orationis
2681 700 2987 770 mysticam,
3016 715 3122 769 qua
3150 714 3433 754 oraremus
3461 700 3567 754 im-

1995 791 2326 847 maculatum
2379 790 2596 846 Patrem
2661 800 2833 846 tuum.
2882 789 2961 843 Tu
3019 805 3149 860 ergo
3199 790 3364 844 etiam
3401 804 3561 855 nunc,

1993 881 2310 936 Dominator
2335 881 2583 947 Domine,
2616 881 2808 952 dignos
2834 878 2985 935 eﬂice
3017 894 3139 945 nos,
3183 889 3243 934 ut
3289 895 3410 934 cum
3435 895 3565 934 con-

1993 973 2226 1028 scientia
2254 971 2615 1037 sanctiﬁcata,
2650 980 2707 1025 et
2759 982 2941 1024 mente
2990 971 3128 1024 bona
3195 968 3372 1038 qualis
3425 969 3566 1026 ﬁlios

1993 1063 2165 1126 decet,
2204 1078 2327 1117 cum
2356 1062 2648 1128 desiderio,
2675 1074 2730 1115 et
2757 1060 2953 1115 ﬁducia
2983 1060 3123 1114 bona
3152 1059 3451 1113 audeamus
3479 1060 3568 1113 in-

1994 1169 2212 1223 vocare,
2251 1152 2428 1224 quiin
2488 1153 2645 1209 ctelis
2695 1161 2780 1207 est
2835 1160 3082 1208 sanctum
3138 1150 3305 1205 Deum
3352 1148 3566 1203 Patrem

1995 1256 2174 1311 tuum,
2198 1255 2253 1300 et
2279 1245 2481 1300 dicere.

2065 1336 2321 1407 Populus.
2348 1336 2510 1392 Pater
2543 1345 2726 1391 noster
2747 1376 2761 1400 ,
2788 1346 2835 1390 et
2874 1346 3211 1404 posteaquam
3248 1333 3463 1390 recitata
3491 1344 3567 1389 est

1995 1428 2181 1484 Oratio
2210 1428 2510 1495 Dominica,
2536 1429 2781 1483 sacerdos
2803 1428 2951 1482 dicit.

2064 1520 2165 1585 Ita,
2209 1520 2436 1575 Domine
2462 1535 2479 1573 :
2508 1518 2759 1585 Domine,
2790 1519 2883 1588 qui
2913 1519 3107 1573 dedisti
3146 1517 3301 1571 nobis
3326 1525 3568 1586 potesta-
3619 1554 3625 1559 -

1996 1621 2101 1666 tem
2133 1610 2378 1666 calcandi
2408 1620 2687 1681 serpentes
2712 1620 2767 1664 et
2807 1611 3071 1678 scorpios,
3126 1622 3449 1678 omnemque
3470 1622 3567 1677 po-

1997 1711 2245 1758 testatem
2278 1702 2511 1767 inimici,
2536 1710 2762 1757 contere
2788 1710 2845 1756 et
2872 1701 3075 1766 subjice
3105 1691 3291 1770 capita'
3317 1700 3566 1753 inimico-

290 1785 402 1851 τὰς
421 1787 667 1856 κεφαλὰς
687 1787 797 1841 τῶν
830 1787 1042 1860 ἐχθρῶν
1087 1787 1246 1859 ἡμῶν
1273 1788 1380 1840 ὑπὸ
1429 1788 1555 1851 τοὺς
1605 1787 1775 1851 πόδας
1828 1788 1885 1841 ὲν

1995 1812 2110 1852 rum
2140 1806 2452 1852 nostrorum
2478 1797 2579 1851 sub
2630 1796 2860 1865 pedibus
2909 1796 3111 1849 nostris
3142 1795 3419 1857 velociter,
3448 1808 3569 1848 om-

290 1881 477 1951 τάχει,
517 1882 612 1935 καὶ
663 1882 844 1935 πᾶσαν
886 1880 984 1952 τὴν
1036 1880 1361 1951 κακότεχνον
1420 1879 1600 1934 αὐτῶν
1645 1878 1889 1934 ἐπίνοιαν

289 1973 402 2045 τὴν
435 1971 562 2027 καθ’
588 1972 746 2044 ἡμῶν
772 1972 1144 2039 διασκέδασον,
1174 1972 1258 2026 ὃτι
1285 1972 1350 2025 σὺ
1384 1967 1437 2025 εἴ
1480 1971 1732 2042 βασιλεὺς
1758 1973 1891 2042 ἡμε-

288 2065 510 2136 τέρων⁶
555 2065 797 2128 πάντων,
843 2064 1048 2131 Χριστὲ
1076 2066 1105 2117 ὁ
1133 2063 1285 2127 Θεόςς⁹
1321 2062 1415 2118 καὶ¹
1471 2063 1552 2116 σοὶ
1589 2061 1688 2133 τὴν
1733 2062 1891 2128 δόξαν

291 2155 394 2209 καὶ
415 2156 515 2227 τὴν
544 2155 923 2228 εὐχαριστείαν
944 2156 1041 2209 καὶ
1095 2154 1193 2226 τὴν
1243 2154 1613 2225 προσκύνησιν
1638 2144 1890 2225 ἀναπέμέ-

294 2264 502 2318 πομεν,
535 2247 658 2301 καθ’
710 2247 954 2317 ἑκάστην
978 2247 1216 2319 ἡμέραν,
1276 2249 1375 2301 σὺν
1418 2247 1496 2319 τῷ
1550 2249 1771 2320 ἀνάρχῳ
1797 2265 1888 2303 σου

294 2337 502 2406 Ila-cpt,
547 2337 643 2389 καὶ
669 2335 748 2407 τῷ
800 2337 940 2407 ἁγίῳ
966 2335 1267 2407 Πνεύματι,
1303 2336 1418 2403 νῦν,
1450 2354 1504 2391 κ.
1539 2354 1593 2392 τ.
1618 2337 1665 2391 λ.

381 2427 447 2481 '0
472 2427 754 2496 διάκονος
780 2429 961 2500 λέγει.
998 2427 1110 2492 Τὰς
1126 2428 1369 2498 κεφαλὰς
1397 2429 1568 2500 ὑμῶν.

658 2521 828 2591 Εὺχὴ
877 2521 989 2591 τῆς
1039 2522 1535 2592 κεφαλοκλισίας.

379 2611 441 2669 '0
471 2613 660 2678 κλίνας
689 2613 951 2685 οὐρανοὺς
982 2614 1078 2667 καὶ
1099 2613 1379 2667 κατελθὼν
1413 2613 1506 2667 ἐπὶ
1543 2613 1641 2684 τῆς
1665 2613 1788 2683 γῆς,
1810 2613 1890 2676 είς

293 2707 579 2780 σωτηρίαν
610 2706 708 2759 τοῦ
756 2705 949 2774 γένους
977 2703 1087 2757 τῶν
1109 2702 1430 2774 ἀνθρώπων,
1458 2705 1487 2757 ὁ
1526 2702 1625 2774 τῆς
1658 2704 1757 2773 σῆς
1789 2701 1889 2773 χά-

297 2818 452 2875 ριτος
509 2800 692 2852 πᾶσαν
757 2794 1081 2863 ὲξαπλώσας
1145 2796 1244 2866 τὴν
1301 2794 1576 2865 εὐθηνίαν·
1641 2796 1670 2847 6
1724 2794 1891 2848 ποιῶν

292 2894 482 2947 πάντα
518 2890 660 2961 ὑπὲρ
695 2889 761 2942 ὲκ
787 2887 1074 2961 περισσοῦ,
1115 2882 1190 2942 ὧν
1234 2886 1610 2959 αἰτούμεθα,ἢ
1641 2886 1887 2958 νοοῦμενο

295 2982 678 3055 φιλάνθρωπε,
746 2980 941 3050 ἀγαθὲ,
994 2978 1233 3033 ἔκτεινόν
1285 2996 1382 3032 σου
1429 2978 1527 3051 τὴν
1587 2980 1745 3050 χεῖρα
1792 2978 1891 3048 τὴν

292 3075 552 3146 ἀόρατον,
590 3072 691 3144 τὴν
725 3069 1117 3142 εύλογημένην,
1169 3070 1268 3142 τὴν
1318 3069 1520 3141 μεστὴν
1569 3069 1750 3134 ἐλέους
1795 3071 1892 3123 καὶ

294 3164 621 3236 οἰκτιρμῶν,
655 3164 750 3217 καὶ¹
765 3162 1002 3230 εὐλογῶν
1036 3161 1332 3232 εὐλόγησον
1364 3161 1491 3225 τοὺς
1524 3160 1742 3224 δούλους
1771 3177 1886 3225 σου,

295 3255 393 3307 καὶ
419 3252 719 3325 καθάρισον
750 3252 952 3315 αὐτοὺς
994 3251 1103 3304 ἀπὸ
1141 3251 1343 3315 παντὸς
1373 3248 1654 3321 μολυσμοῦ
1690 3248 1891 3319 σαρκὸς

296 3345 398 3399 καὶ
432 3344 760 3414 πνεύματος·
805 3344 901 3397 καὶ
930 3343 1154 3414 ποίησον
1176 3344 1324 3414 ἡμᾶς
1355 3342 1617 3413 μετόχους
1648 3344 1740 3395 καὶ
1762 3358 1892 3395 συσ-

300 3436 519 3507 σὼμους
568 3435 821 3504 γενέσθαι
877 3439 945 3508 τῇ
1000 3438 1066 3507 σῇ
1115 3435 1319 3506 χάριτι,
1361 3435 1509 3496 ὅπως
1549 3435 1608 3487 ὲν
1645 3432 1891 3505 ἁγιότητι

295 3529 396 3581 καὶ
447 3526 767 3597 δικαιοσύνῃ
816 3543 897 3579 σοι
943 3526 1045 3598 τὴν
1095 3526 1305 3579 ἱκεσίαν
1351 3524 1768 3597 προσάγοντες⁶,
1795 3524 1892 3578 καὶ

300 3621 385 3674 σοὶ
418 3621 620 3693 πρέπει
651 3621 803 3673 πᾶσα
850 3618 997 3683 δόξα,
1044 3616 1407 3688 μεγαλοσύνη,
1433 3614 1634 3688 κράτος
1680 3633 1741 3669 τε
1795 3616 1891 3670 καὶ

300 3713 538 3778 ἐξουσία,
578 3714 695 3784 ἆμα
720 3711 801 3782 τῷ
829 3712 1085 3783 ἀχράντῳ
1115 3726 1210 3765 σου
1252 3710 1446 3781 Πατρὶ,
1501 3709 1595 3763 καὶ
1642 3708 1720 3779 τῷ
1749 3707 1890 3780 ἁγίῳ

299 3806 599 3876 Πνεύματι,
632 3803 750 3869 νῦν,
781 3821 835 3858 κ.
868 3821 919 3856 τ.
951 3803 1003 3857 λ.

761 3895 931 3964 Εὺχὴ
981 3895 1145 3963 ἄλλη
1195 3895 1427 3965 ὁμοίως.

370 3987 639 4059 Πρόσχες,
678 3984 852 4057 Κύριε
889 3985 1063 4056 Ἰησοῦ
1101 3985 1306 4056 Χριστὲ
1353 3987 1382 4039 ὁ
1416 3985 1549 4049 Θεὸς
1581 3986 1762 4056 ἡμῶν,
1826 3984 1888 4051 ἐξ

295 4079 457 4148 ἁγίου
508 4077 604 4131 τοῦ
638 4076 1062 4148 κατοικητηρίου
1110 4094 1226 4142 σου,
1258 4077 1351 4129 καὶ
1409 4077 1519 4130 ἀπὸ
1550 4077 1739 4150 θρόνου
1785 4078 1888 4148 τῆς

296 4170 583 4241 βασιλείας
644 4187 759 4233 σου,
812 4170 906 4222 καὶ
947 4168 1071 4222 ἐλθὲ
1099 4170 1181 4233 είς
1210 4168 1272 4223 τὸ
1305 4169 1530 4238 ἁγιάσαι
1559 4172 1708 4241 ἡμᾶς
1761 4171 1887 4233 τοὺς

296 4262 682 4324 ἑπικλίναντάς
734 4279 849 4314 σου.
900 4262 958 4314 ὐ
983 4262 1095 4315 ἄνω
1127 4261 1206 4333 τῷ
1258 4261 1426 4331 πατρὶ
1452 4260 1882 4333 συγκαθήμενος,

295 4358 400 4409 καὶ
443 4349 547 4408 ὧδε
596 4357 725 4425 ἡμῖν
764 4355 1014 4426 ἀοράτως
1067 4354 1262 4407 συνώνο
1292 4356 1387 4408 καὶ¹
1434 4354 1768 4420 καταξίωσον
1814 4357 1882 4427 τῇ

1992 1904 2224 1959 nemque
2255 1888 2501 1944 dolosam
2539 1903 2727 1945 eorum
2760 1888 3150 1943 adversusvnos
3184 1887 3568 1954 cogitationem

1991 1979 2216 2049 dissipa,
2239 1982 2495 2051 quoniam
2524 1991 2577 2034 tu
2603 1996 2661 2035 es
2675 1980 2793 2035 Rex
2812 1980 3051 2047 omnium
3071 1987 3337 2041 nostrum,
3356 1975 3569 2030 Christe

1993 2070 2172 2137 Deus;
2231 2072 2439 2143 tibique
2467 2072 2719 2141 gloriam,
2768 2081 2824 2127 et
2861 2072 3165 2142 gratiarum
3217 2069 3487 2123 actionem
3514 2077 3570 2122 et

1994 2163 2374 2219 adorationem
2402 2164 2645 2234 quotidie
2672 2163 2974 2232 oﬂerimus,
3001 2163 3267 2230 simulque
3296 2161 3441 2215 Patri
3477 2170 3569 2215 tuo

1991 2255 2081 2323 qui
2108 2255 2225 2311 sine
2251 2256 2515 2327 principio
2543 2264 2648 2322 est,
2675 2267 2731 2311 et
2759 2250 2948 2311 Sancto
2980 2253 3227 2325 Spiritui,
3259 2268 3422 2317 nunc,
3453 2261 3562 2306 etc.

2070 2433 2359 2490 Diaconus.
2386 2435 2649 2491 inclinate
2675 2436 2849 2505 capita
2874 2445 3075 2503 vestra,
3102 2444 3208 2489 etc.

2370 2525 2559 2580 Oratio
2586 2526 2953 2580 inclinationis
2986 2526 3195 2594 capitis.

2065 2614 2167 2683 Qui
2215 2616 2484 2673 inclinans
2533 2616 2703 2672 caelos
2751 2617 3077 2672 descendisti
3146 2616 3201 2670 in
3252 2613 3572 2679 terram,ad

1992 2708 2218 2764 salutem
2266 2710 2486 2764 humani
2544 2709 2779 2780 generis,
2831 2710 2921 2779 qui
2969 2708 3157 2779 gratia:
3214 2717 3318 2763 tua:
3350 2721 3571 2761 omnem

1993 2798 2383 2854 abundantiam
2412 2799 2696 2868 explicasti
2724 2815 2738 2852 :
2766 2799 2858 2868 qui
2901 2798 3081 2853 omnia
3130 2795 3267 2851 iacis
3288 2794 3571 2847 abundan-

1995 2892 2100 2946 tius
2121 2907 2284 2961 quam
2337 2892 2573 2960 petimus
2618 2900 2672 2946 et
2699 2892 3040 2959 cogitamus:
3102 2888 3366 2955 benigne,
3408 2886 3568 2947 bone,

1992 2983 2225 3038 extende
2251 2999 2469 3037 manum
2502 2993 2646 3038 tuam
2673 2983 2999 3037 invisibilem
3025 3025 3039 3048 ,
3069 2981 3428 3041 henedietam,
3457 2977 3572 3046 ple—

1995 3089 2122 3128 nam
2152 3074 2547 3130 misericordia:
2591 3085 2644 3129 et
2691 3075 3126 3140 miserationum,
3155 3082 3209 3127 et
3236 3069 3565 3126 benedicens

1995 3167 2223 3223 benedic
2251 3167 2424 3222 servis
2457 3168 2584 3234 tuis,
2616 3176 2819 3237 coactae
2847 3167 3047 3221 tnunda
3077 3167 3145 3220 ab
3182 3165 3328 3220 omni
3381 3162 3568 3232 inqui-

1992 3267 2254 3313 namento
2285 3259 2468 3313 carnis
2497 3268 2553 3315 et
2586 3259 2848 3328 spiritus:
2898 3266 2952 3311 et
3009 3256 3093 3311 l'ac
3143 3270 3240 3309 nos
3278 3253 3571 3323 participes

1994 3366 2117 3406 esse
2144 3361 2199 3406 et
2225 3365 2621 3419 concorporeos
2657 3360 2760 3405 tua:
2785 3351 2997 3422 gratiae,
3027 3347 3159 3403 utin
3195 3346 3487 3402 sanctitate
3513 3354 3570 3399 et

1988 3438 2199 3508 justitia
2231 3441 2326 3497 tibi
2357 3441 2801 3512 supplicationem
2850 3440 3140 3495 oﬂ'eramus
3180 3456 3193 3492 :
3227 3447 3283 3493 et
3328 3445 3379 3490 te
3409 3438 3570 3491 decet

1993 3536 2176 3589 omnis
2213 3534 2414 3604 gloria,
2470 3534 2802 3605 magnitudo,
2855 3542 3095 3601 potestas
3146 3542 3200 3585 et
3256 3530 3566 3599 imperium,

1991 3640 2113 3679 cum
2176 3623 2523 3679 immaculato
2603 3633 2695 3679 tuo
2756 3622 2919 3678 Patre
2971 3630 3026 3677 et
3084 3628 3270 3676 sancto
3330 3617 3566 3689 Spiritu,

1991 3730 2154 3779 nunc,
2185 3724 2290 3772 etc.
2570 3717 2583 3731 '

2345 3895 2528 3952 Oratio
2553 3894 2662 3948 alia
2692 3893 2940 3948 similiter
2965 3894 3208 3946 dicenda.

2058 3987 2317 4054 Attende,
2372 3986 2599 4043 Domine
2646 3986 2774 4041 Jesu
2824 3986 3039 4041 Christe
3071 3986 3211 4040 Deus
3260 3995 3460 4050 noster,
3495 3999 3563 4040 ex

1989 4090 2177 4138 sancto
2202 4081 2513 4136 habitacqu
2549 4090 2660 4145 tuo,
2685 4088 2738 4134 et
2764 4094 2829 4133 ex
2866 4080 3057 4134 throno
3076 4077 3260 4148 gloriae
3288 4079 3438 4148 regni
3460 4080 3559 4139 tui,

1987 4184 2043 4230 et
2073 4174 2192 4229 veni
2222 4174 2287 4229 ad
2319 4172 2768 4229 sanctiﬁcandnm
2798 4186 2898 4226 nos
2915 4172 3004 4241 qui
3028 4171 3348 4225 inclinamur
3376 4186 3560 4225 coram

1988 4273 2061 4321 te.
2096 4264 2197 4332 Qui
2228 4278 2446 4320 sursum
2475 4262 2633 4318 sedes
2662 4278 2784 4316 cum
2835 4261 3016 4326 Patre,
3054 4270 3109 4315 et
3166 4262 3252 4315 hic
3284 4260 3563 4315 nobiscum

1990 4354 2338 4410 invisibiliter
2374 4354 2508 4408 ades
2558 4372 2572 4408 :
2634 4353 2969 4422 dignareque
3015 4351 3218 4419 potenti
3252 4366 3412 4404 manu
3449 4360 3566 4414 tua,

297 4447 541 4516 κραταιᾷ
564 4463 657 4498 σου
676 4446 843 4517 χειρὶ,
871 4445 1191 4516 μεταδοῦναι
1208 4447 1338 4517 ἡμῖν
1367 4445 1459 4499 τοῦ
1481 4447 1752 4518 ἀχράντου
1778 4445 1885 4501 oti)-

1995 4448 2284 4518 participes
2343 4447 2526 4501 facere
2574 4460 2674 4499 nos
2727 4442 3058 4499 immaculati
3114 4444 3361 4513 corporis
3402 4444 3477 4498 tui
3509 4453 3567 4499 et

298 4539 472 4610 ματότ
526 4554 639 4602 σου,
691 4539 785 4590 καὶ
829 4538 901 4590 δι’
929 4537 1086 4609 ήμῶν
1140 4539 1305 4591 παντὶ
1352 4537 1430 4608 τῷ
1475 4537 1610 4608 λαῷ.
1662 4539 1734 4591 Σὺ
1773 4539 1883 4612 γὰρ

295 4624 351 4681 εἷ
372 4629 400 4680 6
433 4627 575 4680 κλῶν
598 4628 692 4681 καὶ
743 4627 1043 4697 κλώμενος,
1071 4629 1167 4682 καὶ
1217 4627 1506 4693 ἄκλαστος’
1544 4629 1638 4683 καὶ
1669 4629 1753 4682 σοὶ
1785 4629 1883 4702 τὴν

294 4718 455 4784 δόξαν
504 4718 918 4789 ἁναπέμπομεν,
977 4720 1074 4773 σὺν
1126 4719 1203 4791 τῷ
1250 4720 1447 4790 Πατρὶ,
1495 4720 1588 4773 καὶ
1612 4718 1690 4790 τῷ
1742 4720 1882 4792 ἁγίῳ

295 4809 599 4881 Πνεύματι,
626 4810 741 4876 νῦν,
764 4827 818 4864 κ.
849 4826 900 4863 τ.
931 4808 981 4863 λ.

374 5056 487 5124 (9.7)
528 5056 808 5126 Sententia
832 5057 970 5123 htec,
1012 5068 1067 5114 et
1097 5058 1213 5113 alite
1252 5056 1459 5112 similes
1488 5072 1607 5126 qua:
1642 5058 1694 5112 in
1725 5058 1877 5114 Grae-

298 5142 487 5198 corum
513 5125 979 5198 Orientaliumque
1006 5129 1158 5184 libris
1196 5129 1395 5197 passim
1429 5125 1744 5194 occurrunt,
1770 5129 1875 5183 illis

296 5196 390 5262 qui
443 5212 626 5267 veram
672 5196 1060 5252 elementorum
1118 5201 1169 5251 in
1200 5196 1422 5267 corpus
1452 5208 1509 5250 et
1554 5199 1873 5267 sanguinem

296 5265 500 5320 Christi
533 5269 1043 5322 transmutationem
1080 5265 1354 5337 rejiciunt,
1390 5267 1572 5321 venire
1598 5265 1873 5336 nunquam

298 5347 529 5404 possunt
552 5337 605 5389 in
638 5345 871 5391 mentem
903 5355 917 5392 :
952 5352 1053 5391 nec
1073 5341 1139 5393 ab
1176 5338 1300 5396 illis.
1328 5352 1646 5406 quacunque
1670 5340 1878 5393 ratione

298 5407 422 5459 illas
453 5415 757 5476 torqueant,
794 5416 1019 5475 possunt
1073 5407 1352 5476 explicari.
1402 5407 1679 5460 Christum
1732 5408 1879 5463 scili-

296 5484 402 5540 t-et,
436 5473 738 5530 Orientales
784 5473 834 5530 in
865 5473 1203 5531 Eucharistia
1236 5487 1551 5544 praesentem
1602 5478 1672 5530 ita
1706 5492 1877 5546 agno-

294 5554 473 5615 scunt,
503 5553 560 5596 ut
591 5547 882 5613 viventem,
925 5550 1371 5615 sacerdotemque
1419 5550 1715 5601 secundum
1737 5547 1883 5601 ordi-

294 5630 420 5667 ncm
451 5614 867 5679 Melchisedech,
899 5616 1218 5673 Pontiﬁcem
1255 5614 1558 5670 luturnrum
1590 5617 1879 5681 bonorum,

294 5685 395 5756 qui
413 5695 812 5756 sacramentum
838 5689 979 5754 quod
1020 5688 1132 5756 ipse
1168 5686 1420 5753 instituit,
1450 5688 1733 5756 praesentia
1755 5703 1878 5749 sua,

296 5763 353 5809 et
385 5753 637 5810 inell‘abili
661 5753 978 5827 speratione
1012 5753 1247 5827 Spiritus
1292 5753 1464 5813 sancti
1498 5758 1765 5829 perﬁciat.
1806 5759 1878 5814 Eo

1993 4540 2215 4610 pretiosi
2242 4538 2539 4608 sanguinis,
2566 4546 2624 4592 et
2658 4551 2753 4606 per
2780 4550 2879 4591 nos
2923 4550 3137 4591 omnem
3175 4537 3449 4605 populum.
3482 4535 3562 4588 Tu
3628 4535 3632 4543 '

1992 4630 2134 4685 enim
2185 4644 2245 4685 es
2277 4630 2370 4698 qui
2406 4629 2613 4696 frangis
2658 4637 2715 4682 et
2764 4626 3051 4696 l'rangeris,
3087 4626 3333 4695 quamvis
3363 4624 3563 4679 infrac-

1994 4732 2078 4777 tus
2106 4722 2243 4793 (27,,
2295 4731 2350 4776 et
2403 4720 2499 4775 tibi
2556 4719 2784 4788 gloriam
2832 4718 3121 4773 referimus
3166 4733 3286 4771 cum
3325 4716 3483 4771 Patre
3510 4725 3565 4771 et

1992 4823 2181 4869 sancto
2215 4811 2443 4882 Spiritu,
2479 4825 2642 4876 nunc,
2669 4819 2774 4864 etc.

1983 5066 2227 5125 spectant
2248 5056 2337 5110 illa
2371 5070 2491 5126 quae
2524 5056 2770 5125 superius
2804 5055 3052 5126 leguntur
3079 5070 3093 5108 :
3122 5054 3225 5120 Qui
3255 5054 3552 5126 tuttcbenc-

1984 5129 2189 5193 dixisti,
2221 5125 2555 5181 etiamnunc
2577 5126 2789 5179 benedic
2825 5125 2974 5195 :iqui
3022 5136 3145 5178 tunc
3187 5125 3551 5191 stmctiﬁcasti,

1984 5202 2142 5252 etiam
2163 5214 2299 5250 nunc
2322 5197 2635 5263 sancti/ica:
2679 5198 2769 5265 qui
2802 5209 2924 5248 tunc
2959 5195 3180 5264 [registi,
3215 5196 3372 5247 etiam
3417 5210 3554 5247 nunc

1985 5268 2462 5337 franguquitanc
2507 5264 2699 5318 dedisti
2739 5267 3008 5330 discipulis
3041 5277 3090 5321 et
3147 5264 3394 5337 apostolis
3424 5265 3552 5337 tuis,

1984 5332 2142 5391 etiam
2172 5332 2328 5401 nunc,
2348 5335 2588 5400 Domine,
2612 5339 2679 5388 da
2701 5337 2849 5389 nobis
2874 5345 2924 5389 et
2952 5332 3296 5403 onmipopulo
3317 5346 3424 5386 tuo.
3450 5332 3554 5401 Igit-

1980 5418 2065 5462 tur
2100 5408 2351 5461 sacerdos
2380 5416 2671 5473 antequam
2720 5406 3141 5459 eucharisticum
3175 5420 3362 5472 panem
3397 5403 3549 5456 fran-

1976 5485 2087 5547 gat,
2119 5477 2260 5543 quod
2294 5476 2471 5529 facere
2496 5474 2675 5537 debet,
2714 5476 2998 5547 utChristi
3030 5474 3335 5543 exemplum
3367 5473 3548 5526 imite-

1980 5546 2090 5610 tur,
2114 5560 2238 5599 eum
2267 5547 2500 5607 invocat,
2535 5554 2594 5598 ut
2639 5546 2884 5599 fractioni
2943 5560 3177 5613 praesens
3198 5547 3289 5607 sit,
3317 5558 3549 5612 eamque

1976 5617 2325 5670 sanctiticet:
2380 5629 2553 5682 eaque
2609 5617 2837 5677 ratione,
2893 5615 3143 5669 Christus
3201 5614 3399 5683 frangit
3452 5629 3548 5681 per

1979 5685 2284 5741 sacerdotis
2326 5685 2709 5750 ministerium,
2740 5688 2878 5738 sicut
2906 5687 3173 5739 henedicit
3225 5693 3279 5738 et
3305 5686 3549 5737 sanctilio

1979 5756 2280 5813 cateodcm
2339 5755 2480 5811 illius
2525 5757 2841 5812 tninisterio.
2893 5755 3028 5810 Cum
3092 5770 3221 5810 vero
3276 5754 3429 5824 panis
3459 5754 3547 5806 ille
