3898 6222
231 319 354 376 ἠ’

1199 316 1534 376 LITURGIA
1577 317 1638 374 S.
1677 313 2010 374 GREGORII
2047 315 2566 374 ALEXANDRINA.

3389 319 3506 376 7'50

233 440 344 494 καὶ
395 437 508 493 τῶν
533 437 644 493 σῶν
692 436 944 493 ἐντολῶν·
974 437 1054 492 ἔτι
1081 439 1139 492 δὲ
1168 440 1264 494 καὶ
1293 441 1477 496 πᾶσαν
1505 441 1825 512 συνείδησιν,

1963 441 2342 511 ogitationem,
2373 456 2564 497 omnes
2596 440 2840 498 actiones
2869 450 2926 497 et
2953 449 3129 497 matus
3151 442 3242 513 qui
3273 442 3325 500 in
3347 442 3506 499 nobis

233 531 345 586 καὶ
370 531 552 584 πᾶσαν
575 529 895 602 ἐνθύμησιν,
929 531 1025 585 καὶ
1053 531 1258 595 πάσαις
1274 535 1294 555 ⁶
1325 531 1578 603 πράξεσι,
1603 531 1697 584 καὶ
1725 531 1834 585 πά-

236 639 371 685 σαις
395 622 644 694 κινήσεσι
689 623 1016 692 γεγωνυίαις
1054 625 1113 677 ὲν
1149 623 1385 688 ἑαυτοῖς,
1428 621 1713 695 ὴμερικῶς
1768 638 1832 674 τε

231 713 342 790 gnat
361 711 695 784 νυκτερικῶς
731 713 984 786 ἐπιδῆσαι
1011 713 1105 768 καὶ
1130 713 1548 786 κατακρατῆσαι
1570 712 1710 766 κατά
1734 711 1834 782 τῆς

233 804 446 876 ψυχῆς.
472 805 582 858 Καὶ
613 803 852 859 ἀθώοσον
879 805 1078 869 αὐτοὺς
1103 805 1214 859 ἀπὸ
1251 805 1434 877 πάσης
1470 803 1832 874 συνειδήσεως

233 912 518 967 πονηρῶν,
552 897 648 950 καὶ
678 895 859 968 πάσης
885 897 1134 970 ἀκάρπου
1179 897 1454 968 πράξεως,
1512 895 1606 948 καὶ
1635 893 1835 956 παντὸς

232 985 509 1058 λογισμοῦ
537 988 1048 1059 πεπυρωμένου.....
1071 991 1092 1014 ⁸
1113 989 1262 1042 ἐστὶν
1295 987 1498 1060 βέϐηλα
1532 986 1684 1060 παρά
1735 985 1835 1058 τὴν

231 1079 348 1149 τῆς
403 1079 586 1151 ψυχῆς
634 1079 1006 1152 καθαρότητα.
1067 1082 1308 1153 Χάρισαι
1370 1079 1552 1135 αὐτῶν
1580 1079 1679 1152 τὴν
1726 1079 1837 1134 τῶν

234 1171 536 1243 ἁμαρτιῶν
591 1171 908 1241 ἐπίγνωσιν,
958 1173 1054 1226 καὶ
1113 1171 1334 1236 τελείως
1386 1171 1690 1243 ἀπέχεσθαι
1738 1171 1834 1226 ἀπ’

241 1261 459 1318 αὐτῶν.
514 1260 768 1332 Δώρησαι
805 1263 988 1326 αὐτοῖς
1040 1262 1330 1333 μετανοίας
1351 1263 1690 1333 ἀγνότητοςθ,
1742 1261 1838 1316 καὶ

237 1353 351 1424 τὴν
385 1353 468 1417 είς
521 1352 582 1405 σὲ
616 1353 972 1425 ἐπιστροφήν·
1026 1354 1091 1406 σὺ
1148 1353 1279 1426 γὰρ,
1335 1354 1581 1408 Δέσποτα
1641 1352 1837 1426 Κύριε,

231 1443 598 1514 ἐπτώχευσας
618 1444 881 1508 ἑκουσίως
913 1447 972 1499 ὲν
1011 1445 1090 1516 τῷ
1130 1463 1191 1498 σε
1229 1446 1602 1518 σαρκωθῆναι,
1631 1444 1719 1499 διὰ
1739 1443 1841 1515 τὴν

228 1535 340 1590 τοῦ
367 1536 562 1606 γένους
591 1536 750 1607 ἡμῶν
805 1537 1103 1608 σωτηρίαν·
1135 1537 1232 1591 καὶ
1263 1537 1554 1610 διέῤῥηξας
1597 1537 1659 1590 τὸ
1713 1537 1838 1590 καθ’

230 1626 405 1698 ἡμῶν
436 1627 823 1698 χειρόγραφον,
875 1627 965 1682 διὰ
1013 1628 1114 1700 τὴν
1156 1627 1251 1680 ἐπὶ
1301 1628 1396 1682 τοῦ
1437 1625 1671 1700 σταυροῦ
1728 1626 1839 1680 τῶν

232 1717 406 1772 θείων
435 1735 528 1771 σου
564 1718 836 1790 παλάμων
875 1717 1213 1788 ὲφάπλωσιν.
1242 1721 1429 1773 Φεῖσαι
1464 1719 1706 1788 πάντων,
1737 1719 1840 1772 Δέ-

1931 533 2240 588 excitantur
2261 533 2348 588 die
2375 547 2439 587 ac
2471 540 2652 598 nocte,
2687 540 2746 586 ut
2791 533 3029 587 animam
3059 532 3281 602 alligent
3325 541 3378 589 et
3406 548 3502 588 ca-

1931 625 2132 694 ptivam
2181 635 2422 680 teneant.
2471 625 2582 680 Fac
2621 638 2716 681 eos
2771 625 3041 680 immunes
3100 625 3168 680 ab
3199 625 3345 680 omni
3375 639 3506 680 con-

1933 715 2161 771 scientia
2190 731 2372 772 rerum
2399 717 2684 780 malarum,
2708 723 2764 772 et
2790 716 2939 771 omni
2961 715 3178 771 actione
3206 715 3508 771 infructuo-

1934 820 2018 872 sa,
2056 807 2308 878 omnique
2354 807 2678 877 cogitatione
2719 807 2936 862 sordida
2991 822 3180 863 eorum
3227 823 3348 877 quae
3378 823 3506 876 pro-

1935 894 2060 950 fana
2093 897 2275 952 sintet
2297 898 2491 954 animm
2521 899 2742 969 puritati
2767 897 3065 953 contraria.
3105 897 3351 953 Concede
3379 899 3508 968 ipsis

1935 998 2278 1057 peccatorum
2309 990 2657 1060 agnitionem,
2697 1000 2864 1060 utque
2885 991 3125 1060 perfecte
3153 989 3347 1046 abillis
3379 991 3508 1044 abs-

1937 1080 2166 1136 tineant.
2196 1081 2276 1136 Da
2333 1081 2441 1137 illis
2489 1083 2822 1152 poenitentiae
2877 1084 3206 1146 castitatem,
3253 1092 3308 1137 et
3353 1082 3419 1135 ad
3459 1091 3510 1137 te

1937 1173 2338 1228 conversionem
2363 1192 2376 1228 :
2398 1183 2451 1228 tu
2473 1176 2640 1242 enim,
2676 1175 2988 1229 Dominator
3019 1173 3268 1238 Domine,
3306 1189 3511 1243 panper

1936 1263 2114 1319 factus
2145 1279 2206 1320 es
2233 1265 2556 1332 voluntarie,
2597 1265 2722 1320 dum
2766 1281 2986 1322 carnem
3045 1265 3408 1335 assumpsisti,
3442 1265 3511 1319 ad

1939 1355 2152 1425 generis
2175 1356 2342 1410 nostri
2380 1355 2632 1424 salutem,
2668 1357 3054 1412 etconscidisti
3087 1356 3508 1427 chirographum

1940 1447 2081 1514 quod
2119 1455 2235 1500 erat
2267 1447 2554 1502 adversum
2607 1460 2726 1512 nos,
2785 1462 2882 1516 per
2910 1446 3210 1501 divinarum
3255 1461 3512 1500 manuum

1942 1543 2153 1590 tuarum
2176 1536 2230 1590 in
2264 1551 2429 1592 cruce
2456 1537 2870 1606 expansionem.
2898 1536 3070 1591 Parce
3097 1536 3373 1598 omnibus,
3405 1536 3513 1588 Do-

1941 1627 2089 1681 mine
2125 1637 2341 1683 amator
2371 1629 2698 1693 animarum,
2735 1631 2862 1697 quia
2893 1627 3072 1681 omnia
3111 1628 3202 1681 tibi
3243 1626 3511 1689 serviunt,

1943 1729 2000 1776 et
2037 1736 2064 1774 a
2096 1730 2148 1776 te
2178 1730 2302 1776 sunt
2335 1723 2553 1791 prmmia
2592 1720 2935 1774 liherationis
2969 1729 3188 1782 nostrze,
3219 1734 3323 1772 non
3356 1719 3514 1786 quid-

234 1827 424 1863 σποτα
469 1809 756 1881 φιλόψυχε,
813 1811 896 1864 ὅτι
945 1809 1015 1864 τὰ
1069 1811 1361 1882 σύμπαντα
1401 1811 1563 1865 δοῦλα
1613 1811 1702 1878 σά,
1745 1811 1838 1865 καὶ

1963 1827 2100 1882 luam
2132 1827 2262 1866 vero
2309 1827 2444 1882 opus
2503 1827 2764 1866 manuum
2799 1819 3132 1864 nostrarum.
3191 1808 3396 1864 Idcirco
3429 1821 3517 1860 re-

229 1901 400 1972 παρά
429 1901 526 1954 σοῦ
555 1903 801 1973 ἡμέτερα
829 1903 1127 1974 ἀφετήρια,
1168 1903 1265 1956 καὶ
1295 1903 1450 1957 οὐδὲν
1496 1902 1606 1956 τῶν
1650 1904 1839 1974 ἐπιτη-

227 1990 528 2060 δευμάτων
546 1990 656 2045 τῶν
685 1991 884 2062 χειρῶν
935 1991 1113 2062 ἡμῶν·
1140 1991 1207 2045 δι’
1248 1991 1277 2044 ὸ
1307 1991 1406 2063 τὴν
1433 1991 1531 2064 σὴν
1560 1992 1838 2062 βασιλείαν

227 2081 541 2153 δοξάζομεν
575 2083 672 2148 καὶ
705 2080 1050 2153 ἀνυμνοῦμὲν
1081 2099 1162 2146 σε,
1197 2082 1402 2154 Χριστὲ
1442 2085 1470 2136 ό
1497 2082 1629 2146 Θεὸς
1659 2081 1836 2155 ἡμῶν,

228 2172 403 2227 ἅτινα
632 2191 733 2229 ν...
758 2175 922 2229 λου...
949 2191 1092 2228 ων...
1116 2173 1310 2242 θορων.

313 2263 526 2328 Πάσαις
555 2265 796 2336 ἡμέραις
823 2263 938 2330 ἕως
963 2262 1258 2334 αἱρετικῶν
1285 2261 1382 2317 καὶ
1413 2261 1666 2317 ἐθνικῶν.

318 2441 643 2512 Ἐμπλησον
687 2443 833 2514 ἡμᾶς
857 2440 951 2494 τοῦ
1014 2439 1109 2494 σοῦ
1153 2440 1341 2509 φόϐου,
1389 2441 1482 2494 καὶ
1513 2440 1841 2496 κατεύθυνον

233 2535 332 2596 είς
359 2534 422 2586 τὸ
444 2533 648 2602 ἀγαθόν
679 2551 773 2586 σου
808 2532 1038 2604 θέλημα·
1078 2534 1143 2586 σὺ
1170 2533 1280 2602 γὰρ
1319 2527 1370 2584 εἶ
1398 2534 1428 2585 ό
1475 2532 1606 2596 Θεὸς
1653 2533 1835 2604 ἡμῶν,

234 2625 346 2679 καὶ
388 2624 591 2695 πρέπει
619 2640 701 2676 σοι
753 2623 909 2689 δόξα,
944 2623 1079 2694 τιμὴ
1105 2625 1200 2676 καὶ
1234 2623 1624 2695 προσκύνησις.

342 2719 406 2770 '0
432 2716 624 2784 ἱερεὺς
650 2714 830 2786 λέγει.
867 2713 1033 2784 Σῶμα
1067 2714 1160 2768 καὶ
1185 2708 1346 2784 αἷμα.

331 2810 396 2862 '0
454 2807 733 2874 διάκονος
769 2805 952 2876 λέγει.
1005 2805 1162 2861 Μετὰ
1201 2805 1366 2874 φόϐου
1411 2803 1545 2858 Θεοῦ
1587 2805 1842 2878 πρόσχω-

289 2919 374 2955 εν.

289 2922 374 2955 εν.

238 2922 284 2976 μ
333 2993 396 3047 '0
422 2992 614 3060 ἱερεὺς
650 2991 805 3060 ὑψοῖ
849 2989 1178 3044 Δεσποτικὸν
1207 2989 1305 3044 καὶ
1352 2989 1710 3059 ἐκφωνήσειο
1762 2990 1844 3044 Τὰ

235 3085 382 3154 ἅγια
408 3085 519 3146 τοῖς
547 3081 740 3150 ἀγίοις.

331 3177 387 3228 '0
427 3174 576 3240 λαὸς
612 3173 795 3241 λέγει.
831 3170 1006 3244 Κύριε
1036 3170 1276 3242 ἐλέησον.

322 3264 419 3332 Eii
447 3267 638 3337 Πατὴρ
669 3265 845 3334 ἆγιος,
863 3257 942 3328 εἷς
959 3263 1088 3326 Υἱὸς
1105 3262 1282 3330 ἅγιος,
1324 3262 1382 3316 ἓν
1411 3261 1636 3332 Πνεῦμα
1665 3263 1842 3330 ἆγιον.

249 3362 463 3432 Ἀμήν.

333 3454 396 3506 '0
421 3451 615 3520 ἱερεὺς
635 3451 818 3519 λέγει.
866 3448 924 3501 '0
963 3445 1170 3517 Κύριος
1227 3445 1367 3516 μετά
1394 3446 1610 3500 πάντων
1667 3443 1842 3516 ὑμῶν.

334 3545 388 3596 '0
434 3542 586 3607 λαὸς
600 3539 784 3608 λέγει.
818 3538 930 3590 Καὶ
960 3535 1098 3607 μετά
1121 3533 1215 3587 τοῦ
1245 3533 1554 3605 πνεύματός
1586 3553 1700 3589 σου.

337 3636 398 3689 '0
427 3634 620 3704 ἱερεὺς
646 3633 829 3702 λέγει.
886 3628 1188 3698 Εὐλογητὸς
1219 3626 1424 3697 Κύριος
1457 3631 1537 3692 εἰς
1558 3630 1684 3692 τοὺς
1710 3627 1846 3682 αἰῶ-

241 3745 370 3791 νας.
406 3729 601 3798 Ἀμήν.

336 3818 398 3871 '0
421 3816 573 3882 λαός
591 3815 774 3884 λέγει.
806 3813 998 3884 Ἀμήν.

340 3911 395 3962 '0
422 3908 613 3975 ἱερεὺς
648 3906 832 3977 λέγει.
864 3907 1066 3976 Εἰρήνη
1094 3905 1278 3958 πᾶσιν.

334 4001 390 4052 '0
416 3998 567 4064 λαός
584 3995 768 4066 λέγςι.
815 3995 928 4048 Καὶ
958 3993 1036 4064 τῷ
1070 3993 1340 4064 πνεύματί
1387 4009 1502 4045 σου.

338 4091 402 4144 '0
463 4089 654 4156 ἱερεὺς
702 4087 885 4156 λέγει.
941 4085 1107 4156 Σῶμα
1156 4085 1311 4154 ἀγιον
1351 4084 1443 4137 καὶ
1478 4077 1614 4153 αἷμα
1645 4083 1846 4150 τίμιον,

244 4182 530 4252 ἀληθινὸν,
574 4178 744 4248 Ἰησοῦ
792 4177 1026 4247 Χριστοῦ
1059 4176 1190 4230 Υίοῦ
1224 4174 1314 4228 τοῦ
1346 4174 1500 4228 Θεοῦ.
1548 4175 1738 4244 Ἀμήν.

337 4275 404 4327 '0
433 4271 587 4338 λαὸς
614 4270 797 4340 λέγει.
824 4271 1024 4340 ’Δμήν.

339 4368 402 4419 '0
431 4365 623 4433 ιερεὺς
648 4363 832 4432 λέγει.
865 4360 1034 4433 Σῶμα
1088 4359 1244 4429 ἅγιον
1307 4358 1401 4412 καὶ
1453 4354 1592 4428 αἷμα
1646 4357 1846 4428 τίμιον,

244 4459 532 4529 ἀληθινὸν,
561 4455 737 4526 Ἰησοῦ
764 4455 998 4525 Χριστοῦ
1030 4454 1158 4508 Υίοῦ
1181 4452 1273 4508 τοῦ
1299 4453 1454 4506 Θεοῦ.
1481 4452 1675 4522 Ἀμήν.

340 4552 405 4603 '0
425 4549 577 4614 λαὸς
599 4547 782 4617 λέγει.
829 4547 1019 4616 Ἀμήν.

339 4644 402 4695 '0
426 4640 617 4710 ἱερεὺς
654 4638 836 4706 λέγει.
865 4636 1032 4707 Σῶμα
1065 4636 1158 4689 καὶ
1178 4630 1318 4705 αἷμα
1361 4632 1708 4705 Ἐμμανουὴλ
1750 4631 1846 4686 τοῦ

247 4735 392 4791 Θεοῦ
418 4735 597 4805 ἡμῶν,
631 4730 790 4785 τοῦτό
835 4731 983 4783 ἐστιν
1015 4727 1250 4797 ἀληθῶς.
1299 4728 1491 4798 Ἀμήν.

340 4829 394 4880 Ὀ
412 4825 564 4890 λαός
591 4824 774 4893 λέγει.
823 4821 1018 4892 Ἀμήν.

333 4913 604 4977 Πιστεύω,
672 4909 935 4971 πιστεύω,
1005 4906 1247 4961 πιστεύω
1296 4906 1391 4959 καὶ
1446 4905 1692 4976 ὁμολογῶ
1743 4903 1847 4967 ἓως

250 5008 496 5078 ἐσχάτης
544 5001 842 5073 ἀναπνοῆς,
887 5002 970 5055 ὅτι
1015 4999 1153 5070 αὕτη
1210 5000 1424 5070 ὲστὶνή
1475 4997 1613 5070 σὰρξ
1643 4999 1676 5066 ἡ
1710 4996 1846 5060 ζωο-

252 5101 434 5163 ποιὸς,
469 5099 538 5169 ἢν
561 5096 772 5160 ἔλαϐες,
814 5092 1018 5165 Χριστὲ
1045 5093 1072 5145 ό
1105 5091 1237 5154 Θεὸς
1273 5091 1447 5161 ἡμῶν,
1473 5091 1538 5143 ἐκ
1569 5089 1668 5158 τῆς
1688 5087 1848 5156 ἀγίας

251 5192 549 5262 δεσποίνης
576 5189 734 5259 ἡμῶν
764 5187 1049 5247 Θεοτόκου,
1094 5183 1189 5236 καὶ
1220 5181 1579 5254 ἀειπαρθένου
1606 5179 1844 5250 Μαρίας·

255 5285 358 5340 καὶ
393 5281 656 5353 ἐποίησας
681 5279 852 5348 αὐτὴν
881 5277 1010 5347 μίαν
1043 5277 1142 5330 σὺν
1173 5278 1238 5346 τῇ
1270 5273 1490 5343 θεότητῑ
1522 5290 1639 5335 σου,
1687 5271 1759 5342 μὴ
1791 5273 1848 5323 ὲν

259 5373 430 5446 μίξει,
457 5371 590 5442 μηδὲ
609 5374 664 5423 ὲν
687 5367 909 5440 φορμῷ,
938 5366 1071 5438 μηδὲ
1095 5367 1154 5419 ὲν
1179 5363 1478 5418 ἀλλοιώσει·
1508 5360 1851 5434 καὶὲμαρτύ-

260 5481 436 5536 ρησας
465 5465 556 5516 ἐπὶ
583 5461 807 5515 Ποντίου
831 5459 1065 5512 Πιλάτου
1090 5457 1188 5529 τὴν
1206 5457 1378 5527 καλὴν
1408 5453 1718 5526 ὁμολογίαν,
1755 5453 1850 5506 καὶ

262 5554 611 5624 παρέδωκεν·
637 5551 808 5622 αὐτὴν
828 5550 970 5620 ὑπὲρ
988 5549 1144 5620 ἡμῶν
1171 5548 1456 5601 πάντων...
1476 5545 1616 5616 ἐρων
1637 5545 1729 5597 ἐπὶ
1753 5542 1846 5596 τοῦ

259 5648 423 5716 ξύλου
459 5645 554 5699 τοῦ
613 5642 848 5717 σταυροῦ
896 5640 990 5696 τοῦ
1023 5641 1200 5711 ἁγίου,
1225 5642 1281 5694 ὲν
1302 5639 1400 5713 ζτῷ
1425 5637 1690 5710 Θελήματί
1725 5654 1842 5693 σου.

1874 4485 1922 4542 1)

1940 1919 2105 1974 gnum
2170 1912 2320 1958 tuum
2375 1902 2787 1973 gloriﬁcamus,
2843 1901 3124 1956 laudamus
3180 1909 3251 1965 te,
3300 1899 3517 1954 Christe

1940 1993 2084 2049 Deus
2111 2005 2319 2050 noster.
2363 2033 2379 2048 .
2424 2031 2439 2048 .
2483 2032 2499 2048 .
2543 2035 2558 2050 .
2603 2031 2619 2048 .
2660 2031 2676 2047 .

2015 2253 2280 2310 Omnibus
2315 2253 2505 2308 diebus
2538 2269 2700 2322 usque
2734 2253 2804 2307 ad
2832 2253 3208 2308 haereticorum
3238 2261 3293 2308 et
3339 2250 3520 2307 ethni-

1941 2361 2152 2402 corum.

2015 2436 2180 2506 Imple
2206 2452 2304 2492 nos
2335 2435 2530 2490 timore
2564 2445 2677 2503 tuo,
2714 2443 2769 2490 et
2829 2435 3004 2504 dirige
3058 2451 3154 2489 nos
3191 2437 3258 2488 ad
3322 2436 3518 2490 bonam

1942 2527 2274 2582 voluntatem
2311 2537 2454 2580 tuam
2493 2544 2507 2580 :
2558 2538 2612 2580 ιιι
2667 2528 2810 2581 enim
2854 2541 2913 2581 es
2969 2528 3110 2582 Deus
3141 2535 3346 2592 noster,
3375 2535 3430 2580 et
3466 2535 3520 2580 te

1943 2621 2098 2676 decet
2120 2619 2312 2688 gloria,
2346 2620 2514 2674 honor
2555 2630 2609 2674 et
2646 2619 2916 2674 adoratio.

2016 2709 2292 2764 Sacerdos.
2326 2709 2537 2779 Corpus
2567 2721 2620 2764 et
2655 2711 2897 2778 sanguis.

2015 2800 2304 2854 Diaconus.
2342 2799 2476 2854 Cum
2509 2801 2702 2854 timore
2738 2801 2848 2854 Deo
2879 2800 3249 2855 attendamus.

2017 2979 2277 3034 Sacerdos
2307 2980 2472 3033 elevat
2499 2977 2825 3032 Δεσποτικόν
2856 2978 2967 3048 (seu
2986 2989 3183 3046 partem
3201 2979 3383 3032 hostia:
3406 2995 3522 3032 ma-

1938 3069 2132 3138 jorem)
2162 3082 2208 3123 et
2242 3069 2351 3122 alta
2375 3085 2495 3122 voce
2525 3071 2670 3122 dicit.
2703 3069 2903 3123 Sancta
2936 3067 3159 3124 sanctis.

1868 3145 1912 3202 (ἶ
2024 3163 2280 3233 Populus.
2311 3163 2477 3234 Kyrie
2501 3161 2730 3216 eleison.

2019 3255 2170 3310 Unus
2205 3255 2364 3309 Pater
2400 3264 2625 3309 sanctus
2647 3293 2662 3318 ,
2720 3268 2859 3307 unus
2911 3251 3078 3306 Filius
3109 3263 3350 3317 sanctus,
3383 3267 3524 3309 unus

1948 3345 2183 3415 Spiritus
2219 3355 2462 3400 sanctus.
2496 3344 2691 3398 Amen.

2019 3438 2301 3493 Sacerdos.
2328 3437 2589 3492 Dominus
2615 3452 2736 3490 cum
2768 3436 3020 3490 omnibus
3052 3435 3224 3490 vobis.

2020 3529 2276 3597 Populus.
2318 3530 2384 3584 Et
2409 3545 2530 3583 cum
2556 3529 2752 3597 spiritu
2780 3537 2890 3581 tuo.

2021 3622 2300 3678 Sacerdos.
2329 3621 2653 3676 Benedictus
2676 3619 2938 3676 Dominus
2966 3620 3020 3675 in
3072 3623 3290 3678 saecula.
3329 3623 3524 3680 Amen.

2020 3804 2276 3871 Populus.
2304 3802 2499 3856 Amen.

2022 3895 2300 3948 Sacerdos.
2333 3893 2442 3946 Pax
2477 3893 2750 3947 omnibus.

2022 3984 2281 4054 Populus.
2314 3984 2381 4038 Et
2407 3999 2530 4039 cum
2567 3985 2758 4054 spiritu
2790 3993 2902 4038 tuo.

2021 4076 2299 4131 Sacerdos.
2335 4075 2543 4143 Corpus
2591 4085 2833 4130 sanctum
2880 4085 2936 4130 et
2980 4079 3198 4148 sanguis
3231 4083 3526 4150 pretiosus,

1949 4182 2136 4232 verus,
2173 4165 2300 4221 Jesu
2327 4166 2531 4220 Christi
2564 4165 2685 4220 Filii
2720 4165 2836 4220 Dei.
2865 4165 3062 4222 Amen.

2021 4255 2276 4321 Populus.
2305 4257 2498 4311 Amen.

2021 4350 2303 4403 Sacerdos.
2339 4348 2596 4402 Sanctum
2629 4363 2848 4418 corpus,
2883 4359 2939 4404 et
2975 4349 3195 4420 sanguis
3227 4363 3522 4421 pretiosus,

1951 4457 2134 4505 verus,
2165 4439 2291 4494 Jesu
2326 4439 2531 4494 Christi
2560 4437 2679 4492 Filii
2715 4439 2827 4494 Dei.
2848 4441 3042 4494 Amen.

2019 4530 2272 4598 Populus.
2307 4529 2501 4582 Amen.

2023 4621 2306 4676 Sacerdos.
2338 4620 2546 4688 Corpus
2578 4629 2634 4672 et
2663 4619 2883 4690 sanguis
2941 4620 3264 4676 Emmanuel
3302 4624 3397 4680 Dei
3434 4643 3524 4679 no-

1949 4716 2069 4782 stri,
2106 4715 2206 4767 hoc
2236 4721 2318 4768 est
2346 4727 2493 4768 vere.
2526 4712 2722 4766 Amen.

2025 4803 2282 4874 Populus.
2323 4805 2516 4858 Amen.

2019 4899 2215 4959 Credo,
2243 4897 2427 4961 credo,
2463 4894 2646 4957 credo,
2681 4905 2736 4948 et
2789 4895 3054 4950 confiteor
3099 4910 3273 4966 usque
3303 4896 3370 4950 ad
3398 4896 3528 4949 ulti~

1951 5005 2098 5044 mum
2128 4989 2380 5058 spiritum
2430 4987 2574 5055 quod
2624 4987 2740 5040 haec
2797 4987 2914 5054 ipsa
2974 4996 3058 5042 est
3099 5003 3226 5041 caro
3285 4987 3523 5052 vivilica,

1949 5097 2114 5152 quam
2173 5079 2450 5150 accepisti,
2511 5077 2730 5133 Christe
2794 5079 2938 5133 Deus
2996 5090 3205 5142 noster,
3234 5092 3300 5132 ex
3335 5089 3525 5134 sancta

1950 5173 2170 5227 domina
2206 5180 2386 5224 nostra
2435 5169 2665 5237 Deipara
2711 5178 2766 5224 et
2810 5183 3028 5239 semper
3064 5170 3273 5240 virgine
3316 5170 3520 5223 Maria-

1949 5279 2224 5336 quamque
2261 5263 2437 5319 fecisti
2475 5277 2636 5316 unam
2668 5277 2792 5317 cum
2833 5260 3115 5329 divinitate
3149 5270 3260 5328 tua,
3291 5277 3394 5315 non
3428 5277 3527 5331 per

1952 5359 2287 5422 miStionem,
2329 5354 2730 5421 confusionem,
2759 5341 2854 5408 aut
2904 5353 3280 5408 alterationcm
3321 5363 3418 5408 :et
3446 5364 3528 5408 te-

1950 5461 2122 5506 status
2146 5465 2208 5504 es
2233 5447 2334 5503 sub
2356 5445 2548 5502 Pontio
2569 5444 2745 5500 Pilato
2759 5443 3075 5513 praeclaram
3104 5444 3525 5510 confessionem;

1952 5555 2004 5599 et
2032 5558 2193 5613 quam
2233 5538 2500 5595 tradidisti
2525 5553 2622 5607 pro
2650 5537 2803 5591 nobis
2837 5537 3296 5610 omnibus,super
3325 5538 3527 5608 lignum

1951 5637 2132 5693 crucis
2164 5642 2388 5699 sancta),
2411 5629 2690 5686 voluntate
2723 5638 2836 5684 tua.
