3898 6222
404 300 515 358 ,731

412 516 531 562 rata
566 510 666 562 fuit
693 511 761 565 ab
786 512 1120 569 humanitate
1150 524 1260 579 tua,
1280 515 1332 570 in
1361 516 1604 581 instanti,
1627 527 1720 573 aut
1770 519 1823 572 in
1873 520 1980 574 ictu

415 603 578 657 oculi.
618 603 908 661 Tradidisti
941 622 1060 662 eam
1092 609 1147 664 in
1212 609 1666 678 redemptionem,
1722 620 1778 665 et
1807 611 1858 664 in
1893 626 1982 664 re-

415 693 731 751 missionem
761 708 1127 765 peccatorum,
1162 707 1218 754 et
1243 700 1298 754 in
1348 702 1513 755 vitam
1565 712 1844 768 aeternam,
1880 702 1983 758 illis

414 786 506 855 qui
541 802 608 842 ex
642 804 704 842 ea
736 790 1161 845 communicant.

485 876 661 933 Credo
688 880 830 948 quod
861 880 976 935 haec
1005 894 1064 935 re
1096 896 1222 936 vera
1250 881 1342 940 sit.
1366 883 1558 941 Amen.

484 970 745 1040 Papulas.
784 974 979 1027 Amen.

479 1061 772 1120 Diaconus.
804 1064 862 1120 In
895 1081 1029 1136 pace
1053 1076 1107 1122 et
1128 1068 1412 1125 charitate.

487 1150 749 1207 Sacerdos
770 1154 882 1208 alta
908 1170 1048 1209 voce.
1077 1152 1649 1226 lucomprehensibiiis
1672 1157 1830 1225 Deus,
1847 1156 1981 1213 Ver-

411 1242 541 1298 bum
577 1244 1128 1316 incircumscriptum,
1159 1256 1447 1313 aeternum,
1516 1250 1729 1320 suscipe
1762 1265 1792 1304 a
1825 1251 1982 1305 nobis

410 1336 790 1402 peccatoribus
820 1352 887 1393 ex
936 1338 1173 1407 indignis
1223 1337 1382 1394 labiis
1424 1340 1708 1410 hymnum,
1740 1355 1860 1395 cum
1891 1355 1983 1394 su-

412 1425 599 1492 pernis
630 1427 1029 1493 potestatibus:
1095 1439 1147 1485 te
1185 1430 1328 1484 enim
1380 1430 1535 1485 decet
1578 1431 1754 1486 omnis
1784 1429 1980 1499 gloria,

413 1515 591 1567 honor
616 1525 673 1568 et
705 1517 955 1571 adoratio
988 1532 1116 1572 cum
1138 1528 1364 1589 experte
1390 1520 1639 1589 principii
1684 1519 1844 1575 Patre
1867 1530 1978 1585 tuo,

413 1613 468 1657 et
495 1605 801 1662 viviﬁcante
833 1618 925 1663 tuo
951 1607 1181 1679 Spiritu,
1214 1609 1268 1664 in
1292 1611 1473 1665 omnia
1512 1610 1707 1666 saecula
1758 1611 1982 1666 saeculo-

415 1713 554 1750 t'u'n.
582 1700 781 1753 Amen.

482 1787 728 1856 Populus
752 1792 883 1846 dicit
908 1792 1167 1862 psalmum
1190 1811 1274 1851 CL.

480 1879 769 1936 Diaconus.
799 1882 1211 1955 Congregamini
1243 1892 1297 1941 et
1332 1885 1554 1954 intrate,
1588 1884 1828 1950 diaconi,
1856 1900 1979 1940 cum

410 1972 736 2025 reverentia.

419 2080 608 2137 Oratio
638 2087 929 2153 gratiarum
959 2088 1206 2154 actionis,
1261 2098 1376 2158 post
1410 2090 1822 2144 communionem
1848 2107 1977 2145 san-

887 2188 1086 2232 ctorum
1115 2180 1503 2248 mysteriorum.

483 2283 775 2341 Diaconus.
807 2288 889 2343 Ad
924 2290 1225 2347 orationem
1261 2299 1422 2347 state.

483 2369 763 2428 Sacerdos.
794 2373 903 2430 Pax
933 2378 1204 2435 omnibus.

482 2460 742 2531 Populus.
775 2465 983 2523 Etcum
1016 2470 1206 2539 spiritu
1243 2481 1352 2528 tuo.

484 2552 777 2610 Diaconus.
813 2555 978 2614 Orate
1002 2575 1102 2630 pro
1124 2563 1282 2632 digna
1310 2566 1712 2623 communione.

479 2750 739 2822 Populus.
765 2754 928 2826 Kyrie
958 2757 1191 2818 eleison.

480 2841 740 2898 Sacerdos
790 2847 915 2899 dicit
967 2848 1103 2901 hanc
1151 2852 1458 2906 orationem.
1495 2854 1713 2911 Gratias
1769 2858 1978 2926 agimus

412 2933 535 2998 tibi,
570 2933 803 2989 Verbum
837 2936 928 2991 Dei
961 2954 1174 3005 verum,
1204 2943 1294 3010 qui
1336 2958 1396 2999 es
1428 2960 1494 2998 ex
1538 2947 1835 3001 substantia
1872 2948 1977 3002 Pa-

412 3026 511 3078 tris
534 3028 854 3108 principium
922 3046 1027 3086 non
1055 3032 1326 3098 habentis,
1383 3037 1640 3105 quoniam
1701 3046 1978 3108 tantopere

1358 301 1689 366 LlTURGlA
1731 306 1790 362 S.
1831 305 2161 364 GREGORH
2196 304 2709 364 ALEXANDRINA‘.

483 413 627 472 Vere
654 418 835 485 credo,
871 419 1013 490 quod
1046 420 1301 478 divinitas
1353 432 1441 478 tua
1497 438 1773 494 nunquam
1819 439 1975 495 sepa-
2004 432 2052 488 Α

3556 310 3693 367 752

2161 424 2404 497 Ἀληθῶς
2432 425 2694 490 πιστεύω,
2729 425 2812 479 ὅτι
2859 424 3053 497 θεότης
3102 442 3197 480 σου
3236 427 3346 481 οὐδ’
3390 427 3453 481 οὒ
3492 430 3684 499 μηδέ-

2084 532 2216 568 ποτε
2256 515 2583 587 χωρισθεῖσα
2636 516 2697 581 ἐξ
2738 515 3154 588 ἀνθρωπότητός
3187 534 3301 580 σου,
3342 519 3400 571 ὲν
3448 519 3683 590 ἀτόμῳ,

2080 605 2204 658 οὐδὲ
2253 607 2311 660 ὲν
2334 608 2467 678 ῥιπῇ
2519 605 2822 677 ὀφθαλμοῦ.
2874 607 3202 670 Μετέδωκας
3254 607 3425 680 αὐτὴν
3448 611 3531 672 είς
3568 608 3687 662 λύ-

2080 712 2303 767 τρωσιν,
2330 697 2423 750 καὶ
2447 698 2528 760 είς
2577 696 2771 765 ἄφεσιν
2795 696 3098 768 ἁμαρτιῶν,
3142 698 3237 751 καὶ
3280 700 3361 763 είς
3388 699 3536 769 ζωὴν
3562 700 3683 771 τὴν

2081 787 2315 846 αἰώνιον.
2362 790 2472 850 τοῖς
2500 786 2560 851 ὲξ
2588 788 2758 857 αὐτῆς
2778 786 3278 857 μεταλαμϐάνουσι.

2152 876 2400 931 Πιστεύω
2431 878 2511 929 ὅτι
2535 876 2672 948 αὓτη
2699 875 2844 930 ἔστιν
2867 875 3100 946 ἀληθῶς.
3148 876 3339 947 Ἀμήν.

2164 969 2227 1022 '0
2255 968 2405 1035 λαὸς
2432 967 2614 1037 λέγει.
2656 968 2846 1039 Ἀμήν.

2163 1060 2218 1112 ’0
2241 1059 2519 1125 διάκονος
2542 1058 2642 1129 λέτ
2652 1075 2724 1112 ει.
2764 1059 2853 1111 Ἐν
2873 1058 3060 1130 εἰρήνῃ
3088 1059 3183 1111 καὶ
3199 1059 3407 1130 ἀγάπῃ.

2163 1150 2227 1203 '0
2277 1149 2467 1219 ἱερεὺς
2516 1148 2876 1218 ἐκφωνήσει.
2933 1149 3310 1220 ’Δκατάληπτε
3359 1150 3469 1217 θεὲ,
3515 1151 3679 1220 Λόγε

2081 1239 2351 1311 ὰχώρητε,
2384 1238 2541 1302 ἀῖδιε,
2581 1238 2738 1309 δέχου
2783 1237 2911 1309 παρ’
2967 1237 3122 1308 ἡμῶν
3153 1238 3259 1293 τῶν
3292 1239 3676 1311 ἁμαρτωλῶν,

2081 1331 2140 1395 ἐξ
2166 1329 2398 1397 ἀναξίων
2429 1328 2672 1400 χειλέων,
2702 1328 2891 1399 ὕμνον,
2928 1328 3067 1399 μετὰ
3095 1327 3202 1382 τῶν
3224 1327 3335 1382 ἄνω
3354 1329 3677 1402 δυνάι.ι.ιειι›ν⁹

2082 1423 2164 1475 σοὶ
2192 1421 2303 1493 γάρ
2332 1422 2532 1492 πρέπει
2555 1421 2705 1476 πᾶσα
2729 1419 2876 1487 δόξα,
2899 1419 3033 1491 τιμὴ
3050 1420 3144 1473 καὶ
3170 1419 3538 1491 προσκύνησις
3562 1422 3679 1475 σὺν

2078 1510 2159 1581 τῷ
2191 1510 2410 1582 άνάρχῳ
2440 1526 2534 1563 σου
2558 1510 2754 1582 Πατρὶ,
2789 1511 2883 1563 καὶ
2904 1508 2982 1579 τῷ
3005 1508 3251 1579 ζωοποιῷ
3284 1526 3376 1562 σου
3407 1510 3679 1582 Πνεύμα-

2080 1620 2133 1657 τι
2181 1604 2261 1668 εἰς
2310 1603 2516 1667 πάντας
2543 1604 2670 1667 τοὺς
2699 1602 2901 1665 αἰῶνας
2920 1601 3047 1671 ,τῶν
3086 1600 3317 1656 αἰώνων.
3357 1601 3561 1673 Ἀμήν-

2163 1780 2225 1832 '0
2260 1778 2409 1845 λαὸς
2435 1778 2595 1848 λέγει
2636 1778 2882 1848 ψαλμὸν
2898 1786 3012 1847 pr’.

2165 1870 2228 1924 Ὀ
2277 1870 2555 1936 διάκονος
2594 1869 2775 1939 λέγει.
2820 1868 3129 1940 Συνάχθητε
3160 1870 3254 1924 καὶ
3279 1870 3571 1935 είσέλθετε,
3612 1870 3677 1923 oi.

2081 1960 2340 2026 διάκονοι,
2369 1961 2485 2031 μετ’
2505 1960 2835 2024 εὐλαδείαςπ
3344 1956 3349 1959 “

2080 2091 2254 2162 Εὑχὴ
2282 2093 2672 2160 εὐχαριστίας
2690 2090 2840 2161 μετὰ
2862 2089 3333 2162 τὴνμετάληψιν
3351 2089 3674 2160 τῶν-ἁγίων

2677 2161 3048 2231 μυστηρίων.

2161 2274 2223 2329 Ὃ
2256 2275 2532 2342 διάκονος
2555 2276 2736 2345 λέγει.
2781 2274 2902 2327 Ἐπὶ
2935 2258 3240 2344 προσευχῆς
3270 2273 3522 2344 στάθητε.

2160 2366 2222 2419 '0
2255 2365 2446 2435 ἱερεὺς
2482 2365 2662 2435 λέγει.
2703 2365 2906 2435 Εἰρήνη
2936 2366 3120 2417 πᾶσιν.

2163 2457 2225 2509 '0
2244 2457 2395 2521 λαὸς
2422 2456 2603 2525 λέγει.
2627 2455 2736 2508 Καὶ
2757 2454 2835 2524 τῷ
2862 2455 3134 2525 πνεύματί
3153 2476 3269 2512 σου.

2158 2547 2222 2601 '0
2254 2546 2534 2613 διάκονος
2556 2544 2738 2616 λέγει.
2770 2547 3148 2617 Προσεύξασθε
3196 2548 3336 2620 ὑπὲρ
3363 2549 3461 2616 τῆς
3503 2546 3670 2614 ἀξίας

2082 2635 2453 2707 μεταλήψεως.

2159 2749 2223 2801 Ὃ
2247 2748 2395 2813 λαὸς
2412 2747 2594 2817 λέγει.
2628 2747 2798 2819 Κύριε
2830 2747 3072 2819 ἐλέησον.

2161 2837 2222 2890 '0
2250 2836 2441 2904 ἱερεὺς
2456 2836 2615 2906 λέγει
2640 2836 2756 2906 τὴν
2782 2837 2974 2906 εὐχὴν
3013 2838 3256 2907 ταύτην.
3288 2839 3663 2911 Εὑχαριστοῦ-

2081 2927 2179 2997 μέν
2233 2943 2337 2990 σοι,
2389 2925 2529 2994 Λόγε
2576 2924 2708 2978 Θεοῦ
2756 2926 2995 2997 ἀληθινὲ,
3042 2927 3070 2979 ὁ
3108 2927 3173 2980 ὲκ
3208 2929 3308 2999 τῆς
3342 2929 3529 2993 οὐσίας
3563 2926 3663 2982 τοῦ

2079 3017 2313 3086 ἀνάρχου
2343 3015 2576 3086 Πατρὸς,
2615 3016 2697 3069 ὅτι
2720 3015 2891 3078 οὕτως
2916 3016 3260 3087 ὴγάπησαςή
3271 3019 3377 3088 μᾶς
3407 3018 3498 3072 καὶ
3531 3018 3664 3071 ἔδω-

411 3117 648 3174 dilexisti
681 3102 801 3186 nos,
833 3130 887 3177 et
914 3123 1107 3179 dedisti
1133 3135 1183 3181 te
1208 3127 1382 3196 ipsum
1402 3102 1519 3197 pro
1542 3129 1697 3184 nobis
1731 3102 1978 3185 imm-ola-

2102 3124 2182 3170 ιας
2221 3106 2444 3161 σεαυτὸν
2475 3106 2615 3177 ὑπὲρ
2664 3107 2864 3178 ἡμῶν“,
2905 3107 3296 3179 ἐσφαγιάσθης.
3344 3109 3663 3179 Κεχάρισας

412 3219 524 3268 tus.
559 3210 808 3268 Concede
844 3215 999 3270 nobis
1026 3231 1124 3286 per
1152 3217 1557 3272 immaculatum
1579 3236 1775 3289 corpus
1803 3232 1976 3291 tuum,

406 3308 469 3355 ‘et
494 3305 791 3369 pretiosum
831 3315 981 3359 tuum
1007 3308 1324 3377 sanguinem
1353 3311 1796 3380 redemptionem,
1815 3314 1977 3380 sicut,

413 3391 669 3463 benigne,
709 3398 1007 3465 praestitisti
1042 3400 1197 3456 nobis
1242 3414 1399 3458 nunc
1427 3412 1485 3458 ut
1512 3420 1578 3459 ex
1609 3404 1739 3475 ipsis
1773 3406 1980 3461 Eucha-

410 3483 621 3538 ristiam
657 3488 1041 3556 acciperemus.
1075 3490 1283 3547 Idcirco
1317 3494 1636 3549 conﬁtemur
1682 3495 1777 3549 tibi
1811 3512 1975 3565 nunc,

410 3575 644 3644 benigne
694 3588 751 3633 et
796 3580 956 3646 bone,
989 3592 1043 3637 et
1073 3581 1164 3637 tibi
1201 3584 1448 3652 gloriam.
1504 3586 1762 3641 honorem
1793 3596 1849 3642 et
1880 3590 1978 3643 ad-

412 3667 720 3722 orationem
747 3671 1003 3726 continue
1021 3672 1320 3740 offerimus,
1348 3691 1468 3729 cum
1486 3687 1706 3746 experte
1731 3679 1977 3750 principii

413 3756 577 3812 Patre
602 3767 714 3823 tuo,
748 3769 801 3814 et
835 3772 1027 3818 sancto
1058 3773 1146 3818 tuo
1175 3766 1398 3835 Spiritu,
1424 3783 1586 3833 nunc,
1621 3777 1730 3825 etc.

486 3847 772 3904 Diaconus.
794 3850 981 3920 Capita
1019 3864 1197 3909 vestra
1234 3855 1463 3912 Domino
1491 3858 1764 3915 inclinate.

784 4048 972 4107 Oratio
1001 4052 1357 4109 inclinationis
1386 4057 1594 4123 capitis.

484 4164 691 4234 Quies,
728 4169 819 4237 qui
852 4183 998 4235 eras,
1026 4180 1081 4225 et
1107 4171 1304 4227 venisti
1352 4171 1409 4227 in
1443 4173 1703 4228 mundum
1759 4175 1824 4228 ad
1856 4191 1977 4231 eum

409 4258 843 4328 illmuinandum,
875 4261 966 4331 qui
990 4276 1209 4317 carnem
1237 4278 1524 4320 assumens
1550 4305 1568 4333 ,
1619 4265 1781 4321 homo
1806 4265 1982 4324 factus

409 4367 492 4416 es,
525 4361 579 4406 et
611 4353 908 4408 crucifixus
936 4370 995 4410 es
1023 4370 1119 4423 pro
1150 4357 1329 4421 nobis,
1355 4371 1654 4428 passusque
1679 4359 1980 4417 voluntarie

2082 3201 2234 3269 ἡμῖν,
2293 3198 2379 3252 διὰ
2415 3197 2509 3252 τοῦ
2554 3199 2820 3270 ἁχράντου
2868 3217 2961 3252 σου
2998 3200 3266 3272 σώματος,
3299 3202 3393 3254 καὶ
3438 3202 3664 3255 τοῦ’τι-

2083 3290 2206 3361 μίου
2237 3307 2330 3343 σου
2359 3290 2608 3360 αἵματος,
2643 3289 2743 3360 τὴν
2772 3290 3165 3360 ἀπολύτρωσιν,
3214 3290 3289 3354 ὡς
3320 3291 3662 3361 κατηξίωσας

2080 3382 2227 3453 ἡμᾶς
2252 3380 2369 3447 νῦν,
2402 3380 2768 3452 φιλάνθρωπε,
2797 3381 2883 3434 ἴνα
2909 3380 3164 3451 λάϐωμεν
3211 3380 3269 3446 ἐξ
3295 3381 3473 3435 αὐτῶν
3499 3383 3661 3451 εὐχα-

2082 3473 2306 3545 ριστίαθ.
2324 3472 2415 3525 Διδ
2430 3471 2859 3542 ὲξομολογοῦμέν
2883 3487 2965 3524 σοι
2984 3470 3099 3535 νῦν,
3128 3470 3494 3542 φιλάνθρωπε,
3524 3473 3660 3540 ἀγα-

2083 3565 2162 3631 θὲ,
2189 3565 2282 3619 καὶ
2315 3565 2398 3618 σοὶ
2420 3564 2519 3636 τὴν
2551 3562 2728 3627 δόξαν,
2763 3562 2854 3615 καὶ
2886 3562 2984 3633 τὴν
3014 3562 3203 3633 τιμὴν,
3235 3563 3327 3617 καὶ
3359 3562 3457 3632 τὴν
3493 3580 3659 3633 προσ-

2082 3658 2308 3726 κύνησιν
2335 3654 2598 3726 διηνεκῶς
2630 3654 3050 3725 ἀναπέμπομεν,
3087 3655 3183 3708 σὺν
3207 3653 3284 3722 τῷ
3316 3654 3533 3725 ἀνάρχῳ
3563 3670 3657 3707 σου

2080 3748 2255 3818 Πατρὶ
2299 3746 2493 3818 καὶτῷ
2514 3746 2655 3816 ἁγίῳ
2688 3762 2782 3798 σου
2833 3744 3132 3815 Πνεῦματι,
3172 3745 3359 3809 νῦν,κ.
3392 3762 3442 3798 τ.
3462 3745 3513 3797 λ.

2163 3839 2225 3891 '0
2247 3837 2523 3903 διάκονος
2557 3836 2739 3906 λέγει.
2775 3834 2886 3898 Τὰς
2918 3834 3157 3904 κεφαλὰς
3179 3835 3331 3906 ὑμῶν
3358 3834 3436 3906 τῷ
3469 3834 3659 3907 Κυρίῳ

2081 3928 2316 3984 κλίνατε.
3332 3934 3341 3943 ”

2430 4059 2602 4130 Εὑχὴ
2648 4057 2759 4126 τῆς
2804 4060 3299 4127 κεφαλοκλισίιις.

2162 4173 2221 4226 '0
2235 4172 2330 4237 ὣν,
2359 4173 2387 4225 ὁ
2418 4168 2508 4243 ἦν,
2542 4173 2571 4223 ὁ
2595 4168 2764 4223 ἐλθὼν
2809 4171 2891 4232 είς
2916 4168 3008 4223 τὸν
3044 4169 3248 4239 κόσμον
3297 4167 3390 4222 τοῦ
3422 4168 3655 4237 φωτίσαι

2080 4264 2264 4318 αὐτόν·
2289 4265 2318 4317 δ
2358 4263 2678 4335 σαρκωθεὶς,
2711 4260 3153 4333 ὲνανθρωπήσας,
3197 4259 3292 4313 καὶ
3328 4258 3652 4329 σταυρωθεὶς

2080 4356 2148 4410 δι’
2183 4356 2352 4428 ἡμᾶς,
2382 4356 2476 4408 καὶ
2491 4353 2678 4408 παθὼν
2697 4355 2956 4418 ἑκουσίως
2980 4353 3161 4423 σαρκὶ,
3188 4352 3281 4406 κο.)⁵
3313 4351 3498 4421 μείνας
3515 4352 3651 4403 ἀπα-

409 4441 462 4495 in
505 4456 693 4505 carne,
731 4444 980 4499 mansisti
1008 4446 1358 4514 impassibilis
1381 4459 1440 4501 ut
1494 4448 1675 4503 Deus:
1708 4450 1976 4520 sepultus-

2102 4447 2201 4519 ίὴς,
2259 4446 2335 4510 ὡς
2389 4446 2540 4508 Θεός·
2589 4446 2684 4499 καὶ
2733 4445 2943 4515 ταφεὶς,
2997 4444 3092 4497 καὶ
3124 4443 3360 4507 ἀναστὰς
3400 4444 3466 4513 τῇ
3499 4442 3669 4514 τρίτῃ-

407 4546 535 4598 que,
569 4532 724 4585 tertia
748 4533 835 4587 die
864 4535 1230 4600 resurrexisti,
1250 4537 1657 4606 ascendensque
1688 4539 1739 4593 in
1758 4540 1974 4604 celum.

378 4607 596 4699 fsedisti
636 4623 705 4676 ad
762 4625 1040 4679 dexteram
1095 4628 1482 4694 magnitudinis
1535 4630 1719 4699 gloriae
1770 4629 1977 4687 Patris:

378 4692 675 4792 filivinum,
739 4727 1008 4782 sanctum,
1049 4720 1564 4775 consubstantialem
1603 4722 1827 4790 mqualis
1884 4740 1978 4792 po-

367 4772 384 4891 ξ
408 4807 621 4891 testatis
650 4818 704 4862 et
730 4807 936 4877 gloriaz,
964 4818 1023 4864 et
1080 4819 1410 4866 coaeternmn
1473 4813 1733 4883 Spiritum
1788 4817 1982 4872 misisti

410 4914 572 4966 super
623 4910 841 4956 sanctos
889 4910 1012 4958 tuos
1061 4902 1355 4974 discipulos
1395 4914 1451 4960 et
1499 4907 1792 4975 apostolos,
1818 4918 1982 4979 atque

411 5008 507 5061 per
532 5008 654 5048 eum
685 4994 804 5049 illos
827 4994 1146 5051 illuminasti
1177 5006 1233 5052 et
1272 5013 1368 5066 per
1401 5013 1496 5055 eos
1527 4998 1713 5056 orbem
1761 5002 1981 5058 univer-

412 5100 570 5153 sum;
601 5085 817 5141 Christe
840 5104 967 5142 vere
1000 5087 1141 5145 Deus
1164 5099 1367 5148 noster.

492 5216 508 5230 .
549 5216 565 5232 .
610 5216 626 5233 .
671 5218 684 5233 .
722 5178 942 5235 Gabriel
973 5191 1029 5236 et
1049 5181 1309 5250 Raphael.

485 5268 555 5322 Et
584 5270 893 5339 angelorum
941 5272 1419 5341 quadriformium,
1456 5275 1772 5331 animalium
1806 5277 1984 5331 incor—
2080 5312 2090 5321 η

411 5376 734 5431 porcorum:
794 5372 849 5418 et
912 5365 1253 5435 angelorum,
1314 5367 1503 5438 viginti
1535 5379 1767 5438 quatuor
1801 5370 1983 5423 senio-

412 5470 570 5520 rum;
653 5458 931 5527 sanctique
994 5458 1214 5528 gloriosi
1261 5462 1559 5530 prophetm,
1610 5463 1980 5531 praecursoris,

410 5548 659 5615 baptistae
682 5557 737 5604 et
768 5551 1025 5620 martyris
1052 5550 1276 5606 Joannis

486 5639 667 5697 Sancti
726 5641 1015 5713 Stephani.
1061 5645 1222 5714 primi
1267 5645 1479 5703 diaconi
1532 5654 1587 5703 ct
1618 5647 1776 5719 primi
1833 5663 1979 5704 mar-

413 5745 568 5805 tyns.

2086 4539 2289 4611 ἡμέρᾳ,
2346 4538 2440 4592 καὶ
2494 4536 2730 4590 ἀνελθὼν
2770 4538 2849 4599 είς
2875 4535 3155 4604 οὐρανοὺς,
3202 4535 3298 4588 καὶ
3321 4532 3549 4596 καθίσας
3596 4534 3650 4585 ἐν

2089 4629 2239 4699 δεξιᾷ
2262 4627 2361 4697 τῆς
2394 4624 2765 4697 μεγαλοσύνης
2785 4626 2884 4697 τῆς
2917 4622 3073 4695 δόξης
3103 4623 3197 4677 τοῦ
3228 4624 3459 4695 Πατρὸς,
3501 4622 3561 4676 τό
3595 4640 3651 4675 τε

2090 4719 2251 4781 θεῖον,
2274 4719 2370 4771 καὶ
2397 4717 2572 4785 ἅγιον,
2603 4716 2697 4770 καὶ
2726 4714 3028 4786 όμοούσιον,
3059 4714 3153 4769 καὶ
3176 4714 3532 4785 ὁμοδύναμον,
3565 4716 3652 4768 καὶ

2086 4806 2364 4877 ὁμόδοξον,
2419 4806 2514 4860 καὶ
2562 4805 2829 4860 συναῒδιον
2877 4804 3104 4875 Πνεῦμα
3152 4803 3512 4874 καταπέμψας
3564 4803 3650 4856 ἐπὶ

2086 4899 2213 4961 τοὺς
2251 4898 2439 4967 ἁγίους
2471 4913 2565 4950 σου
2601 4894 2867 4967 μαθητὰς,
2920 4895 3017 4948 καὶ
3056 4895 3401 4960 ἀποστόλους,
3433 4897 3527 4948 καὶ
3570 4896 3649 4948 διὰ

2086 4989 2276 5042 τούτου
2309 4987 2548 5058 φωτίσας
2589 4986 2688 5058 μὲν
2716 4986 2931 5053 αὐτοὺς,
2962 4985 3027 5039 δι’
3072 4986 3250 5039 αὐτῶν
3286 4986 3341 5038 δὲ
3366 4987 3544 5040 πᾶσαν
3560 4986 3655 5056 τὴν

2087 5080 2430 5151 οἰκουμένην,
2462 5077 2682 5149 Χριστὲ,
2711 5078 2739 5130 ὁ
2771 5075 3019 5146 ἀληθινὸς
3043 5075 3176 5138 Θεὸς
3208 5075 3384 5147 ἡμῶν.

2272 5170 2367 5223 καὶ
2391 5168 2628 5240 Γαϐριὴλ
2679 5169 2770 5222 καὶ
2813 5166 3072 5238 Ῥαφαήλ.

2158 5261 2272 5315 Καὶ
2296 5260 2404 5314 τῶν
2442 5259 2686 5328 ἀγγέλων
2727 5256 3119 5328 τετραμόρφων
3152 5255 3304 5319 ζώων
3333 5254 3645 5326 ἀσωμάτων·

2091 5351 2331 5405 καὶτῶν
2378 5349 2647 5419 ἀγγέλων,
2705 5347 2877 5401 εἴκοσι
2928 5347 3206 5418 τεσσάρων
3258 5346 3644 5418 πρεσϐυτέρων.

2089 5443 2194 5497 Τοῦ
2223 5442 2379 5511 ἁγίου
2414 5441 2647 5507 ἐνδόξου,
2678 5440 2976 5510 προφήτου,
2996 5438 3319 5508 προδρόμου,
3346 5435 3647 5507 βαπτιστοῦ,

2090 5533 2186 5585 καὶ
2209 5532 2480 5603 μάρτυρος
2519 5531 2787 5585 Ἰωάννου.

2160 5643 2266 5697 Τοῦ
2299 5643 2455 5712 ἁγίου
2508 5642 2778 5715 Στεφάνου
2811 5640 2903 5694 τοῦ
2937 5640 3364 5711 πρωτοδιακόνου
3393 5638 3486 5692 καὶ
3516 5654 3653 5708 πρωο

2095 5753 2152 5788 το
2160 5734 2449 5805 μάρτυρος.
