3898 6222
196 237 308 295 741

3369 270 3475 327 752

276 1803 502 1879 Vobis,
533 1805 665 1868 Viri
691 1804 1128 1870 humanissimi
1149 1856 1164 1884 ,
1198 1807 1321 1872 hoc
1344 1857 1359 1884 ,
1390 1810 1836 1891 qualecunque
1865 1829 1959 1874 esr
1983 1859 1998 1888 ,
2033 1814 2498 1878 Anecdotorum
2535 1833 2915 1897 opuscmum
2945 1817 3236 1902 debetur,

279 1973 432 2035 Nam
454 2021 470 2049 ,
505 1980 575 2037 ut
605 1979 962 2056 temporum
989 1978 1298 2040 rationem
1327 1995 1579 2060 sequar,
1625 1979 1844 2057 viginti
1872 1989 1934 2044 et
1966 1987 2139 2064 quod
2174 1985 2448 2049 excurrit
2475 1986 2626 2048 anni
2664 1991 2846 2062 sunt,
2885 2004 2964 2050 ex
2998 2005 3126 2069 quo
3157 1989 3281 2059 Tu,
3311 1983 3470 2048 ami-

187 2096 449 2159 cissime
488 2097 908 2178 Krabingere,
949 2100 1142 2174 mihi,
1183 2107 1336 2164 tunc
1370 2102 1685 2164 Monachii
1726 2111 2142 2171 commoranti
2187 2111 2492 2192 librisque
2522 2113 2757 2176 Grzecis
2800 2132 2996 2177 manu
3037 2113 3316 2194 scriptis,
3346 2110 3472 2174 illic

186 2217 255 2278 in
311 2218 693 2284 bibliotheca
725 2221 898 2300 regia
944 2223 1302 2298 asservatis,
1341 2222 1657 2299 heluanti,
1693 2244 1837 2288 cum
1867 2229 1987 2292 alia
2034 2231 2303 2311 plurima
2346 2233 2670 2297 Anecdota
2705 2236 2955 2312 Graeca,
3003 2253 3276 2316 quorum
3309 2234 3474 2296 bona

190 2363 343 2424 pars
371 2345 576 2410 adhuc
607 2347 852 2411 edenda
881 2355 1094 2425 restat,
1124 2355 1258 2412 tum
1284 2349 1534 2413 Scholia
1558 2352 1624 2413 in
1656 2355 1718 2414 S.
1747 2355 2119 2435 Gregorium
2150 2359 2634 2436 Nazianzenum,
2661 2361 2892 2441 quibus
2922 2361 2988 2422 in
3019 2361 3143 2424 hoc
3167 2358 3477 2441 opusculo

191 2487 349 2531 usus
387 2487 548 2545 sum,
585 2471 663 2533 ad
695 2472 1184 2537 describendum
1210 2475 1309 2538 vel
1340 2480 1813 2558 excerpendum
1846 2486 2219 2565 pr0pinasti.
2259 2490 2344 2549 Ac
2377 2486 2621 2549 etiamsi
2650 2486 2760 2548 diu
2789 2493 2906 2561 est,
2942 2486 3118 2567 quod
3153 2503 3270 2564 ego
3301 2486 3477 2548 suavi

190 2597 430 2659 Tecum
455 2599 862 2679 epistolamm
891 2602 1275 2666 commercio
1306 2621 1475 2683 aagre
1507 2623 1692 2669 careo
1720 2607 2015 2689 (fortasse
2052 2628 2192 2672 mea
2212 2611 2486 2692 quadam
2526 2612 2737 2692 culpa,
2771 2611 3043 2690 negotiis
3077 2610 3306 2672 misere
3337 2610 3476 2672 dis-

186 2717 422 2800 tenti),
461 2737 712 2803 semper
753 2729 996 2801 tamen,
1045 2726 1197 2788 dum
1232 2727 1466 2804 vivam,
1506 2737 1682 2808 grato
1714 2748 1863 2809 erga
1902 2735 1990 2796 Te
2029 2736 2242 2799 animo
2289 2736 2567 2800 recolam
2594 2735 3110 2801 commorationis
3139 2733 3308 2796 illius
3338 2733 3478 2794 Mo-

190 2843 488 2905 nacensis
508 2844 784 2912 delicias.
815 2865 1080 2928 quarum
1116 2851 1209 2912 Tu
1240 2867 1369 2912 non
1406 2852 1664 2914 minima
1694 2871 1841 2933 pars
1869 2854 2064 2918 fuisti.

273 3012 368 3073 Tu
398 3016 608 3075 autem
634 3060 649 3088 ,
680 3013 1000 3077 carissime
1030 3015 1254 3093 Rothi,
1286 3017 1576 3097 amicitia;
1605 3021 1859 3084 vinculo
1907 3039 2009 3083 me
2028 3070 2043 3097 ,
2073 3024 2212 3086 Tibi
2239 3031 2423 3088 antea
2448 3023 2736 3105 ignotum
2756 3073 2774 3102 ,
2804 3023 3188 3088 adstrinxisti
3227 3023 3483 3102 egregio

187 3133 302 3197 illo
333 3137 669 3212 beneﬁcio,
697 3138 869 3218 quod
895 3140 1024 3202 Tua
1053 3140 1511 3204 intercessione
1541 3144 1828 3220 effecisti,
1858 3151 1928 3208 ut
1951 3146 2444 3227 pretiosissimus
2470 3148 2578 3212 ille
2606 3149 2811 3212 codex
2837 3149 2898 3210 S.
2923 3146 3209 3225 Gregorii
3228 3143 3487 3208 Nazian~

189 3262 332 3323 zeni
382 3279 575 3326 manu
611 3263 914 3344 scriptus,
958 3282 1087 3345 quo
1117 3265 1270 3328 Eliae
1310 3239 1757 3332 commentarii
1795 3271 2228 3348 continentur,
2291 3291 2460 3336 anno
2515 3275 2920 3342 MDCCCXLII
2975 3290 3053 3335 ex
3099 3269 3486 3335 bibliotheca

189 3385 443 3464 publica
491 3389 867 3468 Basileensi,
928 3395 1268 3459 liberaliter
1307 3400 1734 3462 annuentibus
1777 3401 1914 3464 eius
1958 3405 2383 3480 curatoribus,
2417 3422 2535 3485 per
2577 3405 2991 3468 clarissimum
3039 3399 3482 3475 Gerlachium,

191 3514 364 3577 illius
405 3516 809 3582 bibliotheca)
847 3520 1246 3600 praefectum,
1294 3523 1374 3585 ad
1414 3541 1516 3586 me
1558 3525 1827 3586 Bernam
1857 3527 2404 3602 transmitteretur,
2448 3534 2643 3608 utque
2676 3546 2822 3590 eum
2858 3534 3063 3589 terere
3095 3531 3158 3588 et
3193 3525 3260 3586 in
3302 3541 3487 3586 usum

195 3641 549 3704 studiorum
571 3643 1041 3707 Platonicorum
1063 3651 1124 3706 et
1142 3646 1680 3726 Patrologicorum
1702 3668 1819 3731 pro
1848 3651 2052 3714 lubitu
2071 3669 2414 3733 excerpere
2439 3668 2717 3732 possem.
2743 3651 3030 3713 Eundem
3046 3653 3140 3711 Tu
3167 3647 3451 3711 codicem
3470 3692 3486 3720 ,

199 3781 313 3844 pro
354 3768 604 3845 egregia
632 3770 763 3830 Tua
802 3785 949 3847 erga
994 3786 1097 3832 me
1136 3771 1611 3849 benevolentia,
1642 3776 1744 3837 cui
1782 3776 1952 3838 idem
1978 3777 2085 3838 ille
2115 3775 2480 3839 Gerlachius
2517 3775 2747 3837 iterum
2781 3772 3158 3854 Opitulatum
3184 3770 3324 3842 ivit,
3363 3786 3489 3829 nu-

196 3887 507 3966 perrime,
543 3907 742 3969 quum
783 3893 1091 3972 Excerpta
1130 3892 1346 3956 Eliana
1387 3896 1646 3958 Lutetiae
1676 3895 2056 3958 Parisiorum
2086 3896 2369 3959 editurus
2401 3914 2636 3971 essem,
2671 3912 2889 3958 rursus
2923 3893 3002 3955 ad
3031 3910 3133 3954 me
3167 3893 3491 3953 transmit-

197 4006 457 4067 tendum
484 4008 734 4082 curasti,
766 4017 836 4073 ut
865 4029 1007 4091 qum
1034 4012 1185 4075 inde
1207 4014 1662 4094 excerpsissem
1701 4035 1932 4094 augere
1953 4065 1970 4092 ,
2004 4023 2067 4078 et
2112 4018 2396 4097 plagulas
2427 4017 2832 4096 corrigendas
2877 4017 2954 4078 ad
2984 4025 3294 4097 ἀρχέτυπον
3330 4013 3466 4074 exi-

197 4145 345 4206 gere
375 4146 656 4210 possem.

275 4306 454 4378 Quod
483 4314 692 4368 autem
710 4307 857 4369 Elifﬁ
876 4308 1134 4371 tandem
1164 4307 1394 4372 edendi
1421 4311 1756 4373 consilium
1785 4310 1959 4391 cepi,
2002 4311 2308 4391 quodque
2335 4311 2548 4392 Operis
2575 4310 3001 4374 redemtorem
3048 4308 3308 4371 Lutetiae
3348 4326 3490 4370 sum

195 4439 443 4507 nactus,
474 4431 540 4493 id
574 4432 733 4505 Tibi,
758 4431 1210 4494 humanissime
1238 4435 1666 4513 Darembergi,
1699 4434 1811 4496 uni
1842 4435 1961 4498 soli
1989 4435 2216 4498 debeo.
2247 4436 2404 4497 Nam
2428 4452 2624 4515 quum
2656 4451 2774 4512 ego
2802 4441 2946 4497 ante
2977 4433 3096 4495 hos
3119 4433 3490 4513 quindecim

199 4574 431 4632 annos,
493 4554 759 4618 dilatatis
815 4553 1136 4634 paullatim
1177 4555 1562 4634 antiquitatis
1621 4557 1879 4632 studiis,
1929 4575 2072 4620 cum
2133 4556 2481 4637 philologia
2537 4555 3054 4634 archaeologiam,
3124 4556 3314 4619 etiam
3367 4578 3489 4640 pa-

200 4683 412 4755 triam,
462 4680 849 4759 conjungere
881 4682 972 4752 et,
1007 4695 1149 4756 quae
1183 4680 1384 4758 patrio
1416 4684 1561 4740 sunt
1592 4680 1729 4742 solo
1776 4682 2152 4756 reconditae,
2202 4680 2588 4760 antiquitatis
2627 4680 2877 4742 Gallicae
2911 4688 2972 4742 et
3000 4683 3304 4745 Romanae
3338 4685 3488 4746 reli-

200 4805 378 4884 quias
412 4802 792 4883 perscrutari
819 4802 1184 4882 coapissem,
1224 4801 1453 4864 deinde
1485 4802 1763 4866 historiae
1794 4805 2012 4884 patriae
2043 4821 2303 4884 operam
2335 4821 2451 4883 per
2488 4804 2892 4883 septennium
2924 4821 3278 4878 navassem,
3326 4805 3489 4866 iam-

201 4945 322 5006 que
339 4976 353 5002 ,
375 4934 676 5007 tanquam
698 4926 1133 5006 peregrinator
1151 4926 1231 4988 ad
1261 4928 1476 4989 sedem
1507 4927 1940 5002 domesticam,
1964 4927 2042 4990 ad
2074 4925 2338 5008 pristina
2366 4927 2570 4989 studia
2593 4927 2946 5001 rediissem,
2982 4932 3046 4988 et
3067 4943 3213 5006 quae
3238 4925 3492 5006 pridem

198 5052 261 5112 in
308 5068 540 5130 genere
585 5050 913 5131 philologo
957 5067 992 5112 a
1023 5066 1126 5111 me
1171 5049 1481 5112 elaborari
1531 5057 1736 5131 ccepta
1784 5057 1992 5125 erant,
2029 5058 2340 5113 maturare
2378 5049 2802 5122 instituerem,
2839 5085 2915 5092 —
2957 5051 3069 5123 Te,
3105 5048 3191 5110 mi
3220 5049 3481 5110 Darem-

197 5174 409 5254 bergi,
463 5192 601 5237 sors
649 5175 922 5255 prOpitia
982 5175 1210 5237 horum
1261 5176 1612 5238 studiorum
1665 5175 1976 5238 fautorem
2024 5176 2210 5238 simul
2267 5183 2328 5238 et
2373 5175 2839 5237 moderatorem
2886 5173 3044 5235 mihi
3095 5174 3346 5236 obtulit.
3399 5175 3494 5234 Tu

203 5315 336 5372 me,
371 5304 609 5375 ἀρχείων
637 5296 895 5376 pulvere
925 5296 1220 5358 obrutum
1245 5344 1260 5370 ,
1295 5302 1357 5357 et
1399 5295 1500 5358 hic
1540 5299 1760 5358 Bernze
1803 5298 2025 5377 quovis
2049 5346 2064 5366 ,
2118 5298 2344 5361 Hercle
2371 5347 2385 5373 ,
2443 5297 2521 5358 ad
2571 5297 2976 5358 humanitatis
3020 5297 3224 5359 studia
3266 5297 3493 5360 incita-

197 5425 410 5479 mento
446 5423 789 5491 carentem,
823 5433 897 5478 ea
933 5433 1002 5478 re
1033 5416 1310 5491 erexisti,
1341 5417 1514 5495 quod
1543 5434 1718 5479 meos
1751 5425 2010 5480 conatus
2030 5418 2168 5479 Tibi
2202 5418 2448 5497 Tuique
2491 5417 2806 5478 similibus
2845 5417 3102 5497 probari
3137 5416 3492 5479 declarasti.

194 5545 285 5604 Tu
348 5559 490 5617 me,
550 5542 708 5606 alios
767 5543 1017 5605 labores
1069 5543 1429 5623 philologos
1497 5543 1934 5620 meditantem,
1991 5546 2068 5608 ad
2123 5546 2352 5620 Eliam,
2410 5546 2661 5607 scriniis
2723 5547 2919 5608 instar
2993 5550 3280 5622 κειμηλίου
3341 5563 3479 5608 ser-

195 5677 397 5732 vatum
422 5712 436 5739 ,
473 5669 789 5731 edendum
838 5669 1118 5732 excitasti
1146 5670 1235 5731 sic
1263 5688 1364 5730 me
1391 5669 1850 5750 interpellando
1892 5690 1904 5731 :
1949 5695 1972 5727 α
2013 5671 2172 5745 Quin
2205 5675 2300 5733 Tu
2337 5671 2686 5752 pretiosum
2724 5669 2890 5731 istud
2922 5668 3296 5731 Anecdoton
3341 5677 3490 5730 ante

196 5793 403 5855 omnia
431 5791 498 5854 in
525 5791 734 5854 lucem
761 5791 997 5874 profer,
1033 5809 1112 5854 ne
1133 5791 1194 5854 id
1216 5800 1294 5855 ab
1321 5792 1443 5854 alio
1480 5791 1782 5871 quopiam
1811 5799 2178 5873 occupetur,
2201 5809 2358 5857 neve
2389 5809 2583 5873 quem
2604 5795 2699 5855 Tu
2728 5792 2794 5854 in
2827 5808 2905 5855 co
2937 5790 3357 5855 describenclo
3389 5790 3481 5853 la-
