3898 6222
398 217 506 276 745
3580 231 3688 290 τιι

391 337 612 399 borem
661 336 1015 412 collocasti,
1047 336 1185 399 Tibi
1221 335 1434 398 irritus
1464 337 1784 399 reddatur.
1823 359 1851 393 ιο
1896 339 2229 417 Quumque
2273 355 2391 414 ego
2422 338 2591 401 dicto
2623 355 2878 418 parens,
2927 340 3010 404 ad
3053 348 3304 421 tempus
3351 340 3684 421 sepositis,

393 482 557 546 quos
600 466 858 528 molitus
889 483 1096 540 eram,
1128 465 1489 538 laboribus,
1523 465 1673 525 Eliaa
1719 463 2062 527 editionem
2113 482 2433 545 pararem,
2464 467 2705 528 interea
2752 467 3175 530 redemtorem
3205 469 3300 528 Tu
3340 465 3686 547 plurimum

391 586 810 648 reverendum
836 587 1157 664 Migneum
1185 586 1343 647 mihi
1368 584 1747 660 conciliasti,
1777 585 1840 647 id
1870 592 1966 647 est
2001 586 2202 647 virum
2246 591 2460 646 natum
2491 587 2943 666 promovendis
2981 585 3202 647 studiis
3231 587 3337 646 SS.
3387 583 3686 647 Ecclesiaa

392 709 683 781 Patrum,
708 704 820 786 qui
851 722 1048 784 quum
1089 704 1368 782 primum
1397 703 1802 779 instituisset,
1835 705 1986 765 Elia;
2021 705 2514 767 commentarios
2551 706 2834 784 integros
2871 706 3093 782 edere,
3137 713 3431 786 essetque
3461 725 3685 770 eorum

383 852 442 894 m
460 832 562 894 ole
589 849 626 894 a
655 829 984 912 proposito
1017 829 1377 902 deterritus,
1413 843 1491 889 eo
1519 826 1841 889 lubentius
1868 827 1992 890 hoc
2021 826 2275 889 illorum
2307 828 2761 909 compendium
2790 828 3234 892 redimendum
3261 829 3562 910 suscepit.

471 993 755 1074 Accipite
783 994 996 1074 igitur,
1027 997 1330 1061 Fautores
1356 1003 1419 1060 et
1445 995 1647 1059 Amici
1677 994 2280 1070 benevolentissimi,
2313 1002 2613 1076 tanquam
2645 995 2803 1075 grati
2824 995 3257 1059 testimonium
3285 998 3500 1073 animi,
3532 999 3682 1072 hoc,
3757 1029 3768 1040 -

387 1118 564 1201 quod
593 1119 790 1182 Vobis
839 1122 1126 1198 debetur,
1178 1124 1591 1205 opusculum,
1649 1123 1751 1186 cui
1783 1124 1837 1185 si
1883 1141 1957 1186 ea
1989 1123 2151 1185 desit
2200 1123 2503 1185 doctrinae
2537 1129 2599 1184 et
2643 1122 2829 1204 copia
2861 1129 2924 1185 et
2975 1124 3348 1206 perpolitio,
3399 1143 3525 1205 qua
3564 1124 3688 1186 viri

388 1253 652 1327 eruditi,
678 1250 876 1312 literis
905 1251 1184 1330 antiquis
1229 1252 1421 1314 ofﬁcii
1453 1269 1606 1331 ergo
1637 1258 1962 1326 vacantes,
1995 1267 2192 1333 Opera
2216 1269 2330 1314 sua
2363 1269 2591 1315 ornare
2617 1257 3082 1314 consueverunt
3113 1270 3126 1313 :
3158 1269 3348 1332 spero
3393 1250 3566 1325 fore,
3616 1263 3690 1316 ut

390 1373 546 1434 mihi
595 1373 958 1458 ignoscatis.
992 1375 1213 1454 Neque
1261 1374 1434 1436 enim
1467 1376 1596 1436 Vos
1636 1374 1810 1448 latet,
1852 1390 1954 1435 me
1985 1371 2399 1454 philologiam
2428 1377 2728 1454 tanquam
2773 1381 3052 1454 πάρεργον
3079 1376 3344 1434 tractare
3392 1375 3688 1433 coactum

400 1521 531 1566 esse
563 1509 626 1566 et
655 1503 903 1567 erudito
932 1504 1064 1566 otio
1098 1511 1343 1568 tantum
1373 1522 1506 1568 non
1537 1522 1778 1568 carere.
1817 1503 1942 1565 Sed
1985 1503 2084 1566 vel
2115 1503 2205 1566 sic
2245 1502 2325 1564 de
2352 1501 2551 1564 literis
2579 1500 2856 1582 antiquis
2880 1549 2896 1576 ,
2927 1499 3122 1562 sacris
3150 1499 3388 1579 pariter
3420 1515 3495 1562 ac
3527 1515 3691 1578 pro-

399 1633 588 1708 fanis,
618 1633 784 1696 bene
822 1635 1055 1696 mereri
1094 1653 1288 1716 porro
1314 1637 1620 1711 conabor,
1653 1637 1860 1698 donec
1891 1635 2042 1707 Vos,
2067 1634 2198 1695 Viri
2223 1631 2664 1707 eruditissimi,
2697 1649 2842 1694 cum
2871 1628 3181 1692 similibus
3200 1629 3494 1690 Vestrum
3525 1624 3692 1686 meis

398 1761 721 1824 conatibus
749 1759 958 1825 favere
993 1763 1197 1827 video.
1239 1764 1421 1840 Quod
1443 1772 1513 1828 ut
1539 1782 1736 1846 porro
1768 1762 2012 1826 faciatis
2045 1768 2242 1842 utque
2273 1778 2376 1822 me
2396 1777 2608 1823 amare
2630 1758 2906 1840 pergatis
2925 1805 2942 1833 ,
2976 1759 3106 1821 Vos
3131 1773 3288 1836 rogo
3318 1762 3512 1836 atque
3542 1767 3685 1816 oro.

399 1886 632 1950 Valete.

469 2055 704 2117 Dabam
734 2056 956 2117 Bernm
984 2052 1417 2118 Helvetiorum
1447 2053 1655 2136 pridie
1685 2052 1810 2118 Cal.
1843 2052 2043 2134 April.
2070 2053 2522 2114 MDCCCLVIII.

2555 2329 2621 2385 A.
2680 2325 2965 2387 IAHNIUS.
