3898 6222
258 291 376 346 'H-‘l

3446 277 3551 332 750

253 429 435 474 mum
467 407 722 491 quidem
741 456 756 482 ,
789 407 899 487 qui
931 405 1010 489 iis
1040 406 1315 466 insertus
1343 404 1438 463 est
1469 399 1800 460 contextus
1827 394 2194 458 Orationum
2240 394 2300 454 S.
2335 395 2659 474 Gregorii,
2692 395 2811 458 etsi
2842 396 2972 458 suis
2997 395 3162 460 vitiis
3191 412 3320 458 non
3348 406 3555 473 caret,

253 522 473 576 tamen
506 529 675 592 sape
708 527 855 574 cum
887 507 1144 589 Optimis
1164 553 1179 581 ,
1213 503 1446 584 quibus
1490 497 1928 560 Clemencetus
1958 501 2054 558 est
2095 510 2280 570 usus,
2316 494 2644 560 codicibus
2674 515 2870 561 manu
2902 498 3153 580 scriptis
3198 500 3556 579 conspirat,

255 611 579 674 interdum
601 627 768 672 unus
790 607 1130 687 genuinam
1160 602 1416 665 exhibet
1444 598 1809 661 lectionem.
1845 595 2086 658 Deinde
2115 595 2281 658 Elias
2314 595 2454 675 ipse
2477 597 2870 678 quandoque
2897 610 3079 682 κρίσιν
3109 609 3386 665 exercet.
3419 605 3560 665 Huc

255 714 526 788 accedit,
558 713 732 793 quod
762 712 899 791 ejus
926 703 1373 772 Commentarii
1400 699 1571 763 haud
1601 714 1744 760 raro
1775 697 2084 759 lectiones
2126 697 2417 778 prabent
2457 698 2890 781 discrepantes
2928 703 3007 764 ab
3049 703 3126 765 iis
3151 752 3166 777 ,
3209 722 3368 786 quas
3397 723 3557 768 con-

255 827 469 881 textus
489 818 703 892 habet,
738 831 976 895 easque
1003 810 1324 875 interdum
1351 804 1674 878 meliores,
1693 807 1766 864 ut
1794 800 2058 864 dubium
2079 819 2211 864 non
2241 801 2341 876 sit,
2368 803 2525 882 quin
2545 804 2712 867 Elias
2739 806 2863 869 alio
2889 823 3098 888 eoque
3127 810 3558 874 emendatiore

254 920 337 983 sit
363 938 519 982 usus
550 925 871 993 contextu,
895 933 1085 998 quam
1115 917 1227 995 qui
1254 913 1322 974 in
1344 908 1567 973 codice
1594 905 1940 969 Basileensi
1968 915 2316 988 comparet.
2340 908 2462 971 Sed
2491 908 2629 972 hac
2659 899 2873 974 omnia
2902 921 3138 993 κρίσεως
3169 907 3449 979 subSidia
3481 933 3560 978 ex

254 1027 476 1090 Latina
516 1026 807 1089 versione
833 1025 938 1086 vix
965 1041 1039 1085 ac
1069 1039 1152 1083 ne
1178 1019 1282 1082 vix
1311 1014 1570 1097 quidem
1599 1012 1738 1074 erui
1765 1011 2052 1092 potuisse
2074 1061 2090 1087 ,
2121 1011 2389 1092 quilibet
2416 1013 2734 1094 intelligit.
2769 1017 2929 1089 Quid
2970 1016 3215 1080 multa?
3257 1021 3562 1083 Leuncla-

254 1134 418 1206 vius,
454 1130 546 1192 uti
573 1129 859 1208 Gregorii
888 1130 1280 1197 contextum,
1305 1137 1497 1202 quem
1527 1116 1733 1181 codex
1761 1115 2142 1180 Basileensis
2184 1115 2442 1180 exhibet
2466 1168 2481 1194 ,
2517 1125 2580 1182 et
2605 1136 2747 1200 qua
2781 1137 2858 1182 ex
2891 1138 3124 1200 genere
3154 1124 3374 1188 critico
3405 1125 3558 1188 Elia

254 1232 734 1299 Commentariis
760 1231 1013 1307 insunt,
1045 1247 1178 1294 non
1199 1245 1297 1304 ea,
1329 1243 1456 1306 qua
1481 1240 1594 1305 par
1624 1227 1793 1296 erat,
1825 1219 2152 1300 diligentia
2181 1224 2492 1299 excussit,
2515 1224 2603 1286 ita
2635 1224 2760 1288 illis
2787 1227 3007 1290 Latine
3038 1231 3390 1306 vertendis,
3424 1249 3558 1294 non

253 1340 471 1400 Grace
502 1335 796 1410 edendis,
821 1351 1005 1397 usum
1037 1331 1275 1411 egregii
1307 1328 1556 1393 critices
1583 1323 1987 1387 instrumenti
2014 1323 2152 1386 aliis
2180 1330 2423 1388 tantum
2455 1343 2586 1390 non
2627 1328 3024 1409 praclusisse
3054 1332 3412 1395 censendus
3437 1340 3554 1396 est.

333 1441 496 1513 Jam,
534 1438 651 1500 etsi
671 1455 838 1499 unus
867 1443 930 1498 et
958 1432 1117 1498 alter
1145 1450 1368 1496 eorum
1393 1480 1410 1508 ,
1439 1429 1551 1511 qui
1580 1434 1726 1509 post
1748 1427 1928 1489 illum
1956 1427 2244 1505 Gregorii
2271 1430 2672 1495 Orationibus
2701 1435 3118 1498 emendandis
3151 1442 3214 1497 et
3240 1431 3558 1498 illustran-

255 1545 354 1606 dis
382 1559 645 1624 cperam
674 1545 1007 1613 navarunt,
1040 1536 1146 1601 hic
1167 1536 1299 1600 illic
1333 1534 1693 1598 Leunclavii
1732 1531 2321 1612 interpretationem
2347 1534 2747 1609 consultavit,
2781 1543 3057 1601 attamen
3089 1539 3374 1617 egregia,
3409 1555 3554 1618 qua

254 1644 406 1708 Elia
436 1639 911 1704 Commentariis
931 1641 1171 1712 insunt,
1204 1634 1579 1698 eruditionis
1607 1640 1671 1696 et
1700 1629 2078 1708 theologica
2111 1637 2174 1693 et
2200 1630 2545 1712 philologa
2591 1635 2970 1700 documenta
2994 1637 3080 1716 (a)
3102 1639 3235 1701 fere
3265 1639 3553 1718 neglecta

253 1751 646 1809 manserunt.
678 1747 832 1806 Nam
863 1747 1094 1823 prater
1117 1737 1457 1802 Cotelerios
1477 1742 1540 1798 et
1571 1736 1867 1798 Suiceros
1895 1733 2083 1814 pauci
2104 1733 2388 1813 theologi
2414 1735 2614 1798 Eliam
2634 1737 2977 1801 advertisse
3007 1740 3318 1819 videntur,
3354 1763 3553 1825 quum

253 1851 350 1914 vel
382 1850 763 1913 clarissimus
799 1846 1172 1909 Ullmannus
1196 1844 1264 1906 in
1305 1841 1668 1905 doctissima
1711 1837 1794 1901 de
1822 1837 2126 1917 Gregorio
2157 1838 2553 1902 Nazianzeno
2583 1841 2930 1920 scriptione
2955 1843 3126 1906 illius
3155 1847 3552 1910 mentionem

253 1972 446 2035 parce
476 1952 717 2014 fecerit.
743 1947 1058 2027 Philologi
1084 1952 1294 2010 autem
1322 1963 1435 2008 cur
1461 1941 1742 2005 animum
1762 1940 1842 2004 ad
1865 1938 2017 2002 Elia
2038 1940 2539 2006 Commentarios
2567 1942 2987 2020 adverterent,
3015 1962 3094 2009 eo
3113 1948 3324 2012 minus
3346 1967 3553 2014 causa

251 2057 651 2128 habuerunt,
685 2052 858 2133 quod
885 2052 1106 2112 Graec
1142 2045 1490 2128 exemplari
1514 2045 1834 2108 carebant.
1867 2045 2002 2118 Quo
2039 2040 2238 2122 magis
2267 2042 2622 2108 laudandus
2642 2051 2736 2108 est
2761 2048 3236 2127 Boissonadius,
3271 2053 3553 2133 quicum

251 2159 468 2223 Basilii
498 2155 766 2218 Scholiis
793 2154 860 2215 in
880 2149 1168 2230 Gregorii
1197 2147 1574 2210 Encomium
1602 2144 1878 2208 Heronis
1898 2144 2052 2207 Elia
2082 2141 2589 2209 Commentarios
2603 2145 2942 2225 diligenter
2963 2155 3422 2232 comparaverit
3438 2155 3520 2237 (ὁ)
3534 2201 3550 2216 .

331 2266 417 2323 Ac
461 2257 764 2339 quoniam
799 2252 1056 2316 illorum
1090 2248 1491 2313 Scholiorum
1542 2242 1782 2309 mentio
1826 2251 1922 2307 est
1956 2243 2121 2308 facta
2145 2293 2161 2321 ,
2204 2245 2363 2308 illud
2401 2251 2622 2310 teneas
2656 2255 2931 2328 Oportet,
2973 2249 3176 2314 Eliam
3219 2255 3449 2319 Basilio
3489 2267 3554 2320 et

254 2369 516 2448 reliquis
558 2363 844 2443 Gregorii
885 2357 1252 2423 Scholiastis
1293 2354 1652 2418 eruditione
1685 2350 2046 2430 theologica
2103 2356 2167 2414 et
2193 2351 2519 2432 philologa
2573 2353 2843 2417 multum
2883 2363 3216 2437 prastare,
3266 2361 3334 2424 id
3375 2365 3550 2443 quod

251 2475 391 2551 ipse
421 2473 488 2532 in
510 2465 827 2530 Proamio
865 2460 1220 2540 signiﬁcare
1267 2473 1398 2520 non
1431 2453 1758 2518 dubitavit.
1798 2454 2212 2532 Quamquam,
2241 2459 2308 2515 ut
2335 2452 2542 2516 dicam
2574 2455 2747 2534 quod
2773 2456 2864 2519 rei
2887 2463 3004 2534 est,
3027 2460 3243 2540 paullo
3269 2461 3553 2545 iniquior

252 2582 349 2637 est
372 2575 442 2634 in
469 2571 644 2642 illos,
679 2565 912 2647 quibus
941 2580 1085 2625 eum
1109 2559 1278 2623 haud
1308 2573 1510 2638 pauca
1542 2556 1778 2618 debere
1806 2551 2203 2634 exploratum
2235 2551 2562 2618 habemus.

332 2671 483 2745 Sed,
517 2677 582 2732 ut
609 2669 688 2730 de
712 2666 844 2728 Elia
877 2661 1178 2738 theologo
1199 2659 1476 2740 primum
1515 2656 1825 2731 dicamus,
1859 2661 2006 2719 ante
2036 2655 2250 2718 omnia
2281 2655 2466 2718 velim
2496 2657 2585 2719 sic
2614 2654 2871 2733 habeas,
2906 2659 3042 2740 ejus
3071 2663 3549 2729 Commentariis

252 2775 570 2862 permulta
595 2774 830 2845 inesse,
871 2785 1013 2850 qua
1043 2767 1142 2829 vel
1173 2765 1240 2827 in
1271 2781 1346 2826 ea
1367 2813 1383 2840 ,
1423 2781 1550 2844 qua
1581 2762 1776 2825 hodie
1807 2779 2150 2835 versamur,
2189 2761 2528 2840 theologia
2554 2760 2696 2824 luce
2728 2762 3094 2840 dignissima
3132 2765 3278 2842 sint,
3314 2769 3548 2850 quibus

250 2859 536 2954 theologi
569 2875 932 2952 dogmatum
974 2866 1255 2929 historia
1285 2862 1549 2928 studiosi
1580 2863 1863 2924 animum
1897 2861 2248 2925 advertant.
2289 2863 2389 2926 Sic
2415 2909 2432 2938 ,
2467 2868 2537 2924 ut
2575 2859 2698 2926 hoc
2748 2867 2908 2939 utar,
2939 2864 3318 2930 Eunomiani
3357 2871 3548 2949 vulgo

253 2980 400 3061 puri
434 2975 569 3057 puti
602 2967 982 3035 Aristotelici
1012 2967 1342 3029 habentur.
1371 2961 1553 3026 Conf.
1582 2961 1900 3025 Ullmann.
1936 2963 2024 3022 De
2057 2959 2362 3061 Gregorio
2391 2964 2550 3027 Naz.
2599 2982 2667 3045 p.
2703 2962 2816 3026 320
2849 2981 2946 3046 sq.
2987 2969 3174 3048 Atqui
3206 2968 3372 3033 Eﬁas
3400 2971 3546 3034 mos

251 3059 403 3144 cum
440 3070 910 3139 Macedonianis
955 3069 1147 3132 etiam
1200 3085 1280 3130 ex
1323 3063 1732 3148 phiIOSOphia
1764 3062 2196 3125 recentiorum
2239 3059 2709 3127 Platonicorum
2754 3067 3106 3146 profecisse
3159 3073 3546 3150 argumentis

251 3179 592 3246 luculentis
615 3177 1028 3246 demonstrat,
1066 3176 1289 3250 estque
1333 3168 1457 3230 hoc
1484 3166 1628 3229 loco
1659 3164 1923 3227 omnino
1955 3163 2034 3226 ad
2065 3180 2138 3226 ea
2177 3164 2678 3243 provocandum,
2722 3184 2867 3246 qua
2905 3166 3073 3232 Elias
3107 3168 3187 3233 de
3226 3171 3546 3254 theologia

249 3284 534 3350 Platonis
567 3287 630 3342 et
662 3274 1034 3340 recentioris
1059 3271 1429 3354 prepaginis
1456 3268 1922 3331 Platonicorum
1950 3266 2030 3329 ab
2069 3265 2381 3330 hareticis
2407 3267 2474 3330 in
2496 3268 2848 3332 doctrinam
2888 3271 3302 3338 Christianam
3334 3283 3542 3342 trans-

251 3398 374 3459 lata
416 3390 462 3452 f.
513 3384 618 3448 167
660 3400 720 3442 v.
767 3397 819 3442 s.
872 3377 984 3440 168
1027 3396 1080 3440 r.
1143 3393 1232 3438 m.
1291 3373 1406 3436 236
1443 3391 1506 3434 v.
1557 3373 1602 3435 i.
1655 3375 1894 3434 monet.
1961 3370 2202 3436 Deinde
2269 3375 2622 3456 permultos
2669 3376 3008 3457 Scriptura
3074 3382 3279 3446 Sacra
3339 3384 3542 3462 locos,

253 3518 288 3561 a
319 3499 384 3558 S.
423 3485 730 3566 Gregorio
762 3469 1049 3546 laudatos
1079 3478 1174 3543 vel
1209 3476 1516 3541 imitando
1544 3491 1902 3556 expressos,
1935 3474 2126 3551 Elias,
2161 3493 2385 3539 eorum
2417 3477 2673 3540 sedibus
2701 3487 2994 3544 accurate
3026 3484 3341 3562 indicatis,
3372 3505 3543 3551 sana

251 3599 572 3671 ἐξηγήσεως
604 3605 731 3668 cpe
753 3583 1010 3663 egregie
1035 3580 1326 3643 illustrat.
1350 3577 1550 3641 Porro
1568 3574 1701 3650 ille,
1731 3575 2056 3638 uberrimo
2080 3594 2236 3639 usus
2255 3573 2632 3655 theologica
2664 3580 3036 3644 eruditionis
3059 3601 3256 3664 penu,
3295 3603 3369 3650 ea
3398 3606 3543 3668 qua

250 3694 594 3773 Gregorius
623 3709 703 3754 ex
730 3696 1015 3752 veterum
1045 3685 1492 3762 theologorum
1521 3683 1772 3763 scriptis
1792 3700 1977 3744 suum
2005 3683 2072 3744 in
2089 3700 2276 3744 usum
2307 3684 2639 3760 convertit,
2666 3684 2744 3747 ad
2772 3685 2983 3749 fontes
3013 3698 3267 3754 revocat
3293 3707 3549 3756 comm-

251 3812 380 3875 que
401 3794 579 3856 locos
604 3789 841 3873 pariles
875 3786 1099 3851 adfert.
1135 3787 1270 3858 Quo
1299 3802 1378 3848 ex
1407 3782 1641 3863 genere
1672 3782 1868 3845 multa
1912 3788 2060 3844 sunt
2088 3784 2438 3860 recondita,
2469 3791 2533 3847 et
2561 3802 2706 3865 qua
2754 3784 2946 3850 hodie
2975 3791 3163 3869 pauci
3189 3791 3257 3853 in
3284 3801 3544 3874 promtu

250 3895 509 3958 habent.
568 3894 669 3956 Sic
708 3891 849 3968 ille,
895 3906 1029 3952 non
1092 3893 1430 3950 contentus
1487 3887 1593 3948 SS.
1638 3887 1854 3948 Patres
1902 3883 2344 3962 Athanasium,
2393 3887 2723 3962 Basilium,
2784 3888 3337 3972 Chrysostomum,
3383 3895 3543 3958 alios

249 3997 331 4062 ad
365 4001 574 4078 partes
601 4008 884 4066 vocasse,
915 3989 1219 4068 frequens
1246 3992 1342 4050 est
1363 3987 1432 4048 in
1459 3985 1792 4048 laudandis
1811 3984 2120 4064 Dionysii,
2153 3987 2266 4068 qui
2295 3986 2519 4063 fertur,
2549 3991 2946 4070 Areopagita
2977 3993 3228 4074 scriptis
3249 4042 3265 4069 ,
3294 4011 3374 4058 ex
3405 3998 3545 4076 qui-

249 4100 372 4162 bus
401 4095 575 4180 quod
603 4091 978 4172 Gregorium
1006 4088 1290 4151 hausisse
1326 4087 1597 4168 putavit,
1626 4085 1743 4148 etsi
1768 4091 2010 4147 temere
2035 4085 2263 4149 fecisse
2291 4087 2506 4150 multis
2532 4086 2869 4166 videbitur,
2900 4093 3098 4156 multa
3130 4100 3343 4156 tamen
3369 4097 3543 4176 apud

248 4198 627 4279 Gregorium
653 4191 1080 4274 reperiuntur,
1102 4205 1245 4269 qua
1273 4187 1421 4250 huic
1450 4186 1742 4267 Opinioni
1775 4183 2027 4249 faveant
2059 4185 2162 4265 (c).
2193 4183 2397 4259 Quid?
2426 4188 2599 4268 quod
2627 4207 2746 4252 nec
2776 4188 3134 4266 Clementis,
3167 4193 3276 4271 qui
3309 4193 3534 4271 fertur,

248 4299 525 4364 Romani
553 4293 782 4374 scripta
801 4293 952 4354 Elia
978 4291 1190 4370 ignota
1217 4287 1421 4351 fuere.
1457 4289 1596 4350 Huc
1625 4287 1906 4364 accedit,
1936 4285 2111 4367 quod
2139 4293 2374 4366 prater
2401 4304 2477 4350 ea
2503 4337 2518 4361 ,
2546 4306 2688 4370 qua
2715 4289 2822 4351 ille
2852 4307 2930 4352 ex
2965 4296 3248 4353 veterum
3284 4291 3537 4356 theolo-

250 4417 479 4482 gorum
504 4396 777 4477 scriptis,
817 4408 1114 4473 expressa
1149 4395 1480 4454 auctorum
1507 4387 1833 4450 mentione
1866 4386 2063 4463 facta,
2094 4389 2322 4464 attulit,
2351 4390 2548 4452 multa
2591 4406 2670 4452 ex
2697 4390 2921 4453 iisdem
2957 4391 3038 4455 ab
3070 4409 3148 4455 eo
3174 4396 3362 4459 tacite
3392 4407 3542 4459 sunt

248 4501 701 4577 transsumpta.
722 4494 822 4557 Sic
851 4491 959 4554 ille
991 4489 1294 4554 abstrusis
1323 4488 1610 4568 Gregorii
1634 4487 1964 4551 sententiis
1985 4488 2377 4570 explicandis
2400 4508 2845 4572 sapenumero
2875 4492 3137 4556 adhibet
3165 4513 3310 4559 cum
3339 4497 3543 4579 ipsius

248 4600 560 4681 Gregorii,
595 4606 732 4660 tum
761 4595 823 4654 S.
851 4592 1060 4656 Basilii
1087 4597 1146 4654 et
1168 4590 1435 4653 aliorum
1455 4589 1633 4653 locos
1660 4589 1950 4670 geminos
1987 4596 2048 4653 et
2076 4591 2153 4652 ad
2183 4590 2668 4671 intelligendum
2695 4593 3044 4670 faciliores;
3077 4595 3166 4660 sic
3190 4599 3252 4658 S.
3287 4597 3539 4662 Maximi

249 4712 541 4783 ἐξηγήσεις
565 4701 631 4762 in
659 4701 722 4760 S.
755 4695 1160 4774 Gregorium,
1187 4691 1473 4774 quamvis
1504 4691 1883 4773 plerumque
1914 4709 2214 4774 expresse
2238 4693 2522 4757 laudatas
2543 4743 2559 4770 ,
2591 4700 2805 4758 tamen
2828 4697 3148 4762 interdum
3183 4701 3369 4763 tacite
3394 4719 3540 4763 suas

247 4810 420 4873 facit.
471 4809 674 4884 Atque
719 4802 787 4864 in
831 4800 955 4863 hoc
993 4797 1381 4879 compilandi
1416 4797 1676 4876 negotio
1737 4814 1935 4877 quum
1974 4797 2082 4860 ille
2112 4797 2563 4876 integrioribus
2608 4800 3113 4881 exemplaribus,
3149 4821 3340 4883 quam
3395 4821 3540 4884 qua

247 4913 444 4977 hodie
471 4909 816 4981 habemus,
843 4921 996 4967 usus
1028 4902 1136 4977 sit,
1172 4901 1309 4963 eius
1344 4902 1789 4965 Commentarii
1817 4901 2112 4966 nonnihil
2154 4902 2354 4965 critici
2391 4919 2543 4966 usus
2575 4905 2885 4983 prabent.
2940 4905 3056 4978 Qui
3091 4907 3351 4986 quidem
3386 4926 3540 4972 usus

245 5017 453 5081 multo
478 5015 680 5076 maior
708 5015 896 5085 esset,
927 5009 982 5072 si
1008 5007 1174 5070 Elias
1203 5007 1442 5086 ubique
1471 5006 1608 5087 ipsa
1630 5007 2036 5087 scriptorum,
2057 5025 2095 5070 a
2113 5022 2181 5069 se
2211 5007 2722 5086 compilatorum,
2753 5007 2945 5069 verba
2964 5009 3302 5085 attulisset,
3327 5029 3540 5093 neque

246 5139 348 5195 ea,
393 5118 506 5200 qui
532 5117 669 5180 eius
698 5132 840 5178 mos
870 5112 989 5176 fuit
1018 5113 1086 5174 in
1115 5111 1446 5174 laudandis
1474 5112 1911 5192 scriptoribus,
1941 5129 2385 5194 sapenumero
2416 5113 2783 5177 memoriter
2811 5119 3053 5176 tantum
3083 5115 3406 5180 recitasset
3433 5127 3543 5181 aut

244 5217 828 5287 circumscribendo
859 5215 1322 5297 ampliﬁcasset.
1349 5213 1471 5276 Sed
1501 5214 1579 5277 de
1603 5220 1736 5276 toto
1769 5214 1892 5278 hoc
1925 5215 2174 5278 critices
2203 5215 2482 5294 negotio,
2507 5215 2681 5295 quod
2710 5216 2780 5278 in
2811 5215 3316 5295 compilatorum,
3351 5218 3538 5282 etiam

245 5320 844 5395 ecclesiasticarum,
880 5317 1131 5398 scriptis
1166 5315 1561 5400 excutiendis
1607 5323 1910 5392 versatur,
1961 5316 2031 5379 in
2067 5317 2385 5378 Examina
2422 5315 2898 5395 Plagiariorum
2946 5325 3005 5377 et
3047 5316 3542 5398 Compilatorum

319 5444 400 5515 (a)
423 5438 942 5515 rConf._Le_unclav.
981 5436 1224 5515 Prqggrn.
1254 5435 1437 5515 p.‘lAl_l,
1469 5437 1629 5515 cuius
1675 5438 1842 5493 verba
1941 5439 2138 5515 spirat,
2174 5437 2628 5515 ita_quide_m,_ut
2663 5439 2848 5515 potius
2873 5439 3082 5515 exillo,
3121 5454 3288 5515 quam
3329 5435 3538 5512 Diony-
3580 5497 3596 5509 ,

247 5507 669 5582 Slreuberus‘in
697 5509 1008 5582 Serapeqa.
1035 5507 1197 5582 1856,
1225 5507 1408 5582 pater
1424 5509 1691 5582 _retuli_t_._
1942 5507 2060 5565 sius
2109 5525 2176 5565 ex
2233 5508 2500 5577 Gregorio
2550 5507 2831 5582 hausisse,
2862 5507 3154 5582 videatur;
3189 5507 3540 5582 Quapropter

322 5585 396 5654 (ὁ)
427 5581 551 5654 Vid.
583 5579 803 5654 Notice:
822 5575 872 5654 at
901 5578 1144 5654 Extra“;
1165 5589 1205 5633 t.
1225 5575 1320 5654 XI,
1340 5576 1492 5654 P_._ll.
1519 5577 1691 5654 p._l3i
1718 5593 1842 5654 sqq.
1940 5597 2130 5635 eorum
2167 5575 2434 5654 rationes,
2473 5581 2570 5652 qui
2615 5579 2978 5654 Dionysianos
3008 5581 3178 5636 libros
3208 5575 3541 5654 quarto_'_de-

245 5647 496 5730 [et‘a'pnd
522 5650 790 5730 nos‘in‘fra
821 5652 874 5706 ih
901 5651 1010 5730 hoc
1037 5650 1338 5730 volumine.
1375 5647 1534 5703 Enrr.
1567 5647 1818 5730 Pyra]:
1941 5667 2091 5730 rnutn
2127 5652 2472 5730 anthqnintp.
2493 5647 2686 5730 seculo
2717 5647 3246 5730 scriptos_st_atuu‘nl
3279 5653 3359 5730 _(v.
3401 5649 3546 5730 νοθτ

321 5717 577 5796 (cherte
606 5721 666 5778 S.
685 5720 988 5796 Gregorius
1013 5721 1204 5776 multis
1229 5719 1392 5796 locis,
1425 5723 1722 5796 praesertim
1749 5717 1839 5786 iis,
1942 5722 2069 5775 mel.
2106 5721 2172 5775 ad
2206 5717 2666 5796 Niéol._Methon.
2702 5737 2758 5796 ι).
2797 5717 2926 5793 150,
2959 5722 3092 5792 259,
3128 5721 3229 5795 b.),
3259 5717 3440 5778 denuo
3469 5723 3542 5779 ad

246 5797 346 5860 ubi
374 5787 436 5855 ite
463 5795 586 5868 ipso
614 5787 906 5851 sublimior
943 5791 1022 5859 ﬁt,
1058 5805 1184 5851 cum
1229 5787 1488 5864 Dionysio
1522 5791 1660 5846 mire
1706 5806 1842 5847 con-
1941 5806 2173 5849 examen
2207 5792 2468 5850 vocanda:
2499 5802 2648 5850 sunt.
