3898 6222
1777 129 1790 158 l

333 241 438 295 7M

2653 281 2655 284 .
3508 227 3611 281 ’ῗὲἱέ

339 359 690 416 Grecorum
731 345 980 413 dicendi
1041 341 1224 422 cepia
1268 339 1405 399 erit.
1456 337 1762 396 Caterum
1799 333 1985 406 Elias,
2018 333 2127 395 ubi
2184 332 2319 414 ipse
2366 332 2577 404 docet,
2609 333 2846 413 quippe
2905 333 3182 395 imbutus
3221 334 3325 396 SS.
3358 336 3612 400 Patrum

336 460 640 532 doctrina,
674 473 750 518 eo
782 455 975 516 utitur
1016 444 1320 526 loquendi
1357 458 1620 521 genere,
1651 439 1826 519 quod
1858 439 2241 519 exquisitum
2273 448 2366 500 est
2393 445 2454 500 et
2479 439 2769 516 dignum,
2804 436 2902 498 cui
2933 437 3212 498 animum
3251 438 3609 516 advertant,

316 560 446 639 qui
483 559 720 621 Suiceri
752 557 1140 618 Thesaurum
1172 542 1674 607 Ecclesiasticum
1707 540 1908 603 ditare
1937 538 2152 602 velint.

415 664 549 723 Jam
595 677 743 722 vero
773 659 825 719 si
855 664 1105 719 παιδείαν
1132 649 1247 711 viri
1277 654 1564 726 ἐλληνικὴν
1591 642 1954 724 respicimus

2076 661 2179 704 um
2216 645 2282 705 in
2319 643 2426 704 illa
2456 659 2587 705 non
2618 642 2827 704 minus
2848 641 3158 705 excellere
3182 642 3615 704 conﬁtendum

337 773 450 828 est.
483 797 559 809 —
585 766 668 824 Ac
697 760 970 842 primum
1003 754 1258 835 quidem
1297 751 1363 812 in
1386 753 1666 809 veterum
1693 743 2224 825 philosophOrum
2257 744 2505 824 placitis
2528 752 2621 806 est
2651 743 3130 806 versatissimus.
3166 744 3325 806 Nam
3353 751 3614 825 prater-

321 884 526 946 quam
564 863 736 942 quod
777 859 1136 929 Chilonem,
1165 858 1633 930 Anaxagoram,
1670 846 2120 920 Democritum,
2146 845 2512 924 Epicurum,
2555 844 2820 920 Stoicos,
2850 844 3141 946 Gynicos,
3177 843 3334 906 alios
3363 844 3621 919 excitat,

336 944 688 1026 accuratam
717 959 1060 1040 prasertim
1081 953 1359 1017 Platonis
1380 958 1441 1012 et
1462 945 1812 1010 Aristotelis
1835 946 2049 1027 prodit
2080 946 2391 1021 notitiam,
2409 963 2759 1026 eorumque
2788 944 2886 1007 vel
2911 945 3154 1007 abditas
3184 946 3527 1007 sententias
3553 945 3620 1006 in

335 1073 666 1131 numerato
697 1064 886 1125 habet
915 1068 976 1122 et
1026 1055 1403 1138 sapiuscule
1447 1071 1591 1115 suas
1633 1051 1802 1113 facit.
1842 1053 1934 1112 Nc
1963 1049 2350 1112 recentiores
2389 1048 2648 1128 quidem
2679 1048 3058 1111 Aristo‘telici
3085 1048 3145 1110 ei
3183 1048 3388 1127 ignoti
3414 1048 3619 1125 fuere,

335 1187 368 1229 e
407 1169 643 1248 quibus
684 1161 1108 1226 Alexandrum
1155 1152 1605 1236 Aphrodisium
1651 1149 2024 1213 nominatim
2073 1147 2305 1210 laudat.
2358 1146 2807 1210 Recentiorum
2854 1153 3063 1209 autem
3114 1146 3618 1248 Platonicorum,

332 1244 692 1347 Porphyrii,
724 1259 1083 1333 Jamblichi,
1119 1254 1349 1329 Procli,
1384 1270 1529 1315 eum
1555 1253 1720 1315 bene
1762 1267 2029 1329 gnarum
2072 1249 2289 1323 fuisse,
2324 1266 2511 1328 supra
2541 1249 2666 1309 iam
2694 1246 2985 1309 vidimus.
3019 1244 3227 1322 Quid?
3254 1248 3434 1326 quod»
3455 1249 3626 1313 Elias

335 1371 646 1434 interdum
673 1369 797 1430 illis
822 1366 981 1429 adeo
1010 1361 1310 1430 adhaeret,
1337 1364 1428 1432 ut,
1461 1357 1752 1436 neglecto
1772 1354 2057 1428 Platone,
2101 1353 2336 1415 rivulos
2357 1352 2850 1433 Neoplatonicos
2884 1360 3158 1416 sectetur
3175 1361 3236 1416 et
3273 1354 3622 1435 NeOplato-

334 1479 477 1540 nica
498 1492 616 1555 pro
629 1469 966 1534 Platonicis
998 1481 1112 1525 ven
1123 1461 1296 1522 ditet.
1317 1460 1600 1541 Denique
1622 1457 1714 1520 vel
1739 1457 2074 1529 Hermetis,
2093 1455 2200 1535 qui
2221 1454 2440 1528 fertur,
2462 1455 2849 1534 Trismegisti
2876 1456 3108 1538 scripta
3131 1475 3198 1520 se
3228 1456 3462 1536 legisse
3485 1457 3529 1518 f.
3553 1458 3618 1519 ιτ

337 1576 594 1642 v.s.153
621 1595 671 1636 r.
699 1592 784 1635 m.
812 1571 1145 1634 manifesto
1176 1567 1410 1648 prodit.
1429 1561 1813 1622 —Venimus
1833 1558 1914 1620 ad
1942 1557 2318 1621 rhetoricam
2346 1555 2494 1616 Elia
2517 1555 2960 1619 eruditionem.
2982 1559 3140 1620 Nam
3160 1576 3356 1638 quum
3377 1559 3440 1620 S.
3464 1559 3622 1620 Gre-

337 1684 552 1763 gorius
565 1686 775 1742 orator
795 1674 982 1735 rebus
1005 1679 1065 1733 et
1084 1667 1409 1732 sententiis
1434 1662 1766 1740 theologus
1777 1661 1988 1736 fuerit,
2004 1659 2256 1722 dicendi
2276 1665 2483 1720 autem
2498 1676 2730 1737 genere
2743 1677 2896 1720 usus
2917 1658 3257 1736 rhetorico,
3281 1679 3412 1724 sua
3425 1663 3628 1724 atatis

337 1760 660 1866 scphistis,
693 1776 976 1848 Libanio,
1000 1771 1305 1843 Himerio,
1339 1763 1686 1828 Proaresio
1712 1761 1827 1866 (τι)ἶ
1846 1760 2175 1866 amulatus
2206 1760 2306 1833 sit,
2330 1765 2580 1866 Oportet
2606 1778 2757 1866 sane
2790 1779 2959 1866 eum,
2983 1763 3094 1842 qui
3125 1763 3259 1866 θέρε
3297 1765 3627 1866 Orationes

340 1859 455 1949 lite
494 1877 896 1961 interpretari
940 1873 1123 1946 velit,
1158 1870 1467 1931 imbutum
1502 1881 1638 1926 esse
1685 1870 1747 1923 et
1782 1860 2126 1922 rhetorices
2168 1859 2505 1939 praceptis
2538 1865 2599 1920 et
2644 1859 2850 1923 attica
2900 1860 3282 1941 eloquentia
3321 1864 3627 1930 interiore

340 1987 726 2068 cognitione.
767 1983 878 2044 Cui
914 1977 1169 2059 quidem
1203 1971 1410 2036 ofﬁcio
1457 1969 1622 2068 Elias
1663 1963 1915 2068 egregie
1945 1962 2240 2068 satisfecit
2262 2010 2279 2037 ,
2315 1963 2444 2068 qui
2467 1964 2974 2068 etHermcgenis
3015 1967 3211 2026 artem
3243 1965 3624 2032 rhetoricam

342 2061 566 2148 crebro
611 2082 690 2145 ad
729 2086 939 2161 partes
991 2078 1169 2136 vocet
1222 2069 1529 2145 locosque
1581 2061 2054 2136 Demosthenis,
2104 2078 2139 2122 a
2185 2061 2490 2140 Gregorio
2523 2063 2826 2126 imitando
2879 2081 3236 2145 expressos,
3289 2067 3631 2147 diligenter

342 2192 628 2253 annotet.
660 2185 858 2256 Quam
887 2195 1034 2240 vero
1059 2173 1286 2238 subtile
1318 2172 1396 2233 sit
1418 2168 1550 2248 ejus
1561 2163 1874 2244 judicium
1900 2163 1966 2223 in
1997 2160 2291 2223 notandis
2313 2162 2676 2243 scphisticis
2694 2166 2980 2242 Gregorii
3002 2168 3302 2242 artiﬁciis,
3329 2172 3628 2252 exemplo

343 2266 492 2364 sint,
539 2302 683 2366 qua
721 2281 799 2345 ad
840 2276 1332 2357 descriptionem
1369 2269 1633 2350 pavonis
1653 2266 1756 2327 Or.
1795 2265 2067 2337 XXVIII,
2106 2279 2172 2342 p.
2217 2258 2354 2336 515,
2389 2267 2460 2323 A.
2499 2263 2614 2326 fol.
2651 2263 2722 2324 50
2760 2285 2812 2327 r.
2845 2284 2895 2366 si.
2929 2275 3211 2331 annotat.
3243 2271 3290 2330 E
3319 2272 3629 2352 SOphistis

344 2365 908 2453 saltemiAristidem
936 2375 1308 2441 nominatim
1337 2370 1586 2432 excitat.
1603 2401 1678 2413 ——
1699 2368 2009 2426 Praterea
2031 2379 2240 2442 neque
2262 2367 2618 2442 poetarum,
2639 2382 2850 2445 neque
2871 2365 3315 2431 historicorum
3344 2365 3636 2434 veterum

345 2493 542 2556 Eliam
561 2499 820 2566 ἄγευστον
849 2481 1066 2551 fuisse,
1084 2471 1446 2538 testimonio
1477 2473 1623 2530 sunt
1639 2466 1766 2527 loci
1793 2473 1927 2527 tum
1951 2480 2026 2526 ex
2048 2465 2349 2537 Homero,
2368 2464 3046 2544 Hesiodo,Theocrito,
3065 2469 3375 2550 Oppiano,
3398 2478 3536 2533 tum
3553 2489 3630 2533 ex

345 2563 670 2655 Herodoto
699 2593 760 2647 et
786 2577 1153 2659 Thucydide
1183 2575 1261 2636 ab
1285 2590 1361 2635 eo
1381 2567 1896 2647 allati.Denique,
1917 2575 1987 2627 ut
2013 2564 2214 2627 Eliam
2237 2563 2482 2625 nullum
2502 2581 2631 2626 non
2661 2565 3062 2646 antiquarum
3090 2569 3405 2632 literarum
3428 2589 3635 2650 genus

347 2693 623 2773 attigisse
650 2685 964 2762 intelligas
983 2729 998 2754 ,
1036 2676 1312 2740 musicos
1337 2677 1579 2734 veteres
1610 2675 1670 2730 et
1699 2666 2196 2773 mathematicos,
2219 2667 2284 2725 in
2311 2663 2927 2773 hisEratpsthenem,
2951 2668 3383 2773 Posidonium,
3417 2673 3630 2736 Ptole-

350 2765 577 2861 maum
607 2796 667 2853 et
684 2790 1028 2857 Heronem,
1053 2797 1131 2842 ex
1149 2775 1412 2839 medicis
1439 2773 1745 2835 Galenum
1777 2769 2010 2832 laudat.
2027 2769 2435 2840 —Restat,ut
2456 2765 2536 2826 de
2561 2767 2693 2829 Elia
2722 2772 3129 2847 grammatico
3152 2771 3457 2838 dicamus.
3473 2779 3632 2839 Nam

347 2917 430 2963 ne
460 2903 715 2975 ἀκρίϐεια
744 2887 1001 2969 quidem
1022 2880 1423 2962 grammatica
1440 2879 1507 2939 in
1527 2875 1656 2937 Elia
1677 2874 2092 2946 desideratur,
2122 2870 2364 2950 quippe
2397 2869 2508 2948 qui
2533 2869 2869 2975 verborum
2898 2873 3316 2975 prOprietates
3341 2886 3638 2975 accurate

347 2971 720 3082 perpendat,
758 2987 1111 3050 Atticismos
1141 2982 1207 3042 in
1238 2980 1540 3056 Gregorio
1570 2975 1921 3082 diligenter
1947 2978 2260 3082 scrutetur
2290 2977 2355 3033 et
2386 2979 2708 3082 συντάξεωὶ
2723 2971 2928 3082 nodos
2963 2973 3479 3082 sollertersolvat.
3505 2979 3632 3039 SIC-

353 3071 707 3156 iihi-autem
749 3086 915 3148 Elias
934 3100 969 3144 a
996 3081 1238 3142 ratione
1261 3075 1662 3155 grammatica
1691 3075 1960 3147 aberrat,
1997 3073 2132 3152 ejus
2161 3081 2529 3153 παροράματα
2551 3071 2777 3152 partim
2803 3072 3273 3138 Atticismorum
3294 3082 3630 3144 sectanda-

351 3212 488 3256 rum
517 3191 714 3255 nimio
751 3187 959 3248 studio
979 3231 994 3256 ,
1028 3181 1256 3261 partim
1287 3179 1580 3256 mystico,
1605 3176 1778 3257 quod
1806 3193 1934 3237 non
1977 3175 2126 3238 satis
2152 3175 2332 3250 cavit,
2365 3174 2826 3256 interpretandi
2855 3178 3073 3254 generi
3097 3179 3432 3244 tribuenda
3461 3193 3635 3245 sunt.

431 3296 572 3352 llaec
601 3289 906 3350 hactenus
928 3281 1005 3343 de
1032 3280 1165 3341 Elia
1185 3278 1485 3356 theologo
1513 3283 1575 3338 et
1603 3275 1964 3357 philologo;
1997 3293 2142 3338 nam
2176 3277 2567 3357 philologum
2604 3277 3010 3356 intelligimus
3038 3296 3168 3341 non
3197 3283 3636 3357 grammatices

352 3392 767 3474 magistellum
787 3438 801 3464 ,
831 3386 941 3449 sed
964 3402 1132 3458 eum,
1157 3383 1268 3463 qui
1297 3381 1540 3443 nullum
1571 3398 1698 3442 non
1728 3381 2129 3460 antiquarum
2156 3381 2476 3444 literarum
2501 3399 2701 3460 genus
2727 3390 3174 3463 perscrutatur.
3205 3387 3340 3458 Quo
3365 3387 3635 3460 accedit,

354 3501 527 3582 quod
557 3499 708 3560 Elia
739 3490 1202 3563 Commentarii,
1239 3489 1292 3550 si
1321 3489 1390 3550 in
1412 3488 1777 3549 universum
1808 3493 2193 3567 spectentur,
2225 3486 2492 3548 multum
2524 3486 2859 3550 conferunt
2884 3486 2964 3550 ad
2994 3486 3220 3550 melius
3250 3506 3637 3568 cognoscen-

355 3604 500 3665 dam
530 3598 727 3662 seculi
750 3597 833 3657 XI
866 3602 928 3657 et
957 3611 1090 3656 rem
1119 3591 1458 3653 literariam
1488 3595 1549 3651 et
1578 3589 1764 3668 graci
1792 3588 2103 3650 sermonis
2131 3591 2608 3669 prOprietatem.

436 3707 520 3765 Ac
560 3697 897 3776 theologia
932 3694 1188 3775 quidem
1231 3697 1294 3752 et
1339 3689 1700 3771 philologia
1749 3689 2025 3750 studium
2056 3687 2164 3748 illa
2205 3696 2387 3750 atate
2432 3689 2528 3750 vel
2567 3690 2633 3750 in
2682 3690 2939 3751 remotis
2969 3707 3004 3752 a
3035 3691 3337 3770 Byzantio
3383 3691 3638 3773 imperii

357 3801 698 3882 provinciis
723 3797 931 3862 adhuc
958 3794 1268 3866 ﬂoruisse,
1295 3798 1667 3871 argumento
1699 3797 1864 3864 sunt,
1890 3808 2032 3870 qua
2056 3788 2136 3851 dc
2171 3790 2525 3852 eruditione
2551 3790 2701 3852 Elia
2731 3808 2921 3871 supra
2950 3792 3244 3856 diximus.
3277 3795 3474 3856 Porro
3500 3797 3640 3876 ejus

355 3897 800 3967 Commentarii
832 3893 1155 3972 egregium
1184 3897 1329 3952 sunt
1356 3891 1804 3952 documentum
1832 3887 2004 3950 illius
2041 3888 2394 3950 studiorum
2426 3889 2706 3965 rationis,
2736 3908 2882 3970 qua
2921 3892 3389 3974 philosophiam
3422 3897 3636 3960 Plato-

362 4006 566 4067 nicam
600 4006 661 4061 et
694 3994 1144 4059 Aristotelicam
1175 4009 1372 4072 quum
1389 3991 1556 4052 inter
1586 4008 1677 4065 se,
1706 3996 1838 4052 tum
1866 4006 2013 4052 cum
2035 3989 2356 4069 theologia
2386 3991 2727 4060 Christiana
2747 3993 2963 4056 intime
2997 3995 3386 4075 conjungere
3410 4008 3641 4062 conata

362 4113 456 4168 est
479 4100 582 4182 (ὁ).
612 4095 932 4160 Sermonis
958 4098 1167 4155 autem
1184 4091 1634 4172 pr0prietatem
1657 4090 1828 4169 quod
1847 4091 2089 4164 attinet,
2115 4092 2235 4153 etsi
2260 4093 2396 4154 eius
2415 4100 2600 4155 tenor
2618 4093 2886 4155 subinde
2907 4095 3311 4174 Byzantinam
3341 4098 3638 4162 volubili-

362 4213 553 4268 tatem
583 4207 645 4264 et
675 4197 1103 4271 anhelantem,
1125 4199 1195 4254 ut
1218 4192 1304 4254 ita
1335 4191 1565 4265 dicam,
1590 4191 2162 4272 multiloquentiam
2192 4194 2422 4272 prodit,
2455 4195 2746 4256 universe
2773 4201 2986 4256 tamen
3030 4214 3221 4258 sanus
3248 4209 3341 4260 cst
3375 4206 3436 4262 et
3471 4220 3597 4282 qua
3616 4241 3634 4250 -

365 4310 489 4370 lem
527 4305 709 4366 decet
737 4315 876 4362 esse
901 4297 1037 4358 eius
1060 4341 1076 4369 ,
1117 4293 1226 4373 qui
1261 4291 1632 4370 scriptorem
1663 4293 2248 4372 eloquentissimum
2279 4295 2748 4375 interpretatur.
2786 4293 3181 4376 Quid'lquod
3214 4299 3379 4362 Elias
3412 4300 3641 4366 dictio-

367 4411 466 4473 nis
497 4411 562 4470 in
589 4403 892 4483 Gregorio
915 4397 1289 4478 elegantiam
1313 4395 1535 4458 sedulo
1564 4396 1868 4472 imitatur,
1895 4397 2025 4460 imo
2052 4397 2367 4459 interdum
2389 4415 2690 4478 superare
2718 4398 2991 4461 voluisse
3009 4399 3254 4461 videtur
3289 4402 3390 4482 (c).
3416 4405 3644 4476 Quam-

367 4527 556 4591 quam
605 4506 775 4568 idem
819 4503 888 4564 in
931 4509 1112 4573 λέξεσι
1157 4514 1340 4559 suum
1371 4513 1574 4558 avum
1615 4496 1784 4558 haud
1831 4516 1906 4560 rat

2099 4497 2255 4572 odit,
2297 4498 2364 4558 in
2402 4500 2632 4578 quibus
2671 4500 2962 4580 quadam
3014 4512 3398 4584 ὐποὸἀρσαρα,
3442 4507 3638 4569 multa

369 4614 825 4683 amateyépsva,
858 4598 1054 4661 multa
1093 4599 1246 4660 item
1275 4595 1574 4659 audacter
1613 4597 1909 4658 innovata
1937 4605 2266 4677 apparent,
2315 4603 2384 4658 ut
2413 4599 2547 4676 ejus
2577 4599 3019 4663 Commentarii
3049 4618 3086 4662 a
3129 4603 3382 4665 nemine
3417 4620 3641 4666 eorum

371 4705 732 4786 negligendi
764 4703 912 4774 sint,
943 4701 1052 4781 qui
1084 4698 1450 4780 posterioris
1480 4698 1824 4759 Gracitatis
1857 4697 2188 4759 thesauros
2232 4715 2462 4775 augere
2491 4699 2765 4760 student.

455 4813 602 4871 Hac
635 4803 846 4868 omnia
889 4817 1083 4881 quum
1114 4800 1199 4860 ita
1229 4816 1296 4860 se
1327 4799 1618 4872 habeant,
1669 4816 1995 4878 quumque
2038 4798 2203 4860 Elias
2236 4800 2600 4878 primarius,
2635 4808 2700 4860 ut
2725 4800 2892 4862 illius
2923 4802 3061 4875 avi,
3095 4804 3365 4882 scriptor
3393 4805 3642 4869 haben-

377 4913 494 4974 dus
526 4910 626 4981 sit,
661 4923 777 4984 ego
806 4904 928 4965 iam
961 4907 1105 4962 ante
1135 4899 1252 4961 hos
1281 4899 1643 4978 quindecim
1671 4916 1893 4973 annos,
1920 4901 2211 4963 Codiccm
2241 4900 2662 4962 Basilecnsem
2695 4902 3028 4963 terendum
3060 4912 3301 4980 nactus,
3335 4907 3469 4968 eius
3503 4925 3646 4986 par-

379 5017 492 5076 tim
524 5011 743 5074 saltem
781 5003 1011 5067 edendi
1051 5001 1386 5063 consilium
1424 5000 1567 5079 cepi
1609 5016 1882 5080 eumquc
1915 4997 2318 5082 excerpendo
2349 5003 2618 5064 excussi.
2650 5006 2779 5076 Qua
2806 5005 3062 5082 quidem
3091 5007 3158 5067 in
3187 5024 3255 5069 re
3283 5006 3346 5067 id
3382 5008 3642 5086 potissi-

378 5134 549 5178 mum
579 5109 876 5192 spectavi,
907 5112 976 5166 ut
1001 5101 1222 5164 sedulo
1252 5107 1642 5176 annotarem,
1673 5104 1902 5183 quibus
1931 5105 2130 5166 Eliam
2160 5105 2225 5165 in
2287 5121 2517 5181 genere
2557 5104 2918 5183 theologico
2949 5113 3011 5168 et
3051 5107 3374 5187 philologo
3436 5107 3650 5172 excel-

452 5256 529 5325 (a)
565 5251 690 5306 Vid.
717 5238 991 5327 Ullmailn.
1020 5241 1223 5327 (ξηροί
1264 5245 1747 5327 υριιιζγαξὶίςιηικρ.
1772 5247 1832 5300 51
1871 5264 1956 5316 sq.
2067 5248 2710 5327 toliicorinnsuamtatis
2730 5251 3100 5327 adversarius,
3126 5253 3179 5308 in
3205 5253 3455 5309 doctrina
3480 5256 3646 5310 (Ἀπί-

380 5312 472 5398 qui
506 5312 750 5398 Socratis
782 5312 1161 5398 testimoniarm.
1181 5313 1245 5367 Η.
1287 5312 1582 5398 I‘£.I_IV,.‘26.
1615 5312 1919 5398 adfert,_tr:;

2108 5318 2321 5398 ianaaD
2344 5312 3107 5398 illis_}:ipdicandaPlatonica
3128 5338 3252 5398 cum
3280 5326 3647 5398 Aristotelicis

383 5383 566 5452 dentis
587 5435 600 5456 ,
629 5391 959 5466 Gregorium
985 5386 1260 5440 audivisse
1293 5383 1604 5439 Libanium.
1640 5384 1880 5442 Himerio
1907 5395 1962 5442 et
2064 5389 2426 5466 cpmmiscqit.
2450 5387 2577 5466 Vi_d_.
2593 5389 2747 5446 Gass.
2774 5389 3077 5466 Gennadius
3099 5393 3412 5466 aadgl’lgtha
3435 5383 3647 5465 (Vi-ali?-

383 5463 687 5522 Proaresio
717 5458 994 5536 magistris
1026 5470 1186 5510 usum
1213 5470 1355 5536 esse.
1404 5523 1438 5536 ῃ
1699 5526 1712 5536 _
1756 5524 1794 5536 ﬁ

2082 5459 2206 5536 ilav.
2235 5458 2392 5536 48.14)
2428 5475 2479 5528 p.
2507 5459 2577 5512 77
2601 5476 2689 5536 sq.
2717 5463 2808 5528 qui
2829 5463 2974 5536 ibid.
3013 5478 3065 5532 Ρ.
3102 5465 3170 5536 βο
3189 5464 3258 5518 de
3296 5458 3621 5520 Bessarionc

457 5510 913 5606 ξδ’ῥᾘᾷςιῖέιῖῖάε
946 5526 1062 5580 hac
1096 5526 1290 5606 _studia
1325 5523 1538 5606 radices
1573 5526 1715 5606 apud
1755 5524 1964 5606 DvZan-
2066 5510 2450 5606 Aristotelicbs
2467 5510 3257 5606 vcuin‘Pila-tonimsco'iicﬁiare
3280 5510 3647 5600 «Bifiiéjiﬁé'.

345 5640 352 5664 1
383 5595 529 5662 tinos
557 5595 789 5676 egerint,
828 5603 1169 5676 argumento
1199 5603 1284 5675 est
1325 5595 1482 5676 illud,
1523 5596 1670 5676 quod
1695 5597 1800 5676 vel-
1821 5595 1964 5676 (ἑξη-
2067 5598 2209 5676 nuit,
2237 5614 2415 5676 neque
2438 5607 2622 5654 tamen
2654 5601 2755 5654 hoc
2777 5605 3324 5676 argumenturnsatis
3355 5595 3650 5674 explicuit.

385 5664 958 5735 nadius‘Scholariu's,
991 5664 1382 5723 acerbissimus
1425 5664 1706 5722 Plethonis
1753 5673 1809 5723 et
1840 5665 1966 5721 Pla-
2140 5670 2210 5740 (c)
2235 5664 2760 5741 Cont'erantur,qua:
2788 5664 2950 5743 su'pra
2968 5689 3090 5746 pag.
3109 5673 3210 5728 747
3237 5664 3649 5733 antiota'vimus.
