3856 6222
113 334 227 389 829

1030 336 1100 392 ΙΝ
1133 337 1192 394 S.
1235 337 1538 394 CREGOR.
1581 337 1911 393 NAZIANZ.
1954 338 2349 397 OBATIONES
2387 339 2524 397 XIX.

3293 345 3397 400 850

108 452 240 504 ἀντί
259 453 370 506 τοῦ
411 453 676 524 οὐδαμῶς.
709 453 842 508 πολὺ
863 455 920 509 δὲ
953 457 1111 511 τοῦτο
1146 461 1296 532 παρά
1332 463 1396 531 τῇ
1426 460 1717 531 τραγῳδίᾳ
1749 469 1795 524 Α
1889 461 1951 517 F.
1979 464 2080 518 160
2101 465 2200 519 r.i.
2225 466 2324 536 τῆς
2349 466 2475 536 ὅλης
2492 465 2742 538 θεότητος
2763 467 2865 536 τῆς
2884 467 2941 520 ἐν
2974 467 3145 539 Πατρί
3167 469 3258 524 καὶ
3288 469 3400 541 Υἱῷ

112 547 212 597 καὶ
243 547 374 606 τοῖς
409 544 688 614 κωμικοῖς
708 546 802 600 καὶ
831 546 910 619 τῷ
941 549 1213 604 Πλάτωνι
1249 550 1371 605 ἀντὶ
1396 551 1721 620 ἀποφάσεως

112 634 573 707 λαμδανόμενον.

187 726 255 780 Ρ.
290 727 428 794 562,
453 727 552 800 Β.)
589 727 650 783 Ρ.
678 731 781 786 157
812 747 862 787 ν.
900 749 950 790 s.
984 733 1326 806 ἄφραστος...
1363 736 1458 790 καὶ
1483 735 1724 807 ἀνερμή-

111 835 317 883 νευτος
350 820 449 873 καὶ
481 823 684 886 παντὸς
713 821 871 893 λόγου
899 824 1154 878 ἐπέκεινα
1185 827 1214 879 6
1240 826 1439 898 τρόπος
1463 825 1563 896 τῆς
1603 825 1724 878 τού-

115 927 229 964 των
260 910 378 982 (sc.
403 911 511 966 τῶν
530 913 697 984 τριῶν
729 914 1059 987 προσώπων)
1091 918 1426 986 ἐκφάνσεως.

191 1003 258 1056 Ρ.
293 1004 431 1071 562,
461 1005 524 1060 C.
555 1005 645 1078 D.)
672 1007 805 1074 Quae
839 1007 1137 1080 Gregorius
1161 1010 1217 1065 h.
1249 1012 1286 1066 1.
1311 1013 1380 1067 de
1421 1014 1573 1067 varia
1604 1016 1725 1070 ani-

118 1095 370 1150 malium
397 1098 750 1167 generatione
783 1097 940 1163 dicit,
966 1098 1114 1156 Elias
1137 1099 1174 1156 f.
1207 1101 1310 1157 158
1348 1120 1393 1158 ι·.
1428 1123 1477 1160 s.
1508 1108 1575 1161 ab
1602 1108 1726 1162 Ari-

123 1188 327 1240 stotele
359 1188 430 1243 de
471 1187 614 1244 Hist.
647 1188 905 1243 Animall.
937 1198 992 1246 et
1033 1191 1102 1248 de
1133 1192 1388 1251 General.
1415 1195 1595 1252 Anim.
1629 1215 1724 1268 pe-

125 1278 234 1332 tita
276 1294 414 1334 esse
440 1288 590 1335 recte
625 1281 806 1337 docet.
852 1281 1167 1340 Phoenicem
1198 1301 1226 1338 a
1255 1285 1517 1358 Gregorio
1545 1291 1725 1347 verbis

126 1385 181 1439 p.
216 1369 356 1435 562,
383 1369 447 1424 Ι).
481 1373 530 1425 εἰ
579 1371 638 1425 δέ
667 1389 746 1443 τῳ
777 1373 853 1444 (1)
885 1375 1075 1440 πιστὸς
1100 1378 1128 1429 6
1160 1375 1318 1446 λόγος
1357 1388 1466 1435 cet.
1496 1381 1726 1453 intelligi

129 1459 282 1516 Elias
320 1462 364 1516 f.
394 1463 496 1517 158
525 1481 570 1518 ι·.
601 1480 675 1518 m.
699 1465 878 1528 docet,
906 1467 999 1520 ubi
1029 1469 1277 1537 pluribus
1311 1471 1377 1525 de
1410 1471 1510 1526 ista
1545 1471 1725 1528 fabula

127 1556 388 1623 exponit.
422 1556 570 1609 Idem
604 1555 640 1609 l‘.
670 1557 771 1611 158
799 1573 842 1610 r.
881 1557 916 1611 i.
944 1559 1012 1612 ad
1054 1560 1250 1615 verba:
1282 1567 1588 1640 gamma;
1617 1567 1727 1634 φύ-

128 1644 313 1712 σεως)
343 1646 570 1714 ὲμπίδες
607 1646 664 1713 ἐξ
704 1649 1008 1718 ἀσκαρίδων
1041 1651 1121 1712 εἰς
1138 1652 1370 1721 ἐμπίδας
1401 1653 1728 1726 μεθιστάμε-

129 1751 220 1788 ναι
264 1736 370 1790 καὶ
398 1739 854 1809 μεταποιούμεναι
902 1741 1270 1814 μεγαλουργίᾳ
1325 1746 1418 1798 καὶ
1456 1747 1724 1818 ὑπερϐολῇ

133 1826 337 1894 σοφίας
375 1828 474 1881 καὶ
515 1828 814 1900 δυνάμεως.

207 1916 270 1970 Ρ.
307 1917 442 1982 562,
494 1917 556 1972 1).
589 1919 710 1973 τῶν
737 1921 1060 1991 ἡμετέρων)
1090 1921 1149 1976 Ρ.
1198 1923 1301 1979 158
1333 1943 1382 1979 ν.
1420 1942 1465 1980 s.
1499 1927 1607 1980 τῶν
1631 1928 1728 1998 τῆς

134 2006 420 2076 ἡμετέρας
450 2009 687 2078 γραφῆς.
720 2009 1043 2079 lbid.paullo
1073 2020 1199 2067 ante
1229 2013 1465 2068 locutio:
1500 2016 1567 2068 τὰ
1593 2015 1727 2080 ἔξω·

133 2096 228 2149 θεν
263 2100 363 2152 καὶ
400 2097 704 2169 Ἑλληνικά.

208 2187 270 2240 Ρ.
308 2189 418 2244 158
449 2204 500 2242 v.
549 2206 624 2244 ul.
677 2191 880 2246 locutio
911 2211 925 2247 :
955 2194 1022 2264 τῇ
1070 2193 1283 2266 ἀνάγκῃ
1325 2195 1429 2266 τῆς
1472 2195 1729 2267 ἀληθείας

139 2277 454 2341 πιέζεσθαι.

207 2367 271 2422 Ρ.
305 2369 437 2437 565,
462 2369 528 2424 Δ.
566 2372 664 2424 ἐπὶ
686 2371 755 2426 δὲ
791 2374 1016 2428 τούτων
1046 2375 1298 2445 θεωρῶν,
1337 2379 1418 2444 ὡς
1459 2379 1556 2432 ἐπὶ
1579 2393 1729 2447 σκη-

137 2455 277 2525 νῆς,
321 2459 398 2512 τὰ
430 2460 749 2529 νοούμενα)
779 2460 841 2516 Ρ.
868 2462 972 2518 158
1013 2479 1066 2517 ν.
1093 2463 1132 2518 ἱ.
1159 2464 1273 2517 ἀλλ’
1301 2466 1394 2518 ἐπὶ
1421 2466 1529 2519 τῶν
1559 2469 1730 2521 τοιού-

137 2565 267 2614 των,
290 2549 372 2612 ὡς
395 2551 490 2602 ἐπὶ
528 2551 734 2615 εἰκόνος
781 2553 924 2616 τινὸς
969 2554 1061 2606 καὶ
1099 2556 1367 2619 εἰκασίας,
1409 2556 1628 2628 θεωρῶν
1659 2559 1726 2612 τὰ

142 2641 310 2710 νοητά
343 2641 440 2694 καὶ
471 2640 607 2695 θεῖα.
659 2642 926 2714 νοούμενα
955 2644 1062 2717 γὰρ
1101 2645 1277 2700 ταῦτα
1319 2647 1491 2712 καλεῖ,
1528 2648 1730 2721 σκηνὴν

141 2730 196 2782 δὲ
227 2731 332 2796 τάς
377 2733 612 2798 εἰκόνας,
658 2734 756 2798 τάς
804 2736 1072 2800 εἰκασίας.
1121 2737 1189 2791 τά
1239 2739 1470 2809 σκηνικά
1502 2739 1577 2812 (2)
1621 2741 1731 2814 γὰρ

143 2820 261 2890 ἦτοι
292 2822 535 2893 τραγικά
578 2825 785 2889 εἰκόνες
807 2821 949 2897 ἦσαν
987 2827 1080 2881 καὶ
1117 2830 1353 2884 εἰκασίαι
1409 2831 1518 2884 τῶν
1564 2831 1731 2886 πάλαι

145 2913 472 2982 γενομένων.

215 3001 426 3069 Ρ.565,
458 3006 522 3057 Α.
559 3003 681 3058 τῶν
711 3005 1124 3076 είκαζομένων)
1149 3005 1210 3060 Ρ.
1241 3007 1344 3062 158
1371 3023 1421 3066 v.
1459 3009 1496 3063 i.
1521 3009 1629 3064 τῶν
1655 3010 1733 3075 εἰς

145 3094 397 3148 εἰκασίαν
420 3094 1014 3167 παραλαμϐανομένων.

216 3183 278 3242 Ρ.
313 3186 444 3251 565,
477 3187 537 3241 Β.
558 3189 615 3241 τί
645 3184 760 3243 οὖν
786 3189 957 3260 :cet.)
983 3186 1044 3244 F.
1076 3190 1182 3246 159
1215 3207 1261 3245 ι·.
1287 3207 1333 3247 s.
1368 3191 1459 3256 οὒς
1484 3192 1582 3262 (sc.
1619 3194 1727 3249 ha-

149 3279 369 3350 relicos)
409 3282 439 3331 6
469 3280 663 3350 μέγας,
690 3279 761 3334 τά
793 3281 1076 3351 διαλογικά
1117 3283 1452 3355 μιμούμενος
1485 3285 1728 3340 Πλάτωο

149 3383 252 3434 νος
279 3369 420 3441 πρὸς
449 3371 527 3439 (5)
552 3369 652 3433 τὰς
685 3371 984 3442 ἐρωτήσεις
1016 3373 1110 3425 καὶ
1150 3374 1489 3446 ἀποκρίσεις,
1535 3376 1599 3428 ἐκ
1635 3375 1728 3428 τοῦ

154 3462 256 3532 πρὸ
283 3462 582 3534 ὀφθαλμῶν
604 3463 698 3516 καὶ
733 3462 896 3516 πάλιν
926 3462 1002 3534 (At)
1034 3464 1272 3535 ἐλέγχων
1312 3465 1728 3536 ὑποδείγματος,

152 3550 385 3606 δείκνυσι
411 3554 512 3624 τὴν
538 3552 687 3609 Εὕαν
713 3563 819 3608 cet.

222 3643 282 3700 Ρ.
313 3646 442 3710 563,
476 3645 538 3699 Β.
585 3645 785 3712 καλῶς
809 3645 1002 3718 ἔχειν)
1035 3644 1094 3700 Ρ.
1131 3647 1233 3702 159
1263 3661 1308 3702 r.
1362 3663 1410 3702 s.
1457 3645 1564 3698 τῶν
1606 3647 1735 3700 ἀπο·

153 3735 366 3802 δείξεων
397 3737 620 3810 δηλαδή,
651 3739 818 3809 ἤγουν
852 3736 1165 3808 ἀρκούντως
1203 3753 1262 3790 τε
1294 3737 1389 3790 καὶ
1443 3735 1732 3799 ἰκανῶς-.

159 3826 241 3879 νει
276 3843 292 3883 :
330 3827 734 3880 πεπιστευκότα
762 3826 863 3897 ήδη
901 3828 1022 3890 ταῖς
1049 3826 1352 3892 ἀποδείξεσι
1380 3833 1485 3879 cet.

224 3917 284 3972 Ρ.
316 3919 417 3974 159
458 3935 506 3973 ι·.
543 3918 581 3973 i.
613 3919 680 3972 de
709 3917 943 3986 Spiritus
972 3928 1202 3972 sancto:
1231 3920 1288 3972 ἐν
1305 3916 1520 3987 αὐτῷ...
1552 3916 1643 3969 καὶ
1668 3916 1732 3970 δι’

159 4008 362 4084 αὑτοῦὴ
387 4009 662 4081 προσευχὴ
675 4011 707 4081 ἡ
714 4008 829 4080 μῶν
849 4010 1197 4064 εὐοδοῦταίτε
1219 4013 1312 4064 καὶ
1324 4008 1731 4062 κατευθύνεται.

227 4099 284 4158 δ’.
315 4101 415 4156 159
447 4118 500 4155 v.
533 4115 580 4160 s.
609 4101 847 4154 locutio:
878 4103 959 4165 εἰς
983 4100 1248 4170 ὠφέλειαν
1273 4099 1461 4172 ψυχῶν
1491 4099 1727 4171 δοθῆναι,

160 4187 225 4246 de
245 4193 689 4258 charismatibus,
727 4193 963 4263 itemque
998 4192 1372 4268 χορηγεῖσθαι.

1825 557 1920 610 καὶ
1943 557 2081 627 ἁγίῳ
2111 558 2388 629 Πνεύματι
2411 559 2810 630 θεωρουμένης.

1893 647 1954 702 Ρ.
1987 649 2108 715 564,
2132 648 2194 704 C.
2224 647 2456 719 ἐρήμην
2475 649 2721 705 ἁλῶναι)
2751 649 2812 705 Ρ.
2836 652 2937 708 160
2966 671 3014 706 ν.
3048 670 3093 707 s.
3125 653 3400 712 τουτέστιν

1823 733 2241 814 ἀναπολογήτως
2256 742 2589 816 κρατηθῆναι
2604 761 2662 796 τε
2682 745 2774 798 καὶ
2795 745 3110 814 ἡττηθῆναι.
3134 745 3400 819 παροιμία

1823 830 1881 883 δὲ
1903 831 2082 896 τοῦτο,
2108 832 2375 904 λεγομένη
2409 833 2502 886 ἐπὶ
2527 832 2636 886 τῶν
2658 832 3078 906 ἀναπολογήτως
3106 831 3401 887 καταδικα-

1825 921 2087 991 ζομένων.

1894 1012 1956 1068 Ρ.
1991 1015 2111 1069 160.
2135 1033 2186 1069 v.
2219 1032 2292 1070 m.
2323 1016 2525 1070 locutio
2553 1036 2566 1070 :
2601 1018 2727 1087 μιᾶς
2761 1011 2897 1069 εἶναι
2943 1016 3155 1085 φύσεως
3177 1015 3270 1069 καὶ
3301 1014 3403 1084 ὑφ’

1824 1107 1920 1159 ἕνα
1945 1106 2102 1175 λόγον
2126 1107 2217 1161 τὸν
2247 1107 2348 1178 τῆς
2372 1108 2560 1171 οὐσίας
2589 1107 2906 1177 ἀνάγεσθαι.

1897 1196 1961 1251 Ρ.
2000 1198 2103 1251 160
2127 1215 2178 1254 ν.
2217 1199 2255 1255 i.
2287 1197 2383 1268 τὴν
2420 1200 2479 1252 ἐν
2509 1199 2698 1271 Τριάδι
2739 1199 3117 1270 θεωρουμένην
3151 1198 3398 1268 θεότητα.

1897 1289 1956 1342 Ρ.
1994 1289 2119 1352 565,
2151 1291 2241 1359 Α.)
2265 1287 2324 1343 Ρ.
2354 1289 2448 1343 161
2484 1307 2529 1343 r.
2578 1306 2651 1342 ιη.
2679 1284 2760 1352 οἷς
2785 1289 2894 1360 γὰρ
2921 1289 2986 1342 ἂν
3015 1289 3172 1358 ὑμεῖς
3200 1287 3298 1358 τὴν
3322 1289 3402 1340 δι-

1827 1380 1976 1434 θεῖαν
2009 1381 2458 1452 ἀποσκευάσησθε
2507 1381 2683 1450 λόγοις
2703 1421 2718 1446 ,
2743 1381 2948 1444 τούτοις
2994 1380 3088 1434 καὶ
3114 1382 3275 1451 ἡμεῖς
3301 1381 3402 1451 τὴν

1825 1471 2065 1543 τριθεῖαν
2086 1471 2557 1542 ἀποκρουσόμεθα.

1896 1561 1958 1615 Ρ.
1988 1561 2110 1627 565,
2141 1561 2198 1614 Β.
2235 1561 2383 1631 πρὸς
2412 1561 2482 1615 ἓν
2511 1562 2583 1616 τὰ
2619 1561 2689 1626 ἐξ
2720 1562 2905 1616 αὐτοῦ
2943 1561 3059 1628 τὴν
3093 1560 3402 1629 ἀναφορὰν

1828 1653 1974 1722 ἔχει)
2005 1652 2067 1708 Ρ.
2096 1651 2188 1706 161
2228 1669 2272 1706 r.
2313 1669 2387 1706 m.
2429 1653 2564 1723 πρὸς
2592 1653 2686 1705 ἕνα
2715 1653 2803 1705 τὸν
2835 1651 3050 1722 Πατέρα
3084 1651 3176 1704 καὶ
3203 1649 3403 1719 προϐο-

1827 1741 1945 1804 λέα,
1979 1739 2054 1804 ὡς
2080 1740 2216 1810 πρὸς
2242 1739 2433 1803 αἴτιον,
2457 1739 2523 1792 τὰ
2552 1739 2608 1805 ἐξ
2631 1739 2814 1804 αὐτοῦ,
2851 1741 2968 1809 ἦτοι
2995 1742 3023 1793 6
3058 1738 3180 1802 Υἰδς
3219 1739 3311 1792 καὶ
3341 1737 3402 1789 τὸ

1698 1797 1724 1818 δ’
1758 1797 1802 1856 Β
1833 1797 1986 1898 ἅγιον
2014 1797 2256 1899 Ῑίνεξιμα,
2281 1828 2376 1900 τὴν
2403 1797 2676 1900 ἀναφορὰν
2711 1797 2842 1900 Elei.

1903 1920 1962 1973 P.
1994 1919 2099 1975 565
2121 1960 2135 1984 ,
2165 1919 2224 1974 Β.
2264 1919 2406 1974 οὐδέ
2446 1937 2499 1974 τι
2537 1918 2655 1973 τῶν
2689 1920 2805 1976 ὅσα
2840 1920 2965 1986 τοῖς
2988 1919 3293 1990 μεριστοῖς
3321 1916 3402 1992 [5]

1831 1993 2118 2078 ὑπάρχει,
2150 2012 2455 2066 κάνταῦθα
2506 2012 2712 2066 λαϐεῖν
2757 2011 2962 2079 ἔστιν)
2997 2010 3058 2065 Ρ.
3113 2011 3204 2065 161
3247 2028 3300 2065 ν.
3352 2026 3403 2066 s.

1832 2101 2049 2172 ᾐνίξατο
2078 2102 2154 2173 (6)
2183 2104 2282 2166 τάς
2307 2121 2366 2156 τε
2398 2104 2639 2172 γενέσεις
2669 2104 2762 2157 καὶ
2810 2103 3036 2175 φθοράς,
3064 2103 3161 2167 τάς
3193 2103 3403 2174 τροπάς

1832 2212 1890 2247 τε
1929 2196 2023 2248 καὶ
2057 2195 2157 2259 τὰς
2199 2195 2533 2259 ἀλλοιώσεις,
2562 2195 2630 2247 δι’
2655 2193 2722 2258 ἃς
2775 2195 2895 2247 οὐδὲ
2927 2195 2956 2247 6
2987 2192 3081 2247 τοῦ
3119 2192 3406 2264 ἀνθρώπου

1832 2293 1989 2361 λόγος
2010 2290 2086 2360 (7)
2112 2290 2200 2342 ἀεὶ
2224 2291 2280 2340 ἐν
2311 2289 2422 2350 τοῖς
2449 2286 2631 2349 αὐτοῖς
2654 2285 2878 2355 ἀτόμοις
2900 2286 3066 2355 ἤγουν
3097 2284 3407 2357 προσώποις

1834 2382 2138 2450 θεωρεῖται,
2169 2376 2278 2430 τῶν
2313 2375 2413 2445 μὲν
2458 2374 2787 2444 οἰχομένων,
2814 2372 2989 2427 ἀλλων
3029 2373 3086 2426 δὲ
3118 2373 3405 2444 εἰσαγομέ-

1833 2489 1960 2532 νων,
1986 2470 2054 2523 δι⁹
2083 2469 2149 2542 ἣν
2181 2467 2361 2521 αἰτίαν
2387 2464 2807 2534 ἀναγκαζόμεθα
2846 2465 2940 2519 καὶ
2972 2465 3200 2528 πολλοὺς
3230 2463 3408 2532 λέγειν

1835 2563 2152 2633 ἀνθρώπους
2189 2561 2284 2614 καὶ
2323 2559 2558 2626 ὀλίγους,
2611 2557 2756 2628 ἀπερ
2798 2557 2898 2612 οὐκ
2941 2556 3087 2610 ἐστιν
3121 2557 3242 2610 οὐδὲ
3283 2557 3408 2628 νοῆ-

1836 2673 1926 2708 σαι
1955 2654 2031 2722 (8)
2063 2652 2200 2715 ὅλως
2225 2649 2476 2703 ἐνταῦθα.

1905 2742 1967 2798 Ρ.
2016 2741 2106 2797 161
2155 2757 2207 2795 ν.
2238 2757 2286 2796 s.
2309 2738 2400 2806 (ad
2430 2754 2443 2790 :
2474 2737 2796 2807 ἀμέριστος
2840 2736 2912 2791 ἐν
2951 2735 3410 2806 μεμερισμένοις

1837 2837 1941 2892 565
1968 2835 2066 2904 Β.)
2101 2833 2396 2905 ἀμέριστος
2434 2830 2545 2901 γάρ
2590 2831 2625 2901 ἡ
2674 2829 2865 2901 θεότης
2908 2830 2966 2882 ἐν
3003 2828 3153 2900 τρισὶ
3193 2826 3409 2900 προσώ-

1837 2945 1958 2991 ποις
1988 2927 2089 2996 (9).

1907 3015 1966 3071 Ρ.
2005 3016 2098 3071 161
2133 3033 2194 3070 ν.
2220 3029 2294 3068 m.
2317 3012 2576 3067 ἀδύνατον
2612 3009 2903 3082 εὑρεθῆναι
2934 3009 2990 3062 ἐν
3019 3009 3084 3080 τῇ
3117 3007 3288 3061 κτίσει
3331 3007 3410 3060 εἰ-

1757 3139 1800 3197 c
1838 3110 1969 3164 κόνα
2000 3107 2436 3197 ἀπαραλλάκτως
2490 3106 2550 3159 ἐν
2599 3104 2738 3197 αὐτῇ
2768 3102 2860 3197 τὸν
2886 3101 3085 3197 τρόπον
3111 3099 3219 3197 τῆς
3250 3098 3411 3197 ἁγίας

1834 3201 2060 3272 Τριάδος
2098 3195 2620 3270 παραδεικνύουσαν.
2649 3194 2710 3248 τὸ
2744 3192 2854 3264 γὰρ
2881 3191 3096 3246 κτιστὺν
3137 3191 3231 3245 καὶ
3283 3189 3409 3243 σύν-

1833 3293 1986 3345 θετον
2034 3290 2130 3344 καὶ
2177 3287 2399 3359 ρευστὺν
2453 3286 2549 3340 καὶ
2606 3283 2837 3356 τρεπτὸν
2892 3283 2986 3335 καὶ
3039 3280 3411 3352 περιγραπτὸν

1835 3383 1928 3437 καὶ
1951 3382 2138 3452 σχῆμα
2163 3379 2286 3451 ἐχον
2315 3379 2410 3432 καὶ⁵
2439 3376 2680 3448 φθαρτὸν
2714 3374 2831 3437 πῶς
2858 3373 3046 3442 σαφῶς
3064 3372 3294 3443 δηλώσει
3313 3370 3412 3441 τὴν

1838 3471 2056 3524 πάντων
2084 3469 2291 3523 τούτων
2319 3465 2750 3538 ἀπηλλαγμένην
2791 3462 3116 3535 ὑπερούσιον
3143 3462 3292 3517 θείαν
3323 3463 3414 3516 οὐ·

1841 3563 1962 3615 σίαν
1989 3577 2004 3626 ;

1907 3652 1970 3706 Ρ.
1999 3651 2092 3706 161
2129 3668 2180 3706 v.
2216 3650 2252 3704 i.
2282 3650 2409 3705 τὺ...
2433 3647 2874 3718 φανταζόμενον
2895 3645 3042 3717 (565,
3067 3644 3152 3718 C.)
3193 3645 3290 3718 τὴν
3321 3663 3412 3718 με-

1843 3745 2022 3815 ρικήν,
2053 3741 2166 3795 ἀλλ’
2198 3742 2260 3795 οὐ
2286 3741 2385 3812 τὴν
2417 3740 2630 3793 τελείαν
2657 3738 2860 3808 γνῶσιν
2889 3737 3207 3791 αἰνίττεται.

1911 3833 1974 3888 Ρ.
2007 3832 2132 3896 565,
2167 3830 2230 3886 c.
2268 3830 2358 3901 D.)
2415 3829 2477 3884 ιε’.
2514 3829 2617 3885 162
2654 3844 2703 3884 r.
2749 3843 2797 3884 ε.
2849 3827 2958 3880 τῶν
3003 3827 3268 3898 Ἐλλήνων
3313 3827 3411 3882 6...

1843 3924 2008 3988 πολὺς
2043 3924 2155 3994 (10)
2194 3923 2292 3978 καὶ
2318 3921 2666 3994 συρφετώδης
2702 3919 2857 3991 ὄχλος
2895 3919 2994 3990 τὴν
3021 3919 3195 3972 κτίσιν
3245 3909 3415 3988 αὐτὴν

1841 4017 1935 4070 καὶ
1954 4015 2023 4068 τά
2047 4017 2105 4068 ἐν
2126 4017 2192 4085 τῇ
2226 4013 2403 4067 κτίσει
2434 4011 2802 4081 ἐθεοποίησεν.
2823 4041 2892 4050 -
2913 4009 2961 4061 οἰ
2990 4007 3048 4062 δέ
3069 4025 3132 4077 γε
3161 4007 3414 4061 τελεώτε-

1839 4121 1923 4174 ροι
1949 4101 2174 4166 τούτων,
2199 4099 2448 4156 Πλάτων
2481 4115 2540 4152 τε
2573 4099 2668 4151 καὶ
2706 4095 3122 4166 Ἀριστοτέλης
3154 4095 3245 4149 καὶ
3265 4096 3413 4150 ἄλλοι

1834 4195 1942 4249 τῶν
1965 4212 2023 4248 τε
2051 4193 2156 4266 πρὸ
2179 4193 2358 4246 αὐτῶν
2380 4190 2598 4246 καὶτῶν
2627 4191 2742 4260 μετ’
2763 4189 2980 4254 αὐτούς,
3011 4183 3101 4241 ἐπί
3123 4204 3270 4251 τινας
3299 4188 3414 4240 ἐτέ-

228 4281 286 4336 Ρ.
323 4284 425 4340 159
461 4301 514 4339 ν.
564 4285 602 4342 i.
652 4285 827 4339 πάντα
883 4283 1212 4354 διορθώσατο
1260 4283 1328 4338 τὰ
1381 4283 1730 4355 ὐφορμοῦντα
1762 4271 1807 4326 Ῑ)
1838 4303 1936 4358 ρας
1971 4285 2144 4358 ἀρχάς
2179 4284 2290 4353 (11)
2323 4282 2656 4353 ἀνήχθησαν.

165 4377 322 4432 κακά.

228 4465 286 4519 F.
325 4467 430 4522 160
454 4483 501 4521 ι·.
532 4483 579 4524 s.
611 4468 692 4537 (τὸ
709 4466 932 4540 Πνεῦμα
959 4467 1018 4520 τὸ
1049 4468 1224 4536 ἀγιον)
1246 4467 1576 4538 ἐξῄρηται...
1604 4469 1732 4523 πάν-

163 4571 263 4608 των
290 4557 397 4610 τῶν
430 4558 754 4627 γεγονότων,
781 4556 856 4620 ώς
891 4557 968 4628 μὴ
994 4558 1238 4630 γεγονός.

165 4716 323 4775 £977
357 4740 407 4778 ν.
457 4740 530 4778 In.
565 4725 632 4778 de
677 4739 741 4779 ea
789 4723 1021 4779 monuit.
1051 4721 1173 4778 Vid.
1199 4721 1316 4780 VV.
1355 4722 1462 4778 DD.
1495 4723 1563 4778 ad
1613 4724 1741 4780 Gre-

198 4805 276 4847 or.
297 4793 426 4848 Cor.
477 4792 599 4859 Nl,
629 4795 730 4849 145
757 4809 840 4862 sq.
871 4794 975 4848 878
1006 4794 1093 4848 ed.
1154 4794 1370 4848 Schaef.
1424 4792 1640 4850 Locella
1685 4804 1740 4848 et

204 4862 490 4932 eerlkamp.
511 4864 580 4916 ad
604 4863 840 4930 Xenoph.
869 4863 1126 4932 Ephes.p.
1158 4863 1280 4917 569.
1313 4863 1637 4918 Boissonad.
1669 4863 1739 4917 ad

167 4925 414 5004 ΡΙιίιοειν.
438 4925 580 5004 Her.
606 4949 660 5004 p.
692 4925 818 5004 2Ἰρ-
858 4925 976 5004 Αέῑ·
995 4925 1194 5004 Lai-,1)
1199 4932 1295 4986 la"
1330 4933 1394 5004 Τ·
1426 4935 1460 4989 3
1484 4973 1498 4997 ν
1527 4948 1577 5002 p'
1609 4934 1732 5004 ηδ’

167 4997 408 5072 Ceterum
454 4997 625 5059 Elias'
649 5021 717 5058 ex
765 5003 948 5058 Basilii
993 5003 1204 5058 scholio
1233 5003 1494 5072 profecit,
1528 4997 1674 5071 Quod
1705 5019 1737 5059 e

169 5069 282 5142 cod.
305 5071 518 5142 Dionae.
538 5074 628 5136 51,
651 5073 688 5126 ί.
715 5072 818 5128 586
839 5088 885 5126 ι’.
917 5075 974 5126 in
1009 5069 1374 5142 Appendicem
1420 5069 1732 5130 retulimus.

232 5140 307 5212 (1)
340 5140 546 5212 Vulgo:
573 5143 782 5202 εἰδέτω.
814 5140 1076 5212 pessime}
1099 5141 1254 5208 Quod
1281 5142 1356 5212 _C.
1390 5157 1455 5198 ex
1486 5143 1734 5212 pluribus

365 5202 630 5282 rep'bsuil,
653 5215 701 5266 εἰ
732 5213 788 5266 δέ
812 5202 912 5282 τῳ,
935 5202 1261 5282 conﬁrmant
1279 5210 1340 5265 Β.
1377 5202 1542 5282 (ιυίἐί
1578 5212 1636 5266 δέ
1654 5229 1734 5267 τω

172 5271 448 5354 ἰιειίὶειςειί
469 5281 551 5343 El.
577 5271 629 5337 1.’
646 5299 696 5338 c.
721 5282 815 5354 qui
845 5271 908 5335 ἐί
926 5281 984 5335 δέ
1005 5299 1112 5335 τινι
1139 5271 1556 5354 interpretatur.

233 5347 303 5424 (3)
337 5351 472 5424 de.
502 5371 517 5407 :
554 5347 822 5424 σκηνηκά.

233 5415 303 5489 (5)
341 5421 484 5492 Πρὸς
502 5415 766 5478 ευιιιὶηὲδ
790 5420 1004 5492 pum-tis
1018 5427 1346 5486 notatum,et
1361 5420 1428 5476 ad
1448 5421 1662 5492 signum
1681 5419 1728 5488 ",

174 5497 284 5548 post
312 5493 448 5561 πρὸς
475 5494 816 5563 adpositum,
841 5494 935 5563 καί.
966 5508 994 5542 a
1042 5509 1113 5552 ιιι.
1153 5508 1264 5547 rec.
1297 5507 1416 5563 mg.
1456 5493 1727 5563 refertur;

176 5563 450 5695 3)ἷᾶῗῖῗὲ
472 5560 655 5618 tamen
684 5573 828 5618 recte
851 5562 1109 5626 deletum,
1129 5578 1296 5632 quum
1326 5560 1462 5631 πρὸς
1491 5563 1561 5616 δη
1584 5561 1723 5630 quod

174 5637 345 5684 ριιιηει
375 5637 444 5684 ad
477 5662 565 5684 —-.

239 5699 310 5772 (ξ)
348 5697 606 5772 [fortasse
630 5701 913 5772 legendum
936 5699 1234 5772 91:31am}.

237 5765 309 5841 (ὅ)
349 5770 557 5847 Vulgo:
594 5765 892 5850 psp'wni';
939 5771 995 5826 C.
1035 5780 1213 5827 tamen
1249 5788 1310 5832 ex
1352 5770 1528 5833 uibus
1557 5769 1723 5842 Ἆρες.

1907 4375 1968 4430 Ρ.
2001 4375 2128 4439 565,
2153 4373 2240 4444 D.)
2275 4374 2338 4430 Ρ.
2384 4373 2489 4429 162
2525 4389 2572 4428 r.
2608 4389 2684 4426 m.
2721 4370 2942 4440 τοιαύτη
2979 4369 3077 4441 μὲν
3109 4367 3276 4440 ἡτῶν
3296 4368 3413 4422 ἐτε-

1829 4466 2101 4537 ροδόξων
2126 4459 2397 4536 ὑποφορὰ,
2423 4463 2709 4517 πολυθεϊαν
2729 4463 2969 4531 εἰσάγειν
3005 4462 3413 4527 σπουδαζόντων

1847 4556 1941 4612 καὶ
1975 4555 2215 4628 βαθμούς
2243 4571 2396 4617 τινας
2427 4553 2526 4622 τῆς
2556 4554 2684 4624 μιᾶς
2723 4551 2990 4622 θεότητος.

1841 4722 2082 4792 quinque
2113 4720 2266 4778 Colb.
2286 4717 2390 4792 _(_)r_.
2442 4719 2492 4771 1.
2533 4715 2657 4792 Per.
2689 4717 2876 4792 Cymb.
2931 4722 3238 4791 μεριστοίς,
3267 4715 3410 4786 quod

1841 4788 1902 4846 Β.
1937 4788 2244 4846 continuat.
2286 4789 2496 4860 Habent
2520 4789 2683 4842 etiam
2712 4788 2790 4841 th.
2825 4804 2870 4843 r.
2906 4788 3095 4860 θρίω.

1908 4862 1984 4931 (6)
2022 4862 2200 4916 Codex
2233 4879 2247 4913 :
2287 4858 2513 4931 φθορᾶς.

1906 4927 1982 5004 (7)
2023 4932 2192 5000 Λόγον
2212 4927 2361 5004 [ﬁlias
2394 4927 2676 5004 intelligit,
2707 4942 2866 5004 quem
2902 4929 3072 5004 Stgici
3111 4943 3411 4998 σπερματι-

1834 4996 1930 5056 κον
1953 4996 2170 5056 mam.
2199 5000 2356 5058 Couf.
2393 4996 2584 5052 annot.
2613 4996 2677 5050 ad
2712 4997 2750 5049 ί.
2790 4998 2848 5052 11
2886 5014 2932 5055 r.
2971 5001 3007 5054 i.

1905 5073 1982 5140 (8)
2016 5071 2196 5126 Verbo
2222 5070 2414 5140 νοῆσαι
2447 5066 2593 5123 Elias
2633 5065 2817 5120 λαϐεῖν
2860 5085 2948 5141 ap.
2996 5068 3225 5140 Gregor.
3260 5075 3409 5121 recte

1833 5141 2243 5216 interpretatur.
2377 5211 2411 5216 __
2488 5210 2503 5216 _
2547 5207 2596 5216 __
2833 5207 2873 5216 __
3023 5209 3034 5216 ,
3208 5205 3242 5216 ..
3311 5205 3323 5216 .

1902 5205 2222 5284 (94)"Locu_m
2257 5211 2412 5284 attuli
2437 5210 2506 5265 ad
2547 5207 2788 5284 Marcum
2831 5205 3409 5284 _Eugenicurppe‘im:

1837 5273 2117 5336 όεὲὶίίίιαιε
2145 5281 2391 5344 hominis,
2414 5296 2443 5333 a
2466 5296 2552 5334 me
2572 5279 2748 5348 primo
2781 5273 2987 5348 editum
3018 5280 3070 5332 iu
3104 5273 3408 5340 Zeitschrift

1837 5355 1926 5420 [iir
1957 5351 2042 5406 die
2068 5351 2377 5406 histories/ae
2412 5347 2704 5417 Tlceologie,
2724 5349 2882 5411 1845,
2913 5347 3011 5413 IV,
3044 5363 3096 5417 p.
3121 5348 3188 5400 47
3207 5355 3404 5420 _anuot.

1842 5415 1928 5477 17.
1961 5422 2050 5475 ubi
2085 5422 2298 5476 dicendi
2336 5436 2492 5475 usum
2525 5415 2790 5476 illustravi
2816 5461 2830 5484 ,
2863 5435 2928 5473 ex
2962 5415 3071 5487 quo
3098 5415 3402 5487 proiectura

1839 5491 1974 5548 illud
2001 5489 2248 5561 Gregorii
2276 5509 2290 5544 :
2320 5490 2629 5561 ἀμέριστος-
2646 5491 2703 5544 ἐν
2728 5488 3172 5561 μεμερισμένοις.

1907 5552 2244 5633 (10)_Cod.:
2305 5552 2520 5633 πόλλξίς.
2591 5552 3315 5633 confer'_egeinpla_liter:e
3372 5552 3405 5605 λ

1835 5628 1974 5689 male
2002 5628 2320 5700 duplicatae,
2359 5630 2395 5684 ί.
2429 5629 2530 5686 189
2562 5646 2610 5684 ι·.
2647 5629 2684 5684 i.
2721 5639 2776 5687 et
2811 5629 2849 5686 ί.
2894 5628 3002 5685 259
3035 5645 3080 5682 r.
3125 5629 3161 5682 i.
3195 5633 3402 5700 notata.

1909 5700 2022 5770 (ll)
2063 5696 2339 5778 Klia_dicit
2369 5714 2551 5758 rerum
2585 5699 3054 5778 principia,quam
3076 5714 3196 5770 qua:
3213 5696 3406 5771 vulgus

1837 5787 2036 5844 ponere
2065 5772 2292 5836 solebat.
