3856 6222
161 237 271 295 869

1055 228 1122 284 ΙΝ
1151 227 1205 284 S.
1250 226 1549 284 GREGOR.
1583 227 1901 284 ΝΑΖΙΛΝΖ.
1935 230 2327 290 ΟΒᾹΤΙΟΝΕΞ
2368 237 2511 296 XIX.

3329 237 3435 294 870

243 357 310 412 Ρ.
347 355 454 411 251-
497 367 544 406 r.
597 351 635 405 i.
667 349 874 404 locutio
916 367 929 403 :
976 349 1262 422 καθαίρειν
1314 349 1403 402 τὸν
1453 350 1621 420 ρύπον
1661 350 1754 403 xui

1929 351 1970 404 F
2033 353 2135 407 257
2167 371 2218 408 v.
2253 372 2298 410 s.
2342 356 2608 427 λαμϐἆνει
2642 357 2764 426 (sc.
2803 356 3135 428 Gregorius)
3172 332 3436 427 εργασίαν

166 445 560 519 ἁποφορτίζειν
590 444 651 497 τὸ
674 443 928 496 ἐπίπονον
959 441 1121 512 βάρος
1144 441 1243 509 τῆς
1280 440 1572 511 ἁμαρτίας.

242 539 308 593 Ρ.
349 538 472 601 184,
514 537 602 606 1).)
635 535 696 590 F.
752 535 857 590 254
899 551 946 588 r.
982 534 1019 587 i.
1051 533 1163 602 (ad
1199 549 1229 588 τη
1261 532 1459 597 νάπας
1509 532 1606 585 καὶ
1647 531 1754 601 ὄρη

169 629 276 683 καὶ
323 626 600 697 νάματα)
639 627 780 688 τινὲς
812 625 868 678 δὲ
913 624 1002 677 διὰ
1043 623 1152 677 τῶν
1186 623 1370 676 ναπῶν
1409 622 1757 694 πνευματικά

167 719 407 788 ἐνόησαν
439 717 848 785 ὲνδιαιτήματα,
880 714 974 767 xui
1001 712 1089 765 διὰ
1120 711 1226 764 τῶν
1260 711 1400 782 όρῶν
1435 710 1541 782 ὕψη
1573 711 1754 764 θεολο-

167 812 327 880 γίας,
361 811 455 863 καὶ
485 809 575 862 διὰ
605 809 712 860 τῶν
744 806 1000 876 ναμάτων
1030 804 1158 866 τοὺς
1190 803 1412 872 ἠθικοὺς
1440 804 1630 869 λόγους
1656 805 1756 874 τῆς

166 899 558 963 διδασκαλίας,
592 894 673 961 οἷς
715 893 1095 966 ὲνεφιλοχώρει
1130 895 1222 946 xui
1255 887 1336 956 οἷς
1367 891 1624 963 ἐσχόλαζε
1663 910 1757 964 με-

170 1012 226 1066 ρι
233 993 406 1064 μνῶν.
1317 1047 1324 1052 _

245 1083 309 1136 P.
355 1081 474 1146 185,
501 1080 563 1133 Β.
606 1078 711 1150 [1])
757 1076 817 1130 F.
847 1076 954 1130 255
981 1093 1024 1130 r.
1059 1091 1132 1130 m.
1163 1076 1290 1130 ὲν...
1326 1074 1626 1145 τῷ-είπεῖνο
1655 1072 1756 1128 καὶ

167 1177 242 1230 οὐ
279 1175 482 1243 πάντη
514 1173 812 1241 ἐφύγομεν
841 1171 918 1242 (2)
944 1167 1049 1223 τοῦ
1074 1166 1341 1235 πονηροῦ
1369 1166 1475 1218 τόν
1505 1166 1754 1235 φθόνον,

166 1264 562 1321 δείκνυσιν.ὃτι
593 1261 950 1332 φθονηθέντες
981 1259 1086 1311 ὑπὸ
1116 1257 1210 1310 τοῦ
1248 1255 1481 1326 πονηροῦ
1515 1256 1608 1309 xui
1637 1257 1758 1306 ὲπι-

167 1357 561 1419 εουλευθέντες
613 1353 787 1407 ταῦτα
839 1351 1163 1416 πεπόνθασι,
1209 1351 1282 1421 μὴ
1345 1351 1602 1419 φέροντος
1658 1349 1757 1417 τὴν

166 1450 430 1520 ὁμόνοιαν
449 1445 648 1510 αὐτῶν,
679 1446 746 1498 δι’
767 1445 1067 1498 ἀπόστασιν
1093 1443 1530 1503 ὲκπεπτωκότος,
1564 1440 1757 1508 φθόνος

166 1543 280 1612 γάρ
306 1544 426 1594 ὲστι
451 1539 600 1608 λύπη
625 1539 710 1589 ἐπ’
736 1535 1037 1607 ἀλλοτρίοις
1077 1534 1320 1601 ἀγαθοῖς.

241 1634 299 1687 Ρ.
344 1633 464 1695 186,
493 1631 550 1684 Β.
588 1629 655 1683 τὸ
683 1629 1006 1696 περικόψαι
1040 1644 1093 1678 τι
1117 1625 1237 1678 τῶν
1264 1623 1443 1692 τριῶν
1466 1624 1504 1692 ἢ
1534 1625 1754 1687 ἀποξε-

165 1724 363 1779 νῶσαι
391 1723 532 1775 ἴσον
557 1719 702 1789 ἡμῖν
726 1717 822 1771 καὶ
849 1717 914 1770 τὸ
947 1715 1072 1769 πᾶν
1090 1715 1331 1768 ἀνελεῖν
1353 1715 1450 1767 καὶ
1475 1716 1625 1768 κατὰ
1650 1714 1754 1767 πά.

164 1826 288 1878 σης
323 1807 536 1878 χωρεῖν
562 1803 757 1876 γυμνῇ
790 1803 861 1872 τῇ
898 1804 976 1875 [51
1015 1802 1250 1873 κεφαλῇ
1288 1803 1396 1872 τῆς
1429 1806 1750 1873 θεότητος)

167 1905 230 1959 F.
263 1903 376 1958 256
404 1919 454 1954 ν.
490 1917 562 1952 ιιι.
594 1901 660 1953 de
683 1897 917 1953 Sabellio
943 1895 1162 1949 Patrem
1192 1911 1218 1946 ιι
1247 1894 1384 1948 Filio
1412 1895 1639 1948 subdole
1669 1893 1751 1947 di-

169 1997 409 2050 rimente
433 2010 446 2046 :
476 1990 549 2062 μὴ
573 1989 820 2060 φανερῶς
845 1987 1000 2040 τοῦτο
1030 1987 1221 2051 ἐποίει,
1253 1986 1389 2038 ἀλλά
1418 1986 1744 2058 κακούργως

166 2105 224 2140 τε
256 2085 362 2139 καὶ
401 2082 820 2153 κεκρυμμένως.
853 2079 916 2133 F.
944 2081 1050 2134 256
1089 2097 1140 2132 v.
1183 2082 1218 2132 i.
1262 2079 1328 2133 de
1361 2082 1549 2134 eodem
1585 2100 1596 2132 :
1641 2081 1754 2132 Πα-

163 2180 308 2250 τέρα
343 2179 442 2248 μὲν
482 2175 666 2229 ὲκάλει
713 2174 878 2245 (θεόν
903 2175 952 2238 ),
985 2172 1098 2224 ἀλλ’
1131 2173 1192 2223 οὐ
1224 2171 1312 2224 διὰ
1353 2173 1450 2242 τὴν
1479 2171 1615 2242 πρὸς
1661 2171 1751 2223 τὸν

168 2270 302 2323 Υἱὸν
340 2267 546 2338 σχέσιν,
590 2264 726 2318 ἀλλὰ
754 2262 1209 2333 καταχρηστικῶς
1238 2263 1323 2314 διὰ
1359 2264 1458 2333 τὴν
1489 2262 1750 2333 δημιουρ-

166 2362 340 2431 γικὴν
396 2359 731 2428 ἐπιστήμην,
776 2354 965 2424 ὥσπερ
1008 2354 1101 2406 xui
1156 2355 1248 2406 ἐπὶ
1292 2352 1400 2404 τῶν
1441 2355 1754 2422 κτισμάτων

166 2455 407 2523 λέγομεν
450 2451 695 2519 πατέρας
742 2448 920 2518 ἔργων
959 2448 1052 2499 xui
1095 2445 1268 2513 λόγων
1298 2445 1388 2498 xui
1425 2444 1627 2514 τεχνῶν
1660 2445 1755 2498 xui

166 2543 534 2604 παιδεύσεως.
573 2539 731 2592 τοῦτο
767 2539 824 2592 δὲ
867 2537 1020 2602 παρὰ
1060 2536 1380 2601 Πλάτωνος
1423 2535 1750 2606 παρέλαϐεν.

167 2639 264 2690 καὶ
292 2635 407 2702 γὰρ
438 2634 685 2694 κάκεῖνος
713 2630 803 2682 τὸν
829 2629 960 2681 Θεὸν
1000 2627 1215 2698 πατέρα
1250 2626 1404 2679 τοῦδε
1431 2626 1524 2678 τοῦ
1556 2626 1755 2688 παντὸς

168 2728 362 2781 ἐκάλει
415 2724 514 2794 (4).
557 2723 693 2776 11)ὶ(1.
734 2721 795 2774 τὸ
843 2719 1284 2790 ἁνερυθριάστως
1330 2717 1388 2770 δὲ
1436 2719 1580 2772 κατά
1611 2736 1755 2782 τινος

168 2823 375 2891 χωρεῖν
410 2814 788 2888 μεταφορικῶς
814 2813 922 2866 ἀπὸ
949 2811 1056 2865 τῶν
1081 2815 1315 2882 γυμναῖς
1340 2813 1458 2875 ταῖς
1493 2812 1756 2880 κεφαλαῖς

169 2909 498 2983 χωρούντων
529 2907 902 2977 μετείληπται.

242 3001 310 3054 Ρ.
349 3001 472 3064 186,
503 2998 566 3052 C.
601 2993 1013 3063 ἐτεροζυγοῦσι
1034 2993 1168 3060 περὶ
1189 2992 1304 3060 τὴν
1331 2993 1620 3059 ἀλήθειαν
1649 2994 1753 3066 [5])

173 3089 231 3144 Ρ.
264 3089 376 3145 256
407 3104 457 3140 v.
492 3102 566 3140 m.
602 3084 741 3138 κατά
771 3084 868 3146 τὰς
894 3083 1004 3134 τῶν
1027 3082 1374 3150 πλαστίγγων
1400 3084 1590 3153 ῥοπάς.
1620 3085 1754 3136 ibid.

177 3179 357 3233 ἰστέον
406 3175 498 3240 δέ,
530 3177 613 3228 ὅτι
656 3174 715 3226 τὸ
771 3173 868 3242 μὲν
919 3172 1259 3242 ἐτεροζυγεῖν
1307 3171 1369 3224 τὸ
1413 3173 1504 3224 ἐπὶ
1556 3173 1762 3244 θάτερα

177 3272 370 3342 ῥέπειν
419 3269 587 3337 δηλοῖ,
637 3268 700 3318 ὲκ
753 3265 1064 3334 μεταφορᾶς
1113 3262 1208 3314 τοῦ
1252 3263 1382 3334 παρ’
1423 3265 1555 3334 ἡμῖν
1594 3264 1759 3328 ζυγοῦ

173 3363 406 3435 ληφθέν,
439 3354 483 3428 ᾧ
529 3358 597 3412 τὰ
643 3354 1011 3426 σταθμώμενοι
1050 3354 1426 3425 ὲξισαζόμενα.
1461 3356 1760 3427 παρίστησι

175 3459 231 3510 δὲ
262 3457 355 3509 διὰ
388 3452 578 3507 τούτου
619 3451 682 3504 τὸ
713 3449 836 3520 μήτ’
865 3450 955 3501 ἐπὶ
985 3447 1154 3512 δεξιά,
1204 3449 1328 3519 μήτ’
1364 3451 1450 3502 ἐπ’
1499 3448 1762 3520 ἀριστερά

176 3547 276 3618 τῆς
313 3543 593 3606 εὐσεϐείας
641 3540 906 3594 ἐκκλίνειν
961 3538 1178 3603 αὐτούς,
1225 3538 1422 3592 ταύτὸν
1464 3539 1521 3592 δὲ
1564 3541 1758 3602 εἰπεῖν,

177 3639 263 3706 ἐφ’
294 3633 599 3705 ὑπερϐολάς
632 3649 690 3684 τε
715 3631 811 3682 xui
849 3629 1134 3697 ἐλλείψεις.

247 3727 311 3781 F.
341 3726 446 3780 257
489 3741 532 3777 r.
567 3739 639 3776 m.
688 3721 880 3791 (Θεοῦ)
916 3720 1308 3789 ὑπαλείφοντος
1353 3722 1498 3789 ἡμᾶς
1547 3722 1638 3774 καὶ
1687 3721 1761 3790 μὴ

181 3818 607 3878 ὑποστέλλεσθαι
634 3816 909 3879 πείθοντος
951 3817 1008 3868 ὲν
1033 3809 1116 3877 οἷς
1144 3813 1273 3884 περὶ
1309 3814 1587 3878 εὐσεϐείας
1615 3815 1762 3868 ἐστὶν

185 3922 220 3975 ὸ
242 3916 505 3976 κίνδυνος.

253 4089 330 4155 (1i
365 4086 422 4139 In
458 4091 714 4139 contextu
745 4097 796 4152 p.
833 4083 951 4148 185,
989 4083 1048 4137 Β.
1083 4099 1139 4137 εν
1171 4084 1338 4155 ἑαυτῇ
1364 4080 1425 4138 Β.
1457 4096 1581 4136 cum
1617 4085 1752 4154 Reg.

180 4154 276 4214 hu.
313 4157 408 4212 Or.
438 4156 487 4210 1.
522 4157 724 4224 melius
755 4169 915 4222 quam
937 4155 1093 4224 ivulg.
1128 4154 1380 4224 ὲναύτῇ.

252 4229 333 4296 (2)
360 4226 449 4280 Sic
472 4224 538 4296 Ε.
566 4223 904 4296 Διεφύγομεν
933 4223 1150 4296 B._cum_
1180 4223 1759 4296 Edd._’Q|todpr:estat.

252 4230 312 4296 (2
360 4229 449 4280 Sic
479 4229 538 4277 E.
566 4229 904 4296 Διεφύγομεν
933 4229 988 4275 Β.
1021 4239 1145 4276 cum
1180 4229 1314 4277 Edd.
1341 4229 1483 4293 quod
1512 4232 1756 4291 praestat.

249 4229 333 4367 (5)
361 4298 438 4366 Τῇ
467 4295 526 4347 Β.
562 4297 785 4367 optime:
823 4292 1106 4367 cum_Re_g.
1140 4294 1443 4367 hu._t_ribus
1475 4294 1638 4367 Coll».
1660 4295 1756 4346 0r.

184 4362 324 4422 Male
358 4362 519 4434 vulgo
556 4384 568 4418 :
604 4362 690 4417 τε.
743 4362 824 4416 Tu
875 4363 997 4416 vide
1018 4365 1150 4434 iAst.
1178 4365 1451 4416 Additum.
1499 4362 1568 4414 ad
1599 4362 1758 4416 Com-

118 4435 127 4444 ’
184 4448 344 4491 metu.
376 4439 429 4490 in
459 4434 600 4488 Plat.
640 4434 822 4487 Pltazd.

184 4509 400 4562 Politia
427 4507 466 4576 ).
497 4505 710 4575 Didym.
742 4501 1034 4576 Alexandr.
1071 4501 1149 4576 ρο
1182 4501 1377 4576 Trinit.
1419 4517 1473 4571 p.
1515 4502 1619 4576 4.19
1669 4505 1756 4576 e_t_l.

184 4569 493 4647 Mingarell.
513 4569 748 4647 τοσαῦτα
782 4572 914 4647 πρὸς
931 4571 1030 4647 τὰς
1052 4572 1227 4647 ᾲάλλας
1257 4569 1622 4647 αἱρέσειςεὼς
1649 4569 1760 4647 οἷόν

183 4667 264 4710 τε,
298 4641 590 4716 σωφρόνως
622 4641 1017 4716 διαμαχόμεθα.
1048 4643 1194 4716 ἐστιν
1224 4645 1291 4716 (Ι.
1314 4643 1451 4716 ἐστι)
1475 4641 1639 4716 δε-τις
1669 4644 1761 4716 xui

185 4719 319 4788 ἄλλη
357 4711 546 4788 ﬂvit
575 4711 813 4788 (_siq._et
841 4711 997 4766 Vertit
1029 4713 1112 4788 _sic
1151 4713 1478 4788 gerridicule
1507 4711 1760 4781 Mingar.)

185 4781 519 4857 κεφαλὴτῇ
562 4782 791 4857 ἀληθείᾳ
828 4781 1238 4857 μαχομένηηΤιι
1279 4783 1514 4857 ﬁdenter
1541 4798 1759 4857 mecum

187 4851 423 4928 reﬁmte;
449 4851 631 4924 γυμνῇ
654 4851 721 4924 τῇ
746 4851 977 4928 κεφαλῇ.
1003 4851 1160 4928 Tanti
1179 4858 1262 4907 est
1279 4851 1587 4907 Platonicas
1607 4853 1760 4906 locu-

184 4920 366 4983 tiones
412 4920 471 4978 in
500 4920 786 4978 numerato
833 4920 1051 4975 habere.
1096 4920 1349 4975 Veterum
1401 4937 1629 4984 morem,
1692 4936 1758 4975 ex

186 4998 462 5068 quoihaec
513 4989 984 5068 fornu_1|_a___liuxit,
1017 4989 1254 5068 .Tollius
1317 4991 1429 5046 Ins.
1497 4990 1571 5046 It.
1625 4990 1758 5044 Ital.

189 5062 240 5138 ᾖ.
273 5067 346 5138 66
379 5082 460 5138 sq.
496 5073 551 5138 et
583 5063 728 5138 ρ.
761 5062 1075 5116 illustravit.

255 5137 341 5205 (4)
375 5131 533 5189 conf.
580 5131 616 5186 1'.
650 5133 716 5205 7§
758 5148 804 5184 r.
843 5148 917 5185 ιη.
953 5141 1008 5185 et
1040 5147 1161 5205 qua:
1202 5131 1312 5205 illic
1353 5139 1757 5205 annotaytmus.

257 5200 339 5273 (5)
393 5205 512 5258 Mox
558 5220 644 5271 ap.
675 5201 902 5273 Grcgor.
941 5217 992 5272 p.
1036 5202 1159 5264 186,
1205 5201 1269 5273 C.
1318 5200 1764 5273 καταϐαλλούσης

189 5275 246 5328 Β.
267 5271 537 5345 probante
569 5285 626 5326 ut.
656 5273 868 5325 videtur
885 5271 969 5334 1...
989 5273 1110 5345 loco
1131 5272 1330 5345 vulgati
1361 5271 1759 5345 καταλυούσης,

188 5341 330 5413 quad
362 5345 507 5398 "1.2.
537 5352 642 5398 alr.
667 5359 772 5413 Iug.
791 5344 1050 5413 reposuit.
1078 5341 1184 5397 Sed
1214 5341 1572 5413 καταϐάλλειν
1605 5341 1762 5394 σπιν-

190 5412 351 5487 θῆρα,
377 5414 480 5471 i.e.
507 5412 818 5495 proturbare
840 5412 1150 5475 scintillam,
1174 5412 1502 5482 exquisitius
1532 5412 1757 5476 dictum,

188 5501 351 5555 quam
368 5499 702 5555 _xu1uAuatv.

259 5555 335 5624 (6)
367 5553 428 5607 Ρ.
465 5554 588 5616 187,
623 5559 688 5606 Α.
727 5551 878 5624 Edd._
893 5553 1056 5608 etiam
1084 5553 1143 5610 C.
1172 5553 1220 5607 εί
1254 5551 1330 5624 μὴ
1352 5556 1432 5622 τῷ
1459 5555 1628 5620 φίλον.
1659 5550 1760 5608 Le-

192 5621 424 5696 gendun]
457 5626 553 5696 εει
585 5624 659 5693 μή
697 5621 976 5696 Ιιεῳφίλον.

261 5695 340 5766 (7)
367 5692 560 5749 Scribe
584 5712 598 5750 :
629 5692 785 5766 μηδέ.

1857 445 1995 514 πρὸς
2022 446 2178 500 τοῦτο
2194 447 2302 501 ἀπὸ
2321 450 2784 521 παραδείγματος.
2804 450 2908 523 ἡδὲ
2932 447 3162 521 ἐργασία
3189 447 3432 519 τοιαύτη.

1927 533 1988 589 Ρ.
2035 537 2155 598 187,
2197 538 2263 591 Α.
2299 537 2380 610 [6]
2420 539 2506 607 Β.)
2541 540 2606 594 F.
2640 541 2746 596 257
2771 558 2825 595 v.
2861 557 2936 595 m.
2975 539 3112 611 (τὰς
3141 539 3436 608 ἀγγελικὶις

1855 624 2153 697 δυνάμεις)
2186 628 2408 698 πρώτας
2437 630 2501 682 ἐκ
2548 630 2686 683 Θεοῦ
2723 631 2818 684 καὶ
2847 631 2976 701 περὶ
3007 630 3138 684 Θεὸν
3172 627 3309 683 εἶναι
3352 628 3438 683 τί-

1859 716 2008 771 θεται
2049 757 2064 771 .
2110 760 2124 774 .
2168 759 2180 772 .
2215 719 2290 783 ὡς
2321 722 2409 774 ἀεὶ
2443 723 2568 794 περὶ
2602 724 2763 778 αὐτὸν
2795 723 3128 796 χορευούσας
3171 724 3266 778 xui
3307 724 3442 776 ἀκα-

1855 808 2138 879 ταλήκτως
2188 811 2462 881 ὑμνούσας
2519 816 2699 868 αὐτόν.
2748 815 2808 870 F.
2863 816 2967 870 257
3023 831 3074 869 v.
3132 815 3168 868 i.
3217 814 3439 886 (Θεός)

1857 899 1977 952 ὅλον
2008 942 2021 956 .
2051 941 2066 956 .
2103 941 2116 954 .
2151 903 2209 954 ὲν
2265 903 2443 973 ἐαυτῷ
2498 905 2777 958 συλλαϐὼν
2825 905 2936 975 ἔχει
2980 905 3042 957 τὸ
3091 900 3249 962 εἶναι,
3301 905 3438 974 μήτε

1858 990 2164 1062 ἀρξάμενον
2206 996 2342 1064 μήτε
2382 997 2745 1066 παυσόμενον,
2776 998 2868 1049 xui
2914 997 3130 1049 πάντων
3157 995 3442 1066 ὑπερίδρυ-
3470 1061 3474 1070 Ι

1858 1082 1946 1134 ταί
1977 1101 2036 1136 τε
2069 1085 2163 1137 xui
2189 1085 2532 1156 ὑπέρκειται.
2575 1088 2674 1141 ὅσα
2708 1089 2762 1140 δὲ
2795 1089 3013 1155 λέγεται
3048 1084 3187 1142 εἶναι
3207 1131 3220 1149 ,
3257 1086 3315 1151 ἐξ
3342 1087 3439 1140 αὑ·-

1858 1172 1951 1226 106
1993 1191 2054 1228 τε
2102 1177 2164 1229 τὸ
2205 1172 2346 1231 εἶναι
2392 1177 2506 1248 ἔχει
2557 1181 2651 1232 καὶ
2682 1180 2749 1232 δι’
2789 1179 2952 1240 αὑτοῦ
2998 1180 3312 1250 φρουρεῖται
3344 1178 3439 1231 xui

1861 1263 2110 1330 σώζεται,
2145 1269 2218 1338 μὴ
2247 1268 2302 1321 δὲ
2332 1269 2408 1339 (7)
2441 1270 2647 1341 κυρίως
2673 1270 2802 1322 ὄντα
2828 1269 2960 1322 αὐτὸ
2990 1268 3167 1330 10610,
3199 1269 3337 1339 ὅπερ
3360 1267 3442 1321 λέ-

1858 1369 2030 1420 γεται.
2074 1355 2234 1424 μόνος
2262 1355 2369 1428 γὰρ
2396 1356 2529 1418 Θεὸς
2560 1357 2766 1428 κυρίως
2800 1355 2896 1419 ῶν,
2929 1357 2997 1410 τὰ
3027 1356 3071 1409 δ’
3097 1356 3234 1410 ἄλλα
3263 1355 3440 1408 πάντα

1859 1443 2000 1497 κατὰ
2041 1446 2324 1499 πολλοστὸν
2357 1449 2542 1519 ἀπήχη
2553 1465 2628 1518 μα
2659 1447 2752 1500 106
2794 1448 2999 1518 κυρίως
3033 1447 3184 1510 ὄντος
3222 1447 3440 1515 λέγεται

1859 1537 1986 1589 ὄντα
2013 1536 2108 1607 (8).

1929 1628 1988 1680 Ρ.
2025 1629 2146 1693 187,
2188 1628 2249 1682 C.
2292 1630 2377 1695 D.)
2427 1628 2487 1682 F.
2530 1630 2636 1684 258
2688 1646 2734 1683 r.
2771 1645 2842 1682 m.
2888 1629 3183 1700 (Lucifer)
3224 1628 3440 1700 πρῶτος

1859 1717 2098 1780 ἀποστὰς
2126 1718 2220 1770 106
2247 1719 2473 1786 ἀγαθοῦ,
2503 1721 2558 1772 ἐν
2588 1719 2666 1789 τῷ
2689 1718 2844 1788 κακῷ
2871 1720 3110 1788 γέγονεν.
3147 1719 3300 1778 οὐδὲν
3331 1719 3440 1788 γὰρ

1859 1806 2044 1877 ἕτερόν
2082 1810 2197 1860 ἐστι
2224 1811 2285 1862 τὸ
2331 1811 2531 1874 κακόν,
2567 1813 2615 1863 εἰ
2658 1809 2733 1880 μὴ
2772 1809 2867 1863 τοῦ
2914 1811 3121 1879 ἀγαθοῦ
3162 1813 3437 1882 στέρησις,

1859 1899 2049 1970 ὥσπερ
2089 1902 2181 1954 xui
2211 1901 2272 1954 τὸ
2303 1902 2492 1964 σκότος
2533 1901 2788 1974 στέρησίς
2826 1904 2943 1956 ἐστι
2989 1904 3186 1973 φωτός.
3231 1903 3293 1956 τὸ
3332 1904 3440 1973 γὰρ

1860 1992 2060 2058 ἀγαθὸν
2097 1994 2210 2060 φῶς
2235 1993 2352 2045 ἐστι
2375 1993 2586 2065 νοητόν.
2625 1993 2827 2064 ὁμοίως
2851 1995 2944 2046 xui
2969 1993 3029 2046 τὸ
3053 1993 3219 2046 κακὸν
3251 1993 3442 2055 σκότος

1859 2083 1975 2135 ἐστὶ
2008 2085 2216 2152 νοητόν.
3192 2119 3200 2129 κ

1935 2171 1994 2225 F.
2047 2173 2154 2227 258
2188 2187 2233 2226 r.
2285 2173 2323 2226 i.
2363 2173 2468 2243 (ad
2525 2192 2538 2227 :
2588 2169 2660 2244 ἧς
2698 2213 2715 2229 .
2767 2211 2783 2226 .
2823 2213 2836 2227 .
2871 2174 3290 2228 ἀστασίαστον
3318 2165 3446 2243 )ἦς-

1858 2281 2001 2327 τινος
2031 2264 2187 2328 ἀξίας
2215 2252 2426 2334 πρῶτόν
2463 2267 2614 2318 εστιν
2643 2265 2867 2334 ἀγαθόν,
2900 2267 2963 2317 ὲκ
2996 2265 3130 2317 Θεοῦ
3164 2265 3257 2316 καὶ
3285 2263 3445 2317 τοῦτο

1861 2355 2252 2426 ὲπιὸραὸευθὲν
2272 2355 2548 2419 αὐτοῖς,τὸ
2570 2357 2840 2426 εἰρηναῖόν
2861 2373 2918 2407 τε
2942 2356 3034 2408 xui
3059 2355 3440 2408 ἀστασίαστον.

1859 2434 1864 2439 ’
1931 2445 1991 2500 Ρ.
2046 2446 2168 2509 188,
2217 2446 2333 2517 A.)
2388 2445 2450 2500 F.
2491 2447 2597 2501 259
2643 2463 2692 2502 r.
2734 2463 2780 2502 s.
2831 2447 3134 2511 (Satanas)
3173 2445 3246 2517 μὴ
3291 2445 3446 2499 δύνα-

1860 2557 1948 2592 ται
1977 2577 1989 2590 .
2026 2578 2040 2592 .
2080 2578 2093 2591 .
2125 2538 2211 2591 διὰ
2235 2539 2336 2607 τὴν
2367 2539 2674 2609 παρουσίαν
2703 2542 2800 2609 τῆς
2826 2539 2978 2601 θείας
3009 2538 3232 2609 χάριτος
3255 2539 3442 2607 ἐμφω-

1862 2630 2048 2685 λεῦσαι
2093 2630 2172 2700 τῷ
2211 2631 2320 2684 τῶν
2363 2631 2780 2701 ἀγωνιζομένων
2816 2630 2917 2696 νοΐ,
2959 2629 3051 2682 xui
3095 2629 3280 2700 κρύφα
3321 2630 3445 2680 ἐπι-

1864 2722 2108 2775 ϐουλεύει
2161 2722 2254 2774 xui
2304 2724 2650 2793 σκοτομήνην
2707 2721 2867 2783 αὐτὸς
2914 2721 2971 2773 ὲν
3027 2721 3158 2792 ἡμῖν
3203 2722 3441 2790 ἐμποιεῖ,

1862 2813 2016 2883 δίκην
2048 2815 2276 2885 νεφέλης
2314 2814 2381 2866 τὰ
2422 2812 2771 2866 ὲπιθολοῦντα
2795 2812 2885 2865 τ’ὸν
2916 2811 3018 2881 τῆς
3053 2811 3229 2881 ψυχῆς
3253 2809 3448 2878 όφθαλ⁸

1869 2906 1966 2976 μὸν
1991 2907 2286 2976 ἀνεγείρων
2314 2904 2483 2976 πάθη.
2522 2904 2654 2959 Ibid.
2689 2906 2833 2958 Elius
2863 2901 3121 2957 Satanam
3152 2905 3273 2973 pius
3310 2904 3444 2975 πόρ-

1866 3001 2038 3071 ρωθεν
2065 3000 2507 3072 ἀκροὸελίζεσθαι
2532 3001 2682 3054 dicit.

1935 3090 1994 3143 Ρ.
2020 3091 2141 3154 188,
2175 3091 2230 3144 Β.
2262 3089 2339 3162 [9]
2365 3089 2426 3142 C.
2451 3088 2534 3141 1).)
2563 3087 2620 3141 F.
2644 3089 2750 3143 259
2777 3105 2823 3143 r.
2854 3089 2890 3142 i.
2912 3088 3309 3152 καταποικίλας
3331 3087 3445 3160 (10)

1863 3181 1956 3234 τὸν
1981 3180 2136 3249 λόγον
2162 3179 2420 3250 διαρκῶς,
2452 3179 2720 3248 λαμϐάνει
2756 3177 2876 3247 (sc.
2904 3178 3165 3251 ἐργασίας
3207 3178 3342 3250 πρὸς
3383 3180 3448 3232 τὸ

1863 3273 1974 3326 δεῖν
2003 3274 2147 3342 ἡμᾶς
2175 3274 2416 3342 ὁμονοεῖν
2444 3278 2460 3339 )
2491 3270 2585 3325 νῦν
2610 3272 2702 3324 xui
2738 3270 2848 3324 ἀπὸ
2866 3271 2965 3341 τῆς
2991 3272 3048 3323 ὲν
3074 3272 3187 3335 τοῖς
3223 3271 3450 3342 κτίσμα-

1867 3381 1951 3417 σιν
2003 3365 2365 3435 εύαρμοστίας
2402 3380 2459 3416 τε
2496 3365 2590 3416 καὶ
2648 3362 2985 3431 συμφωνίας.
3013 3362 3108 3415 καὶ
3150 3362 3260 3434 γὰρ
3290 3365 3382 3417 καὶ
3418 3365 3449 3418 ὁ

1866 3455 2066 3524 κόσμος
2089 3449 2261 3516 οὗτος,
2278 3454 2337 3505 τὸ
2360 3452 2419 3516 ἐξ
2449 3452 2674 3525 οὐρανοῦ
2706 3451 2800 3504 xui
2823 3452 2924 3520 γῆς
2951 3452 3044 3504 καὶ
3069 3451 3176 3504 τῶν
3205 3455 3262 3506 ὲν
3299 3453 3448 3524 μέσῳ

1870 3544 2124 3614 σύστημα
2155 3560 2211 3596 τε
2251 3543 2346 3596 xui
2381 3543 2681 3612 σύγκριμα,
2707 3540 2806 3611 τὴν
2830 3539 3140 3593 ὲντεθεῖσαν
3166 3541 3314 3612 αὐτῷ
3342 3543 3450 3596 ὑπὸ

1868 3634 1961 3687 106
1991 3632 2322 3704 δημιουργοῦ
2353 3632 2505 3696 τάξιν
2530 3631 2733 3702 τηρῶν,
2759 3631 2890 3684 αὐτό
2914 3649 2973 3682 τε
3003 3633 3160 3685 τοῦτο
3181 3633 3208 3685 ὃ
3235 3633 3449 3703 λέγεται

1869 3724 2071 3792 κόσμος
2116 3721 2284 3773 ἐστίν.
2334 3721 2500 3790 ήνίκα
2541 3720 2598 3772 δὲ
2643 3719 2940 3782 στασιάσας
2986 3719 3122 3792 λύσῃ
3161 3723 3259 3793 τὴν
3311 3726 3452 3778 ἐντε-

1873 3814 2054 3867 θεῖσαν
2101 3813 2365 3882 ἁρμονίαν
2406 3811 2588 3882 αὐτῷ,
2621 3811 2861 3882 ἀκοσμία
2900 3829 2960 3864 τε
2993 3813 3088 3864 καὶ
3121 3813 3314 3878 ἀταξία
3354 3817 3451 3871 καὶ

1873 3906 1999 3960 ἄλλο
2024 3923 2074 3958 τι
2103 3904 2208 3958 τῶν
2241 3905 2369 3975 πρὶν
2402 3905 2571 3957 ὄντων
2597 3904 2692 3958 xui
2721 3903 2938 3971 λέγεται
2973 3903 3068 3958 xui
3096 3904 3232 3960 ἔστι.

1943 4079 2021 4152 (8)
2053 4077 2178 4134 llaec
2205 4079 2412 4152 omnia,
2443 4078 2627 4134 verbis
2651 4078 2842 4133 saltem
2875 4086 2933 4152 et
2954 4077 3205 4152 vocibus,
3223 4077 3450 4152 uenula-

1869 4146 2085 4212 tonica,
2135 4167 2240 4203 non
2295 4151 2476 4204 minus
2509 4164 2672 4217 quam
2723 4165 2845 4216 qua:
2895 4146 3192 4216 Gregorius
3234 4148 3318 4217 dei
3338 4146 3449 4201 Deo

1868 4222 2044 4289 deque
2074 4221 2250 4289 primo
2284 4235 2313 4272 a
2350 4219 2460 4273 Deo
2508 4215 2793 4289 numinum
2841 4215 3035 4289 ordine
3057 4219 3243 4289 docet.
3282 4215 3445 4270 Et.ex

1870 4287 1999 4344 Eli-Le
2054 4287 2273 4359 (ididem
2337 4290 2518 4342 verbis
2577 4288 2782 4359 attendi
2835 4288 2995 4359 velim
3056 4287 3161 4340 ista
3216 4301 3450 4359 prorsus

1870 4355 2248 4429 neoplatonica
2285 4379 2296 4412 :
2339 4357 2805 4429 ύπεριδρύεσθαι(
2837 4374 2886 4429 v.
2932 4357 3124 4410 Creuz.
3162 4355 3442 4429 ad_Procl.

886 4403 1757 4502 56641738333;'eJﬁiEtiéiui

1872 4403 2761 4502 'I'JE'EETTT'HQJI.'_PIZ_{.$311?
2774 4403 2857 4502 ἐς.
2873 4403 3318 4502 ξιξςρῥᾶὖρεξᾶθὲιέ
3336 4403 3442 4502 ’(’έζ

1865 4502 2042 4554 Procl.
2075 4498 2256 4553 Instit.
2290 4499 2468 4552 Theol.
2505 4494 2649 4551 Plat.
2679 4513 2800 4567 cap.
2822 4494 3050 4567 ιδῃ».
3089 4494 3202 4567 ,228
3235 4511 3318 4566 sq.
3353 4494 3442 4549 ed.

1862 4573 2053 4623 (lreuz.
2088 4574 2124 4637 ),
2161 4569 2432 4638 ἀπήχημα
2483 4569 2574 4638 (έν.
2605 4563 2802 4638 Οιειιὶ.
2832 4566 2902 4638 αα
2940 4563 3116 4638 Praei.
3149 4563 3446 4638 Cogt_in._iu

1864 4639 2032 4694 Alcib.
2063 4632 2099 4700 1,
2133 4656 2184 4700 ι).
2213 4632 2455 4692 99Ϊ155.
2490 4637 2615 4693 272.
2643 4648 2698 4692 et
2731 4637 2799 4690 ad
2835 4636 3019 4690 Procli
3049 4635 3188 4690 Inst.
3217 4635 3314 4688 Th.
3352 4632 3442 4693 Pl.

1865 4656 2032 4694 Alcm.
2063 4656 2099 4700 ι,
2172 4681 2184 4692 .
2213 4656 2301 4692 νυ.
2335 4656 2455 4692 ιοο.
2491 4656 2615 4693 212.
2643 4656 2698 4692 et
2731 4656 2798 4690 aa
2835 4656 3018 4690 ιιι-σαι
3049 4656 3188 4690 mu.
3219 4656 3314 4688 ιη.
3352 4656 3442 4693 ιιι.

1865 4727 1917 4781 p.
1955 4710 2097 4777 192).
2132 4656 2296 4781 Βριιιη
2328 4717 2540 4768 autem.
2575 4707 3048 4781 tanquam_omni_s
3079 4705 3277 4781 Δοὑσρις
3319 4721 3448 4781 pro-

1865 4773 2010 4832 ἱιιιιιιι
2062 4773 2354 4841 ὀοηάιιιιι,
2421 4773 2756 4832 recentiores
2823 4775 3128 4840 Platonici,
3200 4773 3448 4829 Platonis

1862 4849 2130 4918 exemplo,
2170 4848 2418 4918 certatim
2466 4849 2850 4918 celebrarunt;
2898 4864 3000 4903 nec
3046 4845 3448 4918 minustripli-

1863 4934 1980 4973 cem
2015 4914 2196 4972 rerum
2229 4917 2474 4971 ordinem
2502 4917 2689 4980 iidem,
2721 4916 3034 4973 Platonicos
3073 4915 3248 4972 secut‘.=
3289 4914 3450 4970 locos

1866 4988 2006 5042 Tim.
2036 5005 2089 5058 p.
2126 4989 2216 5050 41,
2259 4986 2318 5040 D.
2368 4988 2538 5054 Epist.
2575 4986 2638 5052 ll,
2670 5005 2723 5058 ι).
2769 4989 2894 5050 512,
2946 4987 3028 5053 Ε.,
3067 4990 3446 5044 illustrarunt.

1863 5059 1938 5139 ita
1962 5059 2302 5182 _qutiidem,‘ut
2327 5058 2564 5128 primum
2604 5071 2635 5110 a
2672 5058 2785 5113 Deo
2830 5060 3007 5113 locum
3042 5059 3319 5112 mentibus
3357 5059 3445 5111 di-

1863 5144 2007 5182 vnns
2076 5144 2204 5181 areu
2239 5167 2251 5179 .

1863 5144 2007 5182 VIIIIS
2039 5144 2251 5182 darent.

1936 5199 2011 5267 (9)
2047 5201 2102 5252 In
2149 5198 2216 5268 iis
2257 5213 2377 5266 quae
2416 5213 2504 5268 ap.
2536 5195 2764 5268 Gregor.
2798 5213 2854 5268 ι).
2891 5197 3013 5257 188.
3044 5196 3117 5268 Β..
3157 5197 3445 5265 reperiun-

1863 5275 1975 5331 tur,
1996 5266 2064 5322 Β.
2091 5267 2178 5339 δια
2201 5268 2299 5336 τῆς
2327 5266 2466 5338 πρὸς
2483 5266 2670 5339 αὐτὸν
2701 5267 2718 5339 (
2741 5266 2820 5322 δεῖ
2847 5266 3288 5339 Θεόῂνεύσεως,
3322 5269 3445 5322 ioco

1861 5340 2064 5408 yulgati
2107 5359 2117 5392 ε
2154 5338 2242 5390 διὰ
2276 5337 2383 5408 τῆς
2418 5338 2553 5408 πρὸς
2586 5337 2739 5392 αὐτὰ
2769 5343 2872 5408 (sc.
2905 5337 3121 5408 τάθεῖα
3139 5351 3156 5406 )
3186 5337 3446 5408 νεύσεως.

1864 5406 2020 5461 Prior
2051 5406 2396 5477 prmstantior
2423 5406 2506 5462 est
2540 5409 2737 5474 lectio;
2779 5406 2936 5462 'conl‘.
2968 5416 3156 5462 annot.
3187 5407 3254 5460 ad
3285 5407 3444 5462 Orat.

1863 5478 2082 5544 xxxu,
2115 5493 2168 5547 p.
2200 5480 2325 5539 589,
2370 5478 2428 5532 υ.

1937 5552 2049 5618 (10)
2085 5547 2222 5602 11.1.
2255 5565 2376 5618 sup.
2412 5549 2507 5603 lin.
2536 5547 2984 5611 καταποικίλλας,
3013 5548 3309 5604 maleJiox
3347 5547 3448 5605 [1.

1866 5621 1997 5674 αὐτὸ
2022 5619 2197 5686 τοῦτο,
2232 5621 2334 5675 etsi
2363 5635 2422 5672 τε
2457 5636 2542 5689 ap.
2584 5619 2666 5674 El.
2703 5619 3166 5688 saepe‘redundet.
