3856 6222
429 177 531 234 9117
1918 175 2209 232 SCIIOLIA
3585 171 3686 227 sos

425 302 518 354 τὸν
546 299 824 370 Ὄλυμπον
852 300 990 365 θεοῖς
1023 301 1311 372 μάχεσθαι.
1349 297 1427 364 οἷς
1457 301 1589 366 Ζεὺς
1614 301 1888 373 ὀργισθεὶς
1916 319 2003 354 κε-
2032 310 2076 363 Α
2179 297 2240 354 F.
2278 299 2344 353 70
2387 314 2435 351 ν.
2476 293 2703 366 θώμεθα
2746 297 2872 362 ταῖς
2913 296 3122 362 ἀκοαῖς
3159 295 3363 364 θύρας.
3408 292 3546 348 Vide
3591 308 3687 346 ex-

426 388 621 460 ραυνὸν
644 389 914 458 ἐπαφῆκε,
944 391 1035 442 καὶ
1061 389 1368 442 ἀπώλλυντο
1383 389 1459 458 (1)
1478 389 1565 442 διὰ
1596 389 1693 460 τὴν
1716 390 1949 460 ὑπερηφι

1387 389 1565 458 (1)διὰ
1596 389 1693 460 τὴν
1716 390 1998 460 ύπερηφα-
2106 397 2291 457 cerpta
2321 403 2351 441 θ
2386 387 2520 441 Cod.
2553 387 2621 440 54
2657 387 2694 441 f.
2725 387 2832 441 440
2859 404 2910 440 v.

423 474 560 529 νίαν.
596 475 1107 547 κεραυνωθήσεσθαι
1139 480 1206 548 τῇ
1245 478 1412 547 μητρὶ
1441 476 1990 548 προκεχρησμῴδητο.
2176 476 2312 530 Ibid.
2354 475 2540 529 ταῦτα
2576 473 2696 528 τῶν
2739 475 3254 543 σωφρονούντωνε
3284 472 3537 526 τουτέστι
3583 470 3688 523 τῶν

493 561 556 615 F.
589 563 659 617 45
687 578 734 616 ι’.
777 562 1018 633 τάριχος
1045 563 1258 632 λέγεται
1288 565 1396 616 πᾶν
1421 563 1482 616 τὸ
1515 564 1849 632 παττόμενοι)
1875 563 1999 615 ἁλσὶ
2105 563 2516 634 ὲγκρατούντων
2540 562 2634 616 τοῦ
2671 561 2923 634 σώματος
2949 562 3043 615 καὶ
3068 560 3178 615 τῶν
3210 559 3546 629 σωματικῶν
3567 559 3690 612 πάν·

423 650 518 702 καὶ
565 650 745 720 ἰσχνὸν
785 652 878 704 καὶ
926 650 1482 722 κατεσκελετευμένον
1512 650 1620 704 τῶν
1668 650 1866 722 ἰχθύων
1903 649 1999 703 καὶ
2106 664 2212 698 των
2245 646 2741 716 ἀφροντιστούντων
2769 646 2864 698 καὶ
2899 639 3010 698 οἷον
3038 643 3426 712 ἀπολυομένων
3454 642 3556 695 κα)⁸
3595 659 3691 711 χω-

422 736 531 789 τῶν
559 736 732 791 ἀλλων
761 737 956 808 κρεῶν.
2108 732 2406 802 ριζομένων
2434 733 2530 786 τοῦ
2571 733 2842 804 σώματος.
2887 731 3045 785 τοῦτο
3076 732 3184 802 γὰρ
3219 730 3540 800 φιλοσοφίας
3568 730 3693 800 ὄρος

496 824 557 879 F.
581 824 652 880 46
673 841 718 881 r.
747 825 814 878 τὸ
844 824 913 878 δὲ
933 825 1220 895 μέγιστον
1245 824 1326 890 τῷ
1356 824 1432 895 (2)
1456 824 1684 892 πάντας
1708 823 2000 893 ἡττᾶσθαι
2103 821 2336 891 ἀληθής,
2358 821 2417 884 ὃς
2450 821 2542 874 καὶ
2570 824 2681 882 τοῖς
2713 819 2818 884 ἔξω
2847 819 3228 890 πρεσϐεύεται.
3257 818 3285 870 ὁ
3323 816 3431 889 γὰρ
3467 817 3552 888 τῷ
3580 818 3690 872 ὄντι

422 913 531 981 τῆς
555 917 740 969 αὐτοῦ
758 914 1062 980 διανοίας;
1093 914 1448 986 Ἰσοκράτειον
1479 917 1538 968 ἐν
1557 915 1636 986 τῷ
1663 915 1798 988 πρὸς
1832 913 1999 970 Νικο-
2106 908 2412 978 φιλόσοφος,
2436 908 2575 962 κατά
2610 908 2734 961 νοῦν
2763 909 2850 961 ἀεὶ
2884 906 3145 978 ἐνεργῶν,
3177 907 3268 958 τὸν
3297 904 3422 959 νοῦν
3466 908 3568 959 καὶ
3594 905 3691 976 τὴν

424 1002 576 1056 κλέαο
601 1002 848 1072 ἀρχικὸς
871 1001 1214 1072 εἷναι,φησί,
1240 1003 1494 1067 ,βούλοιο
1509 1003 1593 1070 μὴ
1616 1002 1997 1070 χαλεπότητι,
2105 995 2281 1066 ψυχὴν
2321 995 2426 1060 ἔξω
2467 996 2575 1048 τῶν
2622 995 2949 1065 σωματικῶν
2984 993 3249 1057 καθιστὰς
3285 995 3378 1048 καὶ
3416 993 3692 1064 μηδεμίαν

417 1090 572 1159 μηδέ
617 1091 683 1143 τὸ
715 1090 790 1160 (5)
829 1090 1066 1158 σφόδρα
1120 1088 1412 1154 κολάζειν,
1460 1090 1618 1143 ἀλλὰ
1646 1087 1724 1152 τῷ
1770 1087 1999 1152 πάντας
2106 1082 2427 1153 ποιούμενος
2465 1083 2820 1152 ἐπιστροφὴν,
2858 1083 2886 1135 ὅ
2924 1100 2978 1134 τι
3016 1082 3092 1153 μὴ
3128 1083 3279 1135 πᾶσα
3307 1081 3547 1151 ἀνάγκη,
3576 1082 3692 1150 τρό-

421 1177 711 1246 ἠττᾶσθαι
737 1177 845 1245 τῆς
870 1175 991 1245 σῆς
1021 1176 1306 1243 διανοίας.
2105 1188 2206 1224 πον
2230 1169 2353 1225 τινὰ
2386 1169 2480 1223 τοῦ
2513 1169 2764 1241 σώματος
2794 1168 3159 1241 χωριζόμενος
3194 1169 3514 1222 ἀπολύεται.

493 1265 552 1320 F.
586 1267 656 1322 50
695 1282 740 1321 r.
776 1266 918 1320 οὐδὲ
947 1266 1025 1334 δὴ
1061 1265 1336 1337 (ἐδεήθη)
1378 1266 1671 1334 δημοσίου
1701 1266 1998 1336 κηρύγμα-
2741 1259 2932 1326 Λόγος
2967 1276 3043 1326 ιγ.

420 1372 524 1421 τος
550 1355 680 1421 τοῦ,
711 1355 941 1423 Κράτης
978 1355 1252 1423 Κράτητα
1288 1354 1543 1422 Θηϐαῖον
1582 1353 1888 1422 ἐλευθεροῖ
1916 1369 1934 1406 :
1971 1356 1999 1406 6
2176 1344 2239 1400 F.
2271 1346 2332 1400 71
2379 1363 2430 1400 v.
2464 1346 2532 1398 τὸ
2569 1346 2722 1412 ὑπὲρ
2752 1345 2866 1412 τὴν
2900 1344 3094 1398 δυάδα
3136 1343 3413 1414 γενέσθαι
3441 1359 3455 1373 ο
3490 1345 3604 1396 πᾶν
3633 1344 3692 1395 τὸ

424 1436 659 1510 Κράτης
700 1442 984 1510 φιλόσοφος
1024 1438 1092 1511 ἦν
1135 1444 1375 1506 κυνικός.
1413 1437 1588 1506 οὗτος.
1632 1442 1872 1512 ὡσπερεὶ
1903 1458 2000 1511 με-
2105 1436 2308 1503 ἔνυλον,
2331 1437 2378 1490 εί
2402 1437 2496 1489 καὶ
2516 1436 2576 1488 τὸ
2597 1434 2800 1489 ἁπλοῦν
2816 1434 3040 1503 ἔχεικαὶ
3062 1433 3351 1503 μονοειδές,
3366 1432 3469 1487 κᾶν
3485 1433 3692 1503 είπρὺς

423 1529 588 1601 ρίζων
617 1529 806 1582 ἑαυτὸν
831 1530 911 1593 εἷς
939 1547 999 1582 τε
1027 1530 1118 1583 τὸν
1147 1529 1409 1600 Κράτητα
1431 1531 1520 1582 καὶ
1551 1529 1640 1582 τὸν
1668 1530 1796 1600 περὶ
1816 1521 1876 1582 οὗ
1901 1528 1999 1599 τὴν
2104 1524 2173 1578 τὰ
2203 1525 2663 1596 παχυμερέστερα
2709 1523 2884 1584 οὕτως
2916 1522 3238 1592 νομίζηται,
3275 1521 3392 1574 ἀλλ’
3428 1522 3488 1574 ὲν
3540 1523 3696 1575 δυάδι

421 1615 604 1687 φωνὴν
635 1616 880 1688 ἀφίησιν,
913 1617 1034 1688 ἔφη·
1059 1611 1106 1671 ὦ
1129 1617 1361 1686 ἄνδρες,
1395 1620 1426 1670 ό
1452 1615 1704 1684 Κράτης,
1722 1615 1998 1669 τουτέστιν
2034 1666 2076 1688 η
2107 1611 2414 1683 θεωρεῖται.
2461 1611 2575 1681 ἔχει
2611 1610 2722 1680 γὰρ
2754 1609 2816 1662 τὸ
2853 1609 3038 1662 ὑλικὸν
3085 1609 3446 1679 ὑποκείμενον
3492 1610 3592 1663 καὶ
3634 1611 3694 1662 τὸ

421 1666 1426 1775 ἐγῶ,’ὲὸῖιῷἇξῆέᾶξ’τοῦτξξςέἶίὲιλέξ
2031 1666 2076 1724 Β
2102 1666 2260 1763 εἶδος.
2302 1666 2410 1752 πᾶν
2439 1666 2548 1770 γάρ
2575 1666 2781 1768 κτίσμα
2819 1696 2880 1761 ἐξ
2909 1697 3040 1768 ὕλης
3082 1698 3182 1750 καὶ
3222 1666 3416 1761 εἴδους.
3449 1700 3568 1760 τοῖς
3601 1693 3694 1751 οὖν

423 1791 600 1859 θεροῒ,
641 1792 765 1846 ἀντὶ
801 1791 920 1850 τοῦ,
935 1791 1044 1860 ἐγὼ
1091 1791 1326 1863 ἐμαυτὸν
1361 1791 1646 1863 ἐλευθερῶ.
1701 1791 1834 1862 μηδὲ
1877 1791 2001 1844 δου-
2103 1786 2482 1858 ὑπεραναϐἀσι
2508 1789 2616 1840 πᾶν
2642 1787 2700 1839 τὸ
2721 1789 2777 1840 ὲν
2801 1786 3065 1856 κτίσμασι
3091 1785 3210 1857 Θεῷ
3225 1787 3298 1857 (9)
3330 1785 3694 1854 συγγενέσθαι

423 1875 626 1932 λῶσθαι
654 1878 731 1950 (4)
761 1880 1006 1951 χρήμασι
1045 1880 1078 1950 ἢ
1125 1880 1386 1950 κτήμασι.
1425 1879 1582 1947 ἀφεὶς
1611 1879 1721 1949 γὰρ
1747 1879 1844 1950 τὴν
1875 1879 2002 1940 τοὺς
2100 1875 2196 1928 καὶ
2221 1874 2288 1928 τά
2320 1874 2500 1928 λοιπά.
2529 1873 2562 1944 ἢ
2593 1873 2783 1943 ὑλικὴν
2810 1873 3002 1938 δυάδα,
3029 1872 3057 1924 ὁ
3086 1873 3145 1939 ὲξ
3171 1869 3240 1944 ἦς
3261 1873 3373 1942 (10)
3402 1871 3694 1942 συζυγίας

424 1966 762 2037 συμπολίτας
795 1967 890 2019 καὶ
918 1966 984 2019 τὰ
1025 1966 1218 2020 ἑαυτοῦ
1249 1967 1448 2033 πάντα,
1479 1965 1652 2031 οὕτως
1693 1966 1789 2036 τὴν
1819 1965 2001 2037 φωνὴν
2101 1958 2245 2027 εἶπε,
2275 1961 2375 2032 τὴν
2407 1959 2503 2013 τοῦ
2541 1961 2795 2030 σώματος
2837 1958 3173 2031 παράζευξιν
3208 1960 3344 2027 πρὸς
3371 1961 3473 2030 τὴν
3512 1959 3694 2029 ψυχὴν

417 2054 626 2126 ταύτην
661 2050 890 2124 ἀφῆκεν.
2101 2049 2227 2120 ἔφη,
2266 2048 2341 2111 ὡς
2380 2048 2627 2102 ἐντεῦθεν
2661 2049 2798 2119 αὐτῇ
2828 2046 2923 2101 τοῦ
2955 2048 3029 2117 μὴ
3078 2046 3215 2117 πρὸς
3233 2044 3367 2100 Θεὸν
3404 2046 3694 2100 ἀνανεύειν

493 2141 629 2198 Ibid.
661 2143 804 2195 εἵσω
829 2139 901 2194 τὰ
925 2140 1121 2207 κάλλη
1147 2141 1420 2210 στρέφων
1437 2157 1455 2194 .'
1475 2141 1542 2195 τὰ
1568 2141 1671 2208 ἔξω
1697 2143 1790 2194 καὶ
1817 2158 2002 2211 σωμα-
2104 2136 2513 2207 συμϐαίνοντος,
2534 2139 2600 2208 τῇ
2626 2138 2910 2207 σωματικῇ
2936 2135 3283 2208 προσπαθείᾳ
3303 2135 3690 2205 συνδεδεμένη.

421 2231 549 2286 τικὰ
581 2231 712 2285 εῐσω
744 2231 1130 2303 μεταστρέφων
1162 2231 1352 2300 κάλλη,
1386 2231 1462 2294 ὡς
1490 2231 1563 2301 μὴ
1593 2232 1693 2302 τὴν
1733 2230 1836 2294 ἔξω
1869 2231 2001 2283 καλ·
2177 2222 2240 2276 F.
2285 2223 2353 2277 7‘2.
2388 2240 2438 2276 ν.
2485 2223 2820 2292 πτερωτήν·
2857 2223 2949 2276 τὸν
2990 2221 3251 2292 ἀλείπτην
3287 2222 3382 2274 καὶ
3410 2220 3526 2275 οἷον
3568 2240 3694 2275 πτε-

421 2319 600 2373 λύνειν
631 2318 902 2383 σπεύδειν,
933 2318 1068 2373 ἀλλά
1095 2318 1192 2390 τὴν
1225 2319 1372 2372 ἔνδον
1397 2319 1491 2372 καὶ
1513 2319 1748 2389 ψυχικὴν
1772 2318 2000 2389 φαιδρύ-
2113 2313 2310 2390 ρούντα
2338 2314 2430 2366 καὶ
2461 2312 2598 2384 πρὸς
2626 2312 2752 2374 τοὺς
2776 2311 2994 2380 ἀγῶνας
3026 2311 3352 2381 κουφίζοντα
3374 2312 3511 2381 (11).

425 2424 534 2470 νειν
571 2406 902 2478 ὡραιότητα.
2176 2386 2237 2454 F.
2277 2401 2362 2454 75.
2400 2402 2843 2454 ταλαντεύεται·
2876 2400 2951 2462 ὡς
2982 2401 3074 2452 ἐπὶ
3109 2399 3392 2463 ταλάντοις
3426 2401 3522 2452 καὶ
3564 2417 3692 2453 στα-

1053 2495 1242 2560 Λόγος
1285 2508 1363 2546 ια.
2103 2488 2259 2560 θμοῖς
2289 2490 2643 2560 σταθμίζεται
2672 2489 2767 2542 καὶ
2802 2489 3239 2557 ζυγοστατεῖται.

493 2580 556 2635 F.
581 2579 650 2635 62
679 2596 725 2634 ι’.
754 2579 1123 2648 περιάμματα
1151 2579 1218 2633 τὰ
1246 2579 1384 2633 κατά
1407 2577 1506 2642 τὰς
1541 2578 1729 2648 χεῖρας
1758 2577 1854 2631 καὶ
1877 2577 2003 2640 τοὺς
2173 2575 2234 2630 F.
2261 2577 2327 2632 74
2361 2594 2407 2632 ι’.
2427 2577 2487 2631 τὸ
2513 2577 2883 2646 παρακαλεῖν
2912 2578 2944 2648 ἣ
2971 2577 3154 2639 ἁπλῶς
3183 2579 3242 2629 τὸ
3269 2576 3458 2629 καλεῖν
3493 2576 3695 2648 σημαί-

428 2669 713 2740 βραχίονας
751 2669 845 2722 καὶ
875 2669 1002 2732 τοὺς
1034 2666 1268 2738 αὐχένας
1293 2667 1614 2738 κλωσμάτιά
1651 2681 1774 2720 τινα
1800 2663 2004 2735 βεϐαμ-
2103 2665 2257 2746 νει,χῆ
2289 2664 2349 2718 τὸ
2378 2665 2854 2737 προτρέπεσθαι,ἦ
2889 2664 3333 2738 παραμυθεῖσθαι
3355 2665 3449 2717 καὶ
3477 2664 3696 2736 εὐφραί-

428 2763 564 2831 μένα
598 2759 691 2813 καὶ
742 2758 962 2828 σελήνια
1015 2757 1293 2828 μηνίσκων
1347 2756 1552 2827 χρύσεα
1608 2757 1702 2809 κα)¹
1755 2753 2003 2824 ἀργύρεα
2103 2771 2236 2807 νειν.
2271 2752 2332 2805 τὸ
2361 2753 2470 2822 γὰρ
2505 2751 2734 2823 σύνηθες
2758 2753 2849 2805 ἐπὶ
2884 2753 2986 2823 τῆς
3027 2752 3236 2815 ἱκεσίας
3259 2751 3692 2823 ὲνδιαδέϐληται.

423 2847 457 2918 ἢ
483 2845 694 2917 καὶτῆς
723 2844 1105 2915 εὐτελεστέρας
1131 2844 1282 2915 ὕλης,
1300 2843 1370 2896 τὰ
1389 2844 1497 2898 ἀπὸ
1515 2843 1590 2913 (5)
1610 2842 1718 2896 τῶν
1743 2841 2002 2913 γραῖδίων
2178 2838 2241 2892 F.
2268 2840 2337 2894 75
2360 2855 2412 2894 ν.
2438 2839 2717 2908 πρύμναν
2747 2879 2761 2892 .
2793 2878 2806 2891 .
2837 2879 2851 2892 .
2876 2839 3264 2908 ἑκρουσάμην
3283 2857 3294 2869 ·
3323 2839 3695 2909 παροιμιῶδες

423 2938 537 2997 τοῖς
567 2933 821 3006 βρέφεσιν
854 2930 1308 3002 ὲπιδεσμούμενα.
1340 2929 1659 3000 ἐπᾲσματα
1695 2929 1752 2984 δὲ
1797 2929 1866 2983 τά
1899 2929 2004 2982 ὑπὸ
2104 2926 2259 2980 τοῦτό
2291 2943 2444 2998 φησι.
2485 2927 2740 2997 πρύμναν
2769 2925 2824 2979 δὲ
2860 2926 3152 2998 κρούεσθαί
3179 2929 3297 2980 ἐστι
3326 2926 3389 2978 τὸ
3417 2927 3569 2980 κατά
3601 2928 3694 2996 τὴν

424 3022 532 3076 τῶν
561 3021 879 3084 αὐτῶντοῖς
905 3019 1118 3090 νηπίοις
1149 3017 1476 3090 ὲπᾳδόμενα,
1513 3017 2004 3088 ἐπιψιθυριζουσῶν
2031 3023 2074 3082 C
2108 3013 2334 3086 πρώραν
2369 3014 2464 3067 καὶ
2494 3016 2573 3076 εἰς
2597 3013 2659 3066 τὸ
2687 3013 2997 3084 ἔμπροσθεν
3030 3013 3322 3066 ἐλαύνοντά
3342 3031 3487 3079 τινα,
3531 3032 3696 3084 μετα-

425 3113 503 3172 είς
522 3106 966 3180 ἀποτροπιασμὸν
989 3107 1080 3160 καὶ
1102 3105 1219 3177 ἅμα
1249 3107 1368 3169 ταῖς
1394 3105 1666 3174 γλώσσαις
1688 3105 2006 3176 ὲπιλιχμλου-
2107 3103 2338 3157 ϐαλόντα
2376 3101 2519 3155 κατὰ
2572 3100 2826 3173 πρύμναν
2870 3101 2965 3155 καὶ
3005 3103 3084 3165 είς
3123 3101 3364 3154 τούπίσω
3416 3102 3690 3156 ἐλαύνειν.

427 3197 534 3250 σῶν
554 3198 632 3268 (6)
656 3195 728 3250 τὰ
757 3195 984 3267 μέτωπα
1012 3193 1106 3250 καὶ
1131 3191 1527 3247 ἀποπτυουσῶν
1553 3192 1692 3263 μετά
1709 3192 1802 3246 τοῦ
1829 3195 2006 3263 φυσᾶν
2107 3189 2527 3262 προσορμῶντες
2557 3188 2612 3242 δὲ
2657 3189 2891 3260 μάλιστα
2921 3188 3078 3243 τοῦτο
3116 3189 3382 3242 ποιοῦσιν.
3417 3189 3532 3242 ἀπὸ
3560 3188 3691 3258 γοῦν

425 3285 783 3357 ἑκατέρωθεν.
2104 3275 2200 3329 τοῦ
2223 3275 2466 3338 ἐκείνους
2495 3275 2682 3328 τοῦτον
2712 3276 3015 3348 ὑπερείδειν
3033 3277 3124 3330 καὶ
3147 3278 3490 3347 συνηγορεῖν,
3525 3294 3693 3347 μετα-

497 3374 558 3428 F.
590 3375 658 3430 64
691 3391 736 3429 r.
763 3369 1057 3442 μεταποιῇ
1089 3386 1108 3426 :
1138 3370 1509 3443 μεταπλάττῃ.
2106 3365 2290 3417 ϐαλεῖν
2315 3365 2371 3417 δὲ
2414 3363 2613 3434 αἴφνης
2644 3363 2738 3417 καὶ
2766 3366 2846 3427 είς
2883 3365 3210 3437 συνηγορίαν
3242 3365 3523 3418 Βασιλείου
3558 3383 3690 3437 τραο

497 3460 632 3514 Ibid.
660 3457 939 3523 βάσανός
963 3457 1093 3510 ἐστι
1121 3456 1220 3509 καὶ
1250 3455 1399 3522 αὕτη
1437 3470 1454 3507 :
1480 3455 1791 3524 δοκιμασία.
2106 3452 2326 3518 σπέσθαι,
2361 3453 2520 3506 τοῦτο
2551 3453 2806 3524 πρύμναν
2838 3453 3170 3525 κρούσασθαι
3203 3453 3327 3524 ἔφη.

497 3547 558 3600 F.
585 3547 652 3602 67
683 3564 734 3601 v.
765 3546 821 3598 εί
843 3561 933 3610 τις
953 3545 1084 3598 ἐστι
1113 3543 1212 3596 καὶ
1246 3543 1477 3608 κοιλίας
1498 3539 1790 3609 κάθαρσις
1813 3559 1901 3595 —:
1931 3543 2005 3612 μὴ
2178 3538 2239 3592 F.
2274 3540 2344 3596 82
2379 3557 2428 3594 ν.
2462 3540 2678 3610 εἴρηται
2710 3540 2818 3594 ἀπὸ
2843 3541 2936 3594 τοῦ
2971 3541 3170 3612 ῥιπίζω
3197 3543 3225 3594 ὁ
3251 3541 3572 3613 εὑρίπιστος
3597 3545 3690 3598 καὶ

425 3638 501 3699 ὡς
534 3635 712 3704 ἔτυχε,
756 3633 888 3702 φησι
929 3628 1179 3702 δέχεσθαι
1217 3629 1288 3682 τά
1329 3629 1416 3682 διὰ
1453 3628 1561 3682 τῶν
1587 3627 1894 3701 αἰσθήσεων
1927 3631 2006 3693 είς
2105 3630 2315 3698 ταχέως
2351 3628 2841 3699 μεταϐαλλόμενος.

425 3724 524 3794 τὴν
545 3718 1130 3791 φαντασίαν,καθάπερ
1145 3717 1222 3780 είς
1238 3732 1357 3770 τινα
1375 3715 2006 3786 γαστέρα,πεμπόμενα,
2179 3718 2238 3771 ιτ.
2281 3718 2370 3772 8‘5.
2412 3717 2474 3771 τὸ
2515 3714 3065 3785 περιποππύζεσθαι
3108 3717 3505 3772 κολακεύεσθαί
3555 3720 3693 3774 ἐστι.

425 3813 562 3867 ἀλλά
611 3799 699 3882 τιῖί
736 3807 1116 3878 διαλογιστικῷ
1163 3806 1259 3861 καὶ
1305 3804 1629 3876 διανοητικῷ
1674 3805 1850 3860 ταῦτα
1895 3800 2006 3861 οἷον
2109 3805 2454 3876 πεποιημένη
2485 3806 2594 3872 γὰρ
2623 3805 2656 3874 ἡ
2687 3803 2838 3874 φωνὴ
2868 3801 2977 3858 ἀπὸ
3005 3804 3114 3857 τῶν
3145 3805 3350 3871 ἵππων,
3381 3804 3476 3869 οὓς
3502 3805 3594 3860 διά
3618 3824 3696 3860 τι-

424 3895 987 3970 ἀναπεμπαζομένους
1033 3895 1126 3948 καὶ
1174 3893 1521 3956 ἀναδιδόντας
1569 3892 2005 3964 κατεργάζεσθαι
2107 3913 2196 3958 νος
2228 3893 2497 3966 ὴρεμαίου
2536 3891 2711 3960 ψόφου
2746 3891 2841 3945 τοῦ
2878 3890 2967 3945 διὰ
2994 3891 3215 3962 χειλέων
3243 3893 3428 3964 ἀκρῶν
3465 3895 3516 3948 οἱ
3546 3896 3699 3947 ἱππο-

425 3988 519 4040 καὶ
551 3985 750 4056 νοερῶς
783 3982 1156 4037 καταλεαίνειν
1188 3981 1268 4043 είς
1299 3980 1675 4051 πνευματικὴν
1707 3982 1938 4050 τροφήν.
1971 3983 2006 4052 ή
2109 3985 2267 4054 κόμοι
2298 3980 2649 4035 κολακεύουσι
2677 3979 2814 4052 (12).

428 4072 709 4146 μεταφορὰ
739 4071 846 4125 ἀπὸ
883 4069 990 4123 τῶν
1026 4068 1179 4133 ζώων
1219 4065 1328 4120 τῶν
1364 4067 1464 4130 τὰς
1492 4067 1702 4140 τροφὰς
1727 4066 1804 4138 τῷ
1840 4085 2008 4140 μηρυ-
2737 4065 2893 4122 COD.
2929 4065 3056 4121 216.

426 4161 609 4232 κισμῷ
642 4159 1015 4216 ἀναδιδόντων.
2251 4159 2353 4222 Εἰς
2382 4155 2449 4208 τὸ
2479 4155 2649 4225 ἅγιον
2678 4153 2888 4223 πάσχα
2915 4154 3014 4208 καὶ
3035 4153 3149 4223 τὴν
3171 4155 3546 4223 ,ϐραδύτητω

498 4249 558 4304 F.
587 4249 655 4303 69
677 4264 729 4302 ν.
771 4245 972 4311 κεναῖς
999 4245 1246 4299 ἐλπίσιν
1278 4242 1701 4311 ἐξαπατώμεθα
1720 4258 1740 4296 :
1761 4236 1850 4296 οἷά
1864 4259 2005 4306 τινες
2180 4242 2240 4296 F.
2283 4245 2305 4298 1
2353 4261 2399 4298 ι’.
2437 4241 2749 4308 ἀλλήλους
2783 4241 3300 4311 περιπτυξὼμεθα·
3326 4242 3390 4296 τὸ
3424 4244 3698 4314 ἀγαπητι-

429 4337 682 4408 ματαίαις
712 4333 1123 4406 θερμαινόμενοι
1167 4329 1400 4420 ἐλπίσιν,
1423 4328 1776 4420 Ϋάπατώμεθα
1810 4329 2007 4384 πολλά·
2038 4365 2082 4420 D
2109 4331 2205 4384 κδν
2233 4331 2328 4384 καὶ
2361 4328 2682 4400 φιλάδελφον
2716 4328 2811 4382 καὶ
2841 4329 3151 4382 συνδετικὸν
3183 4330 3318 4401 πρὸς
3343 4331 3606 4401 ὁμόνοιαν
3642 4334 3698 4384 ὲν

425 4444 533 4492 κις,
565 4423 754 4494 ἁγνείᾳ
781 4420 1180 4492 τεθαρρηκότες
1211 4419 1245 4488 ἡ
1275 4435 1378 4471 τινι
1415 4417 1577 4488 ἑτέρᾳ
1609 4417 1719 4470 τῶν
1749 4417 2006 4488 σεμνοτέ-
2038 4417 2068 4420 ί
2109 4420 2283 4489 τούτῳ
2317 4417 2670 4480 δεικνύοντες.
2705 4417 2767 4470 τὸ
2798 4417 2910 4488 γὰρ
2940 4417 3410 4486 περιπτύσσεσθαι
3443 4419 3507 4472 τὸ
3535 4422 3698 4474 οἱονεὶ

427 4532 536 4585 ρων
578 4510 838 4581 πολιτείᾳ,
895 4507 1104 4579 μυρίων
1150 4506 1352 4576 ἑτέρων
1405 4505 1818 4576 ἁμαρτημάτων
1855 4505 2006 4570 ὅντες
2109 4505 2486 4578 προσφύεσθαι
2514 4506 2606 4558 καὶ
2643 4504 3068 4575 περιπλέκεσθαι
3101 4504 3347 4576 ἀλλήλοις
3380 4505 3552 4574 δηλοῖ.

426 4599 683 4656 ἀνάπλεοι
716 4597 814 4671 (7).
2180 4595 2242 4651 F.
2271 4596 2305 4649 2
2324 4612 2377 4650 v.
2407 4595 2689 4662 πλάστην
2709 4611 2722 4624 ·
2755 4594 2920 4665 ἠθῶν.
2945 4594 3323 4648 διδάσκαλον
3342 4613 3354 4625 ·
3385 4595 3692 4666 δογμάτων.

1060 4681 1251 4750 Λόγος
1286 4680 1368 4745 ιβ.
2181 4681 2319 4737 Ibid.
2353 4683 2556 4738 locutio

2181 4681 2319 4737 Ibid.
2353 4683 2556 4738 locutio
2589 4697 2601 4733 :
2633 4681 2820 4752 ὥσπερ
2855 4681 3069 4753 ἱμάτιόν
3104 4700 3155 4736 τι
3184 4681 3564 4739 ἀποδύσασθαι
3611 4686 3695 4740 τὸν

494 4774 558 4832 F.
602 4773 671 4830 69
709 4789 762 4827 ν.
807 4772 932 4826 οὐδ’
977 4771 1111 4824 ἐστι
1151 4767 1417 4839 σταθμός
1443 4787 1549 4822 -;
1599 4769 1676 4833 ὡς
1716 4771 1807 4823 ἐπὶ
1840 4769 2006 4838 ζυγοῦ
2113 4768 2342 4824 παλαιὸν
2380 4768 2687 4840 ἄνθρωπον.

426 4866 534 4934 γὰρ
563 4863 656 4916 καὶ
685 4860 956 4933 τρυτάνης
988 4857 1586 4928 ἀντιταλαντευόμενος,
1619 4858 1775 4928 φησί,
1801 4860 1829 4912 ό
1857 4858 2005 4928 φίλος
2181 4855 2242 4912 F.
2283 4856 2316 4911 6
2349 4873 2402 4910 ν.
2443 4856 2591 4909 δοκεῖ
2621 4873 2712 4926 μοι
2756 4895 2769 4908 .
2807 4896 2821 4909 .
2859 4894 2873 4908 .
2907 4854 3362 4911 ἀντιδιαστέλλειν
3405 4859 3476 4928 τῇ
3522 4856 3695 4930 λιθίνῃ

429 4950 661 5005 καθέλκε
693 4948 770 5019 (3)
801 4947 979 5002 πάντα
1003 4946 1274 5015 κουφίζων
1308 4945 1440 4998 ἄνω.
2111 4945 2329 5016 καρδίᾳ,
2368 4943 2610 4997 τουτέστι
2641 4945 2708 5014 τῇ
2745 4943 2956 5014 σκληρᾷ
2986 4943 3080 4995 καὶ
3111 4943 3378 5015 ἀνενδότῳ
3416 4946 3515 4999 καὶ
3547 4946 3694 5000 ἀντιο

499 5103 575 5169 (1)
612 5099 804 5154 Scribe
835 5116 848 5153 :
877 5095 1176 5169 ἀπώλοντο.
1207 5093 1339 5169 P_ost
1373 5095 1667 5169 _"_Olup.77tey
1701 5093 1839 5169 adde
1891 5098 2004 5150 καί.

2183 5099 2264 5166 (8)
2292 5095 2496 5169 Sci-ibe
2529 5111 2561 5169 :77
2594 5095 2868 5169 καθέλκει.
2901 5092 3022 5146 Vid.
3071 5092 3364 5169 Animadv.
3405 5093 3461 5147 in
3486 5091 3693 5169 Basil._l

502 5163 580 5237 (2)
621 5171 812 5224 Scribe
850 5187 864 5223 :
901 5168 983 5230 τό,
1013 5167 1196 5220 nimir.
1233 5167 1327 5238 Or.
1359 5165 1448 5238 41:),
1477 5163 1536 5234 p.
1567 5165 1695 5238 861,
1911 5235 1942 5238 __

2194 5163 2332 5221 151.
2367 5167 2500 5232 Quae
2539 5167 2578 5238 7f.
2624 5167 2690 5238 70
2734 5182 2785 5238 γ.
2825 5171 3159 5238 seqqgnlur,
3201 5163 3385 5238 ταῦτα
3405 5175 3514 5238 eet.
3547 5165 3692 5238 auub

501 5233 575 5312 (5)
613 5240 804 5312 Scribe
833 5262 844 5293 :
877 5238 974 5307 τῷ.
999 5239 1269 5292 lsmralea
1298 5237 1354 5290 in
1387 5233 1651 5305 Gregorio
1682 5235 1846 5288 etiam
1875 5235 2012 5291 alias
2111 5233 2398 5312 Ignimadv:
2435 5238 2501 5312 in_
2536 5237 2702 5312 θεοῦ.
2744 5234 2762 5287 l
2805 5250 2867 5312 p._
2902 5233 3004 5287 187
3022 5249 3120 5312 _sq.
3155 5233 3234 5286 uti
3265 5249 3321 5305 p.
3353 5234 3385 5286 7
3414 5234 3520 5288 ista
3555 5250 3620 5288 ex
3658 5234 3689 5284 f.

430 5330 460 5367 α
492 5305 806 5367 έοίιοιίσεῐὶε
837 5305 1118 5362 notantur.
1419 5374 1424 5375 7
1539 5374 1546 5375 7
1645 5373 1657 5375 _
1696 5373 1707 5375 _
1738 5372 1747 5375 7
2117 5308 2176 5361 7|
2223 5325 2274 5361 ν.
2320 5309 2430 5360 πᾶν
2455 5307 2516 5358 τὸ
2541 5305 2814 5359 ἔνυλον....
2845 5305 3154 5375 θεωρεῖται.

449 5423 454 5431 .
497 5382 574 5453 (4)
598 5379 851 5453 Fortasse
873 5380 974 5448 leg.
1005 5395 1019 5432 :
1045 5405 1115 5453 :-
1173 5376 1246 5447 μὴ
1265 5374 1619 5453 δεδουλῶσθαι
1639 5372 1925 5431 διδάσκων.
1958 5391 1972 5431 ι

2185 5379 2259 5453 (9)
2293 5377 2496 5432 Adde:
2542 5376 2840 5445 ἐξεγένετο,
2886 5371 3033 5445 qubd
3081 5371 3217 5427 Cod.
3265 5371 3370 5426 499
3412 5371 3451 5426 f.
3503 5372 3598 5426 Hi
3648 5387 3689 5427 ι’.

429 5447 597 5507 ιιιόχ’;
624 5447 954 5522 τὴνηκτῆσιν
981 5449 1095 5522 τοῖς
1127 5447 1504 5518 συμπολίταις.

774 5447 954 5522 κτῆσιν
981 5449 1095 5522 τοῖς
1127 5447 1504 5518 συμπολίταις.
2115 5449 2297 5522 habet.

502 5523 580 5589 (5)
617 5515 810 5576 Sc'ribe
841 5515 866 5573 ε’
889 5519 1014 5572 ὑπό.
1060 5588 1064 5589 7
1202 5515 1213 5518 ⁷
1246 5587 1257 5589 _
1337 5586 1347 5589 _
1517 5584 1528 5589 _

1250 5587 1257 5589 ,
1337 5586 1347 5589 _
1517 5584 1528 5589 -
2186 5517 2300 5589 (10)
2334 5515 2604 5589 δοτῖϋθξδ
2628 5517 2773 5589 ἑξῆς-

606 5541 858 5646 Exige}
887 5541 1172 5660 Γρῖἑέιιᾱυηι
1186 5605 1217 5660 ξ
1242 5584 1737 5657 ὲπιλιχμαζουσῶν.

2815 5583 3172 5660 qdﬁllilostr.
3205 5582 3266 5635 v.
3302 5581 3358 5637 s.
3396 5597 3448 5652 p.
3505 5581 3629 5638 125.

498 5655 576 5737 (7)
615 5663 814 5719 Eadem
840 5655 1018 5717 forfua
1045 5660 1080 5713 l'.
1118 5658 1214 5712 187
1249 5675 1292 5712 r.
1321 5655 1618 5727 reperitur.

1552 5674 1618 5712 Ir.
2192 5655 2307 5728 (12)
2336 5657 2495 5713 Conf.
2527 5655 2663 5712 de.
2693 5656 2797 5711 216
2830 5657 2864 5708 l'.
2895 5655 3002 5708 295
3031 5672 3075 5709 ι’.
