3856 6222
174 270 294 324 909

1126 265 1194 322 IN
1239 265 1296 320 S.
1332 262 1637 320 GREGUR.
1675 259 1998 319 ΝΑΖιΑΝΖ.
2041 263 2457 321 ORATIONES.

3331 267 3434 320 910

175 382 455 454 τυπούσῃ,
475 382 571 454 τὴν
590 380 872 455 σαρκίνην,
890 383 1048 436 ὃὲστι
1067 381 1164 453 τὴν
1182 381 1433 453 μαλακὴν
1461 380 1546 435 καὶ
1563 378 1757 450 ῥαδίως
1787 387 1833 442 Α
1862 383 2046 434 νεσθαι
2073 383 2305 451 πέφυκε.
2337 383 2482 445 τινὲς
2510 383 2640 451 γοῦν
2670 380 2804 452 πρὸς
2839 383 2999 437 αὐλὸν
3045 382 3438 454 κορυϐαντιῶσι

173 470 535 524 ὑπείκουσαν.

331 559 519 626 Λόγος
542 558 606 622 β.
642 557 745 611 τοῦ
771 557 956 611 αὑτοῦ
983 560 1070 624 είς
1099 556 1164 610 τὸ
1194 557 1366 625 ἅγιον
1394 555 1622 624 πάσχα.

255 643 320 698 F.
361 645 426 699 14
455 662 504 698 v.
538 646 847 714 οἰκονομία
881 687 894 699 .
930 684 944 697 .
988 686 1002 697 .
1040 646 1132 698 ἐπὶ
1167 643 1304 699 Θεοῦ
1350 645 1383 714 ἠ
1418 642 1512 697 τοῦ
1556 641 1759 714 οἰκείου

183 733 462 801 μεγέθους
490 733 735 796 ἑκούσιος
767 732 1193 801 συγκατάϐασις.

260 819 323 874 F.
361 820 426 874 18
471 837 516 874 r.
544 821 604 873 τὸ
628 821 831 890 γυμνὸν
859 817 997 873 εἷναι
1021 821 1110 872 τὸν
1147 819 1430 890 ἄνθρωπον
1461 816 1663 888 τριχῶς
1683 816 1768 881 ἐξα

178 911 423 975 ηγεῖται.
441 909 644 978 γυμνὸς
659 908 788 979 γάρ,
816 912 998 977 φησίν,
1023 903 1092 978 ἦν
1107 907 1247 960 κατά
1267 906 1367 977 τὴν
1380 905 1656 974 ἁπλότητα
1673 904 1766 957 τοῦ

179 995 412 1065 τρόπου.
427 995 695 1068 οὕπωγὰρ
714 999 746 1066 ή
762 997 952 1066 διπλόη
968 995 1300 1066 ἐπετηδεύθη
1316 996 1406 1048 καὶ
1419 993 1654 1065 πονηρία
1666 992 1711 1062 (1
1725 992 1764 1060 ).

260 1081 322 1135 F.
370 1082 434 1135 18
465 1100 516 1137 ν.
561 1085 878 1152 θεούμεθαο
905 1082 1036 1136 θεῖοι
1071 1083 1164 1136 καὶ¹
1194 1082 1305 1136 θεοὶ
1335 1079 1760 1153 χρηματίζομεν.

261 1169 323 1222 F.
361 1169 429 1226 30
450 1187 502 1224 ν.
533 1173 621 1235 είς
647 1169 772 1238 φῶς
788 1169 1023 1224 ἅπαντα
1045 1169 1143 1222 καὶ
1171 1168 1345 1232 τάξιν
1371 1169 1467 1223 καὶ
1491 1166 1650 1231 εἶδος
1675 1165 1771 1233 ἐρα

182 1271 396 1324 χεται·
445 1260 474 1310 6
517 1257 612 1310 τοῦ
665 1255 920 1328 ἀληθινοῦ
972 1256 1200 1317 κάλλους
1257 1253 1361 1308 τῶν
1413 1253 1623 1324 ἀρετῶν
1672 1252 1771 1321 δη-

186 1344 477 1415 μιουργός,
512 1344 604 1396 καὶ
638 1344 706 1400 τὰ
731 1345 974 1414 ἡμέτερα
1001 1342 1334 1413 πλημμελῶς
1363 1341 1482 1394 ἰδὼν
1515 1341 1608 1392 καὶ
1635 1339 1769 1392 ἀτά-

183 1452 334 1498 κτως
361 1433 674 1504 κινούμενα,
699 1437 777 1496 εἰς
789 1433 947 1498 τάξιν
970 1432 1109 1486 αὐτὰ
1131 1435 1194 1485 ἐκ
1207 1432 1309 1500 τῆς
1335 1429 1557 1494 ἀταξίας
1573 1429 1766 1500 ἤγαγε.

403 1521 593 1590 Λόγος
625 1540 679 1590 γ.
714 1521 821 1575 τοῦ
854 1520 1039 1573 αὑτοῦ
1071 1519 1202 1586 περὶ
1235 1518 1576 1586 ἐγκαινίων,

260 1609 326 1663 F.
363 1611 431 1664 50
457 1627 505 1663 ν.
532 1608 864 1679 ἑορτάζομεν
884 1610 940 1662 δὲ
968 1609 1036 1662 τὰ
1059 1608 1309 1673 ὲγκαίνια
1336 1607 1422 1660 διὰ
1444 1604 1647 1674 ταύτην
1673 1602 1770 1672 τὴν

186 1699 398 1762 αἰτίαν,
433 1698 519 1749 ἵνα
551 1697 625 1750 τὰ
661 1695 799 1750 καλά
835 1699 900 1766 τῇ
935 1697 1122 1766 μνήμῃ
1168 1695 1500 1764 φυλάττηται
1545 1692 1640 1745 καὶ
1697 1687 1772 1760 μὴ

1866 467 1960 520 καὶ
2015 468 2458 538 ἐκϐακχεύονται.
2517 468 2800 538 ἐκθηλύνει
2853 469 2909 523 δὲ
2962 470 3055 523 καὶ
3109 471 3298 539 χαυνοῖ
3340 471 3440 540 τὴν

1866 554 2132 625 ὄσφρησιν
2165 557 2200 626 ἡ
2247 557 2388 626 ὀσμὴ
2411 556 2520 609 τῶν
2552 557 2822 627 βλακικῶν
2854 558 3058 629 μυρῶν.

1935 641 2000 696 F.
2033 642 2137 697 1‘23
2168 660 2214 698 ι’.
2243 644 2426 707 καλῶς
2469 645 2525 698 δὲ
2557 646 2760 716 συνῆψε
2795 649 2907 708 τοῖς
2953 645 3161 716 κώμοις
3201 646 3294 699 καὶ
3321 648 3442 700 ταῖς

1871 729 2061 799 μέθαις
2109 730 2208 794 τὰς
2241 731 2426 795 κοίτας
2457 734 2548 786 καὶ
2582 731 2681 796 τάς
2708 732 3011 800 ἀσελγείας.
3047 735 3112 786 ἐκ
3151 733 3258 804 γὰρ
3296 733 3441 787 ὲκεί-

1868 835 1974 870 νων
2022 812 2181 872 αὗται
2227 820 2542 888 γεννῶνται.
2569 823 2598 874 6
2624 820 2733 892 γὰρ
2763 821 3036 892 κωμάζων
3078 821 3285 892 μεθύει,
3321 821 3351 874 6
3385 820 3444 874 δὲ

1871 905 2085 974 μεθύων
2113 907 2248 978 πρδς
2281 909 2467 979 κοίτην
2496 911 2618 980 ὁρᾷ,
2643 911 2671 961 6
2689 909 2747 962 δὲ
2777 908 2841 979 (τ)
2862 909 3170 978 ἀσελγαίνει
3201 907 3280 978 τῷ
3315 907 3445 979 οίνῳ

1871 992 2008 1062 πρὸς
2041 995 2390 1064 παρανόμους
2427 993 2602 1065 μίξεις
2647 994 2740 1049 καὶ
2784 996 2976 1062 ἡδονὰς
3014 995 3446 1068 ἀνδραποδώδεις

1869 1080 2322 1149 ἁναφλεγόμενος.
2861 1101 2876 1117 ο

1941 1167 2078 1220 Ibid.
2132 1168 2222 1221 ubi
2275 1167 2343 1222 de
2379 1183 2465 1231 eo,
2493 1169 2640 1238 quod
2689 1177 2775 1224 est
2821 1163 3095 1240 περιττὸνξ
3149 1169 3448 1241 Gregorius

1870 1264 2073 1316 monet,
2121 1252 2458 1309 Scholiastes
2490 1275 2508 1310 ι
2539 1254 2685 1324 λέγει
2711 1255 2770 1308 δέ
2803 1275 2904 1310 που
2946 1258 3040 1311 καὶ
3071 1255 3340 1317 Πλάτων,
3367 1259 3449 1310 ὅτι

1870 1341 2107 1411 φλυαρία
2132 1343 2249 1394 ἐστὶ
2271 1345 2378 1395 πᾶν
2406 1343 2466 1396 τὸ
2495 1345 2772 1414 περιττόν,
2804 1345 2914 1397 εἴτε
2946 1347 3002 1398 ἐν
3032 1345 3233 1413 λόγοις,
3252 1347 3361 1399 εἴτε
3391 1346 3450 1398 ἐν

1869 1427 2019 1498 πράγ
2027 1446 2179 1498 μασι.

1940 1513 2002 1570 F.
2043 1516 2144 1569 123
2173 1535 2223 1569 v.
2263 1518 2437 1570 ἰστέον
2480 1519 2559 1581 δέ,
2585 1519 2665 1572 ὅτι
2700 1520 2974 1588 ᾶγιροικος
3021 1521 3117 1590 μέν
3153 1521 3271 1573 ἐστι
3316 1524 3345 1574 6
3389 1523 3449 1573 ὲν

1871 1603 2060 1673 ἀγροῖς
2131 1603 2508 1675 αὐλιζόμενος,
2565 1606 2840 1676 ἀγροῖκος
2902 1607 2958 1660 δὲ
3001 1610 3030 1660 6
3088 1609 3306 1680 ἀμαθὴς
3356 1610 3453 1663 καὶ

1871 1690 2196 1755 ἀπαίδευτος
2228 1694 2322 1746 καὶ
2348 1693 2410 1746 τὸ
2436 1694 2554 1748 ὅλον
2585 1696 2808 1765 ἀνόητος
2839 1696 2936 1764 (5).

187 1785 418 1855 ἐξίτηλα
457 1785 535 1854 τῷ
569 1784 744 1854 χρόνῳ
777 1763 1001 1854 γένηται
1029 1763 1135 1835 ﬁt
1165 1763 1242 1852 τῷ
1284 1781 1430 1851 βυθῷ
1461 1781 1557 1850 τῆς
1585 1779 1771 1847 έπιλη-
1803 1763 1842 1816 Β
1947 1775 2008 1832 F.
2041 1778 2144 1832 124
2171 1795 2216 1833 r-.
2248 1779 2499 1833 Πλάτων
2527 1784 2584 1834 ἐν
2619 1763 3034 1852 Τιμαίῳλέγει,
3065 1785 3145 1837 ὅτι
3173 1783 3233 1836 τδ
3260 1780 3327 1854 ἦν
3357 1782 3454 1838 και

194 1873 478 1942 σμοσύνης
502 1871 863 1944 παραρρεύσῃ
882 1870 1237 1939 σκοτιζόμενα
1259 1869 1351 1922 καὶ
1372 1869 1772 1937 καλυπτόμενα.

268 1961 331 2015 F.
368 1961 435 2015 55
473 1976 517 2013 r.
550 1961 616 2013 ad
664 1962 821 2014 verba
857 1979 871 2014 :
915 1963 1030 2026 τὴν
1066 1957 1414 2026 ἐπέχουσαν
1460 1957 1604 2021 τέως
1633 1956 1775 2010 dra-

186 2049 343 2112 ξίιιν
370 2056 476 2102 cet.
513 2049 713 2100 cilatur
733 2045 888 2100 Plato
910 2047 963 2100 in
996 2045 1197 2099 Timeo
1219 2061 1271 2115 p.
1309 2044 1398 2109 50,
1435 2044 1497 2097 A.
1532 2043 1652 2098 loco
1678 2058 1774 2098 su-

185 2152 294 2206 pra
327 2138 366 2189 1.
401 2135 470 2190 50
499 2151 550 2188 ν.
584 2150 866 2203 expresso.

455 2222 566 2276 Τοῦ
598 2221 784 2274 αὐτοῦ
811 2224 898 2286 είς
921 2221 1058 2286 τοὺς
1087 2219 1529 2286 Μακκαϐαίους.

265 2311 332 2365 F.
362 2311 431 2365 94
460 2327 504 2364 r.
526 2310 594 2364 τὰ
615 2311 705 2362 ἐπὶ
733 2309 892 2380 ξυροῦ
935 2310 1196 2379 ἱστάμενα
1217 2310 1316 2378 οὐχ
1345 2309 1561 2378 ἑδραίαν
1596 2306 1777 2377 ἔχουσι

190 2400 297 2470 τὴν
328 2398 508 2468 βάσιν.
548 2398 660 2450 ἀλλ’
691 2397 1015 2469 ἀνέδραστον
1043 2397 1136 2450 καὶ
1168 2396 1631 2466 ταλαντευομένην
1657 2394 1781 2448 ἑκα-

193 2486 460 2557 τέρωθεν.

194 2592 398 2657 Λόνος
437 2585 520 2651 (ἶ.
572 2591 659 2653 εὶς
703 2588 808 2641 τόν
857 2587 1028 2657 ἅγιον
1064 2589 1172 2641 τοῦ
1207 2586 1462 2656 Χριστοῦ
1509 2586 1781 2655 μάρτυρα

812 2659 1175 2725 Κυπριανόν.

268 2748 335 2804 Ρ.
383 2748 452 2804 96
485 2765 538 2803 v.
588 2747 703 2800 ἔστι
749 2747 805 2800 δὲ
852 2748 1202 2815 ἐμπύρευμα
1255 2746 1455 2816 κυρίως
1513 2743 1683 2816 βραχύ
1729 2761 1780 2797 τι

196 2837 379 2908 πυρὸς
427 2835 679 2904 λείψανον
714 2835 772 2887 ὲν
807 2834 1001 2903 σποδιᾷ
1054 2834 1459 2904 κεκρυμμένον.
1511 2848 1784 2902 καταχρη-

199 2922 410 2984 στικῶς
440 2923 496 2975 δὲ
531 2923 626 2974 καὶ
666 2920 1047 2992 μεταφορικῶς
1083 2921 1413 2991 ὲμπύρευμα
1447 2919 1782 2988 λέγεταικαὶ

197 3011 259 3062 τὸ
293 3011 664 3079 ὲναπομεῖναν
689 3009 745 3061 έν
778 3027 886 3062 τινι
919 3008 1268 3079 κατάλειμμα
1304 3011 1522 3080 μνήμης
1552 3009 1646 3061 καὶ
1681 3024 1784 3060 σω-

197 3097 452 3167 ζόμενον.

270 3183 339 3238 F.
382 3184 451 3237 97
494 3199 540 3237 r.
593 3183 876 3252 δεύτερον
921 3184 1008 3254 δέ,
1037 3183 1067 3236 ὃ
1099 3183 1197 3236 καὶ
1219 3182 1527 3252 μέγιστον,
1589 3183 1654 3235 τὸ
1693 3183 1778 3251 μὴ

202 3273 463 3336 κατόπιν
495 3280 602 3326 cet.
637 3272 926 3343 εδεύτερον
975 3271 1031 3324 δὲ
1066 3270 1526 3342 εύεργετήθημεν,
1561 3271 1641 3324 ὅτι
1679 3271 1784 3324 κᾶν

204 3362 567 3430 ὑπερήμεροι,
613 3359 726 3412 ἀλλ’
760 3355 853 3413 οὖν
883 3358 1224 3428 συνεστώσης
1267 3359 1348 3410 ἔτι
1396 3360 1494 3428 τῆς
1525 3358 1784 3427 πανηγύ-

203 3463 347 3517 ρεως
379 3447 639 3517 ἠλθομεν,
671 3447 764 3500 καὶ
799 3447 940 3501 κατά
968 3446 1065 3514 τὴν
1107 3450 1165 3499 ἐν
1189 3445 1267 3518 τῷ
1301 3445 1616 3511 Πλάτωνος
1649 3448 1784 3517 Γορ-

202 3535 297 3606 γίᾳ
335 3534 632 3605 παροιμίαν
665 3535 725 3588 οὐ
757 3537 987 3588 κατόπιν
1033 3535 1224 3605 ἑορτῆς
1273 3533 1602 3605 ὲδράμομεν.
1633 3533 1785 3588 οῦπω

202 3625 313 3694 γὰρ
348 3623 532 3676 τέλεον
566 3623 866 3694 παρῆλθεν,
897 3624 983 3676 ἵνα
1007 3624 1180 3676 ὀπίσω
1213 3623 1380 3692 αὐτῆς
1413 3623 1674 3693 ἔλθωμεν.

203 3734 398 3801 Λόγος
445 3729 490 3790 ζὶ
533 3732 619 3796 εὶς
649 3729 792 3796 τοὺς
825 3731 1056 3854 ’.ἷόγέυς
1089 3731 1194 3854 zeal
1231 3733 1318 3797 εἰς
1353 3731 1458 3784 τὸν
1489 3730 1786 3798 ἑξισιιντὴν

873 3819 944 3854 ου
991 3818 1087 3853 lar
1123 3819 1179 3854 Υ.

873 3818 1117 3854 ουνιιανο
1123 3819 1179 3854 γ.

271 3887 336 3942 F.
374 3886 477 3942 108
504 3904 552 3941 ι’.
575 3886 779 3956 μέχρις
837 3886 912 3942 ἂν
943 3886 1066 3953 τοῖς
1108 3890 1377 3957 ποτίμοις
1413 3898 1515 3943 cet.
1544 3908 1556 3942 :
1593 3891 1785 3961 μέχρις

206 3975 271 4028 ἂν
303 3976 524 4046 ποτίμῳ
552 3974 695 4044 λόγῳ
738 3969 850 4027 οἷον
883 3974 1133 4045 ἁλμυρὰν
1161 3974 1330 4044 ἀκοὴν
1367 3974 1784 4046 ἀποκλύσωμαι,

203 4062 366 4115 τοῦτο
396 4062 461 4132 δὴ
504 4061 564 4113 τὸ
597 4061 690 4113 τοῦ
727 4060 1064 4126 Πλάτωνος,
1093 4061 1339 4114 τουτέστι
1367 4062 1470 4124 ἕως
1503 4062 1567 4115 ἂν
1601 4062 1788 4115 ἀπονί-

205 4150 396 4218 ιξωμαι
419 4149 488 4202 τά
517 4134 804 4219 Ἕλληνικά
818 4147 1141 4218 ἀκούσματα
1166 4149 1257 4200 καὶ
1284 4148 1583 4218 μαθήματα
1604 4151 1661 4201 ἐν
1675 4152 1788 4213 τοῖς

207 4236 436 4303 γλυκέσι
468 4237 560 4289 καὶ
592 4239 984 4305 πνευματικοῖς
1013 4236 1191 4303 λόγοις
1229 4238 1322 4288 καὶ
1353 4235 1585 4306 δόγμασι
1616 4237 1714 4307 (2).

277 4323 340 4376 F.
384 4323 486 4377 109
546 4341 590 4377 r.
645 4323 974 4391 φθέγξομαι
1008 4334 1110 4377 cel.
1151 4323 1492 4394 εφθέγξομαι
1533 4325 1611 4386 δέ,
1648 4325 1788 4378 καθὰ

1874 1865 1934 1917 τὸ
1963 1865 2114 1920 ἔσται
2147 1869 2340 1938 χρόνου
2370 1869 2506 1920 εἰσὶν
2536 1868 2672 1938 εἴδη,
2699 1872 2860 1939 ἡμεῖς
2889 1871 2944 1922 δὲ
2967 1871 3065 1922 οὐκ
3089 1871 3262 1939 ὀρθῶς
3281 1871 3455 1924 ταῦτα

1877 1954 2116 2026 φέρομεν
2136 1957 2216 2019 εἰς
2237 1957 2404 2009 ἀΐδιον
2436 1957 2642 2011 οὐσίαν.
2667 1957 2898 2027 λέγομεν
2917 1959 3044 2028 γάρ,
3063 1959 3137 2020 ὼς
3159 1959 3206 2010 εἰ
3232 1952 3322 2026 ἦν,
3337 1957 3455 2009 ἐστι

1875 2061 1933 2095 τε
1971 2043 2063 2095 καὶ
2086 2043 2255 2096 ἔσται.
2282 2044 2342 2096 τὸ
2375 2045 2490 2097 ἐστι
2509 2045 2564 2096 δὲ
2611 2045 2769 2114 μόνον
2804 2044 2943 2099 κατά
2973 2047 3061 2099 τὸν
3092 2045 3265 2116 ἀληθῆ
3298 2045 3457 2113 λόγον

1878 2133 2165 2201 προσήκει.
2198 2131 2406 2184 ἐκεῖθεν
2438 2128 2529 2186 οὖν
2558 2131 2734 2186 λαϐὼν
2769 2134 2796 2186 6
2833 2133 3077 2201 θεολόγος
3109 2133 3206 2204 τὴν
3235 2132 3456 2204 χρῆσιν⁹

1880 2219 2063 2287 φησίν,
2083 2220 2163 2271 ὅτι
2183 2220 2244 2272 τὸ
2266 2215 2451 2289 ἦνκαὶ
2475 2219 2647 2274 ἔσται
2664 2221 2769 2274 τοῦ
2793 2223 2919 2274 καθ’
2932 2218 3086 2289 ἡμᾶς
3103 2223 3220 2274 εἱσι
3235 2221 3456 2289 χρόνου

1880 2305 2147 2374 τμήματα
2163 2305 2382 2373 καὶτῆς
2395 2307 2662 2375 ῥευστῆς
2677 2309 2929 2376 φύσεως.
2946 2308 3054 2360 τῶν
3069 2306 3178 2376 γὰρ
3191 2306 3287 2360 ἀνθ
3297 2305 3461 2376 ρωπί-

1880 2411 1983 2446 νων
2007 2394 2346 2463 πραγμάτων
2364 2392 2421 2445 ἐν
2439 2396 2650 2463 κινήσει
2667 2397 2759 2447 καὶ
2778 2399 2873 2466 ῥοῇ
2892 2393 3460 2465 τυγχανόντων,τοιοῦ-

1880 2497 1970 2542 τος
1985 2481 2079 2532 καὶ
2098 2483 2126 2532 6
2145 2482 2332 2551 χρόνος
2352 2481 2530 2533 αὐτῶν
2553 2481 2895 2550 γνωρίζεται,
2919 2483 2978 2535 τὸ
3000 2482 3100 2552 μέν
3118 2499 3200 2536 τοι
3223 2483 3298 2551 (4)
3319 2497 3460 2552 παρ-

1882 2566 2194 2636 ερχόμενος,
2211 2567 2272 2618 τὸ
2296 2567 2354 2620 δέ
2381 2585 2434 2620 τι
2459 2568 2767 2636 μέλλων,τὸ
2790 2569 2846 2622 δε
2869 2569 3101 2628 ἐνεστὼς
3125 2569 3296 2640 αὐτῷ,
3317 2585 3457 2622 παν-

1881 2654 2048 2717 τελῶς
2061 2654 2164 2725 ἀθή
2175 2671 2356 2726 ρατον,
2371 2655 2499 2726 πρὶν
2516 2655 2845 2725 γνωσθῆναι,
2859 2657 2949 2710 διὰ
2969 2659 3072 2710 πᾶν
3085 2657 3161 2727 (5).
3174 2658 3397 2728 οἴχεται.

1952 2741 2092 2795 lbid.
2125 2744 2152 2794 6
2181 2742 2325 2806 νοῦς,
2357 2743 2581 2805 εἰκότως
2615 2744 2690 2807 ὡς
2714 2743 2877 2797 εἰκὼν
2906 2745 3064 2810 Θεοῦ,
3091 2745 3303 2815 δέχεται
3328 2744 3458 2798 τού-

1883 2846 1974 2881 του
2004 2829 2235 2901 θεωρίαν
2259 2832 2506 2903 ἀμυδρὰν
2537 2833 2629 2885 καὶ
2653 2833 2875 2904 μικράν.

1957 2915 2017 2970 F.
2048 2917 2150 2972 124
2179 2935 2231 2972 v.
2265 2918 2353 2972 διὰ
2379 2919 2433 2971 τί
2465 2919 2522 2972 δὲ
2544 2920 2637 2972 καὶ
2657 2922 2917 2973 ἐννοεῖται
2956 2920 3017 2972 τὸ
3055 2920 3207 2973 Θεῖον
3250 2920 3343 2973 καὶ
3369 2937 3463 2973 τε·

1887 3005 2047 3070 λείως
2093 3009 2153 3060 ού
2208 3008 2721 3079 καταλαμϐάνεται;
2772 3011 2897 3079 ἐμοὶ
2939 3010 3106 3076 δοκεῖ,
3148 3010 3236 3062 ἵνα
3277 3009 3457 3063 διάη..

1810 3114 1853 3170 C
1887 3093 1979 3146 τοῦ
2038 3094 2217 3158 ποσῶς
2256 3096 2486 3168 ὁρᾶσθαι
2519 3098 2611 3150 καὶ
2655 3097 3166 3168 καταλαμϐάνεσθαι
3204 3097 3462 3168 ἀμυδρῶς

1888 3182 1994 3252 ἄγῃ
2027 3183 2172 3252 ἡμᾶς
2201 3183 2337 3252 πρὸς
2369 3183 2547 3238 ἑαυτό.

1959 3267 2017 3321 F.
2054 3269 2153 3321 19.8
2183 3285 2228 3322 ι’.
2263 3265 2331 3340 ἦν
2369 3270 2574 3340 γυμνὸς
2610 3273 2638 3324 6
2667 3270 2950 3341 ἅνθρωπος
2989 3271 3131 3324 κατά
3176 3272 3270 3342 τὴν
3296 3271 3464 3324 ἁπλό-

1886 3373 2022 3426 τητα
2060 3355 2152 3408 τοῦ
2179 3358 2406 3428 τρόπου,
2447 3356 2584 3410 κατά
2626 3358 2723 3429 τὴν
2747 3360 2968 3427 ἄτεχνον
3008 3357 3153 3430 ζωήν
3185 3360 3278 3412 καὶ
3319 3361 3463 3414 κατὰ

1886 3444 1944 3496 τὸ
1974 3443 2368 3513 ἀναμφίαστον.
2405 3445 2628 3514 ὕστερον
2675 3446 2781 3516 γὰρ
2829 3446 2969 3516 με·τά
3013 3447 3112 3517 τὴν
3153 3445 3464 3517 παράϐασιν

1886 3532 1919 3601 ή
1953 3531 2165 3600 διπλόη,
2195 3533 2250 3584 αἱ
2280 3532 2489 3602 τέχναι,
2519 3531 2586 3586 τὰ
2624 3533 2826 3602 ἄμφια.

1957 3615 2016 3670 F.
2052 3619 2153 3672 155
2192 3636 2244 3672 v.
2279 3623 2312 3690 ἡ
2351 3620 2623 3686 Αἴγυπτος
2651 3623 2782 3672 ποτε
2821 3621 2917 3690 μὲν
2945 3621 3025 3684 εἰς
3061 3621 3153 3674 τὸν
3194 3623 3468 3678 ἐνεστῶτα

1888 3708 2092 3775 κόσμον
2119 3705 2470 3776 λαμϐάνεται,
2492 3708 2620 3760 ποτὲ
2642 3708 2698 3761 δὲ
2715 3711 2795 3771 εἰς
2813 3708 2913 3778 τὴν
2937 3710 3134 3779 σάρκα,
3157 3712 3284 3764 ποτὲ
3309 3712 3364 3764 δὲ
3385 3715 3468 3775 εἰς

1888 3794 2179 3866 ἁμαρτίαν,
2196 3795 2326 3847 ποτὲ
2347 3795 2402 3848 δὲ
2417 3797 2496 3858 είς
2511 3795 2752 3864 ἄγνοιαν,
2775 3795 2905 3848 ποτὲ
2920 3797 2976 3848 δὲ
2995 3799 3075 3860 εἰς
3085 3796 3180 3868 τὴν
3201 3799 3466 3854 κάκωσιν.

1887 3885 2079 3952 Λόγος
2109 3882 2379 3948 ἐννατος,
2411 3883 2518 3937 τοῦ
2565 3882 2754 3955 αὐτοῦ
2776 3883 3089 3952 ἐπιτάφιος
3119 3887 3207 3950 είς
3234 3885 3342 3939 τὸν
3364 3884 3469 3955 μὲ-

2421 3969 2529 4022 ττιν
2577 3954 2920 4007 Βασίλειον.

1959 4040 2019 4096 F.
2050 4041 2153 4096 135
2188 4057 2234 4095 r.
2267 4041 2674 4113 παθαινομένης
2705 4043 2797 4095 καὶ
2832 4043 3316 4113 ἁπολοφυρομένης
3361 4042 3470 4096 δια-

1889 4130 2089 4196 θέσεως
2143 4129 2485 4201 ἀναφώνημα
2535 4132 2629 4184 τόο
2695 4134 2951 4198 ἔμελλεν
3015 4133 3161 4200 ἄρα,
3222 4132 3468 4186 τουτέστι

1890 4219 2148 4271 ἀπέκειτο
2176 4217 2283 4289 ἄρα
2313 4220 2407 4271 καὶ
2439 4218 2617 4273 τοῦτο.

1964 4305 2022 4360 F.
2059 4307 2152 4360 141
2189 4323 2242 4360 v.
2280 4307 2550 4378 παροιμία
2591 4307 2648 4359 δέ
2690 4307 2804 4359 ἐστι
2855 4309 2912 4360 τὸ
2952 4309 3067 4373 ἔξω
3095 4307 3200 4361 τοῦ
3232 4305 3473 4362 σκοποῦ

211 4411 316 4480 πρὸ
349 4411 506 4480 ἡμῶν
554 4412 582 4463 ὁ
616 4411 930 4482 Προυσαεῦς
979 4411 1081 4480 ἔφη
1127 4411 1278 4463 Δίων
1310 4410 1371 4479 (Γ.
1421 4412 1521 4467 109
1554 4412 1628 4478 v.)
1659 4414 1787 4482 περὶ
1819 4442 1862 4496 D
1886 4395 2171 4496 υθξίιιῖλείνν
2196 4395 2304 4496 ’ἐπὶ
2350 4394 2470 4496 τῶν.
2500 4395 3008 4496 ἀξποτυγξιανὸντωνν
3054 4397 3116 4447 ἐκ
3157 4397 3470 4464 μεταφορᾶς

207 4499 476 4568 Τιμοθέου
511 4497 605 4550 τοῦ
649 4498 907 4567 αὐλητοῦ,
936 4499 997 4551 ού
1028 4497 1272 4568 μαλακὸν
1303 4497 1520 4569 αὔλημα
1547 4501 1639 4554 καὶ
1668 4503 1792 4554 ἀνα-

209 4583 566 4656 ϐεϐλημένον,
594 4586 713 4639 οὐδὲ
732 4586 838 4638 τῶν
864 4586 1000 4656 πρὸς
1025 4588 1206 4641 ἄνεσιν
1230 4587 1323 4639 καὶ
1345 4587 1604 4657 εὐθυμίαν
1627 4589 1788 4656 ἀγόν-

211 4691 340 4737 των,
369 4673 490 4725 οὐδέ
523 4691 573 4724 τι
596 4672 703 4724 τῶν
724 4672 826 4743 τῆς
855 4672 1185 4744 κιθαρῳδίας
1213 4674 1358 4726 ἰδίων
1381 4675 1475 4726 καὶ
1508 4675 1641 4746 πρὸς
1669 4675 1784 4746 ήδοο

211 4762 306 4832 νὴν
341 4760 863 4829 ὲπιτετηδευμένων.

213 4852 402 4919 Λόγος
437 4848 664 4918 ὅγῦοος,
717 4849 822 4902 τοῦ
869 4848 1056 4901 αὑτοῦ
1092 4851 1181 4919 εὶς
1225 4850 1293 4901 τὰ
1324 4849 1461 4918 ἅγια
1507 4851 1792 4918 θεοφάνια

747 4919 950 4972 εῖτουν
970 4918 1261 4987 γενέθλια.

281 5009 345 5064 F.
384 5009 486 5063 122
519 5026 572 5063 ν.
603 5007 686 5078 μὴ
713 5005 909 5074 ἀκοὴν
928 5004 1431 5074 καταυλήσωμεν;
1451 5005 1602 5074 jubet
1630 5005 1794 5059 Theo-

217 5099 362 5170 logus
407 5099 482 5170 μὴ
513 5097 600 5152 διὰ
629 5098 738 5150 τῶν
776 5096 930 5149 ὢτων
952 5094 1354 5166 διεφθαρμένην
1390 5095 1654 5164 μελῳδίαν
1685 5096 1792 5148 τῶν

216 5187 403 5258 ψυχῶν
434 5188 716 5256 καταχεῖν.
743 5183 1122 5251 ἀνελευθερίας
1144 5181 1253 5252 γὰρ
1279 5180 1448 5242 πάθος
1471 5183 1561 5234 καὶ
1603 5198 1794 5234 ταπει-

219 5275 437 5346 νότητος
480 5277 545 5327 ἐκ
589 5273 682 5328 τοῦ
723 5271 930 5324 τοιοῦδε
967 5271 1070 5340 τῆς
1120 5267 1388 5339 μουσικῆς
1431 5266 1604 5331 εἴδους
1645 5270 1794 5336 ἐγγί-

287 5396 364 5464 (1)
403 5395 559 5450 Conf.
607 5393 647 5448 1'.
685 5394 787 5449 128
830 5409 878 5448 ι’.
927 5393 1066 5448 Ante
1101 5389 1356 5464 πονηρίαΔ
1389 5389 1609 5464 adtigi).
1646 5393 1794 5464 luso-

222 5459 438 5534 quéulia
475 5466 511 5517 I'.
547 5467 612 5519 18
642 5481 694 5518 ν.
729 5462 1200 5534 ιιιιιιΙὶῨΑηίιιιθιΙν.
1235 5461 1289 5513 in
1323 5459 1489 5515 Basil.
1525 5462 1540 5514 I
1579 5459 1636 5531 ρ.
1671 5461 1790 5516 149.

223 5533 295 5588 uti
331 5553 384 5604 p.
424 5537 517 5589 141
560 5549 858 5604 praegressa
895 5533 930 5586 1'.
961 5533 1026 5604 1-4
1055 5549 1109 5604 νγ.

289 5601 364 5675 (Ξ)
409 5601 573 5659 Couf.
599 5605 842 5674 Symbul.
880 5603 944 5657 ad
979 5602 1240 5675 Philoslr.
1277 5603 1340 5658 ν,
1375 5601 1434 5656 S.
1478 5601 1658 5675 ιλ,Ἱᾷ
1696 5603 1793 5675 ,111ιί

227 5669 544 5730 Ιιώοίιιιιιῖἰ.
586 5669 661 5729 [)é
686 5674 1098 5742 insequentibus
1137 5673 1173 5727 f.
1205 5675 1304 5728 109
1340 5691 1385 5726 ι’.
1425 5669 1577 5742 conf.
1605 5671 1795 5724 Anim-

227 5745 341 5802 adv.
376 5749 429 5801 in
473 5746 638 5801 Basil.
691 5743 708 5797 Ι
745 5741 924 5814 p.22,
963 5744 1057 5799 ubi
1108 5745 1270 5799 etiam
1323 5745 1416 5801 illa
1448 5757 1516 5798 ex
1558 5741 1652 5796 fol.
1695 5742 1794 5796 12‘).

1893 4482 1999 4533 τῶν
2026 4482 2352 4547 τοξευόντων
2388 4483 2481 4534 καὶ
2506 4482 2895 4551 ἀστοχούντων.

1966 4567 2024 4622 F.
2055 4569 2155 4622 146
2187 4585 2231 4622 r.
2262 4569 2620 4638 ξεναγεῖταιο
2656 4571 3035 4639 ξενοδοχεῖται.

1965 4655 2098 4709 Ibid.
2133 4656 2566 4725 ἐρεσχελεῐτιιι·
2601 4657 2891 4727 ἐριστικῶς
2915 4658 3205 4727 ἐρωτᾶται.

1965 4741 2024 4797 ιε.
2050 4742 2150 4796 146
2171 4759 2224 4796 ν.
2245 4745 2356 4810 οὐχ
2381 4744 2640 4798 ἁπλοῦν.
2658 4786 2670 4798 .
2697 4745 2970 4812 κρυπτόν
2993 4763 3059 4799 τε
3081 4747 3177 4799 καὶ
3208 4745 3466 4814 ὕφαλον·

1891 4831 2100 4882 ἐοίκασι
2123 4833 2241 4891 ταῖς
2262 4831 2485 4898 ὑφάλοις
2505 4832 2752 4903 πέτραις,
2768 4835 2970 4897 αῖτινες
2992 4834 3135 4905 ὕδωρ
3153 4834 3332 4903 ὀλίγον
3348 4837 3471 4889 ἐπι-

1893 4918 2142 4987 κείμενον
2169 4917 2408 4988 ἔχουσαι,
2434 4919 2678 4973 κινδύνου
2700 4921 2974 4992 παραίτιοι
2998 4925 3112 4985 τοῖς
3135 4922 3356 4975 πλέουσι
3380 4923 3469 4990 γί-

1893 5021 2091 5067 νονται,
2140 5003 2512 5077 συντρίϐουσαι
2532 5006 2599 5060 τά
2612 5007 3036 5077 προσεγγίζοντα
3055 5009 3274 5072 ταύταις
3288 5010 3472 5067 πλοῖα.

1963 5090 2023 5145 F.
2054 5090 2157 5144 147
2195 5106 2241 5144 r.
2267 5091 2493 5160 χιτῶνες
2518 5095 2668 5161 (pato).
2693 5090 2833 5164 ἦσαν
2857 5098 2907 5148 οἱ
2927 5096 3208 5166 τρίϐωνες,
3247 5095 3352 5149 ὑπὸ
3383 5115 3472 5166 φι-

1893 5179 2136 5248 λοσόφων
2162 5178 2328 5250 φορού
2337 5196 2509 5249 μενοι.

1962 5265 2021 5319 F.
2076 5264 2177 5319 148
2219 5281 2266 5318 r.
2307 5268 2361 5319 οι
2399 5266 2518 5334 μὲν
2549 5268 2660 5337 γὰρ
2701 5267 2818 5322 τῶν
2839 5269 3128 5338 σωμάτων
3157 5279 3261 5326 cet.
3290 5287 3302 5321 :
3328 5272 3473 5324 κατά

1892 5410 1942 5446 v.
1979 5391 2043 5443 ad
2082 5398 2265 5460 partes
2301 5400 2518 5446 vocata.

1968 5463 2044 5524 (5)
2086 5459 2468 5544 ’SCIjbeudur'u
2501 5460 2888 5544 Primo-ioco;
2926 5464 3200 5544 ἀγροῖκος,
3227 5468 3474 5522 secundo

1894 5535 2167 5601 ἄγροικος.
2193 5530 2394 5585 Confer
2419 5529 2628 5584 Polluc.
2657 5531 2772 5586 Lib.
2804 5532 2872 5586 IX
2900 5529 3146 5588 sub'init.
3391 5570 3393 5572 -

1971 5602 2048 5656 (.1)
2088 5601 2276 5656 Scribe
2303 5621 2315 5654 :
2351 5619 2424 5656 τι.
2451 5610 2505 5653 et
2529 5615 2650 5654 mox
2681 5603 2863 5656 αὐτοῦ.

1971 5612 2048 5665 (με)
2088 5612 2276 5656 Scribe
2303 5621 2315 5654 :
2351 5619 2424 5663 τι,
2451 5612 2505 5653 et
2529 5615 2650 5654 mox
2681 5612 2863 5656 αὐτου.

1966 5673 2040 5736 (Ch
2080 5672 2213 5727 Cod.
2242 5671 2346 5726 484
2384 5669 2422 5724 f.
2453 5671 2523 5725 75
2557 5687 2603 5724 ι’.
2645 5672 2898 5737 διαπτᾶν,
2947 5681 3116 5736 recte.
3161 5677 3205 5728 si
3241 5677 3474 5732 διαπτὰν

1895 5744 2188 5799 scribatur.
2245 5741 2374 5801 Post
2405 5742 2675 5814 ἀθήρατον
2705 5742 2778 5799 ὃν
2801 5745 3072 5802 excidisse
3095 5747 3328 5804 videtur.
