3856 6222
343 219 440 274 911

1821 216 2110 275 εοιιοιιι

3500 211 3605 264 912

342 335 451 404 γὰρ
487 333 548 386 τὸ
586 333 690 387 ὐπὸ
725 333 1045 401 Πλάτωνος
1084 335 1267 406 ῥηθὲν,
1309 337 1336 389 6
1379 336 1476 406 μὲν
1511 335 1622 389 τῶν
1653 336 1919 406 σωμάτων
1950 357 1992 412 Α
2021 337 2298 405 ἀριστος·
2330 336 2358 388 6
2391 333 2568 402 ἅγιος,
2605 333 2761 387 τοῦτο
2789 331 2853 404 δὴ
2898 333 2957 386 τὸ
2986 330 3080 386 τοῦ
3114 333 3446 402 Αἰσχύλου,
3483 333 3606 406 οὐχὶ

341 421 482 492 ἔρως
527 421 638 492 ῥέει
685 423 885 492 ὁμοίως
927 425 1040 488 τοῖς
1082 423 1174 476 τοῦ
1222 424 1381 494 ἔαρος
1417 422 1667 477 ἄνθεσιν·
1708 423 1916 492 ἐπειδὴ

340 507 442 562 καί
490 507 558 562 τὸ
603 507 776 578 σῶμα
820 509 991 579 λήγει
1023 511 1099 580 (1)
1145 509 1391 564 ἀνθοῦν.
1431 508 1620 580 ὥσπερ
1671 509 1778 581 γὰρ
1818 512 1917 581 τῆς

341 593 687 667 ἀναπτούσης
709 597 806 666 τὴν
831 597 1001 666 φλόγα
1031 596 1162 668 ὕλης
1205 595 1630 666 δαπανηθείσης,
1653 599 1747 651 καὶ
1776 598 1916 668 αὐτὴ

343 684 376 750 ὴ
408 681 539 752 φλὸξ
569 686 634 754 τῇ
665 683 766 756 ὐλῃ
807 685 1210 756 συναπέρχεται
1250 685 1343 736 καὶ
1381 683 1796 748 ἀποσϐέννυται,
1835 683 1919 737 οὐ·

341 785 447 832 τως
467 769 562 825 ἐὰν
584 771 828 842 μαρανθῇ
851 772 911 825 τὸ
941 771 1272 842 ὑπέκκαυμα
1293 769 1384 824 τοῦ
1412 771 1632 843 ἔρωτος,
1673 771 1916 825 τουτέστι

343 856 404 910 τὸ
435 857 630 921 κάλλος
662 857 757 911 τοῦ
789 857 1058 928 σώματος,
1083 859 1182 928 οὐχ
1215 859 1507 926 ὑφίσταται
1537 859 1656 912 οὐδέ
1675 860 1704 912 ό
1730 858 1914 923 πόθος,

345 943 480 997 ἀλλὰ
505 943 709 998 λύεται.
748 947 776 999 ό
808 944 865 997 66
892 944 1033 998 κατὰ
1069 945 1201 998 Θεὸν
1231 945 1368 1016 ἔρως
1405 946 1433 996 6
1468 947 1696 1016 σώφρων
1728 946 1916 1014 ἐπειδὴ

341 1033 520 1104 ψυχῆς
551 1033 829 1102 ἐπιθυμεῖ,
858 1035 1181 1105 πράγματος
1209 1035 1499 1095 ἀθανάτου,
1529 1033 1616 1088 διὰ
1640 1033 1797 1086 τοῦτο
1825 1033 1918 1086 καὶ

347 1121 568 1192 μόνιμός
598 1122 738 1187 ἐστι,
766 1121 858 1174 καὶ
894 1123 1004 1192 ὅσῳ
1043 1121 1201 1174 πλέον
1242 1120 1570 1190 φαντάζεται
1600 1121 1692 1174 καὶ
1726 1120 1921 1190 θεωρεῖ

340 1209 404 1261 τὸ
449 1209 550 1279 τῆς
582 1207 760 1280 ψυχῆς
794 1208 988 1272 κάλλος
1028 1212 1121 1262 καὶ
1166 1209 1264 1280 τὴν
1305 1211 1362 1260 ἐν
1399 1209 1567 1278 ἀρετῇ
1615 1209 1915 1277 προκοπήν,

341 1296 580 1368 τοσούτῳ
621 1297 820 1366 μᾶλλον
854 1299 1144 1365 συσφίγγει
1181 1296 1359 1367 ἐαυτῷ
1388 1297 1483 1350 καὶ
1509 1296 1760 1366 ἀλλήλοις
1789 1297 1918 1358 τούς

343 1382 742 1454 ἐπιθυμοῦντας
773 1383 874 1452 τῆς
902 1385 1071 1454 αὐτῆς
1103 1384 1323 1454 ἀρετῆς.

412 1470 476 1525 F.
519 1470 621 1526 149
652 1487 698 1526 r.
727 1474 779 1525 εί
809 1471 876 1524 τὸ
918 1471 1114 1524 πάντα
1159 1472 1227 1525 ἐν
1256 1471 1403 1526 πᾶσι
1437 1471 1667 1526 κεῖσθαι
1695 1469 1775 1538 μὴ
1805 1484 1919 1522 πει-

345 1559 530 1612 στέον
561 1558 685 1625 τοῖς
708 1557 1017 1628 λέγουσιν,
1047 1560 1185 1613 ἀλλ’
1216 1559 1362 1628 ἡμῖν
1404 1576 1468 1630 γε
1499 1557 1797 1622 πειστέον,
1840 1557 1920 1621 ὼς

343 1646 414 1700 ἐν
451 1646 749 1715 ἀλλήλοις
794 1647 894 1699 καὶ
921 1647 1056 1714 παρ’
1087 1647 1380 1712 ἀλλήλοις
1426 1646 1718 1715 ἐκείμεθα·
1761 1646 1822 1696 τὸ
1863 1643 1920 1696 δὲ

2024 423 2198 477 δοκεῖν
2223 423 2452 486 δίκαιος,
2481 422 2596 475 ἀλλ’
2628 417 2766 474 εἶναι
2796 420 3006 490 ἤθελεν,
3037 419 3262 489 ἔσχατον
3288 419 3444 484 εἰδὼς
3477 424 3606 493 ὅρον

2025 511 2235 573 ἀδικίας
2246 510 2386 564 κατὰ
2399 508 2706 573 Πλάτωνα,
2723 508 2783 561 τὸ
2799 507 2974 562 δοκεῖν
2983 506 3192 560 δίκαιον
3202 503 3341 560 εἶναι
3363 508 3438 579 μὴ
3451 509 3605 566 ὅντα.

2094 597 2154 652 F.
2190 597 2290 652 184
2329 615 2381 650 ν.
2414 595 2607 651 Νῶε...
2656 597 2888 665 κόσμου
2933 594 3216 662 δευτέρου
3259 596 3604 664 σπέρματα·

2023 686 2146 738 Nive
2163 685 2231 738 δι’
2257 683 2508 746 εὐτελοῦς
2533 683 2688 748 ξύλου
2713 684 2807 736 καὶ
2836 681 3118 752 ἐλαχίστου
3143 683 3353 754 σμικρὰ.
3377 682 3612 754 ζώπυρα

2024 773 2116 826 τοῦ
2141 773 2249 826 τῶν
2278 771 2581 843 ἀνθρώπων
2603 770 2828 824 διέσωσε
2855 770 3069 837 γένους.

2095 857 2156 913 F.
2199 859 2302 914 185
2345 875 2396 912 ν.
2431 857 2573 912 κατὰ
2601 857 2692 910 τὸν
2724 856 2974 927 Ἕϐραῖον
3003 857 3260 920 Φίλωνα,
3313 857 3410 910 οὐκ
3460 856 3612 910 ἔστιν

2023 946 2286 1016 ἀρτίπους
2322 949 2355 1017 ἡ
2389 948 2446 1000 ἐν
2479 943 2657 1016 θνητῷ
2685 943 2761 1014 τῷ
2790 943 3002 1014 σώματι
3031 944 3224 1014 ἀρετή,
3269 943 3405 998 ἀλλὰ
3435 962 3613 1015 παρα-

2024 1033 2249 1105 πλήσιόν
2278 1051 2332 1085 τι
2367 1033 2651 1102 πάσχουσα
2676 1033 2875 1104 νάρκῃ,
2909 1030 3105 1101 μικρὸν
3144 1031 3269 1083 ὅσον
3310 1030 3615 1101 ὐποχωλαί-

2023 1137 2126 1174 νει.
2147 1120 2445 1188 ἐνὰρκησε
2468 1117 2599 1186 γάρ,
2619 1115 2852 1186 φησί,τό
2886 1117 3112 1183 πλάτος
3149 1117 3254 1171 τοῦ
3283 1117 3482 1185 μηροῦ
3510 1117 3612 1170 καὶ

2023 1206 2314 1267 ἐπέσκαζε
2337 1207 2436 1277 (6).
2461 1207 2488 1258 6
2506 1205 2561 1258 66
2594 1204 2764 1278 μηρδς
2797 1205 3062 1273 γενέσεως
3086 1203 3372 1275 σύμδολον,
3398 1206 3522 1258 ἐπεὶ
3551 1206 3613 1257 τὸ

2025 1296 2339 1351 παιδοποιὸν
2365 1295 2554 1366 μόριον
2584 1293 2713 1364 περ).
2737 1292 2827 1344 τὸν
2860 1293 3032 1364 μηρόν
3064 1293 3200 1345 ἐστι.

2095 1382 2156 1438 F.
2186 1382 2287 1437 194
2317 1400 2360 1437 ι’.
2389 1383 2515 1434 ὅταν
2555 1381 2952 1451 προσφέρωμεν
2973 1379 3052 1450 (7)
3082 1380 3283 1443 αὐτοῖς,
3324 1378 3408 1432 δτι
3428 1380 3459 1431 6
3487 1377 3610 1442 θεὸς

2024 1472 2202 1526 αὐτῶν
2229 1473 2256 1524 6
2279 1470 2487 1541 Κρόνος
2517 1469 2774 1521 κατέπινε
2799 1469 2925 1532 τοὺς
2971 1467 3166 1532 παῖδας
3211 1457 3612 1535 αὐτοῦ,’φασ“ιν

2025 1565 2106 1616 ὅτι
2139 1561 2266 1617 ἄλλο
2291 1560 2345 1614 τί
2378 1562 2494 1613 ἐστι
2519 1561 2579 1612 τὸ
2599 1560 2666 1612 δι’
2696 1558 2949 1622 ὑπονοίας
2971 1558 3298 1630 δηλούμενον

2096 1649 2157 1705 F.
2192 1651 2292 1704 201
2339 1666 2392 1703 ι’.
2441 1651 2512 1703 οὐ
2559 1648 2668 1718 γὰρ
2715 1647 2786 1702 τὰ
2817 1649 2970 1701 αὐτὰ
3017 1647 3345 1718 φθέγξομαι
3389 1650 3610 1718 μόνον,

344 1735 412 1788 τὰ
433 1735 610 1789 πάντα
629 1737 686 1788 ἐν
709 1736 843 1788 πᾶσι
866 1735 1076 1788 κεῖσθαι
1105 1730 1224 1786 εἶπε
1244 1736 1344 1805 μὲν
1365 1735 1459 1788 καὶ
1495 1729 1922 1802 Ἐμπεδοκλῆς,
1955 1721 1998 1776 Β
2025 1738 2186 1793 ἀλλὰ
2211 1736 2310 1790 καὶ
2334 1736 2464 1804 περὶ
2489 1733 2610 1789 τῶν
2629 1733 2828 1789 αὐτῶν
2845 1751 2856 1764 ·
2885 1733 3026 1788 κατὰ
3052 1774 3066 1788 .
3095 1774 3110 1788 .
3139 1775 3151 1787 .
3177 1735 3267 1788 τὸν
3297 1734 3610 1800 Πλάτωνα,

345 1817 468 1875 εἷπε
501 1821 557 1875 δὲ
591 1821 689 1875 καὶ
728 1821 1154 1892 Ἀναξαγόρας,
1181 1821 1322 1891 πλὴν
1353 1822 1413 1874 οὐ
1455 1821 1592 1892 μετὰ
1615 1821 1714 1890 τῆς
1757 1818 1926 1888 αὐτῆς

347 1907 575 1978 γνώμης
611 1907 928 1978 ἀμφότεροι.
968 1907 1084 1961 ἀλλ’
1131 1909 1159 1960 6
1204 1908 1304 1980 μὲν
1344 1906 1751 1977 Ἐμπεδοκλῆς
1793 1905 1924 1975 περί

346 1995 456 2050 τῶν
503 1997 787 2068 τεσσάρων
844 1992 967 2050 εἷπε
1029 1997 1328 2068 στοιχείων,
1392 1999 1474 2050 ὅτι
1523 1997 1585 2050 οὐ
1649 1996 1808 2067 μόνον
1846 1993 1925 2048 δι-

349 2083 632 2154 ωρισμένα
665 2083 770 2136 εἰσὶ
797 2083 892 2137 καὶ
923 2082 1046 2138 καθ’
1065 2083 1252 2150 ἐαυτά,
1272 2083 1406 2137 ἀλλὰ
1430 2085 1524 2138 καὶ
1555 2082 1803 2156 ἀλλήλοις
1832 2082 1928 2153 μέ-

351 2182 571 2236 μικται.
605 2165 698 2219 καὶ
733 2166 892 2236 δῆλον
924 2166 1200 2221 ἐντεῦθενο
1231 2169 1340 2222 πᾶν
1369 2168 1479 2239 γὰρ
1504 2167 1642 2232 ζῶον
1676 2169 1790 2229 τοῖς
1812 2167 1929 2219 τέσ-

351 2269 512 2324 σαρσι
571 2253 854 2324 στοιχείοις
923 2251 1286 2324 ζωογονεῖται.
1337 2257 1365 2309 6
1421 2255 1479 2310 66
1531 2249 1928 2324 Ἀναξαγόρας

349 2343 578 2398 παλαιὸν
617 2343 792 2414 εὐρὼν
832 2344 1027 2416 δόγμα,
1059 2346 1141 2399 ὅτι
1169 2346 1322 2400 οὐδὲν
1361 2348 1427 2400 ἐκ
1457 2345 1550 2399 τοῦ
1588 2345 1664 2417 (2)
1707 2344 1928 2416 μηδαμῆ

348 2431 581 2501 γίνεται,
631 2432 846 2500 γένεσιν
896 2432 994 2502 μὲν
1039 2433 1254 2503 ἀνῄρει,
1288 2433 1559 2505 διάκρισιν
1605 2431 1664 2486 δὲ
1710 2430 1929 2500 εἰσῆγεν

349 2519 470 2572 ἀντὶ
509 2518 796 2586 γενέσεως.
840 2519 1023 2590 ἐλήρει
1073 2521 1184 2592 γὰρ
1231 2519 1480 2591 ἀλλήλοις
1523 2519 1620 2591 μὲν
1671 2518 1930 2590 μεμίχθαι

348 2605 546 2670 ταῦτα,
595 2605 969 2678 διακρίνεσθαι
1007 2606 1063 2660 δὲ
1111 2607 1474 2678 αὐξανόμενα.
1508 2607 1603 2660 καὶ
1635 2605 1744 2679 γὰρ
1777 2607 1834 2658 ἐν
1862 2607 1930 2676 τῇ

349 2694 490 2766 αὐτῇ
519 2697 649 2765 γονῇ
700 2695 796 2747 καὶ
823 2695 1016 2765 τρίχας
1041 2690 1178 2748 εἶναι
1209 2695 1304 2748 καὶ
1339 2694 1558 2764 δνυχας,
1599 2695 1693 2747 καὶ
1728 2692 1932 2762 φλέϐας

351 2781 447 2836 καὶ
492 2782 779 2854 ἀρτηρίας,
819 2782 914 2836 καὶ
949 2780 1118 2853 νεῦρα
1166 2783 1262 2836 καὶ
1305 2783 1459 2848 ὀστᾶ,
1508 2783 1604 2835 καὶ
1643 2781 1932 2852 τυγχάνειν

359 2867 460 2937 μέν
499 2866 677 2938 ἀφανῆ
723 2867 812 2920 διὰ
846 2867 1258 2939 μικρομέρειαν,
1302 2868 1644 2940 αὐξανόμενα
1686 2867 1744 2920 δέ
1791 2865 1934 2920 κατὰ

363 2956 558 3028 μικρὸν
583 2956 976 3028 διακρίνεσθαι.
995 2955 1120 3024 πῶς
1143 2960 1252 3028 γὰρ
1272 2957 1368 3022 ἄν,
1399 2959 1586 3028 φησίν,
1613 2957 1680 3011 ἐκ
1693 2956 1779 3026 μὴ
1812 2973 1932 3024 τρι-

2027 1829 2096 1882 τὰ
2119 1827 2260 1882 αὐτὰ
2284 1826 2538 1898 περὶτῶν
2559 1825 2738 1880 αὐτῶν
2763 1825 3092 1896 φθέγξομαι,
3113 1826 3364 1880 τουτέστι
3379 1827 3448 1879 τὰ
3468 1828 3614 1880 αὐτὰ

2031 1921 2248 1990 ῥήματα
2285 1915 2380 1968 καὶ
2405 1915 2650 1986 νοήματα
2680 1915 2810 1985 περ).
2834 1913 2940 1966 τῶν
2966 1914 3144 1968 αὐτῶν
3177 1914 3545 1986 πραγμάτων.

2027 2023 2221 2092 Λόγος
2265 2019 2608 2086 ἑνδέκατος,
2661 2016 2770 2072 τοῦ
2816 2017 3003 2072 αὑτοῦ
3057 2019 3142 2084 είς
3185 2017 3251 2071 τὸ
3284 2017 3458 2088 ἅγιον
3487 2017 3613 2082 ,βά-

2672 2101 2918 2157 πτισμα.

2100 2176 2160 2231 F.
2205 2175 2312 2230 224
2356 2191 2403 2229 ι’.
2435 2175 2548 2241 ἕως
2589 2173 2779 2242 εὐχῆς
2820 2174 3122 2242 πρόκειται
3150 2175 3481 2244 προθεσμία
3506 2175 3612 2228 καὶ

2029 2265 2328 2334 ἀσχολίας
2377 2259 2683 2332 τιμιωτέρα
2704 2276 2718 2289 ⁸
2755 2263 2784 2313 6
2820 2261 3012 2332 καιρὸς
3045 2263 3074 2314 6
3107 2261 3213 2329 πρὸ
3245 2262 3344 2331 τῆς
3377 2261 3613 2332 μεταλή.

2028 2353 2175 2422 ψεως
2199 2351 2297 2420 τῆς
2327 2349 2597 2420 μυστικῆς
2635 2349 2915 2422 τραπέζης
2939 2390 2952 2403 .
2994 2389 3008 2402 .
3046 2391 3060 2403 .
3100 2351 3247 2402 ἐστὶν
3270 2350 3332 2402 οὐ
3363 2351 3618 2420 γαμικῆς

2034 2441 2194 2512 μόνον
2234 2439 2468 2512 ὁμιλίας,
2518 2437 2654 2492 ἀλλὰ
2696 2438 2791 2490 καὶ
2827 2438 3083 2508 ἀσχολίας
3131 2438 3429 2508 ὑπέρτερος
3466 2439 3620 2490 κατὰ

2030 2529 2124 2582 τὸν
2150 2526 2467 2594 Πίνδαρον,
2497 2525 2740 2578 τουτέστι
2763 2526 2854 2578 καὶ
2877 2526 3266 2597 προτιμότερος
3288 2527 3383 2579 καὶ
3411 2524 3616 2596 τιμιώ-

2031 2633 2187 2689 τερος
2218 2615 2398 2684 πάσης
2431 2611 2595 2682 ἄλλης
2631 2611 2909 2684 φροντίδος
2939 2613 3034 2667 καὶ
3068 2614 3348 2683 ἐργασίας.

2103 2701 2166 2757 F.
2201 2701 2310 2756 255
2337 2717 2390 2755 ν.
2418 2699 2536 2754 τῶν
2565 2699 2978 2768 ἀπειροκάλων
3001 2719 3012 2729 ·
3045 2701 3296 2754 τουτέστι
3328 2700 3436 2754 τῶν
3466 2699 3619 2768 φιλο-

2032 2790 2220 2856 δόξων,
2250 2787 2358 2841 τῶν
2384 2786 2626 2858 ἀπείρων
2663 2786 2758 2840 τοῦ
2798 2785 2988 2852 καλοῦ,
3023 2787 3269 2840 τουτέστι
3299 2789 3397 2858 τῆς
3420 2805 3622 2843 ταπει-

2034 2876 2269 2941 νώσεως,
2298 2875 2393 2928 καὶ
2419 2874 2529 2927 τῶν
2562 2873 2818 2945 ἀμέτρως
2853 2873 3235 2946 καλυνομένων
3258 2876 3360 2946 (8).

2107 2963 2168 3018 F.
2211 2963 2318 3017 254
2347 2978 2400 3016 v.
2435 2963 2745 3026 τοιούτους
2766 2963 2991 3032 λόγους
3016 2964 3246 3032 χαίρειν
3274 2963 3574 3030 ἐάσαντες
3600 2982 3616 2994 °

351 3044 460 3113 χὸς
510 3043 754 3115 γένηται
785 3044 863 3114 (5)
894 3044 1047 3112 θρίξ,
1077 3045 1176 3098 καὶ
1228 3044 1386 3114 σάρξ
1433 3044 1501 3098 ἐκ
1540 3045 1626 3114 μὴ
1670 3044 1934 3114 σαρκός;
1963 3052 2007 3113 C
2037 3054 2136 3124 τῆς
2158 3049 2437 3124 δημώδους
2458 3049 2758 3122 παροιμίας
2779 3051 2926 3104 ἐστὶν
2947 3051 3167 3120 ὁλόγος.
3199 3053 3247 3104 οἱ
3265 3052 3374 3122 γὰρ
3391 3052 3622 3106 παλαιοὶ

351 3135 413 3186 οὐ
443 3133 602 3205 μόνον
635 3133 692 3187 δέ
728 3132 838 3186 τῶν
873 3134 1163 3204 σωμάτων,
1192 3133 1327 3188 ἀλλὰ
1367 3135 1458 3187 καὶ
1485 3135 1592 3188 τῶν
1627 3133 1932 3205 χρωμάτων

351 3220 524 3276 ταῦτα
553 3222 871 3292 κατηγόρει.
899 3223 994 3274 καὶ
1023 3221 1130 3293 γὰρ
1151 3223 1350 3274 ἐνεῖναι
1376 3221 1453 3291 τῷ
1473 3221 1652 3292 λευκῷ
1678 3221 1738 3274 τὸ
1763 3222 1932 3291 μέλαν

356 3311 533 3378 ἔλεγε,
553 3311 741 3382 καὶτῷ
765 3310 940 3380 λευκῷ
963 3311 1040 3378 (4)
1055 3310 1132 3380 τῷ
1158 3311 1366 3382 μέλανι.
1399 3311 1460 3363 τὸ
1477 3311 1609 3364 αὐτὸ
1627 3311 1684 3364 δέ
1706 3311 1796 3363 ἐπὶ
1824 3310 1932 3363 τῶν

354 3397 536 3468 ροπῶν
562 3398 748 3463 ἐτίθει,
773 3397 852 3468 τῷ
879 3398 1035 3468 βαρεῖ
1053 3398 1114 3451 τὸ
1137 3397 1338 3468 κοῦφον
1369 3398 1674 3470 σύμμικτον
1695 3396 1832 3452 εἶναι
1854 3398 1936 3450 δο-

352 3484 530 3550 ξάζων
568 3487 660 3540 καὶ
701 3484 861 3538 τοῦτο
903 3481 1060 3549 αὖθις
1089 3486 1299 3558 ἐκείνῳ.
1338 3487 1499 3541 ἆτινα
1541 3489 1717 3541 πάντα
1761 3486 1932 3558 ψευδῆ

351 3577 489 3629 ἐστι.
524 3574 644 3638 πῶς
669 3573 778 3645 γὰρ
805 3573 874 3628 τὰ
903 3574 1122 3628 ἐναντία
1153 3578 1266 3638 τοῖς
1286 3576 1549 3638 ἐναντίοις
1578 3575 1929 3641 συνέσονται;

421 3663 486 3720 F.
523 3665 627 3719 152
651 3681 705 3719 ν.
727 3665 1193 3733 ἀστρονομίας...
1222 3665 1517 3718 τοσοῦτον
1539 3666 1758 3728 λαϐὼν,
1784 3663 1935 3717 ὅσον

349 3754 436 3825 Μὴ
493 3761 600 3810 cet.
631 3770 650 3809 :
679 3752 926 3824 ἀστέρων
964 3752 1129 3823 μὲν...
1158 3752 1366 3816 πλοκὰς
1397 3753 1491 3805 καὶ
1546 3754 1816 3822 σχήματα,
1866 3751 1933 3805 δι’

353 3831 432 3895 ὧν
454 3841 756 3911 ἀναιρεῖται
779 3840 812 3910 ὴ
837 3840 1084 3909 πρόνοια,
1101 3841 1197 3893 καὶ
1221 3840 1432 3908 γένεσιν
1455 3840 1550 3892 καὶ
1574 3839 1736 3910 είμαρ
1745 3837 1930 3908 μένην,

353 3931 448 3984 καὶ
516 3929 586 3983 τὰ
653 3929 1131 4000 ἀποτελεσματικὰ
1203 3930 1296 3984 καὶ
1362 3929 1425 3983 τὸ
1492 3931 1559 3999 τῇ
1622 3929 1764 3999 φορᾷ
1823 3927 1934 3980 τῶν

353 4018 571 4088 ἄστρων
635 4015 834 4070 διδόναι
904 4016 974 4070 τὰ
1049 4017 1180 4070 ὅντα
1248 4017 1344 4069 καὶ
1417 4016 1488 4070 τὰ
1567 4015 1828 4084 γινόμενα
1863 4013 1934 4066 δι-

355 4111 580 4164 έπτυσε.
611 4107 672 4160 τὺ
705 4107 762 4162 δὲ
793 4107 1016 4174 εἰδέναι,
1045 4107 1162 4171 πῶς
1183 4107 1424 4178 γίνονται
1449 4109 1508 4161 αί
1531 4107 1638 4160 τῶν
1655 4105 1934 4176 τεσσάρων

353 4197 513 4268 ὡρῶν
543 4195 837 4264 ἐναλλαγαὶ
865 4194 954 4248 διὰ
978 4196 1077 4266 τῆς
1119 4196 1458 4268 τεταγμένης
1493 4195 1601 4247 τῶν
1635 4195 1934 4263 φωστήρων

353 4286 642 4356 κινήσεως,
684 4285 780 4336 καὶ
823 4282 886 4335 τὸ
928 4283 1017 4336 διὰ
1057 4283 1156 4352 τῆς
1201 4282 1465 4354 ἁρμονίας
1509 4281 1618 4334 τῶν
1667 4280 1933 4352 οὐρανίων

2031 3143 2146 3204 τοῖς
2206 3138 2558 3210 μισουμένοις
2619 3137 3004 3204 ἀπαντῶντες,
3044 3139 3106 3192 τὸ
3163 3139 3394 3208 χαίρειν
3449 3139 3623 3209 μόνον

2033 3231 2377 3298 ἐπιλέγοντες
2417 3227 2768 3298 παρέτρεχον.
2795 3227 2983 3297 ἐδήλου
3011 3229 3068 3282 δὲ
3113 3229 3173 3282 τὸ
3202 3229 3432 3297 χαίρειν
3462 3232 3623 3282 τουτὶ

2031 3319 2094 3372 τὸ
2131 3316 2408 3388 οἰμώζειν,
2431 3317 2550 3369 κατ’
2585 3315 2926 3385 άντίφρασιν.

2163 3407 2353 3475 Λόγος
2375 3403 2709 3468 δωδέκατος
2733 3404 2807 3473 (iu
2845 3403 2904 3458 S.
2943 3401 3254 3474 Gregorium
3284 3403 3476 3476 Nysa;

2101 3491 2164 3548 ιε’.
2188 3493 2292 3548 249
2323 3509 2368 3547 r.
2392 3491 2540 3561 λέγει
2563 3491 2619 3544 δέ
2657 3509 2763 3544 που
2791 3491 2886 3544 καὶ
2913 3492 3149 3560 Θεόγνις
3186 3493 3215 3545 6
3247 3493 3494 3563 ποιητής,
3525 3493 3620 3546 ὅτι

2033 3581 2222 3645 πιστὸς
2237 3579 2372 3652 ἀνὴρ
2387 3578 2571 3650 χρυσῷ
2591 3595 2650 3630 τε
2672 3579 2764 3632 καὶ
2784 3577 3009 3650 ἀργύρῳ
3025 3579 3409 3649 ἀντερίσασθαι
3437 3579 3616 3644 ἄξιος.

2669 3665 2862 3735 Λόγος
2885 3665 2961 3719 ιδ.

2102 3750 2163 3806 F.
2189 3751 2296 3806 279
2327 3768 2379 3804 ν.
2408 3749 2523 3804 ἔστι
2549 3749 2606 3803 66
2635 3751 2830 3822 κάμπη
2861 3751 2962 3822 μὲν
2992 3753 3088 3805 καὶ
3121 3753 3290 3823 ἀκρίς
3319 3753 3410 3807 καὶ
3443 3753 3621 3826 βροῦ-

2033 3859 2126 3911 χος
2145 3841 2380 3908 ζωύφια,
2411 3838 2638 3910 ἐρυσίϐη
2661 3839 2718 3891 δέ
2753 3840 2828 3903 ὼς
2851 3838 3210 3911 κονιορτώδης
3237 3841 3410 3913 φθορὰ
3435 3843 3617 3899 σίτου.

2107 3927 2169 3981 F.
2195 3927 2301 3982 295
2325 3944 2378 3980 ν.
2409 3927 2742 3996 ποππυσμὸς
2775 3967 2790 3982 .
2820 3967 2836 3981 .
2872 3927 3006 3980 ποιά
3029 3927 3112 3991 τίς
3144 3929 3261 3981 ἐστι
3297 3928 3405 3982 τῶν
3447 3932 3622 3983 ἱππο-

2033 4015 2220 4086 κόμων
2246 4015 2419 4084 φωνή,
2449 4015 2795 4084 πεποιημένη
2825 4015 2961 4085 πρὸς
3004 4015 3292 4070 κολακείαν
3323 4017 3432 4070 τῶν
3463 4036 3620 4090 σκιρ-

2033 4102 2249 4158 τώντων
2279 4103 2480 4156 ἱππων.

2664 4189 2855 4258 Λόγος
2888 4205 2958 4242 ιε.

2103 4273 2166 4330 F3
2195 4275 2300 4331 500
2332 4291 2378 4330 ι’.
2411 4273 2586 4343 τῆξαι
2613 4274 2932 4344 φιλονεικεῖ)
2959 4315 2974 4330 .
3007 4314 3021 4329 .
3055 4315 3069 4327 .
3093 4275 3393 4344 πράξεων·
3423 4277 3618 4330 coco-3-

357 4371 448 4424 τὸν
470 4370 804 4442 Δημιουργδν
834 4369 1130 4441 θαυμάσαι,
1159 4370 1336 4425 καὶτὸ
1369 4369 1698 4440 συμμέτρως
1728 4366 1796 4421 τὰ
1835 4369 1930 4420 ἀπ’
1962 4387 2006 4441 ι)
2033 4380 2124 4417 τον
2165 4359 2257 4417 οὖν
2284 4363 2574 4417 ἀνθεκτέον
2595 4362 2688 4415 τοῦ
2722 4361 2990 4432 σώματος,
3004 4364 3150 4428 ὅσον,
3180 4365 3313 4434 φησὶ
3332 4364 3614 4425 Πλάτων,

358 4457 537 4512 αὐτῶν
587 4460 791 4528 σημεῖα
830 4457 1310 4530 περιεργάζεσθαι,
1342 4457 1645 4528 ἐπομϐρίαν
1671 4454 1932 4526 δηλοῦντα

358 4544 392 4614 ἢ
423 4543 665 4614 αὐχμοὺς
696 4545 730 4614 ἢ
763 4545 1089 4616 πνευμάτων
1132 4546 1376 4616 κινήσεις
1407 4545 1442 4615 ἡ
1471 4561 1523 4598 τι
1550 4543 1809 4606 τοιοῦτον,
1833 4542 1932 4594 οὐκ

358 4629 638 4695 ἀπώσατο,
674 4631 810 4686 ἀλλὰ
838 4631 1219 4704 προσεδέξατο.

429 4716 491 4773 F.
534 4717 638 4772 155
665 4734 710 4774 r.
747 4719 812 4772 τὸ
844 4718 956 4772 τοῦ’
984 4719 1234 4792 σώματος
1275 4719 1498 4779 ἀσθενὲς
1537 4719 1630 4773 καὶ
1659 4719 1692 4788 ή
1720 4734 1934 4772 νοσοκο-

364 4806 462 4876 μία
525 4806 584 4859 οὐ
617 4806 814 4878 μικρὸν
861 4808 944 4871 εἰς
986 4807 1301 4878 φιλοσοφίαν
1343 4807 1490 4860 δοκεῖ
1532 4805 1612 4876 τῷ
1640 4805 1931 4860 Πλάτωνι.

433 4881 492 4948 F.
526 4893 623 4949 161
672 4910 719 4948 ι’.
759 4897 932 4961 ἔτνος
961 4895 1017 4948 δέ
1047 4897 1165 4948 ἐστι
1194 4895 1256 4948 τὸ
1290 4894 1560 4963 συγκοπὲν
1599 4893 1693 4948 καὶ
1718 4892 1934 4963 σχισθὲν

360 4978 610 5051 ισπριον,
628 4976 740 5034 οἷον
769 4981 982 5052 κύαμος
1010 4983 1044 5052 ῆ
1069 4999 1122 5034 τι
1151 4980 1392 5035 τοιοῦτον
1423 4981 1519 5051 (5).

433 5067 496 5123 F.
548 5067 651 5122 176
703 5085 756 5125 ν,
808 5065 960 5124 εἶναι
997 5068 1108 5138 γάρ
1127 5107 1142 5134 ,
1195 5070 1267 5123 οὐ
1324 5067 1524 5122 δοκεῖν
1569 5065 1937 5126 ἐσπούδαζεν

434 5189 512 5260 (1)
547 5187 731 5246 Schol.
756 5190 889 5245 Cod.
926 5191 1030 5246 484
1063 5191 1101 5246 1'.
1143 5189 1248 5244 125
1278 5205 1324 5245 ι’.
1359 5189 1527 5257 λέγει,
1568 5188 1729 5243 male.
1774 5186 1856 5242 Tu
1879 5204 1934 5242 ν.

361 5259 537 5312 Δίοὶίν.
567 5262 606 5316 Ι.
635 5277 689 5316 D.
716 5261 839 5316 151.
866 5260 928 5315 C.

435 5275 537 5312 cw.
567 5275 606 5321 I.
635 5277 689 5322 ι).
716 5275 839 5322 151,
866 5275 928 5315 υ.

433 5277 537 5312 ηοω.
567 5277 606 5321 ι,
635 5277 689 5330 p.
716 5277 839 5322 τοι,
866 5277 928 5315 ιλ.

433 5329 512 5400 (2)
549 5331 686 5385 Cod.
712 5330 870 5385 4841‘.
897 5329 999 5384 125
1024 5345 1070 5385 r.
1102 5337 1226 5400 apte
1249 5330 1496 5400 supplet:
1537 5327 1613 5398 μὴ
1635 5327 1786 5391 ὄντος
1819 5326 1934 5380 καί.

432 5399 513 5464 (5)
554 5401 745 5456 Scribe
767 5420 778 5454 :
810 5401 1043 5467 γένοιτο.

433 5469 511 5536 (4)
551 5470 684 5524 Cod.
720 5470 826 5525 484
855 5470 894 5523 1’.
925 5471 1033 5531 125
1062 5487 1113 5526 ν.
1147 5470 1210 5521 τὸ
1241 5468 1456 5529 λευκόν,
1484 5475 1652 5521 recte.

431 5538 511 5608 (5)
547 5539 707 5608 (Jour.
733 5541 915 5608 Schol.
940 5540 1075 5595 Cod.
1100 5540 1222 5604 499,
1245 5537 1340 5592 fol.
1364 5537 1432 5591 84
1453 5553 1498 5592 ι’.
1522 5537 1704 5606 ibique
1724 5544 1934 5600 annon.

433 5603 511 5676 (6)
549 5603 746 5670 Genes.
773 5605 863 5669 52,
889 5610 980 5663 25.

435 5675 510 5761 (7)
556 5677 744 5736 Scribe
796 5700 808 5735 :
843 5680 1226 5752 προφέρωμεν,
1260 5677 1404 5749 quod
1434 5677 1787 5743 exprobrandi
1847 5691 1939 5746 po-

2035 4451 2338 4522 ὑπηρεσίαν
2377 4449 2666 4521 φιλοσοφίᾳ
2713 4449 3044 4521 κτωμένους,
3091 4451 3302 4505 ἐοικότα
3329 4451 3503 4520 λέγων
3532 4453 3621 4523 τῷ

2033 4541 2271 4605 Παύλῳ,
2307 4538 2365 4602 ὃς
2407 4540 2682 4607 παραινεῖ,
2729 4537 2996 4610 μηδεμίαν
3035 4539 3181 4608 ἔχειν
3225 4539 3317 4592 τοῦ
3361 4540 3617 4611 σώματος

2033 4631 2288 4700 πρόνοιαν
2314 4629 2394 4690 είς
2420 4625 2726 4697 ἐπιθυμιῶν
2764 4628 3019 4698 ἀφορμήν
3051 4628 3149 4698 (9).

2104 4713 2239 4769 Ibid.
2269 4715 2405 4784 ὅπερ
2444 4713 2602 4783 τῆξαι
2620 4712 2797 4787 ⁵θέλω,
2825 4714 2911 4766 ἵνα
2935 4714 3009 4784 μὴ
3033 4716 3106 4778 ώς
3134 4716 3192 4766 ἐν
3217 4714 3462 4787 βορϐόρῳ
3489 4720 3614 4780 ταῖς

2033 4802 2246 4873 ἡδοναῖς
2281 4799 2444 4853 αὐτοῦ
2478 4800 2969 4872 καταρρύπτωμαι,
2999 4801 3032 4871 ἢ
3068 4800 3142 4864 ὥς
3173 4818 3337 4872 φησιν
3368 4803 3396 4854 6
3422 4805 3618 4857 Πυθα-

2035 4895 2235 4964 γόρας,
2283 4892 2371 4946 ἵνα
2417 4891 2492 4962 μὴ
2537 4893 2918 4963 χαλεπώτερον
2949 4893 3170 4964 ἐμαυτῷ
3217 4896 3618 4950 κατασκευάσω

2033 4980 2096 5034 τὸ
2119 4979 2514 5049 δεσμωτήριον.

2104 5064 2166 5120 F.
2185 5065 2290 5121 506
2310 5082 2355 5120 r.
2378 5067 2713 5136 conjunctim
2735 5068 2909 5137 posita
2934 5068 3253 5136 περιττὸςει
3276 5068 3555 5139 βλακικός.

2035 5195 2286 5242 testalem
2310 5186 2490 5241 habet.
2516 5185 2674 5240 ϐοαί.
2710 5199 2902 5241 annot.
2921 5188 2986 5242 ad
3017 5186 3100 5242 El.
3133 5188 3172 5243 1‘.
3197 5188 3304 5245 295
3333 5205 3379 5244 ι.
3414 5192 3451 5245 i.

2109 5257 2186 5325 (8)
2217 5255 2396 5328 Lege:
2433 5257 2855 5328 καλλυνομένων.

2109 5328 2186 5395 (9)
2214 5326 2358 5389 1122c,
2378 5329 2454 5379 uti
2487 5329 2639 5396 plura
2665 5326 2716 5380 in
2735 5329 2819 5381 his
2853 5327 3112 5390 Scholiis,
3129 5326 3424 5386 Basﬂiana.
3449 5329 3613 5388 Conf.

2039 5395 2324 5467 An_im_adv.
2352 5397 2406 5467 i_n
2440 5395 2500 5467 Si
2523 5396 2688 5452 Basil.
2716 5396 2794 5467 DQ
2815 5397 2941 5467 Leg.
2980 5398 3043 5451 (ἱ.
3074 5397 3134 5451 L.
3162 5399 3215 5453 in
3240 5399 3420 5454 Jahnii
3443 5400 3615 5456 Arch.

2041 5467 2079 5518 ί.
2113 5464 2566 5540 Ρὴὶιηυέηειιοε.
2591 5483 2641 5520 ν.
2670 5464 2914 5540 15]·ἰιεοξ
2935 5468 2988 5530 5,
3015 5483 3064 5536 p.
3086 5468 3388 5533 466.lbid..
3409 5487 3461 5540 ι).
3480 5472 3613 5533 468.

2040 5535 2218 5589 clAn.
2256 5535 2508 5609 in_Basil.
2545 5535 2772 5609 Ip._125
2792 5552 2878 5609 §q.
2904 5535 3085 5609 inse’qi
3114 5541 3292 5599 attuli,
3333 5542 3385 5594 in
3409 5535 3616 5609 ﬁnibus

2042 5613 2208 5687 yecle,
2238 5606 2453 5674 opinor,
2487 5604 2925 5689 καταρρυπῶμαι
2961 5604 3128 5662 διιίίὺὶ
3157 5609 3318 5677 jussi.
3350 5604 3458 5664 Nai:
3501 5627 3614 5666 non

2043 5675 2133 5730 111a
2176 5673 2214 5731 1'.
2247 5675 2349 5729 518
2381 5691 2430 5730 ν.
2461 5673 2808 5733 Bamlusunl.
2838 5677 2919 5734 Cf.
2954 5679 3059 5736 An.
3095 5679 3197 5747 1p.
3226 5680 3348 5745 163,
3384 5679 3487 5737 1ῖο
3520 5695 3612 5745 eo.

2199 5715 2214 5731 ο
2247 5694 2349 5729 οισ
2381 5694 2430 5730 γ.
2461 5694 2808 5733 υπιιηδιιιη.
2838 5694 2919 5734 ιιι.
2954 5694 3059 5736 ΛΠ.
3095 5694 3197 5745 ll).
3226 5694 3348 5745 ιυο,
3384 5694 3487 5737 fl”
3520 5695 3612 5745 OQ.
