3856 6222
449 328 552 384 950

1493 311 1774 370 ΝΟἸῚΤΙΑ
1810 309 2010 366 CODD.
2052 304 2570 372 MOSQUENSlUM.

3599 295 3698 350 910

446 455 479 495 ε
518 455 683 494 manu
735 439 903 494 altera
941 436 1176 507 legitur:
1223 433 1471 504 Ἐγράφη
1507 433 1601 485 καὶ
1645 427 1934 497 ἐτελειώθη
1977 431 2010 498 ὴ
2047 470 2051 479 .

2189 421 2254 476 Κ.
2291 421 2472 476 Codex
2504 422 2616 495 (l5)
2663 421 2908 491 ejusdem
2954 419 3298 474 bibliothecae
3329 433 3479 470 num.
3519 409 3659 472 LXII
3683 455 3699 477 .

448 510 570 584 Θεία
609 531 702 584 καλ⁸
751 528 1036 599 θεολογικὴ
1089 528 1182 580 καὶ
1237 526 1356 595 ιερὰ
1388 523 1525 593 αὕτη
1573 521 1753 592 βίϐλος
1801 522 1859 572 ὲν
1912 519 2020 573 ἔτει

449 622 666 694 ,ς-ωμζη
703 622 776 688 (i.
807 637 857 676 e.
892 627 1015 692 post
1045 620 1322 674 Christum
1357 627 1543 672 natum
1582 616 1772 686 1549),
1809 615 1904 668 καὶ
1942 615 2024 667 εὓ-

449 714 642 783 χεσθαι
669 713 787 783 (sic)
816 713 908 766 τὸν
933 711 1220 784 γράψαντα
1249 713 1298 764 οἱ
1326 711 1508 778 ἀναγι.
1543 707 1697 778 (Sic).
1727 707 1926 761 Ibidem
1957 707 2024 760 ab

450 800 558 858 alia
600 805 764 859 etiam
799 821 961 859 manu
994 806 1191 874 legitur
1218 822 1230 856 :
1276 801 1581 873 Ἀφιερώθη
1616 801 1710 854 καὶ
1739 799 1918 862 τοῦτο,
1949 799 2024 861 ὡς

452 897 549 948 καὶ
573 896 642 949 τὰ
671 896 834 949 λοιπὰ
862 896 954 948 ὑπ’
987 896 1119 966 ἐμοῦ
1147 895 1396 964 Μαξίμου
1425 891 1753 964 ἁμαρτωλοῦ
1792 889 2025 961 μοναχοῦ

453 990 510 1038 ὲν
539 988 615 1057 τῷ
647 990 788 1058 ἁγίῳ
834 988 947 1059 ὄρει
982 989 1040 1039 ὲν
1086 990 1151 1057 τῇ
1202 987 1334 1056 ἁγίᾳ
1379 988 1510 1056 μονῇ
1557 985 1650 1038 τοῦ
1699 982 1867 1054 κυροῦ
1910 985 2028 1034 Διο-

451 1080 659 1140 νυσίου,
689 1079 776 1132 διὰ
823 1079 1166 1150 μνημόσυνον
1207 1077 1301 1130 τοῦ
1337 1077 1472 1145 ἐμοῦ
1514 1075 1885 1144 πεφιλημένου
1921 1091 2028 1127 πα-

452 1167 604 1238 τρός.
648 1167 705 1219 ’0
739 1167 795 1219 δὲ
824 1166 1084 1237 συλλῆσαι
1117 1166 1236 1234 (sic)
1275 1165 1529 1235 Θελήσας,
1562 1164 1734 1233 ἐχέτω
1766 1161 1865 1224 τὰς
1891 1160 2029 1232 ἀρὰς

451 1257 560 1308 τῶν
589 1256 756 1323 ἁγίων
780 1255 1063 1327 Πατέρων.
1093 1256 1372 1326 Τμήματα
1398 1254 1460 1318 ιζ’
1489 1256 1582 1307 καὶ
1612 1252 1942 1324 λειτουργίαι
1965 1252 2026 1304 δ’.

527 1345 567 1400 I.
607 1347 786 1401 Codex
828 1348 942 1417 (14)
973 1347 1215 1415 ejusdem
1253 1346 1595 1399 bibliothecae.
1622 1359 1772 1397 num.
1807 1341 1943 1403 LXI,
1977 1341 2028 1392 in

457 1439 554 1491 fol.
583 1438 842 1493 Continet
895 1439 950 1492 in
1009 1439 1158 1493 foliis
1189 1453 1500 1492 cetxxxvm
1549 1437 1829 1490 orati-ones
1876 1450 2030 1489 xxxi.

460 1529 713 1600 Scriptus
750 1538 832 1584 est
883 1529 935 1583 in
994 1530 1330 1584 membranis
1382 1544 1507 1584 sazc.
1543 1545 1596 1582 x.
1645 1525 1768 1581 Fuit
1800 1528 1928 1580 olim
1982 1527 2033 1578 in

460 1621 614 1673 laura
647 1620 926 1674 Athanasii
957 1620 1012 1672 in
1046 1627 1230 1673 monte
1259 1619 1421 1672 Atho.
1455 1617 1589 1672 Nam
1623 1617 1714 1671 fol.
1743 1619 1766 1670 1
1802 1617 2032 1685 legitur:

459 1710 672 1763 Βιδλίον
721 1711 818 1780 τῆς
851 1711 1040 1781 τρίτης
1084 1709 1285 1772 θέσεως
1329 1716 1398 1763 α’.
1457 1708 1516 1764 In
1554 1711 1658 1764 fine
1694 1709 2034 1779 singularum

460 1801 772 1854 orationum
818 1808 1041 1853 notatus
1088 1810 1173 1853 εει
1231 1813 1490 1852 ιιιιιιὶρνιιε
1547 1814 1827 1852 versuum.
1889 1799 2033 1852 IDCSI

460 1906 680 1960 quoque
707 1891 1000 1959 explicatio
1028 1891 1308 1959 signorum
1341 1891 1556 1952 scribto,
1590 1905 1751 1960 quam
1776 1890 1886 1958 jam
1924 1888 2039 1943 edi-

463 1982 545 2034 dit
572 1979 761 2034 Montf.
800 1979 938 2032 Bibl.
973 1979 1195 2034 Coislin.
1229 1981 1353 2034 cod.
1391 1979 1662 2045 CCXLIII,
1695 1996 1747 2049 p.
1779 1981 1904 2034 500.
1944 1979 2039 2034 Est

469 2073 560 2128 hic
590 2071 760 2127 codex
792 2089 933 2126 unus
960 2089 1023 2127 ex
1058 2073 1424 2141 pulcherrime
1451 2072 1692 2142 scriptis.
1731 2072 2040 2126 Exornatus

462 2165 548 2217 e‘s’t
579 2164 756 2218 multo
786 2180 920 2218 auro
955 2164 1232 2235 variisque
1266 2164 1563 2219 coloribus.
1595 2163 1731 2218 Nota
1759 2165 1953 2218 scriba:
1985 2165 2038 2218 in

466 2253 570 2310 fine
612 2255 726 2309 lucc
766 2257 1074 2325 reperitur:
1121 2255 1438 2320 Ἐτελειώθη
1472 2257 1530 2308 ἐν
1563 2258 1754 2327 Κυρίῳ
1795 2259 1827 2326 ἠ
1871 2259 2042 2310 πανὰ-

462 2365 661 2415 γαστος
680 2348 826 2417 αὕτη
857 2347 1038 2410 δέλτος
1065 2347 1158 2400 τοῦ
1186 2350 1242 2400 ὲν
1264 2348 1436 2414 ἁγίοις
1465 2349 1678 2418 Πατρὸς
1709 2348 1863 2418 ἡμῶν
1896 2349 2042 2418 Γρη-

455 2438 650 2512 γόρίου
684 2439 778 2492 τοῦ
826 2439 1086 2507 Θεολόγου
1122 2439 1252 2510 μηνὶ
1299 2441 1521 2510 Ἰουνίῳ,
1553 2439 1591 2491 ε’
1642 2441 1826 2511 ἡμέρᾳ
1871 2458 2043 2493 κατα-

465 2533 751 2603 παυσίμῳ,
788 2531 908 2604 ὥρᾳ.
957 2532 1032 2593 θ’,
1093 2532 1280 2584 ίνδικτ.
1339 2539 1424 2600 γ’,
1471 2533 1626 2595 ἔτους
1659 2533 1774 2585 ἀπὸ
1816 2533 2045 2596 κτίσεως

465 2623 671 2692 κόσμου
725 2630 906 2690 ,ςυπγν
989 2623 1207 2688 (6483,
1262 2623 1300 2676 i.
1341 2638 1391 2677 e.
1458 2631 1581 2692 post
1612 2622 1898 2677 Christum
1947 2638 2046 2675 na-

469 2725 584 2768 tum
637 2713 802 2782 975),
840 2715 1114 2784 γραφεῖσα
1143 2712 1231 2765 διὰ
1272 2711 1451 2782 χειρὸς
1489 2710 1756 2763 Νικολάου
1817 2708 2047 2779 μοναχοῦ

468 2789 562 2859 καὶ
609 2804 986 2877 πρεσϐυτέρου
1021 2806 1188 2873 μονῆς
1219 2802 1318 2872 τῆς
1359 2800 1664 2872 ὑπεραγίας
1697 2799 1980 2860 Θεοτόκου,

470 2899 760 2968 ἐπώνυμον
786 2899 814 2950 ὁ
857 2896 1120 2948 Πελεκᾶν.
1159 2893 1335 2960 ’Υπὲρ
1367 2886 1450 2956 οὗ,
1494 2895 1602 2955 πᾶς
1645 2893 1672 2943 ὁ
1705 2892 2049 2960 ἐντυγχάνων

469 2993 646 3063 ταύτῃ
695 2994 760 3062 τῇ
814 2989 1009 3060 βίϐλῳ,
1058 2989 1149 3042 ἔσο
1181 2988 1615 3058 ὑπερευχόμενος
1659 2986 1744 3038 διὰ
1792 2987 1882 3038 τὸν
1939 2984 2050 3036 Κύ-

465 3102 609 3156 ριον.

545 3177 602 3230 In
637 3177 739 3229 hoc
769 3174 959 3228 codice
984 3173 1078 3224 fol.
1111 3171 1212 3224 122
1243 3185 1404 3224 verso
1435 3169 1630 3238 legitur
1666 3175 1792 3220 nota
1824 3183 1852 3219 a
1879 3168 2055 3237 prima

475 3285 641 3323 manu
693 3269 896 3336 scripta
934 3263 1250 3327 ciunabari,
1287 3277 1408 3332 quae
1458 3261 1693 3314 refertur
1728 3259 1793 3312 ad
1851 3259 2013 3314 verba
2042 3300 2056 3324 ,

465 3363 704 3416 ’θάνατον
721 3358 1174 3429 πλησιόισαντες.¹⁴ι
1190 3356 1342 3408 Ἐπεὶ
1361 3355 1471 3425 γὰρ
1494 3354 1692 3424 φθόνῳ,
1715 3371 1750 3406 κ
1785 3371 1834 3406 τ.
1858 3353 1902 3405 λ.
1924 3353 2056 3422 (vid.

468 3455 846 3522 edit.operum
865 3449 1091 3518 Gregor.
1119 3447 1204 3501 ed.
1225 3445 1424 3500 Bcned.
1446 3463 1498 3516 p.
1519 3445 1624 3499 856
1652 3446 1691 3497 C
1713 3453 1768 3500 et
1797 3462 1850 3516 p.
1871 3445 1972 3498 857
1997 3443 2058 3513 Ε)

479 3556 710 3616 quaeque
743 3545 816 3596 ita
849 3559 908 3597 se
939 3543 1137 3594 habet:
1175 3541 1263 3592 'Ev
1299 3540 1510 3602 πολλοῖς
1557 3539 1665 3590 τῶν
1708 3539 2058 3610 ἀντιγράφων

479 3641 576 3693 καὶ
607 3638 769 3712 ’ἐτερὰ
804 3655 926 3690 τινα
956 3636 1043 3688 διὰ
1078 3636 1242 3705 μέσου
1284 3635 1512 3704 κείμενα
1546 3633 1801 3704 εὕρομεν,
1838 3633 1968 3685 ἔνθα
1997 3634 2058 3685 τὸ

484 3734 712 3803 σημεῖον
745 3731 878 3801 ὁρᾷς
911 3729 1000 3781 διὰ
1043 3729 1142 3799 τῆς
1191 3725 1534 3796 κιναϐάρεως
1592 3727 1706 3795 (est
1753 3742 1882 3780 vero
1914 3725 2061 3780 istud

482 3825 700 3893 signum
731 3836 796 3876 eo
849 3821 903 3874 in
956 3821 1096 3881 loco,
1144 3819 1234 3872 ubi
1287 3833 1386 3887 ego
1430 3819 1638 3873 stellam
1665 3818 1885 3887 posui)-
1922 3819 2066 3888 ἅπερ

485 3909 662 3973 ἔδοξεν
690 3908 880 3978 ἡμῖνῆ
920 3907 994 3978 μὴ
1021 3903 1156 3959 εἶναι
1185 3906 1278 3959 τοῦ
1313 3907 1547 3976 Ιιατρὸς,
1577 3907 1609 3977 ἢ
1643 3907 1716 3977 μὴ
1765 3904 1903 3960 εἶναι
1942 3909 2066 3961 ἀνό-

485 4004 652 4056 Orata
676 4041 690 4066 ,
739 4003 887 4072 ὅμως
923 4001 1016 4052 καὶ
1050 4001 1223 4052 ταῦτα
1260 3999 1395 4070 πρὸς
1425 3999 1625 4069 ἀκριϐῆ
1655 3999 1763 4050 τῶν
1803 4003 2064 4069 ἐντυγχα-

487 4094 686 4147 νόντων
721 4092 923 4160 γνῶσιν
977 4091 1113 4162 μετὰ
1144 4091 1242 4161 τὴν
1274 4090 1667 4161 συμπλήρωσιν
1705 4100 1717 4152 (
1745 4101 1867 4158 post
1911 4093 2067 4144 finem

487 4186 755 4240 orationis
809 4185 901 4238 fol.
947 4183 1087 4254 I26)
1130 4183 1226 4236 τοῦ
1273 4183 1537 4254 παρόντος
1585 4183 1744 4250 λόγου
1792 4183 2068 4254 γραφῆναι

491 4278 825 4348 συνείδομεν.
859 4276 1073 4331 Rursus
1105 4275 1199 4328 fol.
1232 4275 1334 4329 126
1378 4285 1503 4329 ante
1550 4276 1713 4328 istum
1757 4286 2069 4344 suspectum

491 4372 670 4425 locum
708 4371 824 4422 haec
850 4377 975 4421 nota
1003 4367 1200 4436 legitur
1230 4386 1242 4420 :
1275 4368 1428 4436 Ἔχει
1458 4366 1512 4418 δὲ
1538 4367 1630 4418 καὶ
1660 4367 1727 4419 τὰ
1751 4367 1808 4418 ὲν
1838 4365 1915 4436 τῷ
1948 4384 2072 4436 προ-

2126 514 2178 566 in
2212 513 2305 567 fol.
2335 515 2586 584 Scriptus
2625 521 2710 568 est
2742 527 2869 567 saec.
2901 529 2955 566 ι.
2991 511 3251 566 Continet
3305 511 3362 563 in
3396 509 3548 563 foliis
3571 520 3701 561 ceu

2125 606 2404 660 orationes
2436 622 2550 659 xw.
2583 604 2641 658 In
2683 606 2786 658 hoc.
2819 604 2952 657 folio
2987 604 3010 656 I
3049 611 3132 658 est
3176 603 3360 655 tabula
3411 601 3590 670 picta,
3627 597 3704 650 rli-

2124 699 2240 752 visa
2277 698 2328 750 in
2360 698 2499 751 duas
2532 704 2736 766 partes.
2779 695 3064 750 Vetustate
3101 703 3280 748 autem
3330 697 3403 746 ita
3451 693 3708 761 pleraque

2126 789 2304 842 deleta
2360 799 2525 852 sunt,
2568 797 2627 840 ut
2679 789 2931 842 neutrius
2976 787 3149 856 partis
3191 793 3580 855 argumentum
3622 798 3686 834 co

2127 881 2316 951 gnosci
2350 882 2540 949 possit.
2575 878 2690 933 Fol.
2725 879 2761 932 2
2792 881 2991 949 legitur
3027 880 3187 934 index
3219 878 3534 932 orationum
3569 876 3712 927 litte-

2130 974 2206 1026 ris
2243 973 2449 1034 aureis,
2485 973 2710 1042 scriptis
2737 973 2791 1025 in
2829 971 3140 1026 cinnabari.
3175 969 3285 1023 llas
3333 969 3548 1021 litteras
3586 965 3713 1019 sub-

2131 1067 2258 1120 inde
2289 1066 2574 1119 rcnos‘avit
2609 1067 2886 1119 recentior
2919 1081 3112 1118 manus
3149 1065 3338 1117 minio.
3375 1063 3430 1114 In
3469 1059 3580 1113 fine
3614 1058 3712 1110 ad-

2130 1160 2282 1213 ditur
2309 1160 2473 1212 etiam
2501 1159 2796 1228 explicatio
2822 1161 3051 1214 istorum
3078 1158 3386 1222 signorum,
3417 1155 3487 1209 de
3509 1151 3715 1222 quibus

2132 1253 2295 1306 modo
2342 1253 2454 1307 dixi
2503 1252 2555 1306 iu
2592 1253 2913 1306 recensione
2962 1250 3172 1306 codicis
3204 1251 3241 1302 I.
3295 1248 3351 1302 In
3387 1249 3506 1317 ipso
3554 1261 3718 1315 opere

2135 1346 2286 1398 initia
2313 1353 2366 1398 et
2396 1345 2608 1399 indices
2635 1345 2946 1399 orationum
2989 1357 3200 1397 necnon
3246 1342 3441 1395 littera:
3474 1339 3721 1394 initiales

2135 1453 2270 1488 auro
2302 1445 2356 1490 et
2385 1437 2665 1490 cinnabari
2697 1439 2908 1489 necnon
2943 1435 3064 1488 aliis
3111 1433 3392 1487 coloribus
3426 1440 3561 1484 sunt
3595 1445 3722 1484 con-

2137 1529 2342 1598 spicua.
2384 1526 2537 1595 Scpe
2585 1528 2749 1580 etiam
2789 1527 3056 1594 imagines
3103 1533 3234 1579 sunt
3273 1525 3542 1593 adjectae,
3602 1539 3725 1594 quae

2139 1625 2520 1687 argumentum
2556 1620 2867 1671 orationum
2907 1620 3188 1673 exhibent.
3234 1616 3349 1671 Fol.
3385 1615 3420 1670 4
3459 1617 3511 1669 in
3555 1615 3662 1669 line
3696 1632 3724 1667 a

2140 1723 2303 1761 manu
2358 1709 2648 1762 recentiori
2696 1709 2932 1778 legitur:
2975 1708 3370 1780 Ξηροποτὰμου
3408 1706 3581 1775 (quod
3613 1722 3727 1760 mo-

2141 1798 2366 1852 nasterii
2410 1813 2612 1852 nomen
2662 1809 2746 1854 est
2780 1801 2985 1855 montis
3029 1801 3209 1870 Atho)
3262 1797 3548 1860 Γεννάδιος
3585 1801 3730 1870 lapa-

2144 1891 2398 1962 μόναχος.
2905 1925 2911 1930 -

2215 1983 2275 2035 L.
2320 1984 2503 2039 Codex
2531 1985 2640 2053 (16)
2680 1985 2927 2053 ejusdem
2963 1985 3306 2040 bibliotheca:
3356 2001 3511 2039 num.
3543 1981 3730 2046 LXllI,

2145 2075 2198 2128 in
2239 2075 2334 2128 fol.
2363 2073 2613 2146 Scriptus
2647 2085 2730 2130 est
2765 2079 2818 2129 in
2855 2078 3191 2132 membranis
3237 2093 3362 2132 saec.
3396 2093 3449 2129 χ.
3482 2077 3734 2143 Comple—

2143 2167 2310 2219 ctitur
2363 2168 2414 2219 in
2474 2167 2618 2220 foliis
2671 2182 2981 2222 ccccxxxm
3039 2167 3317 2221 orationes
3366 2165 3559 2221 XXIII.
3609 2164 3735 2220 Fuit

2143 2259 2419 2327 quondam
2472 2259 2526 2312 in
2568 2260 2909 2313 monasterio
2967 2259 3244 2313 lberorum
3289 2261 3494 2313 montis
3533 2259 3732 2312 Athus.

2147 2352 2280 2405 Nam
2335 2352 2426 2404 fol.
2467 2353 2500 2406 3
2537 2352 2778 2422 legitur:
2815 2351 2925 2403 τῶν
2969 2351 3215 2422 Ἰϐήρων.
3271 2352 3410 2404 Ante
3454 2353 3738 2404 orationes

2147 2445 2399 2514 Gregorii
2432 2443 2762 2498 Nazianzeni
2806 2445 3014 2499 inserta
3052 2454 3182 2497 sunt
3227 2444 3338 2498 duo
3385 2443 3514 2498 folia
3568 2459 3740 2497 mem-

2151 2542 2418 2594 hranacea
2451 2551 2576 2590 saec.
2610 2551 2661 2589 ix
2695 2537 2748 2589 in
2782 2537 2986 2606 quibus
3027 2552 3154 2606 pars
3199 2536 3473 2590 orationis
3505 2533 3739 2589 Joannis

2153 2631 2471 2684 Damasceni
2521 2630 2737 2699 legitur.
2781 2627 3020 2682 Indicetn
3053 2630 3259 2684 habet:
3307 2630 3557 2682 Ἰωάννου
3608 2645 3742 2698 πρε-

2154 2724 2414 2794 σϐυτέρου
2473 2724 2568 2774 καὶ
2625 2720 2860 2792 μοναχοῢ
2913 2721 3277 2792 Δαμασκηνοῦ
3322 2722 3478 2790 λόγος
3524 2723 3606 2783 εἰς
3645 2722 3743 2790 τὴν

2153 2815 2410 2884 κοίμησιν
2434 2815 2534 2883 τῆς
2560 2813 2836 2880 παναγίας
2856 2811 3143 2866 Θεοτὸκου.
3183 2811 3378 2882 Incipit
3404 2833 3417 2868 :
3449 2814 3610 2866 Ἐστι
3647 2814 3744 2883 μὲν

2154 2905 2250 2960 ἀνθ
2262 2903 2459 2975 ρώπων
2491 2903 2686 2967 οὐδείς.

2228 2997 2282 3051 In
2328 3000 2432 3051 hoc
2465 2996 2657 3051 codice
2692 2997 2850 3051 locus
2892 2997 2981 3050 ille
3015 2995 3286 3050 orationis
3313 2993 3501 3055 XLIII.
3538 2995 3607 3047 de
3639 3011 3746 3068 quo

2084 3110 2127 3164 ο
2161 3103 2329 3158 supra
2367 3087 2479 3140 dixi
2513 3087 2566 3140 in
2605 3101 2818 3141 recens.
2851 3086 2973 3139 cod.
3013 3084 3066 3143 I.
3105 3084 3398 3152 separatim
3433 3084 3658 3153 legitur.
3692 3082 3746 3136 lu

2163 3181 2270 3234 fine
2293 3177 2564 3232 orationis
2585 3175 2730 3230 XXV
2757 3177 2924 3245 (nunc
2954 3173 3167 3239 XXIII).
3193 3189 3314 3244 qua:
3335 3173 3423 3227 hic
3445 3181 3531 3228 est
3554 3171 3748 3232 XXIII.

2162 3272 2408 3344 quaedam
2439 3271 2782 3326 exciderunt.

2241 3365 2308 3418 Μ.
2343 3364 2524 3418 Codex
2547 3363 3003 3417 membranaceus
3027 3375 3154 3414 saec.
3183 3377 3236 3418 x.
3263 3359 3517 3413 foliorum
3535 3371 3750 3417 εσειςι,

2175 3459 2423 3530 ejusdem
2470 3454 2840 3519 bibliotheczr,
2873 3453 2927 3505 in
2978 3453 3129 3517 folio,
3170 3467 3322 3505 num.
3365 3448 3552 3504 LXIV.
3604 3452 3755 3504 Con--

2169 3552 2302 3604 liuet
2337 3567 2348 3602 :

2240 3642 2290 3708 a)
2331 3636 2526 3692 XXVII
2573 3636 2852 3690 orationes
2896 3631 3144 3703 Gregorii
3188 3631 3540 3686 Nazianzeni.
3577 3630 3756 3684 Etiam

2169 3734 2258 3788 hic
2289 3735 2378 3787 ille
2417 3734 2570 3786 locus
2601 3746 2727 3784 cum
2762 3730 2887 3791 ista,
2935 3726 3001 3780 de
3041 3743 3146 3797 qua
3184 3742 3347 3795 supra
3395 3725 3506 3780 dixi
3542 3734 3672 3780 nota
3703 3727 3758 3778 in

2170 3828 2292 3880 cod.
2333 3825 2374 3887 I,
2405 3823 2699 3893 separatim
2737 3821 2952 3889 legitur.
3004 3819 3272 3872 Praeterea
3309 3820 3362 3872 in
3403 3821 3656 3872 oratione
3691 3814 3758 3870 IV

2171 3920 2340 3986 (nunc
2374 3914 2463 3983 ν),
2502 3930 2623 3983 quae
2671 3913 2760 3965 hic
2803 3920 2887 3964 est
2934 3909 3077 3972 XXI,
3121 3910 3214 3963 fol.
3251 3910 3379 3970 27L
3412 3911 3464 3962 iu
3509 3911 3764 3979 margine

2174 4011 2375 4080 legitur
2405 4009 2582 4070 locus,
2607 4005 2697 4075 qui
2727 4005 2781 4058 in
2809 4005 2972 4057 editis
3000 4004 3274 4073 reperitur
3301 4019 3418 4072 pag.
3451 4002 3575 4063 119,
3607 4004 3672 4064 Α,
3699 4001 3760 4062 Β,

2175 4114 2204 4150 a
2239 4097 2440 4156 verbis,
2475 4096 2572 4149 καὶ
2608 4093 2718 4164 γὰρ
2748 4094 2796 4144 εί
2830 4093 2928 4161 τὴν
2963 4092 3152 4163 ὀρθήν,
3188 4093 3255 4146 ad
3291 4095 3477 4153 verba,
3511 4093 3766 4146 καταλεί-

2173 4189 2394 4258 ψαντος.
2444 4185 2682 4240 Iudicem
2722 4184 2885 4238 habet
2935 4185 3038 4238 iste
3089 4185 3282 4246 locus,
3327 4187 3385 4236 ὲν
3420 4184 3568 4254 ἄλλῳ
3600 4186 3762 4254 (scil.

2176 4279 2541 4350 ἀντιγράφω).
2581 4277 2722 4347 Ergo
2771 4279 2900 4331 olim
2931 4277 3145 4330 videtur
3176 4277 3418 4331 abfuisse
3460 4293 3490 4329 a
3530 4279 3767 4347 quibus-

2178 4374 2300 4427 dam
2337 4373 2494 4425 codd.

491 4461 861 4534 γεγραμμένῳ
886 4460 1048 4530 λόγῳ,
1074 4458 1147 4521 ώς
1165 4461 1220 4511 ὲν
1253 4458 1547 4529 παραθήκη
1579 4459 1873 4529 φερόμενα,
1902 4459 2073 4510 mea.
2109 4450 2151 4503 Ι)
2249 4467 2303 4531 b)
2329 4463 2656 4533 Συναγωγὴν
2678 4462 2770 4516 καὶ
2794 4461 3072 4532 ἐξήγησιν,
3091 4455 3166 4514 ὧν
3188 4461 3430 4533 ἐμνήσθη
3460 4463 3715 4534 ἱστοριῶν
3741 4467 3768 4516 ὁ

492 4575 599 4627 περ
621 4554 879 4624 ἀνωτέρω
906 4555 960 4604 ἐν
986 4551 1064 4621 τῷ
1086 4554 1151 4604 ὲκ
1175 4552 1273 4620 τῆς
1297 4551 1469 4622 ἀρχῆς
1496 4551 1744 4622 τετάρτῳ
1795 4551 2071 4622 σελλιδίῳ,

479 4649 568 4709 ’ὡς
609 4643 1072 4718 ἐσημειωσὰμεθα
1107 4643 1300 4706 οὕτως,
1339 4642 1520 4697 Locus
1564 4644 1750 4712 incipit
1798 4645 1914 4696 sic:
1968 4645 2076 4696 Kal.

494 4738 546 4788 τί
574 4738 655 4790 δεῖ
700 4753 788 4806 μοι
840 4735 1099 4787 πλειόνων
1135 4734 1446 4802 ὲγκαινίων.
1495 4733 1696 4788 Desinit
1744 4735 1833 4789 fol.
1880 4735 1980 4788 127
2022 4737 2076 4788 in

498 4829 717 4894 verbis,
758 4825 1290 4889 ἀπαθανατισθέντες
1340 4827 1436 4879 καὶ
1482 4825 1601 4897 Θεῷ
1655 4826 2075 4896 πλησιάσαντες.

501 4917 632 4972 Post
679 4917 782 4970 ista
816 4917 982 4970 verba
1016 4915 1174 4970 tertia
1215 4923 1341 4968 nota
1373 4916 1674 4984 repetitur:
1713 4917 1901 4969 Ἔστιν
1943 4919 2076 4969 ὑπο-

503 5007 690 5062 θέσθαι
713 5008 807 5061 τοῦ
841 5008 1026 5076 Ἀγίου
1053 5003 1192 5060 εἶναι
1218 5007 1310 5060 καὶ
1331 5007 1527 5059 ταῦταο
1555 5007 1739 5077 ἐπειδὴ
1770 5006 1878 5077 γὰρ
1925 5011 1952 5061 ὁ
1974 5003 2078 5062 Πα-

500 5104 606 5174 τὴρ
639 5101 730 5155 τὸν
763 5102 1004 5171 παρόντα
1034 5100 1190 5168 λόγον
1222 5099 1466 5170 σχεδίως,
1494 5100 1587 5153 ἆτε
1629 5099 1715 5152 ἐπ’
1743 5100 2040 5171 ἐκκλησίας
2060 5142 2076 5168 ,

504 5191 947 5265 προσεφώνησεν,
981 5190 1125 5253 εἰκὸς
1153 5190 1290 5260 μετὰ
1318 5191 1475 5242 τοῦτο
1505 5190 1669 5242 αὑτὸν
1701 5191 2079 5263 σχολαιὸτερον

501 5283 723 5338 διελθὼν
767 5282 1077 5337 ἀθετεῖσθαι
1135 5281 1306 5335 ταῦτα
1351 5280 1636 5352 ἠθέλησεν.
1672 5282 1830 5334 Οὕτω
1873 5283 2078 5354 μᾶλλον

503 5377 614 5446 ἐγὼ
651 5378 781 5448 περὶ
808 5375 1011 5429 τούτων
1044 5373 1270 5438 εἰκάζω.

568 5517 679 5587 (14)
721 5516 819 5570 Ilic
850 5517 1020 5571 codex
1045 5515 1098 5571 in
1128 5517 1318 5584 primis
1346 5515 1545 5585 dignus
1584 5524 1668 5569 est
1703 5515 1798 5584 qui
1831 5532 1860 5570 a
1888 5517 2076 5573 futuro

502 5589 711 5642 editore
731 5588 1023 5658 diligenter
1052 5596 1399 5658 comparetur
1428 5601 1549 5639 eum
1585 5587 1768 5658 editis.

579 5659 692 5738 (l5)
730 5656 904 5712 Etiam
934 5657 1022 5711 hic
1053 5657 1225 5711 codex
1252 5667 1336 5712 est
1363 5671 1504 5710 unus
1542 5671 1608 5710 ex
1647 5656 2073 5726 diligentissime

506 5739 830 5870 δεῖῗιρέῗὶιίο
863 5807 951 5853 est
984 5813 1126 5854 unus
1158 5812 1223 5853 ex
1259 5796 1688 5867 diligentissime
1720 5805 1774 5852 et
1822 5797 2076 5868 pulcher-

2178 4559 2236 4610 ὲν
2262 4556 2438 4623 ἁγίοις
2469 4555 2662 4624 Πατὴρ
2690 4554 2846 4624 ἡμῶν
2875 4554 3171 4624 Γρηγόριος
3197 4555 3256 4608 ἐν
3281 4555 3358 4624 τῷ
3383 4557 3486 4620 Είς
3499 4557 3572 4608 τὰ
3599 4554 3768 4609 Φῶτα

2181 4648 2344 4717 λόγῳ,
2370 4641 2430 4700 οὗ
2467 4648 2500 4716 ἡ
2538 4647 2680 4717 ἀρχή
2702 4661 2716 4673 ·
2766 4643 2959 4697 Πάλιν
2989 4645 3237 4712 Ἰησοῦς.
3285 4645 3479 4716 Incipit
3512 4665 3524 4699 :
3558 4649 3624 4700 Oi
3651 4648 3770 4702 θεο-

2183 4741 2330 4809 λόγοι
2359 4738 2468 4791 τῶν
2506 4738 2792 4808 Ἑλλήνων.

2256 4830 2307 4899 c)
2349 4830 2638 4899 Ἐξήγησιν
2675 4826 2926 4898 ἱστοριῶν
2954 4827 3060 4879 τῶν
3085 4831 3142 4880 ὲν
3168 4829 3246 4898 τῷ
3269 4829 3470 4899 πρώτῳ
3489 4831 3770 4901 Στηλιτευ-

2186 4923 2340 4994 τικῷ.
2367 4921 2599 4992 Incipit:
2635 4921 2805 4987 Λόγος
2840 4919 3258 4989 στηλιτευτικός.
3320 4930 3325 4934 ’

2261 5017 2317 5081 d)
2362 5014 2625 5086 Ἱστορίας
2651 5012 2744 5065 τοῦ
2776 5012 3032 5082 δευτέρου
3065 5012 3497 5082 Στηλιτευτικοῦ.
3533 5015 3725 5088 Incipit
3758 5038 3770 5069 :

2201 5102 2255 5153 ’Δ
2267 5099 2449 5171 ριάδνη
2483 5099 2747 5168 θυγάτηρ.

2257 5190 2320 5244 Ν.
2381 5190 2565 5244 Codex
2619 5191 2731 5261 (17)
2786 5193 3274 5254 membranaceus,
3325 5207 3448 5246 saec.
3503 5208 3534 5245 x
3575 5201 3671 5246 aut
3723 5209 3772 5244 IV

2190 5284 2448 5352 scriptus,
2471 5280 2724 5334 foliorum
2758 5297 2966 5336 cccuv.
3009 5283 3103 5339 Est
3141 5284 3385 5351 ejusdem
3411 5283 3774 5341 ὺίωἰοιιιεςίν,

2193 5377 2247 5430 in
2277 5374 2393 5438 fol.,
2425 5389 2577 5427 num.
2613 5371 2770 5426 LXV.
2806 5375 3063 5430 Conlinet
3087 5375 3438 5429 morationes
3463 5389 3587 5428 cum
3616 5375 3778 5429 scho-

2190 5519 2327 5570 rime
2354 5517 2599 5584 scriptis.

2258 5585 2368 5653 (l7)
2404 5589 2445 5638 A
2495 5586 2624 5639 folio
2670 5585 2775 5640 209
2830 5587 2895 5638 ad
2921 5585 3026 5639 2I6
3069 5585 3308 5640 secunda
3339 5601 3534 5639 manus
3557 5601 3685 5641 saec.
3712 5601 3778 5639 xv

2186 5672 2306 5727 qua:
2331 5657 2650 5727 exciderant
2685 5656 2904 5724 adjecit.

2259 5726 2374 5796 (l8)
2407 5727 2622 5779 Scholia
2663 5741 2691 5777 a
2723 5742 2884 5778 manu
2927 5725 3215 5779 recentiori
3254 5725 3455 5796 scripta
3501 5727 3778 5781 videntur.

2189 5797 2342 5867 Saepe
2391 5798 2552 5850 etiam
2607 5797 2786 5852 alieno
2837 5798 2954 5850 loco
2984 5799 3255 5867 leguntur.
3312 5797 3553 5866 Exempli
3592 5813 3780 5863 causa,
