3856 6222
171 395 279 453 93-1

1238 410 1549 491 Nomm
1578 416 1790 475 conn.
1832 419 2355 491 uosoumswu.

3339 435 3445 491 9-12

167 511 283 569 liis.
319 511 463 578 Oljm
498 514 600 570 I'uit
632 517 686 572 in
721 528 905 576 monte
931 522 1096 588 Atho,
1136 523 1191 579 in
1234 531 1569 586 monasterio
1593 531 1727 586 Atha

1864 546 1995 592 nota
2035 539 2229 608 legitur
2269 558 2283 592 :
2321 541 2457 594 Θεοῦ
2498 543 2556 595 τὸ
2598 545 2768 617 δῶρον
2808 549 2899 599 καὶ
2951 548 3110 611 πόνος
3158 551 3445 606 Κωνσιιαν-

172 607 341 666 nasii.
373 608 519 676 quod
555 607 735 664 Laura
759 614 1088 683 appellatur.

242 700 308 753 0.
334 698 515 753 Codex
549 703 997 762 niembranaceus
1039 714 1168 762 sm'c.
1206 725 1258 762 xl
1290 719 1384 764 aut
1412 728 1467 778 x,
1506 712 1757 768 foliorum

162 804 379 845 cccxcr.
424 790 683 846 Servatur
725 795 780 848 in
833 796 1021 851 cadem
1074 797 1421 866 bibliotheca,
1464 816 1656 873 estque
1703 805 1757 858 in

167 883 291 944 fol,
324 899 476 938 num.
503 883 687 938 LXVI.
715 885 970 942 Continet
1000 905 1124 945 χιιι
1152 894 1448 948 orationes.
1480 893 1757 952 Orationis

163 983 351 1027 autem
379 980 584 1045 prinue.
615 993 737 1046 qua:
765 988 850 1034 est
875 980 928 1034 in
948 982 1111 1038 editis
1137 972 1353 1054 quoilue
1387 986 1560 1055 prima
1587 999 1756 1056 (nutic

162 1067 457 1137 secunda),
491 1068 706 1122 initium
741 1069 915 1125 deest.

233 1154 300 1211 Ρ.
340 1155 523 1211 Codex
569 1159 625 1212 in
668 1159 859 1214 charta
905 1162 1228 1234 bombycina
1277 1180 1404 1220 saec.
1453 1182 1562 1229 xiv,
1595 1167 1754 1221 folio-

158 1264 286 1301 rum
333 1263 481 1304 exva.
517 1248 644 1303 Fuit
690 1253 968 1321 quondam
1002 1254 1057 1308 in
1090 1260 1422 1313 monasterio
1448 1259 1750 1314 Iberorum.

155 1337 318 1393 Nune
348 1340 403 1392 in
432 1341 622 1395 eadem
661 1341 975 1413 Mosquensi
1018 1346 1343 1403 bibliotheca
1385 1360 1655 1413 servatur,
1685 1352 1752 1407 de

155 1436 267 1501 qua
297 1432 459 1487 modo
490 1432 625 1495 dixi,
655 1442 847 1504 estque
887 1436 940 1490 in
975 1436 1092 1502 I'ol.,
1126 1455 1276 1492 nam.
1303 1438 1531 1495 LXVIII.
1561 1442 1749 1498 Conti-

155 1533 254 1578 net
298 1539 389 1578 xv:
442 1526 723 1581 orationes
786 1542 908 1580 cum
959 1515 1354 1586 commentario
1398 1532 1616 1588 Nicone.
1654 1534 1748 1589 Ni-

154 1622 296 1669 cctze
338 1615 718 1685 interpretatio
769 1617 913 1671 hunc
974 1619 1138 1674 habet
1193 1621 1426 1677 indicem
1470 1640 1485 1676 :
1537 1623 1642 1677 Τοῦ
1691 1628 1749 1679 ἐν

154 1705 338 1774 ἁγίοις
376 1708 591 1777 Harpe;
638 1709 795 1780 ἡμῶν
816 1710 1029 1781 Νικήτα
1080 1714 1478 1784 μητροπολίτθυ
1522 1717 1744 1788 Σερῤὦν

152 1797 417 1869 ἐξήγησις
468 1802 549 1864 εις
604 1801 697 1854 τὸν
745 1801 1026 1871 Θεολὸγον.
1078 1806 1121 1857 Α
1166 1807 1438 1877 principio
1486 1811 1745 1864 nonnulla

1861 646 2005 683 τινου
2013 669 2028 683 ο

1930 721 1994 776 Τ.
2024 721 2205 779 Codex
2240 727 2482 795 ejusdem
2523 729 2864 785 bibliotheca:
2906 733 2959 786 in
2998 732 3146 799 folio,
3196 754 3346 796 num.
3377 742 3439 799 ν.

1861 813 2018 869 Ilunc
2066 818 2313 872 recensui
2359 820 2412 872 in
2469 817 2679 874 Notilia
2730 823 2883 876 codd.
2932 842 3063 880 mss.
3115 827 3441 894 Grrecorum.

1859 922 1980 974 quze
2018 906 2496 980 prodiit'Mosquaz
2539 912 2695 976 I776,
2746 915 2799 968 in
2853 915 2970 979 fol.,
2997 919 3107 972 vid.
3152 936 3205 990 p.
3248 922 3353 978 8et
3385 925 3438 981 9.

1857 997 2109 1052 Continet
2161 1011 2356 1070 prater
2410 1009 2514 1061 alia
2570 1020 2659 1058 xvr
2701 1007 2977 1063 orationes
3025 1008 3135 1079 (2|)
3192 1009 3440 1083 Gregorii

1855 1089 2183 1152 Nazianzeni
2235 1107 2289 1152 et
2337 1098 2517 1154 Vitam
2568 1099 2833 1170 ejusdem,
2895 1117 3015 1171 qua:
3060 1103 3133 1157 ibi
3182 1107 3442 1161 tribuitur

1856 1182 2120 1254 Gregorio
2151 1191 2493 1261 presbytero.

1929 1273 1992 1330 ν.
2041 1275 2225 1333 Codex
2288 1280 2532 1349 ejusdem
2590 1282 2951 1349 bibliothecae,
3006 1301 3157 1343 nuto.
3202 1286 3335 1349 XLI.
3381 1291 3436 1345 in

1855 1362 1974 1429 I’ol.,
2023 1370 2490 1433 membranaeeus,
2535 1387 2659 1426 saec.
2708 1389 2739 1426 x
2779 1385 2873 1428 aut
2905 1390 2980 1428 xl.
3008 1374 3265 1431 Continet
3298 1394 3434 1448 prae-

1853 1464 1937 1511 ter
1964 1456 2067 1512 alia
2094 1461 2354 1528 epistolas
2383 1463 2589 1532 aliquot
2620 1460 2867 1533 Gregorii
2892 1463 3247 1522 Nazianzeni.
3279 1468 3434 1525 Ilunc

1851 1546 1890 1600 Ι.
1926 1548 1961 1602 I.
1994 1553 2243 1605 rt‘ccnsui
2275 1569 2327 1622 p.
2362 1554 2449 1608 6|.

1922 1639 1987 1694 Χ.
2020 1640 2203 1697 Codex
2239 1645 2557 1700 chartaceus
2596 1661 2721 1701 διες.
2773 1664 2908 1712 xvu,
2951 1648 3293 1706 bibliotheca:
3324 1653 3433 1725 Ty-

1849 1734 2144 1802 pographei
2175 1737 2472 1806 synodalis,
2503 1754 2655 1791 num.
2692 1738 2782 1802 IV,
2822 1740 2876 1793 in
2918 1753 3135 1811 quarto.
3175 1742 3430 1801 Continet

1851 1829 2047 1890 praeter
2099 1824 2205 1878 alia
2254 1841 2414 1879 unam
2464 1826 2709 1896 Gregorii
2764 1827 3089 1885 Nazianzeni
3127 1833 3428 1888 orationem

151 1892 363 1959 scripta
396 1899 527 1946 sunt
559 1892 741 1947 minus
767 1893 1056 1964 diligenter
1086 1911 1117 1949 a
1160 1912 1322 1951 manu
1367 1901 1656 1955 recentiori
1691 1902 1727 1956 it

1854 1927 1974 1965 cum
2011 1912 2256 1970 scholiis.
2294 1917 2528 1987 Incipit:
2572 1885 2855 1987 :nyaiym
2883 1923 3166 1991 τιμᾶσθαι.
3211 1922 3426 1979 Scholia

148 1982 343 2037 charta
369 1984 601 2054 vulgari,
645 1987 697 2039 in
754 1986 838 2041 his
883 1989 1082 2051 oratio,
1123 1989 1500 2055 Ἀναστάσεως
1538 1992 1742 2064 ἡμέρα.

219 2074 289 2142 Q.
321 2074 503 2129 Codex
551 2078 1002 2136 membranaccus
1043 2096 1167 2138 saec.
1203 2099 1254 2136 xi
1288 2098 1382 2138 aut
1413 2099 1445 2137 x
1491 2084 1742 2139 foliorum

143 2181 299 2223 enix.
333 2166 432 2224 Est
467 2169 713 2240 ejusdem
738 2170 1097 2235 bibliothecae,
1139 2174 1192 2228 in
1223 2175 1339 2240 I'ol.,
1387 2192 1514 2230 num
1555 2175 1738 2231 LXIX.

143 2258 407 2312 Continet
431 2276 449 2314 :

221 2355 278 2419 a)
318 2352 443 2405 XIII
476 2353 756 2407 orationes
780 2351 1029 2423 Gregorii
1070 2353 1420 2411 Nazianzeni.

216 2440 275 2501 b)
298 2442 613 2514 Μαρτύριον
642 2443 747 2497 τῶν
767 2443 878 2511 (I9)
903 2445 1072 2513 ἁγίων
1097 2447 1191 2499 καὶ
1210 2446 1434 2513 ἐνδόξων
1482 2448 1576 2501 τοῦ
1604 2451 1738 2520 Χρι-

143 2531 276 2586 στοῦ
318 2533 611 2606 μαρτύρων
670 2536 1039 2607 Εὐστρατίου,
1087 2535 1411 2603 Αὐξεντίου,
1457 2539 1732 2609 Εὐγενξου,

141 2626 461 2697 Μαρδαρίου
479 2626 574 2679 καὶ
602 2626 873 2697 Ὀρέστου.
898 2628 1044 2696 Μηνὶ
1067 2628 1375 2701 δεκεμϐρεῳ
1401 2630 1488 2700 ιγ’,
1512 2631 1729 2704 Incipit:

142 2715 534 2781 Βασιλεύοντος
559 2718 942 2789 Διοκλητιανοῦ
972 2721 1064 2773 καὶ
1102 2722 1467 2791 Μαξιμιανοῦ.

215 2807 327 2861 lloc
359 2807 414 2860 in
458 2807 562 2861 line
588 2816 669 2861 est
701 2809 975 2863 mutilum.
1016 2809 1222 2864 Desinit
1266 2812 1411 2865 enim
1443 2812 1497 2865 in
1531 2813 1730 2881 verbis,

138 2898 531 2953 Καθεσθέντων
559 2895 653 2952 οὖν
677 2900 875 2963 αὐτῶν,
905 2903 934 2953 ὁ
961 2902 1113 2970 ἅγιος
1132 2902 1458 2972 Εὑστράτιος
1481 2900 1631 2966 sine.

214 2988 282 3042 Il.-
323 2990 511 3046 Codex
556 2990 804 3060 ejusdem
854 2992 1197 3047 bibliothecae
1230 2994 1286 3046 in
1320 3003 1535 3062 quarto,
1575 2996 1724 3049 num.

137 3079 467 3142 CCLXXXI,
495 3082 750 3136 foliorum
776 3097 1042 3137 cccxxxv.
1069 3084 1318 3153 Scriptus
1348 3092 1428 3139 est
1462 3087 1515 3138 in
1537 3087 1726 3141 charta

136 3186 266 3227 saec.
317 3188 407 3225 xv.
452 3170 578 3225 Fuit
610 3174 886 3243 quondam
932 3174 987 3228 in
1041 3176 1373 3231 monasterio
1421 3175 1720 3246 Batopedii.

135 3249 395 3319 continet
432 3280 489 3319 xi
537 3265 814 3321 orationes
860 3280 985 3320 cum
1028 3265 1432 3321 Commentario
1472 3267 1583 3338 (20)
1629 3268 1724 3322 Ni-

134 3365 287 3411 ωιω.

205 3445 263 3501 S.
305 3445 486 3501 Codex
516 3448 761 3514 ejusdem
806 3447 1149 3501 bibliothecae
1207 3449 1260 3501 in
1306 3455 1525 3517 quarto.
1567 3464 1720 3502 num.

132 3537 488 3600 CCLXXXII,
521 3554 647 3593 sree.
698 3554 773 3592 xu
818 3548 911 3592 aut
951 3555 1028 3603 χι,
1060 3538 1312 3592 foliorum
1347 3554 1543 3594 nxxxv.
1576 3538 1726 3593 Scri-

134 3636 262 3697 ptus
288 3637 374 3682 est
407 3628 463 3681 in
496 3627 849 3683 membranis.
880 3626 1005 3682 Fuit
1044 3627 1319 3698 quondam
1359 3628 1414 3681 in
1449 3635 1726 3683 monaste-

134 3722 216 3774 rio
246 3722 552 3775 Iberorum.
579 3719 836 3775 Continet
862 3736 951 3774 xiv
984 3721 1262 3775 orationes
1284 3735 1409 3774 cum
1439 3735 1718 3775 commen-

133 3812 275 3866 tario
323 3811 603 3883 anonymi.
658 3811 754 3865 Est
810 3810 897 3865 hic
939 3811 1111 3865 codex
1159 3809 1327 3865 variis
1378 3810 1433 3863 in
1486 3810 1621 3864 locis
1663 3810 1716 3864 in

128 3903 402 3970 superiori
451 3912 607 3972 parte
647 3902 934 3972 putredine
982 3903 1202 3959 adesus.
1250 3905 1514 3958 Caeterum
1556 3919 1718 3957 aecu—

130 4003 248 4047 rate
294 4002 352 4048 et
395 3995 756 4077 pulcherrime
794 3982 1057 4066 Scriptus.
1116 3994 1174 4049 In
1221 3997 1325 4051 line
1365 3994 1476 4050 haec
1524 3995 1718 4051 scribae

1849 2000 2119 2071 incipiunt
2144 2023 2156 2057 :
2203 2005 2290 2069 Ὡς
2319 2005 2377 2058 ἓν
2409 2007 2700 2079 ἀπρόσιτον
2721 2010 2813 2063 καὶ
2840 2010 3136 2081 ἁδιάδοχον.

1918 2089 2075 2147 Hune
2102 2093 2419 2166 diligentius
2447 2100 2694 2155 recensui
2721 2100 2776 2154 in
2803 2099 3013 2156 Nomia
3041 2102 3192 2159 codd.
3231 2121 3360 2161 mss.

2302 2228 2367 2285 ll.
2392 2230 2614 2288 Codices
2647 2237 2965 2292 carminum.

1912 2344 1976 2396 A.
2008 2343 2189 2400 Codex
2220 2346 2562 2405 bibliothecae
2599 2352 2961 2408 sanctissima:
3007 2351 3235 2424 Synodi,
3265 2371 3416 2410 nium.

1841 2434 1973 2498 LIII,
2021 2438 2073 2490 in
2125 2439 2216 2492 fol.
2260 2437 2513 2511 Scriptus
2548 2451 2633 2496 est
2682 2457 2807 2498 szec.
2850 2459 2924 2497 xu
2967 2444 3020 2497 in
3067 2446 3417 2502 membranis.

1839 2526 1963 2583 Fuit
2004 2532 2276 2600 quondam
2327 2533 2382 2587 in
2433 2535 2769 2589 monasterio
2819 2534 3121 2590 Iberorum.
3162 2535 3421 2594 Continet

1836 2620 1892 2674 in
1935 2620 2077 2677 foliis
2104 2636 2236 2677 ccxc
2267 2621 2511 2694 Gregorii
2550 2623 2873 2680 Nazianzeni
2913 2641 2980 2681 ιν
3022 2627 3269 2681 carmina
3300 2627 3415 2698 (2‘2)

1835 2728 1960 2768 cum
1996 2715 2336 2784 paraphrasi.

1905 2803 1966 2857 Β.
2008 2806 2189 2861 Codex
2229 2806 2472 2876 ejusdem
2512 2807 2854 2862 bibliothecae
2895 2824 3043 2862 num.
3088 2808 3411 2870 CCXLVIII,

1835 2893 1888 2946 in
1912 2899 2135 2963 ‘quarto.
2185 2894 2434 2966 Scriptus
2461 2908 2545 2951 est
2585 2898 2637 2951 in
2677 2903 2888 2962 charta,
2941 2913 3067 2953 sine.
3114 2913 3248 2954 xvu.
3292 2897 3414 2953 Fuit

1822 2976 2106 3055 ‘quondam
2133 2988 2188 3041 in
2215 2990 2552 3044 monasterio
2588 2989 2885 3045 Iberorum.
2927 2991 3179 3046 Continet
3218 2999 3414 3061 pra'ter

1832 3078 1935 3131 alia
1969 3094 2058 3133 xw
2090 3081 2334 3135 carmina
2366 3098 2490 3136 cum
2519 3083 2765 3137 scholiis.
3360 3098 3365 3103 '

1901 3168 1961 3222 C.
1998 3169 2179 3224 Codex
2207 3173 2449 3239 ejusdem
2473 3174 2814 3228 bibliotheca:
2845 3189 2994 3227 num.
3021 3172 3321 3237 CCXLVIII,
3352 3175 3408 3227 in

1828 3269 2045 3330 quarto.
2072 3260 2169 3315 Hic
2192 3264 2261 3318 ab
2284 3266 2575 3319 Absalomo
2615 3266 2883 3320 monacho
2911 3266 3147 3334 scriptus
3178 3264 3410 3320 traditur

1829 3366 1974 3404 anno
1998 3353 2183 3406 mundi
2210 3353 2368 3418 7118,
2392 3355 2593 3410 Christi
2620 3356 2780 3421 1610,
2815 3358 3019 3411 mensis
3047 3357 3177 3410 Maii
3207 3357 3294 3412 die
3313 3357 3403 3411 12.

1828 3440 1927 3495 Est
1966 3442 2309 3500 chartaceus.
2336 3443 2594 3502 Continet
2625 3450 2765 3501 inter
2807 3448 2912 3500 alia
2954 3461 3126 3501 xxxtu
3163 3448 3404 3501 carmina

1826 3546 1952 3586 cum
1989 3534 2215 3590 scholiis
2248 3536 2412 3591 modo
2446 3538 2588 3592 inter
2616 3554 2828 3601 versus,
2862 3537 3022 3592 modo
3051 3538 3104 3591 in
3137 3539 3400 3608 margine.

1901 3627 1960 3680 D.
2022 3627 2201 3683 Codex
2269 3628 2609 3684 bibliothecae
2666 3629 2709 3682 Τ
2715 3631 3046 3701 ypographei
3102 3630 3402 3701 synodalis,

1824 3734 1977 3775 nmo.
2027 3719 2093 3783 ν,
2142 3722 2194 3773 in
2220 3729 2441 3789 quarto,
2480 3721 2548 3774 de
2592 3735 2702 3790 quo
2741 3722 3052 3791 diligentius
3089 3722 3314 3791 exposui
3347 3720 3403 3774 in

1822 3814 2028 3866 Nomia
2057 3813 2296 3867 codicum
2329 3830 2455 3867 mss.
2490 3811 2904 3881 Hocquensium.

1894 3904 1956 3959 E.
2007 3905 2189 3961 Codex
2242 3906 2486 3976 ejusdem
2541 3905 2881 3960 bibliothecae
2935 3921 3086 3960 nutu.
3140 3903 3292 3975 XLI,
3342 3905 3402 3962 in

1824 4005 2035 4066 quarto.
2071 3994 2207 4051 Vide
2230 3995 2477 4051 eamdem
2512 3994 2795 4050 Notitiam.

125 4443 338 4500 scholia
362 4443 626 4515 orationis
654 4442 808 4515 φίλου
845 4442 1059 4515 mucci),
1092 4444 1345 4515 leguntur
1374 4445 1427 4497 in
1463 4443 1706 4515 margine
1739 4424 1788 4480 υ
1884 4440 1996 4515 (21)
2023 4438 2178 4494 Hunc
2218 4438 2465 4493 codicem
2497 4439 2582 4515 in__
2602 4437 2975 4515 hac_ed_itione
3012 4451 3133 4515 n_on_
3159 4435 3389 4515 contuli,

122 4515 428 4569 orationis:
456 4512 585 4567 Λὺει
617 4512 705 4585 pot
740 4514 838 4585 τὴν
866 4512 1387 4581 γλῶσσα-μέδειιοιὶςι
1418 4513 1707 4585 adoratio-

125 4599 273 4647 nem,
318 4583 691 4647 Ἀναστὰσεως
732 4584 931 4653 ἡμέρα,
967 4597 1088 4648 quae
1134 4586 1310 4652 prima
1364 4591 1449 4637 est
1491 4584 1543 4635 in
1602 4583 1705 4653 hoc

123 4655 338 4711 codice.
371 4656 603 4707 maxima
632 4668 696 4708 ex
728 4651 880 4721 parte
911 4654 1087 4707 deleta
1114 4651 1261 4708 sunt.
1292 4653 1365 4707 Ex
1392 4655 1495 4706 hoc
1520 4651 1706 4706 codice

121 4721 267 4775 intra
304 4723 550 4792 quwdam
582 4724 850 4792 excerpsi.
875 4739 995 4791 quae
1046 4737 1077 4775 a
1117 4723 1314 4778 scribis
1353 4723 1477 4778 aliis
1523 4730 1708 4776 recen-

122 4793 249 4846 tiori
273 4801 534 4862 tempore
550 4794 765 4862 adjecta
783 4801 928 4862 sunt.

190 4862 307 4930 (t9)
347 4860 465 4916 Vid.
499 4861 711 4915 Fabric.
742 4861 882 4915 Bibl.
915 4861 1031 4920 σν..
1067 4864 1170 4915 vol.
1209 4863 1301 4923 IX,
1328 4877 1381 4931 p.
1411 4860 1499 4915 78.

140 4988 143 4993 _
191 4929 306 5003 (20)
343 4932 583 5003 Iudicem
628 4933 789 5003 habet
820 4951 832 4985 :
863 4933 1074 5003 Νικήτα
1129 4929 1387 5003 διακόνᾴυ,
1416 4931 1509 4985 καὶ
1554 4929 1697 5003 araq-

120 5002 322 5054 σκάλου
363 5003 462 5071 τῆς
492 5001 586 5055 τοῦ
624 5001 759 5056 Θεοῦ
794 5001 1035 5072 μεγάλής
1074 5002 1399 5071 Ἐκκλησίας
1432 5001 1699 5072 ἑρμηνεία

119 5074 198 5135 εἰς
227 5072 356 5132 τοὺς
377 5070 639 5142 ρῄθέντας
667 5070 848 5134 ὁσίοὺς
889 5070 1078 5141 meo;
1116 5074 1268 5144 παρὰ
1299 5072 1392 5125 τοῦ
1432 5070 1696 5137 Θεολόγου

116 5142 447 5193 Γοηγοοξου.

160 5158 447 5215 ρηγορεου.

1809 4511 1936 4578 quia
1991 4524 2133 4562 unus
2178 4517 2263 4563 est
2314 4524 2378 4562 ex
2445 4508 2903 4578 negligentissime
2949 4506 3191 4578 scriptis,
3241 4505 3390 4574 quod

1809 4576 2191 4647 comparandis
2240 4576 2689 4631 nonnullis’Niwi
2737 4576 2981 4632 Fcederis
3039 4577 3212 4642 libris,
3248 4589 3389 4645 quos

1806 4650 1973 4704 etiam
2000 4649 2264 4713 continet,
2296 4649 2688 4702 intellexeram.

1879 4787 1989 4858 (22)
2025 4786 2101 4840 Ex
2131 4787 2234 4858 hoc
2256 4785 2443 4840 codice
2476 4785 2990 4858 speciininiscausa
3021 4783 3178 4858 edidi
3203 4783 3384 4858 dupli-

1809 4852 1925 4912 cem
1962 4852 2315 4925 paraphrasin
2357 4852 2617 4910 carminis
2648 4855 2724 4909 De
2757 4856 2906 4909 libris
2939 4855 3203 4908 canonicis
3331 4864 3381 4906 et

1805 4926 1879 4980 Ν.
1932 4924 2272 4980 Testamenti.
2299 4956 2371 4967 ——
2395 4926 2545 4978 llane
2577 4925 2936 4994 Paraphrasin
2986 4925 3198 4979 edimus
3219 4924 3385 4994 _iuter

1804 4998 2011 5068 scholia
2053 5013 2172 5068 qua:
2186 4994 2430 5067 Gregorii
2452 4991 2785 5052 carminibus
2808 4994 3193 5066 subjiciuntur.
3217 4991 3380 5050 Euax.

1804 5065 1975 5121 Pun.
