3856 6222
223 193 335 252 9ιὸ

1441 203 1534 258 an
1570 203 1630 260 s.
1669 169 1998 262 cncconn
2033 205 2243 263 ORAT.
2283 203 2313 258 ι-

3396 207 3520 262 916-

223 311 431 384 ηγορίᾳ
472 314 583 366 τῶν
624 314 887 385 ἀδελφῶν.
936 317 1108 372 Τοῦτο
1142 318 1250 389 γὰρ
1296 285 1571 386 ἀπόδειξις
1616 319 1827 390 ἀγαθῆς

1935 322 2074 376 enim
2121 327 2500 392 argumentum
2543 328 2626 376 est
2663 319 2826 386 animi
2855 335 2980 391 erga
3010 335 3105 376 eos
3134 322 3270 378 bene
3297 320 3500 376 affecti.

223 404 359 474 περὶ
384 405 583 469 αὐτοὺς
613 406 926 472 διαθέσεως.
962 411 1056 462 Δεῖ
1076 410 1188 480 γὰρ
1220 411 1313 464 καὶ
1344 414 1456 474 τοῖς
1490 411 1704 482 ἐχθροῖς
1730 411 1820 464 λέ-

222 513 348 565 γειν
394 498 474 558 τὸ,
498 493 570 550 Ὦ
606 498 844 568 ἀδελφοὶ,
889 502 983 553 καὶ
1023 501 1096 572 μὴ
1130 502 1290 572 μόνον
1330 506 1442 566 τοῖς
1480 501 1548 556 δι’
1599 503 1820 574 ἀγάπην

221 609 279 646 τι
321 593 682 663 πεποιηκόσιν
714 593 746 666 ἢ
795 594 1106 661 πεπονθόσι,
1145 595 1334 668 ὥσπερ
1359 599 1407 650 οί
1440 599 1498 652 ὲν
1531 597 1821 668 Ναζιανζῷ

221 684 326 737 καὶ
362 684 628 754 ἐποίησάν
673 703 726 739 τι
770 686 837 739 δι’
873 687 1094 758 ἀγάπην
1134 689 1230 742 καὶ
1265 688 1486 744 ἔπαθον.
1525 691 1820 762 Ἐποίησαν

225 776 332 846 μὲν
356 775 468 847 γάρ
490 775 588 848 τὴν
619 776 755 847 πρὸς
781 778 872 831 τὸν
899 777 1158 847 Θεολόγον
1182 778 1371 832 τοῦτον
1395 781 1614 852 Πατέρα
1645 782 1821 852 παρά-

222 865 424 936 κλῆσιν
476 868 592 936 (l),
648 867 738 920 ἵνα
792 867 892 939 τὴν
946 867 1246 940 ἱερωσύνην
1303 869 1666 942 καταδέξηται
1729 872 1821 926 καὶ

223 959 475 1032 ποιμάνῃ
505 958 582 1029 (2)
617 961 834 1026 αὐτούς.
885 961 1126 1014 Ἔπαθον
1164 961 1224 1016 δὲ
1260 961 1322 1015 τὸ
1352 963 1427 1034 μὴ
1467 963 1824 1034 εἰσακουσθῆ-

223 1069 317 1104 ναι
348 1053 480 1122 παρ’
503 1051 690 1106 αὑτοῦ.
733 1054 845 1106 Καὶ
883 1047 949 1106 αὖ
981 1054 1142 1108 πάλιν
1173 1054 1336 1118 αὐτὸς
1373 1053 1541 1108 ἔπαθε
1571 1057 1669 1127 τὴν
1700 1055 1822 1126 βίαν

226 1144 326 1212 διαὶ
356 1144 582 1215 ἐποίησε
612 1145 714 1217 τὴν
735 1145 1068 1201 εὐπείθειαν.
1400 1162 1404 1165 ’

301 1409 420 1464 Col.
441 1410 546 1465 595
566 1409 608 1466 Α
631 1411 685 1466 7.
711 1409 1272 1482 Συγχωρήσωμεν...
1302 1430 1660 1485 ταχυτητος.
1684 1415 1823 1485 Συγ-

226 1502 574 1573 χωρήσωμεν
589 1501 676 1556 διά
692 1502 790 1574 τὴν
806 1503 1123 1558 Ἀνάστασιν
1154 1505 1291 1576 πρὸς
1309 1506 1386 1576 (5)
1410 1505 1479 1559 τὰ
1505 1507 1820 1578 αἰτιάματα,

229 1590 266 1642 ἀ
296 1590 494 1661 ἔχομεν
524 1591 788 1661 ἀλλήλους
817 1593 1117 1656 αἰτιᾶσθαι,
1150 1591 1329 1664 δῶμεν
1362 1592 1692 1664 συγγνώμην
1724 1593 1821 1646 ἀλ-

1922 413 2056 466 Nam
2096 413 2349 470 hostibus
2380 428 2600 482 quoque
2628 411 2920 467 dicendum
2950 421 3034 468 est
3060 431 3074 468 :
3103 410 3150 468 0
3180 409 3399 478 fratres,
3445 419 3500 468 et

1923 518 2031 556 non
2083 503 2168 558 his
2231 511 2464 562 tantum,
2510 503 2603 573 qui
2647 512 2870 573 propter
2915 503 3237 558 charitatem
3295 504 3499 576 aliquid

1923 597 2168 650 fecerunt
2190 602 2284 648 aut
2301 595 2447 665 passi
2472 604 2620 657 sunt,
2651 594 3112 672 quemadmodum
3141 594 3502 654 Nazianzenis

1922 687 2250 756 contigerat,
2283 686 2378 755 qui
2409 693 2632 756 propter
2658 685 2983 740 charitatem
3017 686 3227 756 aliquid
3261 686 3504 743 fecerant

1923 786 1977 832 et
2007 777 2155 847 passi
2197 775 2417 831 fuerant
2450 794 2464 830 :
2509 776 2752 831 fecerant
2775 777 3245 847 enim,.qu:itenus
3265 777 3504 834 Theolo-

1924 886 2048 939 gum
2097 869 2300 923 hortati
2335 867 2569 932 fuerant,
2620 869 2704 923 vel
2766 871 2960 938 potius.
2991 871 3394 938 compulerunt,
3445 879 3504 923 ut

1925 960 2293 1015 sacerdotium
2330 958 2657 1029 susciperet,
2718 958 2978 1028 ipsosque
3036 966 3305 1031 pasceret.
3344 959 3498 1015 Passi

1924 1059 2106 1106 autem
2135 1049 2374 1112 fuerant,
2403 1057 2675 1120 quatenus
2711 1047 2767 1104 id
2799 1049 2868 1104 ab
2907 1065 2974 1104 eo
3024 1065 3367 1120 nequaquam
3396 1052 3501 1105 im-

1925 1149 2296 1214 petraverant.
2329 1140 2544 1196 Rursus
2577 1141 2696 1211 ipse
2741 1150 2794 1196 et
2841 1141 2950 1195 vim
3007 1156 3205 1211 passus
3257 1150 3398 1206 erat,
3449 1152 3501 1196 et

1924 1251 2122 1290 rursus
2152 1235 2434 1299 intulerat,
2472 1234 2617 1303 quod
2653 1247 2862 1293 morem
2909 1233 3053 1303 ipsis
3081 1249 3273 1304 gerere
3325 1233 3504 1289 detre-

1923 1335 2152 1394 ctasset.

1993 1416 2342 1471 Remittamus
2390 1417 2462 1471 ob
2529 1415 2986 1476 resurrectionem
3041 1432 3235 1472 omnes
3289 1417 3501 1483 culpas,

1925 1524 2062 1578 quas
2085 1511 2344 1578 utrinque
2374 1507 2616 1576 objicere
2645 1523 2962 1578 possumus.
2997 1507 3225 1568 Veniam
3260 1509 3353 1572 alii
3379 1512 3504 1564 aliis

1926 1601 2138 1666 demus,
2169 1601 2326 1656 vobis
2357 1601 2578 1670 quidem
2609 1615 2731 1670 ego,
2765 1601 2857 1670 qui
2913 1615 2946 1655 a
3006 1600 3165 1656 vobis
3206 1609 3415 1656 rectam
3446 1608 3501 1654 et

229 1675 436 1746 λήλοις,
468 1677 598 1748 ὑμῖν
633 1677 733 1748 μὲν
772 1678 912 1747 ἐγὼ,
955 1681 983 1732 ό
1015 1682 1146 1752 παρ’
1176 1681 1329 1752 ὑμῶν
1365 1681 1439 1752 (4)
1469 1681 1823 1754 τυραννηθεὶς

1935 1691 2253 1746 laudabilem
2283 1692 2392 1746 vim
2423 1705 2720 1761 perpessus
2750 1706 2894 1746 sum.
2945 1685 3066 1746 lam
3096 1694 3242 1746 enim
3276 1692 3380 1746 hoc
3410 1691 3506 1745 ad-

230 1769 330 1839 τὴν
355 1769 528 1841 καλὴν
547 1767 853 1840 τυραννίδα.
885 1769 1054 1825 Τοῦτο
1083 1773 1192 1844 γὰρ
1224 1771 1320 1826 νῦν
1356 1773 1690 1846 προστίθημι
1720 1773 1821 1844 (5),

230 1862 316 1915 ὅτι
347 1863 488 1932 καλή
531 1865 678 1916 ἐστιν
710 1862 846 1934 αὕτη
878 1864 912 1936 ή
944 1865 1229 1936 τυραννίς·
1264 1866 1386 1918 ἐπεὶ
1425 1865 1688 1938 πρότερον
1723 1867 1824 1920 οὐκ

232 1953 411 2005 ἐδόκει
456 1969 546 2024 μοι
591 1953 752 2026 καλὴ,
787 1954 924 2008 ἀλλά
965 1953 1134 2024 βιαία,
1171 1954 1306 2009 ἀλλά
1336 1954 1673 2030 ἀσύμφορος.
1706 1957 1824 2016 Κα-

232 2045 332 2115 λὴν
361 2044 418 2097 δὲ
466 2045 635 2117 αὐτὴν
671 2047 765 2100 νῦν
811 2046 976 2114 λέγω,
1022 2047 1098 2111 ώς
1139 2048 1248 2101 ἀπὸ
1286 2046 1578 2113 διαθέσεως
1615 2047 1826 2118 ἀγαθῆς

233 2138 630 2209 γεγενημένην.
666 2138 854 2210 Ὑμεῖς
885 2140 942 2192 δὲ
973 2140 1136 2194 πάλιν
1163 2141 1284 2194 δότε
1315 2139 1646 2212 συγγνώμην
1677 2141 1824 2211 ἐμοὶ,

234 2229 290 2284 εἴ
316 2233 368 2284 τί
400 2249 490 2302 μοι
519 2232 822 2303 μέμφοισθε
848 2233 947 2304 τῆς
970 2232 1320 2306 βραδυτῆτος,
1354 2235 1449 2288 καὶ
1483 2234 1566 2287 ὅτι
1599 2234 1700 2288 οὐκ
1729 2233 1828 2286 αύ-

233 2323 720 2400 τίκα-ὲπέδραμον
769 2323 1119 2394 καλούμενος.
1174 2325 1469 2394 Καίτοιγε,
1514 2326 1561 2377 εί
1605 2325 1698 2377 καὶ
1753 2323 1829 2394 μὴ

237 2415 370 2488 παρ’
407 2415 556 2486 ὑμῖν,
598 2413 734 2468 ἀλλά
767 2401 845 2485 τῷ
869 2414 988 2486 Θεῷ
1013 2413 1091 2486 (θ)
1130 2417 1393 2487 κρείττων
1435 2417 1579 2470 ἐστίν
1608 2418 1641 2487 ή
1677 2416 1827 2468 λελο-

236 2509 472 2577 γισμένη
504 2507 640 2578 αῦτη
677 2506 963 2579 βραδυτὴς,
989 2508 1140 2580 παρά
1173 2508 1271 2580 τὴν
1298 2509 1500 2579 ἑτέρων
1536 2509 1830 2580 ἀπερίσκε-

236 2617 376 2653 πτον
407 2600 713 2670 ταχυτῆτα.

313 2689 452 2745 leid.
519 2690 607 2746 12.
675 2691 992 2762 Ἀγαθὸν...
1065 2691 1343 2762 δύναμιν.
1415 2692 1830 2755 Κατασκευάςει

240 2781 513 2849 ινταῦθα,
575 2785 656 2837 ὅτι
709 2787 993 2858 ἀμφότερα
1057 2785 1358 2849 ἑπαινετῶς
1419 2788 1659 2856 ἐποίησε.
1719 2786 1830 2839 Καὶ

239 2875 532 2949 πρότερον,
573 2875 671 2947 τὴν
697 2876 1066 2948 ἀναχώρησιν,
1108 2875 1196 2930 διά
1225 2877 1285 2930 τὸ
1315 2876 1614 2949 φοϐηθῆναι
1645 2877 1705 2932 τὸ
1734 2878 1831 2949 μὲ-

241 2966 405 3035 γεθος
433 2967 532 3038 τῆς
561 2965 880 3038 ἱερωσύνης·
905 2967 998 3020 καὶ
1019 2965 1290 3038 δεύτερον,
1315 2969 1412 3039 τὴν
1441 2968 1719 3033 ἐπάνοδον,
1742 2968 1831 3022 διὰ

241 3023 308 3112 τὸ
342 3023 417 3130 μῆ
462 3023 884 3130 περιπεσεῖν
917 3059 1020 3130 τῆς
1053 3023 1335 3124 ἀπειθείας
1368 3023 1833 3132 εγκλήματι.,Καὶ
1859 3023 1900 3080 C

247 3149 317 3203 τὰ
372 3150 790 3219 παραδείγματα
821 3153 921 3222 τῆς
969 3167 1030 3204 τε
1083 3151 1416 3223 βραδυτῆτος
1462 3151 1539 3221 (7)
1589 3152 1682 3205 καὶ
1733 3153 1833 3224 τῆς

250 3241 584 3313 προθυμίας,
613 3243 720 3296 ἀπὸ
747 3243 845 3314 τῆς
875 3243 1118 3315 ἱστορίας
1144 3243 1411 3315 λαμϐάνει
1437 3245 1534 3314 τῆς
1566 3243 1830 3306 Παλαιᾶς.

260 3333 493 3402 Ἀγαθὸν
525 3333 649 3405 γὰρ,
674 3335 840 3406 φησὶ,
873 3336 967 3389 καὶ
1009 3334 1071 3388 τὺ
1110 3335 1464 3406 ὑποχωρῆσαι
1496 3335 1632 3406 πρὸς
1657 3334 1834 3404 ὀλίγον

250 3428 348 3486 καὶ
368 3409 489 3498 ’τὴν
543 3429 878 3498 προστασίαν
928 3427 1404 3500 παραιτήσασθαι,
1451 3427 1554 3482 κᾶν
1603 3428 1765 3491 αὐτὸς
1807 3430 1834 3480 ό

249 3515 382 3581 Θεὸς
411 3517 638 3589 κελεύῃ,
673 3519 770 3571 καὶ
809 3514 964 3583 αὖθις
1006 3519 1067 3572 τὸ
1097 3520 1486 3591 προσδραμεῖν.
1523 3521 1632 3572 Καὶ
1663 3519 1836 3572 ταῦτα

248 3610 351 3662 οὐκ
380 3609 542 3672 αὐτὸς
573 3610 918 3673 ἀναπλάττω,
943 3610 1054 3663 ἀλλ’
1079 3610 1318 3682 εὑρίσκω
1348 3611 1441 3664 καὶ
1467 3611 1559 3664 τὸν
1596 3611 1834 3666 Μωῦσέα

249 3704 348 3756 καὶ
380 3703 470 3756 τὸν
513 3702 782 3774 Ἰερεμίαν
825 3703 1324 3776 ἀποστελλομένους
1363 3704 1516 3775 παρά
1557 3702 1651 3756 τοῦ
1678 3702 1833 3768 Θεοῦ,

249 3797 346 3850 καὶ
378 3797 866 3868 παραιτουμένους.
911 3797 970 3850 ὐ
1007 3797 1106 3868 μὲν
1136 3798 1241 3869 γάρ
1269 3797 1510 3866 Μωῦσῆς
1544 3795 1838 3858 κελευόμε-

249 3905 342 3950 νος
375 3887 530 3959 παρὰ
557 3888 632 3958 (8)
664 3890 759 3941 τοῦ
782 3888 917 3941 Θεοῦ
949 3889 1084 3958 πρὸς
1105 3887 1305 3960 Φαραὼ
1329 3887 1584 3941 ἀπελθεῖν
1615 3887 1838 3958 βασιλέα

249 3979 550 4049 Αἰγύπτου,
585 3979 678 4033 καὶ
706 3983 878 4034 εἰπεῖν
911 3980 1059 4051 αὑτῴ
1080 4020 1094 4045 ,
1147 3980 1235 4034 ἵνα
1263 3979 1562 4052 ἀποστείλῃ
1590 3979 1682 4032 τὸν
1708 3978 1836 4032 λαὸν

249 4072 417 4128 αὑτοῦ
439 4113 453 4137 ,
488 4072 732 4126 τουτέστι
761 4075 884 4136 τοὺς
928 4073 1213 4136 Ἰουδαίους
1233 4113 1247 4138 ,
1280 4075 1598 4144 παρῃτεῖτο,
1631 4089 1839 4144 προφα-

253 4162 570 4235 σιζόμενος,
604 4165 685 4218 ὅτι
718 4163 1130 4236 βραδύγλωσσός
1174 4167 1288 4216 ἐστι
1335 4165 1430 4218 καὶ
1480 4164 1834 4234 ἰσχνόφωνος,

251 4256 349 4308 καὶ
377 4250 535 4308 εἷπε·
575 4255 804 4325 Δέομαι,
844 4257 1040 4323 Κύριε,
1077 4255 1454 4324 προχείρισαι
1507 4255 1703 4308 ἄλλον
1733 4253 1840 4308 δυ-

1922 1784 2076 1854 jicio,
2101 1783 2362 1839 nimirum
2401 1784 2549 1854 quod
2583 1786 2666 1838 vis
2711 1785 2828 1839 hac
2874 1785 3036 1839 nobis
3066 1784 3256 1849 allata,
3283 1785 3425 1850 bona
3453 1793 3508 1840 et

1929 1873 2201 1928 laudanda
2251 1873 2648 1944 sitzquoniam
2706 1882 2833 1929 ante
2891 1875 3311 1945 haudquaquam
3372 1876 3505 1930 mihi

1930 1965 2072 2020 bona
2102 1965 2413 2028 videbatur,
2452 1981 2640 2020 verum
2667 1982 2810 2022 saeva
2837 1975 2893 2032 et
2912 1966 3517 2031 incommoda._Bonam.

1929 2065 2111 2112 autem
2145 2058 2396 2111 eamdem
2423 2073 2573 2118 nunc
2607 2057 2760 2125 dico,
2781 2067 2970 2130 utpote
2998 2060 3199 2120 abono
3223 2058 3391 2113 animi
3426 2059 3506 2114 af—

1929 2141 2078 2202 fectu
2114 2156 2316 2202 natam.
2354 2147 2461 2202 Vos
2509 2131 2690 2205 autem
2743 2150 2984 2206 vicissim
3039 2150 3170 2206 mihi
3221 2150 3505 2221 ignoscite,

1930 2239 1976 2292 si
2016 2238 2148 2308 quid
2187 2254 2309 2295 mea
2347 2253 2446 2294 vos
2472 2241 2732 2296 .tarditas
2778 2240 3091 2302 oﬂ'enderit,
3121 2249 3182 2294 et
3227 2241 3358 2306 quia
3396 2256 3506 2296 non

1929 2331 2136 2393 statim,
2179 2340 2239 2384 ut
2270 2341 2495 2386 vocatus
2519 2347 2663 2394 sum,
2691 2333 2929 2386 accurri.
2964 2333 3291 2403 Quanquam
3317 2333 3363 2388 si
3396 2349 3506 2388 non

1931 2421 2073 2489 apud
2120 2436 2238 2484 vos,
2274 2430 2425 2474 certe
2453 2423 2597 2490 apud
2648 2421 2819 2476 Deum
2866 2423 3224 2491 praestantior
3268 2433 3354 2478 est
3406 2423 3513 2476 cir-

1928 2515 2244 2580 cumspecta
2265 2510 2375 2564 haec
2391 2511 2622 2566 tarditas
2639 2511 2868 2566 aliorum
2885 2512 3194 2568 inconsulta
3210 2512 3508 2568 celeritate.

2001 2601 2207 2656 Bonum
2241 2603 2380 2655 enim
2418 2611 2517 2666 est,
2557 2613 2663 2658 etc.
2697 2600 3001 2672 Utrumque
3027 2618 3088 2658 se
3116 2611 3266 2658 recte
3294 2619 3358 2657 ac
3391 2604 3510 2656 lau-

1931 2693 2186 2748 dabiliter
2213 2691 2412 2748 fecisse
2439 2691 2754 2769 conﬁrmat,
2793 2702 2908 2749 tum
2938 2695 3086 2764 quod
3119 2695 3273 2765 prius
3323 2711 3511 2767 seces-

1932 2785 2089 2847 serit,
2124 2785 2417 2842 sacerdotii
2467 2786 2898 2858 magnitudinem
2960 2785 3350 2851 reformidans,
3397 2795 3512 2840 tum

1933 2878 2078 2947 quod
2102 2885 2288 2948 postea
2314 2892 2570 2932 reversus
2614 2877 2707 2945 sit,
2743 2893 2811 2932 ne
2843 2878 2900 2932 in
2949 2877 3162 2932 crimen
3193 2876 3514 2932 inobedieu-

1939 2970 2028 3023 tias
2069 2967 2400 3023 incurreret.
2441 2967 2621 3038 Atque
2663 2969 2912 3039 exempla
2952 2969 3173 3025 timoris
3207 2977 3262 3024 et
3317 2969 3487 3022 alacri

1941 3063 2072 3117 tatis
2099 3077 2130 3116 a
2154 3059 2366 3117 Veteris
2387 3060 2721 3117 Testamenti
2742 3061 2972 3116 historia
2999 3061 3262 3116 desumit.
3300 3061 3512 3116 Bonum

1935 3153 2077 3209 enim
2118 3163 2220 3219 est,
2269 3151 2466 3223 inquit,
2523 3160 2578 3208 et
2617 3153 2686 3207 ad
2716 3153 2939 3226 aliquod
2970 3163 3182 3224 tempus
3235 3155 3511 3215 recedere,

1937 3259 2001 3298 ac
2038 3243 2416 3314 praefecturam
2465 3241 2670 3314 fugere,
2705 3243 2920 3299 etiamsi
2961 3243 3106 3300 Deus
3139 3245 3254 3314 ipse
3313 3244 3364 3298 id
3417 3244 3508 3310 ju-

1937 3337 2080 3397 beat,
2137 3342 2192 3388 et
2239 3350 2432 3389 rursus
2459 3350 2766 3390 accurrere.
2827 3331 3015 3406 Neque
3067 3335 3181 3390 haec
3223 3335 3354 3390 mihi
3402 3336 3516 3404 ipse

1938 3428 2078 3495 fingo
2106 3446 2120 3490 ;
2151 3442 2337 3482 verum
2366 3437 2420 3481 et
2443 3427 2666 3491 Mosem,
2697 3437 2752 3481 et
2800 3425 3149 3488 Hieremiam,
3180 3443 3304 3482 cum
3352 3442 3381 3480 a
3409 3425 3516 3482 Deo

1937 3519 2304 3581 mitterentur,
2347 3520 2486 3574 hanc
2513 3520 2849 3590 provinciam
2899 3535 2928 3572 a
2971 3535 3031 3575 se
3082 3520 3341 3590 rejecisse
3369 3534 3518 3574 com-

1939 3611 2109 3680 perio.
2147 3610 2324 3666 Moses
2347 3612 2514 3675 enim,
2546 3627 2670 3665 cum
2700 3612 2751 3666 ei
2789 3628 2820 3664 a
2847 3610 2954 3666 Deo
2987 3610 3312 3681 imperatum
3340 3618 3506 3673 esset,

1939 3711 1998 3757 ut
2018 3701 2356 3758 Pharaonem
2390 3701 2612 3774 Egypti
2641 3719 2819 3774 regem
2851 3703 3025 3758 adiret
3045 3743 3060 3765 ,
3103 3703 3264 3773 eique
3293 3703 3502 3756 denun-

1939 3795 2102 3848 tiaret
2132 3803 2191 3849 ut
2223 3795 2397 3864 ipsius
2433 3796 2714 3865 populum,
2745 3795 2847 3848 hoc
2883 3805 2964 3850 est
3010 3793 3250 3856 Judasos,
3295 3795 3513 3848 emitte-

1938 3894 2041 3950 ret,
2088 3885 2142 3941 id
2173 3886 2352 3942 facere
2393 3886 2701 3950 recusabat,
2761 3885 3072 3940 tarditatem
3119 3887 3314 3956 lingua:
3340 3885 3520 3939 vocis-

1938 3991 2045 4046 que
2095 3978 2454 4048 gracilitatem
2499 3992 2805 4042 excusans,
2852 3992 2916 4031 ac
2971 3977 3204 4032 dicens:
3264 3975 3513 4035 Obsecro,

1942 4068 2178 4129 Domine.
2209 4069 2340 4140 elige
2366 4069 2533 4122 alium
2561 4067 2758 4122 viribus
2790 4067 3064 4131 valentem,
3093 4082 3244 4136 quem
3278 4066 3513 4119 mittas'.

1941 4161 2242 4216 Hieremias
2292 4167 2508 4227 autem,
2569 4174 2692 4223 cum
2756 4161 2822 4212 ad
2886 4155 3334 4228 promulgandam
3391 4171 3519 4225 gen-

1948 4254 2099 4308 tibus
2159 4253 2501 4324 prophetiam
2575 4253 2906 4314 mitteretur,
2977 4249 3339 4305 cunctabatur
3399 4249 3516 4317 ipse

249 4344 534 4415 τάμενον,
551 4346 624 4400 ὃν
637 4347 1016 4413 ἀποστελεῖς.
1048 4346 1104 4400 '0
1119 4347 1176 4398 δὲ
1202 4347 1266 4398 Ίε
1277 4363 1333 4417 ρε
1342 4347 1468 4417 μίας
1480 4346 1784 4417 προφητεύε
1793 4365 1829 4400 ιι

1947 4357 2163 4414 quoque
2218 4346 2304 4399 bis
2358 4343 2540 4400 verbis
2582 4350 2789 4397 utens:
2829 4339 2934 4408 Qui
2973 4351 3065 4403 es,
3111 4337 3355 4402 Domine,
3405 4355 3521 4391 ecce

251 4443 335 4504 είς
375 4439 446 4492 τά
483 4439 610 4510 ἔθνη
665 4440 1047 4510 πεμπόμενος,
1100 4439 1194 4492 καὶ
1235 4438 1398 4500 αὐτὸς
1435 4436 1726 4499 ἀνεϐάλετο
1758 4437 1829 4510 (9)

1947 4435 2118 4496 nescio
2175 4434 2345 4504 loqui,
2391 4434 2519 4504 quia
2570 4430 2955 4485 adolescentior
2996 4443 3089 4498 ego
3142 4425 3322 4480 suni’.
3358 4422 3520 4478 Vides

250 4531 448 4598 λέγων·
480 4531 534 4582 '0
559 4529 666 4593 ὢν,
697 4529 969 4584 Δέσποτα
992 4528 1191 4597 Κύριε,
1222 4527 1350 4582 ὶδοὺ
1374 4529 1486 4581 οὐκ
1514 4527 1836 4596 ἐπίσταμαι

249 4623 490 4687 λαλεῖν,
538 4621 628 4676 ὅτι
667 4620 952 4689 νεώτερος
992 4619 1106 4690 ἐγώ
1129 4622 1266 4688 ειμι.
1303 4613 1460 4673 Οὗτοι
1499 4619 1595 4688 μὲν
1625 4612 1718 4671 οῦν
1746 4634 1838 4670 κε-

252 4713 463 4766 λεύοντι
497 4712 576 4784 τῷ
598 4713 716 4784 Θεῷ
747 4712 1141 4784 ὑπεχώρησανο
1169 4713 1198 4764 ό
1239 4710 1357 4782 μὲν,
1396 4709 1458 4763 τὸ
1490 4707 1838 4780 βραδύγλωσ-

256 4821 352 4857 σον
392 4803 676 4868 δεδοικὼς,
705 4807 732 4857 ό
764 4804 842 4869 δὲ,
874 4803 969 4874 τὴν
998 4804 1244 4874 νεότητα.
1288 4802 1348 4854 '0
1379 4801 1436 4854 δὲ
1487 4798 1697 4870 Ἀαρὼν
1743 4801 1837 4853 καὶ

270 4897 522 4960 Ἡσαΐας,
586 4895 840 4950 καλοῦντι
881 4897 958 4968 τῷ
998 4893 1117 4967 Θεῷ
1157 4895 1384 4966 ετοίμως
1436 4893 1835 4964 προσέδραμον.

265 4991 332 5042 ’0
363 4990 461 5060 μὲν
495 4989 605 5060 γάρ
655 4987 862 5061 Ἀαρὼν
890 4989 1130 5051 ἀκούσας
1172 4987 1324 5055 παρὰ
1355 4987 1582 5056 Κυρίου,
1618 4985 1840 5051 Πορεύ-

1937 4524 2392 4595 quemadmodum
2412 4526 2467 4578 hi
2489 4523 2748 4594 Deijussa
2771 4520 3147 4584 detrectarint.
3161 4527 3324 4589 atque
3341 4516 3392 4571 id
3409 4531 3522 4570 tnu-

1933 4618 2082 4672 neris
2110 4617 2467 4686 repudiarint,
2501 4617 2592 4672 ille
2619 4615 2924 4692 tarditatem
2956 4613 3150 4682 linguae
3175 4611 3406 4673 veritus,
3431 4607 3522 4662 hic

1935 4707 2377 4762 adolescentiam.
2399 4707 2468 4761 At
2484 4722 2612 4762 vero
2628 4708 2810 4761 Aaron
2830 4715 2884 4760 et
2900 4703 3089 4769 Isaias,
3111 4717 3236 4757 cum
3251 4716 3280 4754 a
3299 4699 3407 4754 Deo
3426 4714 3521 4752 vo-

1935 4805 2194 4854 carentur
2211 4801 2474 4869 promptis
2489 4800 2687 4854 animis
2707 4808 3024 4854 accurrunt.
3047 4795 3180 4848 Nam
3205 4809 3326 4849 cum
3350 4792 3534 4848 Aaro-.

1946 4892 2052 4946 nia
2074 4889 2185 4946 Deo
2213 4893 2417 4946 dictum
2441 4891 2633 4947 fuisset
2659 4910 2671 4945 :
2708 4889 3050 4960 Proﬁciscere
3065 4886 3270 4941 obviam
3303 4881 3360 4939 Μ
3365 4883 3444 4936 osi
3467 4883 3522 4940 in

1947 4985 2211 5039 desertum
2231 4985 2273 5048 ⁸,
2301 4983 2592 5039 confestim
2620 4983 2686 5038 ad
2713 4984 2814 5038 iter
2843 4998 2903 5037 se
2925 4979 3184 5041 accinxit,
3217 4985 3382 5046 atque
3414 4974 3520 5046 ipsi

252 5085 393 5148 θητι
412 5085 498 5147 εἰς
512 5080 893 5149 σωεὰντησιν
909 5081 1168 5145 Μωσέως
1184 5083 1266 5144 εὶς
1280 5077 1394 5145 τὴν
1413 5077 1654 5145 ἔρημον,
1684 5075 1829 5139 εὐθὺς

1950 5078 2212 5140 oceurrit,
2249 5078 2385 5132 nihil
2410 5092 2597 5132 secum
2629 5077 2963 5146 disceptaus,
2986 5070 3260 5140 simulque
3288 5069 3341 5120 in
3364 5061 3525 5134 .433!-

253 5172 476 5228 ἐϐάδισε
501 5214 516 5237 ,
548 5174 642 5228 καὶ
672 5175 1003 5244 συνήντησεν
1035 5169 1204 5241 αὐτῷ,
1241 5168 1405 5240 μηδέν
1438 5184 1489 5220 τι
1515 5165 1836 5237 διακριθεὶς,

331 5313 353 5344 ³
382 5309 557 5366 Exod.
593 5328 668 5374 IV,
700 5312 787 5368 15.
831 5313 852 5344 ³
885 5309 1087 5365 Jerem.
1132 5327 1169 5373 ι,
1203 5309 1256 5363 6.
1298 5308 1320 5339 ’δ
1353 5307 1522 5362 Exod.
1555 5325 1607 5370 ν,
1643 5308 1731 5359 27.

361 5428 412 5497 Ι)
447 5427 588 5480 Ante
615 5426 702 5478 ἵνα
732 5425 881 5480 addit
907 5426 942 5480 b
977 5423 1176 5494 μᾶλλον
1197 5421 1251 5474 δὲ
1279 5421 1418 5491 βίαν.

329 5429 409 5568 (2)
446 5496 713 5568 Ποιμαίνῃ
740 5497 790 5551 b.
953 5567 959 5568 γ

335 5496 409 5568 (2)
446 5496 713 5568 Ποιμαίνῃ
740 5497 790 5551 b.

335 5570 414 5637 ('5)
439 5568 623 5621 Πάντα
653 5583 749 5638 pro
786 5567 922 5638 πρός
949 5567 1008 5630 b,
1039 5574 1203 5620 recte.

334 5641 410 5711 (ι)
445 5637 663 5711 iam
691 5637 820 5711 ὑμῖν
844 5639 905 5693 -b-

337 5701 418 5783 (5)
443 5708 559 5764 Νῦν
581 5701 913 5781 προστίθημι
941 5707 1099 5764 habet
1124 5705 1287 5779 paulo
1309 5711 1429 5777 post
1457 5711 1582 5760 ante
1612 5702 1732 5756 ὲπεξ
1753 5701 1806 5758 1).

1946 5180 2096 5240 ptum
2130 5167 2409 5239 profectus
2451 5178 2576 5223 est:
2622 5169 2696 5222 ita
2729 5175 2808 5232 ut,
2843 5165 2998 5236 juxta
3031 5163 3275 5222 divinum
3315 5171 3519 5220 oracu-

2018 5424 2092 5492 (G)
2128 5423 2284 5494 Παρά
2313 5423 2392 5494 τῷ
2415 5421 2534 5494 θεῷ
2554 5423 2608 5480 b.

2021 5495 2097 5563 (7)
2133 5491 2340 5565 Δειλίας
2365 5491 2468 5563 pro
2495 5491 2823 5565 βραδυτῆτος
2849 5491 2900 5549 b.

2024 5565 2099 5634 (8)
2151 5563 2437 5634 'I‘miloco
2470 5563 2619 5634 παρά
2643 5563 2694 5618 b.

2027 5631 2101 5709 (9)
2155 5631 2501 5690 ’Δνεὸάλλετο
2534 5631 2586 5689 b.
