3856 6222
314 109 416 165 947

1500 162 1503 163 ν
1603 108 1895 165 NICETAS
1934 108 2328 165 SERRONKUS

3488 107 3618 162 εις

317 220 453 283 lum,
500 216 677 274 Moses
721 217 942 289 quidem
969 219 1249 291 graciliter
1276 228 1330 276 et
1356 221 1507 277 tenui
1531 238 1663 279 voce
1690 224 1757 279 ad
1785 224 1890 279 Aa-
1919 273 1924 284 .

2035 224 2086 278 αἱ
2114 190 2485 294 συνεπορεύθη
2512 223 2594 286 είς
2614 222 2907 290 Αἴγυπτον.
2944 221 3108 275 Ὥστε
3131 220 3274 276 κατὰ
3312 221 3417 274 τὸν·
3445 220 3616 274 θείθν

320 325 507 365 ronem
526 310 863 380 loqueretur,
886 309 1067 365 Aaron
1090 320 1268 367 autem
1290 310 1455 368 Mosis
1476 314 1642 369 verba
1667 313 1734 368 ad
1758 312 1901 369 Pha-

318 418 541 459 raonem
565 405 934 474 populumque
953 419 1147 476 magna
1164 413 1219 459 et
1245 405 1389 459 clara
1415 421 1548 461 voce
1564 407 1901 463 transmitte-

320 505 423 550 ret.
450 495 648 550 Eodem
673 495 835 550 modo
855 497 1048 560 Isaias,
1085 512 1210 551 cum
1246 512 1392 560 eum,
1428 514 1585 568 quem
1619 500 1671 553 in
1705 502 1901 557 throno

322 588 540 641 excelso
575 595 629 642 et
662 588 808 642 elato
846 589 1195 657 conspicatus
1222 588 1417 652 fuerat,
1450 589 1715 646 dicentem
1745 593 1901 647 audi-

324 680 494 733 visset
525 695 540 732 :
562 678 726 744 Quem
756 680 965 732 mittam
985 679 1167 749 etquis
1185 681 1550 749 proﬁciscetur
1565 682 1634 734 ad
1648 684 1901 753 populum

325 771 494 835 hunc,
536 784 730 840 nempe
771 769 1123 825 Iudaeorum?
1178 771 1315 826 dixit
1355 787 1371 825 :
1415 771 1549 827 Ecce
1581 790 1704 843 ego,
1756 776 1903 829 mitte

327 877 408 914 me
426 862 519 915 ⁸-⁸.

394 1043 633 1116 (Magni
680 1043 873 1098 Basilii
925 1045 1270 1112 interrogatio
1304 1041 1447 1117 [l]).
1523 1043 1723 1100 Verum
1771 1045 1903 1117 quid

333 1137 434 1189 fuit
480 1152 695 1201 causae,
745 1150 917 1206 quare
967 1134 1147 1191 Moses
1201 1137 1689 1207 tergiversaretur,
1735 1138 1907 1193 Isaias

331 1243 521 1283 contra
593 1230 946 1284 accurreret?
1017 1228 1308 1300 Responsio
1370 1246 1390 1285 :
1443 1230 1712 1285 Nimirum
1777 1231 1907 1301 quia

335 1319 512 1374 Moses
570 1321 885 1389 negotium,
946 1325 1105 1393 cujus
1167 1336 1334 1376 causa
1407 1321 1756 1385 mittebatur,
1812 1336 1908 1375 ex-

2003 306 2273 385 χρησμὸν,
2303 315 2394 368 τὸν
2425 314 2525 385 μὲν
2554 313 2760 368 Μωσέα
2790 315 2942 385 ίσχνῇ
2990 315 3083 367 καὶ
3124 313 3295 386 λεπτῇ
3331 316 3400 386 τῇ
3437 319 3614 387 φωνῇ

2003 406 2184 459 λαλεῖν
2235 405 2376 477 πρὸς
2415 406 2506 458 τὸν
2570 404 2798 476 Ἀαρών·
2848 407 2941 459 τὸν
2983 406 3040 459 δὲ
3092 405 3326 475 Ἀαρὼν.
3368 405 3443 459 τὰ
3492 407 3615 461 τοῦ

2004 499 2283 562 Μωῦσέως
2308 499 2527 570 ῥήματα
2570 496 2968 568 μεγαλοφὼνως
2989 497 3416 569 διαπορθμεύειν
3455 497 3616 569 πρὸς

2003 592 2093 646 τὸν
2130 590 2328 663 Φαραὼ
2362 592 2454 643 καὶ
2480 589 2614 662 πρὸς
2638 590 2728 643 τὸν
2753 590 2902 642 λαόν.
2951 590 3177 652 Ἡσαΐας
3221 589 3277 642 δὲ
3307 590 3403 642 καὶ
3432 589 3618 652 αὐτὸς

2005 684 2246 746 ἀκούσας
2292 680 2370 751 (2)
2414 681 2566 750 παρὰ
2616 678 2709 733 τοῦ
2757 679 3012 747 ὀφθέντος
3066 679 3213 749 αὐτῷ
3259 680 3353 732 ἐπὶ
3401 679 3615 750 θρόνου

2006 773 2210 846 ὑψηλοῦ
2263 773 2357 827 καὶ
2409 771 2744 843 ἐπηρμένου,
2792 771 2924 825 Τίνα
2965 773 3338 833 ἀποστείλω,
3370 772 3472 825 καὶ
3501 774 3617 837 τίς

2005 866 2360 934 πορεύσεται
2396 862 2546 931 πρὸς
2580 862 2686 915 τὸν
2703 860 2858 916 λαὸν·
2885 860 3118 922 τοῦτον,
3153 860 3353 931 δηλαδὴ
3375 861 3483 913 τῶν
3518 862 3615 931 (3)

2018 954 2321 1020 'lou8aiwv;
2360 951 2531 1008 εἶπεν.
2577 951 2723 1005 Ἰδοὺ
2763 951 2894 1021 ἐγὼ,
2925 951 3292 1005 ἀπόστειλον
3313 968 3412 1020 με.

2078 1045 2200 1100 Col.
2222 1043 2348 1099 595.
2373 1043 2414 1095 Β
2436 1043 2485 1098 1.
2519 1042 2628 1096 Τοῦ
2646 1038 2748 1112 [(4)
2771 1038 3038 1109 μεγάλου
3056 1039 3401 1092 Βασιλείου.
3426 1037 3616 1107 Ἐρώ-

2008 1134 2227 1205 τησις.)
2244 1134 2395 1188 Διατί
2410 1134 2465 1187 δὲ
2479 1134 2679 1204 δήποτε
2693 1133 2900 1201 Μωσῆς
2915 1131 3012 1201 μὲν
3032 1132 3346 1202 παρῃτεῖτο,
3362 1129 3615 1192 Ἡσαΐας

2007 1229 2065 1282 δὲ
2084 1227 2478 1299 προσέτρεχεν;
2506 1224 2870 1292 Ἀπόκρισις.
2888 1222 3009 1275 ’Ότι
3027 1221 3233 1291 Μωσῆς
3252 1221 3349 1291 μὲν
3364 1220 3481 1291 ᾔδει
3495 1221 3613 1291 τὴν

2012 1316 2286 1387 ὑπόθεσιν,
2314 1310 2382 1386 ἦς
2422 1314 2586 1366 ’ἑνεκα
2623 1309 2986 1366 ἀπεστέλλετο
3006 1326 3019 1340 ·
3061 1308 3161 1362 διὰ
3189 1308 3347 1362 τοῦτο
3389 1307 3565 1362 ὤκνει
3588 1350 3608 1373 ,

333 1410 610 1479 ploratum
642 1410 913 1466 habebat:
947 1428 1010 1467 ac
1042 1411 1270 1482 proinde
1316 1410 1378 1465 id'
1399 1408 1643 1466 munerﬁ
1670 1412 1911 1482 suscipe-

2035 1407 2147 1478 τρός
2192 1423 2252 1458 τε
2294 1403 2357 1457 τὸ
2402 1404 2678 1457 ἀνένδοτον
2721 1403 2821 1474 τῆς
2867 1401 3095 1471 καρδίας
3142 1399 3236 1453 τοῦ
3270 1400 3348 1471 (5)
3394 1400 3613 1471 Φαραὼ

340 1516 403 1556 re
443 1501 793 1572 gravabatur,
837 1505 1036 1573 partim
1094 1502 1398 1557 Pharaonis
1436 1501 1692 1558 duritiem
1734 1504 1909 1559 oculis

2035 1497 2355 1560 ιποϐλέπων,
2400 1498 2494 1549 καὶ
2533 1494 2671 1566 πρῦς
2712 1494 2773 1547 τὸ
2808 1493 3096 1556 δυσπειθὲς
3145 1492 3307 1546 πάλιν
3350 1493 3451 1546 καὶ
3473 1494 3614 1546 δυσ-

338 1596 443 1650 sibi
479 1611 815 1666 proponens,
847 1598 1048 1668 partim
1084 1597 1247 1651 etiam
1288 1596 1472 1665 populi
1508 1596 1910 1649 contumaciam

2035 1591 2227 1659 ιγωγον
2252 1589 2345 1642 τοῦ
2374 1587 2519 1642 λαοῦ.
2552 1589 2756 1658 Πεῖραν
2786 1587 2894 1657 γὰρ
2920 1584 3032 1658 εἶχε
3062 1586 3164 1655 τῆς
3196 1584 3610 1655 ἀγνωμοσύνης

336 1702 629 1757 moresque
660 1688 747 1741 vix
786 1688 1121 1742 tractabiles.
1173 1685 1482 1740 Periculum
1509 1687 1653 1740 enim
1710 1689 1914 1741 fecerat

334 1775 646 1831 Judzeorum
699 1776 1157 1846 ingratitudinis:
1218 1776 1419 1846 quippe
1470 1776 1587 1845 qui,
1650 1775 1915 1830 henellcio

336 1881 558 1935 quoque
596 1864 799 1927 allecti,
861 1867 1040 1935 ipsum
1101 1865 1228 1935 fuga
1270 1863 1564 1936 Egyptum
1602 1865 1915 1935 relinquere

332 1958 665 2026 Ichissent.
703 1956 870 2011 Isaias
919 1965 1123 2022 autem,
1164 1973 1286 2011 cum
1326 1958 1574 2013 remissis
1630 1958 1735 2027 ipsi
1786 1973 1916 2027 pec-

341 2047 479 2100 catis
523 2045 819 2100 audivisset
852 2064 864 2098 :
900 2046 1030 2111 Quis
1068 2044 1163 2098 ibit
1212 2046 1281 2098 ad
1313 2046 1561 2115 populant
1603 2045 1785 2099 hunc?
1831 2053 1916 2099 at-

342 2153 450 2206 que
495 2138 837 2193 existimaret
882 2151 1002 2191 eam
1038 2138 1108 2191 ob
1154 2152 1373 2192 causam
1424 2139 1673 2193 nuntium
1724 2138 1916 2209 quaeri,

344 2237 404 2283 ιιι
422 2229 545 2300 pari
574 2228 836 2284 beneﬁcio
866 2228 1177 2283 fruerentur
1227 2229 1329 2293 illi,
1385 2229 1455 2283 ad
1486 2245 1627 2299 quos
1673 2232 1920 2286 mittere-

344 2329 453 2380 tur.
484 2335 595 2390 pra
625 2320 789 2374 animi
826 2320 1011 2375 laetitia
1054 2321 1294 2391 seipsum
1329 2320 1508 2386 ollert,
1543 2329 1604 2377 ut
1638 2324 1746 2377 illis
1783 2339 1923 2394 quo-

344 2428 453 2484 que
486 2422 708 2483 peccata
756 2414 1188 2481 remitterentur,
1221 2412 1354 2468 Ecce
1386 2432 1502 2486 ego,
1544 2416 1744 2486 inquit,
1772 2418 1921 2471 mitte

349 2524 448 2560 me.
480 2505 682 2572 Quare.
706 2521 817 2561 non
849 2507 969 2562 sine
999 2507 1231 2567 ratione,
1263 2514 1316 2560 et
1345 2506 1435 2561 ille
1473 2508 1785 2562 mandatam
1818 2508 1921 2563 sibi

352 2601 684 2670 provinciam
713 2600 1132 2670 deprecabatur,
1161 2607 1216 2655 et
1259 2600 1347 2654 hic
1370 2599 1567 2670 cupide
1621 2600 1919 2655 ambiebat.

352 2689 549 2746 Verum
584 2706 653 2746 ne
695 2692 819 2761 quis
868 2706 898 2745 a
940 2692 1215 2763 Theologo
1253 2700 1544 2762 quareret,
1575 2708 1748 2763 quare
1790 2708 1917 2748 eum

352 2798 645 2838 accurrere
674 2782 741 2836 ad
783 2782 952 2838 Deum
982 2790 1038 2839 et
1072 2784 1331 2839 secedere
1370 2785 1516 2838 inter
1565 2799 1624 2839 se
1656 2792 1922 2855 pugnent.

354 2883 645 2943 utrumque
692 2873 893 2928 bonum
944 2890 1067 2930 esse
1096 2875 1322 2938 diceret,
1352 2875 1471 2945 ipse
1504 2875 1798 2944 olijectioni
1829 2891 1923 2930 oe-

2017 1684 2126 1737 τῶν
2162 1682 2450 1745 Ἰουδαίων,
2479 1682 2560 1734 ὅτι
2590 1683 2682 1734 καὶ
2718 1678 3173 1751 εὐεργετηθέντες
3198 1679 3360 1732 αὑτὸν
3395 1679 3617 1747 ἐφυγά-

2015 1773 2231 1827 δευσαν.
2275 1773 2500 1835 Ἡσαΐας
2533 1772 2590 1825 δὲ
2632 1771 2770 1841 μετὰ
2814 1771 2877 1824 τὸ
2905 1770 3172 1842 ἀφεθῆναι
3196 1770 3293 1833 τὰς
3326 1770 3617 1841 ἁμαρτίας

2018 1863 2218 1931 αὐτοῦ,
2267 1863 2538 1927 ἀκούσας,
2573 1864 2668 1928 Τίς
2697 1864 3052 1931 πορεύσεται
3103 1862 3253 1931 πρὸς
3300 1862 3407 1914 τὸν
3448 1860 3617 1915 λαὸν

2019 1955 2260 2022 τοῦτον;
2288 1956 2379 2009 καὶ
2403 1954 2650 2025 νομίσας,
2673 1955 2754 2007 ὅτι
2781 1955 2872 2006 ἐπὶ
2894 1955 3071 2023 τούτῳ
3098 1952 3342 2024 ζητεῖται
3382 1954 3411 2005 ὁ
3475 1954 3619 2006 ἀπο-

2022 2046 2392 2116 στελλόμενος,
2431 2047 2517 2099 ῖνα
2557 2046 2625 2098 τὰ
2664 2045 3018 2116 παραπλήσια
3046 2046 3284 2098 κάκεῖνοι
3307 2045 3619 2115 ademeru-

2021 2138 2186 2203 θῶσι,
2233 2137 2371 2209 πρὸς
2423 2136 2515 2202 οὓς
2551 2137 2978 2202 ἀποστέλλεται,
3015 2137 3119 2190 ὑπὸ
3162 2138 3490 2208 περιχαρίας
3530 2136 3617 2208 (6)

2019 2230 2210 2283 ἑαυτὸν
2238 2229 2560 2293 ὑποϐάλλει,
2597 2230 2683 2282 ἵνα
2728 2229 3005 2291 κάκείνοις
3034 2227 3309 2297 ἀφεθῶσιν
3335 2231 3392 2280 αἱ
3425 2230 3621 2299 ἁμαρ-

2017 2321 2147 2375 τίαι.
2191 2320 2357 2384 Ἰδοὺ,
2390 2323 2575 2392 φησὶν,
2611 2319 2747 2388 ἐγὼ,
2784 2319 3153 2373 ἁπόστειλόν
3187 2335 3284 2387 με.
3316 2318 3481 2370 Ὥστε
3515 2317 3618 2370 εῦ-

2020 2412 2178 2483 λογος
2204 2413 2454 2468 κάκείνου
2479 2415 2521 2484 ἡ
2540 2412 2867 2484 παραίτησις
2896 2411 2991 2464 καὶ
3013 2409 3204 2464 τούτου
3232 2412 3265 2481 ἡ
3301 2409 3611 2481 προθυμία.

2026 2507 2142 2558 Ἵνα
2171 2505 2227 2560 δὲ
2266 2507 2337 2576 μή
2376 2518 2461 2569 τις
2488 2505 2619 2577 εἴπῃ
2656 2503 2735 2574 τῷ
2766 2501 3034 2573 Θεολὸγῳ·
3075 2500 3199 2564 Πῶς
3236 2502 3454 2554 ἐναντία
3480 2500 3618 2555 ὅντα

2023 2598 2295 2670 ἀλλήλοις,
2325 2597 2386 2650 τὸ
2431 2596 2795 2669 προσδραμεῖν
2834 2593 2912 2665 τῷ
2942 2593 3062 2663 Θεῷ
3090 2592 3381 2656 καλοῦντι,
3419 2592 3515 2646 καὶ
3551 2595 3621 2646 τὸ

2026 2693 2409 2764 ὑποχωρῆσαι,
2427 2692 2490 2745 σὺ
2513 2689 2691 2759 λέγεις
2718 2690 3006 2761 ἀμφότερα
3036 2682 3175 2742 εἶναι
3207 2686 3423 2755 ἀγαθὰ;
3450 2688 3620 2752 αὐτὸς

2027 2784 2313 2856 προλαϐὼν
2346 2785 2539 2852 ἐπάγει
2566 2784 2663 2854 τὴν
2695 2782 2870 2837 λύσιν.
2908 2783 2970 2835 Et
2998 2781 3108 2852 γὰρ
3148 2780 3412 2844 εὐσεϐῶς,
3454 2781 3617 2850 φησὶ,

2030 2879 2126 2932 καὶ
2152 2879 2185 2948 ὴ
2214 2875 2561 2947 ὑποχώρησις
2588 2875 2684 2929 καὶ
2727 2877 2761 2946 ἡ
2809 2874 3089 2946 προθυμία
3113 2872 3360 2944 γένηται,
3401 2872 3620 2926 οὐδέτε-

354 2981 606 3029 currens,
649 2966 977 3021 solutionem
1025 2964 1209 3021 infert.
1262 2965 1320 3021 Si
1364 2968 1531 3035 enim,
1572 2968 1766 3038 inquit,
1809 2968 1924 3024 haic

2035 2960 2124 3041 ρον
2148 2939 2354 3021 τούτων
2381 2939 2581 3036 (ραῦλον
2608 2939 2946 3038 κριθησεται.
2982 2939 3106 3027 Πῶς
3125 2939 3182 3017 δὲ
3215 2939 3310 3017 καὶ
3337 2965 3618 3035 παραιτή-

356 3059 485 3123 duo,
520 3058 763 3114 secessio
791 3058 1045 3115 videlicet
1071 3067 1231 3129 atque
1265 3061 1561 3116 accedendi
1596 3063 1927 3132 promptitu-

355 3149 448 3215 do,
472 3151 559 3221 pie
578 3151 727 3212 (iant,
748 3158 999 3204 neutrum
1022 3151 1216 3205 horum
1242 3161 1399 3221 turpe
1422 3152 1755 3207 censebitur.
1783 3151 1930 3220 Quo-

355 3258 481 3297 nam
508 3251 687 3298 autem
722 3241 883 3297 modo
912 3258 1030 3298 eam
1059 3259 1174 3299 rem
1215 3253 1270 3299 et
1296 3245 1384 3314 pie
1418 3247 1696 3301 recusabit
1732 3262 1796 3301 ae
1836 3247 1929 3304 de-

361 3334 528 3404 fugiet
559 3335 851 3405 quispiam,
892 3342 945 3390 et
996 3336 1082 3406 pia
1135 3351 1330 3392 rursus
1371 3338 1652 3393 alacritate
1698 3339 1764 3393 ad
1811 3354 1932 3394 eam

361 3425 623 3499 accedet?
648 3426 782 3481 Illud
824 3426 1068 3496 quidem,
1105 3427 1176 3482 ob
1216 3427 1489 3499 propriam
1535 3428 1931 3494 inﬁrmitatem,

365 3497 628 3571 nimirum
662 3533 785 3570 cum
811 3518 1011 3588 aliquis
1047 3518 1218 3589 ipsam
1259 3520 1445 3573 animo
1492 3529 1773 3590 reputans,
1833 3524 1936 3576 mi-

371 3609 578 3662 nisterii
619 3606 931 3663 demandati
955 3608 1380 3679 magnitudinem
1414 3610 1802 3679 perhorrescit:
1833 3612 1936 3666 hoc

365 3709 545 3753 autem
577 3697 648 3754 ob
697 3701 946 3755 vocantis
1002 3700 1326 3770 potentiam,
1385 3714 1581 3771 nempe
1630 3717 1756 3757 eum
1811 3704 1936 3773 quis

365 3800 515 3845 certa
550 3790 652 3844 llde
688 3791 791 3845 sibi
833 3791 1173 3862 persuadens
1203 3791 1339 3845 nihil
1386 3806 1530 3856 esse,
1593 3795 1738 3864 quod
1795 3794 1937 3851 Deus

366 3894 475 3933 non
502 3881 695 3950 possit,
736 3880 1092 3952 imperantem
1144 3880 1412 3952 sequitur,
1443 3883 1604 3953 eique
1657 3885 1938 3955 obtempe-

368 3980 472 4025 rat.
502 3971 889 4027 Animadverte
934 3972 1119 4043 igitur,
1152 3989 1392 4043 quonam
1427 3983 1586 4045 pacto
1629 3974 1939 4048 Theologus

368 4062 661 4119 ostendere
692 4065 900 4129 volens,
930 4080 1032 4120 nec
1056 4081 1268 4123 eorum.
1298 4069 1388 4137 qui
1426 4067 1764 4139 refugerunt,
1801 4071 1941 4125 timi-

368 4155 751 4219 ditatem,‘nee
797 4172 1010 4223 eorum,
1063 4160 1157 4229 qui
1202 4169 1450 4231 prompte
1493 4174 1553 4215 se
1601 4162 1939 4222 obtulerunt.

2034 3061 2183 3114 σεταί
2214 3077 2299 3122 τις
2328 3058 2566 3122 εὐσεϐῶς
2594 3058 2687 3111 καὶ
2714 3054 3196 3127 προθυμηθήσεται
3218 3053 3459 3116 εὐσεϐῶς
3484 3071 3499 3120 ;
3536 3054 3614 3107 Τὸ

2037 3154 2154 3225 μὲν,
2190 3152 2277 3207 διὰ
2302 3151 2400 3223 τὴν
2438 3150 2646 3205 οἰκείαν
2678 3149 2983 3214 ἀσθένειαν,
3018 3148 3147 3201 ὅταν
3178 3164 3262 3211 τις
3290 3147 3370 3209 είς
3407 3147 3618 3214 ταύτην

2033 3246 2376 3308 ἀποϐλέπων,
2404 3245 2467 3297 τὸ
2503 3243 2731 3314 μέγεθος
2758 3243 2858 3312 τῆς
2886 3239 3164 3303 διακονίας
3195 3239 3522 3310 εὐλαϐἧται·
3554 3240 3619 3293 τὸ

2034 3336 2111 3398 δὲ,
2134 3336 2223 3389 διὰ
2263 3335 2359 3407 τὴν
2386 3332 2481 3388 τοῦ
2519 3332 2811 3397 καλοῦντος
2836 3331 3086 3401 δύναμιν,
3110 3332 3239 3384 ὅταν
3264 3347 3350 3394 τις
3388 3331 3618 3385 πιστεύ-

2036 3445 2152 3492 σας,
2186 3428 2268 3481 ὄτι
2302 3426 2480 3480 πάντα
2512 3422 2712 3478 δυνατὰ
2740 3422 2817 3494 τῷ
2845 3422 2986 3493 Θεῷ,
3019 3421 3287 3491 ἀκολουθῇ
3322 3420 3470 3492 αὐτῷ
3495 3424 3619 3474 ἑπι-

2034 3521 2301 3575 τάττοντι.
2335 3520 2475 3591 Ὅρα
2508 3518 2706 3582 τοίνυν,
2746 3516 2863 3580 πῶς
2893 3516 3061 3569 θέλων
3082 3517 3110 3568 ὁ
3139 3515 3399 3585 Θεολόγος
3428 3517 3619 3586 Πατὴρ

2038 3613 2321 3683 συστῆσαι,
2355 3613 2435 3664 ὃτι
2458 3609 2583 3664 οὔτε
2608 3608 2825 3680 ήδειλία
2847 3607 2955 3660 τῶν
2979 3608 3457 3679 ὑποχωρησάντων
3478 3625 3618 3678 μεμ-

2037 3706 2181 3777 πτὴ,
2225 3705 2347 3756 οὔτε
2405 3704 2449 3773 ἡ,
2480 3686 2759 3774 προθυμία
2803 3700 2911 3753 τῶν
2953 3701 3315 3771 ὁρμησάντων
3343 3702 3443 3770 (7),
3483 3701 3619 3771 πρὸς

2038 3797 2323 3867 ἀμφότερα
2356 3795 2541 3848 ἀπεῖδε
2574 3793 2642 3847 τὰ
2674 3795 2941 3865 πρόσωπα
2960 3834 2974 3859 ,
3008 3795 3255 3847 τουτέστι
3281 3794 3417 3864 πρὸς
3443 3794 3503 3846 τὸ
3528 3811 3597 3847 κα

2039 3885 2163 3939 λοῦν
2186 3885 2281 3939 καὶ
2312 3884 2387 3954 (8)
2430 3883 2785 3954 καλούμενον,
2831 3885 2917 3938 ἵνα
2958 3884 3111 3957 δείξῃ
3140 3883 3234 3937 τοῦ
3265 3884 3364 3954 μὲν
3393 3883 3590 3937 καλοῦν

2038 3994 2128 4040 τος
2168 3976 2343 4042 ἄξιον,
2381 3976 2442 4029 τὸ
2480 3976 2571 4029 τὸν
2603 3975 2938 4047 καλούμενον
2975 3975 3397 4030 ὑποτάσσεσθαι·
3430 3975 3525 4029 τοῦ
3556 3976 3613 4030 δὲ

2041 4066 2371 4138 καλουμένου
2394 4107 2409 4132 ,
2464 4068 2526 4120 τὸ
2570 4067 2660 4120 τὸν
2708 4067 2977 4121 καλοῦντα
3020 4066 3471 4122 κατευλαϐεῖσθαι
3524 4071 3617 4122 καὶ

2041 4157 2386 4213 ἀναδύεσθαι.
2441 4159 2605 4211 Ὥστε
2651 4159 2792 4213 κατὰ
2830 4160 3019 4212 τοῦτον
3072 4160 3162 4213 τὸν
3208 4159 3365 4228 λόγον
3417 4161 3512 4213 καὶ
3556 4161 3616 4214 τὸ

371 4249 714 4305 alacritatem
762 4251 1265 4323 reprehendendam
1334 4267 1479 4315 esse,
1541 4253 1608 4308 ad
1650 4262 1924 4325 utramque

2043 4253 2393 4324 ὑποχωρῆσαι
2457 4252 2551 4304 καὶ
2598 4250 2674 4321 (9)
2743 4251 3114 4323 προσδραμεῖν
3178 4251 3395 4305 ἐναντία
3457 4252 3613 4315 ὅντα,

370 4354 659 4409 personam
708 4343 1028 4411 respexerit,
1060 4344 1308 4398 vocantis
1357 4343 1567 4399 scilicet
1596 4351 1651 4398 et
1689 4344 1808 4415 ejus
1846 4346 1940 4416 qui

2045 4346 2211 4416 ἄμφω
2239 4343 2499 4397 ἐπαινετὰ
2531 4341 2683 4395 ἔσται
2709 4345 2773 4396 ὲκ
2796 4343 2897 4413 τῆς
2922 4344 3122 4406 αίτίας.

370 4447 615 4497 vocatur,
659 4443 719 4490 ut
772 4437 1044 4502 ostendat,
1091 4439 1136 4493 si
1169 4438 1388 4508 quidem
1421 4448 1705 4494 vocantem
1759 4450 2090 4510 spectemus,
2145 4439 2459 4500 convenire,
2513 4447 2575 4490 ut
2626 4438 2719 4507 qui
2773 4448 3019 4501 vocatur,
3054 4440 3391 4508 pareatzsin
3441 4448 3615 4495 autem

370 4542 494 4581 eum
544 4528 635 4597 qui
688 4536 932 4589 vocatur,
995 4544 1091 4597 par
1157 4544 1279 4584 esse
1341 4538 1400 4584 ut
1446 4540 1732 4589 vocantem
1786 4545 2124 4595 revereatur,
2151 4549 2215 4589 ac
2261 4546 2463 4586 munus
2516 4530 2619 4586 sibi
2684 4532 3041 4586 commissum
3119 4533 3403 4588 detrectet.
3449 4533 3618 4604 Atque

373 4619 475 4674 hac
511 4621 746 4683 ratione,
787 4621 1035 4689 quamvis
1068 4621 1325 4678 recedere
1374 4632 1427 4679 et
1467 4639 1753 4682 accurrere
1794 4628 1939 4682 inter
1984 4643 2043 4682 se
2099 4626 2434 4690 dissideant,
2463 4624 2535 4679 ob
2560 4622 2831 4678 diversam
2867 4630 3049 4677 tamen
3080 4637 3306 4678 causam
3331 4632 3619 4696 utrumque

374 4709 553 4764 laudis
592 4724 793 4764 nomen
822 4709 1064 4764 habebit.

445 4802 756 4876 Hysterium
790 4807 942 4859 unxit
984 4822 1084 4871 me,
1125 4808 1397 4877 mysterio,
1424 4815 1527 4862 etc.
1562 4807 1947 4878 Saepenumero
2028 4790 2033 4795 ε

377 4896 621 4967 mysterii
670 4911 865 4951 nomen
911 4895 1052 4953 festo
1081 4897 1321 4954 tribuere
1361 4899 1517 4963 solet,
1547 4903 1803 4971 quoniam
1845 4918 1946 4958 nos

2129 4805 2239 4863 Ibid
2274 4807 2328 4860 6.
2377 4802 2790 4869 Μυστήριον...
2830 4801 3375 4871 συνανιστάμενον.
3403 4802 3616 4872 Mue-ti,-

2056 4917 2189 4972 ριον,
2219 4897 2317 4969 τὴν
2344 4894 2534 4966 ἑορτὴν
2564 4892 2720 4945 εἴωθε
2750 4893 3007 4957 πολλάκις
3037 4892 3349 4964 ὀνομάζειν,
3369 4893 3501 4946 διότι
3532 4894 3618 4947 ἐπὶ

377 4988 449 5040 ob
480 4987 738 5058 mysteria
776 4985 1022 5057 quaedam
1061 4986 1225 5051 facta,
1256 4989 1628 5061 miraculaque
1667 4992 1924 5062 designat:

2057 4989 2377 5063 μυστηρίοις
2401 4986 2514 5039 τισὶ
2542 4986 2851 5055 γενομένοις
2890 4986 2985 5039 καὶ
3028 4985 3270 5056 θαύμασι
3310 4986 3408 5048 τὰς
3436 4985 3616 5055 ἑορτὰς

378 5077 517 5133 festa
551 5078 913 5133 celebramus.
948 5079 1027 5133 Ac
1067 5094 1214 5134 nunc
1247 5080 1415 5151 igitur
1442 5089 1660 5152 pr0pter
1693 5098 1924 5138 arcanan

2052 5083 2280 5153 ἄγομεν.
2317 5078 2428 5133 Καὶ
2456 5077 2553 5130 νῦν
2578 5072 2670 5130 οὖν
2697 5076 2784 5130 διὰ
2812 5077 2872 5130 τὸ
2900 5077 3161 5148 μυστικὸν
3190 5076 3290 5148 τῆς
3320 5074 3517 5146 ἑορτῆς
3536 5077 3619 5128 καὶ

451 5214 523 5246 ⁸·⁶
558 5213 665 5270 lsa.
692 5230 766 5278 ν),
792 5213 845 5269 8.

452 5330 529 5461 γι)
553 5328 767 5422 lpelusa
797 5331 1004 5419 desunt
1031 5331 1175 5403 apud
1213 5329 1453 5386 Billium.

475 5399 530 5453 2t
595 5404 856 5461 Ακηκοως
894 5402 950 5458 1).

454 5399 530 5461 (2t
579 5399 856 5471 Ἀκηκοὼς
894 5402 950 5458 b.

453 5470 531 5537 (5)
564 5469 666 5524 Τὸν
694 5470 801 5524 τῶν
840 5472 894 5526 1).

455 5537 530 5607 (4)
566 5540 780 5594 Inclusa
810 5542 1011 5598 omittit
1043 5542 1079 5598 b
1113 5541 1189 5615 [et
1217 5542 1305 5599 ed.
1338 5539 1713 5612 Clemenceti].

457 5608 533 5680 (5)
573 5608 678 5662 Τοῦ
709 5610 863 5667 abest
895 5611 949 5666 b.

2129 5332 2204 5403 (si)
2238 5331 2683 5403 ῌερικαρείαςὶν-
2766 5400 2813 5403 μ
2888 5372 2961 5403 γι

2129 5402 2205 5473 (ι)
2241 5400 2686 5473 ἕῳρὶςῖὲπαίνου
2715 5400 2865 5473 addit
2886 5402 2930 5459 ιι

2130 5470 2207 5542 (8)
2239 5470 2384 5543 Πρὸς
2408 5471 2479 5543 τόν
2502 5472 2698 5543 repetit
2737 5471 2825 5526 hic
2846 5471 2896 5529 ι).

2131 5543 2208 5611 (9)
2232 5542 2342 5596 Καὶ
2375 5542 2435 5593 τό
2471 5542 2505 5596 1)
