3856 6222
352 206 456 266 955

1525 250 1531 255 -
1599 253 1602 256 ~
1647 217 1943 275 NiCETAS
1983 214 2379 274 SERRONIUS

3514 213 3613 271 936

353 330 554 386 animis
595 330 816 387 inﬁxam
856 331 1176 387 habeamus.
1203 330 1337 387 Nam
1378 348 1502 388 cum
1549 345 1711 404 caput
1753 349 1928 390 resur-

2038 370 2146 417 τως
2173 354 2265 407 καὶ
2291 353 2437 407 ἅπαν
2468 351 2528 404 τὸ
2562 350 2722 420 σῶμα
2750 349 3070 421 ἀναστῆναι.
3103 348 3213 402 Kal
3245 349 3613 429 καρποφορεῇ

352 424 576 488 rexerit,
607 423 923 479 universum
954 425 1117 478 etiam
1149 438 1350 496 corpus
1389 441 1675 497 resurgere
1709 442 1935 484 necesse

350 527 455 572 est.
488 516 664 586 Atque
691 515 888 571 otl‘erre
911 517 1089 587 jubet,
1136 533 1246 572 non
1297 533 1491 573 aurum
1536 531 1591 575 et
1624 528 1930 592 argentum,

349 623 701 679 gemmasque
731 611 1021 679 pretiosas,
1058 626 1224 680 parva
1252 613 1398 666 enim
1445 620 1773 684 terrenaque
1820 614 1936 669 hate

351 710 500 765 sunt,
530 701 787 755 nimirum
823 717 945 773 qua:
976 718 1004 756 a
1033 712 1177 758 terra
1208 704 1480 767 oriantur,
1515 714 1678 776 atque
1708 708 1765 760 in
1791 717 1933 761 terra

348 803 688 862 remaneant,
748 811 850 851 nec
902 797 1156 853 dominos
1222 814 1352 854 suos
1409 800 1768 864 comitentur,
1813 817 1934 871 qua:

346 888 512 941 etiam
561 887 724 941 homo
771 890 1229 946 sceleratissimus
1257 891 1416 946 facile
1460 895 1755 963 paraverit,
1790 903 1844 949 et
1878 896 1932 949 in

346 995 469 1049 qua:
503 980 696 1049 majori
725 983 892 1036 animi
925 984 1108 1039 studio
1134 994 1189 1041 et
1222 990 1577 1043 contentione
1606 989 1933 1044 incumbunt

347 1071 601 1143 improbi,
633 1080 797 1143 atque
827 1073 885 1135 ii.
917 1089 1055 1143 quos
1090 1079 1279 1132 mundi
1320 1083 1575 1150 princeps
1618 1083 1671 1136 in
1699 1070 1935 1144 servitu?

349 1175 453 1219 tem
489 1164 711 1234 redegit.
750 1163 842 1219 Sic
876 1175 1057 1222 autem
1087 1178 1315 1224 vocatur
1346 1171 1621 1234 diabolus,
1651 1190 1758 1227 non
1785 1172 1932 1243 quod

346 1254 537 1308 mundi
558 1263 610 1310 et
630 1272 811 1311 rerum
831 1267 1170 1314 terrenarum
1187 1263 1474 1332 imperium
1495 1273 1673 1320 teneat
1689 1266 1847 1336 (absit
1866 1268 1929 1337 !),

345 1347 440 1402 sed
473 1349 619 1418 quod
650 1367 765 1417 eos,
810 1353 904 1423 qui
944 1354 1193 1424 improbe
1231 1367 1284 1412 et
1325 1358 1591 1413 scelerate
1623 1361 1835 1425 vivunt,
1875 1362 1931 1417 in

344 1450 614 1510 potestate
658 1445 875 1502 habeat.
921 1447 1216 1505 Peccatum
1250 1459 1429 1507 autem
1468 1454 1742 1523 plerisque
1783 1454 1933 1509 Scri-

345 1544 518 1604 pturaa
558 1537 694 1593 locis
739 1543 929 1595 mundi
964 1544 1184 1599 nomine
1229 1546 1554 1616 appellatur,
1581 1546 1739 1616 juxta
1774 1548 1928 1613 illud,

342 1629 492 1697 quod
524 1631 810 1702 discipulis
839 1634 1097 1692 Christus
1136 1638 1354 1692 dicebat
1385 1659 1397 1693 :
1442 1638 1543 1693 Vos
1574 1657 1673 1693 non
1714 1642 1839 1694 estis
1869 1640 1933 1694 de

340 1721 561 1785 mundo,
585 1723 719 1776 sicut
765 1742 856 1795 ego
899 1743 1003 1779 non
1031 1745 1148 1781 sum
1193 1729 1256 1782 de
1287 1730 1481 1782 mundo
1510 1730 1550 1795 ’,
1583 1731 1636 1785 id
1679 1741 1782 1795 est,
1820 1746 1930 1784 non

340 1813 476 1868 estis
505 1829 571 1869 ex
612 1830 801 1870 eorum
840 1835 1090 1882 numero,
1125 1822 1219 1891 qui
1253 1823 1398 1876 vitiis
1427 1820 1758 1893 ﬂagitiisque
1784 1823 1932 1878 dele-

341 1915 579 1969 ctantur,
624 1910 1083 1978 quemadmodum
1120 1929 1218 1969 nec
1255 1930 1375 1984 ego.
1424 1914 1722 1970 Terrenum
1768 1915 1935 1986 igitur

343 2011 546 2053 munus
589 1998 902 2071 Theologus
947 2004 1147 2072 rejieit,
1182 2015 1238 2059 ut
1277 2006 1423 2076 quod
1457 2008 1560 2063 soli
1604 2008 1802 2064 divites
1848 2007 1932 2062 of-

341 2088 486 2144 ferre
514 2100 740 2160 queant.
782 2093 929 2148 Nihil
965 2106 1144 2151 autem
1179 2113 1434 2170 magnum
1480 2109 1643 2171 atque
1675 2100 1933 2155 honorifi-

340 2200 467 2238 cum
498 2196 581 2241 eSt
614 2189 755 2257 apud
802 2188 993 2255 Deum,
1025 2191 1166 2260 quod
1199 2207 1307 2245 non
1348 2208 1554 2263 pauper
1582 2210 1800 2265 quoque
1835 2196 1933 2250 do-

339 2292 470 2332 nare
491 2280 686 2349 possit.
713 2279 927 2336 lnducit
949 2290 1128 2337 autem
1159 2284 1389 2339 alterum
1416 2286 1709 2346 oblationis
1734 2302 1928 2357 genus,

339 2370 485 2439 quod
538 2372 799 2428 omnibus
831 2388 1122 2430 commune
1174 2385 1295 2440 est,
1352 2375 1616 2432 divitibus
1665 2377 1819 2446 juxta
1869 2393 1933 2432 ac

339 2462 703 2532 pauperibus,
746 2463 938 2519 dicens
990 2482 1005 2519 :
1052 2463 1427 2536 Nosmetipsos
1466 2466 1788 2535 offeramus,
1839 2470 1932 2539 qui

338 2553 557 2624 quidem
600 2553 711 2610 Deo
756 2556 1037 2625 possessio
1086 2573 1280 2612 sumus
1329 2559 1490 2628 longe
1533 2560 1932 2628 pretiosissima

340 2645 689 2716 maximeque
732 2649 952 2717 propria
991 2668 1005 2704 :
1051 2651 1450 2720 pretiosissima
1499 2655 1740 2723 quidem,
1790 2670 1932 2726 quo-

338 2739 485 2791 niam
517 2740 690 2809 ipsius
721 2742 975 2798 manibus
1021 2742 1200 2798 eil'ecti
1245 2761 1459 2810 sumus,
1492 2762 1555 2800 ac
1581 2758 1804 2817 propter
1832 2763 1932 2803 nos

337 2831 543 2892 munia.
590 2848 713 2903 qua:
745 2835 925 2891 oculis
963 2846 1284 2903 cernuntur,
1320 2837 1463 2893 facta
1511 2849 1660 2895 sunt.
1700 2824 1933 2897 Maxime

338 2929 518 2974 autem
550 2923 769 2992 propria
794 2925 863 2977 ob
889 2925 1305 2995 inspirationem
1337 2928 1647 2999 divinaeque
1677 2930 1931 3000 imaginis

2036 443 2247 497 κελεύει
2283 445 2344 497 οὑ
2388 442 2588 514 χρυσὸν
2629 441 2723 494 καὶ
2764 439 2946 504 λίθους
2991 440 3085 493 καὶ
3124 439 3385 511 ἄργυρον.
3426 439 3614 510 Μικρά

2035 516 2149 611 γὰρ
2177 537 2353 592 ταῦτα
2391 536 2486 591 καὶ
2518 534 2711 604 εὐτελῆ
2732 575 2747 600 ,
2780 532 2887 588 ἀπὸ
2918 533 3022 604 γῆς
3059 533 3123 586 τὲ
3147 533 3275 586 ὄντα
3305 534 3402 586 καὶ
3443 534 3511 602 τῇ
3544 532 3611 603 γῇ
3656 580 3663 591 ,

2035 630 2459 701 ὲναπομένοντα,
2491 627 2609 682 ἀλλ’
2628 626 2729 693 οὐκ
2759 624 3155 680 ἀκολουθοῦντα
3182 626 3296 686 τοῖς
3335 620 3616 693 κτησαμέο

2034 738 2169 786 νοις,
2191 720 2227 775 ἃ
2261 720 2357 773 καὶ
2384 720 2642 780 κάκιστος
2669 716 2868 788 ῥᾳδίως
2900 716 3191 784 ἐκτήσατο,
3220 713 3317 767 καὶ
3344 711 3476 783 περί
3564 710 3612 764 οἰ

2034 812 2230 881 φαῦλοι
2259 811 2459 884 μᾶλλον
2484 809 2894 873 σπουδάζουσιν,
2925 807 3018 861 καὶ
3042 805 3135 870 οὓς
3162 808 3190 860 6
3214 804 3611 875 κοσμοκράτωρ

2034 904 2149 975 ἔχει
2178 903 2613 967 καταδουλώσας.
2650 900 2809 956 Οὕτω
2832 901 2889 954 δὲ
2920 898 3247 970 ὀνομάζεται
3283 900 3312 951 6
3344 896 3609 963 διάϐολος,

2033 999 2132 1068 οὐχ
2157 998 2238 1051 ὅτι
2267 996 2362 1050 τοῦ
2396 996 2604 1073 κόσμου
2631 996 2825 1067 κρατεί
2862 994 2956 1047 καὶ
2984 993 3082 1063 τῆς
3109 991 3367 1054 κτίσεως,
3406 990 3609 1061 ἄπαγε,

2033 1091 2148 1145 ἀλλ’
2180 1091 2262 1144 ὅτι
2303 1091 2529 1143 ἐκείνων
2566 1089 2778 1160 κρατεῖ,
2810 1086 2920 1139 τῶν
2958 1085 3055 1157 τὴν
3088 1085 3285 1137 κακίαν
3312 1082 3612 1155 ἐργαζομέ-

2034 1200 2171 1248 νων,
2202 1183 2325 1252 ἦτις
2375 1181 2580 1252 κόσμος
2635 1176 2903 1248 πολλαχοῦ
2949 1177 3268 1249 εὑρίσκεται
3320 1174 3609 1259 λεγομένη,

2035 1274 2176 1328 κατά
2198 1273 2259 1327 τὸ
2290 1272 2427 1345 πρὸς
2455 1273 2583 1334 τοὺς
2610 1269 2859 1342 μαθητὰς
2889 1267 2994 1321 ὑπὸ
3020 1265 3260 1339 Χριστοῦ
3290 1265 3608 1337 εἰρημένον·

2046 1365 2243 1435 Ὑμεῖς
2283 1368 2397 1418 οὐκ
2428 1362 2572 1419 ἐστὲ
2616 1364 2685 1415 ἐκ
2711 1361 2820 1416 τοῦ
2857 1360 3090 1428 κόσμου
3111 1399 3126 1424 ,
3161 1356 3355 1422 καθὼς
3398 1358 3514 1425 ἐγὼ
3545 1356 3612 1410 ἐκ

2033 1458 2140 1513 τοῦ
2170 1458 2401 1526 κόσμου
2431 1458 2541 1510 οὐκ
2578 1454 2733 1524 εἰμί·
2768 1451 3067 1515 τουτέστιν,
3112 1451 3213 1502 οὐκ
3245 1449 3371 1502 ears
3411 1450 3477 1502 ὲκ
3506 1448 3613 1502 τῶν

2034 1548 2377 1618 ἀγαπώντων
2404 1548 2504 1619 τὴν
2533 1544 2795 1616 πονηρίαν
2831 1542 3020 1614 ὥσπερ
3058 1536 3153 1594 οὖν
3178 1540 3300 1594 οὐδὲ
3339 1539 3472 1609 ἐγώ.
3504 1540 3613 1623 Τὴν

1964 1638 2009 1729 ‘B
2039 1641 2137 1710 μὲν
2173 1636 2267 1694 οὖν
2305 1640 2503 1708 γηῖνην
2545 1636 2923 1708 καρποφορίαν
2965 1637 2993 1689 ό
3018 1633 3299 1729 Θεολόγος
3330 1631 3606 1729 sudium,

2034 1733 2109 1795 ὡς
2154 1732 2335 1802 μόνοις
2368 1732 2481 1793 τοῖς
2529 1728 2808 1790 πλουσίοις
2845 1724 3077 1795 δυνατὴν
3118 1719 3305 1778 οὖσαν.
3353 1722 3521 1777 Οὐδὲν
3558 1720 3614 1775 δὲ

2038 1824 2184 1896 μέγα
2214 1820 2366 1894 παρὰ
2390 1820 2532 1892 Θεῷ,
2559 1820 2588 1874 ὃ
2626 1819 2701 1892 μὴ
2735 1820 2830 1872 καὶ
2860 1818 3030 1888 πένης
3056 1813 3346 1888 δωρεῖσθαι
3370 1812 3612 1879 δύναται.

2034 1917 2257 1983 Εἰσάγει
2282 1914 2341 1967 δὲ
2361 1915 2460 1986 τὴν
2482 1911 2689 1982 κοινὴν,
2716 1911 2782 1982 ἣν
2802 1909 3004 1980 ὁμοίως
3024 1909 3223 1971 πάντες
3247 1908 3616 1978 καρποφορεῖν

2032 2008 2322 2070 δύνανται,
2353 2005 2457 2060 κᾶν
2499 2004 2746 2057 πλούσιοι
2772 1996 2933 2069 ὦσιν,
2963 2002 3069 2058 κάν
3107 1998 3363 2068 πένητες,
3406 1997 3614 2066 λέγων·

2033 2088 2565 2172 καρποφορήσωμεν
2590 2096 2740 2167 ἡμᾶς
2766 2094 2985 2158 αὐτοὺς,
3010 2092 3205 2154 οἵτινες
3242 2089 3431 2161 κτῆμά
3452 2091 3617 2161 ἐσμεν

2032 2193 2110 2263 τῷ
2140 2191 2259 2262 Θεῷ
2286 2189 2612 2261 τιμιώτατον
2643 2187 2738 2241 καὶ
2764 2176 3115 2239 οἰκειότατον·
3142 2180 3469 2253 τιμιώτατον
3496 2181 3616 2251 μὲν,

2033 2286 2114 2339 ὃτι
2134 2287 2256 2345 ταῖς
2278 2280 2442 2335 αὐτοῦ
2468 2279 2625 2351 χερσί¹
2642 2275 2929 2348 διηρτίσθη
2938 2293 3037 2346 μεν
3060 2275 3155 2328 καὶ
3172 2273 3238 2326 δι’
3261 2273 3409 2343 ἡμᾶς
3437 2273 3617 2325 πάντα

2034 2373 2225 2442 γέγονε
2252 2369 2321 2425 τὰ
2351 2368 2608 2442 ὁρώμενα
2626 2384 2640 2398 ο
2673 2366 3005 2420 οἰκείοτατον
3035 2364 3113 2428 δὲ,
3138 2363 3226 2418 διὰ
3251 2363 3347 2433 τὴν
3380 2361 3618 2433 ἔμπνευ-

2035 2483 2121 2519 σιν
2149 2463 2330 2518 καὶτὸ
2355 2462 2477 2515 κατ’
2508 2461 2692 2514 εἰκόνα
2721 2459 2816 2512 καὶ
2850 2457 2938 2512 διὰ
2962 2457 3054 2511 τὸν
3084 2455 3264 2524 λόγον.
3299 2455 3488 2508 Πάντα
3521 2454 3619 2525 μὲν

2034 2560 2144 2630 γὰρ
2183 2558 2254 2611 τὰ
2302 2556 2408 2609 ὑπὸ
2445 2552 2582 2607 Θεοῦ
2630 2552 2897 2623 γενόμενα
2945 2548 3265 2604 κοινωνοῦσι
3303 2548 3402 2620 τῆς
3451 2544 3619 2601 αὑτοῦ

2036 2653 2392 2723 ἀγαθὸτητος,
2425 2648 2567 2703 κατά
2598 2647 2660 2700 τὸ
2688 2642 2849 2700 εἶναι.
2892 2645 2989 2699 Ἐκ
3014 2642 3273 2715 περισσοῦ
3301 2641 3358 2695 δὲ
3383 2641 3453 2695 τὰ
3483 2641 3617 2706 ζῶα.

2037 2748 2197 2802 Κατά
2215 2763 2275 2798 τε
2297 2744 2407 2816 γὰρ
2435 2742 2494 2796 τὸ
2521 2737 2661 2795 εἶναι
2695 2740 2789 2795 καὶ
2815 2738 2956 2792 κατά
2984 2737 3045 2791 τὸ
3074 2738 3173 2807 τῆς
3203 2736 3349 2806 ζωῆς
3372 2736 3622 2807 μετέχειν

2036 2838 2351 2895 κοινωνοῦσι
2393 2833 2487 2889 τοῦ
2528 2830 2755 2901 ἀγαθοῦ.
2809 2831 2866 2885 ’0
2905 2829 2961 2883 δὲ
2998 2827 3306 2900 ἄνθρωπος,
3343 2826 3441 2880 καὶ
3482 2826 3623 2881 κατά

2037 2935 2105 2988 τά
2144 2928 2521 3005 προειρημένα
2563 2927 2661 2997 μὲν
2681 2966 2695 2989 ,
2723 2926 2786 2978 οὐ
2828 2922 2934 2995 μὴν
2968 2920 3107 2976 ἀλλά
3137 2920 3231 2974 καὶ
3260 2919 3401 2973 κατά
3438 2919 3501 2972 τὸ
3537 2919 3624 2973 λο-

338 3012 757 3070 similitudinem
793 3024 847 3070 et
882 3019 1168 3071 rationem.
1206 3018 1340 3072 Nam
1389 3036 1513 3074 cum
1560 3037 1648 3077 res
1681 3037 1873 3078 omnes
1899 3040 1926 3078 a

2035 3027 2210 3096 γικόν.
2265 3020 2608 3091 υἰκειότερος
2647 3017 2758 3087 γάρ
2803 3015 2921 3078 πώς
2979 3014 3095 3066 ἐστι
3146 3011 3281 3084 πρὸς
3328 3010 3464 3065 Θεὸν
3515 3008 3626 3069 τῶν

339 3102 451 3158 Deo
480 3116 701 3173 crez‘ntze,
722 3111 896 3177 ipsius
921 3111 1202 3174 bonitatis,
1222 3120 1487 3182 quantum
1512 3116 1577 3169 ad
1607 3119 1929 3184 essentiam,

338 3199 636 3268 participes
662 3204 796 3260 sint.
821 3201 1046 3256 uberius
1076 3204 1238 3257 etiam
1271 3205 1595 3273 animantia,
1624 3212 1846 3280 quibus,
1878 3222 1934 3267 et

2037 3114 2311 3188 αἰσθητῶν
2347 3116 2374 3168 6
2398 3112 2714 3181 ἄνθρωπος,
2741 3109 2791 3161 εἰ
2822 3107 2918 3161 καὶ
2947 3103 3201 3160 ἁπάντων
3233 3104 3262 3156 6
3287 3102 3420 3167 Θεὸς
3454 3105 3623 3171 ἀσυγ-

2040 3211 2243 3282 κρίτως
2269 3202 2615 3271 ὑπέρκειται.

337 3302 612 3360 quatenus
661 3303 824 3357 sunt,
874 3306 929 3349 et
979 3306 1252 3366 quatenus
1290 3300 1454 3354 vitam
1488 3300 1730 3369 habent,
1783 3310 2221 3367 communicatur
2257 3297 2442 3354 divina
2481 3294 2734 3356 bonitas,
2788 3291 2841 3345 in
2891 3290 2994 3344 hoc
3026 3289 3224 3344 eximia
3265 3295 3352 3343 est
3382 3284 3629 3340 hominis

338 3384 603 3447 conditio,
637 3385 781 3454 quod
818 3396 1012 3456 praeter
1034 3403 1119 3454 ea,
1153 3405 1275 3459 quae
1312 3391 1426 3460 jam
1491 3395 1635 3450 dicta
1702 3408 1855 3461 sunt.
1907 3404 2119 3458 ratione
2163 3405 2382 3464 quoque
2430 3385 2693 3458 praeditus
2767 3383 2857 3437 sit.
2928 3378 3120 3435 Amnis
3161 3379 3306 3434 enim
3355 3377 3623 3447 quodam-

338 3473 502 3527 modo
532 3475 876 3546 maximeque
907 3479 1249 3548 propinquus
1283 3492 1369 3537 est
1409 3483 1559 3541 Deo:
1597 3493 1813 3546 tametsi
1843 3494 1931 3548 ille
1971 3480 2387 3556 incomparabili
2421 3473 2796 3547 magnitudine
2829 3486 2929 3527 nos
2957 3478 3198 3540 superet.

412 3563 672 3634 lmaginis
737 3566 894 3622 decus
959 3571 1182 3640 imagini
1246 3574 1562 3644 reddamus,
1615 3594 1724 3636 etc.
1786 3583 1931 3640 Red-

338 3655 566 3721 damus,
618 3658 815 3727 inquit,
864 3659 1086 3730 imagini
1124 3662 1239 3729 Dei,
1305 3666 1355 3719 id
1400 3677 1487 3723 est
1541 3672 1757 3737 animae,
1798 3675 1932 3729 ima-

338 3745 481 3816 ginis
531 3746 734 3814 decus,
787 3748 1006 3805 divinas
1055 3768 1248 3823 nempe
1283 3754 1520 3823 formas,
1557 3777 1696 3829 quas
1740 3780 1934 3834 pecca-

339 3844 454 3891 tum
512 3839 847 3895 obscuravit.
914 3845 1050 3910 Apte
1110 3855 1291 3899 autem
1347 3848 1520 3913 dixit,
1580 3853 1934 3923 lieddamus,

339 3931 541 4002 quippe
596 3931 742 4003 quod
791 3934 1077 3990 debeatur.
1136 3935 1270 3994 Illud
1323 3943 1469 3996 enim
1529 3946 1756 4001 reddere
1808 3950 1934 4019 quis

338 4024 559 4089 dicitur,
593 4025 738 4094 quod
773 4025 956 4081 debet.
989 4027 1101 4082 Nos
1131 4029 1317 4098 igitur,
1341 4033 1433 4100 qui
1464 4033 1720 4104 imaginis
1743 4036 1916 4109 digni-

338 4123 503 4170 tatem
523 4118 1118 4186 accepimus,eamdem
1139 4120 1285 4176 haud
1312 4122 1478 4178 dubie
1500 4136 1530 4178 a
1547 4124 1657 4180 Deo
1684 4143 1930 4198 reposce-

338 4224 483 4262 mur.
515 4209 582 4262 At
609 4218 801 4264 sancto
835 4211 1058 4281 quidem
1101 4211 1306 4285 Cyrillo
1337 4231 1504 4270 unum
1563 4216 1817 4286 idemque
1848 4221 1927 4275 si-

338 4300 602 4369 gniﬁcare
640 4299 919 4366 videntur,
955 4303 1261 4358 secundum
1311 4308 1606 4377 imaginem
1639 4320 1693 4364 et
1728 4326 1928 4366 secun-

337 4394 467 4445 dum
502 4392 924 4448 similitudinem

2106 3578 2225 3633 Col.
2243 3573 2344 3629 597
2364 3569 2507 3624 1312.
2527 3564 2930 3644 Ἀποδῶμεν...
2946 3559 3104 3631 ἡμᾶς
3120 3560 3453 3629 ἅνθρωπος.
3473 3560 3628 3613 Ἀπψ

2036 3672 2237 3741 δῶμεν,
2280 3666 2436 3737 φησί,
2472 3660 2743 3734 τῇψυχῇ,
2789 3659 2855 3728 τῇ
2894 3654 3065 3707 εἰκόνι
3091 3653 3186 3705 τοῦ
3212 3651 3370 3713 Θεοῦ,
3400 3651 3464 3704 τὸ
3499 3653 3623 3706 κατ’

2030 3763 2216 3817 εἰκόνα
2242 3759 2480 3827 ἀξίωμα,
2508 3751 2711 3824 δηλαδὴ
2747 3750 2874 3814 τοὺς
2917 3747 3096 3808 θείους
3126 3744 3501 3816 χαρακτῆρας,
3528 3742 3626 3807 οὓς

2033 3860 2067 3928 ἡ
2104 3852 2350 3926 ἁμαρτία
2381 3846 2702 3918 ἠμαύρωσε.
2736 3839 2935 3903 Καλῶς
2973 3839 3031 3894 δὲ
3056 3835 3231 3900 εἶπεν,
3281 3835 3623 3928 Ἀποδῶμεν,

2032 3927 2107 4011 ὥς
2132 3941 2505 4015 ὀφειλόμενον.
2554 3936 2765 3989 Ἐκεῖνο
2788 3932 2896 4004 γάρ
2924 3949 3011 3994 τις
3040 3928 3347 3984 ἀποδιδόναι
3376 3927 3625 3997 λέγεται,

2030 4040 2170 4108 ὅπερ
2195 4031 2605 4107 κεχρεὼστηκε.
2634 4027 2745 4082 Kal
2773 4027 2933 4096 ἡμεῖς
2963 4018 3079 4088 οὖν,
3101 4022 3361 4084 λαϐόντες
3392 4021 3456 4074 τὸ
3499 4023 3623 4073 κατ’

2031 4130 2239 4191 εἰκόνα,
2270 4118 2761 4193 ἀπαιτηθησόμεθα
2798 4116 3015 4179 πάντως
3041 4114 3172 4168 αὐτὸ
3201 4112 3354 4184 παρά
3380 4111 3476 4165 τοῦ
3500 4111 3624 4164 δόν-

2030 4236 2121 4283 τος
2147 4216 2306 4271 Θεοῦ.
2337 4214 2447 4269 Καὶ
2475 4213 2553 4284 τῷ
2585 4213 2681 4283 μὲν
2714 4210 2857 4279 ἁγίῳ
2888 4206 3161 4278 Κυρίλλῳ,
3188 4205 3250 4258 τὸ
3279 4203 3411 4259 αὐτὸ
3438 4204 3534 4258 καὶ
3563 4203 3624 4257 ἓν

2018 4306 2156 4365 εἶναι
2197 4310 2373 4370 δοκεῖ,
2405 4306 2466 4360 τὸ
2507 4304 2629 4359 κατ’
2671 4302 2857 4356 εἰκόνα
2904 4302 2998 4356 καὶ
3053 4300 3116 4353 τὸ
3160 4297 3281 4353 καθ’
3321 4298 3620 4368 ὁμοίωσιν·

988 4413 1003 4448 :
1045 4411 1236 4449 verum
1276 4396 1470 4465 reliqui
1503 4397 1694 4453 Patres
1739 4400 1793 4453 in
1824 4400 1927 4454 hac

2033 4406 2136 4467 τοῖς
2162 4402 2220 4456 δὲ
2244 4401 2451 4463 λοιποῖς
2492 4396 2658 4460 θείοις
2687 4395 2960 4468 Πατράσι,
3000 4392 3123 4446 κατ’
3155 4391 3346 4445 εἰκόνα
3392 4390 3511 4460 μὲν,
3559 4389 3626 4444 τδ

337 4494 466 4538 sunt
494 4487 787 4552 sententia,
837 4496 898 4540 ut
943 4502 1041 4557 per
1076 4487 1371 4558 imaginem
1420 4491 1757 4563 intelligendi
1811 4494 1920 4546 vim

2033 4494 2214 4566 νοερὸν
2241 4494 2336 4547 καὶ
2360 4488 2706 4555 αὐτεξούσιον
2728 4485 2904 4539 καὶτὸ
2923 4483 3151 4575 ἀρχικόν
3172 4498 3186 4511 ·
3204 4480 3334 4575 ’καθ’
3349 4481 3623 4575 όμοίωσιν

336 4577 660 4646 arbitriique
687 4579 993 4633 libertatem
1027 4586 1082 4634 et
1113 4582 1485 4650 principatum
1517 4583 1793 4654 designari
1818 4601 1918 4655 pu-

334 4677 472 4732 tent,
503 4684 598 4739 per
630 4669 1049 4726 similitudinem
1084 4683 1291 4739 autem,
1329 4675 1596 4730 virtutum
1633 4677 1923 4747 perfectio-

336 4777 486 4827 nem,
516 4775 781 4830 quantum
814 4764 1035 4833 quidem
1072 4766 1312 4822 hominis
1350 4779 1564 4823 natura:
1589 4770 1753 4825 datur
1773 4787 1924 4827 asse-

334 4854 455 4924 qui.
488 4853 581 4909 Hae
602 4855 745 4908 enim
784 4856 952 4910 veluti
983 4866 1128 4912 notae
1157 4859 1408 4928 quaedam
1436 4871 1566 4915 sunt
1594 4863 1794 4918 divinae
1822 4880 1922 4919 na-

335 4954 494 5007 tura,
541 4946 912 5015 tranquillitas
951 4948 1120 5003 nullis
1155 4951 1306 5005 curis
1351 4966 1417 5006 ac
1465 4953 1920 5011 distractionibus

337 5037 665 5106 interrupta,
700 5038 1009 5107 integritas,
1053 5041 1295 5105 bonitas,
1339 5044 1634 5113 sapientia,
1680 5045 1919 5115 justitia,

336 5127 547 5196 puritas
577 5129 647 5182 ab
672 5129 821 5182 omni
849 5129 973 5185 labe
1006 5133 1235 5200 peccati.
1262 5132 1579 5191 Reddamus
1608 5137 1791 5206 itaque
1812 5138 1927 5191 ani-

336 5234 439 5273 ma:
471 5229 677 5275 nostra:
719 5222 865 5291 quod
908 5223 1011 5292 ipsi
1048 5225 1334 5294 proprium
1375 5234 1484 5281 est.
1522 5226 1699 5283 Habet
1737 5237 1919 5283 autem

338 5310 442 5387 hoc
471 5313 772 5381 proprium,
812 5315 960 5385 quod
996 5315 1063 5370 ad
1108 5315 1388 5375 Creatoris
1437 5318 1730 5390 imaginem
1778 5320 1920 5374 facta

336 5411 441 5456 est.
477 5401 654 5472 Atque
677 5404 842 5458 etiam
875 5405 1197 5476 dignitatem
1236 5421 1482 5464 nostram
1524 5410 1919 5480 intelligamus,

337 5492 391 5546 id
453 5500 582 5559 est,
643 5496 1074 5566 magnitudinem
1135 5508 1488 5573 veteremque
1548 5503 1910 5559 nobilitatem.

340 5581 471 5637 Eam
505 5592 685 5641 autem
726 5590 1170 5660 COgDOVCI'imllS,
1212 5594 1259 5650 si
1301 5610 1418 5657 eam
1449 5594 1607 5651 talem
1640 5596 1915 5665 receperi-

411 5727 432 5759 '
459 5725 617 5784 Joan.
652 5742 785 5791 xvu,
822 5725 904 5782 lii.

2029 4586 2109 4649 δὲ,
2141 4584 2203 4637 τὸ
2231 4585 2289 4635 ὲν
2315 4583 2536 4654 ἀρεταῖς
2564 4579 2790 4643 τέλειον,
2828 4575 2903 4639 ὡς
2942 4573 3165 4644 ἐφικτὸν
3194 4570 3479 4644 ἀνθρώπου
3512 4572 3623 4639 φύ-

2030 4693 2135 4741 σει,
2171 4676 2232 4729 τὸ
2265 4672 2488 4742 ἀγαθὸν.
2520 4670 2580 4723 τδ
2621 4669 2806 4739 σοφὸν,
2839 4666 2903 4720 τὸ
2929 4666 3160 4728 δίκαιον,
3202 4663 3263 4716 τὸ
3300 4663 3481 4733 πάσης
3523 4678 3625 4716 κα-

2027 4771 2153 4833 κίας
2192 4765 2501 4836 ἐλεύθερον,
2534 4762 2595 4815 τὺ
2626 4760 2953 4833 ἀμέριμνον,
2979 4756 3039 4811 τὸ
3077 4755 3486 4826 ἀπερίσπαστον
3520 4755 3626 4808 καὶ

2027 4858 2309 4930 ἀκέραιον.
2351 4847 2522 4908 Alam
2570 4852 2683 4923 γὰρ
2728 4850 2893 4903 οίονεὶ
2937 4846 3291 4918 χαρακτῆρες
3326 4842 3426 4912 τῆς
3466 4842 3625 4905 θείας

2029 4952 2333 5021 ὑπάρχουσι
2361 4945 2595 5016 φύσεως.
2635 4940 2949 5010 Ἀποδῶμεν
2975 4935 3068 4993 οῦν
3099 4941 3168 5009 τῇ
3194 4934 3441 5008 ἡμετέρᾳ
3468 4935 3624 5007 ψυχῇ

2025 5044 2086 5096 τὸ
2116 5044 2315 5096 οἰκεῖον
2342 5041 2502 5111 αὐτῇ.
2540 5039 2753 5091 Οἱκεῖον
2781 5034 2838 5086 δὲ
2865 5032 3027 5102 αὐτῇ,
3054 5031 3116 5084 τὸ
3140 5028 3284 5082 κατά
3309 5026 3407 5097 τὴν
3430 5025 3625 5080 εἰκόνα

2024 5131 2167 5188 εἶναι
2192 5131 2286 5185 τοῦ
2319 5130 2607 5192 κτίσαντος
2629 5170 2643 5192 ,
2672 5126 2809 5198 πρὸς
2838 5126 2904 5195 ἢν
2926 5125 3024 5177 καὶ
3046 5121 3287 5190 γέγονεν.
3330 5116 3492 5170 Ἀλλά
3520 5116 3623 5169 καὶ

2026 5226 2087 5279 τὸ
2120 5224 2338 5295 ἀξίωμα
2374 5222 2532 5294 ἡμῶν
2570 5219 2950 5291 γνωρίσωμεν,
2991 5213 3236 5267 τουτέστι
3276 5210 3336 5264 τὸ
3383 5207 3623 5279 μέγεθος

2028 5319 2125 5371 καὶ
2151 5319 2250 5386 τὴν
2278 5316 2337 5382 ἐξ
2378 5313 2553 5386 ἀρχῆς
2593 5312 2892 5381 εὐγένειαν.
2921 5305 3283 5377 Γνωρίσωμεν
3305 5300 3349 5353 δ’
3373 5299 3460 5364 ἂν,
3488 5299 3624 5351 ἀνα-

2024 5409 2279 5471 λαϐόντες
2334 5407 2467 5462 αὐτὸ
2528 5404 2790 5469 τοιοῦτον,
2833 5396 2948 5454 οἷον
2991 5398 3051 5465 ἐξ
3091 5396 3268 5469 ἀρχῆς
3312 5392 3618 5462 ἐλάϐομεν·

2023 5503 2099 5566 ὡς
2136 5501 2231 5554 νῦν
2271 5500 2429 5563 ἄλλοι
2453 5498 2572 5553 ἀντ’
2610 5494 2785 5551 ἀλλων
2824 5491 3129 5563 γενόμενοι,
3160 5488 3220 5543 οὐ
3264 5482 3618 5558 γνωρίζομεν

2024 5597 2278 5661 ἑαυτοὺς,
2306 5594 2495 5666 ὥσπερ
2537 5591 2588 5646 εἰ
2615 5607 2699 5655 τις
2731 5586 2890 5673 ἄλλος
2929 5585 3046 5642 ἀντ’
3072 5582 3233 5641 ἄλλου
3278 5577 3612 5652 γενόμενος,
