3856 6222
188 188 296 245 957

1416 193 1502 252 ao
1543 191 1602 251 s.
1643 187 2220 273 ancoanouM.
2263 195 2304 251 ι.

3369 196 3482 255 958

186 309 361 378 λέγει,
404 309 479 382 μὴ
502 309 795 379 γινώσκειν
824 310 1014 365 ἑαυτὸν
1042 311 1135 366 διὰ
1165 314 1262 387 τὴν
1299 314 1606 372 ἀλλοίωσιν.
1641 318 1772 372 Γνῶ·

1891 327 2033 381 mus,
2065 313 2285 384 qualem
2311 312 2547 383 primum
2579 314 2923 384 accepimus.
2943 313 3088 369 Nam
3114 330 3263 372 nunc
3287 316 3380 375 alii
3403 332 3473 371 ex

188 413 294 475 μεν
320 396 439 466 οὖν,
464 402 643 474 ἡλίκοι
671 400 824 473 παρὰ
849 401 985 457 Θεοῦ
1011 405 1315 478 γεγόναμεν
1343 408 1437 461 καὶ
1463 408 1525 461 τὸ
1551 409 1781 480 ἀρχέτυ·

187 510 290 548 πον
322 496 646 566 τιμήσωμεν
672 496 730 548 ὲν
766 494 847 567 τῷ
878 498 1066 567 τηρεῖν
1098 496 1196 569 τὴν
1237 497 1425 551 είκόνα
1453 498 1777 570 ἀμόλυντον.

186 586 407 640 Γίνεται
433 586 490 639 δὲ
513 585 652 657 αὕτη
683 589 717 658 ὴ
746 587 902 659 τιμὴ,
930 588 1019 641 διὰ
1054 589 1154 660 τῆς
1182 588 1653 660 ἀπηκριϐωμένης
1688 609 1781 662 μι-

189 681 437 751 μήσεως,
480 679 574 733 καὶ
619 680 750 733 ὅταν
781 679 844 733 τὸ
880 678 1232 752 παράδειγμα
1273 682 1461 751 ὅμοιον
1500 680 1578 750 τῷ
1611 682 1780 753 ἀρχε-

184 773 347 842 τύπῳ
405 773 687 843 φαίνηται.
742 772 968 845 Γνῶμεν
1018 775 1113 827 καὶ⁸
1144 773 1257 831 ,τοῦ
1323 774 1623 847 μυστηρίου
1682 775 1782 845 τὴν

183 863 460 938 δῦναμιν,
504 867 755 919 τουτέστι
791 866 894 935 τῆς
942 866 1138 939 ἑορτῆς
1179 867 1279 940 τὴν
1327 868 1507 921 αἰτίαν
1555 867 1649 922 καὶ
1689 867 1781 921 τὸν

186 957 414 1013 σκοπόν.
469 959 546 1011 Δι’
601 960 751 1030 ἡμᾶς
802 959 909 1030 γὰρ
956 960 1106 1013 πᾶσα
1158 961 1192 1031 ἡ
1253 960 1636 1032 φιλάνθρωπος
1684 958 1779 1012 τοῦ

184 1049 467 1102 Δεσπότου
503 1048 788 1121 οἰκονομία
823 1052 1038 1120 γέγονε,
1087 1052 1183 1105 καὶ
1217 1051 1360 1122 ὑπὲρ
1406 1050 1565 1121 ἡμῶν
1615 1050 1781 1121 σαρκὶ

184 1138 425 1193 θανάτου
458 1141 726 1207 ἐγεύσατο
745 1143 773 1194 ὁ
798 1141 1088 1207 ἀθάνατος.
1112 1143 1151 1197 Γ
1154 1141 1404 1213 ενώμεθα
1428 1142 1778 1215 ώςΧριστὸς,

183 1231 308 1282 ἐπεὶ
342 1230 443 1284 καὶ
472 1230 708 1302 Χριστὸς
737 1231 813 1295 ὡς
850 1233 1034 1304 ἡμεῖς.
1078 1233 1138 1287 '0
1166 1233 1468 1305 κορυφαῖος
1501 1250 1634 1302 φησι
1673 1234 1779 1287 Πέ-

182 1339 335 1393 τρος,
383 1323 467 1376 ὅτι
492 1323 748 1392 Χριστὸς
784 1324 1007 1379 ἔπαθεν
1034 1323 1189 1394 ὑπὲρ
1220 1323 1410 1394 ἡμῶν,
1442 1323 1589 1393 ἡμῖν
1633 1327 1781 1379 ὐπο-

180 1414 504 1484 λιμπίὶνων
542 1416 953 1486 ὐποπραμμόν.
987 1416 1185 1485 Γέγονε
1212 1416 1322 1487 γὰρ
1354 1418 1383 1468 ὁ
1424 1414 1618 1488 Σωτὴρ
1647 1417 1782 1469 ὑπο-

181 1506 449 1578 γραμμὺς
510 1510 625 1571 τοῖς
678 1506 1010 1579 ἀνθρώποις,
1064 1507 1407 1578 τυπούμενος
1452 1508 1634 1571 αὐτοῖς
1685 1508 1780 1562 καὶ¹

180 1599 485 1670 λαμϐάνων
519 1600 747 1664 ἀπαθῶς
788 1601 858 1654 τά
892 1602 1144 1672 νοήματα
1172 1600 1266 1654 τοῦ
1310 1602 1516 1672 κόσμου
1562 1600 1776 1655 τούτου.

1885 404 2008 461 aliis
2048 404 2179 460 l‘aeti
2219 413 2438 461 nosmet
2475 404 2898 476 haudquaquam
2935 407 3310 478 agnoscimus,
3344 421 3472 478 per—

1882 496 2011 553 inde
2046 512 2181 553 sane
2230 512 2295 553 ac
2346 497 2392 552 si
2443 498 2569 568 quis
2617 496 2672 550 in
2709 497 2878 551 alium
2925 499 3202 571 hominem
3237 496 3476 552 transla-

1887 597 1999 654 tus,
2022 590 2259 646 afﬁrmet
2284 605 2345 646 se
2369 590 2474 645 sibi
2508 590 2613 660 ipsi
2640 589 2888 661 ignotum
2907 606 3052 653 esse,
3078 597 3307 661 propter
3327 589 3475 658 ejus-

1883 682 2030 738 modi
2067 683 2524 738 immutalionem.
2573 681 2944 754 lntelligamus
2991 683 3178 754 igitur,
3196 682 3390 752 quales
3436 696 3467 734 a

1884 773 1994 830 Deo
2023 776 2194 829 creati
2235 791 2446 851 sumus,
2479 784 2643 845 atque
2687 777 2968 844 exemplar
2999 782 3251 851 nostrum
3288 774 3467 827 hono-

1882 883 2090 929 remus,
2123 868 2383 921 nimirum
2418 850 2709 940 imaginem
2734 885 2771 924 a
2791 869 3049 923 vitiorum
3075 866 3335 923 sordibus
3364 866 3468 920 im-

1883 977 2107 1017 munem
2140 962 2433 1017 servando.
2473 962 2650 1017 Porro
2683 964 2772 1018 hic
2808 963 2984 1017 honor
3024 963 3087 1015 in
3111 960 3472 1015 accuratissi-

1884 1070 1971 1108 ma
1997 1054 2304 1109 imitatioae
2335 1055 2613 1117 consistit,
2637 1070 2760 1109 eum
2795 1055 3103 1124 exemplum
3136 1051 3471 1121 exemplaris

1884 1147 1971 1209 sui
2026 1146 2445 1201 similitudinem
2504 1149 2780 1202 retulerit.
2820 1146 2942 1201 Vim
2989 1146 3159 1201 etiam
3213 1143 3467 1216 mysterii

1880 1253 2304 1309 cognoscamus,
2338 1239 2389 1293 id
2417 1247 2520 1303 est,
2574 1239 2697 1295 festi
2742 1254 2964 1294 causam
2991 1245 3047 1292 et
3075 1253 3324 1308 scopum.
3360 1236 3471 1292 No-

1881 1337 1995 1385 stra
2043 1333 2244 1387 etenim
2292 1347 2459 1387 causa
2508 1338 2680 1386 totum
2721 1329 3123 1386 incarnationis
3167 1330 3469 1386 Dominiea:

1881 1420 2204 1490 mysterium
2238 1422 2504 1491 contigit,
2536 1430 2702 1491 atque
2736 1421 3067 1476 immorlalis
3109 1421 3202 1477 ille
3235 1429 3466 1477 mortem

1883 1528 1984 1582 pro
2019 1513 2177 1568 nobis
2228 1523 2493 1584 quantum
2534 1513 2602 1568 ad
2647 1529 2873 1585 carnem
2909 1512 3242 1584 degusmvit.
3280 1511 3468 1569 Simus

1882 1615 1942 1661 ut
1979 1606 2256 1671 Christus,
2294 1607 2555 1677 quoniam
2600 1607 2859 1662 Christus
2895 1622 3119 1678 quoque
3162 1608 3307 1662 sicut
3338 1622 3466 1666 nos.

182 1691 257 1745 Τὸ
284 1687 402 1754 οὖν,
443 1690 849 1764 Γενώμεθαώς
881 1694 1138 1765 Χριστὸς,
1170 1693 1315 1748 οὕτω
1339 1697 1572 1765 νοήσεις·
1604 1693 1772 1746 Γενώ-

1881 1699 2079 1756 Petrus
2127 1702 2499 1771 apostolorum
2541 1700 2801 1771 princeps
2837 1700 2914 1752 ait
2950 1699 3238 1754 :C/m'stus
3273 1716 3466 1770 passus

185 1784 330 1854 μεθα
368 1785 604 1857 καθαροὶ
640 1786 736 1839 καὶ
786 1785 1054 1851 ἀπαθεῖς,
1103 1787 1228 1840 ἐπεὶ
1261 1787 1357 1841 καὶ
1400 1786 1636 1858 Χριστὸς
1673 1803 1774 1839 τα-

180 1878 463 1941 πεινώσας
503 1880 695 1933 ἑαυτὸν
724 1880 820 1934 καὶ
859 1880 1215 1950 συγκαταϐὰς
1244 1882 1407 1951 ἡμῖν,
1441 1880 1774 1951 μεμένηκεν,

177 1970 320 2040 ὅπερ
358 1965 448 2042 ἦν,
480 1970 722 2042 καθαρὸς
755 1973 850 2025 καὶ
879 1971 1124 2041 ἀπαθής·
1178 1971 1490 2041 Ἀμαρτίαν
1529 1970 1636 2043 γὰρ
1662 1972 1776 2024 οὐκ

176 2063 497 2129 ἐποίησεν,
528 2062 657 2117 οὐδ’
681 2063 894 2133 εὑρέθη
935 2063 1118 2129 δόλος
1158 2064 1227 2117 ὲν
1264 2060 1344 2128 τῷ
1385 2064 1634 2133 στόματι
1666 2065 1775 2117 αὺ-

175 2154 307 2208 τοῦ.
355 2155 416 2208 '0
453 2156 551 2225 μὲν
584 2155 719 2219 Θεὸς
741 2154 839 2220 ὢν,
863 2155 1160 2227 ,ἅνθρωπος
1184 2154 1401 2224 γέγονε.
1430 2156 1524 2209 Δεῖ
1556 2150 1650 2210 οὖν
1682 2155 1776 2209 καὶ

175 2249 369 2319 ἡμᾶς,
408 2246 568 2320 Θειοῦς
613 2247 893 2317 γενέσθαι.
950 2248 1090 2301 Ἀλλ’
1123 2249 1332 2311 ἐκεῖνος
1368 2247 1466 2318 μὲν
1509 2247 1577 2301 δι’
1627 2249 1777 2319 ἡμᾶς

175 2339 503 2413 ἄνθρωπος,
536 2343 696 2411 ἡμεῖς
727 2341 785 2393 δὲ
817 2341 957 2412 ὑπὲρ
989 2340 1198 2394 ἑαυτῶν
1244 2340 1377 2394 θεοί.
1428 2341 1538 2395 Καὶ
1567 2341 1777 2404 ἐκεῖνος

178 2432 282 2502 μὲν
314 2433 439 2485 ἀντὶ
471 2432 572 2502 τῆς
607 2432 918 2503 ἀκροτάτης
945 2431 1105 2503 δόξης
1125 2476 1139 2498 ,
1167 2432 1267 2503 τὴν
1301 2432 1611 2505 ἀκροτάτην
1646 2434 1777 2487 ἀνα-

174 2522 483 2594 λαϐόμενος
517 2524 742 2594 ἀτιμίαν
767 2541 779 2553 ·
815 2525 977 2595 ἡμεῖς
1025 2524 1103 2589 δὲ,
1142 2526 1265 2579 ἀντὶ
1309 2525 1411 2596 τῆς
1462 2525 1776 2597 ἀκροτάτης

173 2617 431 2688 ἀτιμίας,
463 2616 564 2688 τὴν
604 2617 916 2688 ἀκροτάτην
953 2618 1140 2688 τιμήν.
1178 2619 1448 2682 Κάκεῖνος
1484 2619 1583 2690 μὲν
1613 2618 1773 2688 φύσει

172 2711 475 2779 γενόμενος
521 2709 828 2782 ἄνθρωπος,
883 2712 1046 2782 ἡμεῖς
1079 2710 1138 2763 δὲ
1187 2710 1336 2764 θέσει
1393 2711 1525 2767 θεοί.
1574 2712 1773 2780 Γέγονε

171 2805 307 2876 γὰρ,
344 2805 376 2857 ὅ
406 2805 596 2875 ἐσμεν,
633 2803 754 2856 κατ’
800 2802 1140 2874 οἰκονομίαν,
1172 2804 1240 2857 ἵν’
1269 2805 1431 2875 ἡμεῖς
1458 2803 1768 2876 γενώμεθα,

173 2897 203 2949 ὃ
228 2898 383 2949 ἐστιν
416 2896 951 2968 ἀντιμετρουμένης,
980 2896 1057 2960 ὡς
1096 2890 1238 2950 οἶδεν
1266 2898 1450 2961 αὐτὸς,
1486 2900 1554 2969 τῇ
1602 2896 1770 2952 αὐτοῦ

1877 1802 1955 1847 est
1976 1808 2072 1862 pro
2107 1792 2277 1857 nobis,
2311 1793 2607 1863 relinquens
2638 1793 2786 1846 nobis
2809 1790 3186 1860 exeruplum”.
3216 1791 3469 1845 Salvator

1878 1884 2022 1938 enim
2059 1884 2382 1939 mortalibus
2425 1883 2737 1953 exemplum
2779 1881 2961 1934 factus
3014 1890 3121 1945 est,
3176 1880 3314 1950 ipsis
3344 1895 3469 1935 sese

1880 1974 2211 2038 informans,
2234 1989 2297 2028 ac
2337 1973 2524 2026 nmndi
2557 1972 2722 2041 hujus
2762 1962 3148 2041 cogitationes.
3174 1971 3321 2025 circa
3351 1978 3469 2024 tur-

1877 2068 2135 2123 bulentos
2167 2075 2349 2122 tamen
2395 2066 2563 2120 animi
2616 2072 2820 2127 motus,
2858 2064 3192 2133 suscipiens.
3246 2061 3467 2116 Efﬁcia-

1878 2177 2002 2216 mur
2038 2173 2094 2215 ut
2115 2160 2390 2220 Christus,
2420 2159 2513 2228 qui
2545 2173 2604 2212 se
2636 2157 2813 2227 ipsum
2840 2157 2911 2210 ita
2940 2154 3267 2221 humiliavit,
3302 2161 3468 2224 atque

1878 2255 1947 2311 ad
1995 2253 2364 2309 inﬁrmitatem
2405 2258 2653 2307 nostram
2693 2249 2931 2311 demisit,
2984 2256 3044 2301 ut
3076 2254 3282 2306 tamen,
3311 2243 3461 2317 quod

1876 2356 2027 2412 erat,
2073 2352 2439 2416 permaneret,
2486 2357 2680 2411 nempe
2719 2356 2915 2410 purus.
2960 2347 3014 2393 et
3055 2337 3299 2407 turpium
3334 2336 3467 2392 affe-

1853 2447 2063 2496 ‘ctuum
2087 2454 2304 2508 expers.
2336 2435 2620 2490 Peccatum
2646 2435 2785 2488 enim
2807 2450 2911 2487 non
2935 2435 3081 2501 [‘ecit,
3105 2447 3197 2485 nec
3223 2431 3464 2485 iuremus

1874 2543 1953 2587 est
1985 2532 2140 2586 dolus
2193 2534 2247 2585 in
2277 2548 2366 2585 ore
2413 2531 2529 2599 ejus
2558 2530 2625 2581 “.
2679 2527 2859 2597 Atque
2908 2526 3000 2579 ille
3042 2523 3287 2595 quidem,
3337 2537 3463 2576 cum

1876 2627 2019 2682 Deus
2058 2635 2226 2689 esset,
2262 2625 2427 2678 homo
2469 2622 2648 2675 factus
2684 2629 2789 2675 est.
2825 2617 3067 2672 Proinde
3102 2631 3206 2671 nos
3237 2629 3460 2685 quoque

1873 2719 2008 2774 deos
2041 2718 2160 2773 ﬁeri
2186 2723 2427 2787 oportet.
2450 2713 2720 2768 Caeterum
2758 2712 2850 2766 ille
2878 2717 3103 2780 propter
3135 2723 3237 2763 nos
3271 2707 3462 2768 homo,

1873 2824 1978 2864 nos
2007 2816 2188 2863 autem
2227 2812 2451 2877 propter
2481 2802 2849 2870 nosmetipsos
2883 2799 2959 2854 dii
2998 2817 3011 2854 :
3058 2807 3224 2868 atque
3252 2797 3340 2851 ille
3364 2811 3465 2866 pro

1873 2915 2087 2958 summa
2112 2898 2285 2970 gloria
2309 2911 2581 2953 summam
2609 2894 2967 2964 ignominiam
2995 2890 3330 2962 suscipiens,
3362 2903 3466 2945 nos

173 2986 411 3040 κενώσει
452 2987 552 3058 τῆς
584 2987 693 3040 τῶν
733 2988 917 3060 χάριτι
954 2988 1280 3059 σωζομένων
1309 2988 1580 3054 θεώσεως,
1632 2991 1769 3044 ὅλων

1877 3002 2051 3049 autem
2070 3007 2168 3063 pro
2179 3000 2421 3046 extrema
2435 2985 2729 3060 ignominia
2747 3000 3019 3041 summum
3042 2984 3328 3043 honorem.
3349 2980 3465 3035 lloc

179 3079 431 3133 ὲεοειδῶν
458 3079 555 3134 καὶ
579 3079 718 3134 ὅλων
752 3072 889 3135 Θεοῦ
916 3082 1242 3152 χωρητικῶν
1281 3082 1377 3135 καὶ
1409 3083 1568 3153 μόνου
1603 3101 1760 3156 γενη-

174 3171 449 3243 συμένων.
477 3170 650 3225 Τοῦτο
674 3172 836 3244 γὰρὴ
866 3173 1166 3238 τελείωσις,
1194 3174 1332 3245 πρὸς
1354 3175 1420 3247 ἣν
1447 3176 1768 3231 σπεύδουσιν

170 3267 222 3317 οἱ
238 3263 449 3334 ταύτην
473 3262 690 3334 ἀληθῶς
716 3264 940 3318 ἔσεσθαι
959 3266 1059 3335 τὴν
1086 3266 1419 3335 ἐπαγγελίαν
1444 3268 1768 3323 πιστεύσαν-

168 3376 284 3423 τες.

1877 3098 2136 3159 pranerea
2156 3084 2409 3143 interest,
2442 3077 2592 3151 quod
2617 3079 2710 3133 ille
2738 3088 2934 3132 natura
2960 3075 3125 3130 homo
3151 3075 3331 3129 factus
3355 3081 3463 3138 εει,

1876 3194 1979 3235 nos
2006 3185 2191 3231 autem
2217 3173 2514 3245 adoptione
2534 3170 2634 3226 dii.
2653 3168 2770 3223 Hoc
2791 3168 2939 3223 enim
2963 3167 3194 3222 consilio
3231 3164 3284 3219 id
3318 3163 3465 3236 quod

1875 3285 2069 3325 sumus
2101 3266 2277 3321 factus
2309 3271 2415 3330 est,
2456 3272 2513 3317 ut
2550 3277 2652 3316 nos
2674 3259 2750 3327 id,
2782 3260 2928 3331 quod
2962 3259 3081 3330 ipse
3113 3266 3221 3323 est,
3256 3258 3466 3314 efﬁcia-

1874 3377 2020 3422 mur,
2053 3366 2406 3428 eompensata
2433 3353 2695 3410 nimirum
2732 3353 2912 3424 ipsius
2945 3348 3247 3406 iuanitione
3274 3365 3467 3420 quem-

172 3455 477 3511 admodum
541 3456 661 3525 ipse
739 3456 912 3519 novit,
958 3472 1083 3511 cum
1131 3472 1347 3522 eorum,
1409 3459 1500 3529 qui
1551 3475 1648 3529 per
1717 3461 1950 3531 gratiam
1999 3456 2233 3513 salutem
2283 3457 2726 3519 consequuntur,
2770 3447 3200 3513 deilicationem,
3263 3445 3339 3499 ita
3408 3452 3470 3498 ut

172 3549 278 3602 toti
301 3545 621 3611 dcil’ormes,
687 3553 741 3602 et
771 3547 868 3602 toti
910 3546 1003 3601 Dei
1056 3562 1310 3617 capaces,
1364 3549 1465 3603 toti
1503 3549 1738 3619 denique
1778 3549 1956 3620 ipsius
1989 3546 2156 3601 unius
2199 3545 2396 3600 simus.
2475 3540 2594 3595 Hoc
2635 3540 2786 3594 enim
2842 3545 2929 3594 est
2960 3553 3023 3593 ea
3060 3536 3353 3607 perfectio,
3397 3537 3466 3590 ad

171 3655 343 3710 quam
380 3647 661 3709 properat,
689 3639 785 3709 qui
813 3642 955 3694 hanc
980 3640 1431 3709 pollicitationem
1463 3652 1612 3696 certa
1644 3642 1749 3697 [ide
1783 3648 2125 3712 exspectant.
2756 3650 2761 3655 ‘

245 3731 369 3788 Col.
402 3730 507 3785 597-
536 3730 577 3786 C
682 3730 1097 3800 Προσέλαϐἐ...
1125 3730 1410 3801 πτώματι.
1435 3732 1557 3785 Εἰσὶ
1583 3730 1652 3785 τὰ
1675 3733 1771 3805 ῥή-

175 3839 326 3892 ματα
358 3821 531 3874 ταῦτα
574 3822 720 3893 σαφῆ
756 3824 852 3875 καὶ
891 3822 1149 3893 οὐδεμιᾶς
1179 3824 1479 3895 ἑρμηνείας
1518 3822 1769 3896 δεόμενα.

172 3913 496 3986 Προσέλαϐε
531 3913 641 3985 γὰρ
681 3916 710 3967 ό
738 3914 976 3984 Χριστὸς
1011 3915 1078 3967 τὸ
1111 3917 1314 3986 χεῖρον,
1346 3915 1445 3987 τὴν
1487 3914 1773 3987 ἀνθρωπό-

171 4024 338 4080 τητα,
370 4006 460 4060 ἵνα
486 4005 561 4078 δῷ
592 4007 655 4059 τὸ
685 4005 915 4077 βέλτιον,
951 4006 1050 4077 τὴν
1092 4007 1341 4080 Θεότητα.
1376 4009 1487 4061 Καὶ
1522 4008 1774 4074 πλούσιος

171 4095 250 4150 ὣν
279 4099 352 4168 τῇ
375 4095 612 4165 Θεότητι,
657 4095 975 4167 ἑπτώχευσε
1008 4099 1075 4169 τῇ
1108 4099 1292 4168 σαρκὶ,
1323 4098 1388 4151 ἵν’
1418 4099 1578 4169 ἡμεῖς
1605 4099 1767 4152 πλου-

171 4192 433 4260 τήσωμεν
462 4189 562 4254 τὴν
596 4188 841 4258 θεότητα.
874 4189 986 4242 Καὶ
1016 4189 1205 4243 δούλου
1239 4189 1452 4261 μορφὴν
1482 4191 1764 4262 ὲφόρεσεν,

172 4281 240 4334 ἶν’
265 4282 436 4351 nitet;
466 4279 564 4350 τὴν
598 4280 708 4333 ἀπὸ
738 4280 840 4350 τῆς
864 4280 1110 4346 δουλείας
1130 4281 1227 4334 τοῦ
1257 4282 1503 4336 διαϐόλου
1535 4284 1630 4337 καὶ
1658 4282 1767 4337 τῶν

1938 3728 2242 3793 Assumpsi!
2269 3728 2407 3798 quod
2437 3726 2666 3780 deterius
2700 3734 2838 3790 erat,
2874 3733 2932 3777 ut
2959 3724 3068 3789 det,
3093 3731 3202 3777 etc.
3239 3719 3463 3790 Perspi-

1870 3837 1972 3877 cua
2009 3822 2280 3877 sunthaec
2311 3818 2498 3885 verba,
2534 3834 2633 3874 nec
2674 3820 2783 3872 ulla
2825 3818 3283 3888 interpretatione
3326 3828 3470 3885 opus

1871 3913 2097 3968 habent.
2140 3910 2370 3981 Accepit
2403 3909 2549 3964 enim
2593 3907 2854 3963 Christus
2900 3907 3046 3977 quod
3082 3905 3329 3960 deterius
3360 3914 3467 3967 est,

1870 4004 2274 4059 humanitatem
2303 4002 2540 4062 scilicet,
2579 4008 2638 4054 ut
2672 4000 2764 4054 det
2793 3999 2939 4070 quod
2965 3997 3324 4068 praestantius
3355 4004 3467 4058 cst,

1872 4112 2070 4167 nempe
2104 4096 2452 4150 Diviuitatem
2492 4111 2505 4146 :
2546 4101 2600 4147 et
2640 4107 2765 4146 cum
2813 4091 2967 4145 dives
2999 4096 3166 4153 esstt,
3194 4095 3467 4158 quantum

1876 4189 1942 4243 ad
1975 4187 2350 4250 Divinitatem,
2377 4200 2605 4257 pauper,
2631 4192 2898 4253 quantum
2923 4182 2989 4235 ad
3011 4195 3259 4245 carnem,
3286 4178 3468 4233 factus

1874 4289 1980 4344 est,
2017 4288 2077 4334 ut
2125 4295 2228 4335 nos
2276 4278 2590 4333 Divinitatis
2632 4290 2765 4344 opes
2831 4286 3260 4342 consequamur.
3309 4268 3468 4325 Servi

173 4344 371 4426 παθών
399 4344 716 4442 ἐλευθερίαν
743 4344 1000 4442 λάϐωμεν
1020 4389 1033 4400 ·
1071 4344 1207 4444 δπερ
1235 4372 1406 4444 δηλοῖ,
1434 4374 1517 4426 ὃτι
1547 4373 1769 4445 εἴχομεν

1877 4382 2135 4446 praeterea
2167 4373 2400 4426 formam
2439 4367 2697 4440 gestavit,
2739 4375 2801 4420 ut
2834 4381 2938 4420 nos
2981 4381 3049 4418 ex
3094 4363 3298 4418 diaboli
3337 4361 3468 4417 ali‘e-

172 4461 236 4527 ἑξ
260 4462 438 4534 ἀρχῆς
465 4460 561 4532 τὴν
591 4460 906 4533 ἐλευθερίαν
934 4462 1301 4536 ἀπωλέσαμεν
1326 4463 1385 4516 δὲ
1415 4463 1642 4533 ταύτην.
1678 4467 1770 4519 Δεῖ

172 4552 270 4609 οὖν
304 4554 625 4618 ἀπολαϐεῖν,
650 4556 716 4625 ἣν
740 4553 954 4625 ἔχοντες
981 4556 1348 4627 ἀπεϐάλομεν.
1387 4558 1605 4629 Κατέϐη
1633 4558 1770 4630 πρὸς

171 4648 326 4717 ἡμᾶς
358 4649 389 4699 ὁ
424 4646 712 4715 ’Υψιστος,
752 4647 820 4699 ἵν’
847 4648 1007 4718 ἡμεῖς
1046 4649 1097 4700 οἱ
1139 4650 1388 4707 ταπεινοὶ
1438 4649 1765 4721 ὐψωθῶμεν,

175 4734 588 4807 ὑπεραρθέντες
625 4737 725 4808 τῆς
764 4736 870 4791 τῶν
900 4738 1116 4810 γεηρῶν
1150 4739 1387 4810 σχέσεως
1430 4742 1525 4794 καί
1558 4758 1769 4813 πτερω-

175 4830 366 4893 οέντες
410 4830 547 4901 πρὸς
586 4828 655 4882 τά
687 4830 938 4901 οὐράνια.
990 4832 1324 4904 Ἐπειράσθη
1367 4834 1426 4885 ὲν
1468 4835 1535 4905 τῇ
1578 4834 1770 4905 ἐρήμῳ

175 4924 259 4985 εἰς
294 4924 778 4994 γαστριμαργίαν,
813 4922 1138 4994 φιλοδοξίαν,
1170 4924 1607 4997 φιλοχρηματίαν
1627 4967 1642 4990 ,
1676 4928 1771 4980 καὶ¹

173 5014 468 5083 νενίκηκεν
506 5015 564 5067 ὲν
602 5016 669 5085 τῇ
699 5014 858 5087 τρίτῃ
875 5014 1045 5087 ταύτῃ
1073 5017 1345 5088 προσϐολῇ
1374 5019 1467 5072 καὶ
1490 5018 1653 5091 πείρᾳ
1677 5019 1768 5072 τὸν

178 5104 510 5177 ⁴ντειρειστὴν,
540 5105 672 5175 ἡμῖν
705 5106 803 5176 τὴν
833 5107 993 5178 νίκην
1021 5109 1563 5180 πραγματευόμενος.
1608 5109 1770 5163 Ἀλλά

172 5195 463 5267 ἠτιμάσθη
489 5197 518 5249 ὁ
545 5195 648 5265 τῆς
674 5196 834 5268 δόξης
866 5198 1090 5266 Κύριος,
1128 5199 1215 5252 ἵνα
1249 5198 1449 5273 δοξάσῃ
1486 5201 1614 5265 τοὺς
1647 5202 1768 5255 ἀτί-

175 5305 320 5360 μους
355 5288 508 5359 ήμᾶς
527 5304 539 5316 ·
570 5288 865 5351 ἀπέθανεν,
908 5290 994 5343 ἵνα
1024 5289 1101 5360 τῷ
1134 5288 1351 5360 θανάτῳ
1379 5292 1546 5344 αὐτοῦ
1578 5290 1767 5346 σωθῶ-

176 5395 312 5452 μινο
359 5378 568 5449 κατέϐη
610 5381 705 5456 καὶ
748 5380 940 5452 ἀνέϐη,
991 5381 1080 5435 ἶνα
1119 5383 1280 5452 ἡμεῖς
1314 5382 1770 5456 ἀκολουθήσωμεν

175 5472 353 5544 αὐτῷ,
395 5474 490 5527 καὶ
517 5473 605 5527 ινα
635 5454 787 5528 κάτω
817 5474 1106 5545 κειμένους
1147 5477 1211 5527 ἐν.
1252 5475 1330 5544 τῷ
1367 5476 1467 5548 τῆς
1497 5454 1772 5549 ἁμαρτίας

179 5565 441 5638 πτώματι
500 5567 637 5636 πρὸς
691 5565 885 5620 ἑαυτὸν
945 5565 1177 5638 ἐλκύσῃ,
1240 5569 1315 5632 ὼς
1370 5571 1402 5641 ὴ
1452 5569 1768 5641 ’ὑπόσχεσις.

255 5718 342 5772 “l
370 5716 520 5775 Pctr.
564 5733 627 5786 ιι,
670 5719 724 5775 5.
808 5720 847 5751 ¹¹
887 5714 1014 5775 ibid.
1049 5719 1138 5773 22.

1867 4476 2167 4535 ctuumque
2200 4463 2466 4518 servitute
2517 4462 2574 4514 in
2616 4461 2925 4514 libertatem
2963 4470 3302 4512 asseramur.
3346 4453 3466 4510 Non

1866 4559 2029 4625 dixit,
2055 4558 2366 4611 libertatem
2394 4553 2762 4623 accipiamus,
2788 4551 2885 4607 sed
2911 4550 3279 4619 recipiamus;
3305 4556 3364 4601 ut
3387 4549 3471 4602 in-

1866 4652 2012 4706 dicet
2039 4664 2140 4704 nos
2182 4664 2214 4702 a
2254 4645 2526 4716 principio
2556 4644 2778 4715 quidem
2825 4645 3140 4698 libertatem
3180 4640 3466 4707 habuisse,

1866 4758 2065 4799 verum
2083 4755 2202 4796 eam
2227 4738 2508 4794 amisisse.
2535 4736 2719 4804 Quare
2743 4736 2903 4791 nobis
2930 4749 2994 4789 ea
3016 4732 3333 4802 recipienda
3358 4741 3465 4797 est,

1868 4851 2032 4906 quam
2065 4834 2328 4889 habentes
2347 4830 2707 4901 perdidimus.
2734 4827 3025 4883 Descendit
3065 4825 3132 4880 ad
3166 4840 3268 4881 nos
3293 4824 3463 4881 Altis-

1870 4929 2045 4984 simus
2075 4927 2190 4991 ille,
2226 4935 2283 4977 ιιι
2318 4939 2422 4978 nos
2448 4921 2652 4991 abjecli
2680 4929 2734 4976 et
2764 4919 3004 4975 humiles
3038 4919 3094 4973 in
3120 4918 3358 4973 sublime
3392 4919 3468 4972 fe-

1869 5035 2082 5086 ramur,
2109 5033 2276 5088 supra
2301 5023 2653 5070 terrenarum
2684 5028 2869 5068 rerum
2893 5010 3234 5066 aﬂectionem
3263 5009 3463 5071 evecti,

1869 5123 2035 5182 atque
2065 5112 2132 5166 ad
2159 5110 2408 5165 caelestia
2442 5115 2705 5177 tanquam
2743 5104 2942 5175 pennis
2982 5100 3210 5158 sublati.
3259 5099 3462 5155 Tenta—

1872 5211 1963 5258 tus
2001 5211 2115 5267 est,
2143 5216 2207 5256 ac
2239 5200 2447 5270 triplici
2479 5197 2843 5254 tentationum
2885 5194 2994 5248 telo
3022 5192 3079 5246 in
3110 5192 3335 5247 deserto
3365 5206 3461 5259 pe-

1874 5295 2007 5350 titus
2047 5300 2133 5349 est
2163 5292 2423 5348 Christus
2451 5305 2481 5344 a
2505 5288 2753 5352 diabolo,
2777 5287 2918 5357 gula:
2945 5300 3163 5353 nempe,
3202 5284 3463 5337 ambitio-

1869 5386 1957 5441 nis
1999 5393 2054 5440 ct
2102 5383 2355 5437 avaritiae
2391 5400 2404 5436 :
2458 5387 2626 5450 atque
2679 5378 2735 5432 in
2770 5377 2877 5431 hoc
2915 5373 3117 5445 triplici
3153 5372 3461 5429 certamine

1873 5482 2204 5530 tentatorem
2239 5473 2543 5544 superavit,
2579 5468 2741 5524 nobis
2768 5466 3024 5522 videlicet
3042 5463 3333 5519 victoriam
3367 5476 3456 5516 ac-

1882 5569 2129 5641 quir,ens.
2163 5565 2305 5633 Quin
2331 5565 2494 5620 etiam
2529 5568 2883 5634 contemptus
2909 5568 2993 5614 est
3020 5556 3111 5613 ille
3137 5555 3325 5628 gloria:
3344 5552 3457 5622 Do-
