3856 6222
386 190 495 262 isse
1680 200 1978 263 NICETAS

2116 194 2407 259 molstus
3552 206 3666 267 aen

390 332 599 390 minus,
633 324 694 376 ut
721 332 822 376 nos
854 319 1090 375 infames
1115 325 1276 374 ornet
1315 328 1479 390 atque
1510 312 1767 374 illustret.
1814 316 1962 374 Mor—
1998 341 2014 390 λ

2116 316 2479 389 Επηγγείλατο
2527 314 2653 387 γὰρ·
2676 312 2853 382 λέγων
2872 329 2887 343 ⁸
2925 313 3117 367 Ὅταν.
3152 306 3391 384 ὑψωθῶ,
3438 314 3663 384 πάντας

392 422 523 471 tuus
551 417 657 477 est,
693 418 751 466 ut
787 424 883 481 per
910 409 1031 479 ejus
1052 414 1285 464 mortem
1319 410 1550 463 salutem
1578 418 1962 478 aesequamur.

2116 412 2181 463 1x
2189 411 2317 464 ύσω
2346 409 2499 478 πρὸς
2524 408 2806 478 ἐμαυτόν.

390 504 686 561 Descendit
719 510 886 574 atque
907 501 1177 568 ascendit,
1208 509 1269 555 ut
1309 515 1412 557 nos
1440 501 1618 573 ipsum
1649 510 1967 573 sequamur,
2009 510 2177 573 atque
2199 515 2256 556 ut
2288 502 2436 557 humi
2470 502 2717 571 jacentes
2746 501 2802 554 in
2838 501 3048 570 peccati
3087 499 3301 570 lapsum
3366 499 3434 553 ad
3508 501 3655 572 seip-

397 608 520 650 sum
589 590 791 664 trahat,
834 594 1291 666 quemadmodum
1367 608 1428 649 se
1502 594 1778 648 iacturum
1812 595 2041 664 recepit,
2111 594 2302 649 dicens
2355 592 2545 650 :Cum
2578 594 2850 648 excitatus
2874 592 3046 661 fuero,
3100 594 3281 646 omnia
3331 594 3540 648 traham
3601 594 3671 647 adv

396 692 651 759 meipsum
684 688 748 746 ³⁸.
970 706 975 709 '

473 784 667 841 Omnia
704 785 968 856 quispiam
1018 781 1198 849 donet,
1241 784 1421 843 omnia
1455 782 1537 848 ei,
1580 786 1689 839 etc.
1744 780 1985 838 Enume-

2162 782 2278 839 Col.
2309 783 2416 839 400
2441 783 2487 837 Α
2515 782 2568 839 5.
2612 781 2815 838 Πάντα
2854 823 2869 837 .
2909 822 2926 839 .
2965 822 2980 838 .
3018 785 3363 853 γενόμενον.
3437 783 3667 854 Ἀπηριε

400 875 543 933 ravit
572 889 674 946 ea,
703 889 828 945 quae
855 873 1110 930 Christus
1170 888 1270 945 pro
1313 874 1468 929 nobis
1508 886 1708 944 passus
1752 880 1859 936 est,
1891 873 1987 928 hew-

2121 877 2332 948 μὴσατο
2357 874 2427 931 τὰ
2464 876 2532 929 δι’
2565 875 2711 946 ἡμᾶς
2733 874 2883 944 πάθη
2916 872 3013 928 τοῦ
3055 873 3292 945 Χριστοῦ
3326 875 3420 929 καὶ
3449 876 3549 938 τὰς
3583 875 3670 928 δο-

370 945 383 964 .
402 968 711 1038 neliciaque
732 966 789 1021 in
813 978 915 1023 nos
945 965 1170 1031 collata,
1194 976 1253 1019 ut
1280 965 1472 1036 probet
1498 979 1600 1020 nos
1632 966 1741 1020 neu
1763 978 1829 1025 ex
1863 979 1988 1036 gra-

2118 945 2272 1032 είσας
2300 969 2433 1039 ἡμῖν
2478 945 2821 1038 εὐερκεσίας,
2870 965 2959 1019 ῖνα
3004 965 3154 1038 δείξῃ
3210 966 3463 1038 μὴκατὰ
3510 966 3679 1038 χάριν.

402 1061 543 1130 tuita
589 1058 964 1131 muniﬁcentia
1017 1058 1074 1113 in
1119 1074 1245 1113 eum
1290 1058 1549 1113 liberales
1600 1071 1744 1121 esse,
1790 1058 1882 1112 sed
1918 1072 1987 1113 ex

2116 1058 2236 1130 ιὺτῷ
2269 1058 2796 1130 καρποφοροῦντας,
2829 1057 2967 1112 ἀλλά
3006 1059 3151 1112 κατά
3181 1058 3362 1129 χρέος.
3405 1059 3517 1113 Καὶ
3562 1058 3677 1113 ἄνω

404 1154 616 1225 debito.
651 1150 718 1205 Et
748 1150 972 1222 quidem
1005 1154 1264 1220 superius
1285 1150 1576 1203 videbatur
1618 1164 1801 1203 rerum
1834 1163 1988 1205 cras-

2116 1151 2191 1204 ιὲν
2222 1150 2395 1204 ἐδόκει
2416 1149 2599 1204 τέλεον
2623 1149 2910 1206 ἐκϐάλλειν
2930 1150 3032 1221 τὴν
3058 1149 3147 1203 διὰ
3167 1148 3278 1203 τῶν
3300 1148 3442 1202 ὑλῶν
3467 1166 3677 1221 καρπο-

408 1256 595 1309 sarum
631 1246 687 1299 et
718 1250 1062 1297 terrenarum
1103 1240 1440 1303 oblationem
1479 1252 1708 1311 prorsus
1740 1240 1992 1309 rejicere,

2116 1241 2320 1311 popiav,‘
2347 1242 2405 1296 ὲν
2433 1235 2516 1306 οἷς
2560 1239 2744 1310 ἐλεγε-
2780 1241 2998 1313 Χρυσόν
3034 1256 3100 1311 με
3133 1242 3265 1303 ῑσως
3291 1238 3467 1293 οἴεσθε
3493 1238 3677 1309 λέγειν

400 1340 532 1397 cum
567 1335 789 1390 dicebat
834 1352 850 1388 :
897 1333 1107 1395 Aurum
1140 1332 1382 1389 fortasse
1417 1333 1623 1403 putatis
1663 1347 1750 1387 me
1788 1332 1994 1396 dicere,

2116 1330 2127 1402 ξ
2176 1332 2437 1402 ἄργυρον,
2477 1330 2995 1402 καρποφορήσωμεν
3039 1331 3190 1401 ἡμᾶς
3233 1328 3465 1392 αὐτούς’
3492 1329 3594 1384 νῦν
3623 1331 3678 1383 δὲ

409 1435 505 1484 aut
531 1422 862 1498 argentum?
898 1427 1009 1480 imo
1039 1427 1297 1496 nosipsos
1342 1425 1450 1480 Deo
1489 1426 1808 1481 offeramus.
1844 1426 1999 1482 Nunc

2116 1422 2383 1487 ἱείκνυσιν,
2410 1420 2492 1475 ὅτι
2520 1421 2582 1475 οὑ
2605 1419 2888 1484 παντελῶς
2915 1418 3308 1491 ἀποδοκιμάζει
3334 1419 3405 1473 τὰ
3427 1420 3676 1485 τοιαῦτα,

409 1528 591 1573 autem
623 1518 866 1573 ostendit
911 1532 972 1573 se
1002 1534 1114 1572 non
1148 1518 1375 1572 omnino
1423 1517 1743 1587 hujusmodi
1770 1532 1999 1574 munera

2116 1513 2232 1568 ιλλά
2259 1515 2499 1585 προτιμᾷ
2538 1512 2601 1566 τὸ
2640 1511 2846 1584 μεῖζον,
2884 1511 3129 1565 τουτέστι
3157 1512 3218 1564 τὸ
3256 1513 3483 1576 ἑαυτοὺς
3512 1529 3682 1584 προσ-

409 1609 745 1681 imprubare,
793 1609 887 1665 sed
924 1609 1072 1679 quod
1120 1609 1299 1677 majus
1345 1618 1432 1664 est
1477 1608 1774 1674 anteferre,
1805 1625 1999 1680 nempe

2116 1606 2430 1675 ἱτεινΛιιησὶ
2470 1601 2624 1673 γοῦνο
2658 1602 2842 1657 Πάντα
2880 1600 3068 1655 διδότω
3094 1619 3202 1667 τις,
3231 1604 3324 1656 καὶ
3354 1604 3558 1674 χρυσὸν
3591 1605 3685 1657 καὶ

410 1708 472 1761 ut
498 1701 759 1771 nosipsos
802 1698 1130 1756 offeramus.
1161 1700 1252 1753 Ait
1286 1700 1476 1769 igitur,
1506 1698 1703 1753 Omnia
1732 1698 1822 1753 det
1854 1702 2002 1768 quis-

2116 1696 2284 1760 λίθους
2311 1696 2407 1750 καὶ
2431 1696 2726 1767 ὑφάσματα
2742 1713 2755 1726 ·
2778 1694 2969 1749 διδότω
2994 1696 3051 1748 δὲ
3080 1694 3222 1748 κατὰ
3242 1696 3484 1766 ὀφειλὴν.
3528 1695 3685 1750 Ἐπεὶ

411 1789 558 1862 piam
590 1832 605 1856 ,
637 1798 691 1844 εὑ
724 1804 917 1843 aurum
946 1796 1001 1844 et
1021 1803 1267 1859 gemmas
1287 1796 1337 1843 et
1363 1796 1545 1843 νυειθε
1565 1832 1580 1855 ,
1612 1788 1702 1860 det
1725 1795 1907 1843 autem
1934 1804 2001 1843 ex

410 1884 599 1940 debito
628 1901 641 1937 :
673 1882 1120 1955 quandoquidem
1160 1882 1373 1952 priores
1404 1881 1780 1936 beneﬁcentiae
1818 1890 2000 1952 partes

413 1975 679 2031 Christus
701 1990 1005 2046 occupans,
1046 1983 1279 2029 mortem
1325 1989 1427 2046 pro
1467 1976 1628 2029 nobis
1670 1976 1904 2046 excepit,
1936 1990 2001 2029 ac

415 2068 662 2137 seipsum
688 2082 789 2138 pro
818 2066 979 2122 nobis
1001 2067 1056 2121 in
1082 2065 1414 2123 sacriﬁcium
1446 2065 1595 2120 Patri
1623 2067 1837 2121 obtulit.
1865 2066 1999 2122 Nam

413 2159 494 2214 illi
526 2173 971 2230 peccaveramus,
1003 2168 1056 2213 et
1073 2158 1300 2227 proinde
1319 2157 1421 2227 ipsi
1449 2165 1651 2213 nostrae
1677 2158 2004 2230 redemptio-

413 2250 505 2305 nis
539 2253 778 2321 pretium
813 2251 1243 2321 persolvendum
1276 2261 1419 2316 erat,
1451 2261 1509 2306 ut
1534 2267 1636 2307 nos
1669 2251 2002 2306 condemna-

416 2336 566 2389 tione
600 2339 960 2392 solveremur.
993 2338 1152 2392 Absit
1193 2340 1341 2394 enim
1387 2348 1448 2393 ut
1490 2348 1727 2412 tyranno
1780 2339 2001 2395 diabolo

416 2424 637 2479 Domini
668 2428 895 2498 sanguis
931 2428 1149 2483 oblatus
1196 2430 1382 2484 luerit.
1410 2429 1654 2486 Pretium
1688 2441 1871 2487 autem
1909 2446 2000 2485 re-

417 2518 752 2590 demptionis
781 2533 880 2590 pro
908 2521 1066 2575 nobis
1096 2519 1356 2577 Christus
1388 2531 1496 2584 est.
1532 2531 1587 2578 et
1609 2524 1784 2594 culpae
1809 2524 1999 2578 succi.

417 2609 655 2685 daneus,
682 2619 870 2683 utpote
891 2614 987 2683 qui
1021 2620 1276 2668 naturam
1301 2624 1548 2671 nostram
1577 2616 1774 2672 salutis
1798 2628 2003 2672 nostra:

419 2715 589 2769 causa
630 2704 960 2774 susceperit,
1002 2705 1228 2775 perinde
1279 2720 1344 2760 ac
1388 2707 1435 2760 si
1483 2706 1611 2776 quis
1655 2719 1755 2776 pro
1780 2721 1876 2761 reo
1905 2715 2002 2760 aut

419 2792 641 2862 captivo
666 2793 908 2863 seipsum
936 2796 1257 2860 substituat,
1288 2796 1353 2850 ad
1375 2811 1436 2850 ea
1471 2797 1845 2866 permanentia,
1879 2810 2002 2867 qua

2104 1787 2390 1859 προλαϐὼν
2419 1789 2447 1840 6
2474 1786 2707 1858 Χριστὸς
2738 1787 2830 1840 τὸν
2859 1787 3000 1858 ὑπὲρ
3028 1784 3184 1857 ἡμῶν
3206 1786 3491 1852 ἀνεδέξατο
3517 1787 3683 1842 θάνα-

2100 1896 2214 1945 τον,
2244 1882 2341 1935 καὶ
2370 1881 2562 1934 ἑαυτὸν
2597 1878 2676 1951 τῷ
2714 1880 2894 1952 lla.th
2925 1880 3264 1952 προσέφερεν
3302 1879 3496 1932 θυσίαν
3542 1880 3693 1951 ὑπὲρ

2102 1973 2279 2045 ἡμῶν.
2315 1971 2474 2043 Αὐτῷ
2502 1970 2611 2043 γὰρ
2646 1970 3231 2043 πεπλημμελήκαμεν,
3259 1969 3356 2023 καὶ
3385 1968 3546 2025 αὑτὸν
3580 1970 3687 2024 εδει

2101 2066 2163 2118 τὸ
2192 2064 2334 2135 ὑπὲρ
2361 2063 2517 2136 ἡμῶν
2546 2063 2739 2134 λύτρον
2769 2063 3023 2129 δέξασθαι
3071 2063 3167 2117 καὶ
3200 2062 3372 2126 ὅντως
3403 2063 3553 2133 ἡμᾶς
3593 2063 3688 2116 λυ-

2103 2154 2261 2225 θῆναι
2290 2155 2389 2225 τῆς
2411 2152 2811 2224 κατακρίσεως.
2834 2152 2927 2224 Μὴ
2955 2151 3065 2223 γὰρ
3096 2151 3309 2219 γένοιτο
3335 2150 3414 2221 τῷ
3434 2152 3698 2222 τυράννῳ.

2100 2249 2164 2303 τὸ
2195 2247 2290 2303 τοῦ
2319 2247 2593 2301 Δεσπότου
2638 2241 2777 2316 αἷμα
2822 2245 3272 2318 προσενεχθῆναι.
3312 2245 3525 2318 Λύτρον
3577 2246 3635 2300 δὲ
3663 2245 3693 2298 6

2101 2340 2338 2411 Χριστὸς
2362 2342 2455 2395 καὶ
2482 2339 2861 2409 ἀντάλλαγμα,
2877 2339 2953 2402 ὡς
2975 2338 3043 2391 τὰ
3062 2338 3217 2409 ἡμῶν
3236 2338 3376 2410 ὑπὲρ
3391 2336 3548 2409 ήμῶν
3562 2341 3692 2393 ἀνα-

2100 2430 2409 2503 δεξάμενος·
2428 2430 2576 2485 ὥσπε
2584 2448 2615 2503 ρ
2635 2431 2729 2486 ὲάν
2749 2449 2830 2495 τις
2847 2430 2989 2503 ὑπὲρ
3000 2428 3093 2483 τοῦ
3118 2431 3468 2502 ὑπευθύνουῆ
3490 2430 3697 2502 αἰχμα-

2101 2523 2273 2577 λώτου
2285 2521 2424 2594 ἐκδῷ
2441 2522 2654 2585 ἑαυτὸν,
2676 2519 2819 2575 ὥστε
2845 2520 3055 2588 παθεῖν,
3071 2520 3107 2575 ἆ
3127 2524 3334 2575 ἐκεῖνον
3348 2519 3455 2576 ἔδει
3472 2522 3668 2576 παθεῖν
3677 2562 3701 2591 ._

2102 2618 2259 2691 Καλὴ
2297 2625 2395 2691 μὲν
2436 2614 2550 2682 οὖν,
2597 2617 2751 2690 φησὶ,
2787 2617 2880 2671 καὶ
2911 2619 3065 2671 πᾶσα
3104 2616 3475 2688 καρποφορία,
3521 2615 3599 2685 ἢν
3626 2611 3691 2667 ἂν

2101 2711 2246 2785 δώσῃ
2274 2727 2358 2776 τις
2387 2710 2465 2782 τῷ
2494 2710 2759 2784 εὐεργέτῃ
2788 2706 3031 2781 Χριστῷ·
3065 2705 3216 2762 οὐδὲν
3242 2707 3300 2761 δὲ
3322 2705 3563 2760 τοιοῦτον
3596 2704 3700 2757 δώ-

2105 2819 2188 2856 σει
2233 2801 2398 2874 μέγα,
2438 2799 2557 2856 οἷον
2578 2801 2769 2856 ἑαυτὸν
2808 2800 2904 2856 τοῦ
2952 2799 3252 2873 μυστηρίου
3292 2797 3547 2852 συνιέντα
3575 2810 3700 2850 του·

422 2884 577 2939 illum
615 2885 727 2954 pati
762 2899 990 2941 necesse
1019 2895 1160 2941 erat.
1201 2887 1526 2957 Quanquam
1564 2895 1767 2951 autem,
1797 2889 1998 2958 inquit,

2116 2893 2257 2951 εέστι
2305 2890 2551 2954 νοοῦντα,
2582 2892 2668 2956 τίς
2695 2895 2729 2963 ή
2763 2892 2863 2961 τῆς
2904 2892 3253 2955 ἀναστάσεως
3293 2890 3465 2955 αἰτία,
3506 2888 3609 2943 καὶ
3647 2886 3702 2940 τί

424 2974 568 3050 bona
602 2975 675 3030 sit
705 2977 893 3037 omnis
916 2978 1146 3043 oblatio,
1174 2993 1337 3048 quam
1368 2979 1642 3049 quispiam
1684 2979 1823 3035 bene
1854 2981 1922 3036 de
1948 2995 2007 3036 se

424 3067 622 3121 merito
658 3067 883 3123 Christo
914 3068 1126 3135 fecerit,
1179 3070 1318 3125 nihil
1369 3082 1552 3127 tamen
1597 3078 1709 3126 tam
1748 3072 2011 3127 eximium

424 3155 656 3231 daturus
684 3164 792 3219 est,
824 3174 990 3230 quam
1023 3160 1069 3215 si
1099 3160 1341 3230 seipsum
1372 3162 1637 3219 obtulerit
1661 3163 1826 3233 hujus
1862 3179 2013 3235 mys-

429 3255 551 3308 terii
604 3255 876 3310 rationem
940 3257 1362 3337 intelligentem,
1416 3260 1475 3335 id
1524 3266 1632 3322 est.
1677 3263 2013 3334 cogitantem

426 3359 549 3415 qua:
577 3343 1024 3403 ResurrectiOnis
1062 3358 1229 3404 causa
1278 3353 1370 3412 sit.
1402 3351 1645 3422 quidque
1677 3354 2008 3410 mortalibus

429 3434 625 3491 aﬂ‘erre
649 3439 847 3507 possit,
880 3451 1112 3509 eamque
1155 3441 1530 3512 cognitionem
1570 3444 1882 3501 actionibus
1917 3445 2013 3500 de-

428 3527 740 3593 claravcrit.
793 3543 858 3583 ac
900 3540 1127 3600 propter
1173 3532 1324 3587 illum
1373 3535 1556 3593 omnia
1604 3533 1782 3590 factus
1827 3536 2010 3604 fuerit,

430 3636 776 3691 quaecunque
803 3624 921 3692 ipse
952 3632 1174 3695 propter
1191 3642 1293 3681 nos
1319 3625 1499 3692 factus
1532 3636 1638 3694 est,
1672 3627 1725 3682 id
1746 3638 1852 3696 est,
1892 3632 2013 3687 sine

431 3713 858 3783 reprehensione
880 3715 1144 3773 incedens
1177 3735 1273 3789 per
1305 3735 1496 3775 omnes
1526 3720 1731 3778 Christi
1745 3731 1935 3780 aetates
1958 3736 2016 3781 et

2108 2987 2331 3051 δύναται
2371 2984 2695 3056 χαρίζεσθαι
2731 2988 2843 3049 τοῖς
2872 2982 3203 3055 ἀνθρώποις,
3243 2982 3339 3036 καὶ
3364 2981 3464 3053 τὴν
3493 2980 3703 3049 γνῶσιν

2107 3077 2315 3149 ταύτην
2350 3076 2637 3131 δεικνύντα
2669 3078 2763 3131 ἐπὶ
2796 3076 2905 3130 τῶν
2934 3075 3189 3148 πράξεων
3210 3116 3226 3138 .
3256 3074 3350 3128 καὶ
3388 3074 3573 3128 πάντα
3612 3089 3706 3142 γε·

2108 3169 2335 3241 νόμενον
2362 3168 2451 3223 διὰ
2474 3168 2733 3241 Χριστὸν,
2762 3169 2864 3222 ὅσα
2890 3169 3097 3231 ἐκεῖνος
3127 3167 3195 3221 δι’
3225 3166 3395 3237 ἡμᾶς,
3422 3164 3707 3219 τουτέστιν

2110 3261 2417 3338 ἀμέμπτως
2443 3261 2695 3314 όδεύοντα
2714 3260 2802 3314 διὰ
2831 3260 3025 3314 πασῶν
3054 3258 3164 3314 τῶν
3180 3257 3427 3338 ςήλικιῶν
3454 3255 3708 3329 Χριστοῦ

2111 3355 2207 3411 καὶ
2224 3354 2531 3424 δυνάμεων,
2560 3352 2920 3425 ἀγνιζόμενον
2939 3350 3345 3423 πνευματικῶς,
3372 3348 3710 3421 περιτεμνό-

2116 3464 2277 3522 μενον
2315 3449 2416 3519 τὴν
2454 3450 2511 3501 ὲν
2559 3446 2762 3519 καρδίᾳ
2808 3443 3113 3517 περιτομὴν
3156 3442 3479 3495 διδάσκοντα
3523 3441 3592 3492 ὲν
3630 3438 3714 3509 τῷ

2116 3542 2271 3616 ἱερῷ,
2321 3542 2447 3605 τοὺς
2477 3538 2849 3609 θεοκαπήλους
2890 3534 3188 3589 ἐλαύνοντα
3220 3532 3602 3603 λιθαζόμενον,
3644 3529 3715 3583 τὰ

2114 3634 2250 3691 ἀλλα
2275 3631 2537 3687 ποιοῦντα
2556 3631 2590 3701 ἢ
2623 3630 2925 3700 πάσχοντα,
2950 3629 3051 3683 ὅσα
3071 3627 3168 3680 καὶ
3189 3625 3353 3690 αὑτὸς
3382 3623 3521 3696 ὑπὲρ
3547 3625 3585 3694 ἡ
3594 3622 3717 3694 μῶν

2116 3722 2373 3796 ἐποίησεν
2401 3721 2435 3795 ἢ
2464 3719 2683 3785 ἔπαθεν,
2721 3721 2854 3791 ἡμῖν
2892 3714 3284 3787 ὑπολιμπάνων
3314 3711 3713 3781 ὑπογραμμὸν.

433 3811 727 3880 potentias,
757 3813 1119 3883 spiritualiter
1142 3816 1483 3887 puriﬁcatus,
1516 3820 1683 3890 corde
1712 3821 2096 3887 circumcisus,
2147 3824 2210 3885 in
2265 3820 2474 3890 templo.
2525 3817 2767 3883 docens,
2836 3813 3235 3868 nundinatores
3310 3808 3567 3877 eiiciens,
3641 3807 3721 3857 la-

433 3902 671 3972 pidatus,
705 3904 921 3975 aliaque
952 3908 1155 3972 omnia,
1185 3910 1383 3979 partim
1417 3913 1644 3980 faciens,
1686 3915 1883 3984 partim
1924 3917 2155 3984 patiens,
2204 3927 2328 3985 quae
2356 3912 2475 3983 ipse
2505 3916 2696 3965 nostra
2749 3920 2941 3970 causa,
3006 3903 3096 3959 vel
3162 3894 3312 3967 fecit,
3352 3897 3441 3952 vel
3505 3905 3722 3967 passus

434 4004 540 4058 est,
565 3998 726 4054 nobis
752 4001 1063 4073 exemplum
1106 4003 1451 4077 relinquens,

505 4092 583 4144 Ac
610 4090 752 4157 nobis
781 4091 1012 4168 quidem,
1036 4103 1094 4147 ut
1119 4098 1353 4167 cernitis,
1377 4106 1562 4168 pastor
1582 4099 1664 4153 hic
1690 4098 1882 4163 bonas,
1907 4107 2016 4156 etc.

436 4183 735 4247 Auditores
765 4184 839 4253 ad.
857 4184 1073 4242 fructus
1098 4185 1210 4242 Deo
1234 4187 1542 4246 oiferendos
1568 4190 1819 4247 excitans
1839 4189 2018 4261 ’Ijheo-

440 4275 635 4357 legus,
660 4275 763 4330 hoc
793 4275 1106 4352 iaciendum
1134 4292 1258 4335 esse
1303 4281 1520 4350 probat,
1558 4288 1673 4336 tum
1707 4297 1738 4336 a
1787 4298 2018 4353 persona

440 4364 681 4450 Christi,
725 4382 851 4435 cum
889 4368 1029 4443 dixit
1074 4384 1199 4424 eum
1262 4386 1360 4441 pro
1409 4372 1804 4451 redemptionis
1846 4374 2021 4443 pretio

442 4455 687 4528 seipsum
729 4459 890 4514 nobis
927 4459 1165 4526 dedisse,
1194 4470 1314 4530 tum
1343 4476 1493 4521 nunc
1531 4455 1698 4519 etiam
1729 4479 1759 4518 a
1786 4480 2023 4535 persona

442 4548 648 4623 Patris,
678 4549 1205 4630 addens,Quouiam
1241 4553 1329 4607 hic
1357 4569 1577 4625 quoque
1606 4560 1880 4626 pastorem
1912 4557 2027 4623 sive

412 4670 417 4679 ι
444 4641 765 4719 cpiscOpum
797 4656 883 4714 me
902 4631 1205 4713 dispensat.
1236 4640 1527 4717 Presbyter
1546 4646 1750 4715 etenim
1772 4647 1883 4716 jam
1905 4662 2027 4721 sum

414 4738 616 4800 satque
648 4729 754 4786 hoc
793 4740 970 4804 pater,
1011 4746 1120 4795 non
1162 4740 1367 4804 sperat,
1411 4735 1508 4791 sed
1554 4735 1738 4791 videt:
1785 4736 2026 4806 nondum

451 4830 634 4877 autem
673 4835 795 4876 sum
824 4824 1140 4902 episcopus,
1171 4817 1266 4880 sed
1298 4842 1385 4887 me
1414 4835 1537 4897 post
1586 4838 1817 4905 mortem
1869 4843 2027 4902 suam

454 4908 703 4969 futurum
737 4922 924 4982 Sperat
946 4921 1125 4984 pater,
1157 4923 1445 4986 aptatque,
1471 4927 1535 4989 ut~
1559 4918 1878 4989 hujusutodi
1909 4933 2030 4990 mu-

454 5016 588 5057 nere
609 5001 813 5070 dignus
852 5005 979 5069 sim,
1018 5013 1080 5058 ut
1120 5019 1229 5059 non
1261 5007 1636 5068 mercenarius
1679 5009 1808 5071 sim,
1853 5020 2032 5078 neque

456 5092 573 5156 iur,
610 5092 705 5150 sed
759 5102 993 5164 pastor:
1027 5102 1193 5165 atque
1237 5110 1268 5150 a
1310 5097 1491 5161 vobis,
1523 5082 1616 5168 qui
1651 5099 1720 5154 ab
1751 5114 1819 5154 eo
1851 5100 2034 5170 pasci-

459 5187 616 5252 mini,
647 5187 803 5256 petit,
837 5197 898 5242 ut
931 5202 1018 5243 me
1059 5202 1186 5243 cum
1233 5204 1265 5242 a
1308 5191 1417 5245 vita
1445 5191 1715 5262 migrarit,
1756 5199 2031 5262 pastorem

463 5279 769 5349 accipiatis,
801 5280 1171 5351 morigerique
1212 5282 1379 5335 animi
1412 5274 1686 5353 specimen
1725 5285 2033 5354 praebeatis.

418 5378 431 5407 ε
464 5368 708 5441 Equum
741 5378 828 5428 est
873 5378 1079 5438 autem,
1132 5380 1192 5427 ut
1226 5386 1467 5444 paterna:
1520 5376 1771 5446 petitioni
1804 5376 2034 5431 cedatis.

468 5457 662 5517 Pastor
689 5462 893 5517 etenim
920 5462 1098 5519 bonus
1130 5471 1216 5519 est
1248 5464 1417 5536 (quod
1446 5464 1515 5522 de
1569 5467 1755 5536 Seipso
1785 5464 2040 5520 Christus

476 5553 812 5625 praedicavit)
837 5555 1191 5628 animamque
1225 5572 1378 5615 suam
1403 5570 1503 5630 pro
1535 5556 1696 5615 nobis
1719 5559 1914 5617 ovibus
1943 5574 2041 5630 po-

554 5699 598 5730 “
619 5695 779 5753 Joau.
805 5710 908 5762 xu,
942 5693 1035 5750 52.

2194 4096 2330 4167 Ibid.
2360 4094 2407 4151 B.
2436 4094 2487 4148 l.
2524 4088 2902 4165 καρποφορεῖ
2926 4128 2942 4143 .
2974 4126 2989 4140 .
3021 4128 3038 4144 .
3084 4085 3445 4155 πνεύιωτος.
3495 4082 3716 4150 Διεγεί·

2128 4207 2236 4269 ρων
2262 4188 2391 4252 τοὺς
2417 4171 2719 4249 ἀκούοντας
2757 4185 2839 4246 είς
2870 4181 2934 4234 τὸ
2963 4178 3334 4269 καρποφορεῖν
3366 4176 3402 4269 δ
3421 4172 3722 4269 Geel-£70.32

2053 4315 2097 4371 υ
2125 4260 2527 4347 κατασκευάζει
2560 4277 2623 4331 τὸ
2663 4276 2777 4329 δεῖν
2817 4272 2977 4327 τοῦτο
3016 4266 3416 4371 veneﬁcium!
3462 4264 3579 4371 ἀπὸ
3621 4260 3722 4371 τοῦ

2125 4371 2387 4443 Χριστοῦ,
2428 4367 2729 4439 εἰπὼνιὸτι,
2758 4364 3011 4426 κάκεῖνος
3043 4359 3241 4431 λύτρον
3266 4357 3469 4411 ἔδωκεν
3513 4358 3723 4411 ἑαυτὸν

2120 4464 2259 4535 ὑπὲρ
2285 4461 2465 4533 ἡμῶν.
2494 4456 2914 4519 Κατασκευάζει
2951 4453 3008 4508 δὲ
3050 4453 3148 4507 νῦν
3180 4450 3273 4512 καὶ
3301 4449 3408 4504 ἀπὸ
3445 4447 3545 4502 τοῦ
3584 4449 3723 4503 ἰδίου

2122 4556 2364 4630 ῌατρὸςι
2384 4551 2675 4625 προσθεὶς,
2700 4550 2783 4602 ὅτι
2818 4547 2914 4601 καὶ
2949 4539 3108 4608 οὗτος
3139 4543 3241 4615 ἐμὲ
3276 4540 3405 4613 ὑμῖν
3446 4540 3720 4613 ποιμένα,

2123 4648 2300 4701 εῐτουν
2320 4646 2640 4706 ἐπίσκοπον,
2675 4640 3176 4713 προμνηστεύεται.
3198 4631 3590 4704 Πρεσϐύτερος
3611 4633 3728 4703 γὰρ

2126 4740 2229 4811 ἠδη
2256 4737 2372 4809 εἰμί
2396 4732 2421 4788 ³.
2441 4737 2535 4790 καὶ
2567 4733 2724 4806 τοῦτο
2749 4734 2779 4785 ὁ
2808 4728 2998 4800 Πατὴρ
3019 4728 3120 4782 οὐκ
3159 4724 3390 4790 ἐλπίζει,
3425 4722 3568 4778 ἀλλὰ
3600 4722 3727 4793 βλέ-

2125 4848 2244 4886 πει⁹
2277 4827 2517 4898 οὑτω),δέ
2545 4829 2661 4895 εἰμι
2692 4824 3009 4887 ἐπίσκοπος,
3066 4816 3207 4874 ἀλλά
3240 4816 3402 4870 τοῦτο
3452 4816 3482 4868 ὁ
3518 4815 3727 4885 Πατήρ

2129 4907 2340 4985 ἐλπίζει
2379 4914 2633 4985 γενέσθαι
2688 4931 2757 4984 με
2793 4910 2931 4983 μετά
2973 4909 3065 4963 τὸν
3100 4906 3267 4962 αὑτοῦ
3302 4905 3571 4968 θάνατον,
3630 4904 3732 4958 καὶ

2130 5006 2369 5084 εὔχεται,
2403 5006 2554 5073 ἄξιόν
2589 5022 2657 5081 με
2692 5003 2947 5074 γενέσθαι
2983 5001 3079 5056 τοῦ
3132 4999 3477 5073 πράγματος,
3524 4995 3612 5058 ὡς
3653 4996 3731 5066 μὴ

2135 5102 2405 5176 μισθωτὸν
2439 5094 2600 5164 εἶναι,
2647 5097 2781 5169 μηδὲ
2811 5094 3054 5166 κλέπτην
3105 5091 3242 5146 ἀλλά
3284 5087 3544 5159 ποιμένα.
3613 5089 3734 5141 Καὶ

2135 5196 2265 5268 παρ’
2293 5195 2449 5266 ὑμῶν
2487 5193 2630 5247 αἰτεῖ
2654 5189 2763 5245 τῶν
2809 5187 2903 5241 ὑπ’
2933 5184 3101 5240 αὑτοῦ
3135 5178 3606 5268 ποιμαινομένων,
3638 5180 3734 5232 ἵνα

2137 5266 2352 5360 μείμετ’
2393 5284 2555 5339 αὑτὸν
2595 5283 2690 5337 τὸν
2717 5279 3072 5348 ποιμαίνοντα
3104 5272 3328 5345 δέξησθε
3364 5273 3457 5326 καὶ
3491 5266 3602 5341 τὴν
3634 5272 3734 5325 εὑ-

2136 5378 2379 5433 πείθειαν
2405 5372 2766 5443 ὲπιδείξησθε.
2785 5370 2996 5422 Δίκαιοι
3015 5366 3058 5421 δ’
3091 5362 3158 5419 ἂν
3180 5366 3349 5435 εἴητε,
3373 5361 3625 5418 αἰτοῦντι
3648 5362 3733 5434 τῷ

2136 5469 2305 5539 πατρὶ
2328 5463 2628 5521 πείθεσθαι.
2658 5459 2870 5532 Ποιμὴν
2890 5458 3002 5530 γάρ
3034 5460 3151 5510 εστι
3178 5454 3345 5517 καλὸς
3380 5452 3429 5517 (δ
3458 5455 3597 5524 περὶ
3626 5456 3731 5506 αὺ-

2137 5559 2234 5633 τοῦ
2270 5562 2299 5615 ὁ
2327 5557 2517 5628 Σωτὴρ
2542 5550 2710 5623 εἷπε),
2739 5552 2832 5608 καὶ
2865 5551 2963 5622 την
2993 5547 3170 5620 ψυχὴν
3196 5543 3365 5601 αὑτοῦ
3393 5543 3534 5616 ὑπὲρ
3561 5545 3729 5614 ὑμῶν
