3856 6222
252 327 355 381 901

1435 335 1525 388 AD
1564 335 1623 388 S.
1665 324 1997 392 CREGORII
2039 332 2248 391 ORAT.
2289 332 2329 387 1.

3411 345 3520 404 962

249 444 365 498 τῶν
391 445 680 516 προὸάτων
713 443 916 519 τίθησι.
960 429 1159 506 Δίδωσι
1183 433 1239 506 δέ
1267 453 1362 505 καὶ
1388 432 1582 506 ἐαυτὸν
1618 452 1840 507 διπλοῦν

1948 449 2045 504 nit.
2079 447 2220 519 Quin
2252 458 2306 503 et
2352 464 2451 519 pro
2483 448 2719 517 simplici
2767 450 3039 522 duplicem
3072 456 3226 512 vobis
3274 459 3513 529 seipsum

250 537 388 607 ὑμῖν
418 536 534 590 ἀνθ’
562 538 755 594 ἁπλοῦ.
780 542 946 613 Κάμέ
981 541 1091 615 γὰρ
1116 545 1197 607 εἰς
1226 542 1324 614 τὴν
1348 544 1686 614 προστασίαν
1717 543 1837 615 μεθ’

250 626 455 679 ἑαυτοῦ
481 625 639 692 ἔταξε
667 644 680 657 ·
711 629 867 697 κάγὼ
893 630 1089 702 διπλῆν
1116 633 1265 704 αὐτῷ
1298 633 1477 704 μέλλω
1498 633 1686 706 χρείαν
1712 633 1841 704 πλη·

257 716 411 788 ροῦν.
443 718 539 770 καὶ
589 718 682 772 τοῦ
726 722 916 793 γήρως
958 721 1231 794 βακτηρία
1262 723 1551 794 γενόμενος
1603 725 1698 777 καὶ
1745 723 1839 776 τοῦ

252 808 592 876 πνεύματος.
629 810 1012 883 ’Υποστηρίζω
1039 831 1098 869 τε
1124 815 1232 887 γὰρ
1258 815 1349 868 τὸν
1382 808 1598 886 πατέρα
1625 818 1838 885 κεξιμη-

253 898 393 951 κάτα
422 898 502 970 τῷ
531 896 728 972 χρόνῳ,
763 903 858 956 καὶ
885 903 985 968 τὰς
1019 907 1397 975 πνευματικὰς
1434 905 1584 976 αὐτῷ
1625 906 1719 961 καὶ
1750 907 1840 960 ὲκ-

252 989 653 1060 κλησιαστικάς
682 994 1079 1063 συνεισενέγκω
1108 995 1417 1066 φροντίδας.

331 1080 450 1135 Col.
492 1082 599 1137 400
631 1082 673 1136 Β
699 1083 754 1138 6.
787 1085 897 1139 Καὶ
931 1089 1293 1155 προστίθησι
1323 1129 1336 1142 .
1371 1129 1385 1144 .
1421 1130 1436 1144 .
1482 1088 1676 1154 ἄξιον.
1723 1091 1840 1148 Καὶ

250 1166 371 1232 δύο,
399 1170 551 1241 φησὶ,
582 1171 744 1233 ναοὺς
771 1171 898 1242 ὑμῖν
931 1174 959 1227 6
1001 1175 1184 1245 πατὴρ
1217 1175 1528 1248 ἐχαρίσατο.
1569 1178 1706 1233 Ἕνα
1741 1178 1839 1250 μὲν

253 1259 489 1330 ἄψυχον,
514 1260 573 1313 ὃν
611 1262 670 1314 ἐν
701 1261 986 1334 Ναζιανζῷ
1032 1264 1331 1338 φιλοτίμως
1370 1268 1652 1342 ἀνήγειρε,
1685 1287 1837 1342 περιο

254 1352 433 1423 καλλῆ
471 1370 591 1407 τινα
631 1356 723 1408 καὶ
767 1356 1040 1427 οὐράνιον.
1069 1358 1333 1430 Οὐράνιον
1375 1360 1432 1414 δὲ
1462 1357 1613 1415 εἶπεν
1655 1362 1837 1426 αὐτὸν,

254 1447 401 1516 τάχα
436 1445 536 1516 μὲν
565 1446 653 1499 διὰ
681 1448 742 1501 τὸ
771 1446 924 1518 ὕψος.
965 1450 1105 1520 τάχα
1132 1450 1189 1504 δὲ
1239 1451 1330 1506 διὰ
1354 1454 1415 1507 τὸ
1449 1454 1840 1526 ἡμισφαιρικὺν

263 1539 454 1606 σχῆμα
493 1536 591 1608 τῆς
623 1538 828 1608 ὀροφῆς
851 1579 867 1602 ,
903 1539 1033 1603 ἴσως
1076 1541 1135 1594 δὲ
1162 1543 1259 1595 καὶ
1302 1543 1391 1597 διὰ
1420 1545 1481 1597 τὸ
1524 1546 1613 1597 τὸν
1663 1545 1841 1600 πάντα

253 1628 387 1679 ναὸν
412 1625 579 1681 τύπον
601 1628 906 1694 ἀποσώζειν
931 1630 1024 1683 τοῦ
1054 1632 1113 1684 οὐ
1125 1632 1283 1703 ρανοῦ
1318 1629 1334 1664 ³
1375 1636 1562 1706 ἕτερον
1583 1636 1639 1689 δὲ
1666 1636 1840 1707 ἔμψυ-

255 1735 374 1788 χον.
410 1716 632 1771 Ἑαυτδν
664 1720 719 1773 δὲ
747 1720 889 1775 οὕτω
917 1721 1066 1791 λέγει
1095 1725 1123 1777 6
1143 1722 1401 1792 Θεολόγος
1434 1729 1575 1780 κατὲι
1615 1728 1678 1781 τὸ
1708 1728 1842 1781 ἀπο-

1939 540 2099 597 oﬁ'ert
2132 558 2145 594 :
2181 554 2305 594 nam
2336 555 2422 595 me
2443 556 2662 611 quoque
2691 541 2756 595 ad
2786 560 2884 599 vos
2909 546 3177 615 regendos
3198 550 3405 605 socium
3429 567 3536 608 as-~

1939 632 2104 689 ciscit
2140 651 2154 687 :
2186 640 2351 702 atque
2399 633 2517 702 ipse
2547 649 2647 703 ego
2676 633 2948 704 duplicem
2990 654 3148 695 usum
3179 649 3346 712 atque
3387 659 3517 715 ope-

1939 737 2056 778 ram
2077 721 2154 777 illi
2173 721 2470 797 praestabo.
2490 723 2752 778 nimirum
2788 733 2843 785 et
2876 729 3178 785 senectutis
3207 731 3515 788 subsidium

1939 813 2142 875 Ia‘ctus,
2187 824 2242 868 et
2275 813 2523 883 spiritus.
2565 813 2700 867 Nam
2738 824 2794 871 et
2829 825 3036 887 patrem
3080 828 3360 878 senectute
3404 824 3518 879 fra-

1939 911 2087 959 ctum
2116 912 2172 958 et
2205 904 2517 959 confectum
2553 904 2796 973 l'ulciam,
2815 916 2870 962 et
2896 910 3211 979 spirituales
3235 920 3398 984 atque
3417 932 3516 972 ec-

1938 993 2276 1051 clesiasticas
2306 1011 2469 1050 curas
2502 1011 2627 1051 cum
2658 996 2780 1069 ipso
2811 1002 3118 1059 sustinebo.

1950 1089 1978 1170 ξ·
2020 1076 2188 1145 Atque
2201 1080 2492 1135 inanimato
2510 1086 2700 1151 templo
2717 1090 3031 1156 nuntiatum,
3056 1095 3522 1170 ctc.Duotcmpl.i,

1948 1160 2147 1237 inquit,
2168 1178 2320 1238 pater
2338 1172 2491 1227 vobis
2507 1175 2649 1229 dono
2665 1178 2835 1245 dedit,
2854 1182 3083 1238 alterum
3102 1186 3320 1254 quidem
3342 1160 3522 1244 inani;

1947 1272 2035 1312 me
2061 1259 2206 1328 quod
2239 1258 2496 1316 Nazianzi
2538 1268 2822 1338 magniﬁce
2859 1276 3166 1338 exstruxit,
3202 1278 3520 1349 perelegans

1943 1347 2215 1418 quoddam
2243 1360 2299 1404 et
2316 1353 2557 1409 sceleste.
2576 1356 2814 1414 Cteleste
2839 1369 3023 1416 autem
3050 1363 3225 1433 ipsum
3242 1347 3404 1430 dixit,
3428 1370 3514 1424 vel

1941 1448 2164 1509 propter
2176 1441 2629 1506 altitudinem,vel
2648 1459 2871 1519 propter
2891 1454 3023 1508 scmi
3037 1454 3242 1508 circula
3252 1471 3361 1510 rem
3382 1459 3510 1513 tecti

1942 1532 2190 1603 ﬁguram,
2210 1535 2473 1589 velctiam
2504 1536 2736 1594 fortasse
2756 1542 2883 1611 quia
2915 1544 3173 1613 templum
3206 1561 3369 1603 omne
3385 1549 3512 1605 cmli

1939 1623 2162 1694 ﬁguram
2187 1637 2386 1692 servat,
2405 1628 2634 1683 alterum
2656 1640 2836 1685 autem
2869 1634 3190 1697 animatum.
3227 1639 3307 1693 sic
3329 1647 3510 1694 autem

1936 1717 2177 1784 seipsum
2196 1718 2451 1789 appellat,
2475 1722 2774 1775 secundum
2796 1723 2927 1775 illud
2951 1724 3225 1794 Apostoli:
3250 1727 3509 1794 Nescitis,

258 1811 537 1865 στολικόν·
585 1814 706 1868 Οὐκ
739 1815 959 1895 οἴδατε,
1002 1816 1092 1870 ὅτι
1130 1818 1278 1883 ναὸς
1315 1819 1464 1873 Θεοῦ
1506 1821 1684 1886 ἐστε;
1726 1823 1839 1876 Καὶ

1948 1814 2074 1880 quod
2110 1812 2356 1879 templum
2386 1811 2482 1865 Dei
2496 1812 2717 1865 estis"?
2748 1814 2824 1865 Ac
2859 1813 3071 1884 cogitur
3102 1814 3344 1889 quidem,
3378 1827 3433 1870 ut
3463 1817 3517 1870 in

255 1902 629 1972 ἀναγκάζεται
672 1907 786 1975 μὲν.
835 1907 914 1973 ὼς
956 1910 1014 1962 ἐν
1055 1910 1375 1980 συγκρίσει,
1423 1914 1599 1966 εἰπεῖν
1648 1912 1840 1967 ἑαυτὸν

256 1996 442 2066 πολλῷ
493 1994 720 2067 μείζονα
773 1999 867 2052 καὶ
914 1999 1246 2074 ὑψηλότερον
1292 2002 1385 2056 τοῦ
1437 2002 1646 2075 ἀψύχου
1677 2003 1837 2058 ναοῦο

255 2088 382 2141 ἐπεὶ
416 2088 472 2141 δὲ
508 2088 767 2159 φορτικόν
810 2086 928 2145 ἐστι
957 2091 1019 2144 τὸ
1065 2078 1258 2145 ἐαυτὸν
1300 2095 1562 2159 ἐπαινεῖν,
1604 2095 1841 2150 ἐκκλίνει

252 2181 359 2249 τὴν
390 2178 860 2251 περιαυτολογίαν,
901 2183 996 2235 καὶ
1022 2183 1202 2253 μέσως
1224 2201 1340 2250 πως
1366 2184 1531 2255 λέγει,
1559 2187 1640 2240 ὅτι
1670 2194 1836 2257 προσ-

252 2271 438 2342 τίθησι
475 2270 553 2341 τῷ
599 2272 791 2343 ἀψύχῳ
829 2272 950 2344 μὲν,
1011 2276 1330 2346 περικαλλεῖ
1361 2277 1418 2330 δὲ
1456 2277 1589 2348 ναῷ,
1624 2279 1725 2346 ἐμὲ
1752 2279 1842 2332 τὸν

250 2360 538 2415 amtor/05v
586 2362 680 2418 καὶ
718 2363 927 2434 ἡλίκον,
980 2365 1258 2421 τουτέστιν
1299 2363 1409 2422 οἷον
1453 2369 1519 2423 ἂν
1575 2371 1670 2423 καὶ
1718 2370 1843 2423 ὅσον

252 2450 434 2523 κρίνοι
457 2471 560 2518 τις.
581 2453 729 2526 Πλὴν
759 2457 941 2521 ὁποῖος
965 2455 1031 2511 ἂν
1060 2459 1156 2512 καὶ
1184 2458 1319 2531 εἵην,
1349 2458 1427 2529 τῷ
1459 2461 1627 2531 πατρὶ
1652 2460 1818 2530 τιμιὼ

255 2559 426 2625 τατος
459 2545 664 2615 σφόδρα
697 2547 834 2616 είμί.
868 2548 1119 2603 Τοιοῦτον
1138 2546 1231 2604 οὖν
1254 2568 1320 2621 με
1347 2551 1477 2625 παρ’
1511 2550 1661 2621 αὐτῷ
1692 2552 1840 2613 ὄντα,

251 2634 388 2704 ὑμῖν
416 2636 729 2691 ἐπιδέδωκε.
764 2638 873 2691 Καὶ
896 2639 997 2692 οὐκ
1026 2640 1400 2705 ἔστιν-εἰπεῖν,
1427 2642 1509 2694 ὅτι
1538 2644 1619 2704 είς
1656 2642 1756 2714 μὲν
1783 2643 1844 2695 τὸ

252 2727 537 2796 ἀνεγεῖραι
570 2727 662 2781 τὸν
690 2727 897 2800 ἄψυχον
925 2730 1055 2784 ναὸν
1082 2730 1277 2785 πολλοῦ
1317 2732 1483 2785 πόνου
1515 2733 1611 2785 καὶ
1634 2732 1845 2786 ἀναλω-

257 2817 446 2887 μάτων
474 2818 663 2889 ἐδέησε
691 2819 767 2890 τῷ
796 2822 985 2892 πατρὶ,
1014 2825 1094 2886 εἰς
1120 2822 1221 2894 ἐμὲ
1243 2823 1300 2877 δὲ
1325 2823 1464 2897 οὐχί·
1491 2823 1706 2887 πολλοῖς
1735 2823 1844 2895 γὰρ

252 2906 414 2976 κάγὼ
460 2909 643 2980 ἱδρῶσι
678 2910 776 2964 καὶ
817 2911 1019 2976 πόνοις,
1051 2916 1163 2978 τοῖς
1213 2913 1319 2969 τῶν
1375 2914 1738 2985 μαθημάτων,
1769 2913 1838 2967 δι’

248 2999 545 3069 ἀσκήσεως
570 3001 809 3069 τοιοῦτος
856 3003 1262 3074 συνετελέσθην.
1318 3004 1473 3063 Ἐπεὶ
1501 3005 1556 3057 δὲ
1586 3004 1845 3068 πολλάκις

256 3088 384 3143 τινὰ
416 3089 528 3143 τῶν
567 3092 911 3163 ⁴πραγμάτων
949 3095 1050 3148 οὐκ
1081 3093 1206 3160 ἄξια
1237 3095 1346 3148 τῶν
1394 3097 1574 3150 πόνων
1613 3096 1846 3150 ἀποϐαί-

254 3199 466 3246 νουσιν,
490 3185 519 3236 6
546 3183 806 3252 Θεολόγος
837 3184 1000 3256 μέσος
1021 3186 1234 3257 χωρῶν,
1257 3185 1642 3258 οὔτεοιρύπτει
1662 3187 1840 3251 τοῦτο,

251 3274 341 3327 ὅτι
364 3274 515 3339 ἄξιος
553 3274 736 3345 ἀπέὗη
769 3276 876 3328 τῶν
898 3276 1099 3341 πόνων,
1126 3276 1249 3330 οὔτε
1276 3279 1438 3331 πάλιν
1471 3277 1842 3333 ἁπαυθαδειά·

254 3364 431 3429 ζεται,
472 3365 587 3419 ἀλλ’
619 3365 910 3438 ἐπεύχεται
951 3367 1110 3438 μόνον
1131 3376 1145 3398 ⁸
1191 3367 1278 3439 εἴη
1308 3368 1366 3421 δὲ
1396 3370 1594 3435 είπεῖν,
1633 3370 1715 3424 ὅτι
1750 3370 1843 3425 καὶ

254 3456 367 3511 τῶν
403 3456 581 3510 πόνων
605 3456 777 3521 ἄξιον.

1942 1904 2546 1972 comparatione,multo
2558 1904 2818 1972 majorem
2830 1905 3261 1960 etsublimiorem
3279 1908 3518 1979 seipsum
3541 1957 3545 1961 _

1943 1993 2244 2048 inanimato
2269 1995 2475 2064 templo
2510 1997 2714 2051 dicere.
2746 1995 2939 2051 Verum
2967 1999 3225 2066 quoniam
3248 2015 3411 2070 grave
3438 2008 3524 2054 est

1942 2085 2271 2156 invidiaeque
2331 2084 2550 2156 plenum
2599 2091 2849 2158 praprias
2879 2088 3069 2143 Iaudes
3101 2089 3418 2159 praedicare,
3454 2090 3523 2144 ad

1941 2174 2222 2229 vitandam
2264 2176 2648 2232 ostentationis
2680 2178 2914 2247 speciem
2947 2178 3126 2233 medio
3150 2179 3387 2249 quodam
3407 2194 3525 2233 mo-

1942 2266 2013 2319 do
2054 2267 2130 2319 ait
2165 2285 2179 2319 :
2212 2266 2442 2321 Inanimi
2479 2268 2697 2338 quidem
2731 2270 2875 2331 lmic,
2913 2278 3172 2324 caeterum
3209 2274 3524 2343 peregregio

1944 2360 2149 2425 templo
2208 2356 2459 2430 adiungit
2517 2375 2623 2423 iiie,
2687 2362 3131 2432 qualemcunque
3186 2364 3404 2419 tandem
3468 2372 3525 2416 et

1943 2452 2507 2522 quantulumcunque,
2538 2452 2589 2506 id
2618 2460 2723 2516 est,
2757 2454 2974 2523 qualem
3003 2463 3056 2508 et
3078 2460 3345 2523 quantum
3370 2453 3523 2521 judi-

1944 2541 2224 2597 caveritis.
2286 2535 2489 2598 Verum
2541 2542 2941 2614 qualiscunque
2991 2545 3118 2607 sim,
3158 2545 3300 2619 patri
3344 2558 3525 2600 tamen

1947 2650 2065 2688 sum
2093 2634 2480 2697 charissimus,
2520 2644 2572 2689 et
2596 2634 3187 2690 commendatisdmus.
3221 2632 3408 2690 Talem
3439 2652 3527 2691 me

1948 2726 2115 2796 igitur
2140 2736 2295 2797 pater
2333 2727 2582 2797 tantique
2607 2726 2749 2797 apud
2779 2743 2839 2783 se
2867 2728 3048 2798 pretii,
3074 2729 3227 2783 vobis
3252 2730 3520 2799 porrexit.

1944 2816 2055 2872 Nec
2083 2831 2211 2871 vero
2237 2818 2341 2872 hoc
2368 2817 2475 2872 dici
2509 2819 2701 2888 possit,
2739 2817 2805 2872 ad
2834 2817 3151 2888 erigendum
3190 2819 3406 2889 quidem
3444 2819 3530 2874 in-

1947 2910 2246 2965 animatnm
2291 2911 2553 2981 templum
2590 2911 2764 2964 multo
2814 2910 3000 2967 labore
3049 2910 3345 2981 multisque
3378 2926 3530 2969 sum-

1950 3003 2135 3075 ptibus
2173 3018 2314 3073 Opus
2365 3002 2537 3057 fuisse
2587 3004 2766 3071 patri;
2795 3002 2859 3055 ad
2896 3016 2983 3058 me
3010 3010 3190 3057 autem
3225 3018 3332 3056 non
3373 3002 3553 3058 item-

1953 3095 2136 3150 Multis
2160 3095 2305 3151 enim
2330 3094 2448 3165 ipse
2476 3109 2698 3165 quoque
2720 3093 3036 3161 sudoribus,
3068 3101 3179 3148 tum
3212 3093 3532 3166 disciplina-

1950 3202 2094 3249 rum,
2129 3194 2247 3239 tum
2308 3186 2410 3254 piae
2445 3184 2883 3250 exercitationis,
2935 3185 3060 3239 talis
3105 3184 3334 3242 eﬁ'ectus
3382 3201 3527 3242 sum.

1947 3277 2217 3345 Quoniam
2249 3283 2429 3331 autem
2457 3277 2779 3347 plerumque
2809 3276 3028 3341 accidit,
3062 3286 3119 3331 ut
3153 3278 3398 3346 quaedam
3432 3294 3531 3333 nec

1946 3383 2219 3439 quaquam
2240 3383 2337 3438 pro
2364 3368 2609 3421 laborum
2627 3368 2836 3422 ratione
2862 3371 3184 3431 succedant,
3211 3368 3531 3441 Theologns

1950 3459 2190 3514 medium
2212 3449 2329 3512 iter
2358 3465 2575 3524 tenens,
2609 3472 2710 3513 nec
2745 3457 2851 3514 hoc
2890 3458 3109 3521 reticet,
3140 3458 3287 3528 quod
3325 3460 3534 3515 labori-

256 3554 364 3607 bus
406 3568 434 3604 a
468 3561 623 3622 patre
667 3553 948 3624 susceptis
979 3556 1346 3625 responderit,
1385 3571 1487 3611 nec
1530 3572 1730 3613 rursus
1758 3557 1864 3611 hoc
1901 3561 2225 3623 arroganter
2247 3551 2501 3618 aﬁirmat,
2541 3566 2730 3607 verum
2766 3566 2880 3607 rem
2913 3553 3094 3622 potius
3142 3552 3365 3626 optandi
3420 3552 3534 3611 for-

256 3658 345 3696 ma
378 3645 654 3714 exprimit.
694 3644 871 3714 Atque
908 3642 1117 3699 utinam
1156 3647 1435 3703 laboribus
1466 3664 1688 3718 quoque
1723 3648 1946 3720 dignum
1984 3644 2183 3699 addere
2220 3643 2401 3696 liccat.

331 3735 469 3791 Ibid.
512 3737 599 3790 il.
638 3738 747 3791 Kal.
781 3780 794 3793 .
829 3781 842 3794 .
871 3774 886 3792 .
929 3742 1408 3810 μεγαλοψυχίας.
1459 3744 1581 3796 Ἔτι
1617 3744 1840 3815 ἐμφιλο-

256 3828 427 3896 χωρεί
455 3829 483 3879 ὁ
509 3826 770 3896 Θεολόγος
801 3827 878 3896 τῷ
907 3828 1052 3900 λόγῳ
1086 3830 1164 3899 τῷ
1195 3831 1322 3902 περὶ
1352 3834 1451 3904 τῆς
1494 3835 1590 3889 τοῦ
1635 3836 1842 3907 πατρὸς

254 3917 552 3982 ἐπιδόσεως
578 3934 591 3947 ·
627 3919 721 3972 καὶ
751 3918 944 3982 εἰπὼν,
974 3920 1057 3972 ὅτι
1097 3921 1283 3975 Πάντα
1317 3924 1675 3996 προστίθησιν
1714 3926 1843 3994 ὑμῖν

257 4010 329 4062 τὰ
372 4009 602 4075 ἑαυτοῦ,
662 4012 793 4083 πρὶν
827 4010 1021 4066 ’ταῦτα
1077 4014 1597 4086 ἀπαριθμήσασθαι,
1643 4015 1846 4085 μεταξὺ

256 4101 543 4172 ἐθαύμασε
581 4104 677 4156 καὶ
719 4103 1123 4173 ἀνεφθέγξατο,
1172 4107 1234 4156 Ὢ
1270 4106 1370 4175 τῆς
1406 4106 1843 4176 μεγαλοψυχίαςί

258 4195 360 4264 τῆς
390 4194 525 4263 πρὸς
552 4193 652 4265 τὴν
679 4196 1057 4266 καρωφορίαν
1076 4185 1274 4268 δηλαδὴ
1302 4197 1626 4268 ἁπλότητος.
1652 4200 1715 4251 Ol
1748 4197 1847 4268 μὲν

261 4288 371 4357 γὰρ
404 4286 510 4351 ἔξω
551 4286 706 4355 σοφοὶ
742 4285 1148 4357 μεγαλοψυχίαν
1178 4288 1474 4359 ὁρίζονται,
1506 4289 1683 4359 ψυχῆς
1713 4288 1845 4359 ἀρε-

259 4374 383 4448 τῆν,
424 4379 547 4433 καθ’
595 4379 662 4450 ἦν
709 4392 853 4443 τινες
896 4376 956 4434 εὖ
987 4380 1245 4433 δύνανται
1281 4381 1467 4450 φέρειν
1505 4381 1574 4435 τὰ
1612 4379 1845 4450 συμϐαί-

2011 3738 2220 3809 Suuque
2237 3739 2414 3791 omnia
2440 3736 2582 3792 vobis
2609 3736 2874 3807 proponit,
2918 3745 3024 3792 etc.
3054 3736 3249 3793 Adhuc
3266 3738 3321 3794 in
3344 3737 3533 3795 eodem

1943 3845 2196 3887 sermone
2221 3828 2289 3883 de
2334 3831 2505 3899 patris
2555 3828 2837 3884 oblatione
2886 3830 3254 3887 immoratur:
3292 3846 3537 3901 cumque

1944 3924 2196 3986 dixisset,
2225 3919 2418 3976 Omnia
2449 3936 2546 3976 sna
2570 3922 2726 3977 vobis
2753 3922 3032 3991 proponit,
3078 3926 3399 3992 priusquam
3420 3924 3535 3980 haec

1947 4020 2257 4078 recenseat,
2295 4012 2504 4068 interea
2534 4027 2658 4065 cum
2705 4012 3070 4069 admiratione
3122 4015 3203 4070 sic
3246 4015 3533 4085 loquitur:

1954 4108 1998 4162 Ο
2029 4106 2222 4159 miram
2258 4104 2424 4158 animi
2475 4104 2934 4173 magnitudinem,
2969 4105 3021 4160 id
3050 4118 3153 4168 est,
3195 4123 3228 4159 ο
3269 4108 3536 4179 insignem

1952 4196 2005 4249 in
2032 4194 2313 4250 oll‘erendo
2341 4209 2566 4249 munere
2587 4194 3009 4263 simplicitatem.
3031 4194 3251 4251 Externi
3272 4197 3419 4251 enim
3449 4213 3537 4251 sa-

1948 4287 2159 4355 pientes
2206 4285 2634 4356 μεγαλοψυχίαν,
2674 4285 2726 4340 id
2762 4294 2845 4341 est
2890 4288 3407 4358 magnanimitatem,
3435 4290 3533 4344 de-

1951 4379 2148 4432 ﬁniunt
2177 4378 2374 4433 anima
2399 4376 2678 4442 virtutem,
2705 4392 2801 4445 per
2826 4392 2990 4446 quam
3024 4378 3270 4433 nonnulli
3301 4395 3422 4449 quae
3447 4396 3537 4434 ac-

259 4486 422 4523 νοντα
442 4485 457 4500 ·
488 4469 539 4521 οἱ
572 4467 629 4521 δὲ
669 4468 930 4541 ἡμέτεροι
956 4468 1289 4536 διδάσκαλοι,
1325 4470 1401 4532 ὠς
1429 4467 1722 4522 ἐπιτοπολὺ
1748 4468 1842 4540 τὴν

1956 4467 2170 4530 eidnnt,
2202 4474 2351 4521 recte
2386 4464 2533 4520 ferre
2576 4472 2828 4535 possunt.
2875 4466 2945 4521 At
2978 4467 3153 4521 nostri
3182 4468 3438 4526 doctores
3480 4480 3539 4526 ut

263 4560 682 4632 ἐλευθεριότητα
712 4559 807 4613 καὶ
835 4560 1264 4633 μεγαλοδωρίαν,
1301 4560 1708 4631 μεγαλοψυχίαν
1738 4562 1854 4613 ὀνο-

267 4648 554 4721 μάζουσιν.
585 4649 796 4721 Ὠσπερ
825 4644 919 4702 οὖν
943 4650 1036 4702 καὶ
1062 4651 1157 4703 νῦν
1181 4651 1210 4703 ὁ
1237 4650 1498 4719 Θεολόγος
1530 4651 1622 4703 τὸν
1654 4649 1851 4703 ἐαυτοῦ

268 4739 484 4810 πατέρα
510 4737 908 4810 μεγαλόψυχον,
944 4740 1121 4792 εἷτουν
1147 4739 1542 4813 μεγαλόδωρον,
1570 4740 1848 4793 ἐκάλεσεν·

266 4830 432 4883 οίονεὶ
451 4829 509 4882 δὲ
539 4828 1037 4900 ἐπιδιορθούμενος,
1068 4831 1097 4883 ὃ
1123 4826 1295 4898 εἶπεν,
1328 4832 1389 4884 οὐ
1422 4830 1851 4901 μεγαλοψυχίαν,

267 4922 403 4977 ἀλλὰ
434 4922 635 4992 μᾶλλον
664 4922 1028 4988 φιλοτεκνίαν,
1059 4922 1121 4976 τὸ
1152 4925 1384 4995 πρᾶγμα
1425 4924 1846 4995 προσαγορεύει.

267 5014 370 5067 Διά
399 5013 511 5084 γὰρ
538 5012 636 5084 τὴν
668 5013 908 5083 ἀγάπην,
946 5016 1131 5084 φησιν,
1173 5014 1350 5085 ὑμῶν,
1384 5015 1495 5068 τῶν
1544 5030 1850 5085 πνευματι-

267 5106 383 5161 κῶν
411 5104 583 5159 αὑτοῦ
610 5104 841 5170 τέκνων,
883 5106 1154 5175 τοσαύτην
1199 5107 1513 5171 ἐπεδείξατο
1537 5106 1637 5178 τὴν
1680 5107 1850 5160 ἁπλό-

265 5215 425 5269 τητα.
457 5197 613 5249 Ἐπεὶ
640 5193 733 5251 οὖν
758 5199 791 5269 ἡ
823 5198 1133 5267 φιλοτεκνία
1154 5199 1302 5251 αίτία
1323 5199 1514 5266 γέγονε
1540 5199 1639 5269 τῆς
1676 5215 1846 5269 μεγα⁹

266 5288 531 5359 λοψυχίας
564 5288 658 5341 καὶ
687 5290 784 5360 τῆς
817 5289 1138 5358 ἁπλότητος,
1171 5288 1509 5359 κυριώτερον
1546 5289 1612 5343 ἂν
1651 5290 1759 5360 εἴη,
1790 5289 1850 5342 τὸ

268 5383 378 5435 πᾶν
405 5380 747 5448 φιλοτεκνίαν
775 5379 976 5448 λέγειν,
1009 5381 1119 5434 ἀπὸ
1142 5381 1240 5451 τῆς
1269 5381 1448 5443 αίτίας
1469 5380 1562 5433 καὶ
1581 5380 1644 5432 τὸ
1670 5382 1848 5433 αἰτια-
1868 5411 1881 5425 ο

160 5543 165 5548 1
268 5474 362 5526 τὸν
391 5469 781 5543 ὀνομάζοντας.
814 5473 969 5544 Τάχα
1000 5473 1044 5525 δ’
1068 5473 1133 5526 ἄν
1166 5491 1248 5537 τις
1278 5475 1372 5526 καὶ
1398 5472 1542 5526 κατὰ
1585 5473 1710 5535 τοὺς
1744 5470 1849 5536 ἔξω

270 5562 372 5634 τὴ]
398 5563 810 5634 μεγαλοψυχίαν
848 5565 1046 5634 νοήσας
1071 5563 1325 5622 ἐνταῦθα.
1362 5564 1470 5617 οὐδ’
1494 5563 1636 5617 οὕτω
1664 5562 1850 5626 κακῶς

267 5651 544 5709 ἐπιϐαλεῖ.
591 5652 807 5726 Ἐπειδὴ
844 5656 954 5728 γάρ
979 5657 1111 5729 παρ’
1150 5648 1447 5721 ἐκείνοιςὸ
1478 5654 1855 5727 μεγαλόψυχος

340 5804 392 5839 ⁸⁸
412 5804 436 5856 1
457 5801 589 5858 Cor.
619 5817 703 5869 ιιι,
749 5802 835 5857 lli.

1957 4559 2258 4629 plurimum
2292 4556 2616 4610 liberalitem
2660 4565 2714 4611 ct
2755 4557 3219 4627 magnilicentiam
3255 4562 3540 4631 magnani-

1953 4648 2202 4703 mitatem
2230 4649 2535 4703 nominant.
2557 4647 3027 4714 Quemadmodum
3050 4648 3151 4704 hoc
3176 4666 3395 4722 quoque
3417 4652 3540 4707 loco

1951 4740 2263 4809 Theologus
2298 4747 2507 4811 patrem
2527 4741 2966 4809 magnanimum,
2990 4740 3043 4795 id
3076 4752 3180 4809 est,
3219 4743 3539 4798 muniﬁcum

1950 4832 2187 4886 vocavit.
2228 4830 2496 4886 Caeterum
2532 4831 2690 4901 quasi
2723 4835 3008 4903 corrigens
3040 4832 3188 4903 quod
3220 4833 3395 4903 dixit,
3418 4848 3539 4888 eam

1956 4939 2072 4978 rem
2125 4938 2235 4977 non
2285 4923 2815 4994 magnanimitatem,
2873 4925 2968 4989 sed
3023 4934 3312 4995 paternum
3355 4926 3541 4996 potius

1956 5028 2198 5068 amorem
2240 5015 2498 5084 appellat.
2539 5013 2619 5070 Ob
2657 5028 2898 5069 amorem
2932 5014 3077 5068 enim
3111 5015 3298 5078 vestri,
3336 5015 3538 5085 inquit,

1958 5107 2061 5159 hoc
2096 5114 2204 5169 est,
2236 5107 2606 5176 spiritualium
2645 5121 2870 5160 suorum
2913 5106 3172 5171 ﬁliorum,
3209 5115 3373 5161 tanta:
3401 5108 3540 5162 siin-

1956 5197 2221 5267 plicitatis
2242 5198 2523 5267 specimen
2562 5196 2753 5251 edidit.
2779 5194 3049 5265 Quoniam
3081 5197 3246 5267 igitur
3279 5206 3541 5269 paternus

1955 5302 2110 5341 amor
2141 5289 2568 5357 magnanimitati
2598 5296 2653 5343 et
2677 5288 3012 5357 simplicitati
3035 5303 3256 5343 causam
3288 5291 3540 5359 pmliuit,

1956 5377 2164 5435 rectius
2186 5379 2352 5434 fuerit
2386 5389 2557 5434 totum
2582 5379 2686 5434 hoe
2719 5386 3002 5450 paternam
3028 5380 3423 5451 indulgentiam
3455 5384 3543 5438 di-

1956 5487 2106 5535 cere,
2163 5471 2426 5525 nimirum
2479 5487 2664 5526 causae
2713 5486 2913 5527 nomen
2967 5471 3162 5527 all‘ecto
3208 5474 3538 5531 tribuentes.

1958 5562 2115 5631 Quod
2146 5564 2190 5618 si
2232 5564 2358 5632 quis
2397 5563 2559 5618 etiam
2599 5563 2757 5633 juxta
2790 5571 3141 5618 externorum
3176 5564 3540 5636 pliiloSOpho-

1963 5670 2085 5709 rum
2106 5653 2457 5722 sententiam,
2478 5654 2579 5708 hor:
2597 5655 2718 5710 loco
2740 5654 3241 5726 magnanimitatem
3261 5657 3541 5716 intellexe-
