3856 6222
332 358 430 415 365

1562 350 1860 408 NICETA'S
1899 352 2293 409 SEBRONIUS

3494 354 3604 409 θοι

324 473 419 535 rit,
450 485 520 525 ne
563 469 645 524 sic
694 468 920 538 quidem
965 466 1199 521 fortasse
1241 465 1601 520 aberraverit.
1640 466 1910 533 Quoniam

2016 469 2116 521 οὐκ
2133 468 2249 521 ἔστι
2279 467 2559 536 φιλόζωος,
2587 466 2745 520 τοῦτο
2772 471 3185 539 προσμαρτυρεῖ
3211 469 3306 522 καὶ
3329 467 3407 540 τῷ
3432 469 3604 540 πατρὶ

323 564 470 618 enim
494 560 641 631 apud
683 562 829 624 illos,
871 561 965 630 qui
1016 561 1214 614 anima:
1241 559 1616 629 magnitudine
1650 561 1912 629 praeditus

322 662 434 717 est,
476 654 600 707 vitae
631 667 745 706 suae
771 667 879 706 non
920 651 1111 721 parcit,
1146 652 1247 703 hac
1277 665 1499 720 quoque
1523 652 1681 706 laude
1705 659 1912 721 patrem

266 736 270 745 ’
324 753 580 799 ornatum
607 759 728 798 esse
758 742 1071 812 Theologus
1098 750 1353 797 testatur.
1378 743 1469 796 Ait
1500 743 1645 797 enim
1672 761 1689 796 :
1723 745 1915 798 Pastor

321 844 408 890 est
436 836 634 897 bonus,
666 836 1017 902 animamque
1050 849 1205 886 suam
1234 849 1332 903 pro
1355 834 1553 887 ovibus
1578 834 1913 903 ponitzlllud

321 931 485 981 etiam
521 928 761 997 adjecit:
800 927 881 980 Me
917 942 1134 997 quoque
1154 927 1333 981 lilium
1377 943 1539 982 suum
1578 936 1731 996 optat
1751 929 1914 982 talem

325 1028 599 1087 pastorem
624 1021 762 1081 tieri,
780 1032 1069 1087 ponentem
1090 1021 1343 1075 videlicet
1359 1023 1597 1077 animam
1623 1024 1911 1092 provobis.

323 1110 502 1173 Quam
549 1109 622 1162 ob
651 1124 876 1163 causam
917 1110 1034 1180 ipse
1066 1110 1429 1166 admiratione
1472 1115 1820 1168 exclamavit.
1871 1115 1915 1170 Ο

325 1202 521 1253 miram
550 1201 717 1254 animi
759 1202 1227 1271 magnitudinem!
1266 1202 1405 1256 Tum
1451 1220 1520 1259 ne
1547 1208 1673 1275 quis
1716 1208 1913 1262 existi-

323 1300 519 1355 maret,
543 1292 690 1360 quod
718 1301 892 1362 pater,
918 1302 976 1345 ut
1007 1294 1411 1362 magnanimus,
1454 1295 1623 1349 ﬁlium
1650 1298 1916 1367 periculis

321 1382 593 1450 objiciens
620 1386 805 1439 minus
836 1393 1087 1441 amanter
1111 1387 1167 1439 in
1203 1387 1381 1455 ipsum
1415 1387 1642 1442 affectus
1667 1391 1759 1455 sit,
1786 1392 1916 1447 huic

322 1477 625 1545 suspicioni
663 1479 932 1542 occurrit,
959 1480 1152 1535 dicens
1179 1500 1193 1535 :
1228 1482 1357 1545 Aut,
1389 1491 1446 1536 ut
1481 1484 1666 1539 verius
1698 1486 1911 1556 loquar,

322 1577 608 1639 internum
643 1585 908 1626 amorem.
959 1571 1095 1625 Nam
1144 1574 1247 1639 sic,
1283 1583 1448 1646 atque
1486 1577 1554 1630 ob
1598 1575 1914 1647 hujusmodi

322 1677 547 1725 causas,
581 1663 752 1716 lilium
787 1666 1056 1733 periculis
1095 1682 1387 1737 exponere,
1419 1685 1529 1723 non
1559 1678 1666 1733 est,
1712 1671 1910 1742 inquit,

323 1753 564 1808 hominis
627 1755 828 1810 liberos
888 1757 1018 1810 odio
1072 1759 1349 1824 habentis,
1417 1777 1605 1815 verum
1672 1763 1915 1833 impense

322 1848 591 1903 amantis.
643 1846 1013 1913 Quamobrem
1071 1850 1176 1904 etsi
1229 1852 1739 1920 magnanimitatem
1793 1871 1912 1911 eam

322 1953 439 1992 rem
496 1939 825 2001 nominavit,
881 1940 1139 2009 quoniam
1184 1955 1311 1995 cum
1373 1943 1562 1998 multis
1608 1944 1913 2010 laboribus,

321 2030 495 2090 curis,
527 2037 581 2084 et
616 2032 876 2099 periculis
911 2032 1013 2101 ipsi
1047 2031 1369 2086 luctandum
1392 2042 1532 2100 erat,
1564 2042 1748 2090 tamen
1779 2038 1909 2107 quia

231 2149 243 2165 ο
324 2127 549 2190 pmpter
580 2136 676 2175 vos
699 2122 1101 2191 utilitatemque
1127 2132 1388 2189 vestram,
1416 2132 1469 2179 et
1499 2137 1722 2195 propter
1744 2126 1912 2183 Deum

323 2227 412 2267 res
445 2212 721 2281 ejusmodi
767 2212 1103 2283 perferendae
1132 2225 1280 2274 sunt.
1310 2216 1362 2270 id
1414 2225 1609 2283 totum,
1650 2229 1915 2289 paternus

322 2320 480 2358 amor
503 2305 771 2359 dicendus
809 2314 913 2360 est.
947 2306 1071 2361 Haec
1111 2308 1327 2363 loeutus
1360 2307 1692 2379 Theologus,
1728 2314 1912 2367 statim

321 2411 386 2449 ea
416 2412 538 2466 quae
573 2411 603 2450 a
642 2405 798 2467 patre
841 2396 1174 2460 oll'cruntur,
1218 2408 1528 2454 enumerat.
1580 2399 1706 2455 Haec
1750 2418 1914 2473 porro

323 2496 454 2543 sunt
487 2488 613 2541 tria.
646 2492 724 2542 Ac
758 2489 804 2543 si
838 2489 1058 2558 quidem
1098 2504 1212 2543 rem
1251 2490 1580 2560 simpliciter
1619 2496 1913 2563 complecti

322 2578 610 2642 voluisset,
644 2579 721 2633 ita
748 2578 980 2634 dixisset
1001 2598 1013 2632 :
1034 2579 1305 2645 Quoniam
1333 2582 1579 2651 seipsum
1608 2582 1722 2646 dat,
1750 2593 1803 2638 et
1829 2601 1915 2640 me

320 2676 377 2723 et
415 2671 702 2736 templum.
737 2669 895 2724 Nunc
928 2686 1056 2724 vero
1086 2671 1436 2741 magnilicam
1465 2680 1520 2727 et
1552 2676 1912 2731 excellentem

322 2759 658 2813 oblationem
689 2776 901 2829 augens
954 2768 1007 2812 et
1060 2761 1429 2830 antplilicans,
1467 2770 1582 2817 tum
1644 2780 1762 2829 sua,
1798 2775 1911 2820 tum

324 2856 549 2918 paterna
565 2845 891 2913 subdividit,
943 2850 1165 2905 varians
1182 2866 1246 2904 ac
1267 2854 1645 2922 multiplicans
1670 2858 1909 2911 nomina.

320 2939 458 2994 Nam
489 2940 747 2995 canitiem
780 2954 991 3010 patrem
1028 2948 1207 3004 vocat,
1241 2943 1587 3010 juventutem
1618 2946 1864 3015 seipsum
1894 2965 1910 3000 :

322 3040 379 3085 et
425 3047 620 3086 rursus
659 3040 868 3101 patrem
913 3039 1253 3095 testatorem,
1292 3036 1534 3104 seipsum
1576 3046 1758 3092 autem
1804 3041 1913 3094 hae-

2016 561 2181 615 αὑτοῦ
2208 564 2234 615 ὀ
2260 560 2541 629 Θεολόγος.
2571 556 2713 614 Εἷπε
2743 562 2872 632 γὰρ,
2896 562 2978 615 ὅτι
3008 562 3223 633 Ποιμήν
3261 564 3382 616 ἐστι
3413 562 3603 628 καλὸς,

2016 655 2111 707 καὶ
2149 655 2248 723 τὴν
2285 653 2463 724 ψυχὴν
2494 651 2658 706 αὑτοῦ
2691 653 2906 723 τίθησιν
2950 652 3089 725 ὑπὲρ
3128 653 3236 706 τῶν
3283 654 3603 725 προϐάτων.

2017 745 2331 817 Προσέθηκε
2370 745 2457 806 δὲ,
2489 746 2570 798 ὅτι
2603 745 2711 798 Καὶ
2745 746 2844 815 ἐμὲ
2887 745 2979 798 τὸν
3022 745 3138 797 υἱὸν
3179 745 3345 798 αὑτοῦ
3379 744 3606 816 εὔχεται

2015 836 2257 890 τοιοῦτον
2288 836 2525 907 ποιμένα
2552 835 2830 903 γενέσθαι,
2860 835 3081 889 τιθέντα
3115 835 3318 906 δηλαδὴ
3362 836 3465 908 τὴν
3499 837 3609 907 ψυ-

2016 929 2117 1002 χὴν
2148 931 2288 1001 ὑπὲρ
2310 928 2486 1000 ὑμῶν.
2529 929 2654 982 ‘Eni.
2675 928 2886 991 τούτοις
2918 927 3113 999 ἐϐόησε
3148 929 3286 997 μετὰ
3314 928 3607 998 θαύματος

2016 1024 2095 1087 τὸ,
2125 1024 2189 1075 Ὤ
2210 1024 2309 1093 τῆς
2337 1020 2780 1091 μεγαλοψυχίαςί
2806 1016 2962 1084 Εἶτα,
2994 1021 3081 1073 ἵνα
3107 1021 3181 1090 μή
3212 1037 3297 1083 τις
3325 1021 3601 1093 ὑπολάὁη,

2015 1116 2097 1168 ὃτι
2130 1114 2220 1166 τὸν
2249 1114 2362 1167 υἱὸν
2398 1116 2427 1167 ὁ
2455 1113 2666 1184 Πατὴρ,
2703 1112 2778 1175 ὡς
2811 1111 3186 1182 μεγαλόψυχος
3210 1113 3291 1174 είς
3320 1112 3607 1176 κινδύνους

2017 1205 2307 1268 ἐπιδιδοὺς,
2330 1205 2390 1257 οὒ
2420 1203 2661 1273 φείδεται
2682 1204 2869 1270 αὑτοῦ,
2890 1204 3198 1275 διορθοῦται
3220 1206 3319 1275 τὴν
3344 1205 3606 1259 ὑπόνοιαν

2014 1299 2221 1369 ταύτην
2273 1296 2465 1351 εἰπών’
2512 1299 2615 1359 Ἦ,
2656 1299 2717 1350 τό
2750 1314 2815 1366 γε
2856 1296 3219 1369 ἀληθέστερον
3262 1299 3459 1363 εἰπεῖν,
3499 1299 3606 1369 τῆς

2017 1388 2361 1459 φιλοτεχνίας
2393 1428 2406 1442 .
2451 1429 2465 1443 .
2501 1388 2575 1441 Τὸ
2606 1387 2714 1461 γὰρ
2743 1387 2917 1453 οὕτως
2946 1389 3040 1441 καὶ
3073 1388 3165 1441 ἐπὶ
3198 1390 3460 1452 τοιούτοις
3509 1393 3603 1441 ὲκ-

2014 1482 2217 1535 διδὸναι
2256 1481 2349 1533 τὸν
2384 1481 2521 1541 υἱὸν,
2567 1480 2668 1533 οὑκ
2695 1479 2834 1544 ἔστι,
2873 1482 3028 1552 φησὶ,
3083 1481 3427 1551 μισοτέκνου,
3459 1481 3602 1536 ἀλλὰ

2020 1573 2254 1644 μάλιστα
2290 1574 2627 1642 φιλοτέκνου.
2658 1574 2823 1625 Ὥστε
2867 1575 2917 1626 εἰ
2947 1573 3042 1625 καὶ
3094 1572 3503 1644 μεγαλοψυχίαν
3539 1573 3605 1627 τὺ

2017 1669 2166 1737 πρᾶγ
2176 1683 2252 1737 μα
2270 1666 2548 1735 ὡνόμασα,
2571 1665 2659 1718 διὰ
2678 1665 2739 1718 τὸ
2767 1664 2982 1736 μέλλειν
3009 1666 3191 1728 πόνοις
3212 1666 3305 1717 καὶ
3329 1666 3604 1729 κινδύνοις

2016 1758 2245 1828 ὁμιλεῖν,
2283 1757 2397 1809 ἀλλ’
2451 1752 2543 1810 οὖν
2580 1759 2704 1810 ἐπεὶ
2751 1757 2818 1810 δι’
2857 1757 3001 1827 ὑμᾶς
3042 1758 3139 1810 καὶ
3169 1758 3270 1828 τὴν
3322 1758 3604 1830 ὑμετέραν

2017 1848 2283 1916 ὠφέλειαν
2333 1849 2426 1901 καὶ
2456 1847 2544 1900 διὰ
2569 1847 2702 1901 Θεὸν
2738 1847 2807 1901 τὰ
2835 1848 3064 1902 τοιαῦτα
3096 1849 3203 1919 χρὴ
3248 1848 3487 1903 διαθλεῖν
3519 1868 3607 1919 φι-

2018 1939 2265 1992 λοτεκνία
2294 1938 2356 1991 τὸ
2386 1939 2494 1991 πᾶν
2519 1938 2657 1992 ἐστι.
2688 1935 2875 1992 Ταῦτα
2896 1938 3064 1992 εἰπὼν
3088 1942 3116 1992 ὁ
3142 1939 3426 2008 Θεολὸγος,
3453 1942 3603 1994 ἀπα-

2020 2033 2295 2104 ριθμείται
2335 2030 2499 2095 εὐθὺς
2532 2033 2625 2085 καὶ
2653 2032 2721 2084 τὰ
2759 2032 2912 2104 παρὰ
2941 2032 3039 2085 τοῦ
3077 2033 3285 2103 πατρὸς
3320 2050 3603 2104 καρποφο-

2019 2123 2277 2194 ρούμενα.
2322 2123 2405 2176 Τὰ
2442 2122 2499 2176 δέ
2538 2126 2653 2176 ἐστι
2696 2123 2837 2194 τρία.
2884 2123 3002 2178 Κᾶν
3050 2125 3150 2194 μὲν
3192 2123 3383 2189 ἁπλῶς
3419 2127 3600 2179 εἰπεῖν

2016 2213 2297 2276 ἐϐούλετο,
2328 2210 2479 2267 εἶπεν
2530 2214 2619 2277 ἂν,
2654 2216 2738 2267 ὃτι
2773 2215 2993 2267 Ἑαυτὸν
3022 2215 3204 2268 δίδωσι
3240 2216 3335 2269 καλ⁸
3372 2217 3474 2285 ἐμὲ
3504 2221 3601 2271 καὶ

2014 2305 2106 2359 τὸν
2130 2306 2275 2362 ναὸν.
2309 2305 2423 2358 Νῦν
2445 2305 2502 2358 δὲ
2525 2305 2624 2377 τὴν
2643 2307 2924 2377 φιλότιμον
2947 2307 3323 2379 καρποφορίαν
3345 2307 3600 2374 ἐπαύξων

2015 2399 2111 2452 καὶ
2140 2397 2483 2468 μεγαλύνων,
2518 2398 2821 2469 ὑποδιαιρεί
2851 2399 2944 2450 καὶ
2965 2399 3035 2452 τὰ
3064 2397 3258 2452 ἑαυτοῦ
3285 2400 3381 2452 καὶ
3404 2398 3472 2452 τὰ
3501 2398 3600 2451 τοῦ

2016 2490 2245 2561 πατρὸς,
2282 2489 2573 2543 ποικίλλων
2600 2491 2696 2543 καὶ
2727 2489 3185 2555 πολυπλασιάζων
3221 2490 3291 2543 τὰ
3328 2490 3596 2560 ὀνόματα.

2017 2584 2127 2638 Καὶ
2164 2581 2355 2635 πολιὰν
2388 2580 2486 2651 μὲν
2512 2580 2682 2649 λέγει,
2715 2580 2805 2633 τὸν
2827 2582 3037 2650 πατέρα
3058 2599 3072 2612 υ
3104 2584 3335 2651 νεότητα
3358 2582 3440 2645 δὲ,
3467 2584 3602 2635 ἐαυ-

2013 2677 2125 2730 τόν.
2157 2675 2270 2727 Καὶ
2298 2669 2456 2737 αὖθις
2489 2673 2817 2745 κληροδὸτην
2853 2676 2952 2744 μὲν
2985 2675 3077 2727 τὸν
3116 2675 3363 2745 πατέρα·
3402 2676 3599 2729 ἑαυτὸν

2013 2770 2090 2829 δὲ,
2128 2766 2485 2837 κληρονόμον,
2513 2765 2589 2829 ὼς
2625 2766 2890 2836 μέλλοντα
2917 2767 3008 2819 τὸν
3032 2766 3221 2837 θρόνον
3245 2766 3347 2837 τῆς
3373 2770 3602 2821 ἐπισκο-

2014 2861 2124 2929 πῆς
2150 2858 2488 2929 διαδέχεσθαι
2536 2859 2631 2913 καὶ
2663 2858 3044 2931 κληρονομεῖν.
3084 2860 3279 2929 Ἔχετε
3310 2859 3405 2920 δὲ,
3435 2862 3596 2930 φησὶ,

2018 2952 2148 3021 μετ’
2172 2949 2309 3021 ἐμοῦ
2340 2951 2437 3003 καὶ
2470 2949 2600 3014 τοὺς
2628 2950 2797 3020 ἐμοὺς
2833 2949 3028 3019 λόγους
3047 2991 3059 3010 ,
3090 2950 3187 3003 καὶ
3218 2950 3424 3003 τούτων
3469 2952 3601 3015 τοὺς

2018 3044 2340 3115 ἱερωτέρους
2370 3043 2463 3096 καὶ
2502 3043 2977 3114 ὠφελιμωτέρους.
3017 3044 3091 3096 Oi:
3128 3044 3237 3114 γὰρ
3267 3043 3404 3115 πρὸς
3435 3045 3599 3116 χάριν

323 3129 532 3187 redem,
568 3131 754 3193 utpote
782 3124 1082 3194 episcopali
1133 3126 1332 3180 throno
1359 3141 1768 3185 successurum.
1808 3131 1907 3186 lla

2017 3136 2253 3202 διδάξω,
2301 3137 2438 3191 ἀλλὰ
2489 3137 2624 3208 πρὸς
2668 3136 2968 3206 ὠφέλειανο
3021 3137 3129 3190 οὐδ’
3180 3138 3597 3201 ἐπιδεικτικῶς,

322 3214 462 3270 betis
490 3223 694 3277 autem,
731 3215 931 3284 inquit,
966 3231 1179 3270 mecum
1225 3233 1509 3274 sermones
1539 3237 1713 3287 meos,
1748 3233 1913 3293 atque

319 3321 386 3360 ex
445 3305 532 3361 bis
564 3307 889 3361 utilissimos
947 3324 1199 3379 quosque
1238 3318 1288 3363 et
1344 3312 1754 3370 sanctissimos.
1790 3314 1911 3371 Non

319 3399 468 3452 enim
492 3397 558 3451 ad
593 3399 825 3469 gratiam
861 3399 1197 3461 docebo,sed
1219 3402 1287 3455 ad
1325 3403 1642 3470 utilitatem,
1682 3422 1791 3461 non
1821 3425 1913 3464 os-

321 3488 679 3552 tentabunde,
711 3489 807 3542 sed
853 3489 1238 3559 spiritualiter,
1277 3506 1457 3561 neque
1501 3509 1587 3555 ea,
1629 3512 1753 3565 qua:
1781 3513 1911 3551 ora-

320 3579 464 3632 toria
494 3578 809 3648 suppeditat
837 3581 1179 3645 exercitatio,
1211 3583 1306 3649 sed
1349 3599 1475 3653 quae
1508 3585 1702 3641 inserit
1735 3588 1913 3659 Spiri-

321 3680 412 3724 tus
452 3679 702 3725 sanctus.
738 3670 954 3726 Etenim
1001 3671 1226 3726 humani
1259 3689 1546 3731 sermones
1588 3693 1753 3734 aures
1784 3689 1910 3744 tan-

319 3770 436 3815 tum
479 3762 829 3831 permulcent
864 3776 930 3816 ac
963 3762 1261 3831 deliniunt,
1289 3782 1390 3821 nec
1422 3768 1655 3826 ulterius
1689 3786 1913 3844 progre.

320 3854 546 3909 diuntnr
593 3872 606 3909 :
663 3863 720 3908 at
756 3855 1114 3924 °spirituales
1177 3858 1245 3912 ad
1299 3860 1537 3914 animam
1605 3876 1908 3932 permeant.

322 3942 432 3998 Eos
458 3945 607 3997 enim
643 3944 909 4015 insculpit
948 3943 1194 4015 Spiritus
1234 3947 1289 4001 in
1337 3947 1596 4004 humanis
1629 3952 1910 4018 cordibus,

320 4044 585 4104 tanquam
613 4035 667 4088 in
704 4035 929 4092 tabulis.
965 4035 1217 4106 Cumque
1241 4037 1496 4105 dixisset,
1520 4040 1774 4111 lapideis,
1803 4052 1912 4097 tro-

324 4144 453 4198 pum
495 4127 643 4182 hunc
675 4128 966 4196 explicuit,
996 4129 1324 4199 adjungeus,
1351 4128 1446 4185 Vel
1475 4133 1641 4186 etiam
1672 4135 1908 4191 carneis.

323 4220 512 4275 Solirla
536 4222 681 4275 enim
715 4230 848 4276 sunt
880 4231 935 4277 et
968 4223 1133 4293 lapis,
1165 4233 1221 4278 et
1251 4239 1384 4279 caro
1413 4243 1428 4278 :
1471 4234 1637 4297 atque
1670 4244 1756 4289 ea.
1793 4247 1913 4300 quae

319 4313 376 4369 in
408 4314 525 4370 haec
569 4315 913 4383 inciduntur,
963 4333 1084 4371 eam
1137 4319 1405 4373 rationem
1446 4319 1670 4386 habent,
1716 4332 1775 4377 ut
1822 4327 1913 4380 vix

318 4405 492 4461 deleri
540 4416 764 4477 queant.
813 4408 926 4463 lloc
963 4420 1145 4466 autem
1193 4412 1263 4467 ab
1311 4412 1580 4482 Apostolo
1630 4426 1910 4487 sumptum

2015 3227 2149 3280 ἀλλὰ
2184 3226 2575 3297 πνευματικῶς
2596 3243 2613 3259 ο
2650 3228 2758 3280 οὐδ’
2792 3227 2936 3298 ἆπερ
2959 3228 2992 3297 ἠ
3016 3226 3125 3280 τῶν
3160 3227 3335 3296 λόγων
3361 3229 3601 3300 ἄσκησις

2012 3318 2251 3384 δίδωσιν,
2280 3318 2397 3372 ἀλλ’
2434 3319 2576 3390 ἅπερ
2603 3319 2845 3389 ἐντίθησι
2874 3319 2935 3371 τὸ
2964 3318 3193 3389 Πνεῦμα
3229 3320 3291 3372 τὸ
3324 3320 3499 3388 ἆγιον.
3532 3323 3595 3375 Οἱ

2017 3409 2115 3479 μὲν
2144 3408 2254 3478 γὰρ
2287 3407 2613 3481 ἀνθρώπινοι
2643 3409 2811 3477 λόγοι,
2847 3409 2945 3472 τὰς
2975 3409 3144 3473 ἀκοὰς
3175 3411 3335 3478 μόνον
3370 3410 3601 3479 θέλγουο

2015 3520 2120 3565 σιν,
2151 3492 2212 3555 οὑ
2254 3503 2574 3574 παραιτέρω
2605 3504 2887 3575 προϊόντες
2906 3519 2921 3533 '
2947 3506 2997 3557 οὶ
3025 3504 3082 3558 δὲ
3114 3507 3495 3576 πνευματικοὶ,
3516 3507 3597 3564 είς

2014 3594 2112 3664 τὴν
2157 3594 2337 3666 ψυχὴν
2383 3594 2771 3651 διαϐαίνουσιν.
2836 3598 3091 3651 Ἐντυποί
3133 3597 3243 3668 γὰρ
3291 3599 3491 3662 αὑτοὺς
3535 3599 3598 3653 τὸ

2024 3687 2271 3758 Πνεῦμα,
2304 3689 2495 3761 ὥσπερ
2540 3689 2724 3758 πλαξὶ,
2754 3694 2877 3755 ταῖς
2908 3692 3288 3763 ἀνθρωπίναις
3318 3693 3591 3766 καρδίαις.

2013 3782 2124 3835 Καὶ
2160 3782 2388 3846 λιθίναις
2419 3783 2477 3836 δὲ
2501 3780 2692 3847 εἰπὼν,
2733 3785 3047 3856 ἡρμήνευσε
3092 3787 3194 3857 τὴν
3237 3786 3465 3857 τροπὴν,
3498 3788 3599 3839 ἐπ-

2013 3872 2258 3941 αγαγὼν,
2279 3873 2471 3929 Εῐτουν
2494 3877 2795 3947 σαρκίναις.
2842 3878 3156 3943 Ἀντιτυπὲς
3190 3881 3301 3953 γὰρ
3327 3881 3422 3934 καὶ
3448 3879 3597 3942 λίθος

2013 3963 2109 4017 καὶ
2137 3963 2293 4035 σὰρξ,
2326 3966 2419 4019 καὶ
2460 3966 2528 4019 τὰ
2559 3967 3009 4039 ὲγκολαπτόμενα
3045 3969 3397 4026 δυσέκνιπτα.
3434 3971 3597 4044 Εἰλη-

2014 4074 2146 4111 πται
2179 4059 2237 4112 δὲ
2266 4061 2294 4112 ὁ
2321 4059 2480 4129 λόγος
2518 4061 2584 4114 ἐκ
2611 4060 2706 4113 τοῦ
2749 4061 3096 4130 Ἀποστόλου,
3136 4067 3448 4136 γράφοντος
3485 4068 3597 4120 Κο-

2016 4150 2241 4221 ρινθίοις
2263 4192 2278 4215 ,
2311 4152 2394 4205 ὅτι
2432 4153 2606 4207 Ἐστὲ
2648 4154 2949 4222 ἐπιστολὴ
2986 4157 3265 4226 Χριστοῦ.
3309 4159 3594 4226 διακονη-

2014 4243 2186 4298 θεῖσα
2217 4245 2319 4312 ὑφ’
2353 4243 2547 4315 ἡμῶν,
2587 4245 3031 4317 ἐγγεγραμμένη
3059 4251 3133 4304 οὐ
3160 4251 3400 4319 μέλανι,
3431 4252 3598 4307 ἀλλὰ

2014 4337 2317 4406 Πνεύματι
2358 4336 2506 4390 Θεοῦ
2532 4334 2782 4403 ζῶντοςο
2822 4342 2936 4394 οὐκ
2965 4340 3036 4392 ἐν
3079 4340 3271 4405 πλαξὶ.
3310 4324 3599 4409 λιθίναις.

2013 4428 2153 4482 ἀλλ’
2196 4429 2266 4480 ἐν
2294 4428 2477 4493 πλαξὶ
2524 4429 2772 4498 καρδίας
2800 4432 3134 4499 σαρκίναις.
3174 4432 3373 4487 Ἐλαόε
3411 4433 3468 4487 δὲ
3498 4436 3599 4488 καὶ

320 4508 427 4566 est,
459 4502 554 4568 qui
595 4503 678 4555 sic
710 4502 775 4555 ad
822 4501 1146 4559 Corinthios
1181 4505 1450 4575 scripsit:
1486 4508 1753 4574 Quoniam
1781 4515 1906 4567 estis

2013 4521 2039 4573 ὁ
2080 4520 2401 4583 Ἀπὸστολος
2439 4521 2539 4591 τὴν
2588 4492 2787 4594 χρῆσίν
2818 4492 2928 4577 ἀπὸ
2960 4524 3052 4577 τοῦ
3089 4492 3384 4596 ζΙεζεκιὴλ,
3425 4525 3493 4578 δι’
3532 4523 3596 4581 οὗ

319 4593 544 4660 epistola
573 4593 796 4656 Christi,
843 4596 1149 4650 ministrata
1197 4614 1231 4649 a
1275 4598 1448 4663 nobis,
1484 4602 1763 4670 inscripta,
1804 4621 1910 4659 non

321 4696 645 4748 atramento,
683 4686 773 4739 sed
828 4686 1038 4748 Spiritu
1071 4688 1168 4743 Dei
1203 4693 1444 4754 viventis,
1490 4711 1593 4748 non
1627 4696 1681 4748 in
1712 4697 1908 4753 tabulis

318 4777 563 4846 lapideis,
577 4778 670 4832 sed
691 4780 745 4833 in
765 4780 962 4832 tabulis
980 4780 1157 4835 cordis
1174 4784 1552 4841 carnalibus“.
1572 4786 1728 4853 Quod
1741 4789 1906 4844 etiam

319 4870 390 4925 ab
424 4869 711 4924 Ezechiele
740 4879 1024 4927 mutuatus
1059 4883 1142 4927 est
1163 4875 1485 4945 Apostolus.
1520 4895 1615 4949 per
1642 4897 1802 4951 quem
1832 4883 1908 4936 ait

321 4962 506 5018 Deus:
562 4962 712 5015 Dabo
755 4963 830 5016 eis
869 4980 960 5017 cor
1010 4966 1259 5030 alterum,
1313 4979 1363 5023 et
1415 4972 1663 5039 spiritum
1714 4991 1904 5029 novum

317 5053 454 5108 dabo
486 5056 582 5115 eis,
616 5064 668 5108 et
710 5055 931 5109 evellam
959 5075 1050 5111 cor
1099 5075 1282 5113 eorum
1330 5062 1597 5131 lapideum
1644 5081 1709 5119 ex
1743 5083 1904 5123 carne

318 5146 572 5212 ipsorum,
612 5154 661 5198 et
704 5144 840 5199 dabo
868 5147 942 5202 eis
988 5165 1080 5202 cor
1122 5167 1395 5216 corneum,
1442 5164 1497 5206 ut
1540 5156 1595 5208 in
1631 5158 1903 5225 prazceptis

319 5238 449 5291 meis
478 5236 744 5291 ambulent
769 5239 832 5291 ⁸⁸.
871 5239 1016 5295 Dixit
1045 5244 1210 5297 etiam
1257 5244 1458 5300 alicubi
1500 5246 1734 5302 Sirach:
1770 5250 1901 5313 Om-

320 5330 404 5381 nis
435 5327 589 5383 homo
639 5329 703 5382 ab
733 5329 1091 5387 adolescentia
1137 5338 1301 5405 vergit
1349 5338 1420 5390 ad
1454 5337 1675 5401 malum,
1705 5348 1755 5392 et
1799 5358 1903 5395 non

317 5419 535 5485 potuisti
561 5419 725 5473 corda
754 5438 936 5474 eorum
966 5440 1030 5476 ea:
1064 5424 1290 5493 lapideis
1320 5444 1513 5481 carnea
1546 5429 1740 5496 facere.
1770 5430 1908 5487 Pro-

320 5508 448 5565 inde
476 5526 646 5575 nunc,
686 5528 810 5566 cum
851 5512 991 5568 dixit
1026 5515 1338 5588 Theologus
1369 5539 1384 5573 :
1416 5519 1647 5579 Tabulis
1678 5525 1910 5595 lapideis

321 5603 437 5657 sive
477 5602 718 5667 earneis,
753 5603 975 5659 videtur
1015 5607 1149 5660 mihi
1202 5625 1311 5663 non
1361 5611 1791 5682 interpretanda;
1835 5617 1910 5671 di-

316 5692 521 5747 ctionis
543 5707 710 5748 causa
754 5692 861 5750 hoc
902 5694 1132 5760 dixisse,
1160 5699 1254 5754 sed
1287 5701 1459 5771 magis
1508 5711 1564 5755 ut
1596 5704 1908 5765 distinctio-

394 5831 439 5864 ⁸⁵
465 5830 508 5885 ll
538 5831 668 5887 Cor.
707 5849 791 5899 ιιι.
823 5836 879 5892 2.
954 5838 995 5869 "‘
1029 5835 1231 5894 Ezech.
1267 5856 1453 5906 χχχιι,
1482 5840 1674 5900 26-27.

2008 4628 2172 4681 φησιν
2199 4613 2228 4664 ὁ
2257 4611 2389 4675 Θεός
2409 4629 2423 4643 ο
2470 4612 2650 4667 Δώσω
2691 4615 2900 4679 αὐτοῖς
2926 4616 3180 4684 καρδίαν
3218 4617 3447 4684 ἑτέραν,
3492 4619 3596 4671 καὶ

2007 4704 2243 4773 πνεῦμα
2265 4705 2477 4759 καινὸν
2498 4706 2669 4760 δώσω
2695 4708 2767 4761 ἐν
2787 4709 2984 4774 αὐτοῖς
3001 4727 3014 4741 ο
3046 4710 3144 4763 καὶ
3164 4711 3456 4765 ἐκσπάσω
3475 4713 3598 4781 τὴν

2007 4796 2261 4863 καρδίαν
2281 4797 2481 4853 αὐτῶν
2503 4798 2618 4867 τὴν
2641 4801 3008 4868 λιθίνηνάπό
3026 4803 3133 4871 τῆς
3148 4804 3373 4873 σαρκὸς
3391 4805 3597 4860 αὐτῶν

2006 4889 2099 4942 καὶ
2132 4888 2305 4943 δώσω
2326 4891 2527 4958 αὐτοῖς
2553 4893 2804 4960 καρδίαν
2835 4896 3155 4962 σαρκίνην,
3192 4897 3352 4962 ὅπως
3377 4896 3448 4950 ἐν
3466 4898 3595 4964 τοῖς

2010 4981 2433 5052 προστάγμασι
2467 5002 2588 5053 μου
2618 4988 3049 5053 πορεύσωνται.
3084 4989 3244 5057 Λέγει
3274 4989 3331 5042 δέ
3362 5007 3465 5043 που
3495 4993 3595 5045 καὶ

2008 5074 2037 5125 ὁ
2081 5072 2385 5144 θαυμάσιος
2432 5076 2603 5147 Σιράχ
2627 5094 2641 5107 ·
2672 5075 2799 5143 Πᾶς
2842 5078 3155 5148 ἅνθρωπος
3190 5082 3257 5134 ὲκ
3307 5083 3596 5149 νεότητος

2007 5165 2106 5220 ἐπὶ
2158 5166 2225 5220 τὸ
2256 5171 2555 5237 πονηρὸν,
2590 5172 2687 5224 καὶ
2738 5173 2849 5225 οὐκ
2886 5172 3158 5241 ἴσχυσαν
3198 5174 3307 5239 τὰς
3341 5175 3595 5243 καρδίης

2007 5256 2205 5311 αὐτῶν
2218 5259 2350 5312 ἀντὶ
2364 5262 2611 5315 λιθίνων
2629 5262 2882 5332 ποιῆσαι
2904 5266 3215 5333 σαρκίνας.
3246 5267 3353 5319 Καὶ
3375 5266 3474 5323 νῦν
3498 5264 3595 5323 οὖν

2008 5348 2176 5403 είπὼν
2201 5353 2230 5405 ὁ
2257 5351 2538 5422 Θεολόγος,
2586 5355 2756 5420 Πλαξι
2787 5356 3037 5421 λιθίναις,
3066 5359 3241 5411 εἵτουν
3282 5360 3592 5431 σαρκίναις,

2004 5441 2152 5494 δοκεῖ
2193 5460 2282 5513 μοι
2325 5445 2399 5516 μὴ
2447 5446 2844 5517 ὲφερμηνεύειν
2875 5451 2973 5517 τὴν
3006 5447 3172 5514 λέξιν,
3221 5450 3357 5503 ἀλλὰ
3388 5451 3594 5522 μᾶλλον

2007 5533 2459 5589 ἀντιδιαστέλλειν
2478 5539 2544 5607 τῇ
2574 5536 2753 5612 λιθίνῃ
2773 5539 2993 5611 καρδίᾳ,
3011 5540 3258 5593 τουτέστι
3284 5543 3350 5613 τῇ
3376 5541 3591 5614 σκληρᾷ

2008 5624 2101 5677 καὶ
2136 5625 2400 5686 ἀνενδὸτω
2426 5628 2520 5681 καὶ
2548 5629 2918 5701 ἁντιτυπούσῃ
2949 5630 3049 5705 τὴν
3084 5632 3350 5704 σαρκίνην
3370 5675 3387 5699 ,
3416 5634 3447 5687 ὃ
3470 5636 3594 5687 ἐστι

2010 5716 2109 5787 τὴν
2148 5718 2398 5791 μαλακὴν
2427 5721 2519 5773 καὶ
2556 5721 2753 5792 ῥαδίως
2795 5723 3147 5794 ὑπείκουσαν,
3175 5726 3268 5779 καί
3290 5725 3595 5798 δεχομένην
