3856 6222
216 276 323 331 965
1409 277 1500 331 AD
1530 278 1599 332 ‘S.
1640 274 1970 332 GREGORH
2008 272 2215 329 ORAT.
2263 270 2305 325 1.
3390 263 3496 320 966

219 394 288 449 τὰ
312 394 453 449 καλά
481 394 810 468 γράμματα.
837 386 913 449 Ού
938 394 1047 467 γάρ
1070 392 1259 457 ἁπλῶς
1304 394 1455 467 πάσῃ
1484 393 1683 466 καρδίᾳ
1721 395 1799 446 ἐν·

1953 406 2038 445 em
2082 396 2250 459 ponat
2296 388 2442 442 inter
2491 384 2767 456 lapideum
2806 398 2926 450 cor,
2977 380 3032 436 id
3065 389 3171 446 est,
3211 379 3413 434 durum
3446 384 3504 432 et

218 490 384 540 τυποῖ
408 490 536 551 τοὺς
577 486 756 550 θείους
789 487 984 556 λόγους
1021 485 1081 538 τὸ
1112 485 1336 557 Πνεῦμα
1374 487 1434 539 τὸ
1465 485 1638 555 ἆγιον,
1673 484 1810 539 ἀλλὰ

1948 480 2154 539 inﬂexile
2208 493 2275 533 ac
2324 477 2588 549 rigidum,
2644 487 2698 532 et
2747 477 2891 531 inter
2943 487 3230 535 carneum,
3284 471 3337 525 id
3392 478 3503 536 est,

219 582 287 651 τῇ
320 579 558 652 σαρκίνῃ
578 620 593 643 ,
629 579 880 634 τουτέστι
909 581 976 650 τῇ
1009 577 1339 650 εύαισθήτῳ.
1374 578 1584 649 Σαρκὸς
1610 577 1720 651 γὰρ
1749 575 1810 629 τὸ

1952 572 2078 627 nolle
2094 572 2365 642 facileque
2389 571 2612 638 cedens,
2642 571 2928 639 bonasque
2956 568 3171 621 litteras
3196 562 3500 634 excipiens.

220 669 611 724 αἰσθάνεσθαι·
644 669 796 723 λίθου
828 653 885 722 δὲ
923 667 1053 722 ίδιον
1086 668 1149 720 τὸ
1188 667 1536 737 ἀναίσθητον.
1567 666 1637 718 Ἦ
1669 665 1812 735 τάχα

223 764 318 815 καὶ
355 760 565 825 λιθίνας
590 763 689 819 καὶ
733 761 996 833 σαρκίνας
1030 758 1182 828 λέγει
1211 759 1310 822 τὰς
1357 759 1589 831 καρδίας
1621 758 1649 809 ὁ
1682 758 1814 809 Bso-

221 853 381 921 λόγος
407 869 421 884 ·
454 852 666 918 λιθίνας
699 853 821 925 μὲν,
846 853 937 907 διὰ
980 840 1041 907 τὸ
1080 852 1309 925 στερρὸν
1345 852 1440 904 καὶ
1481 850 1545 903 τὸ
1569 848 1816 902 δυσαπά-

223 943 422 997 λειπτα
449 940 589 998 εἶναι
622 944 693 998 τὰ
732 947 790 997 ἐν
821 946 1014 1010 αὐταῖς
1052 944 1359 1015 γράμματα
1379 959 1394 973 ·
1441 941 1706 1013 σαρκίνοις
1734 940 1812 1002 δὲ,

220 1028 316 1082 διὰ
345 1029 406 1084 τὸ
438 1024 777 1103 αἰσθητικόν.
813 1032 906 1086 Διὸ
938 1033 1157 1103 ἐπάγει,
1190 1033 1271 1086 ὃτι
1298 1035 1356 1086 ἐν
1382 1034 1502 1096 ταῖς
1535 1030 1817 1092 τοιαύταις

220 1122 276 1173 οι
323 1120 475 1190 λόγοι
519 1123 621 1176 οὐκ
657 1124 716 1188 ἐξ
748 1124 1014 1194 ἐπιπολῆς
1045 1123 1507 1195 χαραχθήσονται,
1544 1121 1665 1174 οὐδὲ
1707 1117 1817 1173 οἷον

222 1212 436 1267 ἀνωθεν
481 1215 1013 1287 ἐπιχρωσθήσονται,
1058 1216 1147 1270 ἵνα
1197 1216 1291 1269 καὶ
1340 1200 1540 1286 ῥᾳδίως
1591 1211 1819 1267 ἀπαλεί-

224 1322 416 1376 φοιντο
437 1324 450 1339 ·
490 1306 606 1361 ἀλλ’
632 1310 713 1373 εἰς
738 1308 900 1379 βάθος
931 1309 1462 1380 ἐνσημανθήσονται,
1494 1296 1823 1383 ὥστεπαρα-

225 1400 427 1473 μένειν.
490 1401 601 1454 Καὶ
617 1403 746 1471 ἐνση
757 1401 1123 1472 μανθῆσονται
1141 1403 1203 1456 ού
1224 1401 1437 1468 μέλανι,
1462 1401 1599 1456 ἀλλὰ
1615 1402 1818 1473 χάριτι.

184 1542 189 1545 .
239 1489 306 1542 Ἡ
340 1491 439 1560 μὲν
472 1491 580 1564 γὰρ
623 1492 735 1546 τῶν
763 1492 988 1547 δικαίων
1018 1494 1245 1566 καρδία,
1279 1492 1354 1558 ὥς
1389 1511 1554 1563 φησιν
1591 1496 1619 1546 ὁ
1649 1493 1822 1563 μέγας

227 1581 546 1647 Βασίλειος,
585 1584 866 1656 Πνεύματι
914 1580 1049 1639 Θεοῦ
1098 1585 1300 1651 ζῶντος
1333 1586 1817 1658 καταγέγραπταιο

225 1676 264 1742 ἠ
300 1675 359 1729 δὲ
386 1677 497 1729 τῶν
530 1676 731 1731 ἀδίκων
766 1678 986 1745 καρδία,
1015 1678 1077 1731 ού
1102 1678 1403 1748 Πνεύματι,
1438 1678 1575 1733 ἀλλὰ
1610 1679 1821 1750 μέλανι,

226 1767 313 1839 τῷ
338 1773 593 1838 συγγενεῖ
627 1770 723 1825 τοῦ
760 1771 988 1834 σκότους
1015 1770 1109 1825 καὶ
1147 1770 1330 1844 ἐχθρῷ
1362 1771 1457 1824 τοῦ
1483 1771 1681 1841 φωτός.

1918 662 2107 733 Neque
2138 663 2286 717 enim
2323 664 2465 716 citra
2489 661 2790 718 discrimen
2821 662 2878 714 in
2910 659 3061 713 omni
3090 655 3255 711 corde
3282 654 3505 709 divinos

1917 770 2203 811 sermones
2245 755 2513 824 insrulpit
2565 752 2808 823 Spiritus
2843 760 3094 816 sanctus,
3146 750 3241 806 sed
3282 750 3339 803 in
3386 763 3508 803 car-

1917 864 2044 916 neo,
2085 849 2140 902 id
2169 857 2276 913 est,
2315 857 2465 903 recte
2508 856 2565 905 et
2598 847 2758 902 facile
2792 846 3085 902 sentiente.
3118 843 3320 899 Carnis
3357 843 3506 897 enim

1917 950 2023 1005 est,
2066 943 2307 1007 sentire;
2345 941 2587 1011 lapidum
2632 949 2815 994 autem
2859 938 3163 1009 proprium,
3210 951 3385 992 sensu
3415 948 3509 989 ca-

1917 1047 2062 1086 rere.
2100 1030 2193 1087 Vel
2249 1033 2416 1088 etiam
2472 1034 2684 1103 lapidea
2739 1042 2796 1087 et
2838 1047 3045 1087 carnea
3098 1041 3324 1100 pectora
3374 1027 3510 1082 dicit

1919 1122 2271 1195 Theologus,
2332 1124 2545 1193 lapidea
2602 1123 2821 1193 quidem
2875 1123 2947 1178 ob
3009 1122 3385 1183 soliditatem,
3454 1125 3512 1173 et

1920 1216 2050 1285 quia
2078 1231 2221 1286 wgre
2249 1216 2643 1281 obliterantur,
2679 1232 2801 1287 quae
2832 1216 2885 1269 in
2918 1216 3055 1286 ipsis
3085 1213 3509 1275 inscribuntur;

1920 1325 2119 1364 carnea
2179 1321 2367 1366 autem
2414 1312 2486 1367 ob
2533 1312 2641 1365 vim
2701 1311 3045 1367 sensibilem.
3120 1307 3278 1363 Unde
3341 1306 3511 1362 etiam

1922 1402 2209 1472 subjungit
2245 1422 2258 1457 :
2295 1390 2451 1469 Quod
2487 1404 2540 1458 in
2586 1404 2900 1472 huiusmodi
2932 1402 3193 1458 cordibus
3221 1412 3514 1456 sermones

1924 1510 2034 1547 non
2064 1495 2257 1549 leviter
2289 1507 2344 1549 et
2368 1496 2661 1566 superficie
2687 1503 2851 1550 tenus
2881 1495 3287 1565 insculpentur,
3312 1506 3377 1547 ac
3395 1493 3513 1547 vcl-

1926 1593 1982 1638 ut
2017 1600 2255 1655 superne
2295 1587 2605 1654 illinentur,
2640 1596 2699 1641 ut
2731 1587 2890 1642 facile
2913 1601 3132 1657 quoque
3152 1585 3361 1640 aboleri
3386 1596 3516 1654 pos-

1925 1678 2057 1741 sint,
2105 1679 2199 1733 sed
2244 1679 2599 1749 penitissime
2629 1681 3131 1750 consignabuntur,
3182 1688 3245 1733 ut
3289 1691 3517 1747 perma.

1857 1766 1900 1820 Β
1928 1781 2096 1825 neant
2126 1790 2140 1825 :
2169 1779 2222 1827 et
2255 1770 2481 1842 quidem
2510 1773 3017 1844 consignabuntur,
3050 1788 3161 1827 non
3186 1779 3517 1833 atramento,

230 1860 330 1915 sed
363 1863 562 1931 gratia.
594 1861 877 1917 Justornm
912 1864 1055 1917 enim
1089 1871 1304 1934 pectus,
1338 1873 1398 1919 ut
1424 1872 1509 1919 est
1543 1864 1685 1934 apud
1728 1878 1984 1939 magnum
2019 1862 2310 1929 Basilium,
2355 1866 2557 1935 spiritu
2593 1866 2684 1921 Dei
2713 1867 2949 1922 viventis
2984 1865 3352 1936 perscriptum
3393 1877 3517 1923 eSt:

230 1955 572 2023 injustornm
610 1964 819 2019 autem,
854 1972 966 2011 non
1010 1957 1209 2028 spiritu
1265 1958 1360 2013 sed
1421 1966 1731 2013 atramento
1756 1957 2108 2013 tenebrarum
2141 1969 2399 2028 cognato,
2435 1966 2489 2013 et
2520 1961 2660 2015 lucis
2693 1960 2872 2015 hoste.

307 2049 428 2104 Col.
464 2048 571 2102 400
609 2048 650 2101 C
685 2048 735 2103 7.
793 2049 985 2103 Ταῦτα
1023 2051 1208 2119 μὲν...
1261 2050 1647 2120 ἐπαγγελίας.
1697 2049 1825 2101 Ἐπ-

234 2145 542 2215 εσφράγισε
570 2144 639 2198 τὰ
672 2144 906 2216 ρηθέντα
929 2143 1018 2198 τοῦ
1053 2145 1259 2217 πατρὸς
1289 2145 1562 2216 ἐγκώμια,
1586 2146 1686 2198 καὶ
1710 2145 1829 2197 δευ⁸

234 2239 416 2310 τέρων
451 2232 607 2300 αὖθις
635 2236 859 2307 ἤρξατο,
904 2236 1172 2307 ὲξομοιῶν
1203 2236 1366 2291 αὐτὸν
1403 2237 1481 2308 τῷ
1536 2235 1788 2308 Ἀϐραὰμ
1810 2273 1825 2296 ,

234 2329 445 2401 ὁμοίως
471 2327 668 2400 ἐκείνῳ
706 2328 805 2400 τὴν
834 2328 1029 2402 πρώην
1063 2329 1276 2400 πλάνην
1303 2328 1698 2383 καταλιπόντα.
1735 2328 1832 2383 Ἐκ

236 2419 353 2489 γὰρ
373 2419 479 2489 τῆς
516 2416 625 2472 τῶν
672 2404 1043 2491 ’Υψισταρίων
1075 2418 1378 2490 λεγομένης
1417 2419 1711 2491 αἱρέσεως,
1752 2421 1833 2483 εἰς

236 2513 344 2580 τὴν
382 2509 669 2563 εὐσέϐειαν
712 2510 1100 2581 μετελήλυθεν.
1144 2509 1222 2564 Οὐ
1257 2512 1419 2582 μόνον
1459 2512 1517 2565 δὲ
1559 2510 1647 2565 διὰ
1676 2512 1835 2566 τοῦτο

260 2601 520 2674 Ἀϐραὰμ
548 2600 808 2672 ὀνομάζει
856 2602 949 2656 τὸν
972 2598 1171 2655 ’ἐαυτοῦ
1204 2603 1436 2676 πατέρα,
1466 2603 1601 2658 ἀλλὰ
1630 2605 1726 2657 καὶ
1760 2604 1836 2668 ὠς

239 2695 496 2767 γηραιὸν,
528 2694 625 2748 καὶ
652 2693 728 2758 ὡς
771 2693 1069 2764 φιλόξενον,
1102 2696 1198 2748 καὶ
1226 2695 1301 2759 ὡς
1347 2695 1697 2767 προσάγοντα
1746 2696 1837 2749 τὸν

240 2791 364 2843 υἱὸν
392 2787 470 2858 τῷ
495 2787 638 2859 Θεῷ,
670 2790 720 2842 εἰ
742 2789 838 2843 καὶ
869 2788 1118 2852 ἑκούσιος
1146 2785 1215 2860 ἦν
1238 2787 1381 2859 αὕτη
1403 2792 1436 2860 ἡ
1473 2791 1836 2862 προσαγωγὴ,

243 2882 342 2935 καὶ
380 2882 506 2951 οὐχὶ
546 2880 690 2934 κατά
733 2881 833 2952 τὴν
879 2880 975 2934 τοῦ
1034 2881 1286 2954 Ἀϐραὰμ
1335 2880 1395 2947 ἐξ
1443 2884 1838 2954 ἐπιτάγματος.

248 2972 608 3045 Πατριάρχην
638 2972 697 3026 δὲ
741 2973 901 3027 αὑτὸν
937 2972 1112 3038 καλεῖ,
1143 2973 1219 3037 ὡς
1258 2973 1469 3048 πατέρα
1491 2975 1587 3029 καὶ
1606 2977 1840 3047 ἄρχοντα

247 3066 351 3135 τῆς
378 3066 612 3129 πόλεως,
632 3065 756 3118 ὅσον
777 3066 868 3118 ἐπὶ
887 3068 1000 3129 τοῖς
1027 3065 1505 3137 ἐκκλησιαστικοῖς
1523 3068 1837 3141 πράγμασι.

247 3155 473 3209 Κανόνα
498 3156 556 3209 δὲ
581 3156 683 3226 τῆς
719 3155 955 3228 ἀρετῆς,
984 3155 1060 3219 ὼς
1102 3157 1283 3210 πᾶσαν
1322 3157 1379 3209 ἐν
1424 3157 1605 3229 ἐαυτῷ
1638 3158 1840 3210 συλλα-

250 3249 419 3302 ϐόντα
443 3249 544 3321 τὴν
571 3246 773 3319 ἀρετὴν
806 3248 903 3302 καὶ
930 3249 1058 3313 τοὺς
1100 3248 1294 3312 ἄλλους
1323 3249 1460 3321 πρὸς
1505 3249 1710 3322 ταύτην
1749 3251 1841 3304 εὐ·-

252 3340 506 3405 θύνοντα,
551 3339 648 3394 καὶ
684 3341 749 3393 τὺ
791 3342 888 3410 μὲν
930 3340 1119 3413 ἄρτιον
1153 3339 1517 3411 δοκιμάζοντα
1546 3343 1642 3396 καὶ
1705 3360 1842 3396 κατ-

254 3436 474 3508 έχοντα,
510 3435 766 3505 καθάπερ
796 3438 824 3490 ὁ
858 3434 1063 3500 κανὼν,
1090 3436 1150 3489 τὸ
1177 3436 1234 3489 δὲ
1267 3436 1519 3509 περιττὸν
1549 3437 1641 3490 καὶ
1674 3437 1846 3490 ἐλλεῖ-

254 3547 381 3596 πον,
410 3529 489 3592 ti);
533 3528 755 3593 κακίαν,
783 3527 974 3595 ξέοντα
998 3529 1093 3581 καὶ
1127 3528 1623 3599 ἀποδοκιμάζοντα.
1656 3531 1765 3600 Τῆς
1791 3530 1848 3583 δὲ

259 3621 564 3693 ἱερωσύνης
604 3619 905 3685 τελείωσιν,
955 3620 1032 3684 ὡς
1080 3621 1258 3676 πάντα
1290 3623 1357 3676 τὰ
1400 3623 1500 3693 τῆς
1549 3623 1850 3696 ἱερωσύνης

256 3710 495 3774 ἐντελῶς
532 3709 739 3781 ἔχοντα.
786 3709 1009 3763 Ἑαυτὸν
1042 3711 1224 3781 μέντοι
1255 3712 1520 3783 μονογενῆ
1563 3713 1848 3784 ὠνόμασεν

257 3803 599 3872 ὁ-Θεολόγος,
632 3802 960 3873 βιασάμενος
981 3805 1072 3857 τὸν
1102 3805 1282 3874 λόγον,
1312 3805 1400 3858 ἵνα
1431 3806 1555 3877 μηδ’
1588 3810 1646 3860 ἐν
1676 3806 1850 3877 τούτῳ

259 3895 363 3964 τῆς
384 3895 530 3949 κατὰ
557 3894 648 3947 τὸν
686 3884 873 3948 Ἰσαὰκ
905 3894 1235 3967 ἐλαττωθείη
1275 3896 1494 3961 θυσίας’
1531 3899 1853 3970 παρεμυθή-

266 4003 398 4041 σατο
429 3986 488 4039 δὲ
527 3985 626 4057 τὴν
663 3986 891 4056 τόλμαν,
935 3988 1234 4057 ἐπαγαγὼν
1264 3989 1358 4042 τὸν
1393 3988 1454 4055 ἐξ
1493 3990 1848 4060 ἐπαγγελίας.

263 4076 332 4131 Ei.
356 4076 470 4149 γὰρ
491 4077 588 4130 καὶ
616 4076 690 4149 μὴ
718 4077 1015 4147 μονογενὴς
1035 4072 1104 4149 ἦν
1134 4077 1275 4131 κατὰ
1302 4079 1402 4148 τὴν
1430 4078 1703 4150 γέννησιν,
1733 4081 1856 4134 ἐπεὶ

271 4170 392 4241 μετ’
431 4168 597 4222 αὑτὸν
624 4168 719 4223 καὶ
748 4168 1011 4239 Γοργονία
1059 4168 1155 4221 καὶ
1200 4169 1505 4241 Καισάριος
1551 4169 1853 4241 ἐγεννήθη,

268 4262 386 4316 ἀλλ’
428 4256 525 4316 οὖν
550 4260 692 4314 κατὰ
720 4259 820 4332 τὴν
855 4260 1189 4329 ἐπαγγελίαν
1222 4260 1517 4333 μονογενὴς
1548 4258 1636 4330 ἦν.
1689 4261 1859 4326 Μόνος

267 4354 382 4425 γάρ
404 4355 520 4416 τοῖς
551 4350 802 4420 γονεῦσιν
831 4352 890 4419 ἐξ
934 4353 1266 4421 ἐπαγγελίας
1291 4350 1511 4424 ἐτέχθη,
1548 4352 1739 4425 ὥσπερ
1765 4356 1860 4408 καὶ

269 4452 301 4501 ὸ
347 4447 539 4501 Ἰσαὰκ
566 4449 632 4517 τῇ
664 4428 854 4518 Σάρρᾳ
885 4447 978 4498 καὶ
1015 4446 1092 4519 τῷ
1116 4446 1393 4517 Ἀϐραάμ.
1426 4448 1496 4500 Ἦ
1531 4449 1672 4519 τάχα
1705 4467 1860 4518 μονοο

270 4538 407 4608 γενῆ
438 4538 634 4591 ἐαυτὸν
652 4537 822 4607 λέγει.
852 4537 929 4601 ὼς
958 4537 1117 4608 μόνον
1145 4537 1541 4606 ὑπολειφθέντα
1561 4538 1640 4610 τῷ
1666 4543 1854 4614 πατρὶ,

270 4631 383 4685 τῶν
400 4630 581 4685 ἄλλων
613 4629 713 4700 ἥδη
747 4630 957 4683 τέκνων
986 4629 1473 4700 τετελευτηκότων.

2005 2051 2174 2119 Atque
2210 2052 2321 2105 lucc
2353 2053 2501 2105 evobis
2537 2052 2689 2122 offert
2740 2051 3063 2106 uenerandus
3087 2053 3194 2119 hic,
3223 2060 3328 2107 etc.
3363 2050 3523 2107 Post-

1930 2156 2095 2209 quam
2141 2145 2457 2212 superiores
2490 2144 2665 2213 patris
2718 2144 2907 2199 laudes
2939 2145 3199 2209 absolvit,
3252 2144 3524 2200 secundas

1925 2233 2038 2303 jam
2078 2234 2389 2298 exorditur,
2435 2236 2669 2290 similem
2710 2252 2834 2291 eum
2864 2252 2990 2291 esse
3023 2238 3216 2292 dicens
3265 2236 3522 2300 Abrahae,

1934 2332 1994 2378 ut
2030 2326 2123 2395 qui
2157 2341 2266 2379 nou
2300 2342 2461 2384 secus
2490 2336 2655 2398 atque
2686 2329 2797 2395 ille,
2837 2329 3128 2399 pristinum
3158 2343 3402 2384 errorem
3440 2346 3528 2383 re-

1933 2414 2178 2484 liquerit.
2200 2414 2341 2470 Nam
2377 2434 2444 2472 ex
2468 2433 2539 2472 ea
2574 2426 2749 2482 secta,
2782 2434 2905 2488 quae
2939 2418 3408 2489 Hypsistariorum
3440 2421 3525 2472 di-

1936 2506 2102 2571 citur,
2146 2509 2214 2561 ad
2262 2523 2405 2562 verae
2449 2510 2670 2579 pietatis
2707 2511 3018 2564 doctrinam
3075 2510 3352 2580 migravit.
3415 2508 3529 2565 Nec

1936 2613 2055 2653 eam
2092 2606 2304 2653 tantum
2336 2601 2407 2655 ob
2445 2616 2667 2656 causam
2703 2612 2911 2670 patrem
2960 2616 3123 2655 suum
3158 2603 3393 2655 Abrahae
3426 2616 3527 2655 no-

1939 2693 2085 2745 mine
2116 2694 2375 2763 appellat,
2408 2693 2503 2748 sed
2536 2694 2700 2748 etiam
2739 2703 2798 2746 ιιι
2837 2709 3045 2756 senem,
3078 2702 3139 2747 ut
3177 2694 3525 2763 hospitalem,

1940 2795 1999 2837 ut
2034 2782 2144 2839 Deo
2183 2787 2351 2839 lilium
2396 2785 2713 2840 oﬂ'erentem
2754 2803 2766 2838 :
2802 2785 3022 2840 tametsi
3064 2786 3373 2839 voluntaria
3415 2788 3533 2838 fue-

1942 2876 2014 2930 rit
2045 2876 2159 2930 haec
2185 2877 2415 2939 oblatio,
2458 2892 2568 2930 non
2614 2885 2797 2931 autem
2840 2877 3131 2947 imperata,
3173 2876 3533 2947 quemadmo-

1942 2968 2071 3022 dum
2125 2969 2217 3022 illa
2271 2970 2524 3023 Abrahae.
2582 2967 2961 3024 Patriarcham
2984 2979 3166 3024 autem
3191 2984 3314 3024 eum
3347 2978 3528 3030 vocat,

1946 3075 2005 3120 ut
2038 3076 2246 3137 patrem
2286 3075 2342 3121 et
2381 3068 2684 3137 principem
2709 3068 2972 3133 civitatis,
3011 3077 3277 3139 quantum
3306 3067 3528 3138 quidem

1946 3160 2016 3213 ad
2052 3175 2140 3214 res
2186 3161 2598 3215 ecclesiasticas
2645 3160 2863 3215 attinet.
2897 3158 3133 3213 Virtutis
3181 3167 3363 3214 autem
3405 3174 3538 3213 nor-

1950 3266 2093 3305 mam
2145 3260 2204 3306 ut
2237 3253 2330 3322 qui
2371 3268 2563 3307 onmes
2590 3254 2812 3308 virtutis
2850 3262 3034 3323 partes
3074 3256 3399 3324 complexus
3439 3254 3535 3314 sit,

1948 3344 2194 3414 aliosque
2236 3345 2302 3399 ad
2337 3361 2457 3400 eam
2491 3346 2712 3415 dirigat,
2747 3354 2803 3401 et
2847 3354 3052 3400 rectum
3083 3345 3303 3415 quidem
3338 3347 3538 3417 regulae

1950 3434 2124 3489 instar
2151 3437 2401 3505 exploret
2453 3451 2518 3490 ac
2567 3437 2821 3499 retineat,
2873 3435 3209 3505 superfluum
3252 3445 3432 3492 autem
3484 3448 3551 3515 et.

1949 3533 2213 3588 deficiens
2258 3530 2489 3583 abradat
2531 3538 2696 3599 atque
2745 3530 3041 3599 improbet.
3077 3528 3196 3583 Jam
3244 3531 3539 3585 sacerdotii
3581 3574 3585 3578 .

1951 3642 2174 3697 quoque
2215 3624 2612 3695 perfectionem
2657 3639 2781 3677 eum
2819 3629 2999 3686 vocat,
3050 3630 3110 3677 ut
3153 3621 3414 3677 omnibus
3455 3636 3541 3674 re-

1951 3720 2078 3781 bus,
2110 3735 2233 3789 qua:
2265 3719 2330 3771 ad
2368 3716 2741 3771 sacerdotiqu
2787 3716 3165 3785 requiruntur,
3208 3716 3425 3770 abunde
3459 3716 3543 3768 in-

1953 3820 2248 3867 structum.
2305 3807 2564 3879 Seipsum
2614 3816 2797 3861 tamen
2847 3807 3187 3876 unigenitum
3229 3805 3543 3868 Theologus

1955 3902 2282 3964 nominavit,
2316 3901 2425 3955 vim
2453 3901 2689 3954 orationi
2723 3897 2980 3963 affer-ens,
3007 3908 3066 3952 ut
3091 3915 3158 3953 ne
3189 3898 3292 3952 hac
3324 3914 3543 3968 quinque

1956 4002 2111 4064 parte
2147 3992 2382 4047 inferius
2411 3992 2713 4061 quidquam
2748 3998 2906 4060 pater
2939 3987 3214 4043 sacrificio
3243 3988 3337 4044 illo
3371 3987 3543 4044 lsaaei

1959 4086 2177 4140 habeat.
2216 4083 2417 4139 Verum
2455 4084 2559 4138 hoc
2587 4083 2874 4153 aliquanto
2904 4081 3171 4135 audacius
3198 4081 3404 4135 dictum
3443 4079 3563 4133 mi-'

1959 4178 2175 4249 ligavit,
2207 4177 2439 4237 addens.
2478 4193 2542 4232 ex
2586 4174 3004 4246 pollicitatione.
3036 4171 3171 4226 Nam
3203 4172 3305 4228 etsi
3354 4172 3545 4240 unige-

1960 4272 2113 4326 nitns
2141 4286 2253 4325 non
2296 4278 2437 4332 erat,
2473 4278 2738 4338 quantum
2784 4265 2854 4320 ad
2902 4265 3264 4325 nativitatem,
3300 4265 3545 4333 quamlu-

1960 4362 2179 4431 quidem
2204 4366 2329 4430 post
2361 4374 2486 4413 eum
2511 4368 2565 4413 et
2588 4355 2862 4427 Gorgonia
2894 4364 2946 4409 et
2976 4354 3254 4409 Caesarius
3286 4368 3547 4424 procrea-

1964 4453 2003 4506 ti
2040 4460 2212 4507 sunt:
2250 4461 2455 4513 tamen,
2502 4451 2547 4504 si
2590 4447 2848 4519 promissi
2887 4445 3158 4500 rationem
3208 4455 3546 4516 spectemus,

1966 4543 2284 4614 unigenitus
2313 4550 2452 4596 erat.
2489 4542 2655 4597 Solus
2685 4543 2832 4596 enim
2865 4555 2933 4597 ex
2961 4541 3361 4609 pollicitatione
3390 4557 3418 4596 ε
3454 4559 3551 4613 pa-

1895 4654 1937 4709 ο
1968 4634 2218 4690 rentibus
2270 4636 2592 4704 progenitus
2640 4642 2745 4696 est,
2789 4635 3250 4704 quemadmodum
3276 4633 3446 4691 .lsaac
3482 4635 3551 4689 ab

283 4749 615 4812 Abrahamo
651 4759 708 4803 et
739 4748 899 4802 Sara.
937 4746 1030 4803 Vel
1080 4746 1318 4803 fortasse
1365 4749 1706 4819 unigenitum
1766 4769 1826 4808 se
1865 4756 2023 4818 dicit,
2073 4752 2217 4823 quod
2269 4751 2422 4805 solus
2457 4751 2600 4820 patri
2631 4752 2878 4822 reliquus
2903 4762 3050 4808 esset
3078 4751 3203 4806 aliis
3229 4750 3552 4820 liberisjam

274 4852 525 4898 extremo
555 4842 679 4895 vitae
706 4841 795 4896 die
829 4839 1151 4911 perfunctis.

348 5056 490 5112 Ibid.
526 5054 614 5109 12.
673 5053 872 5123 Ὑμεῖς
901 5095 915 5108 .
1057 5055 1406 5119 ἐπιϐούλως.
1452 5054 1690 5128 Τοιαύτη
1746 5059 1866 5126 μὲν,

279 5148 468 5221 φησὶν,
511 5148 545 5217 ἡ
572 5145 669 5199 τοῦ
713 5144 922 5216 πατρὸς
968 5143 1334 5216 καρποφορία.
1376 5145 1467 5195 Δεῖ
1506 5142 1563 5195 δὲ
1596 5145 1689 5197 καὶ
1723 5144 1869 5214 ὑμᾶς

278 5240 655 5311 καρποφορεῖν
692 5235 772 5305 τῷ
817 5233 938 5304 Θεῷ
977 5234 1073 5287 xui.
1116 5236 1249 5319 ἡμῖν
1294 5233 1393 5298 τὴν
1426 5234 1740 5287 εὐπείθειαν
1775 5240 1870 5288 καὶ

278 5341 339 5384 το
372 5328 556 5391 καλῶς
598 5325 1004 5396 ποιμαίνεσθαι.
1048 5322 1448 5394 Ποιμανθειητε
1496 5322 1542 5376 δ’
1569 5322 1635 5376 ἂν
1667 5323 1868 5387 καλῶς,

280 5426 361 5486 εἰς
401 5422 503 5493 μὲν
536 5419 634 5491 τὴν
677 5417 990 5488 πρακτικὴν
1026 5415 1248 5488 ἀρετὴν,
1278 5414 1469 5485 ὥσπερ
1500 5416 1580 5477 εἰς
1622 5415 1872 5486 μαλακήν

281 5531 403 5568 τινα
445 5512 543 5566 καὶ
580 5508 812 5582 χλοερὰν
851 5508 1075 5563 πεδιάδα
1112 5507 1652 5577 κατασκηνούμενοι,
1689 5507 1783 5559 καὶ
1810 5506 1871 5559 τὸ

284 5606 385 5674 τῆς
419 5603 601 5674 ψυχῆς
634 5601 942 5664 πιαίνοντες
974 5599 1285 5670 πρόσωπον.
1317 5598 1395 5668 Τῇ
1439 5596 1495 5650 δέ
1534 5596 1735 5664 γνώσει
1775 5598 1869 5651 καὶ

283 5699 351 5767 τῇ
383 5694 591 5766 θεωρίᾳ
628 5693 722 5747 καὶ
769 5691 846 5763 τῷ
893 5692 1108 5762 ποτίμῳ
1154 5690 1264 5743 τῶν
1309 5688 1469 5743 θείων
1510 5687 1764 5760 Γραφῶν,
1795 5688 1870 5751 ὡς

286 5788 442 5844 ὕδατι
476 5785 834 5850 ἀναπαύσεως
864 5784 1277 5856 ἐκτρεφόμενοι.
1309 5782 1384 5837 Οὐ
1426 5779 1586 5852 μόνον
1629 5780 1705 5848 δὲ,
1738 5778 1870 5834 ά).λᾶ

2056 5041 2160 5095 Vos
2199 5050 2395 5105 autem,
2442 5049 2492 5093 et
2532 5038 2665 5103 Deo,
2718 5053 2767 5093 et
2821 5038 2992 5099 nobis,
3042 5037 3096 5091 id
3140 5038 3394 5101 muneris,
3443 5046 3550 5093 etc.

1967 5134 2147 5203 Atque
2191 5133 2534 5203 ltujusmodi,
2581 5135 2782 5204 inquit,
2818 5142 2903 5188 est
2946 5134 3120 5203 patris
3166 5134 3275 5187 mei
3323 5133 3550 5188 oblatio.

1972 5225 2139 5281 Vobis
2179 5235 2359 5278 autem
2402 5224 2713 5279 faciendum
2758 5225 2923 5279 etiam
2961 5232 3065 5290 est,
3100 5232 3158 5278 ut
3202 5223 3332 5289 Den,
3362 5235 3415 5279 et
3456 5240 3556 5279 no-

1968 5320 2078 5381 bis,
2123 5317 2453 5373 obedicntia:
2487 5334 2693 5373 munus
2738 5319 3002 5380 offeratis,
3060 5328 3318 5387 recteque
3362 5333 3557 5387 pasca-

1973 5426 2115 5466 mus.
2147 5409 2203 5465 ld
2238 5424 2401 5480 porro
2438 5411 2879 5480 consequemini,
2915 5412 2961 5464 si
3002 5410 3055 5463 in
3083 5423 3146 5462 ea
3183 5410 3402 5470 virtute,
3436 5425 3557 5478 quae

1979 5505 2033 5559 in
2081 5504 2298 5558 actione
2331 5512 2605 5566 versatur,
2651 5512 2914 5571 tanquam
2947 5503 3003 5557 in
3047 5502 3194 5556 molli
3232 5502 3469 5577 quodam
3502 5509 3558 5575 et

1977 5598 2136 5652 viridi
2161 5613 2358 5668 campo
2383 5596 2665 5655 habitetis.
2691 5598 3040 5666 animamque
3066 5597 3351 5667 saginetis,
3377 5593 3559 5651 scien-

1978 5687 2053 5740 tia
2083 5697 2264 5743 autem
2295 5696 2350 5742 et
2380 5687 2756 5758 speculatione
2794 5700 2859 5740 ac
2890 5685 3204 5740 divinarum
3239 5683 3556 5753 Scriptura-

1980 5794 2102 5835 rnm
2160 5779 2416 5837 dulcibus
2461 5778 2683 5836 fluentis
2731 5787 2992 5853 tanquam
3045 5792 3186 5848 aqua
3242 5775 3558 5833 refectioni:
