3856 6222
274 348 383 403 907

1533 339 1836 396 NICETAS
1872 336 2276 395 SEBBONIL‘S

3447 325 3554 381 968

273 464 611 530 educemini,
668 470 924 534 recteque
970 470 1247 533 pastorem
1304 461 1656 531 cognoscatis
1695 460 1791 530 (ne
1835 473 1865 512 a

1996 460 2065 512 παὶ
2101 462 2191 511 τὸν
2218 457 2453 528 ποιμένα
2483 455 2665 516 καλῶς
2705 452 3089 521 γινώσκοντες,
3130 446 3271 503 ὥστε
3309 445 3388 515 μὴ
3415 446 3556 497 ἁπα-

283 558 441 614 t‘alsis
468 558 750 628 magistris
795 553 1177 624 decipiamini,
1212 561 1382 622 atque
1423 553 1477 605 in
1518 552 1670 621 ipsos
1709 550 1867 619 quasi

1996 549 2166 601 εᾶσθαι
2199 548 2351 619 παρὰ
2413 546 2523 600 τῶν
2586 542 3109 615 ψευδοδιδασκάλων,
3158 538 3295 611 μηδὲ
3335 537 3563 606 περιπί-

286 651 339 704 in
382 660 632 720 pastores
677 647 959 709 incidatis,
996 661 1123 700 cum
1171 644 1324 699 fures
1360 643 1474 698 sint
1512 652 1567 698 et
1603 642 1869 707 latrones)

1996 658 2130 695 πτειν
2169 642 2373 706 αὐτοῖς,
2391 640 2468 704 ὡς
2491 640 2734 710 ποιμέσι,
2762 638 3025 700 κλέπταις
3056 631 3176 690 οὖσι
3202 635 3297 688 καὶ
3310 633 3560 703 λῃσταῖς.

285 749 452 813 atque
496 757 528 796 a
578 752 803 812 pastore
847 735 1286 808 cognoscamini,
1340 750 1451 789 non
1502 734 1872 789 admiscentes

1996 733 2086 787 {at
2110 733 2500 819 γινωσκόμενοι
2531 727 2687 799 αὖθις
2711 731 2817 786 ὑπὸ
2841 730 2935 784 τοῦ
2968 729 3247 800 ποιμένος,
3279 727 3356 800 μὴ
3383 740 3564 795 πῆραι

286 835 500 890 scilicet
520 850 618 889 vos
648 832 846 887 alienis
880 829 1140 901 gregibus
1168 828 1318 898 (qua:
1348 842 1437 881 res
1469 825 1871 895 ignorationem

1978 816 2264 896 μιγνύντες
2284 825 2526 897 δηλονότι
2542 826 2768 888 ἑαυτοὺς
2782 827 2893 889 τοῖς
2908 816 3213 894 ἀλλοτρίοις
3225 821 3564 895 θρέμμασιν,

285 935 342 980 et
367 939 611 980 errorem
644 923 961 994 pastoribus
1000 918 1184 991 parit),
1214 934 1403 973 verum
1440 917 1596 987 signa
1628 926 1683 971 et
1714 924 1875 971 notas

1996 917 2035 985 :E
2070 911 2145 971 ὧν
2170 919 2204 989 ή
2235 917 2427 986 ἄγνοια
2452 920 2565 977 τοῖς
2602 916 2827 988 ποιμέσι
2861 916 3092 985 γίνεται.
3138 914 3303 968 Ἀλλὰ
3342 914 3411 968 τὰ
3438 911 3566 965 ἐπί-

287 1012 745 1068 circumferentes
779 1027 918 1081 quas
950 1025 1116 1065 verus
1151 1017 1345 1079 pastor
1380 1009 1539 1063 vobis
1578 1007 1768 1077 injecit
1794 1015 1878 1060 at-

291 1123 400 1176 que
438 1104 741 1175 impressit.
788 1104 866 1158 Ex
911 1103 1211 1173 Evangelio
1250 1111 1431 1156 autem
1491 1102 1605 1156 hac
1660 1115 1878 1170 quoque

290 1196 706 1268 paraphrastice
739 1196 1049 1249 transtulit.
1091 1194 1363 1264 Cognosce
1416 1195 1557 1247 enim
1596 1208 1760 1256 meas,
1794 1192 1880 1245 in-

289 1290 409 1358 quit
450 1288 705 1342 Christus
733 1288 799 1351 “‘,
845 1297 893 1341 et
928 1303 1217 1356 cognoscur
1246 1303 1280 1340 a
1325 1287 1453 1339 meis
1494 1299 1513 1337 :
1551 1300 1649 1354 per
1692 1285 1881 1354 cogni-

294 1378 498 1433 tionem
537 1377 773 1433 fortasse
799 1376 1115 1432 aﬁinitatem
1144 1385 1198 1431 et
1217 1375 1682 1431 necessitudinem
1721 1375 1879 1428 intel-

294 1471 495 1537 ligens,
540 1469 702 1539 quasi
750 1469 1009 1525 diceret:
1060 1466 1176 1537 Ego
1221 1467 1634 1522 necessitudine
1676 1465 1882 1535 jungar

293 1560 494 1621 ovibus
533 1561 691 1622 meis,
733 1567 789 1614 et
836 1560 970 1629 ipsa:
1018 1559 1152 1613 mihi
1190 1559 1510 1629 jungentur.
1562 1557 1879 1628 Sequamini

291 1659 580 1706 vocantem
612 1649 961 1718 pastoralitcr
990 1655 1045 1702 et
1078 1646 1268 1708 libere,
1305 1644 1359 1699 id
1385 1654 1492 1711 est,
1520 1644 1661 1698 citra
1695 1644 1881 1698 fucum

291 1750 350 1799 et
394 1749 621 1812 aperte,
685 1754 748 1795 ac
786 1754 888 1810 pro
929 1747 1233 1809 potestate,
1281 1745 1341 1792 ut
1384 1747 1661 1807 pastorem
1705 1736 1881 1790 deee-t.

1979 1027 2130 1080 σημα
2158 1009 2417 1080 φέροντες
2438 1010 2532 1061 καὶ
2556 1008 2683 1071 τοὺς
2711 1007 3090 1079 χαρακτῆρας,
3120 1003 3214 1069 οὓς
3245 1006 3275 1058 6
3308 1002 3570 1074 ἀληθινὸς

1979 1103 2183 1175 ποιμὴν
2229 1103 2358 1172 ὑμῖν
2405 1100 2737 1170 ἐπιϐέϐληκε
2772 1102 2868 1153 καὶ
2907 1097 3271 1152 ὲνετύπωσεν.
3329 1098 3424 1150 Ἐκ
3470 1094 3569 1151 τοῦ

1982 1193 2320 1263 Εὐαγγελίου
2342 1193 2401 1250 δὲ
2442 1192 2535 1248 καὶ
2561 1191 2739 1245 ταῦτα
2766 1190 3255 1263 παραπέφρασται.
3278 1192 3329 1243 Γ
3333 1189 3573 1243 ινὼσκω

1980 1286 2114 1356 γὰρ,
2167 1285 2332 1356 φησιν
2381 1285 2410 1337 6
2454 1284 2719 1357 Χριστὸς,
2776 1285 2848 1339 τὰ
2883 1284 3016 1353 ἐμὰ,
3057 1283 3157 1338 καὶ
3203 1282 3573 1352 γινώσκομαι
3646 1294 3669 1308 ⁸

1981 1379 2098 1432 ὑπὸ
2131 1377 2250 1432 τῶν
2272 1377 2449 1453 ἐμῶν.
2503 1376 2711 1430 Γνῶσιν
2741 1376 2871 1443 ἴσως
2904 1376 3101 1444 λέγων,
3142 1375 3240 1447 τὴν
3269 1375 3587 1444 οἰκείωσιν,

1982 1471 2229 1523 τουτέστι
2246 1468 2816 1540 προσοικειωθήσομαι
2832 1470 2942 1531 τοῖς
2955 1483 2995 1518 π
3002 1466 3251 1537 ροὸἀτοις
3262 1469 3376 1528 τοῖς
3392 1466 3570 1536 ὲμοίς.

1983 1564 2078 1621 καὶ
2104 1562 2243 1617 αύτά
2276 1563 2401 1633 ἐμοὶ
2428 1561 2900 1633 οἱκειωθήσονται.
2943 1560 3237 1630 Ἐπόμενοι
3266 1559 3324 1611 δὲ
3359 1559 3457 1612 καὶ
3494 1557 3581 1630 τῷ

1985 1655 2241 1709 καλοῦντι
2277 1654 2613 1726 ποιμενικῶς
2642 1654 2737 1707 καὶ
2770 1653 3110 1723 ἐλευθερίως,
3143 1652 3425 1705 τουτέστιν
3446 1651 3576 1704 ἀδὸ·

1987 1747 2095 1811 λως
2125 1748 2221 1801 καὶ
2250 1747 2507 1819 φανερῶς
2532 1747 2627 1801 καὶ
2659 1746 3087 1813 ὲξουσιαστικῶς
3113 1745 3210 1799 καὶ
3242 1746 3319 1807 ὡς
3365 1744 3585 1798 ἐλευθέ-

294 1834 398 1891 Per
447 1835 651 1890 ostium
685 1842 893 1893 autem,
926 1834 979 1888 id
1020 1842 1128 1895 est,
1177 1849 1275 1902 per
1307 1831 1636 1886 catholicam
1674 1829 1849 1882 doctri

1996 1856 2105 1910 ροις
2143 1840 2375 1910 πρέπον.
2397 1817 2509 1893 νΔιὰ
2537 1839 2638 1907 τῆς
2676 1838 2848 1909 θύρας
2884 1838 2940 1891 δὲ
2961 1882 2975 1904 ,
3008 1839 3175 1908 ἧγουν
3222 1837 3310 1891 διὰ
3338 1838 3451 1891 τῶν
3476 1854 3581 1890 καο-

294 1944 446 1993 nam,
504 1943 626 1996 qua:
676 1926 931 1982 ﬁdelibus
976 1926 1237 1980 omnibus
1282 1933 1471 1995 aperta
1519 1933 1623 1986 est,
1680 1937 1744 1975 ac
1792 1936 1887 1991 per

297 2020 471 2090 ipsam
509 2017 878 2089 Scripturam,
918 2034 1015 2088 per
1060 2034 1224 2091 quant
1267 2019 1335 2073 ad
1383 2017 1543 2071 ﬁdem
1578 2015 1887 2070 introduci-

300 2129 423 2172 mur
455 2133 469 2170 :
506 2114 589 2169 vel
625 2113 789 2168 etiam
825 2126 921 2182 per
946 2111 1254 2175 Christum,
1286 2110 1380 2181 qui
1408 2110 1590 2165 dixit:
1623 2107 1734 2178 Ego
1770 2124 1886 2161 sum

297 2204 587 2258 ostium”.
637 2203 894 2261 Alienum
953 2210 1136 2257 autem
1188 2210 1243 2257 et
1289 2203 1610 2256 mendacem
1663 2202 1889 2256 minime

299 2291 629 2364 sequamini,
682 2292 776 2361 qui
834 2306 943 2344 non
992 2306 1089 2362 per
1135 2290 1411 2361 Evangelii
1460 2293 1601 2345 viam
1658 2291 1889 2353 incedit.

297 2400 402 2440 nec
453 2400 551 2454 per
594 2387 835 2448 ostium,
894 2385 999 2438 hoc
1051 2393 1167 2448 est.
1222 2383 1506 2439 Christum
1561 2381 1887 2454 ingreditur,

301 2478 396 2532 sed
431 2476 749 2548 praedonum
793 2491 945 2530 more
975 2492 1073 2545 per
1113 2476 1331 2530 caulam
1364 2476 1605 2546 prosilit.
1637 2473 1891 2547 Praeceps

300 2571 447 2625 enim
492 2576 544 2625 et
578 2571 852 2625 violentus
882 2579 967 2627 est
999 2570 1384 2625 batreticorum
1434 2571 1681 2623 omnium
1726 2569 1894 2639 impe-

300 2670 416 2726 tus,
458 2677 580 2727 nec,
630 2669 688 2716 ut
737 2660 1044 2732 disciplina:
1094 2662 1240 2717 ratio
1274 2662 1542 2733 postulat,
1577 2677 1674 2731 per
1716 2661 1895 2733 legiti-

301 2770 452 2809 mum
494 2757 695 2811 ostium
731 2754 798 2808 ad
854 2753 1014 2811 ﬁdem
1048 2763 1101 2809 et
1139 2753 1442 2809 Ecclesiam
1480 2754 1891 2824 ingrediuntur.

374 2844 490 2900 Nec
521 2857 795 2903 externam
831 2862 1006 2905 vocem
1056 2844 1314 2909 audiatis,
1362 2845 1740 2913 su/Turanlem.
1784 2851 1890 2898 etc.

300 2937 454 2994 Dixit
486 2924 741 2995 Christus
780 2939 834 2992 in
864 2937 1161 3009 Evangelia
1190 2955 1206 2993 :
1257 2938 1393 2993 Oves
1429 2953 1558 2992 mea:
1594 2937 1894 2992 alienorum

301 3046 476 3085 vocem
506 3048 611 3087 non
645 3039 841 3085 norunt
870 3030 936 3085 ".
972 3029 1093 3086 Illic
1132 3029 1301 3100 igitur
1328 3036 1615 3085 mutuatus
1655 3028 1896 3084 Theolo-

305 3139 429 3194 gus.
484 3127 588 3180 hoc
632 3125 754 3180 loco
784 3125 882 3190 ait,
916 3140 1019 3180 nec
1058 3131 1343 3179 externam
1374 3141 1568 3181 vocem
1610 3125 1891 3180 audiatis:

299 3232 429 3286 qua:
472 3215 692 3285 quidem
748 3214 966 3271 furatur
1011 3224 1067 3270 et
1112 3214 1340 3287 decipit,
1395 3225 1562 3288 atque
1592 3218 1663 3271 ab
1693 3233 1819 3272 una
1846 3228 1900 3273 et

307 3307 533 3365 unieute
576 3309 807 3364 veritate
859 3307 914 3363 in
964 3307 1215 3365 diversas
1264 3309 1557 3379 opiniones
1606 3310 1895 3381 dispergit,

305 3416 430 3469 qua:
457 3399 675 3469 quidem
716 3399 787 3453 ob
840 3399 1204 3457 acclivitatem
1257 3410 1475 3456 montes
1522 3403 1900 3471 metaphorice

305 3490 591 3559 dicuntur,
660 3492 732 3546 ob
777 3492 1122 3547 sterilitatem
1171 3500 1354 3548 autem
1418 3494 1769 3557 solitudines,
1828 3496 1899 3549 ob

306 3579 606 3648 praecipitia
633 3587 814 3634 autem
851 3582 1131 3639 barathra.
1173 3581 1308 3637 Illud
1343 3598 1492 3649 vero,
1523 3582 1719 3645 Locos,
1759 3600 1899 3655 quos

305 3685 420 3729 non
462 3670 649 3725 visitat
683 3671 973 3738 Dominus,
1005 3674 1190 3728 omnia
1230 3691 1354 3745 qua;
1383 3676 1531 3731 dicta
1562 3684 1693 3733 sunt
1723 3676 1900 3747 expli-

305 3769 418 3816 cat.
460 3759 558 3816 llic
590 3773 771 3819 autem
806 3764 960 3820 locus
994 3764 1227 3820 habetur
1280 3767 1335 3822 in
1382 3767 1695 3823 Proverbiis
1743 3768 1899 3821 Salo-

307 3854 491 3908 monis
521 3872 534 3907 :
572 3853 678 3920 Qui
703 3855 844 3908 enim
870 3855 1081 3915 oberrat
1111 3858 1166 3913 in
1214 3859 1402 3926 portis,
1443 3861 1806 3913 demorabitur
1841 3861 1897 3913 in

309 3944 461 4006 locis,
495 3961 624 4014 quos
652 3962 755 3999 non
789 3946 967 4001 visitat
991 3946 1270 4005 xEtcrnus.
1299 3946 1421 4004 Jam
1446 3950 1762 4019 ltujttsmodi
1793 3967 1896 4004 vox

312 4036 692 4091 haereticorum
730 4039 984 4094 homines
1034 4055 1066 4095 a
1104 4055 1235 4097 sana
1274 4041 1526 4097 doctrina
1564 4050 1619 4097 et
1644 4042 1752 4099 ﬁde
1798 4043 1898 4098 ab—

311 4129 485 4191 ducit,
513 4145 636 4201 qme
664 4137 751 4186 est
800 4131 856 4185 in
897 4141 1148 4187 sanctam
1180 4132 1509 4188 Trinitatem
1543 4153 1559 4188 :
1596 4150 1761 4205 quam
1795 4151 1896 4190 vo-

309 4235 432 4274 cem
468 4236 618 4279 same
666 4222 933 4283 doctrinm
971 4240 1103 4281 oves
1137 4240 1271 4281 mere
1316 4241 1541 4296 semper
1582 4228 1894 4289 audierunt.

310 4319 479 4380 atque
509 4313 718 4369 utinam
747 4315 995 4371 audiant.
1041 4313 1394 4385 Depraedatur
1420 4318 1550 4372 item
1589 4333 1689 4372 vos
1722 4318 1896 4373 hatre-

312 4404 443 4464 tica,
486 4401 541 4459 id
565 4415 669 4468 est,
701 4406 849 4460 velut
891 4406 1066 4476 spolia
1096 4407 1306 4477 diripit,
1337 4423 1404 4463 ac
1431 4424 1526 4478 per
1555 4409 1896 4466 adulterinos

1989 1929 2217 1983 θολικῶν
2233 1930 2326 1999 δογ
2334 1929 2653 2001 μάτων,τῶν
2670 1929 2839 1983 ἅπασι
2856 1931 3066 1992 πιστοῖς
3079 1929 3579 1997 ἀναπεπταμένων,

1986 2022 2083 2075 καὶ
2109 2021 2174 2074 δι’
2192 2022 2361 2093 αὐτῆς
2377 2023 2477 2093 τῆς
2503 2022 2747 2094 Γραφῆς,
2768 2021 2835 2074 δι’
2854 2017 2922 2094 ἦς
2947 2023 3027 2085 εἰς
3038 2020 3136 2092 τὴν
3152 2021 3334 2074 πίστιν
3355 2022 3579 2091 εἰσαγὸ-

1993 2113 2154 2183 μεθα.
2187 2113 2257 2166 Ἦ
2295 2114 2392 2166 κοιλ⁸
2433 2112 2520 2166 διὰ
2552 2113 2645 2165 τοῦ
2678 2112 2915 2185 Χριστοῦ
2957 2111 3053 2166 τοῦ
3090 2113 3374 2176 εἰπόντος·
3429 2114 3585 2182 Ἐγώ

1985 2208 2103 2274 εἰμι
2127 2206 2165 2272 ἠ
2184 2206 2352 2273 θύρα.
2396 2204 2685 2276 Ἀλλοτρίῳ
2712 2205 2771 2259 δὲ
2801 2207 2896 2259 καὶ
2917 2205 3306 2276 ψευδοποιμένι
3347 2206 3423 2277 μὴ
3446 2208 3583 2260 ἀκο-

1989 2296 2328 2361 λουθοῦντες,
2377 2299 2526 2361 ὅστις
2572 2298 2634 2351 ού
2668 2298 2758 2353 διὰ
2788 2298 2890 2369 τῆς
2929 2298 3026 2352 τοῦ
3079 2300 3419 2368 Εὐαγγελίου
3457 2300 3585 2358 ὁδοῦ

1993 2388 2306 2461 πορεύεται,
2350 2389 2472 2442 οὐδὲ
2497 2389 2589 2442 διὰ
2616 2390 2715 2460 τῆς
2756 2389 2925 2462 θύρας
2964 2390 3200 2463 Χριστοῦ
3236 2392 3585 2463 εἰσέρχεται,

1992 2481 2127 2535 ἀλλὰ
2162 2481 2470 2554 λῃστρικῶς
2511 2481 2603 2535 διὰ
2655 2481 2827 2552 αὐλῆς
2876 2483 3186 2555 ὑπερπηδᾷ.
3235 2483 3424 2538 Βίαιον
3471 2483 3586 2556 γὰρ

1993 2571 2140 2625 ἅπαν
2170 2572 2281 2625 τῶν
2313 2571 2637 2643 ἑτεροδόξων
2660 2572 2722 2626 τὸ
2749 2575 3000 2645 ὅρμημα,
3030 2576 3124 2633 καὶ
3152 2576 3213 2632 οὐ
3252 2576 3397 2633 κατὰ
3426 2575 3587 2640 τάξιν

1992 2662 2083 2714 διὰ
2124 2663 2224 2733 τῆς
2263 2664 2498 2735 νομίμου
2543 2663 2714 2736 θύρας
2745 2666 2779 2736 ἡ
2825 2665 2964 2736 πρὸς
2994 2666 3094 2739 τὴν
3128 2667 3312 2722 πίστιν
3346 2668 3441 2722 καὶ
3482 2668 3585 2741 τὴν

2005 2756 2332 2827 Ἐκκλησίαν
2357 2758 2583 2823 εἴσοδος,

2063 2848 2185 2903 Col.
2233 2850 2334 2904 4οΙ
2381 2851 2425 2904 Α
2458 2851 2510 2906 Ι.
2558 2852 2729 2922 Μηδὲ
2780 2853 3029 2921 ξένης...
3054 2854 3237 2924 ἀμήν.
3289 2856 3527 2930 Εἴρηκεν
3558 2859 3589 2912 6

1996 2941 2230 3012 Χριστὸς
2260 2943 2318 2996 ὲν
2344 2941 2423 3013 τῷ
2471 2944 2810 3015 Εὐαγγελίῳ,
2844 2947 2926 3000 ὅτι
2968 2947 3043 3001 Τὰ
3076 2949 3343 3017 πρόϐατα
3372 2950 3446 3005 τὰ
3473 2950 3589 3020 ἐμὰ

1994 3035 2109 3086 οὐκ
2136 3033 2335 3088 οἴδασι
2358 3034 2478 3087 τῶν
2518 3036 2853 3105 ἀλλοτρίων
2900 3038 3014 3108 τὴν
3058 3040 3288 3108 φωνήν.
3346 3042 3589 3097 Ἐκεῖθεν

1997 3121 2091 3179 οὖν
2117 3125 2298 3180 λαϐὼν
2334 3128 2363 3179 ὁ
2394 3128 2654 3197 Θεολὸγος
2687 3130 2851 3201 φησὶν
2894 3131 3152 3199 ἐνταῦθα,
3192 3134 3277 3188 ὅτι
3304 3134 3457 3205 Μηδὲ
3484 3135 3590 3205 τῆς

2002 3217 2159 3288 ξένης
2201 3220 2385 3291 φωνῆς
2437 3222 2683 3282 ἀκούετε,
2714 3224 2836 3295 ἣτις
2885 3225 3218 3281 ὑπκλέπτει
3260 3227 3357 3281 καὶ
3400 3229 3591 3300 ἀπατᾷ

2000 3310 2093 3361 καὶ
2119 3309 2489 3382 διασκορπίζει
2521 3312 2629 3366 ἀπὸ
2653 3313 2751 3387 τῆς
2783 3316 2912 3384 μιᾶς
2933 3315 3029 3368 καὶ
3057 3317 3306 3373 ένοποιοῦ
3328 3316 3594 3389 ἀληθείας

1999 3404 2079 3466 είς
2099 3402 2388 3474 διαφόρους
2407 3404 2565 3470 δόξας
2582 3421 2597 3435 ⁸
2623 3407 2823 3468 αἳτινες
2850 3407 2996 3475 δόξαι
3009 3408 3098 3461 διὰ
3127 3411 3225 3481 μὲν
3252 3412 3312 3465 τὸ
3337 3413 3593 3481 ἄναντες,

1999 3495 2101 3564 όρη
2128 3494 2374 3564 λέγονται
2390 3498 2680 3568 ’τροπικῶς
2699 3515 2711 3529 ·
2740 3498 2827 3555 διὰ
2859 3500 2916 3553 δὲ
2945 3501 3004 3553 τὸ
3024 3501 3298 3573 ἄκαρπον,
3320 3505 3551 3576 ἐρημίας
3571 3523 3589 3539 ο

1996 3584 2085 3637 διὰ
2121 3585 2178 3638 δὲ
2228 3586 2288 3639 τὸ
2336 3589 2673 3659 κρημνῶδες,
2711 3590 2983 3665 βάραθρα.
3010 3595 3082 3647 Τὸ
3113 3595 3189 3662 δὲ,
3224 3598 3337 3652 Καὶ
3364 3599 3617 3667 τὸπουςν

1999 3675 2093 3741 οὓς
2119 3681 2221 3731 οὐκ
2245 3679 2537 3733 ἐπισκοπεῖ
2564 3681 2786 3752 Κύριος,
2810 3684 2920 3736 τῶν
2936 3685 3223 3757 ’ῥηθέντων
3240 3692 3591 3762 ὲφερμηνευ-

1998 3769 2148 3822 τικόν
2177 3771 2342 3823 ἐστιν.
2374 3772 2644 3843 Εῖληπται
2675 3773 2733 3826 δὲ
2771 3774 2833 3826 τὸ
2880 3776 3044 3847 ῥητὸν
3085 3779 3193 3835 ἀπὸ
3229 3781 3338 3834 τῶν
3385 3784 3593 3854 Παροι-

2003 3861 2141 3931 μιῶν
2190 3862 2552 3933 Σολομῶντος.
2619 3866 2684 3919 ’0
2741 3867 3135 3937 πλανώμενος
3185 3872 3333 3942 γὰρ,
3391 3878 3593 3947 φησὶν,

1997 3954 2069 4006 ἐν
2104 3957 2345 4022 πύλαις,
2376 3958 2812 4024 αὐλισθήσεται
2834 3961 2905 4014 ἐν
2936 3962 3163 4031 τόποις,
3203 3963 3292 4032 οἷς
3320 3970 3433 4022 οὐκ
3465 3970 3597 4025 ἐπι-

1998 4048 2310 4101 σκοπεῖται
2349 4052 2382 4102 ὀ
2433 4049 2698 4117 Αῐώνιος.
2725 4052 2806 4104 "II
2845 4054 3067 4127 τοιαύτη
3114 4057 3223 4111 τῶν
3269 4060 3596 4131 ἑτεροδόξων

1999 4138 2171 4209 φωνὴ,
2222 4140 2424 4208 ἀπάγει
2461 4141 2558 4209 μὲν
2585 4143 2695 4197 ἀπὸ
2729 4146 2830 4215 τῆς
2866 4146 3053 4211 ὑγιοῦς
3094 4150 3352 4216 πίστεως,
3383 4154 3483 4225 τῆς
3509 4158 3594 4220 εἰς

1997 4228 2096 4297 τὴν
2122 4229 2283 4298 ἁγίαν
2308 4231 2533 4299 Τριάδα,
2565 4228 2634 4304 ἦς
2678 4233 2910 4303 ἤκουσεν
2945 4238 3033 4290 ἀεὶ
3083 4241 3287 4312 φωνῆς,
3320 4243 3422 4313 τῆς
3462 4247 3596 4316 περὶ

1996 4318 2096 4387 τῆς
2123 4319 2310 4386 ὑγιοῦς
2345 4320 2545 4392 δηλαδὴ
2575 4323 2833 4388 πίστεως,
2864 4326 2934 4380 τὰ
2958 4327 3069 4398 ὲμά
3095 4332 3361 4402 πρόϐατα.
3379 4336 3598 4396 Γένοιτο

1996 4407 2171 4462 δὲκαὶ
2204 4411 2444 4465 ἀκούειν.
2494 4412 2807 4484 Συλαγωγεῖ
2849 4417 2924 4489 (Ι)
2972 4419 3029 4474 δὲ
3072 4421 3105 4492 ἡ
3144 4422 3256 4476 τῶν
3294 4427 3596 4497 αίρετικῶν

308 4499 368 4546 et
396 4493 677 4564 improbos
727 4510 1035 4563 sermones,
1067 4513 1164 4554 eos
1192 4500 1286 4568 qui
1323 4500 1694 4570 simpliciores
1742 4513 1893 4569 sunt,

2001 4501 2173 4572 φωνὴ,
2204 4505 2483 4558 τουτέστιν
2529 4506 2607 4572 ὡς
2637 4507 2853 4580 λάφυρα
2900 4510 3189 4583 διαρπάζει
3242 4493 3597 4589 καὶτάπάγει

311 4599 345 4638 a
374 4583 600 4640 Christo
636 4587 837 4643 avertit
878 4596 933 4645 et
969 4603 1207 4660 separat,
1254 4593 1346 4662 qui
1389 4609 1552 4649 verus
1584 4603 1641 4649 et
1683 4596 1893 4665 primus

2001 4596 2129 4660 τοὺς
2161 4597 2583 4669 ἁπλουστέρους,
2648 4600 2826 4671 λόγοις
2881 4607 3231 4679 παρασήμοις
3280 4610 3376 4664 καὶ
3407 4583 3597 4669 ἀδοκί-

312 4683 400 4731 est
444 4686 675 4745 pastor:
727 4681 1223 4755 primus'quidem,
1270 4686 1402 4755 quia
1452 4686 1562 4741 dux
1610 4697 1667 4745 et
1711 4700 1905 4742 aut-tor

315 4767 440 4822 ﬁdei
474 4780 677 4824 nostra:
707 4770 891 4830 dictus
920 4782 1007 4827 est
1034 4773 1098 4837 ι’,
1153 4777 1564 4847 perfectamque
1596 4780 1903 4836 doctrinam

314 4861 637 4931 auspicatus
664 4872 789 4918 cst:
828 4880 995 4921 verus
1040 4874 1244 4929 autem,
1272 4869 1345 4921 oh
1379 4872 1903 4928 excellentissimam

316 4953 738 5023 perfectionem.
772 4956 950 5028 Atque
976 4968 1051 5013 ex
1074 4959 1337 5030 Apostolo
1368 4963 1481 5017 haec
1508 4980 1732 5035 quoque
1761 4981 1909 5021 sum-

319 5058 413 5116 pta
450 5055 601 5102 sunt.
640 5046 848 5105 Scribit
880 5054 1026 5106 enim
1068 5053 1133 5106 ad
1168 5055 1571 5113 Colossenses:
1614 5057 1795 5114 Videte
1845 5075 1906 5115 ne

316 5140 437 5209 quis
461 5155 550 5194 vos
571 5140 901 5210 deprrrdelur
926 5161 1017 5212 per
1045 5147 1459 5218 philosophiam.
1483 5160 1533 5207 et
1560 5152 1773 5207 inanem
1800 5151 1908 5222 [αις

316 5230 514 5284 iaciam
530 5232 600 5285 “.
621 5230 913 5288 Externum
933 5235 1097 5305 igitur
1115 5237 1516 5310 philosophiam
1532 5251 1757 5297 sanctus
1775 5242 1910 5295 Pau-

319 5323 407 5377 lus
428 5323 648 5379 inanem
680 5324 954 5381 fallaciam
988 5329 1293 5384 nominavit
1322 5349 1335 5385 :
1365 5329 1678 5404 Theologus
1701 5345 1903 5400 autem,

321 5429 606 5473 sermones
654 5418 996 5476 adulterinus
1042 5430 1098 5475 et
1148 5430 1462 5495 corruptos.
1530 5424 1726 5482 Postea
1775 5437 1902 5482 voto

320 5506 625 5561 orationem
655 5509 958 5565 concludit.
999 5510 1163 5583 Optat
1188 5513 1331 5569 enim
1368 5524 1426 5569 ut
1460 5526 1708 5586 pastmes
1739 5526 1902 5586 atquc

398 5650 440 5680 “
465 5650 624 5711 Joan.
667 5670 730 5719 ι,
764 5656 851 5712 Η.
930 5657 972 5689 ’⁷
1006 5657 1140 5714 ibid.
1192 5660 1243 5712 7.
1322 5662 1364 5693 "
1398 5661 1532 5716 ibid.

2004 4704 2128 4758 μοις
2164 4689 2426 4753 (τοιοῦτον
2465 4692 2576 4762 γὰρ
2612 4694 2691 4746 τὸ
2737 4694 3010 4765 κίϐδηλον)
3032 4736 3048 4760 ,
3101 4699 3195 4752 καὶ
3222 4702 3447 4772 χωρίζει
3470 4704 3599 4758 κάπὸ

2002 4780 2239 4850 Χριστοῦ
2267 4782 2362 4835 τοῦ
2394 4783 2651 4853 ἀληθινοῦ
2672 4787 2768 4839 καὶ
2797 4787 3016 4860 πρώτου
3046 4793 3333 4863 ποιμένος
3373 4795 3597 4867 πρώτου

2007 4874 2127 4944 μὲν,
2158 4874 2241 4927 ὃτι
2279 4876 2443 4939 αὐτὸς
2479 4878 2722 4947 ἀρχηγὸς
2760 4879 2861 4950 τῆς
2901 4880 3137 4946 πίστεως
3175 4886 3308 4956 ἡμῖν
3343 4886 3601 4958 ἐχρημά-

2004 4983 2120 5019 τισε
2143 4968 2236 5020 καὶ
2268 4969 2366 5039 τῆς
2402 4969 2617 5034 τελείας
2654 4972 2892 5043 κατῆρξε
2920 4974 3301 5040 διδασκαλίας⁹
3336 4978 3602 5049 ἀληθινοῦ

2002 5057 2080 5120 δὲ,
2109 5057 2195 5112 διὰ
2225 5060 2284 5113 τὸ
2300 5062 2502 5131 κυρίως
2523 5062 2615 5116 καὶ
2641 5062 2765 5117 καθ’
2786 5065 3081 5137 ὑπεροχήν.
3115 5068 3280 5123 Ἐκδὲ
3306 5070 3399 5125 τοῦ
3436 5073 3600 5127 Ἀπο-

2006 5148 2195 5203 στόλου
2228 5150 2324 5204 καὶ
2357 5151 2534 5205 ταῦτα
2564 5152 2796 5226 ἐλήφθη.
2827 5156 3034 5227 Γράφει
3060 5158 3172 5230 γὰρ
3200 5158 3595 5218 Κολοσσαεῦσι·

2004 5240 2287 5307 Βλέπετε,
2305 5242 2486 5311 μήτις
2510 5243 2663 5315 ὑμᾶς
2689 5246 2863 5303 ἔσται
2893 5251 2926 5302 ό
2952 5250 3323 5320 συλαγωγῶν
3353 5253 3451 5307 διὰ
3485 5255 3601 5324 τῆς

2006 5335 2372 5402 φιλοσοφίας
2393 5335 2491 5389 καὶ
2509 5337 2694 5406 κενῆς
2706 5337 2963 5407 ἀπάτης.
2988 5342 3100 5413 Τὴν
3129 5342 3233 5409 ἔξω
3249 5339 3343 5397 οὖν
3382 5345 3603 5413 φιλοσοο

2011 5426 2138 5494 (ρίαν
2170 5429 2198 5480 6
2229 5428 2326 5497 μὲν
2385 5428 2539 5497 ἅγιος
2592 5430 2806 5495 Παῦλος
2834 5432 2997 5504 κενὴν
3038 5436 3254 5506 ἀπάτην
3282 5436 3599 5508 ὠνόμασεν·

2008 5519 2037 5570 6
2083 5519 2144 5572 δὲ
2174 5519 2453 5590 Θεολὸγος,
2482 5521 2675 5593 λόγους
2704 5529 3307 5600 παρακεχαραγμένους
3348 5532 3443 5584 καὶ
3484 5531 3604 5586 διε-

1703 5665 1744 5698 ¹⁹
1779 5664 1940 5720 lleltr.
1976 5683 2073 5734 xu,
2098 5668 2152 5724 2.
2233 5671 2278 5702 ¹⁶
2313 5671 2430 5727 Col.
2459 5689 2518 5741 ll,
2547 5672 2600 5728 8.

395 5761 563 5865 at)?
588 5763 677 5822 hic
703 5776 753 5821 et
804 5768 964 5839 paulo
994 5768 1225 5828 inferius
1272 5773 1326 5827 in
1376 5775 1495 5830 loco
1527 5774 1757 5831 Paulino
1822 5782 2259 5855 suprascriptum
2318 5787 2591 5857 reperitur
2655 5789 2845 5860 primae
2897 5792 3118 5865 syllaba:
3163 5794 3400 5851 alterum
3460 5799 3493 5853 λ
3547 5802 3609 5861 ir.

323 5838 447 5889 cad.
485 5847 536 5887 a.
