3856 6222
152 235 264 294 959

1340 235 1430 290 AD
1470 233 1528 290 S.
1553 229 1889 290 (xREGORII
1927 231 2136 287 ORAT.
2179 231 2269 288 XI.

3329 234 3435 290 970

156 350 539 423 φθαρμὲνους.
563 345 697 405 Εἷ-ια
726 351 822 405 καὶ
852 352 930 415 είς
953 351 1119 422 εὐχὴν
1133 349 1440 404 κατακλείει
1460 350 1546 404 τὸν
1574 348 1751 417 λόγον.

1882 365 1992 406 wcs
2044 351 2113 405 ab
2153 351 2465 419 hujusmodt
2511 351 2702 406 alienis
2724 352 3073 421 dogmatibus
3100 362 3358 423 tanquam
3403 368 3435 407 a

159 443 406 515 Εὔχεται
466 444 576 517 γὰρ
625 444 736 497 τῶν
797 430 1058 498 τοιούτων
1110 442 1423 512 ἀλλοφύλων
1474 441 1761 511 δογμάτων

158 539 363 610 πόρρω
377 538 729 608 γενομένους,
756 538 852 592 καὶ
880 536 1153 609 ποιμένας
1165 536 1260 589 καὶ
1285 536 1557 606 ποίμνιον,
1574 535 1762 605 ὥσπερ

157 631 317 693 τινος
337 629 749 701 φαρμακώδους
779 628 1010 700 βοτάνης
1041 630 1137 684 καὶ
1172 628 1399 683 θάνατον
1429 627 1760 697 ἐπαγούσης,

161 722 227 775 ἓν
281 720 431 776 εἶναι
463 722 672 785 πάντας
705 724 797 776 καὶ
832 720 1166 794 νεμομένους
1206 721 1302 774 καὶ
1330 719 1610 790 νέμοντας.
1651 718 1763 771 Καὶ

167 815 314 885 μήτε
355 812 455 867 νῦν
512 812 921 883 διαζευχθῆναι,
958 815 1098 885 μήτε
1143 813 1203 866 ἐν
1239 814 1308 883 τῇ
1352 809 1620 882 μελλούσῃ
1648 807 1761 881 ζωῇ

165 905 266 958 καὶ
296 903 628 959 ἀναπαύσει.
654 903 825 957 Τοῦτο
859 905 917 959 δὲ
966 907 1031 959 ἐκ
1055 904 1150 960 τοῦ
1180 902 1514 972 Εὐαγγελίου
1548 900 1758 955 ἐλαϐεν.

166 994 380 1066 Εἴρηκε
402 993 511 1065 γὰρ
537 997 566 1049 6
587 996 821 1065 Χριστὸς
845 995 983 1068 πρὸς
1011 995 1101 1049 τὸν
1127 996 1348 1066 Πατέρα
1370 992 1624 1065 περὶτῶν
1661 1010 1765 1063 μα-

170 1083 358 1155 Θητῶν
378 1102 394 1117 ο
436 1085 712 1155 Τήρησον
747 1086 973 1151 αὐτοὺς
1012 1086 1084 1140 ἐν
1110 1083 1190 1152 τῷ
1218 1086 1467 1156 ὀνόματί
1490 1099 1628 1147 σου,
1664 1084 1765 1137 ἵνα

168 1169 327 1229 ὦσιν
373 1174 466 1229 ἓν.

771 1458 916 1514 ΤΟΥ
949 1458 1182 1511 ΑΥΤΟΥ

255 1549 577 1620 Ἔρμηνεία
601 1551 689 1617 εις
711 1550 886 1614 τὸν-β’
914 1549 995 1621 (1)
1019 1549 1206 1618 λόγον
1230 1547 1340 1602 τοῦ
1362 1550 1683 1618 Θεολότου.

801 1663 1126 1732 Πρόλογος.

258 1756 595 1819 Ἐπίσκοπος
644 1755 720 1825 (2)
765 1755 1019 1826 Σασίμων
1048 1754 1197 1809 ἄκων
1236 1754 1635 1826 χειροτονηθεὶς
1661 1755 1768 1809 ὑπὸ

175 1847 273 1902 τοῦ
306 1846 545 1920 μεγάλου
600 1842 885 1898 Βασιλείου
930 1843 960 1896 6
1004 1842 1266 1912 Θεολόγος
1314 1842 1637 1914 Γρηγόριος,
1674 1843 1770 1895 καὶ

174 1936 585 2011 τυραννηθῆναι
608 1936 767 2001 δόξας
784 1937 813 1989 6
847 1935 1021 2006 μέγας
1050 1928 1205 1998 οὗτος
1230 1935 1442 2006 Πατὴρ,
1473 1934 1769 2004 ἀφίσταται

178 2035 282 2106 μὲν
319 2031 424 2103 τῆς
468 2030 779 2100 ἐπισκοπῆς
837 2028 1045 2100 ταύτης
1104 2028 1327 2094 εὐθέως,
1373 2029 1684 2098 ἀφικνεῖται
1711 2027 1770 2080 δὲ

176 2124 318 2198 πρὸς
376 2122 700 2189 Ναζιανξόν.
738 2123 923 2194 Ὅπερ·
947 2119 1134 2192 μαθὼν
1176 2123 1205 2174 6
1249 2120 1423 2192 μέγας
1467 2118 1768 2184 Βασίλειος,

176 2216 551 2291 προτρέπεται
571 2214 666 2267 τὸν
704 2212 933 2282 ἀδελφὸν
958 2212 1125 2267 αὐτοῦ
1160 2213 1478 2285 Γρηγόριον,
1506 2211 1598 2265 τὸν
1626 2212 1774 2265 Νύσ-

180 2327 304 2382 σης,
364 2307 624 2362 ἀπελθεῖν
657 2307 739 2369 είς
779 2304 1068 2376 ἐπίσκεψιν
1105 2302 1243 2375 ὁμοῦ
1290 2304 1386 2358 κα).
1419 2303 1771 2376 παραμυθίαν

177 2402 274 2457 τοῦ
303 2400 463 2470 φίλου
488 2399 583 2453 καὶ
610 2398 765 2452 λύσιν
792 2398 905 2452 τῶν
932 2399 992 2450 ὲν
1029 2397 1180 2468 μέσῳ
1212 2394 1549 2449 σκανδάλων.
1573 2392 1772 2448 Τοῦτον

178 2492 544 2564 δέδεξὰμενος
580 2492 784 2554 ἐκεῖνος
806 2490 997 2562 ἡδέως,
1024 2488 1117 2541 τὸν
1133 2487 1378 2558 παρόντι
1405 2485 1562 2556 λόγον
1589 2487 1774 2555 ἐκφω-

180 2585 295 2639 νεῖ·
352 2582 549 2655 πρῶτα
584 2581 684 2653 μὲν
722 2579 1088 2651 ἐγκωμιάζων
1136 2579 1236 2648 τὴν
1267 2577 1533 2649 ξυνωρίδα
1565 2576 1772 2631 τούτων

181 2677 291 2733 τῶν
320 2675 590 2745 ἀδελφῶν,
618 2671 739 2729 εἶτα
779 2675 873 2728 καὶ
904 2672 1322 2742 καθαπτόμενος
1355 2673 1454 2741 τῆς
1490 2669 1584 2723 τοῦ
1617 2669 1773 2740 φίλου

182 2771 321 2842 πρὸς
377 2768 543 2823 αὑτὸν
595 2766 911 2830 διαθέσεως.
958 2766 1040 2820 ὅτι
1097 2765 1370 2835 ἐπισκοπῇ
1416 2763 1643 2837 τοιαύτῃ
1682 2763 1774 2816 τὸν

181 2861 458 2936 δμόψυχον
484 2859 814 2933 ἐπεκήρυξε.
838 2860 930 2913 τὸν
965 2860 1189 2930 ἡσυχίας
1217 2858 1474 2930 ἐραστὴν,
1502 2860 1568 2930 τῇ
1595 2858 1777 2928 πάσης

184 2953 627 3028 ἐμπεπλησμένῃ
681 2952 927 3025 ταραχῆς
1001 2951 1095 3005 κα),
1148 2950 1485 3021 συγχύσεως.
1542 2950 1776 3003 Ἔπειτα

1864 458 2134 499 venenosa
2171 443 2407 514 quadam
2456 444 2646 510 herba,
2702 446 3064 516 morbumque
3111 454 3165 501 ct
3206 452 3435 499 mortem

1862 536 2171 601 invehente,
2204 538 2397 607 procul
2419 552 2480 592 se
2499 549 2839 605 removeam,
2870 547 3036 609 atque
3053 553 3220 592 unum
3241 551 3439 592 omnes

1863 628 1994 688 sint,
2031 637 2144 683 tam
2182 630 2278 701 qui
2313 640 2636 701 pascuntur,
2671 645 2836 703 quam
2873 633 2909 685 ii
2943 631 3147 701 quibus
3176 629 3440 702 pascendi

1862 720 2044 790 gregis
2071 734 2203 775 cura
2235 723 2535 789 incumbit;
2571 736 2635 777 ac
2666 738 2843 792 neque
2871 724 2925 778 in
2953 723 3057 777 hoc
3085 722 3313 786 saeculo,
3342 734 3442 775 ne-

1862 826 1969 881 que
1997 813 2051 867 in
2084 811 2266 867 futura
2301 814 2413 868 vita
2444 822 2500 869 et
2535 815 2727 884 requie
2759 815 2904 868 inter
2935 828 2995 868 se
3024 812 3438 881 disiungantur.

1862 903 2018 971 Quod
2063 907 2231 961 etiam
2278 909 2456 978 ipsum
2490 923 2555 963 ex
2599 900 2897 976 Evangé‘lio
2942 905 3182 975 sumpsit
3213 904 3444 959 Theoloo

1862 1012 1985 1068 gus.
2016 996 2160 1052 Dixit
2187 1000 2339 1053 enim
2361 1000 2428 1055 de
2460 999 2751 1069 discipulis
2792 998 3048 1053 Christus
3081 997 3149 1051 ad
3180 996 3396 1051 Patrem
3422 1013 3437 1028 ο

1866 1089 2029 1145 Serva
2057 1106 2144 1146 eos
2178 1092 2231 1145 in
2259 1097 2468 1146 nomine
2498 1101 2608 1154 tuo,
2638 1100 2699 1145 ut
2726 1106 2891 1144 unum
2938 1093 3045 1143 sint
3075 1089 3141 1143 ¹¹.
3189 1088 3311 1160 [(5)
3344 1087 3445 1142 Hic

1865 1193 2046 1238 autem
2084 1185 2329 1255 epilogus
2370 1187 2676 1241 communis
2707 1193 2789 1240 est
2820 1182 3078 1255 precatio,
3105 1197 3294 1238 eorum
3323 1194 3446 1252 quae

1865 1276 2145 1330 contraria
2174 1285 2230 1331 et
2276 1277 2397 1331 dira
2446 1291 2512 1332 ac
2556 1276 2877 1332 detestanda
2923 1283 3052 1331 sunt
3100 1273 3441 1329 aversionerr.

1865 1368 2212 1440 continens]

2501 1457 2816 1517 EJUSDEM

1924 1554 2296 1625 Interpretatio
2313 1556 2367 1609 in
2398 1555 2682 1609 secundam
2701 1552 2948 1624 Theologi
2967 1551 3262 1606 orationem
3288 1548 3389 1621 (6).

2529 1667 2814 1740 Prologus.

1939 1764 2078 1818 Cum
2151 1763 2355 1818 invitus
2420 1761 2712 1834 episcopus
2761 1760 3101 1817 Sasimorum
3160 1759 3450 1815 ordinatus

1869 1866 2019 1914 esset
2069 1873 2099 1912 a
2132 1871 2332 1928 magno
2388 1855 2595 1912 Basilio
2628 1855 2942 1927 Theologus
2986 1852 3303 1925 Gregorius,
3340 1853 3448 1908 vim

1870 1950 1981 2022 pati
2039 1949 2364 2005 existimans
2409 1963 2644 2017 magnus
2681 1947 2770 2002 ille
2809 1945 2990 2011 Pater,
3028 1945 3321 2001 confestim
3380 1943 3450 1998 ab

1871 2042 1978 2097 hoc
2017 2043 2343 2113 episcopatu
2366 2042 2599 2107 recedit,
2641 2039 3088 2111 Nazianzumque
3134 2041 3291 2110 petit.
3329 2037 3451 2104 Quo

1870 2133 2111 2203 cognito,
2158 2148 2387 2204 magnus
2423 2131 2659 2188 Basilius
2708 2131 2957 2187 hortatur
3009 2131 3233 2186 fratrem
3291 2142 3450 2185 suum

1871 2223 2196 2295 Gregorium
2232 2222 2564 2296 Nyssenum,
2594 2223 2978 2296 proficiscatur
3011 2223 3079 2278 ad
3106 2220 3453 2278 invisendum

1874 2316 2038 2373 simul
2104 2324 2158 2371 et
2213 2317 2616 2374 consolandum
2682 2317 2922 2372 amicum
2956 2358 2972 2384 ,
3025 2317 3374 2387 tollendaque
3422 2331 3456 2372 ο

1876 2411 2060 2466 medio
2093 2408 2379 2465 scandala.
2411 2409 2495 2464 Ad
2524 2426 2692 2480 quem
2727 2411 2847 2465 lane
2880 2419 3170 2481 exceptum
3200 2411 3290 2465 ille
3311 2424 3453 2478 prte—

1875 2511 2086 2556 sentem
2142 2501 2338 2556 habuit
2385 2502 2721 2556 orationem.
2772 2499 3016 2555 Primum
3057 2500 3302 2571 quidem,
3332 2502 3457 2571 lau-

1875 2592 2003 2648 data
2054 2593 2254 2648 horum
2310 2591 2546 2648 fratrum
2595 2593 2911 2657 concordia,
2952 2596 3130 2665 carpit
3163 2594 3323 2650 amici
3366 2595 3454 2650 sui

1877 2701 2008 2757 erga
2044 2701 2104 2742 se
2134 2685 2304 2741 animi
2336 2684 2776 2756 dispositionem,
2815 2686 3074 2756 quoniam
3110 2685 3203 2739 tali
3243 2686 3457 2756 episco-

1876 2782 2025 2850 patui
2073 2778 2387 2834 unanimem
2430 2793 2588 2834 suum
2630 2777 2877 2848 praefecit
2918 2780 3118 2850 quietis
3160 2779 3458 2850 cupidissi-

1878 2889 2052 2936 mum,
2080 2872 2231 2927 omni
2261 2873 2470 2943 repleto
2504 2870 2832 2928 confusione
2868 2880 2923 2927 et
2953 2873 3227 2939 tumultu;
3257 2870 3461 2930 deinde

1879 2964 1945 3019 ad
1976 2964 2300 3020 concionem
2334 2970 2604 3018 astantem
2645 2964 2700 3018 in
2744 2963 2981 3034 ecclesia
3013 2965 3266 3020 oratione
3298 2980 3458 3021 versa

185 3048 325 3121 πρὸς
351 3048 444 3102 τὸν
474 3043 779 3118 τηνικαῦτα
823 3045 1065 3117 παρόντα
1099 3043 1355 3111 σύλλογον
1389 3042 1531 3096 κατὰ
1562 3041 1659 3114 τὴν
1685 3043 1774 3095 Ex-

1883 3056 1902 3127 (
1933 3055 2133 3111 festum
2168 3057 2314 3112 enim
2354 3063 2659 3127 martyrum
2688 3056 2919 3127 agebant
2948 3057 3459 3129 ceiehrabantque),

183 3138 418 3212 κλησίαν
443 3137 797 3210 ἀποστρέψας
833 3137 924 3191 τὸν
963 3136 1121 3204 λόγον
1181 3134 1398 3207 (ἐορτὴν
1428 3134 1535 3208 γὰρ
1569 3134 1779 3207 μαρτύ-

187 3250 299 3306 ρων
328 3230 585 3295 ἐδόξαζον
613 3230 710 3282 καὶ
736 3224 1057 3301 ἑώρταζον),
1094 3225 1481 3298 διδασκαλικὴν
1511 3226 1779 3298 προσάγει

184 3324 284 3397 τὴν
312 3323 661 3395 παραίνεσιν,
720 3321 856 3392 πρὸς
895 3319 965 3374 τὰ
1006 3318 1146 3373 καλὰ
1179 3320 1279 3391 μὲν
1303 3318 1645 3391 παροξύνων,
1671 3318 1779 3373 τῶν

184 3417 241 3471 δέ
271 3414 499 3487 φαύλων
526 3412 999 3483 ἀποτρεπόμενος.

256 3530 377 3585 Col.
411 3527 518 3582 8'52
545 3525 588 3580 Β
616 3527 669 3581 6.
722 3527 908 3580 Φίλου
951 3525 1195 3580 πιστοῦ.
1235 3565 1249 3577 .
1289 3565 1303 3578 .
1355 3523 1779 3593 εὐωδέστερον.

198 3621 337 3677 Ἀπὸ
362 3618 592 3691 γνώμης
640 3619 703 3672 τδ
735 3617 1045 3689 προοίμιον.
1079 3615 1217 3686 Φησὶ
1256 3617 1363 3688 γάρ
1410 3615 1617 3686 Ἰησοῦς
1638 3617 1665 3668 6
1688 3614 1781 3668 τοῦ

188 3713 397 3785 Σιράχ⁴
456 3711 642 3767 dimov
707 3709 928 3763 πιστοῦ
990 3711 1102 3763 οὐκ
1159 3707 1332 3761 ἔστιν
1369 3707 1780 3775 ἀντάλλαγμα,

188 3806 289 3860 καί
314 3806 430 3860 οὐκ
462 3805 594 3859 ἔστι
652 3801 921 3872 σταθμὸς
960 3799 1069 3868 τῆς
1103 3800 1417 3870 καλλονῆς
1440 3799 1627 3855 αὐτοῦ
1647 3818 1659 3832 ·
1692 3801 1785 3854 καὶ

189 3898 383 3953 πάλιν·
439 3896 621 3961 Φίλος
649 3893 887 3960 πιστὸς,
917 3892 1115 3961 σκέπη
1138 3890 1407 3961 κραταιά·
1439 3894 1472 3946 ό
1498 3891 1567 3945 δὲ
1594 3891 1786 3960 εὑρὼν

188 3989 402 4050 αὑτὸν,
442 3981 582 4054 εὗρε
627 3984 958 4052 θησαυρόν.
1022 3982 1104 4035 Τὰ
1157 3982 1235 4051 (5)
1281 3981 1337 4035 δὲ
1379 3981 1504 4052 ἑξῆς
1548 3982 1656 4035 ἀπὸ
1689 3980 1784 4035 τοῦ

191 4078 540 4150 Σολομῶντος
563 4074 952 4148 παρεφράσθη,
996 4072 1286 4143 λέγοντοςο
1327 4072 1619 4140 Ἀδελερὸς
1666 4073 1786 4126 ὑπὸ

189 4169 467 4240 ἀδελφοῦ
506 4168 945 4237 βοηθούμενος,
993 4165 1074 4231 ὡς
1119 4165 1297 4229 πόλις
1329 4161 1539 4233 ὀχυρά.
1576 4164 1789 4231 Ἰσχύει

191 4267 305 4336 γὰρ
328 4264 405 4330 (ι)
438 4260 642 4329 ὥσπερ
677 4257 1172 4329 μεμοχλευμένον
1210 4256 1557 4322 βασίλειον.
1604 4255 1678 4309 Τδ
1708 4254 1786 4323 δὲ,

1880 3149 2213 3204 hortativum
2273 3147 2482 3220 profert
2534 3147 2985 3217 admonitionem,
3045 3149 3114 3205 ad
3164 3150 3306 3207 bona
3362 3165 3459 3208 eos

1879 3243 2129 3299 excitans
2155 3250 2210 3298 et
2240 3258 2269 3297 a
2300 3245 2458 3298 malis
2481 3245 2784 3311 deterrens.

1955 3510 2143 3564 Amico
2212 3508 2449 3579 Μαίη..
2510 3511 2863 3583 fragrantius.
2923 3545 2994 3554 —
3043 3514 3121 3571 Ex
3187 3518 3459 3574 sententia

1885 3601 2235 3671 principium.
2288 3603 2379 3656 Ait
2430 3604 2574 3658 enim
2612 3604 2758 3661 filius
2807 3604 3001 3663 Sirach
3033 3606 3198 3669 Jesus
3227 3629 3240 3664 :
3274 3612 3458 3665 Amico

1884 3693 2032 3762 ﬁdeli
2053 3693 2202 3748 nulla
2228 3705 2305 3749 est
2337 3698 2683 3766 comparatio,
2706 3716 2798 3753 uec
2825 3700 2938 3754 ulla
2970 3713 3047 3754 est
3077 3701 3238 3773 digna
3264 3703 3463 3772 ponde-

1885 3788 2025 3840 ratio
2056 3797 2244 3840 contra
2277 3788 2563 3842 bonitatem
2598 3791 2747 3846 illius
2767 3793 2850 3859 ”;
2887 3802 2941 3847 et
2974 3809 3170 3850 rursus
3199 3814 3211 3850 :
3247 3798 3463 3852 Amicus

1886 3877 2081 3947 ﬁdelis,
2135 3878 2389 3948 protectio
2444 3881 2621 3950 fortis.
2662 3883 2766 3950 Qui
2820 3895 2995 3939 autem
3037 3888 3235 3942 invenit
3285 3888 3465 3957 illum,

1888 3967 2196 4023 thesaurum
2250 3970 2444 4024 invenit
2469 3971 2535 4024 ”.
2576 3971 2709 4038 Quae
2766 3984 2948 4028 autem
3007 3986 3340 4047 sequuntur,
3398 3994 3467 4034 ex

1891 4061 2188 4118 Salomone
2219 4063 2508 4135 desumpta
2537 4077 2667 4121 sunt
2701 4067 2922 4123 dicente
2949 4088 2961 4124 :
3011 4067 3206 4126 Frater
3235 4089 3268 4125 a
3297 4056 3469 4135 fratre

1890 4156 2130 4221 adiutus,
2152 4158 2287 4209 sicut
2305 4156 2430 4211 urbs
2449 4160 2678 4224 munita;
2694 4160 2826 4231 uiget
2855 4163 2993 4215 enim
3023 4163 3469 4234 quemadmodum

1892 4248 2154 4311 munitum
2179 4249 2441 4315 palatium
2464 4249 2531 4302 ".
2568 4250 2681 4306 Hoc
2724 4259 2929 4315 autem.
2961 4254 3120 4311 vivus
3147 4255 3466 4322 thesaurus,

192 4351 474 4424 θησαυρὸς
530 4348 795 4419 ἔμψυχος,
837 4348 902 4401 ἐκ
936 4348 1045 4400 τῶν
1104 4345 1227 4411 ἔξω.
1288 4344 1636 4420 Ἀλέξανδρος
1678 4346 1774 4419 γὰρ

1893 4355 1958 4394 ex
1992 4339 2225 4395 historia
2258 4350 2507 4397 externa.
2542 4341 2852 4399 Alexander
2880 4345 3026 4399 enim
3070 4346 3465 4421 interrogatus,

193 4422 519 4512 ἐρωτηθεὶς,
577 4436 681 4491 ποῦ
731 4437 858 4499 τοὺς
916 4434 1222 4506 θησαυροὺς
1270 4433 1404 4505 ἔχει,
1439 4434 1568 4498 τοὺς
1606 4434 1774 4505 φίλους

1901 4433 1989 4487 ubi
2024 4433 2313 4489 thesauros
2353 4435 2599 4499 haberet,
2637 4444 2936 4507 priescntes
2968 4439 3208 4494 ostendit
3235 4442 3466 4509 amicos,

193 4532 471 4604 παρόντας
489 4527 788 4593 ὑπέδειξεν,
817 4527 1015 4590 οἵτινες
1048 4526 1293 4597 ἔμψυχος
1318 4520 1461 4599 ἦσαν
1492 4525 1774 4599 θησαυρός

1894 4522 1986 4591 qui
2022 4520 2181 4577 vivus
2230 4532 2388 4578 erant
2437 4524 2749 4582 thesaurus.
2789 4525 2933 4582 Dicit
2985 4545 3206 4602 quoque
3263 4534 3466 4590 alicubi

193 4624 361 4693 Λέγει
392 4624 448 4677 δέ
477 4640 581 4676 που
605 4623 699 4676 κα).
720 4621 946 4689 Θέογνις
966 4622 995 4673 6
1025 4619 1276 4692 ποιητὴς,
1300 4621 1382 4674 ὅτι
1408 4621 1607 4685 Πιστὸς
1657 4620 1774 4693 ἀνὴρ

1895 4612 2175 4686 Theognis
2226 4624 2410 4687 poeta,
2461 4616 2608 4687 quod
2660 4617 2837 4675 fidelis
2872 4619 2959 4674 vir
2987 4636 3124 4676 auro
3153 4629 3207 4678 et
3241 4632 3471 4695 argento

194 4715 389 4789 χρυσῷ
424 4732 485 4768 τε
543 4713 641 4768 καὶ
675 4712 906 4785 ἀργύρῳ
954 4711 1374 4785 ἀντερείσασθαι
1424 4712 1595 4778 ἄξιος,
1630 4713 1774 4783 ἦγουε

1895 4706 1988 4777 qui
2022 4715 2335 4778 opponatur
2365 4708 2586 4780 dignus,
2621 4709 2675 4764 id
2727 4720 2812 4766 est
2861 4713 2954 4781 qui
2983 4727 3266 4783 pensetur.
3301 4715 3472 4785 Super

193 4806 731 4878 ἀντισταθμηθῆναι.
771 4803 848 4858 Τὸ
897 4803 976 4869 δὲ,
1032 4798 1493 4870 ’Υπὲρχρυσίον
1510 4799 1774 4859 dantdat

1896 4816 2087 4852 aurum
2116 4812 2163 4855 et
2195 4800 2428 4872 lapidem
2457 4802 2745 4870 pretiosum
2796 4802 3043 4870 multum,
3090 4798 3156 4862 ex
3199 4805 3369 4864 David
3391 4810 3471 4879 “;

197 4903 399 4971 τίμιον
420 4898 641 4961 πολὺν,
684 4898 749 4950 ἐκ
801 4895 896 4948 τοῦ
929 4893 1111 4949 Δαυῖδ.
1154 4895 1249 4947 Ἐκ
1290 4893 1348 4947 δέ
1389 4893 1483 4948 τοῦ
1514 4895 1774 4966 Ι’ᾼσματοέ

1891 4901 2054 4961 atque
2083 4908 2114 4947 e
2141 4893 2484 4948 canticorum
2508 4892 2733 4948 Cantico
2756 4894 2889 4950 illud
2910 4911 2923 4948 :
2944 4895 3147 4952 Hortus
3172 4902 3470 4965 conclusus,

194 4993 310 5046 τῶν
330 4989 594 5064 ᾀσμάτων
626 4989 709 5053 τὸ,
748 4986 954 5056 Κῆπος
1001 4984 1453 5054 κεκλεισμέγος,
1496 4987 1595 5039 καί
1629 4987 1774 5056 amri

1891 4980 2012 5049 fons
2050 4982 2290 5051 signatus
2310 4983 2395 5049 ’°;
2436 4982 2596 5052 cujus
2622 4993 2678 5039 et
2706 4984 3212 5064 interpretationem
3239 4989 3473 5061 Theolo-

194 5062 678 5153 εσςορατισμένη.
721 5073 791 5150 ἧς
838 5078 933 5131 καὶ
959 5076 1059 5148 τὴν
1107 5076 1404 5148 ἑρμηνείαν
1457 5078 1487 5130 6
1534 5077 1774 5148 Θεολὸγοι

1893 5089 1995 5144 gus
2025 5064 2544 5145 adjecitzQuoniam
2598 5073 2722 5132 fons
2775 5062 2829 5132 et
2882 5077 3079 5134 hortus
3114 5082 3187 5135 ob
3237 5081 3473 5154 idipsum

198 5171 567 5245 προσέθηκεν,
601 5171 683 5223 ὅτι
724 5170 788 5223 Ἦ
818 5169 970 5238 πηγὴ
1001 5167 1094 5222 καὶ
1123 5169 1153 5221 6
1174 5168 1351 5238 κῆπος
1386 5167 1474 5221 διά
1508 5168 1665 5223 τοῦτό
1690 5172 1774 5224 εἰσ

1896 5168 2147 5224 conclusi
2183 5178 2335 5234 sunt,
2396 5178 2456 5224 ut
2502 5170 2557 5224 in
2600 5172 2855 5229 utilitatis
2889 5182 3132 5245 tempore
3156 5176 3477 5244 aperiantur

196 5263 588 5334 κεκλεισμένα,
626 5261 716 5315 ἶνα
765 5260 905 5314 κατά
940 5260 1034 5313 τὸν
1061 5260 1161 5326 τῆς
1190 5260 1379 5330 χρείας
1421 5260 1612 5331 καιρὸν
1649 5261 1774 5315 ἀνοίι

1902 5268 1956 5315 et
1982 5262 2479 5318 communicentur.
2508 5260 2860 5336 Rursumque
2893 5265 3049 5333 illud,
3085 5267 3189 5338 lilii
3220 5269 3372 5335 lucis,
3408 5285 3480 5325 ex

268 5393 311 5425 ²¹
341 5390 503 5446 Joan.
539 5406 675 5454 xvu,
706 5389 792 5445 11.
866 5389 911 5421 ²¹
941 5387 1111 5473 Ecoli.
1139 5404 1214 5455 νι,
1235 5388 1319 5443 15.
1397 5391 1444 5420 ’⁸
1472 5383 1601 5445 ibid.
1628 5391 1717 5449 N.

1882 5393 2312 5458 Prov.xvttt,i9.
2388 5396 2432 5425 ³⁸
2468 5392 2614 5449 Psal.
2650 5411 2804 5460 xvm,
2839 5395 2927 5449 11.
3006 5397 3053 5427 ³⁸
3083 5397 3244 5453 Cum.
3279 5415 3355 5463 tv,
3390 5401 3480 5459 12.

275 5526 355 5594 (1)
376 5523 520 5579 Olim
549 5523 638 5589 Vl,
671 5539 818 5578 nunc
857 5523 949 5578 XI.

273 5596 353 5663 (2)
389 5595 545 5650 Hanc
576 5594 950 5663 praefationem
979 5595 1185 5663 ornittit
1210 5594 1334 5649 cod.
1372 5594 1429 5651 h.

275 5666 453 5738 (3)1‘6
484 5668 539 5720 h.
577 5662 699 5738 Mox
732 5666 915 5738 laudat
945 5662 1151 5736 Theog.
1189 5682 1242 5720 ν.
1276 5664 1366 5733 77,
1402 5682 1562 5738 quem
1606 5666 1749 5725 vide.

274 5737 351 5806 (4)
381 5736 447 5789 Δὲ
473 5752 572 5808 pro
605 5736 713 5805 γάρ
740 5735 799 5791 h.
1108 5735 1118 5736 “
1191 5764 1204 5785 .

528 5830 802 5890 ΡΑἰ-ιιοι..
852 5828 968 5888 (in.
1015 5827 1313 5890 XXXVI.

3076 5833 3150 5897 31

1971 5535 2050 5605 (5)
2076 5533 2289 5606 inclusa
2321 5535 2601 5589 adduntur
2639 5536 2780 5606 apud
2816 5536 3054 5594 Billium.

1978 5607 2053 5673 (6)
2084 5605 2265 5660 Pauca
2331 5615 2542 5659 tantum
2600 5605 2847 5662 in’hanc
2904 5611 3210 5664 orationem
3273 5610 3484 5667 scholia

1898 5692 1961 5733 ex
1986 5675 2176 5733 Graeco
2205 5674 2407 5732 Nic-em
2434 5675 2624 5734 Latine
2656 5677 2824 5735 edidit
2858 5677 3047 5737 Billius
3071 5698 3124 5751 ιι.
3160 5680 3285 5738 535.
3462 5683 3465 5686 ’
