3856 6220
389 222 486 278 971

1664 223 1958 282 NICETAS
1995 222 2384 284 SERRONHJS

3556 221 3662 276 97?.

386 337 705 408 Evangelia.
729 336 976 410 Namque
993 341 1100 395 ait:
1139 339 1206 394 Ut
1238 342 1339 412 ﬁlii
1361 342 1494 395 lucis
1525 343 1669 412 βαιὴ
1700 344 1766 394 ³⁷.
1795 341 1956 396 Homo

2073 361 2275 412 γωνται
2325 345 2416 398 καὶ
2467 342 3024 414 μεταλαμϐάνωνται.
3088 340 3256 395 Πάλιν
3296 339 3356 392 τὸ
3397 339 3650 409 μὲν,υιοὶ

386 437 565 483 autem
599 428 690 484 Dei
721 439 775 485 et
798 431 1012 504 Moyses
1043 442 1270 489 vocatus
1297 444 1382 489 est
1411 436 1476 498 “,
1505 443 1559 489 et
1585 435 1806 504 quidam
1838 449 1965 504 pro-

383 523 543 590 pheta
585 523 638 577 in
672 523 913 596 Regibus
942 529 1021 590 ὀς
1057 537 1220 596 alque
1263 526 1611 582 Timotheum
1649 529 1730 582 sic
1788 528 1964 580 nomi-

387 613 536 666 navit
557 612 858 683 Apostolus
881 616 947 671 ³⁸.
979 615 1038 670 In
1067 617 1260 671 Exodo
1288 634 1507 687 quoque
1550 618 1754 672 dicitur
1785 637 1799 673 :
1861 616 1964 671 Sa-

383 704 616 759 cerdotes
665 707 732 758 ad
773 706 942 760 Deum
974 709 1193 776 propius
1228 709 1531 762 accedentes
1555 708 1622 760 ³⁸.
1659 707 1846 762 Daniel
1874 725 1964 762 au-

384 806 494 852 tem
540 798 625 851 vir
654 799 973 853 nominatus
1003 809 1085 854 est
1137 799 1538 855 desideriorum
1565 801 1646 865 “;
1693 801 1962 855 bonorum

383 889 604 958 quidem
625 890 825 960 adjecit
850 891 1181 962 Theologus.
1213 892 1353 945 Sunt
1382 892 1503 946 ideo
1533 899 1587 947 et
1613 893 1716 947 viri
1746 893 1963 948 deside-

386 981 598 1036 riorum
627 982 920 1037 malorum.
965 982 1062 1036 Est
1117 984 1283 1053 igitur
1315 985 1528 1038 amicus
1562 982 1738 1038 ﬁdelis
1780 984 1960 1039 solatii

383 1080 593 1140 portus.
629 1071 784 1138 Quod
817 1075 863 1128 si
897 1089 1027 1128 vero
1059 1073 1262 1145 dignus
1307 1083 1392 1130 est
1427 1076 1520 1144 qui
1572 1076 1962 1146 pulcherrimis

382 1165 700 1234 designetur
746 1169 1083 1234 nominibus,
1121 1171 1322 1237 quibus
1379 1178 1433 1224 et
1494 1178 1722 1224 exornat
1776 1170 1960 1224 divina

383 1253 668 1328 Scriptura
697 1269 942 1323 sanctos,
971 1261 1022 1315 id
1057 1275 1187 1315 vero
1222 1261 1311 1315 Dei
1331 1262 1443 1329 jam
1471 1262 1675 1315 donum
1702 1271 1806 1326 est,
1847 1277 1961 1316 me-

387 1349 663 1418 ritumque
695 1366 874 1405 meum
908 1353 1143 1416 excedit,
1179 1355 1278 1417 ait,
1311 1353 1444 1406 mihi
1477 1355 1640 1408 talem
1663 1353 1962 1424 contigisse

381 1443 615 1498 amicum
664 1444 845 1514 (quod
883 1444 928 1500 si
971 1445 1183 1514 judicio
1223 1445 1482 1515 praeditus
1522 1445 1593 1502 sit
1637 1457 1690 1501 et
1731 1455 1962 1517 utraque

379 1533 629 1586 doctrina
673 1533 1003 1598 instructus,
1037 1534 1290 1590 doctrina
1326 1535 1545 1604 quidem
1580 1543 1830 1602 externa,
1862 1551 1962 1590 nec

382 1641 489 1678 non
513 1633 702 1680 nostra
735 1627 1091 1698 prmelarus).
1119 1627 1176 1681 Si
1201 1639 1381 1682 autem
1419 1627 1486 1680 ab
1517 1627 1696 1682 amico
1750 1629 1958 1683 missus

2066 438 2280 508 φωτὸς,
2323 439 2386 489 ἐκ
2444 435 2536 490 τοῦ
2567 433 2923 504 Εὐαγγελῑου.
2960 435 3094 488 Ἵνα
3134 432 3263 504 γὰρ,
3309 431 3498 500 φησὶν,
3541 425 3662 483 υἱοὶ

2069 527 2263 596 φωτὸς
2283 527 2560 594 γένησθε.
2587 526 2907 597 Ἀνθρωπος
2939 525 2997 578 δὲ
3026 522 3121 576 τοῦ
3158 522 3293 576 Θεοῦ
3309 522 3402 576 καὶ
3431 524 3460 573 6
3493 522 3660 574 Μωῦ-

2072 619 2420 689 σῆςεῖρηται,
2457 619 2548 672 καί
2597 636 2680 681 τις
2727 618 3017 689 προφήτης
3063 615 3120 667 ἐν
3157 617 3275 677 ταῖς
3326 611 3659 674 Βασιλειαις.

2072 712 2180 764 Καὶ
2213 712 2301 764 τὸν
2333 711 2596 780 Τιμόθεον
2648 710 2820 770 οὕτως
2849 707 3103 778 ὀνομάζει
3129 709 3157 759 6
3191 702 3534 766 Ἀπὸστολος.
3569 703 3664 756 Ἐν

2069 801 2124 854 δὲ
2152 805 2216 872 τῇ
2259 802 2456 872 Ἑξόδῳ
2514 801 2674 856 πάλιν
2717 803 2931 872 εἴρηται
2956 815 2970 828 ·
3021 801 3088 852 Ol
3113 797 3286 866 ιερεῖς
3323 793 3664 864 οὶὲγγίζον-

2069 912 2167 960 τες
2224 897 2416 962 Κυρίῳ
2466 893 2547 958 τῷ
2579 893 2719 958 Θεῷ.
2755 895 2812 947 Ὀ
2839 893 2894 945 δέ
2919 891 3117 962 Δανιὴλ
3164 888 3320 957 ἀνὴρ
3361 885 3664 956 ὠνομάσθη

2071 986 2418 1056 ἐπιθυμιῶν.
2439 986 2511 1037 Τὸ
2532 985 2612 1050 δὲ,
2642 985 2751 1038 τῶν
2815 983 2892 1053 (I)
2935 980 3284 1052 κρειττόνων,
3315 977 3664 1050 προσέθηκεν

2067 1079 2096 1128 6
2143 1075 2437 1145 Θεολόγος·
2496 1074 2628 1127 διότι
2684 1074 2790 1127 εἰσὶ
2823 1073 2918 1127 καὶ
2956 1071 3148 1144 ἀνδρες
3186 1067 3494 1138 ἐπιθυμιῶν
3545 1066 3664 1118 τῶν

2069 1172 2346 1241 χειρόνων.
2375 1171 2530 1222 Ἔστι
2571 1169 2667 1239 μὲν
2711 1164 2804 1220 οῦν
2845 1167 2922 1235 (ἓ)
2973 1169 3002 1218 6
3049 1165 3238 1227 πιστὸς
3281 1162 3452 1231 φίλος,
3489 1160 3666 1230 λιμὴν

2068 1261 2383 1331 ἀναψύξεως
2431 1262 2528 1329 (ὅ).
2588 1262 2683 1312 Ἂν
2715 1259 2771 1311 δὲ
2797 1258 2890 1312 καὶ
2945 1258 3092 1323 ἄξιος
3117 1254 3398 1309 καλεῖσθαι
3430 1253 3500 1305 τὰ
3521 1252 3665 1304 κάλ-

2068 1352 2223 1405 λιστα
2244 1353 2350 1404 τῶν
2375 1351 2678 1420 ὀνομάτων,
2700 1351 2793 1402 καὶ
2813 1345 2894 1412 οἷς
2921 1350 3057 1418 τιμᾷ
3085 1349 3118 1416 ἡ
3156 1345 3276 1398 θεία
3297 1344 3488 1414 Γραφὴ
3528 1344 3665 1403 τοὺς

2069 1445 2257 1514 ἁγίους
2311 1444 2414 1515 (4),
2465 1443 2625 1496 τοῦτο
2672 1442 2843 1513 δῶρον
2887 1441 3046 1506 Θεοῦ,
3074 1440 3170 1493 καὶ
3203 1439 3345 1508 ὑπὲρ
3380 1436 3479 1506 τὴν
3512 1436 3667 1503 ἐμὴν

2068 1537 2248 1603 ἀξίαν,
2299 1538 2362 1591 τὸ
2407 1539 2682 1607 ἐπιτυχεῖν
2718 1553 2806 1606 με,
2849 1535 2984 1605 φησὶ
3043 1533 3155 1604 (5),
3199 1531 3438 1585 τοιούτου
3498 1529 3665 1597 φίλου

2071 1629 2158 1701 [ἂν
2200 1629 2274 1697 (6)
2321 1629 2376 1681 δὲ
2414 1630 2508 1682 καλ⁵
2534 1627 2750 1690 συνετὸς
2775 1627 2862 1696 εἴη
2888 1626 2982 1678 καὶ
3007 1625 3173 1697 ἀκρος
3191 1625 3312 1676 κατ’
3337 1621 3658 1692 ἀμφότερα,

380 1717 452 1770 sit
475 1719 858 1773 consolaturus
884 1734 1006 1781 nos,
1045 1717 1100 1772 id
1128 1727 1211 1774 est
1241 1734 1271 1772 a
1301 1733 1498 1789 magno
1530 1718 1750 1782 Basilio,
1793 1736 1954 1789 quem

2065 1723 2162 1789 τήν
2199 1739 2258 1774 τε
2300 1721 2404 1788 ἐξω
2440 1720 2723 1775 παίδευσιν
2803 1718 3005 1789 δηλαδὴ
3064 1717 3160 1770 καὶ
3210 1716 3308 1785 τὴν
3350 1713 3655 1784 ἡμετέραν,

378 1815 430 1860 et
460 1807 651 1861 eodem
695 1808 903 1863 honore
949 1809 1172 1878 dignum
1235 1825 1299 1863 ac
1340 1807 1649 1880 Nyssenum
1701 1813 1958 1880 praedico,

379 1908 542 1968 prout
573 1915 756 1968 parem
789 1902 991 1955 virtute
1022 1909 1076 1956 et
1097 1916 1224 1970 erga
1251 1917 1352 1956 nos
1397 1916 1603 1964 amore,
1639 1901 1961 1968 ltocjucun-

379 1993 506 2048 dius
561 2001 646 2048 est
693 1994 988 2063 pantilieali
1039 2003 1350 2064 unguento,
1395 1994 1541 2064 quod
1588 1994 1640 2048 in
1688 1995 1962 2064 pontiﬁcis

379 2092 546 2154 caput
580 2083 892 2154 profusum,
940 2085 1118 2153 primo
1149 2102 1273 2140 eum
1323 2086 1576 2151 ornabat,
1611 2087 1808 2143 deinde
1837 2089 1963 2142 bar-

378 2175 525 2242 bam,
579 2191 705 2230 cum
786 2177 852 2231 ad
927 2179 1034 2231 ima
1111 2182 1434 2234 vestimenta
1495 2181 1852 2236 descenderet
1893 2183 1958 2235 ³³.

378 2266 670 2336 Oportctet
694 2276 1030 2339 unguentum
1058 2270 1367 2340 intelligere
1387 2271 1652 2342 Spiritum
1682 2283 1956 2329 sanctum.

379 2355 478 2410 llic
507 2357 654 2412 enim
697 2359 932 2428 primum
968 2361 1139 2415 totius
1183 2363 1434 2432 corporis
1475 2373 1661 2434 caput,
1696 2365 1843 2435 quod
1876 2377 1962 2422 est

379 2449 657 2514 Christus,
713 2451 988 2521 implevit;
1018 2453 1143 2508 dein
1174 2454 1460 2509 descendit
1494 2456 1550 2511 in
1586 2458 1958 2526 apostolorum

375 2541 602 2596 chorum
625 2542 718 2612 qui
745 2552 874 2597 sunt
890 2542 1099 2598 Christi
1126 2546 1308 2600 vultus
1324 2555 1745 2614 ornamentum;
1774 2560 1960 2619 postea

375 2632 591 2686 devenit
621 2639 676 2687 et
726 2633 779 2686 in
820 2633 1090 2703 reliquum
1146 2650 1372 2706 corpus,
1433 2637 1485 2691 id
1517 2646 1602 2692 est
1634 2639 1956 2694 Ecclesiam.

376 2720 454 2774 Ex
489 2720 660 2776 David
701 2731 884 2778 autem
915 2723 1029 2778 hzec
1052 2739 1275 2796 quoque
1297 2738 1672 2798 excerpuntur
1696 2730 1912 2785 dicente
1941 2749 1954 2784 :

377 2812 512 2867 Ecce
574 2830 734 2884 quam
759 2815 951 2869 bonum
980 2824 1030 2869 et
1059 2833 1219 2886 quam
1244 2817 1535 2880 iucundum
1575 2819 1814 2875 habitare
1846 2823 1960 2890 fra-

376 2917 478 2960 tres
510 2907 567 2959 in
596 2907 799 2959 unum!
847 2905 998 2961 Sicut
1043 2919 1375 2979 unguentum
1429 2914 1566 2981 quod
1601 2912 1868 2968 descendit
1904 2918 1958 2970 in

2065 1810 2440 1884 λαμπρότερος
2468 1811 2512 1881 ],
2545 1812 2606 1862 Εἰ
2643 1810 2701 1863 δὲ
2767 1811 2861 1862 καὶ
2904 1808 3056 1879 παρά
3109 1806 3264 1876 φίλου
3313 1804 3658 1858 ἀπέσταλται

2065 1904 2472 1974 παρηγορήσων
2501 1903 2667 1972 ἡμᾶς,
2698 1902 2944 1954 τουτέστι
2970 1900 3120 1967 παρά
3145 1898 3237 1951 τοῦ
3279 1895 3517 1968 μεγάλου
3547 1897 3659 1948 Βα-

2067 1996 2287 2060 σιλείου,
2313 1996 2369 2048 ὃν
2401 1994 2769 2066 καὶόμὸτιμόν
2796 2012 2939 2064 φημι
2962 1993 3038 2064 τῷ
3060 1993 3300 2062 Νύσσης,
3333 1993 3499 2060 ἤγουν
3539 1989 3657 2042 ἴσον

2062 2088 2200 2142 κατό
2216 2105 2273 2142 τε
2285 2089 2383 2159 τὴν
2401 2088 2599 2160 ἀρετὴν
2611 2087 2862 2141 καὶκατὰ
2882 2087 2980 2157 τὴν
3000 2087 3137 2157 πρὸς
3158 2085 3257 2154 ἐμὲ
3272 2083 3473 2152 φιλίαν,
3491 2081 3655 2135 τοῦτο

2062 2181 2410 2254 χαριέστερόν
2435 2183 2550 2234 ἐστι
2590 2181 2686 2233 τοῦ
2723 2178 3107 2252 ἀρχιερατικοῦ
3143 2178 3312 2248 μύρου
3339 2178 3476 2247 ὅπερ
3507 2177 3655 2228 κατὰ

2062 2274 2160 2346 τὴν
2214 2273 2452 2344 κεφαλὴν
2493 2273 2570 2342 (7)
2629 2271 2722 2326 τοῦ
2757 2273 3060 2344 ἀρχιερέως
3085 2269 3267 2340 χυθὲν,
3303 2270 3520 2339 πρῶτον
3549 2269 3657 2321 αυ-

2060 2365 2153 2418 τὸν
2186 2363 2267 2436 (8)
2303 2365 2548 2434 ἐκόσμει,
2580 2360 2694 2416 εἶτα
2723 2364 2812 2416 τὸν
2836 2362 3095 2431 πώγωνα,
3125 2361 3316 2414 ἔπειτα
3339 2361 3532 2431 κατῄει
3555 2362 3661 2414 καὶ

2065 2457 2228 2529 μέχρι
2260 2455 2369 2510 τῶν
2397 2458 2580 2528 άκρων
2621 2456 2696 2526 (9)
2732 2455 3044 2525 ἐνδυμάτων
3081 2454 3266 2508 αὐτοῦ.
3307 2454 3426 2524 Χρὴ
3455 2452 3512 2505 δὲ
3547 2451 3656 2522 μῦ-

2065 2566 2158 2621 ρον
2204 2551 2366 2613 νοεῖν,
2393 2550 2488 2602 καὶ
2529 2549 2590 2601 τὸ
2623 2549 2776 2617 ἅγιον
2808 2547 3050 2618 Πνεῦμα.
3077 2545 3249 2600 Τοῦτο
3282 2545 3392 2615 γὰρ
3431 2544 3656 2614 πρῶτον

2060 2640 2158 2712 τὴν
2184 2640 2278 2695 τοῦ
2314 2640 2515 2704 παντὸς
2543 2639 2794 2711 σώματος
2817 2640 3080 2708 κεφαλὴν,
3111 2639 3233 2708 ἦτις
3264 2638 3412 2690 ἐστὶν
3444 2637 3472 2686 ὁ
3507 2637 3653 2706 Χρι-

2064 2735 2207 2799 στὸς,
2233 2735 2502 2805 ἐπλήρουο
2534 2734 2651 2804 μεθ’
2678 2735 2737 2786 ὃν
2768 2732 3088 2786 κατέϐαινεν
3118 2732 3212 2783 ἐπὶ
3242 2729 3332 2783 τὸν
3357 2729 3517 2800 χορὸν
3538 2729 3657 2780 τῶν

2059 2828 2394 2891 ἀποστόλων,
2435 2828 2637 2897 κόσμον
2695 2827 2824 2879 ὅντα
2886 2825 2982 2878 τοῦ
3039 2823 3332 2895 προσώπου
3372 2820 3652 2893 Χριστοῦ“

2061 2918 2180 2974 εἶτα
2205 2920 2440 2990 κατῆλθε
2470 2922 2565 2974 καὶ
2603 2920 2696 2972 ἐπὶ
2721 2919 2782 2972 τὸ
2824 2918 3010 2972 λοιπὸν
3047 2917 3230 2988 σῶμα,
3277 2915 3524 2968 τουτέστι
3551 2914 3657 2986 τὴν

375 2998 612 3062 barbam,
647 2996 867 3052 barbam
914 2998 1129 3064 Aaron,
1185 3001 1321 3070 quod
1370 3002 1640 3058 descendit
1702 3008 1755 3060 in
1808 3023 1956 3062 oram

2075 3011 2423 3083 Ἐκκλησίαν.
2467 3012 2562 3064 Ἐκ
2614 3011 2708 3064 τοῦ
2741 3009 2905 3063 Δαυῖδ
2955 3010 3012 3062 δὲ
3037 3009 3136 3062 καὶ.
3167 3007 3341 3061 ταῦτα
3367 3007 3654 3077 εἴληπται,

375 3089 664 3143 vestimenti
690 3089 805 3160 ejus
840 3091 908 3143 κ.
946 3088 1054 3146 Ora
1089 3102 1274 3147 autem
1322 3095 1462 3150 idem
1501 3105 1585 3153 est
1639 3101 1787 3169 quod
1843 3113 1956 3160 sto-

375 3181 482 3234 lam
513 3195 800 3236 vocamus.

2067 3109 2345 3176 λέγοντοςο
2389 3105 2534 3160 Ἰδοὺ
2569 3105 2669 3172 δὴ,
2707 3106 2763 3158 τί
2809 3104 3000 3158 καλὸν
3029 3104 3066 3171 ἢ
3096 3101 3154 3155 τί
3181 3103 3457 3171 τερπνὸν,
3510 3100 3656 3155 ἀλλ’

2065 3199 2105 3268 ἦ
2141 3199 2206 3252 τὸ
2239 3197 2540 3252 κατοικεῖν
2587 3196 2895 3265 ἀδελφοὺς
2939 3194 3294 3256 ἐπιτοαυτός
3338 3194 3430 3258 Ὠς
3455 3195 3652 3262 μύρον

372 3275 471 3331 ἐπὶ
505 3277 776 3348 κεφαλῆς
804 3278 871 3332 τὸ
901 3281 1262 3334 καταϐαῖνον
1306 3282 1406 3336 ἐπὶ
1440 3282 1711 3354 πώγωνα,
1740 3287 1848 3342 τὸν
1875 3291 2130 3365 πώγωνα
2162 3293 2270 3347 τὸν
2311 3293 2546 3362 Ἀαρὼν,
2583 3291 2650 3345 τὸ
2694 3289 3057 3345 καταϐαῖνον
3104 3286 3204 3342 ἐπὶ
3236 3287 3352 3356 τὴν
3387 3288 3512 3342 bar
3541 3289 3656 3343 τοῦ

372 3369 701 3441 ἐνδύματος
745 3373 1064 3428 αὑτοῦ.Ὠα
1091 3374 1146 3428 δέ
1180 3378 1349 3441 ἐστιν,
1380 3377 1408 3430 ὃ
1433 3379 1706 3452 καλοῦμεν
1745 3387 2132 3462 ἐπιτραχήλιον
2175 3390 2306 3462 (10).

443 3479 523 3532 An
553 3495 736 3535 vero...
787 3482 1004 3551 eﬁinxit.
1045 3511 1119 3522 —
1148 3484 1231 3539 An
1287 3503 1438 3552 vero,
1472 3489 1569 3551 ait,
1595 3505 1961 3563 congruenter

377 3583 431 3625 et
471 3571 804 3626 sullicienter
841 3575 1018 3628 oratio
1042 3577 1220 3629 virum
1246 3576 1533 3647 depinxit;
1565 3589 1662 3636 aut
1703 3585 1959 3642 imitabor

373 3661 663 3731 diligentes
689 3663 962 3732 pictores;
990 3673 1045 3720 et
1076 3666 1222 3722 sicut
1247 3667 1325 3722 illi
1361 3685 1594 3741 corpora
1625 3673 1958 3732 adumbran-

375 3764 480 3819 tes.
516 3757 761 3811 secunda
818 3765 872 3812 et
930 3759 1092 3813 tertia
1154 3775 1319 3814 manu
1363 3777 1428 3816 ea
1459 3764 1748 3832 perﬁciunt
1777 3769 1958 3824 absol-

362 3856 620 3918 .vuntque
649 3849 959 3914 coloribus,
995 3849 1077 3906 sic
1107 3858 1162 3906 et
1189 3867 1291 3923 ego
1332 3855 1534 3926 saepius
1566 3861 1833 3916 orationis
1872 3862 1956 3916 in-

372 3939 516 3994 duco
563 3939 798 4005 colores,
847 3949 905 3996 ut
955 3944 1295 4014 descriptum
1357 3962 1385 4000 a
1437 3963 1524 4003 me
1575 3950 1953 4020 perfectiorem

371 4031 528 4085 vobis
561 4031 632 4085 ob
658 4032 849 4086 oculos
883 4049 1103 4102 ponam.
1147 4033 1334 4108 Neque
1358 4045 1540 4093 autem
1569 4041 1746 4110 majus
1763 4043 1957 4110 habeo,

372 4137 550 4193 neque
583 4123 899 4192 praeclarius
936 4129 1216 4196 exemplar
1247 4144 1409 4198 quam
1429 4129 1650 4202 Moysen
1681 4142 1734 4188 et
1754 4133 1954 4192 Aaron.

372 4214 842 4281 Quemadmodum
869 4219 1015 4272 enim
1051 4218 1150 4283 illi,
1185 4220 1267 4274 sic
1292 4229 1348 4275 et
1366 4238 1598 4293 magnus
1635 4223 1870 4282 Basilius
1903 4237 1956 4282 et

372 4307 648 4378 Nysseuus
706 4309 1022 4379 Gregorius,
1091 4311 1292 4368 fratres
1323 4323 1378 4368 et
1427 4330 1597 4369 carne
1630 4325 1684 4371 et
1728 4319 1952 4387 pietate.

2131 3500 2247 3554 Col.
2273 3500 2379 3554 855
2410 3500 2474 3552 Α.
2515 3493 2636 3567 Ἆρ’
2666 3492 2845 3556 οὖν...
2881 3497 3329 3551 ἀνετυπώσατο.
3363 3491 3514 3569 *Αρά
3559 3514 3654 3565 γε,

2063 3593 2219 3662 φησὶ,
2271 3590 2600 3662 συμμέτρως
2653 3589 2748 3643 καὶ
2786 3589 3100 3660 ἀρκούντως
3134 3592 3162 3643 6
3193 3589 3304 3660 (Η)
3366 3589 3521 3657 λόγος
3556 3589 3653 3641 τὸν

2059 3683 2227 3753 ἄνδρα
2253 3683 2553 3746 εἰκόνισεν;
2583 3682 2656 3734 Ἢ
2703 3683 3014 3752 μιμήσομαι
3067 3683 3194 3745 τοὺς
3227 3680 3504 3750 ἐπιμελεῖς
3539 3681 3652 3734 τῶν

2060 3773 2366 3845 ζωγράφων
2385 3791 2399 3804 ·
2431 3774 2525 3827 καὶ
2550 3772 2740 3844 ῶσπερ
2759 3775 2954 3826 ἐκεῖνοι
2976 3776 3094 3834 ταῖς
3121 3775 3301 3836 σκιαῖς
3317 3772 3385 3824 τὰ
3417 3771 3653 3842 σώματα

2064 3865 2576 3937 προχαράσσοντες,
2619 3864 2850 3935 δευτέρᾳ
2899 3864 2993 3917 καὶ
3041 3865 3200 3934 τρίτῃ
3253 3865 3396 3934 χειρὶ
3442 3861 3652 3925 ταύτας

2065 3955 2424 4028 ἐπακριϐοῦσι
2445 3957 2540 4010 καὶ
2562 3955 2830 4010 τελειοῦσι
2846 3959 2958 4019 τοῖς
2979 3955 3286 4026 χρώμασιν,
3318 3955 3458 4008 οὓτω
3487 3953 3651 4022 κάγὼ

2061 4049 2323 4112 πολλάκις
2388 4047 2635 4102 ἐπιϐαλῶ
2673 4047 2768 4102 τοῦ
2805 4048 2961 4118 λόγου
3002 4049 3072 4102 τά
3120 4049 3408 4119 χρώματα,
3440 4049 3526 4101 ἴνα
3553 4049 3650 4101 τὸν

2057 4137 2457 4208 εἰκονιξόμενον
2481 4140 2611 4206 παρ’
2633 4137 2770 4207 ἐμοῦ
2799 4137 3139 4208 παραστήσω
3175 4137 3304 4206 ὑμῖν
3335 4134 3649 4188 ἐντελέστε-

2056 4247 2169 4300 ρον.
2195 4230 2310 4282 Οὐκ
2343 4229 2451 4299 ἔχω
2501 4229 2556 4282 δέ
2610 4226 2815 4298 μεῖζον,
2841 4228 2963 4281 οὐδὲ
3009 4223 3429 4298 γνωριμώτερον
3460 4225 3650 4295 παρά·

2050 4323 2273 4392 δειγμα,
2303 4319 2396 4372 τοῦ
2432 4319 2574 4373 κατά
2601 4321 2841 4373 Μωῦσέα
2879 4317 2974 4371 καὶ
3030 4316 3258 4388 Ἀαρών.
3283 4317 3494 4386 Ὥσπερ
3533 4315 3650 4387 γὰρ

370 4399 596 4470 Magnus
641 4400 875 4456 Basilius
935 4402 1238 4474 Iegislator,
1299 4405 1353 4459 id
1399 4414 1486 4461 est
1518 4409 1769 4463 canonici
1801 4411 1948 4480 juris

2065 4413 2273 4477 ἐκεῖνοι,
2307 4409 2452 4462 οὕτω
2497 4409 2592 4462 καὶ
2637 4410 2666 4461 6
2718 4408 2892 4476 μέγας
2934 4405 3212 4468 Βασίλειος
3236 4406 3330 4484 καὶ
3361 4408 3390 4458 6
3418 4405 3649 4476 Νύσσης

369 4493 563 4547 doctor
586 4493 639 4545 in
671 4496 1054 4550 sacerdotibus
1085 4505 1138 4550 et
1178 4499 1468 4554 monachis
1499 4500 1948 4571 illustrissimus;

366 4580 648 4653 Nyssenus
707 4598 836 4637 vero
858 4585 1213 4639 sacerdotum
1260 4587 1494 4642 aliorum
1543 4592 1949 4655 sanctissimus,

369 4675 512 4726 sicut
555 4673 644 4727 hic
680 4673 882 4728 Aaron.
918 4674 1144 4746 Magnus
1175 4677 1440 4743 Basilius,
1469 4683 1776 4751 Spiritualis
1810 4683 1952 4738 Pha-

367 4765 556 4820 raonis
591 4763 756 4831 Deus,
783 4767 928 4821 sicut
960 4767 1171 4840 Moyses
1199 4769 1454 4828 visibilis.
1483 4770 1544 4826 in
1577 4772 1762 4828 Exodo
1791 4777 1940 4830 enim

437 4961 480 4991 π
503 4954 664 5031 Joan.
698 4977 793 5024 xu,
824 4962 912 5018 56.
987 4963 1030 4994 ’³
1061 4962 1215 5018 Deut.
1251 4979 1445 5031 xxxlu,
1480 4966 1528 5018 Ι-

368 5029 457 5083 25.
535 5031 580 5062 ³³
609 5029 992 5097 Psa|.'cxxxn,
1022 5033 1076 5087 1.
1157 5033 1202 5065 ³⁵
1233 5035 1366 5091 ibid.
1398 5029 1519 5100 1,2.

467 5211 517 5267 1)
554 5211 672 5263 Τῶν
699 5211 852 5267 abest
883 5214 930 5266 b.

467 5212 486 5264 l
554 5212 672 5263 Τῶν
699 5212 852 5267 abest
883 5214 930 5266 h.

426 5212 518 5353 (si
540 5281 705 5353 ρησίν
719 5281 888 5353 addit
905 5282 954 5336 b.

437 5349 512 5421 (ὅ)
541 5349 638 5406 Hic
665 5351 818 5406 addit
859 5353 928 5423 b,
963 5351 1060 5406 "Av
1089 5351 1168 5423 6s
1230 5350 1448 5423 συνετὸς
1489 5352 1589 5423 ein»
1632 5353 1725 5404 καὶ
1775 5353 1942 5423 ἄκρος

369 5394 840 5494 κατ”ἀμφοτέραν
867 5394 965 5493 τῆν
999 5421 1300 5494 παίδευσιν,
1335 5394 1446 5492 τήηῖ
1462 5439 1522 5494 τε
1544 5394 1648 5486 ἔξω
1677 5423 1820 5494 φημὶ

369 5497 466 5561 τὴν
478 5491 652 5565 ﬁngat
662 5491 782 5565 ραν.
793 5491 1188 5565 λαμπρότερος.
1211 5491 1333 5565 Haec
1365 5491 1527 5565 paulo
1559 5499 1680 5565 post
1695 5491 1941 5565 habet}.

442 5556 674 5629 (4)"Hic'
706 5556 881 5617 addit'
906 5556 966 5620 h.'
1013 5556 1135 5616 Οἷὸν
1167 5562 1310 5630 λέγω
1353 5556 1433 5625 τὸ,
1466 5556 1658 5625 σκεῦος
1691 5562 1941 5632 ἐκλογῆς,

370 5632 574 5757 κὲὶκτὸ,
598 5633 784 5696 πιστὸς
815 5633 1088 5705 θεράπων,
1121 5633 1232 5696 καὶ,
1257 5633 1569 5705 λειτουργὸς
1592 5631 1819 5704 Κυρίου.
1847 5634 1942 5686 καὶ

365 5719 400 5756 τ
467 5717 648 5773 ομυια.

2052 4502 2372 4574 Γρηγόριος,
2415 4501 2637 4568 ἀδελφοὶ
2657 4500 2750 4552 καὶ
2772 4497 2914 4552 κατά
2940 4499 3119 4566 σάρκα
3145 4497 3402 4550 καὶκατὰ
3432 4498 3534 4568 τὴν
3553 4498 3647 4549 εὑ-

2053 4591 2290 4646 σέϐειαν.
2353 4590 2464 4643 Καὶ
2506 4592 2535 4643 6
2589 4590 2686 4660 μὲν
2742 4589 2912 4660 μέγας
2965 4589 3275 4652 Βασίλειος,
3319 4587 3636 4657 νομοθέτης,

2053 4687 2222 4755 ἡγουν
2255 4684 2576 4755 κανονιστὴς
2601 4686 2658 4735 ἐν
2689 4683 2894 4755 ἱερεῦσι
2921 4684 3015 4736 καὶ
3053 4685 3346 4752 μονασταῖς
3378 4683 3644 4748 ἐπιφανέ-

2053 4792 2245 4841 στατος
2267 4793 2278 4805 ·
2331 4776 2361 4827 6
2393 4775 2451 4829 δέ
2476 4775 2719 4846 Νύσσης,
2749 4773 2940 4847 ἱερέων
2970 4773 3079 4828 τῶν
3114 4773 3288 4828 ἄλλων
3312 4773 3643 4842 άγιῶτατος,

1607 4971 1651 5000 ³³
1686 4967 1750 5022 ιγ
1787 4969 1918 5042 Reg.
1942 4987 1955 5025 ι

2065 5012 2070 5025 .
2151 4975 2196 5006 ³⁸
2231 4973 2248 5027 Ι
2279 4973 2425 5028 Tim.
2461 4990 2535 5038 vr,
2559 4974 2656 5031 Η.
2731 4975 2776 5007 ³¹
2810 4974 3112 5044 Ειιοᾶ.χιι,
3139 4975 3232 5032 22.
3311 4976 3353 5008 ³²
3388 4973 3527 5029 Dan.
3560 4992 3646 5045 ix,

2117 5216 2190 5286 (5)
2222 5217 2368 5287 Φημί
2397 5235 2450 5272 ιι.

2137 5287 2440 5360 §)_l_nclusa
2462 5290 2622 5357 paulo
2651 5292 2904 5360 superius
2933 5291 3095 5345 habet
3142 5289 3202 5344 b.

2140 5357 2365 5430 inlusa
2382 5358 2480 5430 τῆς
2505 5357 2748 5430 κεφαλῆς
2776 5361 2830 5414 h.

2141 5427 2202 5498 8)
2227 5427 2410 5498 Αὺτήν
2441 5427 2500 5482 lt.

2116 5498 2198 5569 (9)7
2235 5497 2676 5569 Td’winterponit
2707 5500 2759 5554 li.

2149 5568 2235 5641 10)
2271 5568 2699 5641 Περιτρακήλιον
2726 5571 2782 5626 II-

2152 5638 2237 5710 11)
2276 5638 2452 5710 Ἐμός
2474 5638 2735 5712 ἱιίιίιιιιιε.
2768 5640 2918 5698 addit
2951 5640 3010 5698 b.
