3856 6220
235 219 346 275 973

1405 219 1494 273 AD
1528 217 1584 275 s.
1621 217 1955 275 GREGORII
1988 218 2198 304 IORAT.
2235 218 2318 274 χι.

3381 221 3484 275 974

234 335 313 402 ὡς
355 337 472 390 ἐκεῖ
527 333 735 404 Ἀαρών
791 332 885 404 (I).
932 335 1042 387 Καὶ
1092 337 1120 388 6
1173 335 1270 406 μὲν
1313 337 1484 406 μέγας
1519 335 1816 400 Βασίλειος,

1938 337 1986 390 Id
2019 354 2140 392 eum
2169 337 2372 391 dictum
2397 342 2481 390 est
2506 353 2518 388 :
2545 334 2676 390 Ecce
2706 336 2826 388 dedi
2851 344 2900 388 te
2933 333 3095 388 Deum
3123 332 3395 388 Pharaoni
3415 336 3483 394 ³⁵,

237 429 374 492 Θεδς
399 427 493 481 τοῦ
520 426 714 497 νοητοῦ
746 426 964 498 Φαραὼ,
1001 425 1076 490 ὡς
1102 427 1130 478 6
1156 427 1394 496 Μωῦσῆς
1416 427 1509 480 τοῦ
1539 426 1819 496 αἰσθητοῦ.

241 522 444 593 Εἴρητο
495 520 570 588 (9.)
619 519 724 590 γάρ
762 519 898 591 πρὸς
949 521 1108 573 αὐτὸν
1156 521 1213 571 ἐν
1249 522 1314 590 τῇ
1362 518 1556 588 Ἐξὸδῳ
1581 537 1595 550 ·
1643 518 1822 583 Ἰδοὺ,

239 610 473 664 δέδωκά
512 627 586 664 σε
637 609 786 662 Θεὸν
848 609 1077 676 Φαραὼ,
1127 611 1293 680 ἤγουν
1332 610 1714 680 ἐχειροτόνησά
1742 627 1822 664 σε.

253 701 316 756 Ὀ
368 704 445 769 (5)
487 701 701 772 Ἰσραὴλ
730 701 785 754 δὲ
825 701 1041 770 νοητὸς,
1075 702 1102 752 6
1133 701 1361 772 εὐσεϐὴς
1391 701 1538 764 λαὸς,
1576 696 1635 755 06
1670 703 1826 771 προῖο

243 809 410 845 στατο
457 793 486 846 6
540 791 678 854 θεῖος
729 792 1023 855 Βασίλειος,
1055 792 1146 844 καὶ
1278 792 1604 859 ἐνομοθέτει.
1645 791 1824 861 Νεφέ-

238 883 308 954 λη
359 884 439 943 δέ,
466 885 504 952 ἡ
538 883 633 935 τοῦ
664 882 890 954 νομικοῦ
937 883 1263 955 γράμματος
1298 881 1577 952 παχύτης.
1637 876 1697 936 οὗ
1742 883 1818 953 (Il)

240 974 386 1027 εῖσω
426 973 622 1046 χωρῶν
672 974 749 1043 (5)
804 977 869 1045 τῇ
910 974 1122 1044 διανοίᾳ
1155 973 1440 1026 ἐπώπτευε
1470 973 1541 1026 τὰ
1567 972 1685 1026 θεῖα
1719 991 1823 1043 μυ-

245 1066 471 1136 στήρια.
517 1065 586 1118 τὰ
638 1065 925 1139 ἀπόρρητα
960 1068 1076 1128 τοῖς
1123 1065 1337 1128 ἄλλοις,
1367 1065 1461 1118 καὶ
1504 1064 1826 1136 ἐμυσταγώ-

241 1167 384 1220 γησε
424 1151 504 1221 (6)
550 1151 719 1206 ταῦτα
751 1153 1050 1206 διδάσκων·
1090 1153 1122 1224 ἢ
1149 1154 1223 1217 ὡς
1255 1155 1335 1214 εἰς
1369 1154 1618 1226 νεφέλην,
1649 1157 1729 1218 είς
1755 1153 1824 1208 τὰ

240 1242 417 1296 ἄδυτα
463 1243 557 1295 τοῦ
597 1244 914 1316 Πνεύματος
971 1244 1143 1315 εἰσῄει
1197 1245 1290 1297 καὶ
1345 1245 1517 1297 ταῦτα
1576 1244 1822 1315 ἐθεώρει.

243 1334 432 1404 Σκηνὴ
456 1334 511 1386 δὲ
534 1335 567 1404 ή
588 1335 686 1405 μὲν
701 1335 919 1406 νομικὴ,
947 1337 1150 1406 τυπική
1175 1353 1258 1399 τις
1284 1332 1374 1404 ἦν,
1395 1337 1462 1405 ἢν
1488 1336 1826 1407 ἐτεχνίτευσε

247 1424 351 1494 μὲν
408 1424 704 1495 Βεσελεὴλ,
760 1426 998 1497 ἐπήξατο
1046 1426 1101 1479 δέ
1136 1427 1393 1495 Μωῦσῆς.
1461 1426 1710 1498 Ἀληθινὴ
1768 1427 1826 1481 δὲ

245 1516 447 1586 σκηνὴ,
485 1516 628 1569 καθά
657 1533 820 1585 φησιν
852 1521 881 1570 6
925 1519 1274 1582 Ἀπόστολος,
1317 1521 1349 1589 ἡ
1396 1519 1688 1588 Ἐκκλησία
1718 1519 1825 1572 τῶν

245 1605 613 1676 Χριστιανῶν.
643 1609 832 1684 Ἶερεῖς
853 1607 909 1660 δὲ
955 1609 1253 1680 ἀμφότεροι
1273 1627 1286 1641 ’
1323 1610 1416 1663 κα).
1444 1612 1472 1662 6
1523 1611 1621 1680 μὲν
1653 1611 1824 1680 μέγας

1925 429 2136 482 scilicet
2166 427 2412 483 ordinavi
2447 434 2520 482 te.
2580 428 2743 481 Israel
2796 435 2976 481 autem
3011 426 3337 496 spiritualis,
3366 429 3491 497 pius

1923 522 2178 592 populus,
2213 521 2300 575 cui
2331 531 2562 590 praeerat
2590 536 2824 590 magnus
2857 519 3114 586 Basilius,
3141 528 3196 574 et
3229 520 3390 589 cujus
3414 522 3491 574 Ie-

1923 611 2147 680 gislator
2198 618 2340 665 erat.
2394 608 2620 671 Nubes,
2669 608 2857 677 legalis
2916 609 3110 662 litterae
3161 607 3491 668 crassitudo.

1923 717 2085 770 quam
2139 703 2412 756 intellectu
2457 701 2764 769 ingrediens
2794 701 2978 755 divina
3010 700 3244 769 inspexit
3287 709 3493 769 myste-

1925 792 2027 852 ria,
2075 791 2198 846 aliis
2257 790 2515 854 nefanda,
2556 790 2900 858 initiavitque
2952 789 3068 843 haec
3115 789 3356 853 docens;
3408 788 3493 841 vel

1924 882 2068 937 sicut
2103 882 2156 936 in
2187 883 2410 945 nubem,
2446 883 2500 935 in
2527 881 2684 952 adyta
2703 880 2946 949 Spiritus
2963 880 3288 949 penetravit,
3323 893 3499 946 eaque

1924 974 2330 1043 contemplatus
2384 981 2489 1028 est.
2539 971 2978 1026 Tabernaculum
3025 971 3242 1040 quidem
3301 969 3492 1039 legale,

1925 1066 2274 1135 allegoricum
2302 1065 2573 1134 quoddam
2596 1073 2734 1129 erat,
2764 1063 2909 1133 quod
2941 1062 3212 1117 exstruxit
3234 1059 3494 1121 Beseleel,

1926 1156 2234 1225 direxitque
2263 1155 2476 1226 Moyses
2515 1155 2578 1206 ³⁵.
2611 1154 2812 1208 Verum
2847 1165 3026 1208 autem
3061 1151 3496 1211 tabernaculum,

1926 1255 1986 1300 ut
2021 1248 2100 1301 ait
2123 1248 2422 1317 Apostolus
2456 1248 2521 1312 ³⁷,
2558 1246 3003 1301 Christianorum
3030 1243 3300 1298 Ecclesia.
3325 1243 3500 1296 Ambo

1927 1347 2106 1392 autem
2141 1339 2452 1395 sacerdotes
2487 1359 2499 1394 :
2534 1354 2762 1408 magnus
2787 1337 3002 1408 quidem
3034 1336 3270 1390 Basilius
3318 1349 3503 1389 sacer-

1927 1427 2113 1482 d0tum
2168 1428 2444 1498 princeps,
2491 1438 2546 1483 et
2583 1437 2810 1482 caeteros
2866 1443 2962 1496 per
3007 1425 3314 1496 Nyssenum
3365 1422 3500 1476 diri-

1926 1534 2080 1589 gens,
2116 1520 2521 1589 propitiumque
2571 1519 2648 1573 eis
2708 1517 2875 1572 Deum
2917 1516 3187 1580 elﬁciens;
3217 1513 3500 1584 Nyssenus

1929 1618 2105 1664 autem
2141 1620 2264 1679 post
2313 1626 2568 1680 magnum
2599 1610 2856 1664 Basilium
2901 1609 3128 1678 primus.
3166 1605 3230 1659 Et
3269 1605 3411 1675 quod
3443 1604 3500 1658 in

245 1698 530 1762 Βασίλειος
560 1683 789 1770 ἔξαρχος
820 1700 929 1752 τῶν
962 1701 1170 1772 ἱερέων,
1202 1701 1296 1754 κα).
1323 1701 1704 1770 μυσταγωγῶν
1735 1701 1825 1754 διὰ

1938 1699 2115 1756 Exodo
2147 1703 2353 1756 dictum
2402 1709 2486 1756 est
2518 1702 2584 1755 ad
2615 1702 2840 1770 Moysen
2893 1700 2958 1753 de
2986 1699 3191 1759 Aaron,
3239 1696 3500 1766 quoniam

243 1788 342 1842 τοῦ
373 1789 597 1860 Νύσσης
625 1789 845 1860 ἐτέρους
872 1790 966 1842 κα)⁹
998 1791 1154 1844 ίλεῶν
1185 1792 1369 1854 αὐτοῖς
1394 1790 1486 1843 τὸν
1515 1791 1648 1844 Θεὸν
1666 1807 1678 1819 ·
1710 1793 1738 1844 6
1769 1791 1826 1844 δὲ

246 1883 479 1951 Νύσσης
523 1881 660 1951 μετά
694 1881 784 1933 τὸν
816 1880 990 1950 μέγαν
1019 1880 1298 1934 Βασίλειον
1327 1882 1508 1944 εὐθύς.
1544 1883 1656 1935 Καὶ
1689 1883 1828 1954 ὅπερ

246 1974 272 2024 ἐ
289 1991 314 2026 ,δ
335 1975 402 2043 τῇ
433 1972 628 2043 Ἐξόδῳ
648 1973 862 2044 εἴρηται
892 1974 1030 2043 πρὸς
1057 1973 1300 2043 Μωῦσῆν
1320 1973 1562 2045 περὶτοῦ
1595 1973 1827 2044 Ἀαρὼν,

247 2064 331 2115 6::
357 2062 552 2130 Αὐτὸς
605 2063 777 2116 ἔσται
810 2079 910 2118 σοι
945 2066 1032 2129 είς
1065 2064 1261 2132 στόμα
1306 2064 1414 2133 (7),
1441 2063 1522 2117 σὺ
1555 2063 1624 2116 δὲ
1664 2062 1826 2128 αὐτῷ

244 2153 365 2222 ἔσῃ
400 2150 476 2204 τὰ
511 2152 662 2218 πρὸς
703 2151 777 2222 (8)
823 2152 992 2216 Θεὸν,
1023 2152 1180 2206 τοῦτο
1203 2154 1297 2207 καὶ
1313 2145 1463 2207 οὗτοι
1490 2149 1630 2223 ἦσαν
1658 2153 1828 2224 ἀλλή-

247 2242 385 2306 λοις.
427 2243 538 2297 Καὶ
575 2243 697 2295 τότε
738 2243 837 2314 μὲν
887 2245 1084 2297 ἐκεῖνοι
1117 2247 1238 2307 ταῖς
1271 2245 1404 2298 δέκα
1447 2244 1684 2315 πληγαῖς
1731 2247 1831 2316 τὴν

246 2335 532 2403 Αιγυπτον
561 2333 891 2388 ἐϐασάνισαν
940 2335 1051 2403 (9)·
1103 2335 1198 2389 νῦν
1227 2335 1283 2388 δέ
1310 2331 1456 2389 οὗτοι
1489 2337 1588 2407 τὴν
1623 2353 1832 2390 σκοτει-

247 2425 350 2495 νὴν
378 2425 476 2478 καὶ
503 2423 797 2496 διώκτριαν
819 2425 1118 2497 ἁμαρτίαν.
1165 2421 1398 2481 Ἐκεῖνοι
1425 2427 1523 2498 τὴν
1567 2427 1832 2500 Ἐρυθρὰν

249 2515 469 2585 ἔτεμον,
502 2515 598 2568 καὶ
618 2509 765 2568 οὗτοι
789 2515 888 2586 τὴν
921 2515 1198 2569 θάλασσαν
1219 2517 1328 2570 τῶν
1358 2515 1568 2571 παθῶν.
1605 2518 1832 2570 Ἐκεῖνοι

245 2607 345 2661 τὸν
386 2606 603 2678 Ἰσραὴλ
643 2605 878 2668 ἔσωσαν,
919 2608 1013 2660 καὶ
1060 2609 1185 2671 τοὺς
1219 2609 1554 2676 Αἰγυπτίους
1599 2609 1832 2662 ἀπέπνι-

249 2697 388 2763 ξαν·
418 2692 564 2752 οὗτοι
596 2699 726 2761 τοὺς
756 2698 1000 2762 εὐσεϐεῖς
1024 2698 1370 2767 διεφύλαξαν,
1405 2701 1531 2764 τοὺς
1568 2700 1624 2752 δὲ
1653 2699 1834 2771 δαίμο-

248 2805 352 2851 νας
393 2787 428 2858 ἢ
484 2788 613 2852 τοὺς
653 2790 969 2860 αίρετικοὺς
1016 2791 1432 2843 κατεπόντισαν.
1503 2792 1729 2845 Ἐκεῖνοι
1772 2791 1832 2843 τὸ

255 2880 437 2951 μάννα
471 2878 533 2946 ἐξ
562 2881 794 2953 ούρανοῦ
837 2883 1096 2936 εἵλκυσαν
1127 2883 1223 2936 καί
1254 2881 1404 2954 ὓδωρ
1434 2883 1570 2937 πολὺ
1605 2885 1695 2937 καὶ
1727 2901 1833 2937 πα-

1928 1792 2051 1863 Ipse
2085 1794 2186 1847 erit
2216 1793 2327 1847 .tibi
2361 1795 2416 1846 in
2451 1808 2659 1860 corpus,
2692 1803 2746 1844 tu
2778 1799 2955 1844 autem
2998 1807 3044 1844 et
3079 1790 3184 1842 eris
3236 1789 3293 1841 in
3344 1786 3498 1840 rebus

1927 1896 2044 1950 qua:
2082 1880 2150 1933 ad
2200 1880 2365 1933 Deum
2413 1880 2754 1949 pertinent”.
2807 1879 2965 1946 Quod
3000 1889 3054 1932 et
3095 1879 3132 1931 ii
3176 1877 3280 1932 sibi
3345 1884 3505 1931 erant

1929 1970 2186 2025 invicem.
2220 1969 2379 2025 Tunc
2409 1972 2485 2024 illi
2521 1971 2741 2041 quidem
2775 1971 2962 2026 decem
2997 1970 3171 2041 plagis
3204 1967 3499 2039 Egyptum

1929 2070 2299 2128 vexaverunt;
2365 2063 2420 2117 hi
2482 2077 2612 2116 vero
2656 2064 3006 2117 tenebrosam
3062 2059 3507 2129 vexatricemque

1933 2152 2297 2222 iniquitatem.
2329 2151 2498 2208 Primi
2529 2153 2776 2210 Rubrum
2810 2155 3115 2216 sciderunt,
3144 2154 3197 2206 hi
3232 2167 3360 2207 vero
3381 2167 3508 2220 pas-

1933 2245 2155 2300 sionum
2179 2260 2361 2311 mare;
2399 2247 2560 2316 primi
2591 2245 2756 2302 Israel
2788 2246 2998 2300 salvum
3033 2244 3300 2309 fecerunt,
3339 2241 3509 2313 .Egy-

1935 2335 2192 2405 ptiosque
2226 2335 2640 2403 demerserunt;
2687 2337 2740 2390 hi
2770 2352 2910 2391 vero
2961 2336 3082 2406 pios
3127 2343 3505 2396 servaverunt,

1939 2426 2326 2497 daemonesquc
2355 2428 2440 2483 vel
2485 2415 2770 2484 haereticos
2808 2429 3126 2484 obruerunt.
3157 2426 3325 2481 Primi
3354 2441 3510 2479 man-

1931 2534 2002 2572 na
2030 2519 2097 2574 de
2126 2521 2264 2575 ctelo
2289 2527 2599 2586 traxerunt,
2634 2529 2688 2575 et
2711 2535 2905 2592 aquam
2937 2521 3162 2574 multam
3188 2519 3508 2573 hominum-

1932 2625 2040 2679 que
2066 2609 2225 2665 ﬁdem
2271 2621 2643 2682 superantem,
2674 2613 2871 2683 partim
2929 2627 2992 2666 ex
3031 2621 3306 2682 praerupta
3357 2619 3506 2678 petra

1932 2701 2246 2768 elicientes,
2285 2704 2482 2772 partim
2504 2703 2842 2767 edulcantes,
2880 2703 2934 2756 in
2973 2702 3183 2758 Merrha
3229 2701 3504 2756 videlicet.

1933 2783 2030 2840 Est
2056 2795 2234 2840 autem
2268 2797 2321 2842 et
2341 2788 2395 2842 in
2422 2789 2488 2844 iis
2514 2790 2670 2858 panis
2697 2791 2915 2859 quidem
2943 2789 3203 2854 ccelestis,
3251 2791 3508 2860 spiritua-

1934 2877 2004 2931 lis
2034 2878 2227 2939 cibus;
2261 2891 2403 2948 aqua
2439 2889 2644 2942 autem,
2673 2877 2957 2934 vivificans
2994 2887 3213 2934 torrens
3244 2879 3509 2933 doctrina!

256 2973 500 3043 ράδοξον.
530 2972 590 3026 τὸ
632 2973 731 3043 μὲν
758 2974 818 3041 ἐξ
851 2976 1160 3046 άκροτόμου
1197 2975 1399 3046 πέτρας
1427 2973 1746 3044 ἐξήνεγκαν,
1771 2975 1830 3028 τὺ

1938 2967 2162 3033 Christi,
2186 2969 2281 3039 qui
2312 2979 2398 3023 est
2431 2978 2587 3040 petra
2623 2971 2781 3040 juxta
2821 2971 3142 3040 Apostolum
3176 2970 3243 3023 ³⁹.
3273 2957 3512 3024 Edulca-

250 3063 313 3116 δὲ
341 3063 669 3132 ἐγλύκαναν,
701 3064 763 3117 τὸ
795 3067 854 3118 ἐν
887 3067 954 3136 τῇ
992 3067 1188 3137 Μερρᾷ
1213 3064 1435 3136 δηλαδή.
1471 3066 1628 3119 Ἔστι
1651 3065 1706 3118 δὲ
1741 3065 1830 3118 καὶ

1938 3067 2048 3114 tam
2080 3075 2209 3114 vero
2229 3075 2424 3129 aquam
2447 3059 2536 3115 hic
2564 3061 2926 3125 existimabis,
2955 3077 3020 3116 ex
3049 3061 3271 3116 etlmica
3295 3063 3510 3132 sapien-

252 3154 315 3206 ἐν
356 3154 568 3218 τούτοις
602 3154 716 3224 (ID)
780 3156 944 3226 ἄρτος
979 3156 1078 3226 μὲν
1119 3156 1390 3226 οὐράνιος,
1428 3158 1462 3227 ἡ
1497 3155 1839 3228 πνευματικὴ

254 3245 466 3317 τροφή·
507 3244 619 3315 (Il)
655 3244 800 3316 ὕδωρ
821 3244 902 3308 δὲ,
937 3245 998 3298 τὸ
1033 3246 1243 3316 ςωηρὸν
1279 3247 1431 3315 νᾶμα
1458 3245 1559 3316 τῆς
1586 3245 1841 3299 διδασκα-

256 3333 382 3398 λίας
407 3335 507 3388 τοῦ
539 3335 800 3406 Χριστοῦ,
830 3336 888 3400 ὃς
911 3337 1060 3389 ἐστιν
1084 3337 1118 3406 ή
1149 3337 1322 3407 πέτρα
1348 3336 1491 3390 κατὰ
1557 3336 1647 3390 τὸν
1685 3337 1845 3389 Ἀπό-

257 3427 464 3480 στολον.
489 3427 916 3497 Γλυκαινόμενον
941 3425 996 3478 δὲ
1023 3426 1133 3496 (12)
1167 3425 1311 3498 ὕδωρ
1340 3427 1573 3480 ἐνταῦθα
1604 3429 1834 3498 νοήσεις,

255 3516 319 3570 τὸ
347 3517 456 3570 ἀπὸ
483 3516 591 3570 τῶν
642 3515 972 3587 Ἑλληνικῶν
1001 3516 1175 3584 λόγων
1205 3518 1284 3580 εἰς
1330 3517 1563 3588 Χριστὸν
1607 3517 1837 3588 μεταγό-

1935 3151 2011 3204 tia
2045 3151 2112 3205 ad
2140 3149 2423 3207 Christum
2461 3166 2814 3218 conversum,
2861 3163 2916 3208 et
2959 3154 3047 3224 pie
3095 3163 3382 3208 mutatum.
3429 3152 3509 3207 Illi

1937 3242 2073 3297 scite
2103 3251 2155 3297 et
2187 3243 2488 3314 symbolice
2535 3260 2800 3298 manuum
2842 3245 3156 3300 extentione
3189 3260 3410 3299 crucem
3445 3244 3511 3300 ﬁ—

1939 3342 2219 3405 gurantes,
2256 3334 2478 3390 Amalec
2504 3334 2760 3390 fuderunt
2789 3353 2806 3403 ;
2856 3335 2912 3389 hi
2943 3351 3070 3390 vero
3097 3335 3397 3390 diabolum.
3431 3335 3511 3389 Illi

1942 3424 2009 3479 ad
2072 3423 2456 3495 promissionis
2511 3434 2711 3479 terram
2764 3427 3129 3496 properabant
3177 3435 3515 3496 caaterosque

1943 3517 2250 3582 ducebant;
2287 3517 2340 3570 hi
2379 3532 2506 3573 vero
2537 3518 2605 3573 ad
2635 3535 2858 3589 regnum
2889 3521 3175 3576 caelorum.

258 3628 421 3684 μενον
450 3614 544 3666 καὶ
565 3614 804 3678 εὐσεϐῶς
829 3612 1400 3685 μεταλαμϐανόμενον.
1449 3616 1673 3668 Ἐκεῖνοι
1739 3613 2017 3685 μυστικῶς
2076 3616 2172 3670 καὶ
2239 3615 2583 3686 συμϐολικῶς
2648 3620 2713 3688 τῇ
2761 3617 2869 3670 τῶν
2917 3617 3115 3689 χειρῶν
3155 3618 3373 3671 ἐκτάσει
3425 3619 3516 3672 τὸν

257 3710 492 3779 οταυρὸν
520 3710 836 3774 τυποῦντες,
866 3711 958 3764 τὸν
1009 3711 1256 3780 ’Λμαλὴκ
1294 3709 1694 3782 ἐτροπώσαντο,
1724 3711 1819 3764 καὶ
1855 3702 2000 3764 οὗτοι
2033 3710 2124 3762 τὸν
2150 3710 2416 3764 διάϐολον.
2457 3712 2686 3765 Ἐκεῖνοι
2722 3712 2858 3784 πρὸς
2923 3713 3020 3784 τὴν
3063 3713 3170 3783 γῆν
3190 3716 3289 3784 τῆς
3345 3715 3517 3781 ἐπαγ-

255 3804 445 3874 γελίας
472 3802 728 3856 ἔσπευδον
757 3803 851 3856 κα)⁸
878 3804 1004 3867 τοὺς
1024 3804 1213 3867 ἄλλους
1236 3804 1478 3874 ὡδήγουν
1495 3823 1506 3835 κ
1541 3805 1634 3857 καί
1665 3796 1811 3856 οὗτοι
1840 3805 1919 3867 είς
1945 3804 2040 3875 τὴν
2078 3803 2352 3872 βασιλείαν
2378 3803 2488 3858 τῶν
2513 3805 2774 3876 οὐρανῶν.

327 3899 448 3953 Col.
483 3897 590 3951 853
619 3897 660 3951 C
691 3897 746 3952 2.
787 3896 1022 3951 Τούτιιινιν⁹
1045 3901 1078 3951 ό
1097 3897 1234 3966 μὲν.
1263 3936 1279 3951 .
1310 3939 1321 3949 .
1353 3940 1368 3954 .
1417 3898 1835 3967 φοϐερώτερον.

270 3987 405 4041 Ἀπὸ
438 3987 548 4040 τῶν
576 3986 668 4040 δύο
703 3987 836 4056 φησὶ
869 3985 1072 4040 τούτων
1100 3987 1234 4058 (l5),
1261 3989 1291 4040 6
1333 3987 1431 4057 μὲν
1463 3987 1637 4058 μέγας
1681 3987 1840 4041 Βασί-

257 4079 401 4141 leto;
448 4080 826 4152 κρυπτόμενὼ
881 4095 948 4150 με
996 4079 1088 4134 καὶ
1137 4080 1497 4150 ἡσυχάζοντα,
1544 4083 1624 4144 είς
1679 4081 1841 4150 μέσον

257 4174 436 4244 ἧγαγε
479 4172 574 4224 καὶ
611 4173 1040 4244 ἐχειροτόνησεν,
1082 4173 1314 4237 ἀναξίως
1359 4173 1600 4243 κινηθεὶς
1644 4174 1737 4227 τοῦ
1783 4175 1842 4227 ἐν

2015 3899 2215 3952 Horum
2248 3901 2473 3956 altera...
2541 3919 2866 3972 summopere
2929 3905 3298 3973 reformidant.
3332 3937 3400 3947 —
3439 3907 3518 3962 Ex

1941 3990 2157 4047 duobus
2189 3993 2315 4056 illis,
2350 3993 2547 4063 inquit,
2579 3995 2718 4048 alter
2748 4010 2979 4065 magnus
3016 3997 3249 4052 Basilius
3280 4014 3364 4053 me
3398 4001 3520 4055 abs-

1944 4083 2226 4137 conditum
2265 4097 2318 4138 et
2340 4086 2600 4140 otiantem
2638 4085 2691 4138 in
2722 4087 2959 4140 medium
3003 4093 3258 4158 produxit
3283 4099 3337 4144 et
3369 4093 3518 4144 ordi-

1949 4174 2121 4236 navit,
2161 4175 2432 4242 impulsus
2470 4183 2662 4229 nonut
2695 4177 3292 4247 dignum-eratSpiritu
3329 4182 3422 4250 qui
3459 4183 3517 4236 in

261 4265 414 4335 αὐτῷ
467 4264 804 4334 Πνεύματος.
840 4265 1011 4318 Τοῦτο
1036 4266 1098 4319 δέ
1127 4283 1292 4336 φημι,
1337 4265 1427 4318 διὰ
1452 4266 1550 4336 τὴν
1585 4265 1722 4336 βίαν,
1750 4267 1830 4318 κα)

1948 4267 2068 4335 ipso
2097 4276 2200 4322 est.
2247 4265 2362 4322 Hoc
2411 4279 2592 4322 autem
2629 4269 2790 4333 dico,
2833 4279 3054 4340 pr0pter
3084 4272 3223 4334 vim,
3256 4273 3515 4341 quoniam

260 4357 352 4410 διὰ
380 4358 443 4409 τὸ
471 4357 728 4426 ἐμϐαλεῖν
765 4374 831 4426 με
862 4359 942 4421 εἰς
962 4357 1222 4430 θορύϐους
1245 4359 1338 4410 καὶ
1363 4357 1626 4428 ταραχάς.
1656 4357 1830 4411 Τοιοῦ-

1947 4359 2002 4412 in
2034 4359 2304 4414 tumultus
2337 4368 2389 4414 et
2420 4362 2759 4416 turbationes
2785 4363 3018 4430 injectus
3043 4379 3188 4418 sum.
3213 4363 3344 4419 Tale
3369 4367 3516 4419 enim

261 4464 352 4500 τον
381 4448 492 4518 γὰρ
515 4447 578 4500 τὸ
601 4448 801 4518 χωρίον
821 4448 892 4500 τὰ
916 4449 1148 4518 Σάσιμα.
1177 4447 1335 4516 Λέγω
1353 4448 1482 4518 γὰρ,
1506 4447 1586 4500 ὅτι
1610 4448 1843 4514 ἀναξίως

261 4538 512 4609 ἐκινήθη,
549 4540 653 4592 κᾶν
676 4539 1008 4610 τραχύτερος
1053 4541 1083 4592 ό
1126 4538 1303 4609 λόγος.
1335 4540 1560 4602 Πάντως
1592 4539 1648 4591 δὲ
1672 4543 1701 4593 6
1744 4540 1842 4609 μέ-

261 4648 368 4699 γας
387 4631 688 4696 Βασίλειος,
712 4631 865 4700 φίλος
884 4630 983 4695 ὢν,
1009 4632 1278 4701 ὑπομενεῖ
1298 4630 1476 4684 πάντα
1501 4630 1595 4684 καὶ
1619 4631 1843 4700 πάσχων

265 4723 359 4775 καὶ
407 4721 641 4777 ἀκούων.
688 4722 752 4774 Ἠ
796 4722 905 4793 γάρ
953 4722 1143 4792 ἀγάπη
1185 4721 1362 4775 πάντα
1413 4720 1615 4789 στέγει,
1665 4721 1844 4774 πάντα

263 4811 548 4882 ὑπομένει.
610 4813 671 4866 Ὀ
702 4812 758 4864 δὲ
797 4813 1020 4883 Νύσσης
1050 4811 1348 4883 Γρηγοριπ
1368 4851 1383 4875 ,
1414 4805 1546 4880 ἦλθε
1579 4827 1840 4880 παραμυ-

263 4901 566 4972 θησόμενος
613 4902 708 4955 καὶ
753 4901 1104 4968 καταλλάξων
1134 4901 1228 4954 καὶ
1260 4899 1706 4971 προσημερώσων
1752 4901 1841 4954 διὰ

1943 4447 2280 4504 Sasimorum
2304 4453 2587 4522 oppidum.
2632 4453 2760 4507 Dico
2784 4457 2928 4508 enim
2974 4455 3119 4524 quod
3159 4456 3381 4528 indigne
3411 4458 3514 4511 im-

1942 4539 2134 4608 pulsus
2162 4548 2284 4603 est,
2321 4543 2427 4596 etsi
2479 4543 2724 4612 asperior
2753 4559 2934 4598 sermo
2976 4547 3067 4600 sit.
3100 4544 3337 4601 Omnino
3371 4549 3516 4602 enim

1943 4645 2176 4699 magnus
2203 4630 2466 4695 Basilius,
2491 4649 2614 4686 cum
2651 4635 2723 4688 sit
2755 4637 2985 4702 amicus,
3024 4639 3206 4691 omnia
3241 4638 3375 4692 feret
3400 4647 3515 4692 tum

1943 4721 2274 4789 perpetiens,
2299 4728 2414 4775 tum
2439 4724 2692 4782 audiens.
2719 4725 2998 4798 Nyssenus
3021 4739 3198 4783 autem
3223 4729 3519 4799 Gregorius

1949 4804 2100 4862 ven‘it
2125 4811 2513 4870 consolaturus
2535 4855 2549 4878 ,
2575 4824 2629 4870 et
2659 4819 3054 4883 auxiliaturus,
3103 4829 3158 4874 et
3209 4821 3520 4877 mansuefa-

1948 4909 2140 4958 cturus
2179 4915 2403 4975 prepter
2451 4906 2713 4978 Spiritum
2744 4913 2836 4981 qui
2883 4913 3052 4967 estin
3099 4915 3242 4983 ipso.
3275 4913 3341 4967 Et
3383 4917 3518 4973 mihi

335 5031 381 5063 ³⁸
410 5031 580 5086 Exod.
613 5048 708 5092 vu,
737 5033 789 5087 I.
868 5033 913 5064 ³⁸
948 5031 1118 5086 Exod.
1157 5049 1342 5096 xxxw,
1377 5033 1427 5085 Ι.
1505 5032 1546 5063 ³⁷
1580 5031 1742 5088 IIebr.
1774 5049 1820 5089 vn

1938 5036 1972 5088 ι.
2052 5038 2096 5069 ³¹¹
2121 5037 2294 5093 Exod.
2329 5057 2404 5100 tv.
2433 5043 2519 5098 16.
2599 5044 2643 5076 ³³
2673 5045 2688 5098 I
2713 5045 2838 5101 Cor.
2881 5065 2934 5112 x,
2967 5049 3018 5103 4.

338 5187 415 5258 (I)
444 5185 521 5258 λθ
561 5187 770 5258 Ἀαρών
804 5188 852 5240 Il.

337 5257 416 5328 (2)
442 5257 671 5328 Εἴρηται
701 5259 755 5312 It.

359 5328 393 5380 5
452 5325 518 5378 Ὀ
541 5325 694 5382 abest
729 5330 782 5382 h.

359 5328 415 5468 al
454 5392 531 5468 :n
565 5398 681 5468 ιιη
761 5467 769 5468 ε

359 5392 415 5450 4)
454 5392 531 5448 Ἦ
565 5398 620 5450 h.

337 5465 416 5538 (5)
454 5465 552 5538 llic
581 5465 732 5520 addit
760 5467 814 5538 Ii,
853 5466 1019 5538 ἡγουν
1054 5467 1190 5538 πρὸς
1215 5466 1276 5519 τὸ
1317 5465 1478 5537 βάθος
1514 5467 1790 5522 εἰσδυνων.

336 5537 418 5603 (6)
473 5536 882 5606 Ἐμυσταγώγει
914 5537 945 5588 h
957 5577 968 5587 .

339 5608 415 5677 (7)
458 5606 540 5659 T6
567 5609 702 5677 πρὸς
736 5606 978 5677 τὸνμλαόν
1013 5606 1164 5662 addit
1199 5607 1252 5660 lt.

335 5676 414 5748 (8)
457 5678 596 5749 Πρὸς
614 5675 712 5730 τὸν
743 5675 874 5729 Θεόν
902 5679 954 5732 It.

2012 5190 2088 5260 (9)
2139 5191 2488 5258 Ἐϐασάνιζον
2523 5197 2571 5251 h.

2012 5262 2140 5347 (λθ)⁹
2263 5265 2414 5347 παρὰ
2442 5267 2648 5332 τούτοις
2685 5269 2739 5322 11.
2773 5269 2892 5324 Mox
2935 5272 3075 5326 idem
3116 5283 3239 5343 post
3269 5276 3520 5347 οὐράνιος

1940 5329 2090 5402 addit
2118 5333 2146 5384 6
2171 5329 2424 5402 Χριστος.

1994 5391 2123 5490 με)
2145 5391 2443 5490 ~lIi'c'add-it
2483 5407 2544 5487 In,
2577 5407 2899 5490 ,Ἐγὼ.γὰρ,
2942 5415 3128 5490 φησὶν,
3162 5418 3190 5468 6
3219 5416 3379 5488 ἄρτος
3405 5415 3524 5490 εἰμὶ

1937 5472 2035 5550 τῆς
2063 5471 2244 5550 ζωῆς-,ι
2269 5477 2298 5527 6
2326 5477 2390 5528 ἐκ
2417 5478 2511 5550 τοῦ
2530 5471 2767 5550 οὐρανοῦ
2784 5471 3060 5547 καταϐάς.

2009 5543 2128 5613 (κ2)
2166 5543 2280 5597 Μέν
2313 5561 2409 5613 pro
2435 5548 2493 5600 δέ
2529 5549 2582 5602 h.

2019 5612 2130 5683 (l5)
2184 5612 2322 5669 Ἀπὸ
2349 5618 2571 5687 τούτων,
2615 5621 2768 5690 φησὶ,
2792 5620 2900 5676 τῶν
2920 5621 3012 5676 δύο
3036 5624 3090 5679 Ιι.
