3856 6220
341 242 463 297 θ’ἒν

1623 236 1916 292 NICETAS
1954 237 2348 296 SERRONIUS

3509 229 3613 288 976

355 354 570 425 quidem
598 367 854 423 magnum
883 350 1134 421 estquod
1157 358 1209 405 et
1239 364 1384 404 nunc
1409 350 1573 404 venit.
1601 348 1716 404 IIoc
1738 359 1922 403 tamen

2030 351 2121 404 τοῦ
2162 353 2220 404 ἐν
2249 350 2398 421 αὐτῷ
2445 348 2784 420 Πνεύματος.
2818 347 2928 401 Καὶ
2972 346 3094 416 ἐμοὶ
3131 345 3229 417 μὲν
3266 343 3409 415 μέγα
3443 343 3614 406 ἐστὶν,

354 446 646 502 molestum
685 453 806 508 est,
853 443 999 513 quod
1051 445 1231 497 serius
1267 457 1431 511 quam
1479 456 1568 496 res
1605 443 1928 510 postularet,

354 537 675 599 accesserit,
699 543 754 590 et
784 543 1074 605 postquam
1114 550 1199 586 me
1237 547 1530 604 aggressus
1557 541 1640 588 est
1667 532 1930 601 vicitque,

355 629 586 682 invitum
650 625 989 697 persuadens
1061 625 1308 678 ordinari
1372 640 1602 694 magnus
1669 622 1926 678 Basilius.

355 717 507 788 Rogo
535 727 589 772 te
623 717 813 786 igitur,
851 715 1234 784 cognominem
1271 728 1449 767 meum
1473 752 1488 776 ,
1537 728 1660 777 cur,
1702 727 1826 765 cum
1876 720 1930 766 te

354 809 486 863 mihi
518 825 655 879 opus
678 818 844 871 esset,
871 822 978 861 non
1003 807 1244 866 veneris,
1270 804 1336 857 ad
1370 804 1501 857 mihi
1533 802 1928 864 auxiliandum,

353 899 450 955 sed
500 899 717 955 serius?
767 898 1021 967 Nunquid
1079 906 1150 958 te,
1183 904 1236 948 ut
1288 895 1477 948 fratris
1515 902 1811 957 amantem,
1845 894 1929 948 vis

353 995 514 1048 nobis
541 1009 569 1046 a
608 993 778 1047 fratre
813 1001 906 1046 tuo
943 992 1103 1045 illatae
1128 989 1360 1058 puduit?
1386 989 1466 1042 An
1498 996 1555 1042 tu
1589 1004 1808 1057 quoque
1830 1026 1842 1048 ,
1870 996 1927 1040 ut

353 1087 642 1158 imperium
691 1101 912 1156 gerens,
960 1084 1148 1151 iniquo
1200 1079 1384 1134 animo
1429 1081 1605 1135 tulisti
1635 1078 1778 1149 quod
1819 1093 1927 1132 non

352 1179 580 1233 audiens
642 1176 836 1231 fuerim
888 1177 990 1245 ipsi
1057 1181 1180 1244 post
1238 1173 1646 1226 ordinationem
1707 1170 1930 1225 meam?

352 1270 611 1324 Clamabo
641 1269 708 1322 ad
735 1277 808 1332 te,
843 1267 1036 1322 iisdem
1063 1281 1196 1321 usus
1220 1265 1419 1334 quibus
1442 1263 1544 1317 Joh
1573 1264 1777 1326 verbis,
1811 1264 1927 1332 ipse

351 1373 570 1429 quoque
599 1357 786 1412 dolore
809 1357 1056 1418 affectus,
1087 1364 1144 1410 ut
1178 1357 1266 1411 ille
1299 1356 1366 1410 ad
1403 1356 1639 1409 amicum
1669 1356 1923 1424 loquens,

351 1466 460 1504 non
517 1450 737 1520 quidem
789 1450 1083 1518 iniquum,
1129 1450 1322 1515 quales
1373 1455 1531 1502 erant
1578 1445 1681 1502 Job
1737 1447 1923 1511 amici,

2033 443 2114 494 ὅτι
2146 442 2238 496 καὶ
2273 440 2368 494 νῦν
2394 436 2524 510 ἦλθε
2546 456 2561 470 ο
2596 440 2886 510 μέμφομαι
2914 436 2993 499 δὲ,
3015 438 3099 490 ὅτι
3135 435 3273 505 μετά
3297 434 3398 505 τὴν
3425 433 3618 504 χρείαν

2031 529 2166 603 ἦλθε
2193 533 2287 587 καὶ
2315 531 2447 603 μεθὸ
2469 529 2779 601 κατέδραμέ
2808 546 2909 600 μου
2945 528 3040 581 καὶ
3057 525 3260 598 ἦττησέ
3289 542 3382 595 με,
3416 524 3624 578 ἄκοντα

2033 624 2228 687 πείσας
2266 622 2710 694 χειροτονηθῆναι
2749 621 2778 670 ὁ
2826 620 2999 690 μέγας
3044 617 3342 678 Βασίλειος.
3398 615 3622 685 Ἐρωτῶ

2031 713 2123 770 οὖν
2153 717 2247 770 τὸν
2275 715 2567 786 ὁμώνυμόν
2599 731 2726 785 μοι·
2765 712 2939 774 Διατί,
2975 712 3066 763 ὅτε
3102 726 3197 762 σου
3231 707 3486 780 ἔχρῃζον,
3519 707 3621 758 οὐκ

2031 803 2214 878 ἦλθες,
2255 807 2343 859 ῖνα
2380 823 2470 876 μοι
2517 806 2906 876 συμμαχήσῃς,
2938 801 3052 855 ἀλλ’
3098 799 3325 870 ὕστερος
3357 796 3455 850 τοῦ
3506 814 3622 849 και-

2034 899 2128 969 ροῦ
2153 915 2166 963 ;
2194 894 2341 970 Ἀρα
2377 898 2452 960 ὡς
2493 896 2812 966 φιλάδελφος
2852 893 3136 964 ᾐσχύνθης·
3156 891 3258 962 τὴν
3302 888 3617 960 τυραννίδα,

2029 991 2096 1060 ἢν
2123 989 2458 1060 ἐτυράννησε
2490 1006 2557 1058 με
2590 987 2618 1038 ὀ
2645 985 2875 1054 ἀδελφός
2904 1002 3032 1050 σου;
3061 982 3094 1053 ἢ
3127 983 3222 1035 καὶ¹
3249 983 3314 1034 σὺ
3341 981 3418 1044 ὡς
3454 980 3618 1033 δυνά·-

2031 1098 2164 1152 στης
2191 1081 2577 1152 ἐδυσχέρανας,
2611 1079 2746 1132 διότι
2772 1079 3032 1148 ἠπείθουν
3064 1075 3212 1146 αύτῷ
3251 1075 3390 1144 πρὸς
3419 1075 3483 1127 τὸ
3508 1089 3618 1144 χει-

2031 1165 2421 1236 ροτονηθῆναι;
2459 1165 2766 1234 Φθέγξομάι
2804 1180 2858 1216 τι
2893 1162 3029 1234 πρὸς
3063 1161 3144 1224 σὲ,
3177 1161 3272 1230 ἀφ’
3305 1153 3382 1213 ὧν
3405 1155 3561 1212 εἶπεν
3583 1159 3619 1211 ὁ

2042 1257 2182 1320 Ἰὼϐ,
2213 1257 2395 1325 ἀλγῶν
2416 1255 2590 1325 κάγὼ,
2624 1257 2699 1320 ὡς
2726 1257 2935 1318 ἐκεῖνος
2962 1254 3058 1306 καὶ
3090 1253 3226 1326 πρὸς
3253 1251 3407 1321 φίλον
3433 1251 3616 1304 διαλε-

2029 1351 2283 1420 γόμενος.
2315 1351 2365 1402 εἰ
2397 1352 2488 1402 καὶ
2520 1349 2595 1418 μὴ
2629 1348 2853 1418 φαῦλον,
2901 1342 3002 1400 οἷοι
3045 1341 3184 1414 ἦσαν
3230 1347 3278 1397 οἱ
3319 1343 3415 1396 τοῦ
3467 1342 3612 1406 Ἶὼῦ,

2031 1445 2164 1517 μηδὲ
2194 1446 2276 1513 ἐφ’
2314 1445 2522 1515 ὁμοίοις
2551 1447 2670 1508 ταῖς
2698 1445 3024 1514 συμφοραῖς.
3059 1441 3122 1494 Τί
3149 1437 3242 1494 οὖν
3272 1437 3424 1494 εἶπεν
3453 1442 3616 1493 ἐκεί-

351 1556 532 1611 neque
571 1541 640 1595 de
696 1540 891 1594 iisdem
949 1539 1378 1594 calamitatibus.
1433 1537 1575 1603 Quid
1631 1538 1796 1608 igitur
1848 1540 1924 1592 ait

2030 1554 2148 1601 νος;
2183 1536 2301 1588 Τίνι
2326 1537 2674 1608 πρόσκεισαι.
2709 1536 2741 1605 ἢ
2777 1535 2884 1586 τίνι
2915 1534 3128 1603 μέλλεις
3158 1533 3408 1604 βοηθεῖν;
3453 1534 3615 1586 πιότε-

344 1632 486 1687 11Ιοῖ²
532 1632 628 1686 Cui
665 1631 944 1686 adhaercs?
974 1631 1062 1684 cui
1107 1645 1266 1700 Opem
1314 1630 1455 1684 ferre
1497 1630 1700 1699 paras?
1731 1631 1921 1683 Annon

2030 1647 2122 1701 ρον
2145 1634 2264 1703 οὐχ,
2313 1625 2356 1698 ᾧ
2389 1628 2558 1698 πολλὴ
2611 1629 2783 1696 ἰσχὺς,
2841 1628 2936 1679 καὶ
3069 1624 3308 1696 βραχίων
3347 1623 3614 1695 κραταιός

351 1723 424 1783 ei,
457 1723 543 1775 cui
594 1723 762 1775 rohur
796 1721 1068 1782 multum,
1111 1730 1166 1774 et
1206 1720 1492 1774 brachium
1529 1719 1769 1773 validum
1806 1721 1924 1774 est?

2030 1695 2398 1791 ίστιν;“Ἐχὼ
2439 1721 2495 1774 δὲ
2527 1695 2849 1790 προσθείην,
2897 1718 2993 1769 καῒ
3106 1695 3276 1785 πολλὴ
3308 1715 3470 1782 σοφία
3518 1714 3614 1766 καὶ

346 1811 618 1882 Equidem
640 1812 856 1875 addam,
882 1819 934 1864 et
965 1811 1052 1864 cui
1092 1811 1261 1864 multa
1295 1811 1564 1880 sapientia
1595 1820 1648 1864 et
1671 1813 1920 1865 scientia.

353 1903 507 1957 Multi
526 1903 672 1957 enim
697 1914 1107 1956 consueverunt
1129 1917 1344 1971 semper
1369 1902 1436 1956 ad
1459 1903 1779 1957 validiorem
1803 1920 1926 1958 sese

351 2005 670 2048 convertere
707 2001 916 2062 partem
944 2032 960 2056 ,
994 2000 1047 2045 et
1079 1993 1382 2044 amicorum
1416 1991 1752 2045 infirmiores
1791 2007 1925 2044 con-

345 2088 604 2151 culcare,
653 2084 968 2155 potentibus
1018 2091 1197 2138 autem
1233 2083 1375 2138 ferre
1428 2085 1714 2138 auxilium.
1767 2084 1924 2149 Quod

341 2178 570 2248 quidem
607 2179 773 2248 igitur
832 2183 890 2230 tu
941 2176 1171 2236 novisti,
1220 2191 1419 2244 nempe
1447 2177 1536 2230 cui
1587 2191 1746 2242 opem
1781 2175 1924 2230 ferre

350 2268 615 2324 volueris.
655 2267 784 2322 Mihi
822 2265 968 2320 enim
1015 2263 1171 2320 nefas
1219 2265 1287 2319 de
1318 2272 1371 2320 te
1403 2266 1706 2335 quidquam
1733 2305 1748 2330 ,
1778 2268 1924 2336 quod

351 2361 422 2414 ab
455 2358 690 2412 honesto
719 2357 963 2410 alienum
1016 2355 1129 2416 sit,
1172 2357 1566 2424 pronuntiare;
1600 2363 1748 2421 tum,
1784 2372 1924 2426 quo-

353 2449 504 2504 niam
543 2446 769 2502 virtutis
800 2445 982 2500 omnis
1032 2445 1314 2514 exemplar
1342 2455 1393 2501 te
1443 2456 1500 2500 et
1527 2461 1776 2501 normam
1808 2447 1925 2502 exi-

353 2541 540 2603 stimo,
564 2546 702 2603 tum,
736 2537 996 2607 quoniam
1027 2535 1160 2590 mihi
1191 2533 1498 2606 Scriptum
1537 2537 1655 2606 lege
1697 2537 1927 2592 interdi-

344 2633 518 2694 citur,
554 2645 622 2685 ne
652 2637 941 2699 promptus
971 2628 1075 2682 sim
1107 2626 1174 2681 ad
1204 2627 1584 2696 judicaudum,
1622 2629 1738 2683 sive
1768 2629 1926 2683 dam-

346 2737 514 2788 nans,
565 2721 679 2776 sive
719 2720 878 2789 culpa
915 2720 1174 2774 liberans.
1223 2717 1370 2772 Dixit
1409 2720 1555 2773 enim
1615 2718 1875 2774 Salomon
1909 2740 1924 2775 :

351 2813 438 2868 Ne
465 2815 538 2868 si:
574 2821 846 2882 promptus
879 2812 942 2864 in
979 2810 1147 2865 uerbis
1173 2810 1240 2866 “.
1284 2809 1430 2865 Idem
1485 2819 1537 2865 et
1579 2811 1878 2882 Apostolus
1909 2834 1923 2870 :

2026 1817 2323 1886 ἐπιστήμη.
2362 1813 2523 1875 Ἔθος
2556 1810 2666 1879 γὰρ
2703 1811 2816 1870 τοῖς
2847 1808 3078 1870 πολλοῖς.
3124 1806 3212 1859 ἀεὶ
3241 1805 3380 1875 πρὸς
3418 1805 3484 1856 τὸ
3522 1804 3611 1856 δυ-

2025 1907 2183 1958 νατὸν
2216 1902 2600 1976 μετατίθεσθαι
2644 1901 2829 1971 μέρος,
2861 1900 3109 1962 καὶτοὺς
3152 1897 3250 1967 μὲν
3293 1897 3612 1950 ἀσθενεστέ-

2028 2016 2151 2069 ρους
2173 1997 2283 2050 τῶν
2347 1997 2518 2067 φίλων
2570 1997 2941 2057 καταπατεῖν,
2983 1991 3311 2062 θεραπεύειν
3361 1989 3418 2042 δὲ
3480 1991 3610 2051 τοὺς

2025 2087 2383 2160 κρατοῦντας.
2409 2086 2580 2139 Τοῦτο
2635 2085 2734 2154 μὲν
2767 2081 2859 2137 οὖν
2904 2085 2968 2136 σὺ
2996 2077 3164 2146 οἶδας,
3210 2081 3461 2135 τουτέστι
3503 2081 3610 2133 τίνι

2029 2177 2243 2247 μέλλεις
2272 2175 2507 2246 βοηθεῖν.
2552 2174 2707 2244 Ἐμοὶ
2733 2174 2841 2245 γάρ
2866 2174 2925 2226 οὐ
2950 2173 3159 2226 δίκαιον
3189 2172 3319 2242 περὶ
3345 2169 3442 2224 σού
3471 2172 3611 2224 ἀπο-

2027 2268 2303 2339 φαντικῶς
2327 2268 2509 2335 λέγειν
2533 2284 2586 2319 τι
2610 2267 2718 2318 τῶν
2747 2267 2808 2318 οὐ
2839 2264 3039 2319 καλῶν.
3068 2265 3142 2317 Τὸ
3169 2265 3289 2335 μὲν,
3321 2265 3404 2316 ὅτι
3437 2261 3610 2316 καλοῦ

2027 2360 2230 2423 παντὸς
2262 2360 2432 2413 τύπον
2469 2375 2527 2411 σε
2557 2359 2651 2410 καὶ
2686 2356 2887 2410 κανόνα
2920 2357 3134 2426 ἥγημαι
3157 2373 3171 2386 υ
3208 2356 3271 2408 τὸ
3294 2356 3372 2420 δὲ,
3404 2356 3486 2408 ὅτι
3516 2357 3611 2409 καὶ

2027 2453 2132 2507 ὑπὸ
2176 2452 2274 2523 τῆς
2311 2452 2349 2502 Γ
2356 2450 2533 2522 ραφῆς
2577 2447 2955 2517 νουθετοῦμαι,
3004 2446 3080 2517 μὴ
3131 2447 3301 2517 ταχὺς
3334 2443 3475 2498 εἶναι
3530 2449 3610 2509 είς

2028 2545 2232 2617 κρίσιν,
2257 2544 2374 2614 ἦτοι
2402 2543 2482 2604 είς
2511 2541 2812 2608 ἀπόφασιν,
2835 2539 2868 2609 ἢ
2895 2541 2975 2602 είς
2997 2539 3329 2609 κατάκρισιν
3352 2554 3368 2569 ο
3392 2539 3489 2592 τοῦ
3512 2539 3611 2608 μὲν

2031 2637 2196 2708 σοφοῦ
2229 2634 2575 2705 Σολομῶντος
2606 2633 2882 2700 λέγοντος’
2909 2631 3008 2698 Μὴ
3046 2632 3169 2684 ἴσθι
3199 2630 3390 2699 ταχὺς
3413 2631 3487 2683 ἐν
3519 2633 3614 2683 λά.

2027 2749 2154 2802 τοις
2175 2747 2188 2759 ·
2239 2729 2332 2782 τοῦ
2367 2728 2423 2780 δὲ
2478 2725 2832 2778 Ἀποστόλουο
2866 2725 2962 2791 Μὴ
2995 2723 3110 2792 πρὸ
3155 2723 3360 2792 καιροῦ
3390 2741 3444 2776 τι
3488 2724 3616 2791 κρί-

2027 2839 2180 2877 τρτε.
2245 2818 2385 2888 Ἐγὼ
2415 2817 2470 2870 δὲ
2518 2817 2736 2887 ἕτοιμός
2765 2818 2878 2885 είμι
2904 2815 2992 2868 διὰ
3036 2815 3238 2883 φιλίαν,
3274 2815 3368 2867 καὶ
3401 2815 3488 2867 σοὶ
3518 2816 3614 2868 καὶ

351 2901 536 2959 Nolite
589 2915 708 2958 ante
755 2913 958 2969 tempus
992 2902 1242 2971 judicare
1270 2902 1336 2956 ".
1391 2901 1504 2972 Ego
1543 2918 1672 2958 vero
1707 2914 1924 2974 paratus

2032 2909 2396 2967 παντὶδοῦναι
2426 2908 2584 2975 λόγον
2625 2907 2722 2977 τῆς
2754 2907 2893 2976 ἐμῆς
2928 2905 3272 2976 προμηθείας
3300 2904 3397 2958 καὶ
3433 2905 3614 2972 ἀσφα-

341 3013 472 3052 sum
514 3004 736 3066 propter
772 2995 1093 3056 amicitiam,
1127 3001 1182 3048 et
1212 2994 1308 3048 tibi
1351 3003 1404 3048 et
1451 2995 1631 3050 cuivis
1659 2997 1924 3052 rationem

2030 3003 2201 3067 λείας,
2234 3002 2337 3056 κάν
2364 3017 2512 3062 τινες
2549 2997 2718 3066 αὐτὴν
2765 2996 3047 3050 ἀπείθειαν
3083 2996 3440 3066 ὀνομάζουσιν
3499 2997 3575 3063 (1)
3597 3013 3609 3024 ·

349 3088 582 3145 reddere
603 3095 657 3142 et
689 3087 992 3157 prudentiae
1029 3102 1182 3149 mete,
1217 3097 1273 3142 ct
1308 3088 1607 3152 cautionis,
1636 3089 1743 3144 etsi
1785 3105 1924 3143 non-

2031 3094 2118 3146 ἵνα
2158 3093 2356 3163 μάθῃς,
2391 3092 2473 3144 ὅτι
2506 3090 2566 3142 οὐ
2598 3088 2738 3141 πάνυ
2791 3088 2868 3158 (2)
2918 3086 3122 3156 φαῦλον
3148 3087 3290 3158 ἔχεις
3327 3087 3484 3155 φίλον
3520 3088 3613 3141 καὶ

345 3180 488 3235 nulli
569 3194 690 3234 eam
743 3177 1170 3233 inobedientiam
1233 3180 1576 3243 vocaverint;
1631 3186 1690 3233 ut
1747 3179 1924 3237 discas

2030 3184 2456 3255 ἀπερίσκεπτον,
2486 3180 2622 3234 ἀλλά
2644 3179 2952 3250 θαρροῦντα
2977 3180 3098 3250 μὲν,
3123 3178 3157 3233 ἃ
3182 3179 3406 3249 θαρρεῖν
3437 3178 3610 3244 ἄξιον,

349 3271 498 3344 quod
523 3287 633 3326 non
661 3269 890 3324 omnino
913 3269 1200 3340 indignum
1231 3270 1436 3325 habeas
1457 3272 1716 3337 amicum,
1749 3288 1924 3343 neque

2030 3278 2145 3329 ἐκεῖ
2170 3275 2228 3329 δὲ
2271 3273 2625 3344 φοϐούμενον,
2679 3271 2822 3325 κατά
2863 3273 2962 3343 τὴν
3011 3269 3353 3340 ψαλμῳδίαν,
3399 3264 3462 3324 οὗ
3497 3271 3613 3323 ἐστι

348 3363 842 3423 inconsideratum,
874 3361 968 3416 sed
997 3362 1050 3414 in
1074 3361 1276 3430 quibus
1307 3361 1406 3414 niti
1433 3377 1558 3415 cum
1583 3363 1779 3418 fiducia
1798 3379 1930 3419 con-

349 3457 500 3510 venit
533 3453 929 3517 conﬁdentem,
961 3452 1378 3522 timentemque,
1425 3455 1729 3508 secundum
1773 3454 1928 3511 Psal-

2026 3369 2210 3438 φόϐος.
2237 3368 2471 3439 Φοϐερὸν
2499 3367 2630 3435 γὰρ,
2669 3364 2730 3416 τὸ
2756 3364 2829 3434 μὴ
2857 3362 3140 3433 φοϐεῖσθαι
3173 3362 3235 3415 τὸ
3260 3362 3358 3434 τῆς
3384 3364 3610 3415 ἐπισκο-

2031 3463 2140 3532 πῆς
2165 3460 2384 3531 ἀξίωμα
2417 3460 2512 3512 καὶ
2547 3459 2794 3530 μέγεθος.

351 3563 500 3602 mum
529 3550 594 3610 δ’.
628 3547 719 3601 ubi
752 3557 836 3602 est
871 3547 1033 3601 timor
1072 3564 1087 3601 :
1123 3547 1326 3617 quippe
1359 3547 1826 3606 reformidandum
1854 3561 1944 3609 est
1974 3571 2083 3611 non
2122 3559 2474 3627 episcopatus
2506 3555 2827 3626 dignitatem
2867 3559 2921 3608 et
2960 3552 3394 3623 magnitudinem
3434 3551 3612 3605 refor-

351 3643 578 3697 midare.

421 3734 688 3801 Quidnam
728 3734 892 3804 igitur
929 3733 1120 3802 placet.
1150 3774 1164 3787 .
1190 3771 1203 3785 .
1231 3773 1244 3788 .
1271 3773 1283 3787 .
1336 3751 1510 3789 rerum
1569 3739 1814 3807 impetus.
1854 3771 1922 3780 —

349 3825 705 3896 Apologiam,
758 3828 856 3887 ait,
916 3825 969 3878 in
1029 3832 1243 3892 tempus
1295 3825 1443 3879 aliud
1503 3826 1921 3883 transferamus.

2087 3741 2204 3796 Col.
2243 3740 2347 3796 856
2394 3742 2433 3794 Β
2470 3742 2554 3795 II.
2609 3742 2672 3795 Τί
2697 3735 2811 3794 οὖν
2838 3739 3020 3793 δοκεῖ.
3045 3779 3058 3791 .
3083 3780 3095 3792 .
3137 3738 3608 3801 ἐπαναστάσεις.

2020 3831 2132 3902 Τὴν
2174 3831 2270 3901 μὲν
2303 3831 2626 3899 ἀπολογίαν,
2664 3831 2850 3900 φησὶν,
2898 3831 2977 3891 είς
3011 3828 3170 3882 ἄλλον
3207 3827 3398 3898 καιρὸν
3431 3829 3610 3898 ὑπερ-

349 3915 507 3970 Νυιιο
538 3930 670 3971 vero
702 3914 1211 3985 dicamusaliquid,
1254 3915 1400 3986 quod
1427 3917 1531 3970 hoc
1558 3919 1924 3975 solemnitatis

2030 3921 2240 3992 θώμεθα
2258 3937 2272 3951 ’
2305 3921 2397 3975 νῦν
2427 3923 2482 3975 δὲ
2511 3921 2754 3990 εἴπωμέν
2775 3938 2827 3973 τι
2857 3921 3068 3991 πρέπον
3100 3919 3180 3990 τῷ
3209 3918 3386 3990 καιρῷ
3424 3919 3604 3990 τούτῳ

350 4016 566 4078 tempus
608 4008 822 4064 deceat.
875 4005 1150 4062 Immunes
1195 4022 1297 4062 nos
1335 4007 1630 4064 reddamus
1656 4049 1671 4074 ,
1704 4009 1925 4075 fratres,

343 4100 502 4170 juxta
538 4098 690 4154 Pauli
724 4099 1160 4154 adhortationem
1193 4138 1207 4158 .
1236 4101 1419 4154 omnis
1450 4102 1636 4156 carnis
1671 4111 1725 4157 et
1756 4104 1923 4173 spiri-

347 4203 438 4249 tus
474 4193 872 4262 inquinamenti
903 4193 968 4245 ⁸³.
1007 4192 1312 4249 Audiamus
1355 4192 1549 4248 Isaiam
1605 4195 1874 4250 dicentem
1905 4217 1918 4252 :

343 4281 628 4337 Lavamini
653 4321 668 4347 ,
701 4282 885 4336 mundi
916 4283 1062 4351 ﬁalis
1091 4283 1154 4335 ⁸⁵.
1194 4281 1465 4338 Lavemur
1484 4300 1624 4353 aqua
1653 4288 1923 4354 pmniten-

2021 4016 2119 4086 τῆς
2167 4015 2548 4085 πανηγύρεως.
2611 4012 3123 4084 Ἑλευθερωθῶμεν,
3178 4013 3417 4080 ἀδελφοὶ,
3466 4013 3610 4066 κατὰ

2027 4107 2124 4177 τὴν
2159 4106 2371 4158 Παύλου
2415 4105 2759 4176 παραίνεσιν,
2801 4105 2908 4157 ἀπὸ
2939 4105 3138 4167 παντὸς
3176 4103 3450 4175 μολυσμοῦ
3489 4122 3612 4157 σω-

2031 4197 2260 4268 ματικοῦ
2295 4198 2385 4250 καὶ
2399 4196 2653 4266 ψυχικοῦ.
2685 4195 3032 4265 Ἀκούσωμεν
3074 4197 3293 4249 Ἡσαΐου
3322 4195 3608 4262 λέγοντος·

2028 4289 2365 4350 Λούσασθε,
2420 4285 2666 4354 καθαροί
2722 4287 2997 4352 γίνεσθε·
3053 4287 3147 4338 καὶ
3199 4285 3482 4356 νιψὼμεθα
3529 4288 3611 4356 τῷ

347 4375 436 4429 tiae
477 4384 530 4429 et
561 4374 934 4444 lacrymarum
959 4415 974 4439 ,
1005 4384 1060 4428 et
1099 4375 1244 4429 sicut
1279 4376 1347 4430 ad
1393 4374 1675 4432 Romanos
1723 4379 1918 4432 scribit

2030 4378 2174 4432 ὕδατι
2212 4378 2314 4448 τῆς
2359 4378 2644 4448 μετανοίας
2689 4379 2782 4430 καὶ
2823 4377 2933 4430 τῶν
2965 4377 3246 4449 δακρύων·
3283 4378 3378 4430 καὶ
3425 4376 3610 4440 καθὼς

342 4466 695 4535 Apostolus:
732 4464 1091 4519 Exliibeamus
1143 4483 1371 4536 corpora
1429 4478 1633 4531 nostra,
1693 4469 1920 4523 hostiam

343 4561 610 4620 viventem,
643 4567 910 4618 sanctam,
947 4556 1054 4610 Deo
1093 4557 1384 4625 placentem
1408 4598 1423 4620 ,
1457 4559 1776 4612 rationabile
1820 4561 1909 4612 ob-

341 4649 580 4718 sequium
617 4656 859 4700 nostrum
889 4647 957 4701 ⁸⁵.
995 4647 1384 4703 Animadverte
1420 4658 1598 4704 autem
1635 4650 1782 4705 verbi
1819 4669 1919 4705 cu—

337 4740 539 4809 jusque
577 4739 1028 4793 concinnitatem.
1071 4737 1190 4793 Non
1220 4740 1366 4793 enim
1396 4739 1536 4793 dixit
1565 4758 1576 4794 :
1626 4739 1918 4797 Faciamus

340 4832 593 4886 membra
647 4839 834 4886 nostra
884 4832 1152 4896 hostiam,
1188 4833 1282 4888 sed
1326 4833 1702 4898 exhibeamus;
1757 4836 1915 4905 quasi

340 4924 566 4988 diceret,
597 4925 733 4978 nihil
761 4938 1051 4978 commune
1090 4925 1392 4980 habeamus
1431 4927 1700 4996 reliquum
1729 4929 1796 4982 ad
1825 4943 1913 4992 ea,

340 5030 522 5084 neque
568 5013 938 5070 distrahamus
973 5015 1038 5070 ad
1093 5018 1313 5087 propria
1357 5017 1567 5084 ofﬁcia,
1621 5028 1910 5088 postquam

341 5108 596 5162 universa
633 5121 694 5161 ea
743 5105 852 5160 Deo
890 5111 1384 5175 ~consecravimus;
1423 5109 1516 5164 sed
1553 5125 1771 5164 omnem
1817 5110 1919 5162 im-

340 5200 662 5254 munditiam
697 5199 963 5268 reliquam
1002 5216 1032 5253 a
1060 5201 1323 5255 membris
1343 5242 1357 5266 ,
1393 5217 1518 5270 qua:
1547 5210 1678 5255 sunt
1706 5202 1913 5264 hostia,

337 5292 736 5361 praecidamus,
771 5292 949 5348 hostia
975 5293 1121 5347 enim
1153 5294 1385 5347 aliorum
1412 5301 1498 5348 est
1522 5294 1741 5348 initium
1767 5334 1783 5358 ,
1818 5309 1919 5348 nec

338 5382 635 5452 quidquam
673 5382 896 5452 prodest
931 5381 1131 5437 habere
1180 5383 1550 5438 immundum.
1585 5384 1708 5438 Ideo
1751 5399 1917 5454 Opor-

406 5538 450 5567 "°
481 5535 642 5593 Prov.
673 5554 797 5604 xxv,
833 5538 917 5591 II.
997 5538 1037 5568 “
1071 5537 1092 5593 l
1123 5537 1250 5594 Cor.
1288 5553 1360 5607 tv,
1398 5540 1450 5595 5.
1531 5541 1575 5571 “
1609 5540 1755 5596 Psal.
1794 5557 1918 5606 xm,
1955 5542 2005 5596 5.

393 5712 484 5782 υ)
519 5711 735 5776 Quartae
766 5712 984 5782 syllabae
1020 5713 1075 5769 in
1101 5713 1224 5770 cod.
1247 5730 1276 5770 a
1302 5715 1620 5787 inscriptum
1649 5725 1731 5774 cst
1757 5735 1821 5770 ω.

2038 4470 2330 4540 Ῥωμαίοις
2377 4472 2576 4541 γράφει
2626 4471 2655 4521 ὁ
2711 4469 3065 4533 Ἀπόστολοςο
3117 4467 3621 4536 Παραστήσωμεν

2023 4563 2095 4614 τὰ
2127 4562 2372 4630 σώματα
2417 4561 2606 4631 ἡμῶν,
2643 4564 2868 4617 θυσίαν
2913 4561 3132 4622 ζῶσαν.
3167 4562 3363 4630 ἁγίαν,
3395 4561 3608 4629 εὐάρε-

2023 4669 2174 4706 στον
2217 4652 2298 4717 τῷ
2332 4653 2473 4717 Θεῷ,
2503 4654 2618 4721 τὴν
2643 4654 2900 4724 λογικὴν
2929 4653 3098 4723 ἡμῶν
3142 4655 3428 4721 ἰατρείαν.
3463 4655 3610 4724 Ὅρα

2024 4745 2080 4796 δὲ
2123 4745 2220 4815 τὴν
2275 4745 2560 4816 ἀκρίϐειαν
2614 4749 2850 4818 ἑκάστης
2895 4747 3113 4812 λέξεως.
3151 4747 3224 4799 Οὐ
3277 4746 3388 4816 γάρ
3445 4742 3603 4799 εἷπε·

2026 4839 2348 4909 Ποιήσωμεν
2381 4838 2449 4892 τά
2480 4839 2615 4908 μέλη
2647 4841 2804 4910 ἡμῶν
2851 4839 3063 4903 θυσίαν,
3097 4838 3252 4903 ἀλλὰ,
3287 4839 3610 4906 Πῳαστήο

2023 4947 2222 4998 σωμεν
2241 4947 2253 4961 ·
2294 4931 2370 4994 ὡς
2397 4931 2462 4983 ἂν
2493 4934 2540 4984 εί
2581 4931 2756 4998 ἔλεγε,
2783 4931 2948 5001 μηδὲν
2977 4931 3155 4984 κοινὸν
3177 4930 3388 4999 ἔχωμεν
3418 4930 3610 4984 λοιπὸν

2024 5020 2158 5090 πρὸς
2186 5019 2346 5078 αὐτὰ.
2388 5019 2520 5090 μηδὲ
2572 5020 2923 5090 καθέλκωμεν
2959 5020 3094 5090 πρὸς
3135 5019 3406 5080 ἰδιωτικὰς
3432 5018 3610 5072 διακο-

2016 5111 2158 5174 νίας,
2205 5109 2282 5179 τῷ
2330 5109 2448 5178 Θεῷ
2497 5108 2751 5173 καθάπαξ
2799 5108 2938 5161 αὺτά
2975 5109 3400 5179 ἀφιερώσαντες.
3443 5108 3609 5162 Ἀλλά

2015 5201 2109 5252 καὶ
2143 5199 2320 5252 πάντα
2357 5197 2548 5269 μῶμον
2589 5198 2774 5251 λοιπὸν
2827 5198 3168 5268 περιέλωμεν
3218 5198 3324 5251 ἀπὸ
3368 5198 3477 5250 τῶν
3511 5215 3610 5268 με-

2015 5289 2144 5351 λῶν,
2171 5288 2356 5358 ἐπειδὴ
2386 5289 2546 5342 θυσία
2578 5287 2754 5342 ταῦτά
2779 5289 2917 5343 ἐστι.
2961 5290 3024 5342 Ἦ
3045 5290 3156 5359 γάρ
3176 5287 3358 5352 θυσία,
3379 5289 3607 5358 ἀπαρχὴ

2015 5379 2121 5432 τῶν
2151 5378 2327 5432 ἄλλων
2375 5380 2513 5443 ἐστὶ,
2543 5381 2638 5433 καὶ
2674 5380 2826 5433 οὐδὲν
2859 5380 3064 5449 ὀφείλει
3099 5380 3245 5451 ἔχειν
3271 5380 3603 5451 ἀκάθαρτον.

2087 5541 2132 5573 ⁸³
2168 5540 2208 5593 II
2237 5542 2364 5596 Cor.
2399 5558 2491 5608 vn,
2528 5544 2578 5596 I.
2661 5543 2709 5574 “
2740 5543 2844 5598 Isa.
2883 5561 2920 5610 I,
2959 5545 3046 5600 16.
3124 5546 3168 5577 ⁸⁸
3200 5545 3357 5600 Rom.
3400 5561 3477 5612 χι,
3517 5547 3568 5599 I.

2057 5717 2132 5791 (2)
2158 5715 2437 5773 Vocahulo
2457 5719 2598 5775 πάνυ
2627 5720 2680 5774 in
2707 5719 2828 5776 cod.
2854 5735 2882 5775 a
2911 5721 3235 5792 inscriptum
3259 5729 3343 5779 est
3366 5721 3572 5785 πάντη.
