3856 6220
197 365 316 425 9Ἷτ

1380 364 1470 419 AD
1512 364 1568 419 S».
1604 360 1933 419 ςιιΕϐοιιη
1966 361 2177 418 ORAT.
2215 363 2304 418 XI.

3366 362 3472 419 978

197 485 287 538 διὸ
331 483 438 556 χρὴ
486 482 753 537 πάντοθεν
803 481 1039 554 ἄμωμον
1083 479 1369 553 τηρεῖσθαι
1424 482 1484 534 τὸ
1507 482 1685 552 ,σῶμα
1734 480 1831 540 τὸ,

1937 488 1974 534 :t
1996 481 2223 536 omnino
2244 478 2656 534 immaculatum
2680 493 2878 547 corpus
2899 485 3149 532 nostrum
3168 491 3472 544 servemus,

201 578 506 647 ἡμέτερον,
544 577 633 630 ἵνα
673 576 825 641 ἄξιον
865 576 954 646 εἴη
997 574 1096 630 τοῦ
1131 573 1483 638 θυσιάζεσθαι
1533 573 1611 643 τῷ
1655 573 1793 641 Θεῷ.

217 665 444 738 Ἐπειδὴ
473 666 530 720 δὲ
550 661 692 727 εἷπε,
726 665 1120 736 Παραστήσατε
1147 665 1360 726 θυσίαν,
1388 665 1475 718 ἵνα
1511 666 1582 735 μή
1608 681 1690 726 τις
1713 680 1800 715 νο-

209 758 372 831 μίσῃ,
405 759 488 810 ὅτι
531 756 882 826 κατασφάξαι
924 756 1135 810 κελεύει
1180 756 1249 811 τά
1293 755 1544 827 σώματα,
1588 756 1800 825 ταχέως

203 849 483 919 ἐπήγαγε,
518 847 734 909 (dicar.
765 848 877 901 Καὶ
908 847 1270 920 προσέθηκεν,
1305 848 1484 916 ἁγίαν
1521 847 1619 900 καὶ
1661 843 1800 899 εὐά-

201 953 456 1010 ρεστον,
504 938 729 1009 διαιρῶν
755 939 926 1009 αὐτὴν
956 939 1066 992 ἀπὸ
1089 937 1190 1008 τῆς
1235 938 1551 1006 Ἰουδαϊκῆς.
1598 937 1662 990 Ἦ
1692 953 1803 989 τοι-

211 1033 359 1100 αύτη
380 1031 492 1102 γὰρ
525 1030 710 1094 θυσία,
741 1030 1184 1102 εύαρεστήσεως·
1215 1031 1248 1100 ἡ
1288 1029 1348 1083 δὲ
1368 1028 1476 1082 τῶν
1513 1028 1799 1094 Ἰουδαίων,

211 1122 550 1192 ἀκάθαρτος.
599 1121 812 1192 Ἐκείνη
841 1122 903 1175 τὸ
933 1123 1229 1194 τεθυμένον
1267 1123 1456 1193 νεκρὸν
1488 1122 1766 1194 ἀπέφηνεν
1787 1138 1800 1152 ·

213 1212 363 1284 αὕτη
387 1214 450 1266 τὸ
479 1212 798 1284 τεθυμένον,
828 1213 938 1277 ζῶν
973 1212 1296 1285 έργάζεταιε
1331 1215 1418 1267 ὅτε
1465 1211 1571 1283 γάρ
1603 1211 1808 1279 νεκρὼ-

219 1319 392 1371 σομεν
423 1303 581 1373 ήμῶν
607 1302 675 1355 τά
710 1302 869 1373 μέλη,
900 1303 1022 1355 τότε
1042 1301 1383 1373 δυνησόμεθα
1412 1300 1532 1372 ζῇν.
1564 1300 1807 1370 Κάκείνη

222 1394 328 1463 μὲν
375 1394 689 1464 σωματικὴ,
745 1392 885 1464 αὕτη
936 1393 993 1446 δὲ
1043 1393 1255 1465 λογικὴ,
1317 1393 1597 1446 τουτέστιν
1656 1392 1810 1445 οὐδὲν

218 1489 422 1558 ἔχουσα
441 1488 611 1557 παχὺ,
636 1486 758 1540 οὐδὲ
779 1485 1058 1556 αἰσθητόν.
1083 1485 1289 1554 Λογικὴ
1307 1484 1364 1537 δὲ
1393 1483 1618 1555 λατρεία
1641 1483 1808 1551 ἐστὶν,

219 1583 256 1651 ἡ
295 1578 647 1650 πνευματικὴ
686 1577 955 1643 διακονία,
1005 1579 1040 1648 ή
1085 1577 1228 1630 κατά
1265 1575 1500 1646 Χριστδν
1544 1574 1809 1628 πολιτεία.

222 1673 502 1744 Καθάπερ
545 1668 638 1726 οὗν
671 1674 700 1725 ὁ
729 1673 788 1724 ὲν
813 1670 893 1740 τῷ
919 1670 1054 1741 οἴκῳ
1073 1669 1168 1723 τοῦ
1199 1669 1334 1723 Θεοῦ
1354 1717 1357 1721 .
1376 1668 1810 1738 διακονούμενος,

219 1758 339 1827 οἷος
367 1763 435 1817 ἂν
471 1759 530 1834 ᾖ,
564 1761 913 1816 συστέλλεται
937 1759 1059 1814 τότε
1103 1761 1197 1814 καὶ
1241 1759 1531 1832 ἱερώτερος
1569 1758 1810 1826 γίνεται·

1901 580 1963 627 ut
1994 573 2221 643 dignum
2255 570 2492 640 sitquod
2523 570 2634 626 Deo
2663 570 2947 625 oﬂ‘eratur.
2971 569 3266 639 Postquam
3291 578 3474 624 autem

1901 664 2061 728 dixit,
2087 663 2396 719 exhibeatis
2422 663 2682 726 hostiam,
2711 678 2782 718 ne
2813 664 2940 733 quis
2958 663 3311 717 existimaret
3331 659 3479 730 quod

1903 758 2176 812 immolari
2231 757 2419 827 jubeat
2452 772 2707 828 corpora,
2763 758 3019 827 protinus
3062 755 3273 824 adjicit,
3307 757 3480 809 viven-

1906 857 2043 913 tem;
2090 857 2146 904 et
2174 849 2392 914 deinde,
2435 860 2680 903 sanctam
2711 858 2761 904 et
2807 848 2917 903 Deo
2954 847 3282 917 placentem,
3313 861 3344 900 a
3384 842 3483 898 Ju-

1906 943 2064 998 daica
2112 958 2408 998 secernens
2441 958 2583 998 eam.
2637 941 2764 996 Haec
2820 941 2967 997 enim
3003 938 3345 1010 beneplacita
3399 945 3484 992 est

1908 1036 2110 1100 hostia,
2145 1032 2461 1089 Judmorum
2505 1049 2637 1089 vero
2687 1033 3002 1096 immunda;
3053 1033 3160 1088 ista
3203 1031 3348 1085 enim
3379 1029 3485 1082 im-

1909 1125 2174 1180 molatum
2223 1132 2502 1179 mortuum
2552 1121 2828 1186 ostendit;
2858 1121 2972 1175 haec
3015 1127 3197 1175 autem
3236 1118 3487 1172 immola-

1910 1225 2028 1270 tum
2079 1217 2350 1271 viventem
2405 1214 2587 1270 el'ﬁcit.
2643 1213 2776 1268 Nam
2833 1213 3078 1268 membra
3123 1219 3314 1266 nostra
3359 1225 3488 1265 cum

1911 1306 2469 1372 mortiﬁcaverimus,
2539 1314 2671 1359 tunc
2737 1305 2922 1358 vivere
2993 1304 3316 1374 poterimus.
3379 1299 3487 1356 Ista

1911 1399 2134 1469 quidem
2173 1396 2504 1468 corporalis,
2541 1397 2656 1451 haec
2701 1403 2880 1450 autem
2937 1395 3320 1458 rationabilis,
3351 1395 3489 1448 nihil

1913 1491 2126 1546 scilicet
2161 1490 2361 1560 pingue
2382 1491 2466 1543 vel
2495 1489 2710 1544 sensile.
2742 1488 2972 1543 habens.
3002 1485 3350 1542 Rationabile
3390 1503 3491 1540 au-

1915 1594 2024 1640 tem
2060 1585 2386 1653 obsequium
2417 1591 2500 1638 est
2521 1625 2536 1649 ,
2569 1582 2863 1652 spirituale
2885 1580 3260 1636 ministerium
3285 1616 3302 1644 ,
3333 1580 3493 1649 juxta

1915 1675 2197 1730 Christum
2243 1673 2676 1728 administratio.
2729 1671 2883 1726 Sicut
2935 1669 3102 1740 igitur
3147 1671 3243 1741 qui
3300 1671 3354 1724 in
3398 1668 3496 1724 Dei

1918 1768 2082 1822 domo
2107 1767 2405 1831 ministrat,
2456 1765 2637 1836 qualis
2681 1773 2850 1824 esset.
2893 1771 3024 1818 tunc
3079 1769 3395 1817 coarctatur
3443 1771 3496 1818 et

219 1855 373 1909 οὕτω
405 1857 502 1910 καὶ
537 1857 688 1926 ἡμᾶς
715 1855 808 1910 τὸν
841 1855 1058 1908 ἅπαντα
1088 1853 1202 1923 βίον
1239 1852 1542 1906 διακεῖσθαι
1576 1849 1701 1922 χρὴ,
1741 1851 1817 1912 ὼς

1937 1859 2166 1913 ianctior
2197 1856 2257 1910 ﬁt
2279 1901 2293 1924 ,
2322 1857 2406 1913 sic
2439 1865 2494 1911 et
2534 1855 2902 1924 nosmetipsos
2949 1869 3046 1922 per
3081 1868 3296 1908 omnem
3328 1853 3500 1907 vitam

221 1945 595 2018 λατρεύοντας
641 1945 735 1998 καὶ
782 1944 1134 2015 ἱερωμένους.
1157 1943 1270 2014 Τὴν
1315 1942 1500 2013 μέντοι
1537 1939 1815 2011 λατρείαν,

226 2037 480 2104 ἔντευξιν
509 2039 539 2090 ὁ
563 2035 826 2105 Θεολόγος
852 2035 1126 2106 ὠνόμασε.
1154 2034 1231 2086 Δι’
1269 2033 1440 2102 αὐτῆς
1479 2031 1590 2103 γάρ
1618 2033 1816 2099 ἐντυγ-

226 2129 474 2199 χάνομεν
513 2126 608 2178 καὶ
649 2125 946 2197 ὁμιλοῦμεν
1000 2122 1140 2194 Θεῷ.
1192 2122 1360 2176 Οὐδὲν
1404 2121 1510 2191 γὰρ
1558 2120 1700 2173 οὕτω
1743 2118 1821 2188 τῷ

224 2219 464 2292 καθαρῷ
490 2217 609 2289 Θεῷ
628 2217 829 2288 τίμιον,
853 2216 930 2279 ώς
957 2214 1264 2286 καθαρότης
1289 2214 1322 2284 ἢ
1355 2213 1639 2286 κάθαρσις.
1665 2210 1822 2265 Ἐστι

224 2311 291 2366 δὲ
318 2309 634 2382 καθαρότης
666 2309 786 2379 μὲν,
823 2309 884 2360 τὸ
914 2307 1022 2378 ἤδη,
1043 2306 1386 2377 καθαρθῆναι
1407 2322 1420 2336 ’
1451 2305 1716 2374 κάθαρσις
1741 2303 1820 2370 δὲ,

226 2405 296 2458 τὸ
335 2402 416 2456 ἔτι
456 2399 834 2472 καθαίρεσθαι·
869 2399 904 2470 ἢ
935 2398 1248 2470 καθαρότης
1286 2398 1404 2468 μὲν,
1439 2399 1501 2450 τὸ
1533 2396 1610 2467 μὴ
1648 2397 1823 2466 ἐμπε-

233 2497 352 2548 σεῖν
380 2496 462 2557 είς
495 2493 816 2564 μολύσματα
835 2508 848 2521 ·
889 2491 1156 2562 κάθαρσις
1197 2489 1275 2554 δὲ,
1303 2490 1366 2542 τὸ
1397 2488 1536 2560 μετά
1563 2488 1623 2540 τὸ
1653 2490 1824 2556 ἐμπε-

234 2589 353 2640 σεῖν
383 2583 802 2640 ἀπονίπτεσθαι.
839 2582 973 2637 Ἐὰν
994 2581 1173 2635 τοίνυν
1195 2579 1512 2652 βουλώμεθα
1539 2577 1825 2650 ἑορτάζον-

230 2697 329 2743 τες
380 2677 708 2748 θεραπεύειν
761 2676 888 2738 τοὺς
937 2675 1241 2746 μάρτυρας,
1286 2672 1446 2726 τοῦτο
1491 2673 1601 2734 τοῖς
1645 2669 1828 2733 ἄθλοις

233 2771 422 2826 αὐτῶν
450 2768 829 2842 χαρισώμεθα,
860 2767 920 2820 τὸ
949 2767 1045 2819 καὶ
1084 2766 1238 2818 αὐτοὶ
1281 2763 1710 2833 στεφανωθῆναι,
1751 2761 1829 2825 ὡς

235 2863 462 2934 νικηταὶ
492 2861 592 2930 τῆς
620 2861 896 2932 ἁμαρτίας
933 2858 1028 2910 καὶ
1066 2857 1178 2912 τῶν
1201 2857 1492 2927 δαιμόνων,
1513 2855 1610 2908 καί¹
1636 2854 1698 2907 τὸ
1715 2856 1830 2906 ὲπιο

236 2960 427 3029 τυχεῖν
457 2955 559 3026 τῆς
587 2954 760 3025 αὐτῆς
783 2955 963 3024 δόξης,
993 2953 1054 3007 ού
1087 2953 1247 3022 μόνον
1290 2952 1390 3021 τῆς
1427 2950 1578 3022 παρά
1607 2949 1718 3004 τῶν
1742 2949 1832 3001 άν-

237 3049 500 3122 θρώπων,
544 3047 681 3101 ἀλλά
721 3048 816 3100 καὶ
853 3047 955 3116 τῆς
998 3045 1320 3116 μελλούσης,
1361 3038 1430 3114 ἧς
1475 3043 1651 3114 μικρά
1694 3042 1832 3094 εἰσιν

1919 1950 2080 2022 quasi
2107 1949 2406 2005 adorantes
2432 1956 2486 2003 et
2511 1946 2882 2003 sanctiiicatos
2911 1945 3251 2015 praebeamus
3272 1958 3468 2000 necess
3487 1967 3502 1998 -.

1919 2049 2024 2098 est.
2073 2039 2233 2108 Quod
2271 2040 2495 2110 quidem
2536 2037 2860 2108 obsequium
2902 2037 3274 2106 precationem
3321 2033 3501 2090 Theo-

1923 2134 2080 2204 Iogus
2113 2132 2426 2202 appellavit.
2470 2129 2718 2200 Namque
2761 2145 2856 2199 per
2895 2129 3027 2183 illud
3065 2129 3227 2198 quasi
3254 2125 3502 2182 adhaere-

1924 2240 2048 2278 mus
2089 2222 2222 2279 Deo.
2260 2222 2448 2292 Neque
2483 2222 2632 2278 enim
2665 2236 2840 2292 purus
2875 2219 3018 2275 Deus
3052 2226 3206 2274 tanto
3243 2219 3297 2272 in
3328 2217 3506 2288 pretio

1924 2315 2228 2386 quidquam
2289 2314 2474 2376 habet,
2520 2327 2688 2384 quam
2746 2312 3039 2382 puritatem
3100 2319 3193 2364 aut
3225 2310 3502 2381 purgatio-

1927 2421 2074 2461 nem.
2112 2403 2334 2460 Puritas
2375 2413 2554 2458 autem
2590 2402 2701 2472 jam
2731 2399 3004 2470 puriﬁcati
3042 2405 3149 2461 est,
3177 2407 3231 2451 et
3258 2396 3508 2466 purgatio

1927 2499 2107 2554 adhuc
2137 2513 2198 2553 se
2242 2495 2615 2567 puriﬁcantis.
2659 2491 2881 2547 Puritas
2913 2493 3136 2562 quippe,
3170 2506 3279 2544 non
3316 2490 3371 2542 in
3426 2489 3512 2541 iu-

1929 2591 2291 2662 quinamenta
2327 2588 2612 2654 incidere;
2652 2587 2905 2657 purgatio
2933 2595 3139 2648 autem,
3173 2590 3298 2654 post
3329 2582 3512 2650 inqui-

1931 2684 2214 2739 nationem
2241 2682 2520 2738 mundari.
2555 2679 2614 2734 Si
2642 2680 2809 2750 igitur
2839 2677 3040 2733 festum
3088 2683 3312 2746 agentes
3365 2688 3511 2730 mar-

1930 2783 2082 2846 tyres
2124 2774 2336 2829 honore
2377 2772 2642 2844 prosequi
2694 2770 3055 2834 voluerimus,
3088 2767 3194 2823 hoc
3228 2765 3513 2822 laboribus

1933 2884 2122 2924 eorqu
2152 2867 2561 2938 indulgeamus,
2599 2866 2812 2921 scilicet
2844 2873 2904 2918 ut
2936 2871 2991 2918 et
3029 2863 3131 2933 ipsi
3159 2874 3512 2925 coronemur,

1935 2962 2092 3032 quasi
2134 2961 2345 3032 peccati
2391 2961 2814 3029 daemonumque
2855 2957 3096 3011 victores
3121 2995 3136 3018 ,
3165 2963 3220 3009 et
3265 2951 3513 3008 eamdem

1935 3068 2350 3124 consequamur
2377 3053 2634 3125 gloriam,
2669 3067 2778 3106 non
2816 3065 2936 3106 eam
2975 3048 3136 3102 modo
3166 3061 3289 3118 qua:
3319 3061 3386 3101 ex
3417 3044 3517 3098 ho-

243 3141 641 3212 ὕπομνήματα,
672 3141 727 3191 αἱ
757 3137 1030 3209 ὁρώμεναι
1069 3137 1246 3207 τιμαὶ,
1277 3138 1334 3188 at
1365 3137 1497 3207 παρ’
1521 3134 1680 3205 ἡμῶν
1719 3136 1831 3198 τοῖς

1939 3146 2186 3200 minibus
2217 3145 2403 3210 venit,
2447 3146 2543 3200 sed
2573 3152 2625 3199 et
2675 3158 2794 3198 eam
2835 3157 2958 3212 quae
2991 3140 3172 3194 futura
3205 3147 3324 3200 est,
3358 3135 3516 3204 cujus

249 3236 490 3308 μάρτυσι
535 3233 972 3304 προσαγόμεναι.
1013 3232 1137 3284 Οὐκ
1171 3229 1339 3283 ἐστιν
1369 3228 1514 3297 ἡμῖν
1558 3228 1596 3295 ἡ
1643 3227 1831 3295 πάλη,

242 3325 392 3379 κατά
417 3323 512 3376 τὸν
564 3321 910 3383 Ἀπόστολον,
946 3318 1098 3388 πρὸς
1125 3315 1270 3389 αἷμα
1306 3319 1405 3372 καὶ
1426 3317 1642 3386 σάρκα,
1669 3317 1836 3388 ἤγουν

249 3419 387 3492 πρὸς
416 3415 740 3487 ἀνθρώπους
766 3451 782 3475 ,
843 3413 980 3468 άλλά
1031 3409 1170 3482 πρὸς
1214 3409 1339 3472 τοὺς
1395 3409 1668 3479 ἀσάρκους
1711 3405 1837 3460 δαί-

250 3528 444 3580 μονας,
489 3508 688 3573 οἵτινες
772 3503 951 3572 ἀρχαὶ
1008 3502 1106 3572 μὲν
1156 3500 1424 3569 λέγονται,
1473 3499 1550 3564 ὡς
1594 3500 1831 3570 ἀρχηγοὶ

247 3603 358 3656 τῶν
425 3598 644 3661 παθῶν,
709 3590 793 3660 οἷς
848 3597 899 3648 οί
937 3594 1276 3665 ταλαίπωροι
1318 3593 1533 3656 ἑκόντες
1592 3592 1841 3646 δουλεύοο

254 3709 394 3765 μενο
463 3689 741 3754 ἐξουσίαι
806 3688 886 3750 δὲ,
955 3686 1031 3751 ὡς
1097 3685 1186 3739 διὰ
1233 3685 1408 3757 μέσων
1487 3685 1596 3738 τῶν
1651 3683 1840 3738 παθῶν

250 3781 774 3850 κατεξουσιάζοντες
833 3778 990 3850 ἡμῶν
1014 3793 1027 3807 ·
1089 3777 1572 3847 κοσμοκράτορες
1627 3778 1682 3830 δὲ
1706 3818 1722 3840 ,
1765 3779 1841 3842 ὡς

255 3872 737 3944 κατακρατοῦντες
783 3870 894 3924 τῶν
939 3871 1006 3924 τά
1049 3871 1292 3940 κοσμικά
1341 3870 1706 3941 φρονούντων.
1769 3870 1845 3923 Τὰ

255 3966 570 4034 πνεύματα
599 3961 711 4030 τῆς
744 3961 1056 4030 πονηρίας,
1085 3959 1157 4014 τὰ
1195 3960 1264 4014 ἐν
1289 3959 1414 4024 τοῖς
1439 3959 1842 4026 ἐπουρανίοις,

255 4060 428 4129 ἦγουν
456 4055 526 4109 τά
561 4057 620 4108 ἐν
659 4054 738 4124 τῷ
778 4053 901 4124 ἀέρι
946 4051 1310 4122 στρεφόμενα.
1357 4051 1591 4118 Λέγεται
1619 4051 1727 4120 γὰρ
1752 4052 1847 4105 καὶ

255 4155 287 4206 ό
328 4152 462 4222 ἀὴρ,
509 4147 757 4218 οὐρανὸς,
802 4146 941 4216 ὅπερ
969 4142 1290 4215 ἑρμηνεύων
1329 4145 1358 4196 ό
1390 4143 1674 4211 Θεολόγος,
1710 4145 1848 4212 ἐπή-

259 4259 427 4312 γαγε,
455 4242 548 4294 καὶ
582 4237 817 4309 περὶ.τά
850 4237 1098 4308 οὐράνια.
1147 4233 1568 4304 Ἀγωνισώμεθα
1595 4231 1687 4288 οὖν
1714 4236 1849 4306 πρὸς

260 4338 356 4391 τὸν
401 4333 666 4405 ἐμφύλιον
753 4333 812 4383 ὲν
881 4332 1025 4400 ἡμῖν
1085 4329 1342 4399 πόλεμον·
1401 4329 1550 4396 λέγει
1625 4330 1730 4400 γὰρ
1821 4331 1851 4382 ό

277 4427 624 4489 Ἀπόστολος,
667 4420 807 4476 εἷναί
831 4439 956 4476 τινα
1003 4424 1060 4474 ὲν
1107 4424 1220 4484 τοῖς
1251 4421 1467 4492 μέλεσιν
1497 4422 1656 4492 ἡμῶν
1686 4422 1850 4492 νόμον

1941 3241 2277 3296 monimenta
2314 3240 2512 3311 exigua
2554 3245 2683 3294 sunt
2711 3238 2804 3307 qui
2835 3233 3012 3290 oculis
3044 3241 3350 3288 cernuntur
3395 3230 3520 3299 qui-

1938 3349 2047 3403 que
2082 3348 2113 3385 a
2151 3331 2311 3387 nobis
2361 3329 2696 3401 martyribus
2741 3327 3066 3382 tribuuntur
3107 3323 3368 3377 honores.
3401 3322 3522 3373 Non

1939 3433 2017 3479 est
2067 3424 2217 3478 nobis
2269 3422 2574 3476 colluctatio
2601 3460 2615 3484 ,
2655 3419 2812 3488 juxta
2858 3415 3184 3487 Apostolum
3213 3451 3227 3476 ,
3270 3411 3522 3464 adversus

1943 3532 2158 3570 carnem
2182 3525 2231 3569 et
2255 3516 2567 3584 sanguinem
2596 3513 2664 3576 “,
2695 3512 2908 3567 scilicet
2936 3509 3206 3563 adversus
3245 3504 3522 3566 homines,

1944 3612 2037 3665 sed
2081 3609 2348 3664 adversus
2383 3608 2570 3662 carnis
2602 3611 2859 3677 expertes
2897 3603 3173 3658 daemones
3199 3638 3212 3662 ,
3249 3597 3342 3668 qui
3374 3596 3524 3664 prin-

1945 3703 2149 3769 cipatus
2185 3699 2473 3766 dicuntur,
2507 3699 2668 3769 quasi
2714 3697 3036 3768 passionum
3074 3689 3369 3763 principes,
3405 3689 3530 3759 qui--

1945 3793 2049 3847 bus
2078 3792 2268 3846 miseri
2301 3793 2448 3844 ultro
2475 3790 2750 3845 servimus
2777 3806 2790 3854 ;
2827 3794 3110 3857 potestates
3138 3797 3292 3846 vero,
3326 3781 3530 3850 quippe

1945 3885 2038 3955 qui
2067 3899 2162 3954 per
2191 3887 2480 3953 passiones
2507 3883 2934 3938 dominationem
2967 3879 3022 3932 in
3051 3877 3210 3932 nobis
3237 3881 3527 3936 exercent;

1949 3988 2174 4032 rectores
2209 3976 2417 4040 mundi,
2451 3982 2508 4028 ut
2532 3977 2600 4030 iis
2634 3976 2966 4043 imperantes
2987 3971 3082 4041 qui
3119 3966 3405 4024 terrestria
3442 3979 3536 4020 sa-

1948 4071 2126 4141 piunt.
2163 4068 2397 4137 Spiritus
2427 4076 2610 4122 autem
2659 4067 2904 4135 nequitia:
2925 4106 2940 4130 ,
2985 4065 3038 4116 in
3066 4061 3391 4122 cwlestibus,
3421 4057 3532 4112 sci—

1951 4165 2090 4218 licet-
2125 4163 2181 4217 in
2213 4178 2339 4217 aere
2376 4161 2694 4216 volitantes.
2741 4158 2950 4212 Dicitur
2979 4159 3126 4212 enim
3171 4162 3226 4210 et
3268 4168 3385 4214 aer,
3416 4167 3531 4208 (xe-

1952 4259 2089 4319 lum,
2119 4255 2266 4326 quod
2289 4255 2689 4324 interpretatus
2716 4251 3026 4319 Theologus
3053 4246 3289 4316 adjecit,
3329 4251 3384 4298 et
3412 4258 3535 4313 quae

1951 4350 2100 4404 circa
2141 4348 2387 4403 caelestia
2422 4346 2696 4402 feruntur.
2741 4343 3031 4398 Certamen
3079 4339 3249 4411 igitur
3284 4339 3536 4391 ineamus

1957 4441 2226 4496 adversus
2253 4439 2504 4493 innatum
2527 4437 2690 4492 nobis
2739 4435 2969 4490 bellum.
3001 4433 3092 4485 Ait
3129 4429 3275 4486 enim
3301 4428 3537 4498 Aposto-

263 4520 566 4592 ἁμαρτίας,
619 4517 712 4570 τὸν
733 4513 1287 4585 ἀντιστρατευόμενον
1323 4512 1399 4583 τῷ
1418 4514 1569 4584 νόμῳ
1585 4512 1680 4568 τοῦ
1713 4513 1829 4577 νοὸς

1963 4533 2048 4585 lus
2080 4530 2126 4561 "
2168 4544 2293 4584 esse
2324 4526 2616 4596 quamdam
2659 4525 2715 4579 in
2768 4521 3031 4578 membris
3077 4519 3282 4574 nostris
3325 4515 3536 4587 peccati

265 4614 434 4682 ῆγουν
476 4609 556 4679 τῷ
609 4605 859 4677 φυσικῷ,
915 4606 1004 4658 καὶ
1065 4603 1315 4657 ποιοῦντα
1367 4603 1622 4668 πολλάκις
1674 4604 1853 4674 ἐαυτῷ

266 4702 348 4775 (1)
414 4701 506 4755 τὸν
547 4699 674 4753 νοῦν
715 4696 1062 4769 αἰχμάλωτον
1099 4695 1193 4748 καὶ
1227 4695 1560 4764 ὑποχείριον.
1610 4695 1856 4748 Ἀντιπα-

270 4793 636 4875 ραταξώμεθα
677 4791 734 4844 δὲ
789 4788 1050 4860 καὶπρὸς
1101 4786 1200 4849 τὰς
1245 4785 1445 4850 ἔξωθεν
1483 4788 1858 4858 ἐπερχομένας

267 4887 690 4947 ἐπαναστάσεις.

339 4980 462 5035 Col.
509 4977 614 5032 857
666 4975 706 5028 Β
752 4975 802 5028 1.
870 4973 1399 5042 Ἐνέγκωμεν.....
1448 4972 1854 5041 μετριώτερον.

281 5070 644 5140 ’Υπέμειναν,
697 5065 882 5135 φησιν,
930 5065 981 5116 οἱ
1033 5064 1308 5136 μάρτυρες
1348 5062 1514 5133 θηρία
1561 5063 1656 5116 καὶ
1709 5061 1862 5131 ξίφος

272 5167 369 5218 καὶ
413 5163 547 5232 πῦρ·
595 5161 982 5230 ὑπομείνωμεν
1022 5157 1115 5210 καὶ
1165 5157 1348 5225 ἡμεῖς,
1381 5154 1456 5218 ὡς
1504 5154 1602 5224 μὲν
1651 5153 1861 5225 θηρίον,

273 5257 366 5310 τὸν
417 5254 621 5325 θυμόνο
673 5252 750 5313 ὡς
791 5250 848 5303 δὲ
900 5247 1052 5316 ξίφος
1100 5246 1382 5317 τμητικὸν,
1431 5245 1530 5318 τὴν
1574 5243 1862 5314 γλῶσσαν·

275 5351 351 5412 ὡς
394 5347 453 5401 δὲ
489 5347 623 5416 πῦρ,
670 5344 768 5414 τὴν
817 5339 1012 5411 ἡδονὴν
1037 5338 1489 5408 κατασϐέσωμεν.
1542 5338 1731 5400 Πάσας
1765 5336 1867 5400 τὰς

277 5441 560 5511 αἰσθήσεις
577 5436 1106 5506 δουλαγωγήσωμεν·
1125 5430 1308 5501 θῶμεν
1327 5429 1493 5500 θύρας
1513 5432 1632 5493 ταῖς
1652 5430 1862 5493 ἀκοαῖς,

279 5532 552 5602 εὐκαίρως
582 5526 939 5597 ἀνοιγομένας
973 5523 1110 5595 πρὸς
1137 5522 1207 5576 τά
1239 5521 1358 5574 θεῖα
1397 5522 1617 5592 ῥήματα
1653 5521 1748 5574 καὶ
1775 5522 1866 5602 ερσ

279 5621 488 5693 καίρως
519 5617 841 5688 κλειομένας
866 5614 1005 5688 πρὸς
1031 5614 1102 5668 τὰ
1135 5612 1394 5681 θέλγοντα
1426 5611 1522 5665 καὶ
1556 5609 1864 5682 βλάπτοντα

358 5761 405 5792 ⁸⁸
437 5758 639 5828 Ephes.
673 5771 750 5821 νι,
783 5755 870 5810 12.
948 5755 990 5785 ⁸⁷
1019 5754 1178 5809 Rom.
1211 5769 1309 5822 vn,
1343 5755 1434 5809 ‘25.

360 5881 443 5950 (l)
479 5878 925 5952 Suprascriptum
949 5875 1112 5932 αὐτόν
1153 5889 1205 5929 a.

1964 4622 2133 4690 legem
2192 4619 2298 4689 legi
2356 4617 2556 4673 mentis
2589 4617 2994 4676 adversantem,
3046 4619 3258 4666 natura:
3305 4608 3537 4673 scilicet,

1962 4712 2401 4780 efllcientemque
2444 4709 2768 4779 plerumque
2815 4707 2920 4762 sibi
2969 4711 3208 4760 mentem
3262 4700 3540 4772 captivam

1964 4801 2397 4871 subjectamque.
2457 4799 2568 4853 Nos
2614 4813 2836 4868 quoque
2883 4797 3224 4850 instruamus
3277 4789 3541 4844 adversus

1962 4910 2175 4958 earum,
2207 4909 2328 4963 qua:
2357 4899 2584 4947 externe
2611 4889 2889 4952 accidunt,
2922 4901 3105 4942 rerum
3139 4885 3398 4952 impetus.

2037 4985 2491 5041 Sustineamus....
2549 4993 2608 5037 ut
2667 4983 2848 5037 mitius
2899 4981 3104 5049 loquar.
3147 5007 3217 5016 --
3253 4973 3545 5028 Sustinue-

1963 5088 2112 5140 runt,
2152 5079 2250 5141 ait,
2287 5086 2556 5148 martyres
2593 5075 2823 5138 belluas,
2864 5080 2922 5127 et
2961 5069 3227 5142 gladium,
3257 5073 3313 5120 et
3339 5067 3540 5135 ignem.

1969 5169 2354 5224 Sustineamus
2393 5177 2448 5222 et
2481 5183 2602 5230 nos,
2661 5166 2812 5221 velut
2857 5163 3115 5224 helluam,
3177 5160 3350 5222 iram;
3378 5153 3536 5208 velut

1968 5270 2306 5334 praeacutum
2342 5261 2620 5327 gladium,
2655 5258 2928 5327 linguam;
2966 5255 3113 5308 velut
3143 5251 3323 5322 ignem
3346 5288 3360 5311 ,
3389 5245 3547 5299 volu-

1969 5363 2175 5427 ptatem
2217 5354 2656 5423 exstinguamus.
2681 5349 2886 5404 Omnes
2917 5360 3116 5402 sensus
3136 5344 3194 5398 in
3221 5339 3550 5398 servitutem

1976 5447 2320 5502 addicamus.
2369 5445 2724 5516 Apponamus
2781 5439 3012 5495 auribus
3067 5435 3275 5492 nostris
3323 5431 3548 5501 januas,

1978 5555 2100 5610 qua:
2145 5538 2214 5594 ad
2257 5539 2442 5593 divina
2475 5537 2636 5592 verba
2672 5531 2996 5604 tempestive
3029 5527 3368 5600 aperiantur,
3397 5526 3454 5578 et
3480 5519 3551 5573 ad

1981 5632 2301 5690 illecebrosa
2334 5631 2606 5702 noxiaque
2647 5625 3017 5709 modulamina
3043 5619 3367 5708 tempestive
3399 5613 3554 5671 cllu-
