3856 6220
331 329 438 386 979
1580 329 1872 390 NICETAS
1907 328 2297 388 SERRONIUS
3489 326 3604 387 986

333 445 558 499 dantur.
612 440 886 514 Regamus
940 445 1179 512 oculum,
1213 463 1279 502 ne
1314 463 1409 518 per
1455 463 1580 505 cum
1629 452 1684 506 in
1737 451 1940 510 nobisi

2044 466 2238 520 σματα.
2292 449 2730 520 Κυϐερνήσωμεν
2775 447 2866 500 τὸν
2913 445 3212 519 ὀφθαλμὸν,
3266 449 3478 518 μήποτε
3528 447 3603 502 δι’

336 553 595 608 magnum
650 538 856 592 incidat
899 540 1222 610 cupiditatis
1272 557 1492 605 semen;
1545 544 1812 616 linguam,
1843 560 1914 600 ne

2044 542 2182 595 ιὺτοῦ
2217 543 2349 612 ἡμῖν
2377 539 2574 612 λαῦρον
2596 539 2814 610 ἐμπέσῃ
2832 538 2933 608 τῆς
2964 539 3258 608 ἐπιθυμίας
3287 539 3348 592 τὸ
3371 539 3566 610 κύημα
3584 555 3603 571 ·

338 631 469 701 quid
500 631 728 684 vetitum
769 631 1097 701 loquamur;
1141 641 1349 688 tactum
1391 636 1544 690 rabie
1572 637 1914 691 laborantem

2044 635 2112 705 ,ὴν
2143 633 2408 702 γλῶτταν,
2443 631 2516 703 μὴ
2539 629 2898 702 φθεγξώμεθα
2922 629 3088 701 μηδὲν
3115 629 3603 700 ἀπηγορευμένον.

335 724 406 777 ad
433 723 655 778 inutiles
693 730 748 778 et
783 724 980 779 noxios
1018 735 1293 791 attactus;
1333 735 1556 797 gustum
1589 729 1916 783 deliciarum

2044 730 2113 801 ’ὴν
2146 729 2288 800 ἁφὴν
2317 726 2594 779 λυττῶσαν
2615 723 2752 795 πρὸς
2781 722 2879 786 τὰς
2913 721 3242 792 περιέργους
3277 721 3372 773 καὶ
3403 717 3610 790 βλαϐε-

339 822 686 885 appetentem
723 825 777 868 et
828 815 1192 870 vellicantem.
1232 813 1490 888 Undique
1544 820 1690 873 enim
1745 818 1920 874 refre-

337 907 558 961 nandus
591 913 674 960 est
703 907 974 976 petulans,
1016 915 1069 961 et
1099 909 1156 962 in
1194 923 1341 971 esca,
1369 919 1423 963 et
1459 909 1514 962 in
1558 917 1753 977 strato,
1779 919 1834 965 et
1863 911 1919 964 in

341 1000 626 1061 societate,
659 1007 714 1054 et
754 1000 809 1054 in
859 1000 1035 1054 oculis
1060 1043 1075 1066 ,
1107 1010 1161 1055 et
1202 1001 1257 1055 in
1288 1003 1516 1058 auribus
1538 1043 1555 1067 ,
1603 1011 1657 1058 et
1690 1005 1744 1057 in
1769 1003 1917 1074 gula,

342 1098 506 1160 atque
535 1092 700 1146 etiam
734 1090 790 1145 in
825 1092 1077 1147 naribus.
1130 1091 1196 1146 Et
1243 1094 1700 1162 quemadmodum
1753 1095 1922 1150 boves

343 1182 565 1237 annulis
595 1192 649 1236 et
681 1182 925 1248 funibus,
976 1185 1057 1239 sic
1104 1192 1158 1238 et
1212 1184 1531 1240 luxuriosus
1577 1187 1833 1242 thuribus
1872 1197 1926 1242 et

343 1275 643 1345 unguentis
683 1283 736 1330 et
763 1275 918 1330 suavi
948 1290 1279 1331 coronarum
1305 1276 1476 1333 odore
1518 1278 1776 1333 trahitur.
1809 1277 1925 1333 Hoc

344 1379 429 1426 est
458 1371 605 1441 quod
651 1373 728 1425 ait
773 1370 1038 1428 Jeremias
1075 1373 1143 1435 ⁸⁸,
1197 1373 1455 1443 quoniam
1490 1374 1740 1428 Ascendit
1781 1390 1924 1429 mors

344 1475 437 1528 per
469 1460 747 1529 fenestras.
783 1460 886 1515 Per
913 1476 1110 1516 sensus
1139 1463 1307 1528 enim,
1332 1463 1476 1517 sicut
1502 1479 1597 1532 per
1632 1462 1924 1530 fenestras,

347 1551 402 1603 in
437 1552 671 1605 animam
697 1552 1004 1622 ingreditur
1031 1557 1242 1622 peccati
1281 1571 1451 1610 mors.
1482 1553 1684 1609 Praeter
1707 1563 1924 1620 caetera,

347 1641 518 1696 risum
555 1643 722 1696 etiam
772 1641 1068 1712 fugiamus.
1110 1643 1174 1696 Et
1214 1645 1355 1699 sicut
1407 1646 1460 1699 in
1492 1646 1654 1700 tertio
1698 1643 1909 1715 Regum

2023 823 2120 896 ρὰς
2175 819 2424 888 ὲπαφάς·
2479 816 2576 888 τὴν
2637 815 2860 884 γεῦσιν,
2910 811 3296 884 λιχνευομένην
3346 811 3476 882 περὶ
3533 809 3612 862 τὰ

2019 913 2304 986 ἡδύσματα
2337 910 2430 963 καὶ
2473 908 2912 979 σπαράττουσαν·
2948 902 3214 957 πάντοθεν
3252 901 3361 974 γὰρ
3403 899 3614 970 ἀγώγιρ

2030 1002 2128 1073 μός
2181 1003 2328 1053 ἐστιν
2369 1001 2398 1052 ὀ
2439 996 2756 1059 ἀκόλαστος,
2809 995 2902 1047 καὶ
2941 993 3048 1046 ἀπὸ
3095 991 3317 1060 ἐδωδῆς,
3368 991 3463 1045 καὶ
3495 991 3616 1044 ἀπὸ

2025 1089 2348 1164 στρωμνῆς,
2390 1090 2483 1141 καὶ
2524 1085 2633 1141 ἀπὺ
2689 1084 3151 1156 συναναστροφῆς,
3201 1084 3294 1136 καὶ
3342 1083 3453 1135 ἀπὸ
3493 1080 3616 1134 τῶν

2021 1180 2333 1251 ὀφθαλμῶν,
2355 1179 2450 1231 καὶ
2483 1177 2592 1230 ἀπὸ
2611 1175 2718 1228 τῶν
2753 1173 2926 1239 ὤτων,
2949 1173 3040 1226 καὶ
3076 1171 3184 1226 τῶν
3208 1171 3441 1241 γνάθων,
3467 1169 3616 1224 ἀλλὰ

2023 1277 2118 1328 καὶ
2159 1276 2226 1326 ὲκ
2268 1272 2376 1325 τῶν
2427 1271 2736 1342 μυκτήρων.
2777 1268 2888 1321 Καὶ
2930 1266 3182 1337 καθάπερ
3223 1266 3273 1318 oi
3317 1263 3438 1335 βόες
3491 1264 3620 1326 τοῖς
3653 1272 3655 1274 ’

2023 1368 2238 1440 κρίκοις
2270 1366 2366 1418 καὶ
2396 1367 2508 1427 τοῖς
2531 1363 2804 1434 σχοινίοις,
2839 1361 2982 1414 οὕτω
3011 1361 3105 1413 καὶ
3133 1362 3162 1412 6
3185 1357 3483 1419 ἀκόλαστος
3512 1355 3620 1409 θυ-

2030 1461 2264 1531 μιάμασι
2313 1455 2408 1508 καὶ
2458 1455 2652 1525 μύροις
2703 1453 2797 1505 καὶ
2843 1454 2962 1514 ταῖς
3008 1451 3116 1503 ἀπὸ
3169 1449 3278 1502 τῶν
3327 1449 3615 1516 στεφάνων

2027 1549 2270 1611 είωδίαις
2309 1546 2682 1618 περιέλκεταν
2709 1545 2803 1597 καὶ
2829 1543 2986 1596 τοῦτό
3019 1543 3188 1604 ἐστιν,
3221 1541 3250 1592 ὅ
3288 1555 3452 1610 φησιν
3507 1538 3612 1591 '16..-

2031 1640 2239 1713 ρεμίας,
2277 1641 2358 1693 ὅτι
2402 1637 2601 1705 Ἀνέϐη
2645 1637 2898 1701 θάνατος
2925 1633 3024 1688 διὰ
3050 1631 3168 1686 τῶν
3203 1631 3479 1700 θυρίδων·
3517 1631 3612 1683 διὰ

348 1730 508 1794 libro,
542 1731 672 1788 Eliae
707 1733 775 1788 ad
814 1733 985 1790 Deum
1025 1738 1305 1791 accedenti
1342 1739 1607 1794 adversus
1646 1739 1836 1806 Israel,
1874 1749 1928 1796 et

2044 1730 2136 1802 {ap
2162 1730 2270 1783 τῶν
2307 1729 2631 1800 αἰσθήσεων,
2670 1726 2744 1790 ὡς
2782 1725 2870 1779 διὰ
2901 1723 3153 1795 θυρίδων,
3184 1724 3490 1793 εἰσέρχεται
3527 1723 3614 1784 εἰς

349 1822 554 1878 dicenti
586 1825 630 1857 δ’
661 1844 673 1878 :
712 1825 954 1891 Domine,
979 1830 1258 1896 prophetas
1300 1840 1414 1884 tuos
1447 1832 1845 1900 interfecerunt,
1874 1843 1923 1887 et

2044 1824 2129 1894 τὴν
2147 1822 2324 1894 ψυχὴν
2354 1825 2382 1876 6
2407 1823 2504 1891 τῆς
2525 1820 2796 1891 ἁμαρτίας
2819 1817 3066 1878 θάνατος.
3097 1815 3240 1887 Πρὸς
3267 1817 3377 1877 τοῖς
3406 1814 3613 1877 ἄλλοις,

349 1911 547 1966 altaria
580 1924 669 1967 tua
693 1925 1019 1980 everlerunt,
1053 1927 1103 1972 et
1138 1936 1230 1988 ego
1278 1921 1494 1975 relictus
1522 1939 1641 1976 sum
1669 1923 1834 1988 solus,
1875 1934 1926 1977 et

348 2016 590 2074 quaerunt
619 2007 852 2061 animam
877 2026 1069 2074 meam,
1109 2013 1390 2081 respondit
1423 2014 1708 2069 oraculum
1737 2032 1751 2068 :
1784 2014 1928 2070 Reli-

349 2096 440 2164 qui
478 2097 606 2174 mihi
655 2109 848 2167 septem
891 2101 1063 2154 millia
1103 2103 1357 2169 virorum,
1395 2105 1486 2174 qui
1530 2121 1633 2159 non
1665 2106 1927 2173 ﬂexerunt

349 2203 484 2256 genu
515 2198 635 2244 ante
666 2189 806 2244 Baal
836 2192 1062 2260 (idolum
1111 2202 1290 2249 autem
1323 2203 1442 2250 erat
1483 2195 1611 2250 Baal
1641 2197 1787 2268 quod
1833 2196 1929 2252 Ju-

352 2281 455 2334 daei
496 2291 626 2336 tunc
659 2283 909 2338 colebant
929 2285 968 2355 ).
1014 2285 1202 2357 Neque
1252 2302 1352 2342 nos
1381 2296 1605 2358 peccato
1645 2289 1930 2362 indulgea-

355 2387 478 2427 mus
504 2386 731 2445 pr0pter
755 2379 1084 2445 penuriam;
1113 2377 1208 2433 sed
1232 2379 1378 2433 sicut
1400 2388 1510 2435 tres
1531 2381 1683 2450 pueri
1706 2396 1929 2437 auream

352 2465 681 2537 imaginem,
743 2485 907 2540 quam
973 2472 1166 2525 statuit
1229 2469 1766 2542 Nabuchodonosor,
1819 2490 1930 2529 non

351 2558 742 2626 adoraverunt,
798 2563 876 2618 sic
901 2571 955 2618 et
1005 2579 1106 2618 nos
1151 2567 1529 2622 turbulentam
1558 2569 1770 2637 peccati
1795 2567 1934 2622 ima-

350 2651 557 2722 ginem,
583 2667 614 2706 a
644 2653 867 2708 diabolo
901 2665 1137 2710 erectam
1165 2698 1179 2721 ,
1215 2674 1281 2712 ne
1313 2658 1626 2713 adoremus.
1663 2659 1770 2725 Qui
1803 2675 1934 2714 ven-

353 2751 492 2798 trem
545 2760 645 2815 pro
699 2744 808 2800 Deo
848 2745 1008 2801 habet
1051 2749 1350 2819 voluptatis
1391 2765 1598 2817 causa,
1645 2751 1934 2805 avaritiam

352 2853 574 2906 quoque
609 2839 787 2893 ventri
830 2840 1274 2911 suppeditantem
1323 2858 1423 2913 pro
1466 2841 1578 2898 Deo
1611 2843 1808 2898 habeat
1838 2858 1936 2899 ne-

355 2945 510 2985 cesse
532 2940 636 2986 est.
670 2931 774 2997 Qui
799 2933 942 2987 enim
978 2942 1107 2990 ante
1146 2933 1274 2987 Baal
1305 2951 1447 3006 genu
1477 2935 1626 2990 ﬂexit
1654 2938 1725 2991 ob
1763 2951 1937 3006 penu-

354 3023 519 3085 riam,
543 3023 760 3080 scilicet
783 3025 1108 3095 ingluviem,
1124 3041 1347 3082 auream
1377 3044 1596 3099 quoque
1621 3030 1933 3102 imaginem,

357 3117 644 3170 avaritiam
671 3116 816 3180 dico,
841 3117 914 3172 ob
936 3126 1139 3173 metum
1159 3119 1448 3187 adoraret;
1474 3122 1676 3192 quippe
1705 3122 1799 3192 qui
1825 3137 1935 3177 non
1967 3157 2012 3217 ο

357 3208 521 3262 aliam
553 3211 841 3279 praesentis
861 3211 988 3265 vita:
1026 3225 1249 3266 causam
1290 3219 1411 3283 post
1438 3228 1633 3267 aurum
1669 3215 1936 3271 novisset.

357 3294 437 3352 Ne
479 3299 742 3369 probrum
789 3297 1094 3354 inferamus
1127 3301 1325 3356 anima:
1371 3316 1466 3370 per
1491 3303 1813 3372 .improbam
1859 3304 1942 3358 vi-

359 3390 522 3444 vendi
553 3391 846 3458 rationem,
885 3391 981 3446 sed
1009 3392 1169 3461 juxta
1209 3395 1568 3463 apostolicam
1602 3394 1942 3451 adhortatio-

360 3500 489 3540 nem
514 3484 586 3550 “,
613 3499 965 3540 assumamus
1007 3493 1226 3541 scutum
1276 3487 1422 3554 fidei,
1457 3503 1566 3558 quo
1598 3489 1782 3544 omnia
1822 3489 1944 3544 dia-

360 3574 472 3630 boli
519 3575 684 3646 ignita
724 3576 832 3630 tela
881 3577 1224 3646 restinguere
1271 3579 1592 3646 poterimus.
1647 3577 1762 3634 Hoc
1818 3595 1944 3635 vero

363 3667 598 3733 bellum,
646 3666 860 3722 scilicet
912 3667 1178 3722 adversus
1226 3669 1554 3736 passiones,
1605 3685 1771 3740 grave
1823 3679 1943 3736 est,

364 3759 510 3814 sicut
540 3757 807 3812 adversus
844 3767 1140 3829 tyrannos;
1195 3766 1249 3813 et
1287 3769 1576 3828 peccatum
1629 3761 1943 3826 devincere,

366 3865 627 3921 magnum
662 3858 949 3922 tropaeum,
1002 3852 1146 3907 sicut
1191 3859 1247 3905 et
1285 3862 1587 3924 martyrum
1620 3854 1715 3924 qui
1770 3869 1946 3924 perse

371 3952 593 3997 cutores
624 3950 1047 4012 superaverunt.
1078 3943 1234 4009 Quod
1264 3945 1310 3999 si
1335 3947 1416 4001 sic
1450 3947 1690 4016 undique
1716 3961 1949 4001 concur-

373 4036 547 4090 rimus
579 4034 647 4090 ad
677 4045 994 4091 sanctorum
1018 4035 1179 4103 festa,
1214 4051 1344 4092 vere
1375 4046 1645 4108 martyres
1677 4038 1946 4106 colimus;

371 4128 419 4182 si
466 4127 861 4198 congredimur
913 4135 974 4182 ut
1022 4128 1340 4184 carnalibus
1394 4137 1450 4184 et
1489 4130 1641 4184 brevi
1688 4131 1950 4200 perituris

370 4221 585 4276 deliciis
626 4220 904 4287 fruamur,
940 4229 1110 4292 utque
1160 4221 1442 4286 alimenta,
1487 4236 1609 4292 quae
1652 4236 1781 4276 mox
1826 4237 1952 4277 eva-

371 4323 638 4378 cuantur,
685 4312 991 4368 inferamus
1012 4354 1028 4380 ,
1062 4320 1118 4368 et
1150 4320 1209 4368 ut
1242 4323 1546 4384 martyrum
1585 4314 1782 4384 templa
1828 4331 1952 4369 cra-

372 4409 514 4479 pulae
538 4416 594 4464 et
619 4408 906 4464 ebrietatis
930 4408 1058 4464 loca.
1077 4408 1410 4474 efﬁciamus;
1445 4409 1492 4464 si
1522 4407 1786 4464 festorum
1812 4418 1952 4465 tem-

2034 1917 2128 1968 καὶ
2164 1914 2255 1968 τὸν
2305 1913 2518 1981 γέλωτα
2554 1912 2832 1982 φύγωμεν·
2871 1909 2967 1963 καὶ
3009 1908 3200 1979 ὥσπερ
3247 1909 3305 1960 ὲν
3345 1908 3410 1976 τῇ
3449 1906 3615 1976 τρίτῃ

2033 2008 2140 2061 τῶν
2160 2005 2457 2062 Βασιλειῶν
2494 2003 2573 2075 τῷ
2607 2003 2764 2074 Ἠλίᾳ
2799 2001 3176 2071 ἐντυγχάνοντι
3194 1997 3272 2070 τῷ
3313 1997 3430 2068 Θεῷ
3469 1997 3618 2050 κατὰ

2034 2100 2128 2154 τοῦ
2187 2098 2426 2170 Ἰσραὴλ,
2467 2097 2560 2150 καὶ
2599 2097 2834 2164 λέγοντι,
2879 2096 3074 2161 Κύριε,
3115 2091 3256 2161 τοὺς
3301 2091 3619 2159 προφήτας

2037 2209 2153 2247 σου
2199 2191 2575 2250 ἀπέκτειναν,
2612 2187 2709 2241 καὶ
2760 2187 2833 2241 τὰ
2879 2181 3278 2252 θυσιαστήριά
3313 2197 3430 2235 σου
3475 2197 3622 2234 κατ-

2036 2285 2360 2352 έστρεψαν,
2391 2279 2552 2350 κάγὼ
2596 2278 2970 2346 ἀπελείφθην
3003 2275 3212 2345 μόνος,
3243 2272 3340 2325 καὶ
3370 2268 3621 2339 ζητοῦσι

2036 2371 2152 2440 τὴν
2181 2369 2393 2439 ψυχήν
2416 2385 2535 2438 μου
2557 2385 2571 2398 ο
2606 2366 2754 2436 λέγει
2785 2368 2813 2419 6
2849 2361 3250 2436 χρηματισμὸς,
3279 2360 3622 2416 Κατέλιπον

2037 2460 2269 2532 ἐμαυτῷ
2347 2458 2843 2527 ἑπτακισχιλίους
2905 2454 3129 2522 ἄνδρας
3151 2492 3166 2515 ,
3213 2452 3433 2515 οἵτινες
3503 2451 3622 2504 οὐκ

2039 2554 2320 2623 ἔκαμψαν
2344 2553 2492 2621 γόνυ
2517 2549 2599 2616 τῷ
2625 2548 2792 2603 Βάαλ
2824 2547 3060 2617 (εἴδωλον
3088 2545 3142 2598 δὲ
3180 2540 3248 2614 ἦν
3279 2545 3313 2614 ἠ
3345 2541 3495 2596 Βάαλ
3511 2540 3624 2594 ὑπὸ

2038 2648 2148 2701 τῶν
2206 2643 2472 2700 Ἰουδαίων
2515 2641 2637 2695 τότε
2678 2639 3045 2712 τιμώμενον)·
3095 2636 3238 2690 οὕτω
3279 2635 3414 2706 μηδὲ
3455 2636 3627 2705 ἡμεῖς

2041 2737 2409 2808 ύποκύψωμεν
2433 2738 2497 2806 τῇ
2520 2733 2764 2804 ἁμαρτίᾳ
2789 2732 2876 2785 διὰ
2908 2730 3007 2802 τὴν
3034 2728 3222 2801 χρείαν
3241 2744 3254 2758 °
3286 2726 3400 2780 ἀλλ’
3428 2725 3626 2797 ὥσπερ

2041 2836 2090 2887 οἱ
2118 2833 2267 2903 τρεῖς
2315 2827 2504 2891 παῖδες
2535 2829 2601 2897 τῇ
2641 2824 2811 2878 εἰκόνι
2860 2825 2927 2894 τῇ
2979 2823 3174 2892 χρυσῇ,
3222 2820 3290 2890 ἢν
3337 2818 3565 2886 ἔστησεν
3594 2822 3627 2872 6

2043 2921 2536 2994 Ναύουχοδονόσορ,
2567 2919 2628 2972 ού
2657 2914 3070 2988 προσεκύνησαν
3089 2929 3104 2945 ο
3135 2911 3276 2966 οὕτω
3325 2911 3417 2965 καὶ
3460 2908 3632 2980 ἡμεῖς

2042 3020 2120 3090 τῷ
2161 3015 2400 3089 ὲμπαθεῖ
2446 3011 2648 3083 εἰδώλῳ
2694 3011 2795 3080 τῆς
2838 3007 3133 3080 ἁμαρτίας,
3167 3005 3304 3076 ὅπερ
3336 3004 3549 3074 ἵστησιν
3596 3002 3630 3056 ὁ

2043 3107 2304 3172 διάϐολος,
2337 3106 2411 3178 μὴ
2439 3100 3001 3176 προσκυνήσωμεν.⁹0
3024 3098 3127 3168 τὴν
3159 3094 3366 3148 κοιλίαν
3399 3091 3628 3163 φιληδο·

2043 3205 2162 3267 νίας
2193 3203 2354 3254 ἕνεκα
2389 3197 2736 3267 θεοποιήσας,
2774 3193 2833 3258 ἐξ
2879 3191 3123 3262 ἀνάγκης
3152 3190 3252 3260 τὴν
3279 3187 3482 3258 ταύτης
3530 3203 3631 3238 au-

2046 3294 2296 3350 στατικὸν
2319 3292 2555 3346 θεοποιεῖ
2578 3285 2941 3359 φιλαργυρίαν
2969 3300 2982 3313 ·
3032 3285 3062 3336 6
3100 3281 3209 3352 γὰρ
3239 3279 3634 3351 προσκυνήσας

2043 3391 2109 3459 τῇ
2144 3385 2292 3440 Βάαλ
2335 3384 2426 3438 διὰ
2460 3382 2558 3454 τὴν
2588 3380 2800 3451 χρείαν,
2849 3376 3096 3430 τουτέστι
3137 3373 3237 3443 τὴν
3273 3385 3630 3442 γαστριμαρ-

2044 3481 2190 3551 γίαν,
2221 3479 2316 3533 καὶ
2350 3480 2418 3548 τῇ
2457 3474 2624 3528 εἰκόνι
2657 3475 2722 3544 τῇ
2754 3472 2952 3542 χρυσῇ,
2982 3470 3049 3538 τῇ
3077 3463 3426 3536 φυλαργυιρίᾳ
3458 3462 3630 3532 φημὶ,

2043 3569 2132 3623 διὰ
2176 3567 2266 3624 τὸν
2315 3565 2479 3634 φόϐον
2529 3561 2982 3634 προσκυνήσειεν,
3036 3557 3214 3608 αἰτίαν
3260 3553 3427 3624 ἄλλην
3473 3568 3636 3621 περι.-

2047 3660 2345 3732 ποιητικὴν
2374 3657 2473 3728 τῆς
2508 3653 2790 3726 παρούσης
2830 3649 2977 3719 ζωῆς
3011 3647 3149 3719 μετὰ
3177 3646 3270 3699 τὸν
3301 3643 3499 3716 χρυσὸν
3526 3643 3638 3697 οὐκ

2048 3755 2224 3816 είδώς.
2260 3751 2348 3822 Μὴ
2403 3746 2832 3817 καθυϐρίσωμεν
2888 3745 2986 3812 τὴν
3034 3739 3213 3810 ψυχὴν
3262 3736 3352 3790 διὰ
3407 3734 3635 3798 κακία-ς,

2049 3846 2184 3901 ἀλλὰ
2219 3843 2360 3898 κατὰ
2378 3841 2476 3912 τὴν
2505 3835 2866 3905 ἀποστολικὴν
2890 3832 3247 3903 παραίνεσιν,
3272 3827 3638 3895 ἀναλάϐωμεν

2049 3942 2142 3995 τὸν
2181 3937 2374 4010 θυρεὸν
2399 3935 2498 4004 τῆς
2526 3931 2781 3991 πίστεως,
2818 3929 2874 3980 ἐν
2901 3918 2946 3992 ᾧ
2973 3920 3316 3992 δυνησόμεθα
3355 3919 3534 4010 πάντα
3559 3919 3635 3971 τὰ

2053 4033 2180 4105 βέλη
2212 4002 2307 4084 τοῦ
2339 4002 2581 4095 Πονηροῦ
2609 4022 2676 4075 τὰ
2703 4015 3072 4090 πεπυρωμένα
3104 4014 3314 4066 σϐέσαι.
3340 4009 3449 4063 Καὶ
3477 4002 3639 4070 οὗτος

2050 4104 2080 4180 6
2120 4125 2377 4194 πόλεμος,
2429 4121 2457 4172 6
2501 4116 2636 4187 πρὸς
2688 4113 2756 4167 τὰ
2805 4109 2976 4180 πάθη,
3025 4107 3190 4178 φημὶ,
3240 4104 3412 4167 δεινός
3457 4105 3636 4165 ἐστιν,

2052 4219 2242 4287 ὥσπερ
2274 4214 2308 4266 6
2347 4211 2483 4283 πρὸς
2527 4209 2654 4270 τοὺς
2681 4203 3007 4276 τυράννους·
3046 4198 3138 4253 καὶ
3177 4197 3240 4250 τὸ
3267 4196 3487 4266 νικῆσαι
3534 4194 3640 4265 τὴν

2053 4308 2350 4382 ἁμαρτίαν,
2394 4303 2537 4374 μέγα
2570 4298 2850 4369 τρόπαιον,
2882 4295 2960 4355 ὡς
2994 4292 3056 4344 τὸ
3095 4288 3480 4362 περιγενέσθαι
3523 4287 3641 4382 τιῖιν

2053 4380 2357 4457 διωκόντων
2385 4399 2434 4448 οἱ
2461 4394 2758 4465 μάρτυρες.
2801 4387 2928 4441 Ἐὰν
2965 4385 3107 4439 οὕτω
3140 4384 3367 4438 πάντοτε
3407 4380 3641 4450 συντρέ-

373 4519 476 4571 pus
499 4512 718 4572 tempus
750 4504 1188 4574 negotiationum
1219 4500 1496 4566 ducimus,
1535 4509 1940 4572 conventusque

2054 4510 2237 4567 χωμεν
2269 4493 2348 4554 είς
2380 4488 2480 4551 τὰς
2519 4483 2629 4538 τῶν
2661 4485 2830 4551 ἁγίων
2876 4478 3091 4550 ἑορτὰς,
3133 4474 3346 4545 ἀληθῶς
3385 4471 3643 4574 τιμῷμεν

373 4593 534 4648 nobis
581 4593 674 4646 fiat
709 4600 770 4646 ut
823 4593 1097 4648 venalium
1144 4593 1606 4663 permutationem
1650 4591 1950 4659 faciamus,

373 4703 489 4742 non
520 4694 580 4740 ut
611 4687 959 4741 divinitatem
994 4701 1388 4756 assequamur,
1425 4686 1585 4756 cujus
1627 4687 1954 4742 mediatores

375 4789 506 4835 sunt
540 4779 719 4833 sancti
771 4787 1064 4849 martyres,
1111 4779 1391 4834 hortando
1424 4779 1646 4850 quidem
1691 4780 1954 4848 populum

375 4881 438 4927 ut
469 4871 752 4937 ascendat,
785 4886 850 4926 ac
877 4872 1042 4926 veluti
1075 4870 1218 4926 Deus
1243 4871 1542 4937 eﬂiciatur;
1579 4872 1745 4926 Deum
1773 4878 1952 4926 autem

378 4965 645 5036 rogando,
680 4974 742 5019 ut
765 4965 997 5019 inclinet
1026 4979 1086 5019 se
1121 4971 1286 5033 atque
1317 4979 1476 5034 opem
1510 4962 1653 5018 ferat
1677 4982 1689 5017 :
1717 4964 1954 5032 primum

379 5058 623 5128 quidem,
673 5057 819 5126 quod
875 5056 927 5111 id
976 5056 1106 5110 huic
1171 5055 1400 5125 tempori
1451 5055 1764 5119 conveniat,
1814 5053 1956 5107 haud

380 5166 643 5222 agnosco.
680 5150 823 5217 Quid
873 5151 1009 5205 enim
1056 5149 1223 5219 patere
1265 5164 1384 5201 cum
1421 5148 1638 5201 tritico?
1665 5147 1741 5200 ait
1772 5145 1962 5200 Domi-

379 5248 488 5298 nus
521 5260 619 5314 per
648 5241 943 5298 Jeremiam
967 5242 1037 5296 ".
1091 5239 1234 5306 Quid
1283 5239 1466 5295 carnis
1508 5237 1775 5308 voluptati
1809 5251 1965 5292 com-

380 5351 544 5390 mune
582 5350 707 5389 cum
743 5341 1043 5405 martyrum
1089 5331 1524 5388 certaminibus?
1558 5328 1764 5384 Deinde
1799 5329 1958 5398 equi-

380 5425 507 5482 dem
538 5427 662 5481 volo
697 5427 962 5482 audacius
993 5424 1202 5496 aliquid
1249 5423 1455 5479 dicere.
1493 5421 1790 5477 Reveritus
1833 5436 1963 5476 vero

385 5517 581 5573 festam
605 5520 749 5574 hanc
781 5519 950 5582 diem.
979 5517 1373 5588 blasphemiam
1407 5516 1637 5571 reticeo.
1669 5513 1961 5577 Caeterum,

385 5623 497 5664 non
533 5609 766 5666 delicias
794 5619 849 5666 et
888 5609 1210 5665 ebrietatem
1245 5623 1276 5663 a
1306 5608 1466 5664 nobis
1499 5615 1769 5678 martyres
1799 5620 1965 5674 expo-

388 5707 568 5768 scunt,
619 5708 677 5756 ut
719 5701 907 5757 mitius
942 5702 1155 5773 loquar.
1205 5698 1314 5755 Sed
1361 5699 1451 5754 hic
1496 5696 1807 5767 Theologus
1842 5695 1963 5750 bla-

2053 4589 2182 4650 τοὺς
2213 4585 2500 4656 μάρτυρας
2520 4597 2533 4610 ·
2571 4577 2668 4631 ἐὰν
2695 4576 2752 4628 δὲ
2787 4570 3200 4644 συνερχώμεθα,
3233 4569 3322 4621 ἵνα
3345 4567 3616 4637 τρυφήσω

2059 4686 2159 4751 μεν
2189 4673 2465 4748 σαρκικῶς
2485 4673 2580 4725 καὶ
2602 4667 2975 4738 προσκαίρως,
3009 4665 3103 4717 καὶ
3130 4663 3215 4715 ἵνα
3236 4661 3302 4712 τὰ
3333 4657 3642 4751 κενούμενα

2059 4749 2324 4842 βρώματα
2372 4763 2795 4832 εἱσενέγκωμεν,
2849 4759 2943 4812 καὶ
3000 4757 3088 4809 ἵνα
3145 4754 3458 4824 ποιήσωμεν
3510 4749 3644 4814 τοὺς

2057 4841 2219 4926 ναοὺς
2259 4860 2369 4913 τῶν
2403 4854 2714 4929 μαρτύρων,
2757 4850 2935 4920 χωρία
2973 4845 3286 4919 κραιπάλης
3319 4844 3412 4897 καὶ
3445 4841 3644 4913 μέθης,

2057 4957 2152 5011 καὶ
2177 4954 2272 5007 ἐὰν
2301 4953 2392 5004 τὸν
2415 4947 2608 5018 καιρὸν
2633 4945 2742 4998 τῶν
2773 4941 2994 5013 ἑορτῶν,
3034 4937 3224 5008 καιρὸν
3257 4934 3646 5003 συναλλαγμά-

2057 5066 2162 5102 των
2208 5041 2706 5112 ὑπολαμὸάνωμεν,
2756 5035 2851 5088 καὶ
2896 5034 2929 5104 ἠ
2964 5030 3182 5093 σύνοδος
3222 5029 3353 5097 ἡμῖν
3385 5025 3643 5095 γένηται,

2057 5139 2143 5192 ἵνα
2169 5137 2343 5189 ὠνίων
2364 5130 2642 5202 διάμειψιν
2687 5122 3066 5196 ποιησώμεθα,
3101 5121 3198 5190 ούχ
3239 5120 3327 5172 ἴνα
3355 5117 3458 5187 τῆς
3504 5115 3646 5168 θεώ-

2059 5246 2197 5292 σεως
2235 5224 2602 5294 ὲπιτύχωμεν,
2632 5213 2700 5290 ἦς
2729 5218 2948 5288 μεσῖται
2980 5214 3223 5282 γίνονται
3259 5211 3309 5263 οἱ
3346 5209 3514 5277 ἆγιοι,
3545 5207 3644 5258 τὸν

2065 5322 2163 5394 μὲν
2204 5321 2330 5373 λαὸν
2380 5310 2828 5387 παρακαλοῦντες
2866 5306 3181 5362 ἀναϐαίνειν
3221 5304 3316 5358 καὶ
3361 5297 3640 5394 θεοῦσθαι,

2061 5389 2151 5469 τὸν
2196 5413 2253 5466 δὲ
2285 5411 2417 5464 Θεὸν
2468 5405 2802 5466 ἱκετεύοντες
2851 5396 3222 5453 ὲπικλίνεσθαι
3259 5395 3354 5450 καὶ
3403 5389 3642 5462 βοηθεῖν,

2063 5503 2278 5576 πρῶτον
2331 5501 2448 5571 μὲν,
2496 5497 2616 5550 οὐδὲ
2650 5495 2740 5548 τὸν
2789 5490 2980 5563 καιρὸν
3029 5486 3396 5576 ἐπιγινώσκω.
3450 5479 3645 5576 καιρδν

2065 5567 2277 5668 ἑορτῆς.
2311 5567 2373 5646 ’f'l
2412 5589 2522 5660 γὰρ
2553 5587 2619 5641 τὸ
2651 5585 2880 5655 ἄχυρον
2925 5580 3074 5649 πρὸς
3104 5579 3211 5632 τὸν
3245 5575 3442 5636 tritor;
3475 5567 3647 5668 madv

2063 5690 2093 5742 6
2125 5658 2328 5759 Κύριος
2367 5658 2455 5738 διὰ
2494 5679 2787 5759 Ἰερεμίου·
2824 5677 2876 5730 τί
2908 5676 2966 5730 δὲ
3000 5674 3176 5728 κοινὸν
3211 5674 3278 5743 τῇ
3311 5669 3414 5739 τῆς,
3444 5658 3661 5734 σαρκὸς

461 5830 507 5873 ⁸³
538 5830 740 5889 Jerem.
770 5847 847 5900 ix,
886 5832 978 5887 9.1.
1055 5833 1097 5866 ³οθ
1128 5830 1194 5886 lli
1228 5829 1361 5904 Reg.
1397 5845 1510 5896 xix,
1549 5828 1611 5885 lO
1650 5843 1772 5895 sqq.
1851 5828 1894 5859 ⁵ο
1931 5823 1940 5880 1

2051 5839 2128 5880 es.
2164 5839 2238 5890 vi,
2281 5818 2365 5874 16.
2441 5817 2488 5849 ⁵⁸·
2516 5813 2716 5871 Jercm.
2750 5826 2910 5876 χχιιι,
2939 5809 3027 5866 28.
