3856 6220
177 255 274 361 sat

1352 302 1443 359 AD
1483 305 1541 360 S.
1579 301 1905 362 GREGOBII
1945 303 2148 360 ORAT.
2191 303 2284 359 XI.

3349 301 3456 356 981

187 424 372 494 τρυφῇ
420 421 570 495 πρὸς,
598 424 741 485 τοὺς
771 421 985 490 ἀγῶνας
1025 421 1140 475 τῶν
1175 424 1505 494 μαρτύρων;
1546 425 1778 480 Ἔπειτα

1906 428 2185 496 .phemiam
2213 426 2466 482 obticuit.
2510 425 2567 480 ln
2608 426 2812 482 divinis
2844 433 3026 482 autem
3064 425 3238 495 ipsius
3278 426 3458 483 verbis

188 514 331 569 θέλω
362 516 463 587 μὲν
488 517 665 569 εἰπεῖν
692 533 743 568 τι
770 513 1040 585 τολμηρόν
1063 531 1074 542 ·
1105 513 1422 585 αἰδούμενος
1448 515 1503 568 δὲ
1531 515 1629 586 τὴν
1662 517 1784 588 ἑόρ-

185 625 303 661 τιον
349 607 554 680 ταύτην
587 607 823 679 ἡμέραν,
874 605 1064 660 σιωπῶ
1111 606 1172 659 τὺ
1216 605 1562 678 βλάσφημον·
1621 607 1782 678 πλὴν,

182 699 248 753 ού
275 698 490 770 τρυφὴν
522 698 618 751 καὶ
648 697 820 769 μέθην
851 698 982 769 παρ’
1014 699 1046 767 ή
1058 696 1174 767 μῶν
1207 698 1531 752 ἀπαιτοῦσιν
1561 700 1610 752 οἱ
1648 701 1788 772 μάρ-

183 808 372 864 τυρες,
406 790 500 844 ἵνα
527 791 763 861 μετρίως
790 789 950 844 εἴπω.
969 788 1110 841 Ἀλλ’
1140 789 1374 843 ἐνταῦθα
1407 791 1505 860 μὲν
1535 793 1563 844 ό
1591 791 1786 845 Θεολύ-

183 894 283 944 γος
315 877 418 948 τὴν
447 875 796 948 βλασφημίαν
827 877 1086 948 ἐσίγησεν
1106 893 1119 906 ·
1156 879 1215 931 ἐν
1246 878 1302 931 δὲ
1342 881 1454 943 τοῖς
1484 878 1649 944 θείοις
1683 883 1780 934 αὐ-

181 967 282 1020 τοῦ
308 966 522 1030 ἔπεσιν,
565 966 732 1038 αὐτὴν
763 967 1109 1039 ἐξελάλησεν,
1136 969 1324 1034 εἰπὼν,
1348 971 1430 1024 ὅτι
1455 973 1568 1034 τοῖς
1594 972 1783 1044 δαίμο-

187 1077 275 1111 σιν
303 1061 356 1112 οἱ
383 1059 553 1113 πάλαι
579 1059 1000 1132 γαστριζόμενοι
1027 1061 1123 1114 καὶ
1148 1062 1462 1132 τρυφῶντες
1490 1063 1746 1134 ἑόρταξον
1765 1081 1780 1094 ·

185 1155 235 1204 οἱ
267 1152 326 1205 δέ
368 1154 688 1224 Χριστιανοὶ
718 1153 923 1208 τούτων
968 1154 1450 1227 ἐλευθερωθέντες,
1487 1174 1784 1228 πνευματι-

1883 532 2001 572 eam
2051 515 2302 586 protulit,
2351 515 2542 570 dicens
2590 516 2736 586 quod
2791 516 2922 570 olim
2967 515 3145 569 ventri
3196 514 3364 569 dediti
3408 524 3459 569 et

1885 606 2249 668 luxuriantes,
2296 604 2605 658 daemonum
2657 603 2794 658 festa
2844 605 3113 673 agebant;
3159 600 3460 657 Christiani

1884 712 2050 761 vero,
2109 697 2182 751 iis
2234 696 2485 760 liberati,
2542 695 2860 773 spirituales
2904 703 3212 760 conventus
3255 694 3462 750 sanctis

1889 789 2111 845 athletis
2177 788 2586 844 constituimus.
2629 786 2787 842 Nunc
2834 799 3015 841 autem
3067 785 3277 848 audite,
3331 784 3462 854 quid

1889 883 2074 948 timeo,
2109 898 2141 936 ο
2170 881 2357 936 mundi
2381 881 2699 935 vel-ventris
2731 885 3027 940 amatores,
3053 877 3118 941 _ad
3161 877 3466 930 daemonica

1889 975 2238 1045 transfugitis
2263 973 2615 1044 exemplaria,
2653 972 2841 1035 idest,
2873 971 2919 1026 si
2951 969 3129 1024 ventri
3170 968 3466 1040 indulgetis

1890 1069 1946 1123 in
1979 1077 2296 1123 sanctorum
2329 1066 2484 1121 festis
2512 1064 3067 1123 et-solemnitatibus,
3097 1076 3205 1115 non
3241 1067 3466 1116 sanctos

1889 1160 2092 1225 colitis,
2124 1158 2218 1215 sed
2251 1158 2548 1212 daemones.

186 1248 293 1311 κάς
322 1248 576 1311 συνόδους
607 1251 720 1311 τοῖς
745 1247 1065 1319 ἀθλοφόροις
1096 1249 1548 1320 συνεστησάμεθα
1567 1265 1583 1281 ο
1631 1251 1726 1305 νῦν
1759 1252 1815 1306 δὲ
1842 1253 2132 1318 ἀκούσατε,
2165 1253 2219 1305 τί
2266 1251 2560 1320 φοϐοῦμαι,
2591 1244 2637 1304 ὦ
2664 1247 2988 1319 ’φιλόκοσμοι
3019 1248 3113 1300 καὶ
3146 1245 3466 1316 φιλογάστο·

189 1359 283 1412 ρες
305 1357 319 1369 '
372 1341 511 1411 πρὸς
552 1342 674 1402 τοὺς
716 1340 1062 1409 δαιμονικοὺς
1093 1340 1442 1408 αὐτομολεῖτε
1471 1341 1693 1408 τύπους,
1727 1345 2003 1398 τουτέστιν
2034 1344 2130 1398 ἐὰν
2158 1340 2527 1414 γαστρίζησθε
2563 1344 2620 1396 ἐν
2643 1343 2765 1404 ταῖς
2793 1341 3005 1412 ἑορταῖς
3026 1337 3134 1392 τῶν
3170 1338 3343 1403 ἀγίων
3373 1337 3468 1392 καὶ¹

185 1437 313 1498 ταῖς
349 1432 740 1505 πανηγύρεσιν,
781 1433 841 1486 ού
870 1435 996 1497 τοὺς
1030 1433 1220 1502 ἁγίους
1240 1437 1457 1504 τιμᾶτε,
1492 1435 1627 1490 ἀλλά
1653 1438 1780 1501 τοὺς
1808 1438 2087 1509 δαίμονας.

178 1529 182 1531 “
263 1527 387 1580 Col.
420 1526 526 1581 840
554 1525 596 1578 A
623 1526 675 1578 6.
709 1525 806 1593 Μὴ
838 1525 1138 1580 τοίνυν....
1178 1525 1294 1594 τὴν
1325 1526 1658 1582 εὐσέϐειαν.
1688 1529 1780 1600 Μὴ

190 1617 474 1685 ἀνάγνως,
504 1617 689 1688 φησὶν,
719 1617 1068 1687 ἑορτάζωμεν
1102 1617 1198 1682 τάς
1235 1617 1428 1689 ἐορτάς
1445 1619 1553 1672 τῶν
1584 1619 1781 1688 ἀγίων·

191 1710 314 1762 ἀλλ’
347 1708 539 1780 ὥσπερ
575 1709 753 1762 πάντα
793 1710 925 1778 ἡμῖν
954 1710 1072 1762 ἐστι
1108 1709 1473 1779 πνευματικὰ,
1526 1711 1790 1764 καὶκατὰ

193 1803 292 1854 τὸν
346 1799 539 1871 Σιράχ,
581 1799 917 1869 Στολισμὸς
965 1800 1208 1870 ἀνδρὸς,
1247 1802 1345 1856 καί
1380 1801 1569 1872 γέλως
1618 1804 1789 1857 ὀδόν-

194 1911 344 1957 των,
381 1895 481 1947 καὶ
518 1893 693 1962 βῆμα
724 1893 912 1959 ποδὸς
954 1894 1278 1963 ἀναγγελεῖ
1300 1896 1432 1963 περὶ
1473 1896 1678 1957 αὐτοῦ,
1711 1899 1790 1960 είς

167 1985 383 2038 ’πάντα
426 1985 722 2053 φθάνοντος
773 1984 869 2037 τοῦ
903 1984 1083 2053 λόγου,
1119 1986 1237 2056 ἦτοι
1279 1985 1373 2037 τοῦ
1403 1985 1786 2054 εὑαγγελικοῦ,

193 2078 232 2149 ἢ
265 2077 362 2131 τοῦ
393 2076 535 2130 κατὰ
565 2076 626 2129 τὸ
657 2075 930 2146 καθῆκον·
962 2076 1105 2130 οὕτω
1147 2078 1242 2129 καὶ
1275 2078 1307 2148 ἡ
1339 2078 1398 2129 ἐν
1431 2081 1550 2141 ταῖς
1576 2080 1792 2148 ἑορταῖς

195 2171 346 2222 ἔστω
379 2168 692 2239 φαιδρότης.
737 2169 810 2220 Οὐ
837 2168 944 2239 γὰρ
973 2167 1169 2221 κωλύω
1191 2168 1290 2240 τὴν
1316 2172 1374 2223 ἑν
1412 2169 1638 2234 ταύταις
1666 2169 1791 2224 ἄνε-

197 2280 312 2330 σιν,
361 2260 502 2314 ὥστε
551 2260 648 2314 καὶ
691 2259 1082 2331 δαψιλεστέραν
1129 2261 1230 2332 τῆς
1283 2261 1547 2333 συνήθους
1616 2277 1794 2332 παρα-

197 2355 396 2408 θέσθαι
455 2353 771 2425 τράπεζαν,
829 2353 926 2406 καὶ
973 2353 1295 2424 διαχυθῆναι
1346 2355 1603 2424 μετρίως,
1656 2354 1795 2408 ἀλλά

200 2447 422 2511 κολάζω
449 2446 547 2516 τὴν
577 2444 868 2517 ἀμετρίαν,
889 2445 1012 2514 ἥτις
1033 2444 1313 2515 πανταχοῦ
1334 2445 1595 2518 βλαϐερόν
1622 2447 1790 2501 ἐστιν.

201 2540 305 2591 Ἂν
331 2537 476 2590 οὕτω
510 2535 901 2608 συνερχώμεθα
931 2539 1026 2589 καὶ
1051 2536 1224 2610 οῦτως
1244 2538 1619 2609 ἑορτάζωμεν,
1652 2540 1793 2610 μέγα

203 2631 310 2701 μέν
339 2632 489 2683 ἐστιν
517 2631 715 2693 εἰπεῖν,
743 2629 825 2682 ὅτι
868 2629 963 2683 καὶ
993 2631 1153 2700 ἡμεῖς
1190 2631 1298 2683 τῶν
1329 2631 1510 2684 αὐτῶν.
1543 2631 1794 2686 ἐπάθλων

200 2725 319 2785 τοῖς
350 2723 620 2793 μάρτυσιν
650 2721 1018 2792 ἐπιτύχωμεν.
1051 2722 1273 2785 Τούτοις
1305 2723 1412 2795 γάρ
1444 2727 1628 2780 ἐκεῖνα
1662 2725 1796 2778 ἀπόε

202 2815 481 2875 κειται,Ἃ
499 2811 652 2880 μήτε
677 2811 987 2880 ὀφθαλμὸς
1007 2808 1148 2876 εἶδε,
1172 2813 1356 2876 καθώς
1384 2831 1551 2884 φησιν
1581 2817 1608 2868 ὁ
1639 2815 1797 2868 Ἀπό-

203 2903 421 2967 στολος,
443 2901 596 2970 μήτε
616 2899 725 2968 οὖς
742 2902 996 2972 ἤκουσε,
1017 2903 1170 2973 μήτε
1189 2905 1286 2957 ἐπὶ
1313 2904 1567 2973 καρδίαν
1585 2906 1797 2975 ἀνθρώ-

202 3009 328 3050 που
347 2993 555 3062 ἀνέθη.
586 2994 720 3048 Οὐδὲ
739 2994 848 3066 γὰρ
871 2993 1211 3066 ἀνθρώπινος
1231 2995 1354 3059 νοῦς
1368 2999 1435 3067 τῇ
1461 2996 1680 3069 εὐκολίᾳ
1703 2999 1796 3051 ἐπὶ

1963 1529 2046 1585 Ne
2073 1532 2400 1606 igitur.......
2429 1529 2678 1598 pietatem
2715 1527 3007 1602 e/Terentes.
3028 1556 3097 1592 _—-
3119 1523 3199 1579 Ne
3226 1524 3465 1594 impure,

1893 1624 1988 1687 ait,
2021 1630 2350 1679 sanctorum.
2376 1621 2513 1675 festa
2547 1618 2918 1685 celebremus;
2967 1617 3061 1672 sed
3096 1617 3241 1672 sicut
3285 1617 3470 1670 omnia

1819 1743 1866 1803 Β
1895 1717 2056 1771 nobis
2102 1714 2408 1786 spiritualia
2458 1718 2608 1776 sunt,
2644 1717 2700 1765 et
2729 1711 2888 1780 juxta
2940 1707 3136 1763 Sirach
3189 1707 3359 1762 ﬁlium
3383 1707 3469 1760 "z

1894 1806 2271 1862 Indumentum
2304 1803 2425 1868 viri,
2456 1810 2506 1856 et
2537 1800 2774 1854 dentium
2802 1799 2963 1862 risus,
2990 1807 3040 1851 et
3066 1796 3210 1865 pedis
3237 1798 3471 1851 incessus

1891 1897 1955 1950 de
1979 1896 2091 1964 ipso
2115 1893 2458 1955 annuntiant,
2482 1890 2651 1945 verbo
2675 1887 2742 1942 ad
2763 1887 2947 1942 omnia
2971 1887 3334 1957 pertingente,
3358 1886 3474 1942 sive

1893 1989 2237 2059 evangelico,
2272 1987 2390 2041 sive
2432 1984 2498 2038 ad
2536 1981 2778 2052 id‘quod
2809 1981 2965 2036 decet
3002 1987 3316 2054 spectante:
3347 1978 3475 2034 talis

1895 2083 1970 2138 sit
1997 2090 2053 2137 et
2082 2082 2140 2135 in
2187 2078 2347 2134 festis
2375 2078 2585 2132 latitia.
2619 2074 2742 2130 Non
2777 2072 2924 2129 enim
2975 2072 3147 2126 animi
3176 2071 3475 2126 relaxatio-

1895 2188 2019 2228 nem
2051 2172 2109 2226 in
2140 2171 2220 2226 eis
2257 2167 2608 2224 interdictam
2636 2165 2787 2230 volo,
2813 2163 2947 2218 adeo
2981 2172 3043 2217 ut
3070 2163 3274 2217 lautior
3313 2161 3477 2216 solito

1899 2266 2210 2318 instruatur
2259 2274 2474 2324 mensa,
2509 2264 2565 2312 et
2604 2255 2885 2311 moderata
2930 2252 3256 2308 adhibeatur
3294 2250 3477 2306 hilari-

1895 2351 2163 2418 tas;ssed
2212 2366 2355 2413 eam,
2395 2363 2519 2419 quae
2566 2345 2789 2401 modum
2828 2343 3065 2408 excedit,
3109 2341 3475 2414 reprehendo,

1894 2447 2048 2502 velut
2070 2444 2218 2499 omni
2248 2441 2410 2497 modo
2444 2439 2685 2496 noxiam.
2736 2436 2940 2492 Si‘nes
2974 2437 3050 2490 ita
3085 2434 3478 2490 conveniamus

1899 2553 1964 2591 ac
1995 2536 2135 2591 festa
2171 2534 2538 2598 celebremus,
2563 2545 2827 2602 _magnum
2860 2527 3082 2600 quidem
3123 2526 3307 2582 fuerit
3336 2525 3478 2580 aliir-

1896 2644 2048 2684 mare
2087 2643 2189 2682 nos
2223 2625 2412 2681 eadem
2462 2639 2528 2678 ac
2573 2630 2846 2692 martyres
2891 2619 3112 2690 praemia
3147 2624 3481 2674 consecutu-

1897 2737 2009 2777 ros.
2046 2721 2198 2787 Quos
2227 2719 2374 2774 enim
2405 2718 2522 2772 haec
2555 2721 2798 2778 manent,
2828 2729 2945 2784 que
2966 2727 3057 2768 nec
3097 2710 3283 2766 oculus
3328 2710 3478 2776 vidit,

1898 2825 1959 2872 ut
2007 2818 2084 2870 ait
2129 2814 2429 2884 Apostolus
2446 2813 2515 2877 ⁵³,
2573 2827 2668 2870 nec
2703 2809 2850 2863 auris
2892 2807 3115 2871 audivit,
3153 2823 3244 2862 nec
3286 2807 3341 2860 in
3388 2820 3481 2858 cor

1897 2905 2122 2961 hominis
2149 2895 2408 2958 ascendit.
2449 2901 2643 2971 Neque
2672 2899 2842 2954 enim.
2863 2897 3137 2952 humanus
3168 2895 3481 2951 intellectus

1899 2997 2063 3053 facile
2093 2994 2162 3051 ad
2193 2995 2378 3050 omnia
2409 2999 2838 3056 conversustet-
2869 3005 2971 3062 pro
3003 2997 3275 3061 potestate
3302 2988 3484 3044 beati-

205 3086 392 3138 πάντα
414 3085 717 3156 φερόμενος
745 3086 842 3139 καὶ
880 3085 1238 3139 ἀναπλάττων
1280 3089 1338 3140 ἐν
1367 3087 1584 3160 ἐξουσίᾳ
1619 3106 1798 3160 μακα-

1906 3089 2148 3145 tudinem
2207 3101 2272 3140 ac
2327 3084 2644 3140 felicitatem
2703 3084 2936 3154 ﬁngens,
2987 3081 3132 3135 bona
3174 3079 3266 3134 illa
3309 3078 3482 3134 infor-

207 3177 439 3248 ριότητα
478 3177 573 3229 xu‘t
607 3176 977 3248 εὐδαιμονίαν,
1009 3179 1191 3232 ἐκεῖνα
1241 3178 1311 3230 τὰ
1360 3178 1544 3247 ἀγαθά
1575 3179 1799 3233 δύναται

204 3266 698 3330 ἀνατυπώσασθαι,
716 3265 754 3320 ἃ
776 3268 1106 3336 ἡτοίμασεν
1127 3270 1159 3321 ό
1182 3268 1326 3334 Θεὸς
1349 3268 1473 3335 τοῖς
1488 3269 1801 3339 ἀγαπῶσιν

206 3360 424 3423 αὐτὸν,
455 3361 570 3421 τοῖς
604 3358 670 3411 δι’
691 3359 932 3429 αἵματος
962 3359 1294 3413 τελειωθεῖσι
1329 3359 1422 3413 καὶ
1443 3359 1541 3431 τὴν
1563 3361 1800 3432 Χριστοῦ

213 3449 625 3522 μιμησαμένοις
660 3450 894 3521 σφαγήν.
917 3450 1067 3513 Τέως
1094 3451 1152 3503 δὲ
1179 3453 1228 3502 εί
1250 3452 1344 3503 καὶ
1373 3451 1480 3504 τῶν
1512 3452 1642 3506 ῐσων
1671 3452 1802 3524 βρα-

211 3542 377 3596 ϐείων
403 3542 518 3602 τοῖς
545 3539 806 3610 ἀθληταῖς
842 3539 916 3611 μὴ
951 3539 1320 3611 ἑπιτύχωμεν,
1350 3539 1464 3592 ἀλλ’
1481 3537 1576 3594 οὖν
1596 3543 1694 3609 τὴν
1719 3543 1805 3597 δό-

213 3633 312 3698 ξαν
343 3632 527 3686 αὐτῶν
564 3630 804 3702 ὀψόμεθα
828 3631 922 3683 καὶ
951 3632 1300 3702 ἀκουσόμεθα
1327 3634 1422 3686 καὶ
1448 3634 1631 3704 ἡμεῖς·
1660 3633 1803 3686 Εἴσ-

211 3731 356 3782 ελθε
410 3728 498 3791 είς
544 3725 660 3791 τὴν
705 3725 901 3794 χαρὰν
945 3723 1053 3777 τοῦ
1105 3726 1330 3792 Κυρίου
1376 3740 1528 3789 σου,
1582 3724 1676 3776 καὶ
1727 3723 1806 3795 τῷ

217 3819 360 3888 φωτὶ
410 3817 512 3888 τῆς
557 3817 720 3885 ἁγίας
772 3816 1004 3886 Τριάδος
1050 3816 1373 3887 τελεώτερον
1430 3815 1808 3888 ἐλλαμφθησό-

221 3910 384 3982 μεθα,
418 3912 483 3980 ἢν
530 3908 906 3980 ὁμολογοῦμεν
955 3899 1294 3982 παρρησίᾳ(
1327 3912 1420 3962 καὶ
1464 3909 1575 3964 εἴθε
1619 3909 1809 3980 ὁμολο-

217 4005 453 4074 γοίημεν
488 4002 616 4073 ἄχρι
649 4001 930 4070 τελευτῆς,
967 4001 1065 4072 τὴν
1108 4001 1280 4072 καλὴν
1313 4002 1808 4075 παρακαταθήκην,

219 4099 288 4167 ἣν
317 4094 470 4166 παρά
497 4093 606 4146 τῶν
646 4093 816 4162 ἁγίων
858 4093 1120 4164 Πατέρων
1152 4093 1442 4164 ἐλάϐομεν,
1479 4095 1588 4148 τῶν
1617 4096 1676 4149 ἐν
1706 4097 1808 4149 Νι-

219 4188 356 4259 καίᾳ
394 4186 890 4259 συνηθροισμένων,
943 4186 1050 4239 τῶν
1094 4187 1378 4258 ἐγγυτέρω
1427 4187 1530 4257 τῆς
1572 4187 1810 4259 Χριστοῦ

222 4277 527 4350 παρουσίας
555 4277 650 4330 καὶ
678 4278 777 4347 τῆς
810 4276 1035 4349 πρώτης
1065 4278 1302 4340 πίστεως
1335 4278 1442 4332 τῶν
1472 4278 1809 4333 ἀποστόλων.

220 4370 464 4430 Εἰκότως
493 4370 549 4422 δὲ
581 4369 816 4439 Χριστὸν
847 4369 946 4440 μὲν
975 4369 1036 4422 τὸ
1073 4371 1371 4440 μυστήριον
1409 4371 1507 4440 τῆς
1539 4370 1810 4442 ἐνανθρω-

1900 3194 2050 3234 mare
2088 3183 2292 3248 potest,
2324 3191 2441 3244 qua:
2487 3173 2807 3244 praeparavit
2840 3171 2977 3226 Deus
3018 3167 3364 3242 diligentibus
3401 3185 3478 3233 se,

1902 3271 2172 3340 sanguine
2201 3266 2459 3338 perfectis
2493 3265 2811 3335 Christique
2843 3264 3181 3319 occisionem
3228 3261 3478 3317 imitatis.

1903 3363 2060 3430 Quod
2093 3361 2139 3416 si
2167 3376 2280 3415 non
2307 3358 2497 3414 eadem
2522 3364 2689 3426 atque
2718 3365 2991 3426 martyres
3024 3353 3247 3424 praemia
3284 3351 3483 3408 refera-

1904 3472 2050 3518 mus,
2083 3453 2315 3525 gloriam
2353 3466 2485 3506 vero
2517 3464 2708 3505 eorum
2749 3448 3059 3503 videbimus
3094 3455 3150 3502 et
3197 3445 3483 3500 audiemus

1903 3560 2007 3600 nos
2052 3559 2294 3613 quoque,
2355 3541 2534 3594 Venite
2573 3539 2629 3593 in
2677 3539 2932 3609 gaudium
2991 3537 3206 3590 Domini
3245 3536 3382 3600 mei;
3427 3543 3484 3590 et

1905 3644 2110 3692 sanctae
2153 3633 2440 3689 Trinitatis
2476 3632 2679 3685 lumine
2712 3628 3479 3702 perfectiuscollustrabimur,

1905 3743 2068 3800 quam
2106 3726 2276 3782 libere
2332 3723 2679 3779 conlitemur.
2733 3720 2912 3792 Atque
2959 3720 3169 3775 utinam
3215 3735 3392 3790 usque
3427 3719 3482 3772 in

1909 3821 2088 3875 tinem.
2133 3817 2494 3872 contiteamur
2548 3814 2876 3885 praeclarum
2941 3813 3074 3868 illud
3136 3812 3489 3884 depositum,

1906 3911 2051 3984 quod
2078 3925 2108 3962 a
2133 3909 2340 3965 sanctis
2364 3905 2622 3960 Patribus
2656 3905 2993 3975 accepimus,
3038 3902 3230 3958 Nicaea:
3258 3919 3489 3974 congre—

1909 4004 2072 4074 gatis,
2103 4000 2312 4056 Christi
2358 3996 2664 4068 prmsentiae
2712 3995 3074 4064 nascentique
3110 3993 3233 4048 tidei
3272 4002 3492 4064 aposto-

1912 4098 2030 4152 lica:
2062 4093 2438 4167 prepioribus!
2465 4089 2725 4145 Fortasse
2753 4095 2936 4142 autem
2981 4087 3260 4142 Christum
3301 4087 3488 4140 lncar-

1911 4189 2155 4244 nationis
2213 4183 2539 4255 mysterium
2587 4179 2906 4248 Theologus
2958 4177 3202 4242 vocavit;
3255 4176 3490 4246 primam

1912 4295 2044 4335 vero
2076 4279 2260 4337 ﬁdem,
2300 4273 2678 4343 Theologiam.
2711 4271 2817 4336 Qui
2846 4269 2992 4324 enim
3032 4284 3141 4324 non
3184 4267 3339 4337 prius
3368 4282 3494 4322 esse

1916 4370 2086 4425 Deum
2131 4364 2449 4428 crediderit,
2499 4377 2676 4430 neque
2703 4375 2828 4415 cum
2864 4373 2962 4429 pro
3000 4358 3160 4412 nobis
3199 4357 3370 4410 fuisse
3405 4357 3494 4410 in-

220 4463 446 4542 πήσεως
472 4462 501 4514 ὁ
532 4461 789 4528 θεολόγος
834 4461 1061 4514 ἐκάλεσε
1084 4477 1098 4492 ο
1134 4459 1358 4531 πρώτην
1388 4461 1444 4514 δὲ
1477 4461 1682 4524 πίστιν,
1713 4463 1800 4530 τὴκ.

1918 4466 2204 4517 carnatum
2239 4454 2447 4512 credet.
2495 4451 2744 4520 Namque
2776 4464 2904 4518 erga
2957 4463 3059 4503 nos
3085 4447 3494 4501 Providentiam

223 4549 524 4616 θεολογίαν.
591 4550 648 4602 '0
675 4549 782 4620 γάρ
848 4548 922 4620 μὴ
982 4551 1279 4614 πιστεύσας
1330 4552 1594 4623 πρότερον
1674 4547 1812 4604 εἶναι

1919 4551 2096 4620 primo
2131 4551 2183 4604 in
2214 4550 2337 4604 loco
2368 4546 2528 4620 ponit
2548 4559 2678 4602 vera
2704 4543 2998 4612 theologia.

223 4645 380 4708 Θεὸν,
409 4645 512 4696 οὐκ
543 4643 610 4697 ἂν
636 4643 758 4697 ούδὲ
803 4643 1220 4716 ἐνανθρωπῆσαι
1260 4645 1447 4702 τοῦτον
1479 4645 1546 4699 δι’
1573 4648 1719 4717 ἡμᾶς
1754 4646 2084 4699 πιστεύσειε.
2127 4644 2457 4716 Προηγεῖται
2489 4638 2596 4710 γάρ
2630 4637 2728 4707 τῆς
2773 4639 2900 4708 περὶ
2944 4638 3092 4709 ἡμᾶς
3129 4635 3437 4706 οἰκονομίας
3464 4636 3498 4706 ἠ

225 4737 433 4809 ἀληθὴς
466 4736 733 4804 θεολογία.

296 4831 417 4885 Col.
458 4829 563 4885 840
601 4828 642 4880 Ι)
674 4829 724 4882 1.
785 4829 848 4881 '0
879 4827 949 4882 δὲ
980 4828 1139 4894 Θεὸς.
1172 4867 1187 4880 .
1213 4866 1230 4883 .
1259 4870 1270 4880 .
1316 4829 1567 4888 αἰώνων.
1616 4829 1812 4900 Ἀμήν.

229 4925 322 4987 Εἰς
353 4922 520 4994 εὐχὴν
538 4921 852 4977 κατακλείει
881 4920 972 4973 τὸν
992 4921 1150 4989 λόγον
1181 4922 1210 4972 ὸ
1226 4922 1506 4990 Θεολόγος.
1534 4921 1736 4976 Ἕλαϐε
1759 4922 1817 4974 δὲ

229 5023 300 5069 τὸ
330 5017 465 5086 μὲν,
498 5017 527 5068 ὁ
557 5014 689 5077 Θεὸς
721 5013 832 5082 τῆς
863 5012 1128 5087 εἰρήνης,
1157 5015 1222 5067 ἐκ
1249 5014 1348 5067 τοῦ·
1381 5016 1539 5084 ἁγίου
1567 5014 1778 5080 Παύλου
1798 5030 1814 5045 ·

230 5108 430 5178 ὁμοίως
476 5107 570 5160 καὶ
615 5105 697 5167 τὸ,
744 5109 772 5158 ὁ
809 5105 1149 5172 καταλλάξας
1195 5107 1342 5177 ἡμᾶς
1374 5105 1550 5176 ἐαυτῷ
1593 5105 1680 5159 διὰ
1721 5105 1816 5159 τοῦ

233 5198 491 5270 σταυροῦ,
526 5197 753 5268 ἐχθροὺς
799 5197 958 5258 ὄντας
1001 5196 1090 5250 διὰ
1133 5197 1232 5266 τῆς
1281 5198 1575 5268 ἁμαρτίας.
1604 5199 1716 5252 Καὶ
1758 5197 1819 5250 τὸ

232 5290 728 5361 εὐαγγελισάμενος
775 5291 996 5360 εἰρήνην
1041 5292 1151 5352 τοῖς
1200 5291 1367 5359 ἐγγὺς
1414 5289 1506 5342 καὶ
1557 5290 1668 5353 τοῖς
1717 5307 1810 5360 μα-

234 5386 426 5457 κράν·Δ
454 5384 592 5454 ὅπερ
616 5383 667 5441 ,ὁ
701 5383 857 5451 ἆγιος
889 5381 1100 5444 Παῦλος
1141 5383 1208 5434 ἐκ
1253 5382 1348 5434 τοῦ
1386 5381 1608 5436 Ἠσαῒου
1642 5381 1822 5434 λαϐὼν

234 5481 603 5552 ήρμήνευσεν,
650 5475 819 5544 ἐγγὺς
867 5474 966 5545 μὲν
1012 5475 1246 5537 καλέσας
1307 5476 1432 5537 τοὺς
1479 5474 1580 5526 ὑπὸ
1633 5475 1818 5543 νόμον,

239 5572 459 5644 μακρὰν
497 5571 575 5636 δὲ,
621 5572 746 5633 τοὺς
797 5569 902 5634 ἐξω
946 5569 1132 5642 νόμου.
1176 5555 1250 5620 Τὸ
1291 5567 1367 5632 δὲ,
1408 5570 1436 5620 ὁ
1477 5568 1572 5635 τῆς
1603 5567 1823 5636 ἀγάπης

309 5759 354 5788 ⁵⁸³
393 5754 558 5808 Eccli.
591 5770 704 5815 nx,
731 5752 820 5806 ‘27.

243 5825 406 5882 Rom.
435 5842 487 5885 v.
523 5826 608 5881 10.
683 5823 730 5858 ⁸⁸
769 5821 966 5879 Enhcs.
1001 5837 1063 5888 ιι,
1089 5821 1180 5880 17.

1998 4827 2135 4882 Deus
2182 4838 2526 4882 autem.......
2581 4826 2917 4879 swculorum.
2966 4822 3150 4876 Amen.
3199 4850 3270 4862 —
3301 4818 3501 4875 Preca-

1922 4923 2072 4976 tione
2103 4919 2385 4975 concludit
2417 4919 2721 4973 orationem
2751 4915 3090 4986 Theologus.
3124 4911 3374 4982 Sumpsit
3397 4926 3498 4966 au-

1924 5025 2031 5073 tem
2074 5014 2192 5068 haec
2229 5013 2418 5074 verba,
2471 5011 2618 5067 Deus
2669 5009 2840 5080 pacis,
2875 5024 2941 5063 ex
2993 5013 3187 5062 sancto
3236 5004 3498 5072 Paulo“;

1924 5105 2243 5178 pariterque
2288 5105 2379 5159 illa
2402 5105 2473 5168 ⁸⁸,
2505 5104 2601 5175 qui
2637 5118 2747 5158 nos
2784 5099 2888 5156 sibi
2933 5114 3031 5170 per
3059 5112 3276 5154 crucem
3308 5111 3503 5151 recou-

1925 5198 2156 5262 ciliavit,
2215 5211 2340 5250 cum
2395 5205 2628 5266 peccato.
2688 5191 2898 5247 inimici
2954 5201 3224 5245 essemus.
3279 5185 3501 5240 Necnon

1921 5289 2055 5343 illud
2075 5289 2140 5352 ⁵⁸,
2171 5289 2410 5342 faustum
2443 5285 2596 5356 paris
2621 5283 2898 5345 nuntium,
2923 5287 3039 5335 tum
3075 5281 3162 5334 his
3188 5278 3283 5349 qui
3337 5293 3502 5348 prope

1923 5388 2104 5446 erant,
2149 5391 2262 5435 tum
2312 5380 2398 5434 his
2443 5378 2535 5448 qui
2584 5377 2767 5447 longe,
2823 5374 3027 5428 attulit.
3065 5371 3220 5437 Quod
3278 5370 3502 5441 quidem

1927 5485 2152 5530 sanctus
2206 5472 2414 5527 Paulus
2467 5488 2533 5527 ex
2587 5469 2726 5525 Isaia
2773 5475 3050 5536 sumptum
3109 5465 3504 5533 interpretatus

1925 5577 2028 5632 est,
2079 5567 2365 5637 prepiorcs
2409 5564 2629 5635 quidem
2683 5574 2890 5616 vocans
2944 5573 3040 5613 eos
3091 5556 3187 5627 qui
3243 5555 3348 5611 sub
3384 5555 3504 5625 lege

917 5752 963 5782 ⁵³
996 5749 1163 5822 Ιευζο
1203 5769 1260 5821 ιι,
1299 5754 1350 5810 9.
1430 5753 1474 5785 "'
1507 5751 1664 5810 Rom.
1705 5767 1790 5822 xv,
1823 5750 1923 5821 '55;
1963 5765 2071 5820 xw,
2106 5750 2208 5820 $0;
2257 5747 2298 5807 ll
2340 5747 2467 5811 Cor.
2508 5759 2631 5814 xm,
2671 5743 2754 5811 ll,
2788 5751 2893 5802 etc,
2977 5738 3254 5810 "'Ephcs.
3305 5753 3364 5804 ιι,
3403 5735 3499 5803 t6;
