3856 6220
425 253 534 318 983

1201 263 1504 326 NICETAS
1545 268 1942 331 SERRONIUS
1976 274 2069 330 AD
2107 276 2166 332 S.
2204 277 2538 337 GREGORII
2568 271 2776 337 ORAT.
2817 280 2910 337 XI.

3481 232 3694 349 ι984

423 380 600 436 erant,
637 376 964 434 remotiores
993 394 1146 448 vero,
1176 383 1270 454 qui
1293 395 1450 441 extra
1481 389 1653 460 legem
1685 402 1860 448 erant.
1889 393 1998 449 Hoc

2109 397 2296 471 Harrp
2348 399 2442 453 καὶ
2489 401 2522 470 ή
2565 400 2777 471 ἀγάπη,
2841 401 2906 455 ὲκ
2956 400 3050 455 τοῦ
3116 401 3379 472 Θεολόγου
3445 404 3695 460 Ἰωάννου

424 473 628 529 autem,
662 469 948 527 cbaritatis
973 470 1157 538 Pater,
1197 483 1252 530 et
1273 476 1392 546 ipsa
1428 478 1696 545 charitas,
1730 498 1795 538 ex
1829 482 2006 541 Theo-

423 557 548 627 logo
574 555 782 615 Joanne
819 572 922 618 est.
972 565 1063 620 Ait
1113 568 1259 622 enim
1312 569 1444 624 ille:
1490 569 1741 628 Charitas
1784 591 1849 630 ea:
1896 575 2004 631 Deo

421 647 595 713 est“;
628 654 682 702 et
718 666 731 702 :
768 649 905 735 Deus
940 655 1177 710 charitas
1223 666 1300 712 est
1325 659 1394 714 ⁸³.
1431 659 1612 732 Atque
1656 664 1710 718 in
1755 663 2003 737 Evange-

423 738 496 790 lio
527 740 825 795 secundum
847 726 1113 800 loannem
1142 747 1276 802 dicit
1299 726 1564 808 Dominus
1585 754 1666 809 '9:
1689 726 2002 813 Mandath

422 843 610 880 novum
661 833 728 883 do
768 832 912 886 vobis
939 852 954 888 :
982 846 1037 889 ut
1091 837 1331 909 diligatis
1372 844 1614 908 invicem,
1661 847 1797 900 sicut
1838 847 2003 904 dilexi

420 935 529 974 eos.
576 919 740 980 Vetus
764 927 982 995 quidem
1031 932 1350 988 mandatum
1388 944 1507 991 erat
1553 953 1613 994 se
1652 939 1883 996 invicem
1921 943 2006 996 di-

422 1011 609 1080 ligere.
645 1013 845 1086 Diliges
890 1021 1056 1084 enim,
1100 1023 1302 1093 inquit,
1344 1029 1646 1094 proximum
1687 1040 1834 1085 tuum
1867 1035 2002 1087 sicut

422 1114 470 1158 te
506 1107 675 1174 ipsum
699 1109 764 1163 ⁸ο.
805 1109 910 1166 Sed
955 1111 1221 1170 Dominus
1252 1132 1453 1172 novum
1503 1120 1683 1175 eﬁ‘ecit
1723 1122 1861 1178 illud
1899 1125 2002 1180 hac

421 1199 771 1264 mutatione,
817 1202 1020 1271 jubens
1074 1219 1170 1260 eos
1239 1207 1378 1263 alios
1431 1207 1658 1280 diligere
1719 1228 1884 1283 super
1942 1230 2002 1270 se

421 1290 591 1359 ipsos,
627 1292 773 1348 sicut
801 1303 856 1349 et
892 1295 1010 1366 ipse
1040 1295 1235 1352 dilexit
1268 1315 1392 1366 nos,
1431 1311 1486 1356 et
1517 1317 1619 1373 pro
1644 1304 1809 1360 nobis
1838 1307 2001 1360 morti

421 1385 774 1453 semetipsum
816 1387 1060 1444 tradidit.
1110 1389 1345 1462 Ideoque
1389 1392 1568 1449 dixit:
1607 1394 1871 1463 Majorem
1904 1398 2002 1451 illa

421 1473 732 1529 clraritatem
783 1494 934 1534 nemo
986 1479 1162 1546 habet,
1208 1493 1268 1536 ut
1312 1484 1508 1554 aliquis
1559 1488 1796 1542 animant
1847 1505 2002 1542 suam

418 1576 576 1634 ponat
598 1583 695 1635 pro
749 1571 936 1624 amicis
984 1574 1179 1627 suis“.
1235 1574 1433 1632 Dicens
1482 1578 1646 1649 igitur
1691 1579 2002 1652 Theologus

418 1661 563 1727 quod
593 1661 742 1715 dedit
781 1661 928 1720 Deus
971 1673 1120 1721 recte
1156 1675 1322 1738 atque
1370 1669 1599 1726 honeste
1628 1673 1737 1726 vim
1781 1672 1997 1736 afferre,

2107 492 2242 546 ἐστί.
2266 493 2405 560 Φησὶ
2427 491 2532 563 γὰρ
2553 495 2756 557 ἐκεῖνος
2778 509 2793 523 ·
2837 495 2908 550 Ἦ
2933 493 3136 565 ἀγάπη
3149 495 3219 548 ἐκ
3239 495 3345 550 τοῦ
3373 498 3518 552 Θεοῦ
3535 501 3693 568 ἐστι,

2108 585 2261 650 stand
2287 584 2432 649 Θεὸς
2460 583 2660 654 ἀγάπη
2689 585 2882 642 ἐστίν.
2927 586 3015 638 Ἐν
3047 585 3104 638 δὲ
3131 585 3210 655 τῷ
3244 587 3386 640 κατὰ
3441 582 3694 650 Ἰωάννην

2107 673 2424 746 Εὐαγγελίῳ
2451 674 2597 744 λέγει
2635 676 2665 729 ὁ
2699 677 2902 747 Κύριος
2916 691 2937 707 ν’
2990 675 3289 746 Ἐντολὴν
3339 677 3564 747 καινὴν
3607 678 3694 731 δί-

2105 764 2250 835 δωμι
2283 766 2447 834 ὑμῖν,
2501 767 2600 820 ἵνα
2641 765 2908 835 ἀγαπᾶτε
2943 769 3282 835 ἀλλήλους,
3326 770 3519 836 καθὼς
3546 771 3695 841 ἠγά-

2104 875 2273 926 πησα
2293 859 2470 929 ὑμᾶς.
2501 860 2611 913 Καὶ
2641 860 2747 931 μὴν
2783 860 2991 914 παλαιά
3032 855 3102 932 ἦν
3135 861 3344 933 ἐντολὴ,
3373 862 3434 916 τὺ
3473 865 3697 934 ἀγαπᾷν

2104 949 2389 1020 ἀλλήλους.
2421 950 2774 1019 Ἀγαπήσεις
2801 951 2935 1022 γὰρ,
2961 953 3116 1024 φησι,
3148 953 3258 1007 τὸν
3287 957 3559 1022 πλησίον
3578 972 3697 1010 σου

2103 1042 2184 1107 ὡς
2209 1040 2444 1096 ἑαυτόν.
2478 1043 2656 1096 mm
2683 1045 2914 1114 Χριστὸς
2952 1046 3146 1116 καινὴν
3174 1047 3344 1115 αὐτὴν
3369 1048 3597 1119 εποίησε
3620 1049 3698 1120 τῷ

2102 1131 2308 1202 τρόπῳ,
2371 1129 2637 1196 κελεύσας
2673 1132 2936 1202 ἀλλήλους
2977 1135 3199 1205 ἀγαπᾷν
3242 1135 3384 1206 ὑπὲρ
3438 1139 3693 1202 ἑαυτοὺς,

2103 1221 2286 1285 καθὼς
2322 1225 2416 1278 καὶ
2456 1224 2618 1288 αὐτὸς
2668 1227 2958 1295 ἠγάπησεν
3001 1228 3168 1296 ἡμᾶς,
3215 1229 3310 1281 καὶ
3355 1229 3495 1300 ὑπὲρ
3533 1232 3698 1301 ήμῶν

2102 1313 2182 1374 εἰς
2212 1311 2442 1366 θάνατον
2470 1312 2668 1369 ἔδωκεν
2706 1315 2933 1368 ἑαυτόν
2973 1315 3055 1368 διὸ
3087 1316 3183 1370 καὶ
3203 1315 3355 1386 ἔλεγε
3379 1335 3390 1347 ·
3435 1319 3695 1380 Μείζονα

2102 1405 2324 1472 ταύτης
2376 1403 2619 1474 ἀγάπην
2667 1405 2867 1472 οὐδεὶς
2891 1407 3036 1476 ἔχει,
3078 1409 3179 1461 ἵνα
3213 1425 3303 1474 τις
3332 1409 3445 1477 τὴν
3479 1411 3700 1479 ψυχὴν

2101 1495 2286 1548 αὐτοῦ
2323 1494 2400 1564 θῇ
2425 1496 2577 1563 ὑπὲρ
2613 1495 2730 1550 τῶν
2753 1499 2950 1566 φίλων
2982 1497 3189 1552 αὐτοῦ.
3223 1498 3409 1553 Εἰπὼν
3446 1502 3635 1572 μέντοι
3670 1505 3697 1555 ὁ

2093 1585 2380 1654 -Θεολόγος,
2411 1587 2493 1640 ὅτι
2526 1579 2766 1641 Ἔδωκεὺ
2792 1587 2820 1641 ό
2841 1588 2974 1652 Θεὸς
3017 1591 3110 1643 καὶ
3158 1593 3442 1660 τυραννεῖν
3485 1593 3696 1657 καλῶς,

2103 1675 2608 1746 καὶ·τυραννεῖσθαι
2654 1677 2742 1731 διὰ
2777 1677 2868 1730 τὸν
2917 1676 3102 1748 φόϐον,
3133 1679 3281 1732 δοκεῖ
3323 1681 3459 1752 πρὸς
3491 1681 3594 1752 τὴν
3638 1683 3697 1749 ἐξ

417 1758 471 1804 et
497 1759 643 1806 recte
673 1753 802 1808 item
840 1763 1066 1826 propter
1095 1767 1302 1814 metum
1330 1761 1549 1830 cedere,
1583 1763 1655 1817 ad
1684 1765 1838 1834 prius
1869 1781 1997 1836 pro-

2103 1770 2277 1841 ἀρχῆς
2297 1741 2571 1824 -ὐπόθεσιν
2615 1771 2837 1842 τρέπειν
2872 1741 2964 1825 τὸν
3011 1741 3188 1840 λόγον,
3229 1774 3312 1827 ὅτι
3355 1741 3696 1847 ἐτυράννησε

417 1845 656 1912 positum
692 1860 1004 1902 sermonem
1053 1857 1268 1906 vertere
1298 1851 1538 1918 videtur,
1590 1856 1853 1915 quoniam
1891 1859 1996 1927 ipsi

417 1935 634 2004 quidem
676 1938 783 1991 vim
821 1939 1006 1993 intulit
1037 1957 1267 2012 magnus
1302 1944 1562 2011 Basilius,
1605 1948 1708 2002 hoc
1736 1959 1886 2005 recte
1917 1949 1999 2004 ia-

416 2028 591 2090 ciens,
626 2035 686 2082 ut
725 2029 976 2087 doctrina
1001 2047 1098 2090 sua
1133 2035 1203 2090 iis
1231 2037 1328 2107 qui
1372 2039 1477 2094 sub
1502 2041 1621 2109 ipso
1647 2050 1803 2096 erant
1831 2045 1998 2112 prod-

415 2127 594 2183 esset;
648 2134 955 2191 rursusque
984 2125 1102 2194 ipse
1138 2127 1246 2181 vim
1276 2145 1473 2199 passus
1497 2139 1582 2187 est
1615 2141 1667 2188 et
1686 2134 1736 2188 vi
1761 2144 1987 2191 coactus

412 2218 500 2263 cst
545 2211 611 2264 ad
643 2213 1046 2284 episcopatum,
1081 2217 1326 2289 illudque
1370 2230 1594 2293 propter
1641 2232 1866 2280 metum.
1911 2226 2000 2282 ln-

415 2302 738 2359 obedientia:
777 2309 922 2361 enim
973 2309 1354 2368 reformidavit
1383 2315 1626 2381 crimen,
1664 2318 1738 2371 ita
1774 2325 1840 2372 ut
1863 2332 1995 2374 cum

412 2395 628 2451 ratione
674 2397 981 2456 declinaret
1018 2411 1075 2457 et
1111 2412 1489 2471 cunctaretur,
1537 2416 1593 2463 et
1631 2423 1829 2465 rursus
1871 2426 1996 2465 cum

416 2483 629 2542 ratione
673 2489 928 2545 ﬁduciam
980 2496 1234 2566 concepit
1283 2505 1337 2552 et
1378 2497 1779 2556 ordinationem
1831 2503 1998 2558 susti-

410 2579 552 2633 nuit.
588 2579 667 2636 Ac
714 2583 914 2640 deinde
947 2587 1253 2657 subjiciens
1292 2589 1628 2663 Theologus,
1662 2595 1808 2663 quod
1854 2595 1997 2653 Deus

410 2681 463 2724 et
492 2687 694 2741 parvos
726 2690 916 2747 greges
943 2680 1121 2748 gratia
1160 2696 1261 2736 sua
1298 2683 1630 2752 magniﬁcat,
1667 2686 1846 2740 obiter
1873 2701 1996 2742 cre-

409 2762 583 2816 ditum
616 2765 720 2819 sibi
753 2781 976 2837 gregem
1015 2769 1215 2834 innuit,
1251 2770 1596 2828 Sasimorum
1629 2776 1861 2841 scilicet,
1901 2777 1996 2848 qui

411 2851 707 2908 admodum
762 2872 966 2927 parvus
1011 2868 1153 2925 erat,
1202 2862 1563 2936 indigensque
1609 2874 1664 2922 et
1702 2877 1995 2940 angustus.

2101 1861 2200 1931 μὲν
2249 1861 2412 1915 αὑτὸν
2440 1863 2468 1914 ὁ
2519 1861 2694 1932 μέγας
2745 1863 3022 1928 Βασίλειος
3068 1864 3250 1928 καλῶς
3295 1864 3454 1920 τοῦτο
3498 1868 3695 1928 ποιῶν.

2099 1953 2183 2006 ἵνα
2235 1953 2549 2022 ὠφελῶνται
2599 1953 2686 2007 διὰ
2738 1955 2836 2026 τῆς
2886 1954 3079 2008 τούτου
3125 1955 3470 2021 διδασκαλίας
3509 1961 3560 2012 οἱ
3605 1957 3697 2012 ὑπ’

2097 2044 2279 2098 αὐτόν·
2321 2043 2658 2117 ἐτυραννήθη
2693 2045 2750 2098 δὲ
2787 2046 2948 2100 πάλιν
2987 2047 3149 2112 αὐτὸς
3199 2050 3295 2103 καὶ
3353 2049 3693 2122 ὑπεκάμφθη

2100 2137 2191 2209 βίᾳ
2219 2137 2355 2207 πρὸς
2386 2139 2486 2210 τὴν
2519 2140 2856 2209 ὲπισκοπήν·
2896 2139 2991 2193 καὶ
3019 2139 3202 2203 τοῦτο,
3235 2140 3323 2194 διὰ
3356 2142 3449 2194 τὸν
3493 2142 3684 2210 φόϐον·

2097 2230 2337 2301 ἐφοϐήθη
2370 2230 2480 2301 γὰρ
2517 2230 2578 2283 τὸ
2628 2230 2878 2300 ἔγκλημα
2915 2231 3015 2301 τῆς
3055 2231 3360 2298 ἀπειθείας,
3408 2231 3552 2286 ὥστε
3600 2233 3693 2287 καὶ

2098 2320 2338 2389 εὐλόγως
2361 2321 2661 2393 παρῃτεῖτο
2684 2321 2780 2374 καὶ
2808 2320 3080 2388 ἀνεδύετο,
3108 2323 3202 2376 καὶ
3228 2323 3391 2376 πάλιν
3437 2323 3578 2393 μετά
3608 2323 3696 2377 λό·

2097 2431 2199 2483 γου
2235 2414 2507 2486 ἐθάρρησε
2551 2413 2646 2466 καὶ
2685 2413 2852 2467 ὑπέδυ
2875 2414 2973 2484 τὴν
3017 2414 3372 2487 χειροτονίαν.
3414 2411 3586 2478 Αὖθις
3633 2414 3688 2468 δὲ

2098 2508 2394 2578 ἐπαγαγὼν
2435 2512 2463 2563 ὁ
2501 2508 2782 2579 Θεολόγος,
2815 2509 2899 2563 ὅτι
2926 2511 2954 2562 ὁ
2998 2509 3128 2572 Θεὸς
3153 2510 3246 2563 καὶ
3271 2509 3338 2564 τὰ
3369 2509 3542 2580 μικρά
3575 2509 3693 2562 τιοί-

2102 2619 2230 2674 μνια
2274 2601 2566 2674 μεγαλύνει
2597 2600 2686 2654 διὰ
2721 2600 2822 2670 τῆς
2861 2599 3025 2654 αὑτοῦ
3070 2601 3310 2672 χάριτος,
3361 2600 3590 2672 ᾐνίξατο
3630 2599 3690 2654 τδ

2098 2683 2459 2764 ὲμπιστευθὲν
2497 2691 2645 2762 αὐτῷ
2679 2692 2948 2764 ποίμνιον,
2987 2693 3049 2746 τὸ
3090 2693 3198 2746 τῶν
3229 2694 3507 2763 Σασίμων,
3560 2690 3691 2761 σφό-

2099 2787 2206 2855 δρα
2242 2785 2439 2857 μικρὸν
2469 2785 2714 2855 ὑπάρχον
2757 2785 2852 2838 καὶ
2885 2783 3141 2856 πενιχρὸν
3187 2785 3281 2838 καὶ
3311 2784 3520 2837 στενόν·
3573 2779 3692 2836 εἶτα

2102 2876 2292 2930 ελαὸεν
2326 2877 2391 2930 ἐκ
2429 2875 2525 2930 τοῦ
2573 2875 2899 2930 Ἀποστόλου
2951 2875 3033 2939 τὸ,
3072 2874 3265 2941 Αὐτὸς
3311 2872 3470 2944 ἡμᾶς
3512 2891 3692 2944 παρα-

410 2941 614 3000 Deinde
643 2948 878 3017 sumpsit
910 2965 977 3004 ex
1021 2951 1282 3021 Apostolo
1317 2955 1447 3010 illud
1476 2976 1488 3011 :
1519 2955 1644 3027 Ipse
1678 2977 1774 3014 nos
1805 2979 1996 3016 conso-

2102 2965 2351 3021 καλέσει
2393 2964 2773 3033 παρακλήσει
2817 2962 3042 3032 πολλῆ,
3085 2941 3692 3035 τουτέστι-παρηγορή·

411 3035 609 3089 labitur
643 3040 1009 3096 consolatione
1047 3045 1217 3098 multa
1236 3047 1302 3109 θ’,
1349 3048 1404 3103 id
1450 3059 1555 3114 est,
1603 3053 1914 3109 sublevabit
1942 3055 1996 3110 in

2105 3074 2187 3111 σει
2234 3057 2294 3109 ὲν
2355 3055 2570 3128 μεγάλῃ
2625 3054 2972 3126 παραμυθίᾳ.
3005 3053 3314 3124 Εύχόμενος
3377 3052 3435 3106 δὲ
3490 3053 3688 3144 πολλῆς

410 3143 610 3199 magno
669 3131 885 3188 solatio.
964 3132 1142 3191 Orans
1203 3153 1335 3193 vero
1394 3138 1563 3195 Deum
1627 3150 1688 3197 ut
1754 3145 1995 3214 seipsum

2105 3149 2506 3221 παρακλήσεως
2532 3147 2851 3218 ἀξιωθῆναι,
2885 3146 3158 3216 ἐμφαίνει,
3186 3147 3268 3199 ὅτι
3288 3144 3490 3216 πολλὴν
3511 3143 3687 3215 λύπην

409 3221 580 3274 multa
613 3221 867 3292 dignetur
896 3227 1293 3293 consolatione,
1340 3231 1652 3287 vehementi
1688 3249 1747 3290 se
1775 3243 1998 3306 propter

2103 3241 2262 3313 ἔσχεν
2291 3244 2348 3295 ἐν
2368 3243 2433 3312 τῇ
2463 3239 2765 3312 χειροτονίᾳ
2788 3256 2802 3270 ·
2824 3239 2906 3292 διὸ
2938 3237 3201 3306 ἀνάλογον
3222 3237 3375 3307 ζητεί
3396 3236 3569 3308 ταύτῃ
3599 3236 3688 3289 καὶ

411 3314 816 3372 ordinationem
854 3334 1009 3374 suam
1053 3337 1292 3379 maerore
1319 3323 1573 3381 allectum
1607 3327 1780 3386 fuisse
1810 3338 1997 3386 osten-

416 3403 484 3425 _l!.
549 3405 562 3425 I
587 3405 600 3425 I
617 3422 629 3425 _
648 3423 662 3425 _
712 3423 722 3425 _
747 3423 758 3425 μ
791 3424 794 3425 ,
1083 3413 1095 3425 ι
1417 3417 1429 3425 ι
1496 3419 1507 3425 -
1817 3420 1827 3425 -
1916 3419 1956 3425 _

2101 3333 2199 3405 τὴν
2220 3333 2591 3405 παραμυθίαν.
2630 3333 2693 3385 ἐκ
2713 3331 2814 3401 τῆς
2847 3331 2983 3403 πρὸς
3031 3329 3316 3425 Ἑϐραίους
3340 3328 3397 3381 δὲ
3435 3326 3688 3425 εἴληπται

411 3403 510 3459 dit.
547 3405 672 3462 Ideo
702 3423 1004 3479 congruam
1048 3413 1116 3466 ab
1145 3427 1212 3468 eo
1239 3417 1675 3472 consolationem
1719 3420 1877 3490 petit.
1915 3419 1995 3476 Ex

2101 3403 2195 3479 καὶ
2218 3403 2753 3492 τὸξιίαταρτίσειεν
2785 3421 2944 3491 ἡμᾶς
2977 3421 3048 3473 ἐν
3081 3420 3260 3474 παντί
3285 3420 3435 3489 ἔργῳ
3465 3416 3686 3487 ἀγαθῷ,

411 3493 657 3563 Epistola
691 3497 759 3552 ad
799 3499 1056 3556 Hebraeos
1083 3504 1432 3574 desumptum
1466 3516 1551 3563 est
1584 3509 1716 3564 illud
1755 3511 1993 3581 :Refecit

2101 3519 2268 3589 ἤγουν
2305 3515 2647 3570 τελειώσειεν
2691 3511 2773 3566 Ex
2813 3513 2871 3566 δὲ
2907 3511 3000 3565 τοῦ
3044 3507 3212 3565 Δαυῒδ
3229 3511 3309 3576 τὸ,
3340 3511 3421 3576 ὡς
3442 3512 3685 3578 εὐφραι-

412 3602 506 3640 nos
540 3589 594 3641 in
623 3590 767 3643 omni
809 3605 958 3659 opere
999 3593 1169 3660 bono,
1215 3596 1428 3652 scilicet
1471 3597 1738 3668 perfecit;
1789 3617 1859 3657 ex
1896 3602 1998 3658 Da-

2101 3609 2364 3680 νομένων
2393 3607 2634 3661 πάντων
2666 3607 2704 3674 ἡ
2733 3604 3008 3660 κατοικία
3031 3605 3100 3657 ἐν
3126 3606 3228 3657 σοι
3251 3617 3265 3631 ·
3300 3602 3499 3673 ὁμοίως
3521 3602 3583 3654 δὲ
3605 3601 3684 3663 τὸ,

411 3678 534 3734 vide
591 3691 770 3734 autem
808 3683 942 3737 illud
987 3703 1000 3739 :
1039 3684 1190 3740 Sicut
1231 3688 1532 3743 ltetantium
1566 3692 1802 3746 omnium
1844 3693 1998 3748 habi-

414 3771 546 3824 tatio
567 3780 644 3824 est
668 3773 722 3826 in
762 3783 810 3828 te
842 3775 923 3842 5’;
953 3776 1319 3849 similiterque
1345 3780 1480 3837 illud
1510 3801 1522 3836 :
1559 3782 1670 3854 Ego
1706 3786 1760 3838 in
1779 3786 2000 3855 justitia

413 3862 672 3928 apparebo
712 3870 1013 3933 conspectui
1051 3878 1140 3922 tuo
1177 3886 1196 3923 :
1243 3871 1484 3926 satiabor
1525 3890 1644 3928 cum
1694 3879 1998 3946 apparuerit

409 3955 580 4023 gloria
608 3966 701 4009 tua
727 3958 791 4011 “.
824 3957 924 4014 Hic
949 3962 1093 4016 enim
1120 3962 1379 4032 splendor
1401 3963 1573 4034 justis
1603 3968 1762 4036 quasi
1797 3978 1993 4039 gustus

412 4054 466 4099 et
515 4049 712 4118 pignus
752 4059 871 4118 est;
915 4060 1048 4108 tunc
1099 4053 1340 4124 perfecte
1400 4058 1675 4129 accipient
1720 4067 1776 4115 et
1825 4062 1994 4115 satia-

409 4137 618 4193 buntur
661 4139 755 4196 Dei
787 4143 980 4212 gloria,
1013 4160 1176 4214 quam
1206 4146 1260 4200 in
1288 4145 1504 4215 justitia
1543 4151 1995 4220 contemplabuu-

412 4235 522 4291 tur,
568 4231 780 4286 scilicet
824 4248 921 4303 per
959 4234 1214 4289 virtutem
1252 4250 1474 4300 eorum,
1512 4239 1566 4292 in
1597 4239 1817 4295 Christo
1859 4239 1989 4296 Jesu

412 4320 644 4378 Domino
670 4332 883 4381 nostro.

481 4474 526 4503 ⁵⁷
575 4475 592 4526 l
627 4473 783 4532 Joan.
814 4494 890 4540 iv,
924 4481 973 4537 7.
1077 4483 1120 4513 ⁸⁸
1148 4482 1280 4536 ibid.
1311 4485 1362 4538 8.

412 4543 455 4575 ⁸³
489 4540 632 4598 Psal.
663 4562 884 4615 Lxxxw,
915 4550 964 4604 7.
1042 4553 1086 4584 ”
1116 4551 1259 4608 Psal.
1295 4571 1406 4618 xvr,
1442 4556 1530 4611 l5.

1463 4487 1509 4516 ”
1531 4483 1689 4543 Joan.
1721 4505 1841 4553 xui,
1878 4490 1966 4544 54.
2047 4493 2090 4522 ⁸ο
2118 4490 2290 4546 Levit.
2326 4507 2440 4554 χιχ,
2472 4491 2559 4544 18.
2638 4491 2679 4521 ⁶¹
2722 4488 2883 4543 Joan.
2915 4503 3006 4556 xv,
3041 4487 3128 4542 15.

2112 3691 2260 3772 Ἐγὼ
2289 3701 2359 3753 ἐν
2376 3699 2733 3766 δικαιοσύνῃ
2755 3695 3094 3765 ὀφθήσομαι
3119 3693 3200 3759 τῷ
3222 3692 3522 3762 προσώπῳ
3547 3708 3681 3747 σου·

2098 3793 2590 3866 χορτασθήσομαι
2616 3791 2705 3843 ἐν
2754 3787 2835 3854 τῷ
2892 3787 3154 3858 ὀφθῆναί
3187 3804 3289 3856 μοι
3322 3786 3436 3852 τὴν
3475 3784 3686 3851 δεξιάν

2097 3901 2238 3938 σου.
2284 3883 2350 3936 Ἡ
2376 3882 2484 3952 γὰρ
2540 3877 2780 3934 ἐνταῦθα
2823 3876 3110 3949 ἕλλαμψις,
3173 3877 3335 3930 οἱονεὶ
3373 3875 3559 3946 γεῦμα
3597 3876 3685 3928 καὶ

2097 3973 2357 4047 ἀρραϐών
2401 3973 2516 4025 ἐστι
2548 3972 2661 4033 τοῖς
2699 3968 2948 4031 δικαίοις.
2990 3966 3124 4020 Τότε
3155 3966 3213 4020 δὲ
3239 3966 3420 4019 τέλεον
3477 3965 3682 4033 ἀπολή-

2099 4063 2289 4132 ψονται
2320 4062 2416 4116 καὶ
2453 4059 2917 4134 χορτασθήσονται
2959 4056 3059 4128 τῆς
3104 4057 3199 4111 τοῦ
3236 4056 3369 4110 Θεοῦ
3404 4056 3590 4127 δόξης,
3619 4057 3684 4124 ἢν

2099 4155 2473 4226 θεωρήσουσιν
2501 4155 2559 4207 ὲν
2605 4151 2939 4223 δικαιοσύνῃ,
2971 4151 3219 4204 τουτέστι
3249 4150 3337 4204 διὰ
3363 4149 3461 4217 τὴν
3483 4149 3682 4222 ἀρετὴν

2099 4247 2299 4311 αὐτῶν,
2358 4248 2416 4299 ὲν
2467 4246 2688 4319 Χριστῷ
2747 4245 2920 4317 Ἰησοῦ
2972 4243 3050 4315 τῷ
3099 4243 3289 4315 Κυρίῳ
3321 4242 3498 4314 ήμῶν.

3241 4486 3283 4517 ⁸³
3323 4483 3365 4538 ll
3389 4485 3516 4542 Cor.
3553 4501 3589 4549 ι,
3621 4481 3672 4540 ι.
