3856 6220
458 454 930 470 m

509 431 3463 477 *Μ

773 600 781 605 ’
829 601 1299 688 ΝΟΝΝΟΥ
1370 601 1963 692 ΣΥΝΑΓΩΓΗ
2022 607 2217 691 ΚΑΙ
2314 597 2870 699 ΕΞΗΓΗΣΙΣ

1449 783 1542 836 ΩΝ
1567 783 1902 837 ΕΜΝΗΣΘΗ
1923 785 2260 856 ΙΣΤΟΡΙΩΝ

326 952 437 1072 0
513 955 715 1068 EN
792 927 1323 1069 ΑΓΙΟΙΣ
1391 955 1915 1069 ΠΑΤΗΡ
1986 960 2440 1076 ΗΜΩΝ
2519 965 3390 1084 ΓΡΗΓΟΡΙΟΣ

1208 1175 1347 1227 ἸῺΝ
1371 1175 1474 1228 ΕΝ
1515 1176 1600 1243 Τῼ
1639 1174 1886 1246 ΠΡΩΤῼ
1939 1178 2169 1232 ΣΤΗΛῙ
2176 1181 2263 1232 ΤΕ
2275 1181 2506 1250 ΥΤῙΚῼ.

623 1501 1078 1616 ΝΟΝΝΙ
1168 1500 1840 1618 COLLECTI

1944 1514 1968 1610 ›
2048 1509 2233 1622 ΕΤ
2329 1510 3098 1627 EXPOSITIO

1452 1739 2299 1833 HISTORIABUM

293 1933 595 2001 QUARUM
633 1933 692 1991 S.
725 1934 788 1991 P.
823 1933 890 1989 N.
932 1932 1335 1990 GREGORIUS
1373 1930 1663 1988 ΜΕΜΙΝΙΤ
1703 1930 1772 1988 ΙΝ
1812 1931 2068 1989 PRIORE
2105 1932 2477 1990 lNVECTlVA
2499 1935 2873 1995 ADVERSUS
2906 1939 3255 2000 JULIANUM
3294 1942 3434 2002 IMP.

222 2119 319 2182 (Ex
345 2119 475 2168 libro
511 2116 590 2168 cui
623 2118 796 2189 titulus
822 2131 834 2167 :
865 2113 1166 2189 8.,(ξτς9οῂἱ
1188 2113 1576 2189 Naaianzenijn
1601 2114 1880 2189 ..[αίξαηιιῃι,
1907 2113 2448 2189 Qn‘ectjpwldrtwucum
2485 2120 2684 2189 schgliis
2715 2121 2918 2189 Graecis
2937 2137 3070 2189 nunc
3099 2138 3314 2188 primum
3344 2127 3491 2182 editi:

633 2179 806 2230 Omnia
837 2191 899 2241 ex
930 2177 1210 2230 bibliotheca
1246 2177 1436 2228 Clarias.
1468 2177 1564 2228 viri
1592 2179 1652 2226 D.
1678 2177 1881 2227 Hem'ici
1911 2177 2088 2227 Sarilii
2115 2179 2271 2230 edidit
2301 2183 2532 2246 Montagu
2559 2187 2720 2236 Elonaa
2745 2186 2882 2248 1610,
2906 2186 2955 2236 in
2977 2185 3079 2251 4ο.)

311 2553 359 2623 (1
371 2554 389 2623 )
403 2553 464 2608 '0
474 2554 630 2624 λόγος
642 2555 668 2606 ὁ
683 2551 961 2624 στηλιτευτ
970 2549 1102 2616 ικὸς,
1113 2550 1281 2621 ψόγος
1297 2551 1414 2605 ἐστὶ
1425 2551 1533 2604 τῶν
1548 2553 1822 2625 Ἰουλιανῷ

2001 2551 2078 2624 (ὅ)
2114 2552 2306 2610 Oratio
2361 2554 2479 2610 haec
2539 2555 2810 2612 invectiva
2874 2557 3070 2628 (quam
3102 2560 3516 2635 στηλιτευτικὴν

226 2647 656 2721 πεπραγμένων.
700 2646 958 2719 Διαφέρει
992 2645 1048 2698 δὲ
1094 2645 1265 2715 ψόγου
1311 2649 1339 2700 ὁ
1395 2646 1820 2718 στηλιτευτικὸς,

225 2742 310 2796 ὅτι
336 2743 366 2795 ὁ
393 2739 493 2812 μὲν
518 2737 705 2809 ψόγος,
734 2739 821 2792 διὰ
861 2737 969 2791 τῶν
1012 2736 1470 2808 ἐγκωμιαπικῶν
1508 2735 1824 2807 κεφαλαίων

225 2833 583 2905 προέρχεται,
619 2827 729 2885 οἷον
768 2829 982 2900 γένους,
1025 2829 1358 2900 ἀνατροφῆς,
1388 2828 1659 2901 πράξεων,
1695 2846 1826 2897 συγ-

226 2927 486 2999 κρίσεως·
505 2924 583 2993 (2)
618 2922 1022 2995 στηλιτευτικδς
1042 2923 1099 2976 δὲ
1127 2923 1344 2993 εἴρηται
1376 2921 1484 2975 ἀπὸ
1509 2923 1825 2993 μεταφορᾶς

225 3019 328 3090 τῆς
380 3017 581 3088 στήλης
603 3035 615 3048 ·
656 3016 826 3088 στήλη
860 3015 918 3068 δέ
965 3016 1136 3076 ἐστιν,
1171 3013 1205 3084 ἢ
1252 3012 1421 3076 λίθος,
1453 3012 1485 3085 ἢ
1514 3012 1738 3084 χαλκὸς,
1768 3014 1826 3065 ὲν

227 3112 496 3184 ὲπιμήκει
531 3109 859 3183 τετραγώνῳ
896 3111 1159 3180 σχήματι,
1193 3109 1250 3160 ὲν
1281 3101 1412 3179 ᾗ(5)
1445 3106 1828 3177 ἐγγέγραπται

225 3208 265 3279 ἡ
291 3205 388 3260 τοῦ
429 3202 882 3275 στηλιτευομένου
929 3201 1112 3272 ὕϐρις.
1144 3195 1269 3255 Οἴον
1303 3201 1581 3272 Ἀθηναῖοι
1608 3199 1700 3253 τὸν
1725 3201 1830 3270 Ζη-

225 3299 417 3369 λείτην
467 3296 770 3368 Ἀρθμιον,
806 3295 897 3348 τὸν
943 3293 1326 3365 διαφθείροντα
1383 3294 1508 3355 τοὺς
1565 3291 1829 3362 ’Έλληνας

227 3393 532 3464 χρήμασιν,
558 3389 650 3442 ἐπὶ
689 3387 769 3458 τῷ
815 3386 1016 3458 μᾶλλον
1066 3385 1374 3439 ὑπακοῦσαι
1414 3383 1493 3454 τῷ
1527 3384 1732 3457 Πέρσῃ,
1772 3385 1830 3436 ἐν

227 3483 402 3556 στήλῃ
426 3481 760 3553 ἀνέγραψαν,
779 3479 1157 3551 ἀτιμώσαντες
1176 3479 1270 3532 καὶ
1303 3477 1466 3531 αὐτὸ)
1481 3478 1576 3531 καὶ
1605 3476 1753 3530 ἅπαν
1771 3475 1833 3529 τὸ

227 3577 386 3644 γένος
402 3575 589 3640 αὐτοῦ,
624 3572 870 3640 ἐξουσίαν
894 3572 1187 3636 δεδωκότες
1211 3574 1268 3625 ὲν
1289 3574 1402 3635 τοῖς
1424 3571 1715 3643 γράμμασι
1753 3569 1833 3640 τῷ

230 3669 543 3742 βουλομένῳ
587 3669 752 3721 αὐτὸν
795 3668 1146 3729 ἀποκτεῖναι,
1182 3665 1561 3737 ἐγγράψαντες
1600 3665 1696 3717 καὶ¹
1734 3663 1834 3735 τὴν

228 3763 408 3818 αἰτίαν
430 3763 489 3814 ἐν
511 3762 650 3832 αὐτῇ
667 3763 732 3832 τῇ
764 3760 1088 3832 στή).ῃ,ἧτις
1114 3757 1187 3832 ἦν
1218 3759 1366 3830 αὑτῷ
1379 3758 1457 3830 τῷ
1484 3755 1835 3828 meum“.

1931 2642 2105 2699 (ἔτωοί
2155 2647 2376 2717 vocant)
2404 2649 2736 2719 vituperatio
2757 2657 2841 2704 est
2870 2664 3051 2704 rerum
3088 2668 3116 2705 a
3144 2651 3362 2708 Juliano
3417 2671 3516 2725 ge-

1933 2747 2167 2792 starum.
2207 2738 2324 2794 Hoc
2356 2747 2538 2796 autem
2569 2739 2750 2796 dill‘ert
2776 2741 3051 2797 invectiva
3083 2746 3260 2799 oratio
3289 2761 3318 2798 a
3370 2746 3517 2800 vitu-

1935 2832 2231 2901 peratrice,
2276 2833 2423 2902 quod
2460 2834 2514 2887 in
2545 2833 2947 2905 vituperatione
2970 2837 3151 2890 oratio
3176 2854 3272 2908 per
3293 2839 3520 2895 demon-

1933 2924 2152 2978 strativi
2187 2927 2407 2995 generis
2439 2929 2620 2997 capita
2662 2930 3065 3000 progrediatur,
3098 2938 3156 2983 ut
3190 2946 3288 3001 per
3321 2948 3517 3002 genus,

1933 3015 2344 3086 educationem,
2377 3021 2648 3083 actiones,
2703 3023 3214 3091 comparationem;
3260 3023 3312 3077 in
3367 3024 3521 3080 inve-

1935 3109 2078 3164 ctiva
2110 3121 2315 3176 autem,
2351 3111 2528 3167 solum
2560 3129 2658 3183 per
2685 3129 2774 3168 res
2802 3122 3009 3184 gestas,
3033 3125 3126 3168 aut
3153 3117 3340 3180 etiam,
3363 3119 3408 3171 si
3446 3118 3522 3171 ita

1935 3215 2028 3256 res
2051 3201 2264 3265 tulerit.
2298 3218 2397 3273 per
2441 3205 2935 3274 comparationem.
2974 3205 3384 3262 Steliteuticum
3421 3225 3522 3262 au-

1937 3300 2046 3348 tem
2102 3293 2210 3348 hoc
2258 3295 2479 3351 dicendi
2513 3313 2688 3368 genus
2727 3307 3102 3368 nuncupatur,
3155 3299 3523 3356 translatione

1937 3385 2103 3442 ducta
2141 3388 2250 3441 ἀπὸ
2267 3389 2367 3460 τῆς
2400 3389 2620 3462 στήλης,
2659 3389 2709 3443 id
2742 3400 2827 3446 est
2863 3407 2895 3444 a
2926 3391 3196 3445 columna.
3237 3392 3328 3446 Est
3357 3406 3524 3461 porro

1939 3479 2197 3534 columna
2227 3481 2368 3550 lapis
2399 3490 2493 3534 aut
2525 3497 2602 3536 aes
2651 3483 2951 3554 oblongum
3013 3484 3288 3554 quadrata
3346 3483 3528 3553 ﬁgura

1937 3568 1996 3624 in
2043 3585 2153 3640 quo
2205 3570 2530 3626 inscribitur
2589 3571 2730 3640 ejus,
2789 3572 2885 3643 qui
2947 3572 3217 3626 invi-oliva
3279 3572 3530 3625 oratione

1942 3663 2341 3733 proscinditur,
2375 3664 2729 3718 contumelia.
2752 3661 2914 3719 Verbi
2945 3664 3144 3735 gratia,
3164 3663 3530 3717 Athenienses

1951 3757 2190 3821 Zeliten,
2220 3758 2312 3827 qui
2345 3757 2565 3812 Graecos
2589 3759 2840 3827 pecuniis
2871 3767 3169 3830 corruptos
3191 3774 3258 3814 eo
3278 3757 3528 3844 adduxe:-

228 3869 360 3924 γος’
398 3853 542 3916 Ὅτι,
579 3851 733 3922 φησὶ,
767 3850 858 3903 τὸν
900 3850 1100 3921 χρυσὸν
1137 3851 1228 3903 τὸν
1262 3851 1327 3902 ἐκ
1359 3848 1467 3900 τῶν
1522 3847 1722 3917 Μήδων
1756 3848 1836 3910 εἰς

1946 3857 2051 3914 rat,
2079 3859 2139 3903 ut
2161 3849 2454 3904 Persarum
2486 3850 2599 3920 regi
2634 3865 2830 3919 parere
2853 3867 3018 3921 quam
3050 3851 3210 3906 liberi
3242 3867 3367 3907 esse
3401 3851 3532 3906 mal-

231 3907 652 4016 ίιελοπόνντγσον
663 3907 1137 4015 ἧῇγενίίζίδέναι
1197 3943 1254 3999 δὲ
1315 3942 1442 4013 χρὴ,
1459 3942 1541 3994 ὅτι
1557 3907 1838 4004 πολλάκις,

1949 3941 2080 4004 lent,
2111 3941 2163 3994 in
2195 3941 2450 3994 columna
2482 3940 2919 4012 insculpserunt,
2951 3958 3076 3997 eum
3103 3957 3228 3996 cum
3283 3950 3401 3998 toto
3431 3958 3527 4014 ge-

234 4041 333 4094 xa‘t
359 4037 670 4110 εὐεργετῶν
697 4038 754 4090 αἱ
782 4035 1094 4107 εὐεργεσίαι
1116 4038 1173 4089 ὲν
1199 4037 1320 4097 ταῖς
1349 4034 1575 4106 στήλαις
1609 4031 1843 4103 ἀνεγρά-

235 4150 420 4204 φοντο,
439 4131 628 4201 ὥσπερ
647 4130 724 4199 (4)
748 4127 892 4200 ἡτοῦ
921 4127 1227 4190 Λεύκωνος,
1249 4124 1344 4179 τοῦ
1379 4124 1635 4195 ἄρχοντος
1652 4124 1848 4177 Βοσπό-

243 4241 339 4297 ρου
361 4221 652 4292 ἀνεγράφη
681 4221 740 4272 ὲν
769 4218 1047 4289 Ἀθήναις.
1078 4217 1239 4286 Καὶή
1275 4214 1373 4287 μὲν
1396 4213 1653 4276 ὑπόθεσις
1683 4213 1845 4283 αὕτη*

238 4311 371 4383 περὶ
397 4311 457 4364 δὲ
498 4310 608 4364 τῶν
645 4307 957 4378 Ἰστοριῶν
982 4308 1058 4371 ὡς
1085 4301 1198 4360 οἷόν
1238 4322 1320 4369 τε,
1351 4303 1440 4358 διὰ
1482 4303 1838 4375 βραχυτάτων

239 4399 792 4473 ἐπιμνησθησόμεθα.

1946 4048 2078 4087 nere
2109 4031 2409 4104 ignominia
2441 4042 2722 4100 notantes,
2756 4043 2923 4106 atque
2974 4034 3152 4103 ipsius
3181 4034 3529 4089 obtruncan-

1944 4124 1998 4178 di
2034 4124 2315 4179 licentiam
2365 4125 2588 4195 publico
2646 4125 2830 4181 edicto
2891 4127 3070 4181 cuivis
3130 4125 3529 4187 concedentes,

1945 4231 2282 4286 causamque
2316 4217 2370 4270 in
2399 4218 2660 4273 columna
2698 4219 3088 4282 inscribentes,
3125 4217 3271 4287 quod
3292 4232 3322 4272 e
3348 4216 3531 4272 Media

1945 4320 2139 4359 aurum
2171 4305 2225 4358 in
2257 4303 2693 4375 Peloponnesum
2722 4307 3018 4362 attulisset.
3053 4307 3206 4364 Scire
3237 4313 3420 4361 autem
3445 4313 3533 4363 est

1943 4413 2122 4466 opera:
2158 4399 2416 4466 pretium,
2451 4401 2599 4468 quod
2630 4415 2821 4454 eorum
2853 4415 3094 4470 quoque,
3122 4399 3215 4470 qui
3262 4399 3330 4454 de
3360 4414 3532 4468 repu-

241 4498 385 4552 blica
414 4497 696 4584 praeclare.
721 4495 898 4551 meriti
929 4491 1168 4558 fuerant,
1201 4490 1465 4547 beneﬁcia
1507 4491 1562 4546 in
1607 4492 1918 4546 columnam
1961 4491 2370 4578 incidebantur.
2407 4491 2499 4548 Sic
2534 4495 2752 4566 egregia
2782 4495 3054 4552 Leuconis
3083 4504 3135 4551 et
3176 4495 3440 4566 Bosphori
3473 4495 3530 4551 in

241 4589 661 4661 Rempublicam
683 4579 888 4642 'merita
911 4585 1143 4639 Athenis
1178 4583 1454 4653 insculpta
1483 4589 1632 4639 sunt.
1677 4579 1803 4636 Haec
1831 4583 1899 4636 de
1924 4582 2192 4638 orationis
2227 4582 2394 4652 hujus
2429 4584 2810 4654 inscriptione.
2852 4584 3008 4640 Nunc
3049 4586 3116 4640 ad
3149 4585 3407 4640 historias
3437 4601 3533 4640 vc-

243 4690 486 4746 niamns.
519 4699 748 4754 easque,
781 4697 945 4753 quam
981 4681 1307 4738 brevissime
1343 4681 1460 4736 ﬁeri
1492 4679 1715 4750 poterit,
1749 4678 2108 4748 explicemus.

316 4829 386 4877 α’.
442 4820 584 4890 Περὶ
613 4817 1087 4890 Ἐμπεδοκλέους
1110 4817 1232 4890 ,καὶ
1268 4815 1619 4890 Ἀρισταίου,
1659 4814 1760 4869 καί

547 4888 998 4959 Ἐμπεδοτίμου,
1027 4889 1125 4942 καὶ
1162 4888 1516 4958 Τροφωνίου.

331 4987 392 5039 ’0
426 4983 526 5056 μὲν
559 4981 934 5053 Ἐμπεδοκλῆς
970 4979 1304 5052 Σικελιώτης
1332 4975 1400 5050 ἦν
1429 4978 1490 5032 τὸ
1521 4976 1700 5047 γένος,
1732 4974 1843 5026 Πυ-

251 5077 541 5149 θαγόρειος
577 5074 635 5128 δὲ
655 5075 757 5144 τὴν
798 5073 1139 5144 φιλοσοφίαν.
1168 5071 1500 5142 Βουλόμενος
1540 5069 1597 5122 δὲ
1641 5067 1846 5120 ιενοδο-
1872 5096 1916 5154 C

254 5165 435 5236 ξῆσαι,
469 5163 546 5226 ὡς
578 5163 662 5216 ὅτι
694 5161 967 5232 ἀνιερώθη
1015 5161 1112 5215 καὶ
1164 5160 1459 5231 μετάρσιος
1504 5158 1730 5226 γέγονεν
1767 5155 1849 5218 εἰς

328 5322 404 5392 (1)
439 5321 721 5378 Demosth.
755 5324 887 5376 Φιλ.
914 5327 985 5391 γ’.

324 5387 405 5463 (2)
448 5393 656 5464 Supple
681 5387 1073 5464 exiAnionymo
1117 5391 1187 5446 ad
1235 5394 1531 5464 orationem
1568 5387 1618 5464 I_
1643 5391 1701 5447 in
1743 5391 1842 5464 Ju-

259 5460 464 5534 lianum
488 5460 650 5534 infra
697 5481 711 5517 :
760 5463 819 5534 Ὀ
853 5463 910 5516 δὲ
941 5460 1366 5534 ξστηλιτευτικὸς
1410 5462 1500 5516 διὰ
1550 5460 1662 5515 τῶν
1706 5463 1847 5534 πρά-

260 5533 394 5599 ξεων
430 5533 590 5604 μόνον
615 5550 630 5564 ·
665 5532 891 5606 εἰτύχοι
933 5533 990 5586 δὲ
1027 5535 1121 5587 καὶ
1151 5535 1493 5606 συγκρίσεως
1515 5571 1530 5597 ,
1556 5548 1685 5606 qua:
1720 5532 1850 5603 pro-

261 5613 380 5674 pter
408 5603 876 5677 licmteoteleutu'n
898 5611 1030 5659 sunt
1059 5605 1263 5660 omissa
1300 5603 1362 5661 et
1390 5605 1524 5677 legit
1554 5603 1848 5674 interpres.

334 5677 412 5746 (ὃ)
454 5675 728 5746 Anonym.
763 5664 830 5746 ᾧ.

335 5742 415 5819 (4}
455 5742 730 5818 Αιιοιιδιηι.
780 5744 954 5818 ὕϐρις.
1002 5742 1201 5801 εἰδέναι
1249 5744 1307 5801 δὲ
1334 5744 1472 5817 χρὴ.
1499 5782 1580 5802 ...
1625 5742 1855 5818 ἀνεγρὰ-

1948 4815 1998 4869 1.
2025 4813 2106 4869 De
2131 4813 2461 4885 Empedocle,
2481 4817 2730 4886 Aristaeo,
2757 4817 3122 4887 Empedotimo
3147 4829 3196 4873 et
3211 4817 3531 4884 Traphom'o.

1938 4976 1940 4978 '
2026 4966 2404 5040 Empedocles,
2447 4989 2647 5044 genere
2705 4973 2946 5038 Siculus,
3001 4973 3103 5028 fuit
3157 4973 3536 5046 Pythagoricae

1951 5060 2314 5132 philosophia:
2352 5073 2610 5121 sectator.
2657 5065 2758 5122 Hic
2797 5067 2979 5122 inanis
3004 5067 3193 5137 gloriae
3223 5066 3531 5135 cupiditate

1957 5151 2358 5221 inﬂammatus,
2380 5158 2540 5226 quasi
2563 5157 2818 5214 sublimis
2841 5157 2896 5212 in
2915 5157 3115 5214 cmlum
3136 5165 3346 5226 raptus,
3371 5163 3536 5226 atque

1953 5332 2134 5390 φοντο,
2153 5317 2384 5390 omissis
2415 5317 2753 5390 intermediis
2787 5325 2842 5374 et
2872 5333 2993 5389 quat
3022 5324 3330 5388 seqhuntur
3362 5329 3535 5385 usque

1949 5387 2016 5441 ad
2053 5387 2215 5458 tinem
2248 5386 2488 5458 Prologi.

2017 5459 2097 5528 (5)
2128 5456 2338 5515 Textus
2371 5455 2602 5529 Latinus
2633 5459 2694 5529 is_
2710 5466 2796 5514 est
2824 5456 3212 5529 quemidedit_
3226 5455 3421 5529 Bill_i_us
3476 5457 3531 5511 in

1947 5545 2048 5585 sua
2079 5526 2341 5600 editione
2372 5527 2616 5600 Operam
2666 5526 2944 5600 Gregorii
2973 5528 3136 5600 Naz,
3174 5526 3249 5582 Ex
3265 5526 3532 5600 ldiverso

1947 5583 2244 5669 exemplari
2283 5583 2510 5665 prodiit,
2544 5609 2604 5653 ut
2636 5583 2895 5669 patetjiet
2935 5599 2989 5654 in
3027 5599 3216 5653 "mltis
3247 5583 3531 5653 discordat

1941 5687 1981 5724 -a
2025 5670 2217 5726 Graeco
2265 5670 2469 5725 Nonni.
2516 5669 2664 5724 Nihil
2715 5677 2898 5725 tamen
2951 5677 3229 5726 mutamus
3261 5678 3319 5725 ut
3346 5682 3528 5724 exorn-

1956 5744 2128 5818 plaris
2153 5743 2442 5814 utriusque
2473 5741 2636 5800 lectio
2661 5750 2911 5800 servetur
