3856 6220
370 303 474 358 937

1751 305 1936 362 ΝΟΝΝ
1944 309 2032 366 US
2069 308 2292 364 ABBAS

3543 308 3646 367 983

375 415 673 472 indeorum
699 412 1094 469 immortalium
1123 429 1415 469 numerum
1443 417 1655 474 ascitus
1684 427 1737 474 et
1756 436 1956 478 conse-

2068 423 2346 495 οὐρανοὺς,
2376 421 2566 479 ἔϐαλεν
2591 421 2787 476 ἐαυτὸν
2813 422 2871 474 ἐν
2894 419 2973 492 τῷ
2993 404 3362 491 ἀναδιδομένῳ
3390 423 3525 492 πυρὶ
3551 422 3650 492 τῆς

373 519 562 566 cratus
583 515 753 568 esset,
770 506 824 560 in
843 503 1021 561 IEtna
1050 506 1226 576 ignem
1251 518 1373 562 Sese
1390 509 1650 578 conjecit.
1669 511 1768 566 Hic
1792 528 1956 583 porro

375 600 522 672 ignis
566 599 797 654 Vulcani
832 605 1110 666 crateres,
1148 600 1251 654 hoc
1281 607 1367 654 est
1412 592 1683 656 foramina
1716 605 1958 676 appella—

374 700 486 747 tur.
523 689 615 746 Sic
649 691 816 745 miser
843 691 896 744 vi
946 688 1178 746 ﬂamma
1235 693 1561 763 absumptus
1603 694 1830 750 interiit.
1889 697 1956 750 At

373 799 505 840 vero
536 783 680 838 Deus
715 783 1032 852 hujusmodi
1060 784 1286 841 exitium
1336 785 1518 840 inanis
1563 787 1752 856 gloria
1808 788 1957 843 desi-

372 873 528 928 derio
540 882 883 928 contractum
906 875 959 928 in
983 874 1258 944 publicum
1281 873 1528 944 proferre
1543 877 1752 942 volens,
1772 877 1956 932 eﬂ‘ecit

373 973 435 1018 ut
475 965 544 1018 ad
575 964 1012 1020 convincendam
1041 980 1256 1027 eorum,
1318 967 1414 1036 qui
1452 982 1594 1021 vano
1623 967 1783 1023 fama
1831 979 1949 1024 stu-

371 1057 466 1112 dio
495 1055 815 1129 ﬂagrarent,
856 1059 1172 1124 stultitiam,
1225 1059 1449 1114 calceus
1501 1060 1675 1130 ipsius
1711 1076 1778 1116 ex
1831 1062 1955 1132 igne

373 1149 669 1205 incolumis
723 1158 1063 1219 egereretur.
1109 1149 1289 1220 Atque
1334 1149 1407 1202 ita
1441 1151 1798 1222 perspicuum
1833 1167 1955 1205 om-

375 1242 542 1297 nibus
568 1241 774 1296 factum
800 1252 908 1306 est,
954 1259 1078 1298 eum
1126 1232 1469 1299 divinitatem
1529 1245 1952 1315 haudquaquam

374 1335 629 1405 adeptum
663 1335 856 1400 fuisse,
886 1353 1074 1390 verum
1117 1352 1214 1406 per
1247 1338 1462 1391 inanem
1495 1337 1683 1406 gloria
1711 1353 1951 1391 amorem

373 1427 600 1480 omnino
631 1427 929 1482 exarsisse.
1002 1426 1353 1497 Trophonius
1386 1439 1590 1493 autem,
1661 1429 1950 1495 Aristaus,

369 1527 425 1572 et
461 1517 875 1588 Empedotimus
913 1519 1149 1574 Lebadia
1203 1519 1425 1574 Boeotia
1466 1520 1602 1575 urbe
1649 1521 1754 1574 orti
1798 1527 1950 1584 sunt,

371 1611 822 1682 vaticinandique
857 1620 1032 1666 artem
1063 1614 1396 1667 coluerunt:
1428 1614 1522 1682 qui
1557 1613 1722 1667 etiam
1771 1613 1952 1667 inanis

369 1702 530 1757 fama
557 1704 744 1758 'studio
775 1705 1009 1766 incensi,
1044 1721 1109 1758 ac
1137 1703 1440 1759 divinitatis
1475 1705 1791 1774 opinionem
1843 1704 1948 1759 sibi

371 1799 515 1864 apud
539 1793 792 1852 homines
824 1797 1122 1851 conciliare
1141 1797 1450 1865 cupientes,
1477 1797 1531 1850 in
1556 1813 1755 1866 specus
1779 1812 1950 1865 quas-
1987 1776 2027 1830 Β

371 1887 496 1941 dam
529 1904 588 1944 se
615 1889 926 1958 pracipites
961 1889 1252 1954 dederunt,
1290 1897 1350 1942 ut
1395 1905 1627 1958 prorsus
1665 1888 1733 1942 de
1769 1887 1951 1942 medio

374 1979 724 2045 tollerentur,
750 1996 852 2035 nec
882 1981 1183 2051 quidquam
1213 1999 1280 2035 ex
1307 1981 1559 2050 corporis
1597 1995 1784 2035 eorum
1832 1979 1956 2033 reli-

371 2071 518 2141 quiis
542 2073 779 2126 inveniri
807 2082 1016 2142 posset.
1054 2073 1153 2127 Hic
1177 2089 1370 2131 eorum
1404 2072 1728 2128 fuitexitus.
1777 2073 1951 2127 Cate-

370 2177 496 2218 rum
527 2165 809 2233 cognitum
841 2172 926 2219 est
946 2180 1043 2220 eos
1079 2165 1192 2219 illic
1235 2173 1466 2220 mortem
1521 2164 1749 2228 obiisse,
1803 2164 1951 2234 quod

371 2257 521 2311 circa
551 2257 697 2311 hunc
720 2259 900 2311 locum
946 2258 1232 2311 oraculum
1267 2258 1563 2312 exstiterit.
1618 2257 1716 2312 Est
1759 2265 1941 2312 autem

373 2350 751 2418 proverbium,
813 2351 866 2405 in
900 2349 1204 2420 Trophonii
1265 2367 1489 2421 Specum
1533 2351 1745 2407 oraculi
1779 2365 1948 2406 causa

373 2440 667 2510 proﬁcisci,
704 2441 772 2497 de
805 2442 1123 2497 hominibus
1151 2442 1372 2510 pallidis
1410 2451 1575 2512 atque
1624 2458 1656 2496 a
1699 2442 1817 2496 risu
1853 2441 1951 2496 ab-

371 2531 748 2590 horrentibus.
789 2534 1056 2603 Quisquis
1091 2537 1236 2590 enim
1273 2535 1341 2590 ad
1395 2536 1680 2590 oraculum
1728 2535 1859 2589 illud
1894 2550 1954 2590 se

2058 517 2274 586 Αῐτνης.
2301 514 2470 569 Τοῦτο
2488 514 2544 568 δέ
2566 515 2626 567 τὸ
2648 513 2758 585 πῦρ
2795 513 3034 583 λέγεται,
3067 517 3121 567 οἱ
3165 513 3269 567 τοῦ
3315 512 3651 583 Ἡφαίστου

2059 608 2367 678 κρατῆρες.
2393 608 2505 666 Kal.
2529 607 2692 671 αὐτὸς
2720 607 2818 679 μὲν
2847 605 3096 660 ἀπώλετο
3119 606 3224 658 ὑπὸ
3242 605 3337 658 τοῦ
3369 607 3562 672 πυρός.
3595 605 3652 660 ’0

2059 702 2115 755 δὲ
2134 701 2266 764 Θεὸς
2283 701 2608 771 βουλόμενος
2633 699 2997 771 δημοσιεῦσαι
3022 698 3189 752 αὐτοῦ
3204 694 3301 768 τὴν
3313 699 3646 765 κενοδοξίαν,

2057 795 2118 848 τὸ
2148 795 2404 851 σάνδαλον
2431 792 2594 848 αὐτοῦ
2623 791 3033 862 ἀποπτυσθῆναι
3068 789 3205 843 σῶον
3234 792 3300 843 ἐκ
3327 788 3422 841 τοῦ
3477 787 3653 858 πυρὸς

2059 885 2307 954 ἐποίησε.
2336 884 2446 936 Kal.
2473 882 2646 945 οὕτως
2672 880 2917 952 ἐγνώσθη
2961 882 3147 944 πᾶσιν,
3183 880 3266 933 ὅτι
3296 879 3432 942 Θεὸς
3465 879 3566 948 μὲν
3590 877 3654 930 ού

2057 977 2273 1044 γέγονε,
2299 975 2544 1044 κατεκάη
2569 973 2625 1026 δὲ
2652 975 2731 1036 είς
2759 973 2911 1036 τέλος
2948 972 3114 1038 ἀξίως
3133 971 3236 1040 τῆς
3257 971 3466 1033 οἰκείας
3497 987 3654 1030 κενο⁸

2055 1067 2255 1133 δοξίας.
2287 1068 2350 1120 Oi.
2373 1066 2431 1119 δέ
2473 1066 2598 1136 περὶ
2628 1065 2719 1118 τὸν
2770 1063 3079 1135 Τροφώνιον
3120 1064 3214 1116 καὶ
3251 1063 3654 1133 Ἑμπεδότιμον

2059 1160 2155 1212 καὶ
2185 1159 2490 1228 Ἀρισταίον
2515 1157 2760 1226 ὑπῆρχον
2785 1155 2884 1226 μὲν
2913 1156 2978 1208 ἐκ
3007 1154 3106 1225 τῆς
3127 1155 3410 1218 Βοιωτίας,
3441 1153 3655 1216 πόλεως

2055 1250 2342 1312 Λεϐαδίας,
2372 1248 2594 1318 μάντεις
2617 1249 2673 1302 δέ
2696 1251 2814 1312 ταῖς
2838 1249 3052 1318 τέχναις
3068 1266 3080 1278 ·
3107 1250 3201 1301 καὶ
3227 1244 3370 1303 οὗτοι
3390 1248 3655 1318 βουλόμε-

2055 1360 2134 1395 νοι
2165 1341 2512 1411 κενοδοξῆσαι
2535 1342 2628 1394 καὶ
2649 1340 2841 1406 δεῖξαι,
2874 1342 2956 1393 ὅτι
2983 1340 3392 1411 ἀνελήφθησαν,
3421 1341 3654 1402 ἑαυτοὺς

2053 1433 2112 1486 ἐν
2137 1449 2278 1485 τισιν
2304 1431 2653 1503 ὑποϐρυχίοις
2682 1431 2965 1503 σπηλαίοις
2991 1431 3202 1493 ἔϐαλον,
3227 1433 3320 1484 ἐπὶ
3345 1431 3424 1502 τῷ
3450 1432 3654 1492 τεθνά-

2054 1543 2164 1588 ναι,
2213 1526 2307 1578 καὶ
2360 1525 2436 1594 μὴ
2466 1524 2758 1594 εὑρεθῆναι
2802 1525 2980 1578 αὐτῶν
3026 1523 3097 1576 τὰ
3131 1523 3374 1593 λείψανα.
3399 1518 3560 1578 Οὗτοι
3591 1524 3654 1578 δὲ

2053 1617 2378 1686 τεθνήκασιν
2399 1632 2412 1646 ’
2438 1615 2790 1686 ἐγνώσθησαν
2817 1615 2874 1668 δὲ
2904 1613 2990 1667 ’ὁτι
3028 1615 3206 1667 ἐκεῖσε
3235 1613 3520 1677 ἀπέθανον,
3559 1614 3657 1668 διὰ

2054 1709 2114 1762 τὸ
2132 1711 2382 1779 μαντεῖον
2407 1707 2640 1776 φανῆναι
2666 1706 2798 1777 περὶ⁸
2819 1706 2910 1759 τὸν
2931 1707 3118 1760 τόπον.
3141 1707 3298 1760 Ἐστι
3320 1707 3377 1760 δέ
3401 1725 3484 1769 τις
3502 1725 3655 1778 παρ-

2054 1800 2209 1870 οιμία
2248 1803 2281 1872 ἡ
2335 1801 2566 1869 λέγουσα
2599 1817 2615 1832 ·
2656 1800 2760 1866 Εἰς
2816 1800 3152 1868 Τροφωνίου
3209 1798 3651 1867 μεμάντευσαι.

2055 1894 2286 1962 Λέγεται
2309 1894 2366 1946 δέ
2387 1893 2478 1946 ἐπὶ
2506 1891 2613 1945 τῶν
2652 1889 3000 1962 ώχριώντων,
3025 1891 3118 1942 καὶ
3145 1890 3414 1960 μηδέποτε
3447 1889 3656 1958 γελών-

2055 2004 2180 2039 των.
2214 1987 2330 2049 Πᾶς
2369 1987 2477 2057 γὰρ
2517 1986 2546 2037 6
2579 1983 2926 2037 καταϐαίνων
2967 1985 3046 2046 εἰς
3073 1983 3133 2035 τὸ
3166 1985 3412 2052 μαντεῖον
3445 1983 3654 2044 ἐκεῖνο,

2056 2077 2355 2146 ἀγέλαστος
2383 2077 2538 2148 ἀνῄει
2559 2075 2654 2130 καὶ
2678 2075 2893 2146 ώχριῶν
2911 2073 3192 2146 διηνεκῶς.
3210 2075 3470 2144 Ἔλεγχος
3501 2072 3560 2125 δὲ
3582 2068 3656 2153 ἦν

2053 2163 2208 2233 οὗτος
2242 2171 2420 2222 αὐτῶν
2441 2169 2668 2233 τούτων,
2698 2170 2780 2222 ὅτι
2809 2167 3204 2240 ώχριάσαντες,
3241 2167 3336 2220 καὶ
3373 2166 3657 2236 μηδέποτε

2055 2263 2113 2315 ἐν
2138 2261 2217 2332 τῷ
2234 2261 2549 2332 ὑποϐρυχίῳ
2580 2260 2906 2329 γελάσαντες
2925 2259 3270 2329 τεθνήκασιν.
3309 2255 3659 2328 Ἦξιώθησαν

2052 2353 2110 2406 δέ
2137 2355 2165 2406 6
2193 2351 2504 2424 Τροφώνιος
2537 2353 2632 2406 καὶ
2677 2350 2993 2422 Ἀγαμήδης
3016 2352 3045 2402 6
3073 2349 3300 2418 ἀδελφὸς
3323 2346 3488 2401 αὑτοῦ
3507 2366 3656 2418 μαν-

2053 2442 2330 2508 τεύεσθαι,
2365 2442 2454 2496 aut
2496 2443 2556 2495 τὸ
2601 2443 2784 2496 κτίσαι
2812 2441 3009 2504 αὐτοὺς
3043 2440 3152 2493 ἀπὸ
3182 2439 3398 2493 οἰκείων
3425 2439 3652 2508 χρημά-

2056 2553 2166 2588 των
2197 2535 2258 2588 τὸ
2284 2535 2428 2606 ἱερὸν
2453 2535 2514 2588 τὸ
2541 2536 2600 2587 ἐν
2626 2535 2850 2596 Δελφοῖς
2882 2532 2976 2585 τοῦ
3001 2531 3358 2594 Ἀπόλλωνος.

368 2623 708 2689 conferebat,
740 2628 912 2682 tristis
966 2635 1337 2696 perpetuoque
1373 2627 1578 2696 pallore
1641 2625 1868 2680 aﬂ‘ectus
1913 2625 2222 2681 recedebat.
2271 2625 2424 2692 Quod
2493 2625 2713 2694 quidem
2775 2633 3096 2694 argumento
3165 2631 3285 2678 erat
3333 2622 3436 2676 hos
3497 2628 3659 2674 vates

369 2720 575 2790 pallore
607 2721 888 2776 confertos
941 2737 1042 2775 nec
1093 2721 1148 2775 in
1194 2723 1557 2776 subterraneo
1611 2721 1928 2790 hujusmodi
1971 2721 2091 2777 loco
2125 2722 2180 2774 in
2235 2722 2410 2776 risum
2461 2735 2706 2789 unquam
2753 2719 2967 2774 solutos
3032 2717 3330 2772 interiisse.
3401 2713 3659 2784 Tropho-

369 2811 494 2867 nius
518 2827 681 2881 porro
719 2819 772 2865 et
803 2811 1129 2882 Agamedes,
1165 2812 1338 2881 ipsius
1366 2827 1685 2879 germanus,
1711 2809 1996 2866 divinandi
2075 2820 2195 2867 arte
2259 2811 2449 2867 donati
2491 2818 2644 2878 sunt,
2691 2810 2837 2879 quod
2913 2808 3164 2878 pecuniis
3223 2807 3340 2862 suis
3389 2808 3660 2876 templum

369 2904 643 2973 Apollinis
666 2901 992 2973 Delphicum
1023 2904 1456 2959 exstruxisscnt.

933 3012 988 3066 2.
1032 3011 1110 3067 De
1156 3011 1374 3068 Proteo.

439 3105 542 3162 llic
577 3105 808 3161 Proteus
835 3121 1036 3177 genere
1062 3105 1248 3162 Thrax
1272 3115 1413 3171 erat,
1451 3107 1706 3178 filiosque
1749 3107 1945 3162 habuit

370 3199 572 3254 Molum
604 3207 659 3253 et
691 3197 1025 3268 Telegonum
1065 3217 1078 3252 :
1120 3201 1213 3268 qui
1261 3215 1384 3252 cum
1418 3200 1536 3252 loca
1571 3199 1753 3252 omnia
1781 3199 1951 3253 latro-

369 3289 537 3344 ciniis
564 3289 768 3342 infesta
802 3297 1080 3352 tenerent,
1119 3291 1188 3344 ab
1225 3288 1460 3344 Hercule
1493 3299 1714 3360 pr0pter
1741 3289 1952 3360 Geryoé

371 3383 461 3436 nis
487 3381 658 3436 boves
690 3381 818 3434 illac
849 3382 953 3434 iter
997 3379 1232 3436 faciente
1253 3383 1566 3452 interempti
1621 3392 1772 3437 sunt.
1822 3382 1956 3437 Pro-

371 3485 493 3530 teus
514 3475 680 3544 igitur
709 3475 780 3529 ob
808 3474 1046 3529 ﬁliorum
1079 3475 1434 3530 amissionem
1499 3478 1650 3529 luctu
1706 3477 1954 3545 perditus

373 3582 442 3622 ac
465 3565 1102 3636 desperationel‘ractus
1139 3567 1194 3621 in
1231 3583 1384 3622 mare
1413 3567 1749 3638 pracipitem
1787 3585 1846 3626 se
1867 3569 1958 3625 de-

372 3662 476 3723 dit,
531 3677 597 3713 ac
650 3661 882 3716 deorum
939 3661 1293 3716 miseratione
1347 3661 1816 3717 immortalitatem
1871 3669 1958 3718 est

372 3758 728 3813 consecutus,
760 3751 1121 3822 marinusque
1147 3751 1361 3807 damon
1391 3751 1618 3808 eﬂectus
1646 3761 1752 3818 est,
1791 3762 1956 3823 atque

373 3844 428 3898 in
462 3841 660 3897 Pharia
695 3844 873 3899 insula
905 3843 1247 3898 domicilium
1301 3845 1406 3899 sibi
1450 3845 1590 3899 ﬁxit.
1641 3843 1743 3900 llic
1788 3847 1955 3900 etiam

374 3950 498 3989 cum
534 3934 727 4004 phocis
760 3936 974 3989 versari
1011 3935 1236 3990 dicitur.
1280 3935 1424 3990 Idem
1461 3936 1760 3990 Alexandri
1788 3935 1953 3989 Hele-

374 4042 526 4093 nam,
559 4042 686 4080 cum
741 4043 771 4081 a
821 4026 1032 4082 Gracia
1082 4026 1304 4096 Trojam
1353 4028 1658 4098 navigaret,
1723 4029 1956 4096 accepit,

374 4119 590 4190 ipsique
626 4119 788 4173 inane
836 4117 1055 4174 Helena
1109 4119 1470 4173 simulacrum
1534 4117 1706 4172 dedit.
1762 4116 1958 4172 Postea

376 4222 560 4268 autem
595 4228 722 4266 cum
761 4212 1038 4267 Menelaus
1068 4212 1323 4266 confecto
1355 4212 1498 4266 bello
1535 4209 1773 4278 Trojano
1803 4209 1961 4265 Hele-

376 4318 502 4358 nam
536 4303 592 4357 in
629 4302 868 4374 Egypto
891 4319 1015 4360 esse
1045 4304 1387 4367 rescivisset,
1409 4314 1574 4372 atque
1596 4301 1666 4355 ad
1699 4301 1960 4356 Proteum

377 4410 438 4449 se
464 4397 814 4461 contulisset,
844 4410 962 4450 eam
989 4395 1058 4449 ab
1081 4411 1146 4450 eo
1169 4395 1402 4464 accepit.
1440 4393 1554 4448 Hac
1588 4409 1754 4464 porro
1786 4393 1961 4448 facul-

2485 3011 2551 3082 β¹.
2592 3010 2733 3079 Περὶ
2772 3007 2880 3063 τοῦ
2921 3005 3221 3076 Πρωτέως.

2125 3099 2293 3171 Οὗτος
2327 3108 2356 3160 6
2383 3105 2644 3176 Πρωτεὺς
2669 3103 2968 3171 Αἰγύπτιος
3001 3099 3098 3170 μὲν
3127 3093 3196 3170 ἦν
3225 3097 3287 3150 τὸ
3321 3097 3478 3166 γένος
3498 3116 3510 3128 ·
3537 3094 3664 3170 εἷχε

2057 3202 2115 3255 δὲ
2146 3199 2240 3253 δύο
2269 3199 2438 3262 υἱοὺς,
2472 3195 2666 3250 Μῶλον
2697 3193 2793 3248 καὶ⁵
2827 3191 3152 3263 Τηλέγονον.
3186 3191 3423 3254 Τούτους
3451 3191 3667 3262 λῃστὰς

2057 3298 2215 3359 ὄντας
2243 3296 2271 3347 6
2307 3292 2584 3364 Ἡρακλῆς
2608 3288 2778 3344 ἐλθὼν
2803 3288 3126 3341 ἀπέκτεινεν
3161 3284 3538 3356 ἀπερχόμενος
3570 3285 3668 3340 διὰ

2057 3390 2182 3452 τοὺς
2206 3386 2476 3457 Γηρυόνου
2507 3383 2653 3455 βοῦς.
2685 3379 2885 3434 Τοῦτον
2917 3374 3010 3433 οὖν
3039 3378 3351 3449 ἀθυμοῦντα
3376 3378 3465 3431 τὸν
3500 3378 3668 3447 Πρω-

2058 3481 2156 3534 τέα
2188 3481 2276 3534 διὰ
2301 3479 2400 3550 τὴν
2424 3476 2697 3547 ἀποϐολὴν
2728 3475 2839 3527 τῶν
2869 3473 3096 3536 τέκνων,
3136 3469 3234 3523 καὶ
3267 3469 3499 3541 ῥίψαντα
3527 3471 3668 3522 ἐαυ-

2059 3574 2151 3627 τὸν
2183 3575 2263 3636 είς
2285 3572 2582 3636 θάλασσαν,
2615 3573 2664 3623 οἱ
2703 3568 2818 3622 θεοὶ
2855 3567 3177 3639 ἐλεήσαντες
3216 3564 3663 3634 ἀπηθανάτισαν·

2059 3665 2155 3718 καὶ
2177 3665 2367 3734 γέγονε
2385 3664 2592 3734 δαίμων
2618 3661 2902 3724 θαλάττιος
2933 3659 3026 3714 καὶ
3037 3659 3260 3731 ἔρχεται
3289 3660 3386 3712 καὶ
3401 3661 3540 3711 οἰκεῖ
3561 3659 3671 3731 τὴν

2061 3754 2268 3827 Φαρίαν
2297 3755 2477 3825 νῆσον.
2497 3746 2666 3817 Οὗτος
2689 3751 3019 3820 λέγεταικαὶ
3053 3749 3193 3820 μετά
3228 3751 3337 3802 τῶν
3365 3747 3567 3816 φωκῶν
3585 3753 3673 3803 ἐν-

2059 3846 2386 3900 διαιτᾶσθαι.
2419 3841 2589 3907 Οὗτος
2637 3845 2734 3897 καὶ
2762 3842 2854 3896 τοῦ
2904 3841 3256 3912 Ἀλεξάνδρου
3299 3840 3396 3912 τὴν
3436 3840 3671 3913 Ἑλένην

2062 3938 2255 3991 ἐλαϐεν
2286 3937 2532 4000 ἐλθόντος
2554 3934 2662 3988 ἀπὸ
2684 3937 2785 4004 τῆς
2820 3933 3092 3997 Ἑλλάδος,
3122 3932 3217 3985 καὶ
3240 3931 3473 3985 δέδωκεν
3508 3933 3671 4004 αὐτῷ

2062 4030 2122 4081 τὸ
2161 4028 2374 4082 εἴδωλον
2401 4028 2500 4098 τῆς
2541 4027 2780 4097 Ἑλένης.
2820 4025 3087 4096 ’Ὕστερον
3115 4023 3172 4077 δὲ
3200 4023 3483 4076 Μενελάου
3517 4025 3673 4093 μετά

2063 4120 2154 4173 τὸν
2179 4119 2425 4190 Τρωϊκὸν
2452 4118 2688 4188 πόλεμον
2713 4115 2996 4188 μαθόντος,
3017 4115 3092 4178 ὡς
3115 4116 3195 4177 είς
3217 4115 3491 4182 Αἴγυπτόν
3511 4117 3673 4171 ἐστιν

2063 4214 2096 4282 ή
2141 4211 2354 4282 Ἑλένη,
2388 4211 2484 4264 καὶ
2532 4209 2782 4273 ἐλθόντος
2824 4207 2976 4278 παρὰ
3025 4206 3116 4258 τὸν
3147 4206 3405 4276 Πρωτέα,
3429 4206 3675 4262 δέδωκεν

2064 4303 2235 4375 αὐτὴν
2268 4303 2437 4374 αὐτῷ.
2471 4302 2705 4372 Λέγεται
2743 4301 2802 4353 δὲ
2829 4293 2982 4362 οὗτος
3019 4299 3048 4350 6
3076 4298 3332 4368 Πρωτεὺς
3382 4315 3674 4370 μεταμορ-

2069 4396 2300 4466 φοῦσθαι
2329 4396 2466 4468 πρὸς
2498 4397 2626 4458 τοὺς
2655 4394 3105 4464 ἐντυγχάνοντας,
3126 4390 3227 4444 καὶ¹
3251 4391 3375 4444 ποτὲ
3408 4391 3508 4462 μὲν
3542 4392 3676 4461 φαί-

378 4495 488 4542 tate
516 4487 777 4557 praditus
808 4504 932 4543 esse
967 4487 1202 4543 Proteus
1230 4487 1584 4550 credebatur,
1647 4496 1708 4540 ut
1742 4487 1956 4556 quoties

2068 4489 2254 4542 νεσθαι
2282 4487 2509 4553 τοιόσδε,
2541 4487 2672 4540 ποτέ
2697 4486 2754 4540 δὲ
2773 4482 3002 4539 τοιόσδε.

379 4596 412 4635 a
441 4580 772 4649 quibusdam
796 4579 1061 4643 adiretur,
1099 4595 1221 4634 sese
1245 4578 1691 4644 transformaret,
1728 4595 1792 4633 ac
1815 4594 1963 4632 nunc

379 4673 504 4734 hoc,
531 4686 678 4724 nunc
708 4671 840 4723 illud
867 4669 1192 4724 eﬂiccretnr.

754 4785 808 4838 5.
849 4782 928 4836 De
971 4781 1200 4836 Hercule
1240 4791 1289 4836 et
1328 4781 1594 4836 incendio.

451 4876 659 4931 Crebro
692 4890 947 4930 sermone
971 4873 1236 4942 jactatur,
1273 4871 1561 4927 Herculem
1592 4870 1744 4928 Jovis
1775 4879 1830 4928 et
1872 4873 1965 4927 Al—

378 4983 590 5023 cmena
623 4967 791 5020 ﬁlium
828 4966 1115 5037 praestanti
1162 4965 1367 5020 virtute
1407 4965 1630 5020 heroem
1674 4965 1964 5020 duodecim

387 5061 694 5115 certamina
728 5057 1059 5114 confecisse.
1099 5057 1174 5111 De
1209 5057 1386 5126 ipsius
1417 5064 1596 5112 autem
1630 5057 1886 5114 incendio
1914 5068 1969 5113 et

380 5150 811 5222 conﬂagratione
840 5150 956 5204 hac
990 5149 1269 5203 memoria
1303 5147 1516 5218 prodita
1551 5157 1700 5204 sunt.
1729 5147 1965 5204 Uxorem

385 5243 624 5297 habebat
663 5241 885 5296 nomine
925 5239 1261 5310 Dejaniram,
1297 5255 1463 5309 quam
1509 5249 1768 5311 superato
1808 5241 1967 5295 rivali

382 5320 626 5388 Acheloo
666 5334 736 5388 ab
764 5332 952 5388 OEneo
973 5342 1284 5404 acceperat,
1310 5349 1377 5388 ex
1404 5349 1577 5404 eaque
1600 5333 1815 5405 Hyllum
1841 5352 1968 5405 pro-

384 5426 611 5480 creavit.
639 5424 790 5480 l-lanc
819 5442 951 5496 ergo
977 5425 1287 5495 Dejaniram
1311 5441 1436 5480 cum
1470 5428 1522 5481 in
1548 5421 1780 5496 patriam
1810 5445 1965 5483 suam

384 5517 635 5581 duceret,
654 5516 864 5572 Nessus
891 5516 1372 5588 Hippocentaurus
1389 5516 1456 5570 ad
1481 5517 1658 5586 ipsius
1686 5527 1965 5588 aspectum

387 5624 577 5663 amore
619 5612 848 5676 exarsit,
899 5619 1065 5682 atque
1111 5612 1164 5665 in
1211 5610 1438 5668 ﬂumine
1470 5611 1708 5682 quodam
1751 5627 1876 5665 cum
1905 5626 1967 5665 ea

385 5701 650 5771 rmngredi
685 5703 936 5756 tentavit.
987 5703 1143 5769 Quod
1183 5719 1308 5757 cum
1351 5703 1615 5758 Hercules
1665 5702 1968 5756 intellexis-

392 5801 498 5855 set,
535 5792 746 5865 sagitta
779 5793 892 5850 ictu
925 5811 1048 5852 eum
1079 5796 1372 5866 oppressit.
1401 5794 1642 5852 Moriens
1674 5800 1852 5850 autem
1877 5793 1967 5850 ille

2179 4791 2249 4852 γ’.
2286 4783 2426 4852 Περὶ
2459 4783 2815 4852 Ἡρακλέους
2843 4781 2940 4835 καὶ
2969 4781 3078 4851 τῆς
3114 4781 3309 4850 πυρᾶς
3345 4782 3555 4836 αὑτοῦ.

2154 4875 2331 4938 Πολὺς
2360 4874 2459 4944 μὲν
2496 4877 2524 4927 6
2553 4873 2710 4942 λόγος
2741 4872 2964 4944 θρυλλεῖ
2983 4872 3073 4926 τὸν
3110 4871 3404 4944 Ἡρακλέα,
3438 4873 3522 4924 δτι
3552 4873 3678 4941 υίὸς

2073 4968 2150 5021 ὣν
2170 4966 2265 5020 τοῦ
2298 4966 2416 5029 Διὸς
2441 4965 2537 5018 καὶ
2577 4963 2907 5036 Ἀλκμήνης,
2926 4963 3076 5034 ἣρως
3090 4980 3148 5016 τε
3183 4961 3280 5026 ὢν,
3300 4962 3427 5028 τοὺς
3458 4962 3680 5021 δώδεκα

2075 5061 2267 5122 ἄθλους
2293 5056 2571 5128 ἐξήνυσεν.
2601 5049 2735 5109 Ἥδέ
2751 5053 2845 5109 νῦν
2869 5056 2926 5108 ἐν
2949 5054 3083 5124 τῷδε
3105 5053 3181 5124 τῷ
3202 5056 3390 5126 χωρίῳ
3413 5056 3542 5126 περὶ
3565 5056 3678 5126 τῆς

2076 5151 2254 5220 πυρᾶς
2305 5146 2515 5217 ἱστορία
2551 5147 2698 5199 ἐστὶν
2731 5144 2872 5218 αὕτη
2907 5162 2922 5176 ο
2957 5138 3126 5208 Οὗτος
3157 5147 3186 5198 6
3227 5145 3504 5215 Ἡρακλῆς
3551 5140 3678 5217 εἶχε

2073 5241 2308 5306 γυναῖκα
2343 5236 2565 5306 ὀνόματι
2611 5236 2968 5307 Δηϊάνειραν,
3002 5237 3068 5307 ἣν
3114 5235 3304 5289 ἐλαϐεν
3348 5236 3409 5300 ἐξ
3440 5235 3677 5300 Οἰνέως,

2074 5330 2410 5402 ἀντεραστὴς
2440 5328 2732 5399 γενόμενος
2785 5327 3033 5398 Ἀχελώῳ
3073 5325 3154 5400 τῷ
3195 5325 3426 5396 ποταμῴ
3450 5343 3464 5356 ·
3489 5325 3549 5392 ἐξ
3602 5323 3675 5397 ἦς

2075 5428 2228 5479 ἔτεκε
2250 5425 2341 5478 καὶ
2367 5423 2460 5475 τὸν
2482 5422 2698 5476 ”Υλλον.
2727 5421 2941 5491 Ταύτην
2967 5419 3148 5473 τοίνυν
3185 5420 3284 5489 τὴν
3318 5418 3674 5489 Δηῖάνειοαν,

2077 5520 2194 5589 ἅμα
2214 5517 2293 5587 τῷ
2319 5516 2506 5570 λαϐεῖν
2537 5515 2631 5567 καὶ
2656 5513 2952 5582 ἀποφέρειν
3005 5515 3063 5565 ἐν
3090 5516 3156 5584 τῇ
3197 5513 3375 5582 οἰκείᾳ
3407 5515 3636 5582 πατριὸι
3657 5554 3672 5575 ,

2080 5608 2202 5663 ἰδὼν
2227 5611 2255 5661 ὁ
2284 5609 2490 5670 Νέσσος
2515 5605 2594 5670 εἷς
2640 5605 2749 5658 τῶν
2802 5602 3293 5673 Ἱπποκενταύρων,
3322 5600 3536 5673 ἠράσθη
3567 5601 3674 5654 αὐ-

2077 5701 2198 5770 τῆς,
2235 5701 2328 5753 καὶ
2355 5699 2497 5753 κατά
2529 5716 2648 5750 τινα
2687 5696 2928 5766 ποταμὸν
2971 5694 3251 5765 ἠϐουλήθη
3296 5695 3435 5762 αὐτῇ
3465 5709 3671 5760 συγγε-

2076 5793 2284 5849 νέσθαι.
2327 5793 2383 5846 Ὀ
2437 5787 2527 5846 οὖν
2569 5787 2845 5862 Ἡρακλῆς
2905 5786 3115 5860 μαθὼν,
3167 5784 3519 5868 κατατοξεύει
3576 5785 3674 5838 τὸν
