3856 6220
152 333 283 396 989
1044 339 1137 394 ΔΙ)
1181 340 1220 395 S
1283 341 1610 398 GREGOBH
1643 341 1854 403 ORAT.
1891 346 1913 401 l
1949 345 2231 403 CGNTRA
2265 345 2632 403 JULIANUM.
3339 343 3447 399 990

150 448 408 505 Νέσσον.
469 452 856 522 Ἀποθνήσκων
905 453 963 506 δὲ
997 457 1237 521 ἐκεῖνος,
1275 465 1341 510 εκ
1387 458 1479 512 τοῦ
1534 460 1740 531 αἳματο⁴

1867 477 2120 519 cruorem
2153 475 2313 516 suum
2347 457 2618 529 Deianira:
2648 455 2914 528 impertit,
2947 454 3297 512 fraudulento
3322 459 3443 512 ani-

151 542 372 598 ἑαυτοῦ
402 543 587 597 δίδωσι
616 546 680 616 τῇ
707 545 1020 618 Δηϊανείρᾳ,
1056 547 1305 603 ὑπειπών
1334 567 1390 603 τε
1419 551 1514 605 καὶ
1551 553 1740 625 ἀπατή

1864 571 1957 612 mo
1981 554 2254 618 sublatus,
2284 555 2336 609 ei
2371 553 2438 608 ad
2471 553 2556 608 sui
2595 565 2783 605 amore
2811 548 3260 604 inﬂammandum
3304 548 3441 604 Her-

157 651 296 699 σοις,
320 636 404 688 ὅτι
431 636 624 690 Ἔσται
649 654 730 689 σοι
760 635 918 690 τοῦτο
954 638 1015 691 τὸ
1062 633 1202 710 αἷμα
1246 641 1384 712 πρὸς
1417 640 1639 715 φίλτρον
1664 643 1740 698 τοί

1862 645 2042 700 culem
2073 643 2222 698 hunc
2256 656 2508 697 cruorem
2541 639 2857 710 adjumento
2897 637 3032 704 fore,
3067 647 3126 692 ut
3174 640 3220 695 si
3260 655 3445 710 quan-

166 725 522 797 Ἡρακλέους
545 743 561 759 ·
595 727 703 791 ἵνα,
732 728 897 798 φησὶν
917 766 934 792 ,
968 728 1063 782 ἐὰν
1094 729 1292 802 μάθῃς,
1326 732 1406 784 ότι
1441 731 1604 804 ἄλλης
1637 735 1740 804 ἐρᾷ

1862 736 1962 802 do,
2015 736 2214 806 inquit,
2255 750 2381 791 eum
2425 732 2674 788 mulieris
2703 731 2930 786 alterius
2980 747 3167 787 amore
3208 732 3443 802 ﬂagrare

151 816 372 890 χρίσῃς
415 819 482 871 ἐκ
514 817 608 871 τοῦ
655 819 888 890 αἵματος
917 819 1106 873 τούτου
1135 821 1197 873 τὺ
1239 821 1440 894 ἔνδυμα
1464 824 1558 878 τοῦ
1593 825 1740 896 Ἡρα·

1861 827 2123 892 senseris,
2152 828 2254 881 hoc
2284 825 2550 896 sanguine
2590 831 2795 879 vestem
2829 823 3002 893 ipsius
3024 824 3222 893 tingas,
3275 833 3443 893 atque

152 907 398 972 κλέους,
433 908 530 961 καὶ
567 909 827 981 μεθιστᾷς
869 910 1030 964 αὐτὸν
1080 913 1161 976 είς
1197 912 1292 966 τὸν
1331 914 1532 985 ἑαυτῆς
1572 915 1736 969 πόθον

1867 922 1945 975 ita
1991 921 2167 991 ipsius
2211 933 2453 974 amorem
2499 916 2565 970 ad
2614 926 2666 971 te
2715 929 2961 970 revoces.
3017 913 3272 984 chanira
3309 931 3442 984 ergo

151 995 347 1053 Τοῦτο
373 996 468 1054 οὖν
492 1006 552 1055 τὸ
588 996 729 1072 αἷμα
757 998 901 1074 εἶχεν
926 1006 959 1075 ἡ
987 1005 1298 1077 Δηϊάνειρα.
1329 1004 1437 1058 Τοῦ
1462 1003 1558 1060 οὖν
1594 1007 1740 1078 Ἦρα·

1862 1013 2010 1068 hunc
2039 1026 2289 1067 cruorem
2321 1009 2659 1066 asservabat.
2689 1007 2935 1076 Cumque
2972 1003 3237 1061 Hercules
3271 1005 3439 1060 Iolam

150 1089 367 1154 κλέους
406 1091 509 1160 τῆς
547 1093 716 1164 Ἰόλης
751 1094 852 1164 τῆς
896 1094 991 1148 τοῦ
1029 1095 1270 1167 Εὐρύτου
1316 1096 1582 1170 θυγατρὸς
1633 1101 1740 1168 ἐρα·

1868 1121 2036 1176 quam
2083 1105 2285 1160 misere
2333 1103 2635 1174 deperibat,
2683 1100 3016 1170 accepisset,
3067 1113 3298 1168 eamque
3343 1113 3441 1168 per

151 1182 397 1246 σθέντος
435 1185 530 1237 καὶ
574 1183 850 1252 λαϐόντος,
885 1187 980 1240 καὶ
1023 1187 1112 1241 διὰ
1153 1187 1248 1241 τοῦ
1277 1188 1418 1258 Λίχα
1445 1189 1740 1260 πέμψαντος

1865 1197 2073 1264 Lichen
2108 1197 2253 1252 velut
2285 1200 2577 1265 captivam,
2607 1193 2674 1248 ad
2715 1191 3018 1262 Dejaniram
3058 1190 3324 1255 misisset,
3353 1206 3443 1244 ze-

149 1273 343 1346 αὑτὴν
377 1275 455 1339 ὡς
495 1276 840 1346 αἰχμάλωτον
889 1279 1026 1350 πρὸς
1055 1279 1156 1350 τὴν
1183 1280 1524 1352 Δηϊάνειραν,
1560 1283 1638 1345 είς
1674 1282 1740 1336 ἔν-

1863 1291 2066 1364 lotypia
2095 1290 2322 1362 percita,
2353 1289 2712 1358 Herculisque
2731 1301 2970 1342 amorem
2994 1285 3061 1341 ad
3092 1302 3152 1342 se
3182 1300 3440 1340 revocare

148 1381 319 1418 νοιαν
346 1366 441 1419 καὶ
473 1365 802 1437 ζηλοτυπίαν
831 1369 1056 1441 ἐκινήθη
1093 1373 1127 1442 ή
1155 1371 1466 1442 Δηϊάνειρα,
1505 1373 1602 1427 καὶ
1640 1373 1740 1444 βου·

1863 1383 2118 1454 cupiens,
2169 1383 2344 1452 ipsius
2385 1388 2588 1436 vestem
2623 1378 2780 1434 Nessi
2833 1379 3100 1450 sanguine
3140 1377 3440 1432 delibatam

147 1456 396 1526 ληθεῖσα
414 1459 506 1511 τὸν
531 1458 709 1530 ἔρωτα
745 1461 1082 1530 μεταστῆσαι
1110 1464 1189 1526 είς
1209 1462 1428 1534 ἑαυτὴν,
1443 1463 1538 1516 τὸν
1558 1463 1740 1534 χιτῶνι

1861 1476 1967 1546 ipsi
2023 1474 2354 1531 induendam
2420 1473 2590 1528 dedit.
2643 1472 2920 1528 Exitiosus
2964 1486 3130 1542 porro
3187 1476 3304 1524 erat
3351 1469 3441 1523 hic

147 1549 259 1603 τοῦ
295 1550 633 1621 ’Ἡρακλέους
666 1552 809 1624 χρίει
840 1553 920 1624 τῷ
949 1555 1145 1624 αἵματι
1167 1554 1262 1608 τοῦ
1295 1555 1528 1619 Νέσσου,
1564 1556 1658 1609 καὶ
1689 1556 1740 1610 δίη

1860 1581 2047 1621 cruor.
2092 1565 2228 1621 Cum
2269 1579 2400 1632 ergo
2437 1564 2748 1634 hujusmodi
2803 1572 3008 1617 vestem
3043 1560 3306 1616 Hercules
3349 1559 3440 1614 in-

146 1642 332 1697 δωσιν
362 1643 682 1697 ἐνδύσασθαι
703 1644 788 1713 τῷ
829 1645 1089 1716 Ἡρακλεῖ
1112 1663 1126 1677 ο
1158 1646 1221 1699 τὸ
1251 1646 1307 1699 δὲ
1339 1641 1409 1717 ἦν
1435 1646 1740 1717 ἀνδροφόνος

1861 1656 2096 1724 duisset,
2135 1657 2318 1712 statim
2345 1670 2648 1710 succensus
2677 1661 2840 1724 atque
2872 1660 3102 1708 exustus
3121 1661 3225 1706 est.
3249 1647 3308 1704 ln
3337 1650 3442 1705 hac

145 1733 220 1786 τὸ
248 1727 418 1804 αἷμα.
463 1733 859 1806 Ἐνδυσαμένου
890 1735 1000 1808 γὰρ
1027 1735 1121 1790 τοῦ
1157 1737 1510 1809 Ἡρακλέους,
1545 1737 1740 1808 ύφῆψεπ

1867 1756 2050 1804 autem
2088 1748 2516 1820 conﬂagratione
2559 1764 2684 1803 cum
2731 1748 2786 1802 in
2826 1746 3190 1817 propinquum
3225 1759 3440 1800 amnem

143 1827 182 1881 ὁ
229 1827 436 1898 χιτὼν,
467 1828 564 1881 καὶ
604 1828 928 1898 κατέφλεξεν
968 1831 1130 1884 αὐτόν
1156 1847 1171 1860 ·
1212 1833 1241 1884 ό
1267 1830 1323 1884 δέ
1346 1831 1636 1900 καιόμενος
1663 1831 1740 1884 κα¹

1862 1857 1922 1898 se
1950 1815 2299 1912 conjecisset,
2330 1842 2559 1897 calidam
2594 1855 2789 1911 aquam
2818 1815 3014 1895 eﬂ'ecit.
3042 1815 3125 1892 Ex
3155 1853 3266 1908 quo
3283 1836 3442 1892 dein-

150 1919 334 1990 ῥίψας
354 1919 546 1972 ἑαυτὸν
572 1920 631 1973 ἐν
653 1919 732 1991 τῷ
768 1920 996 1992 πλησίον
1019 1922 1273 1992 ποταμῷ,
1303 1919 1505 1993 θερμὸν
1525 1922 1586 1975 τὸ
1610 1921 1740 1994 ὕδωρ

1860 1950 1992 2004 ceps
2033 1935 2363 1990 exstiterunt
2411 1932 2791 2005 Thermopylae
2832 1933 2976 1988 inter
3004 1931 3344 1987 Thessaliam
3383 1938 3441 1986 et

146 2012 426 2082 ἐπτοίησεν
458 2029 474 2043 ο
515 2011 574 2076 ἐξ
621 2006 683 2066 οῦ
729 2013 918 2067 λοιπὸν
961 2015 1251 2083 γεγόνασιν
1283 2016 1338 2068 αἱ
1373 2013 1751 2087 Θερμοπύλαι,

149 2100 377 2171 μεταξὺ
407 2100 705 2164 Θετταλίας
733 2101 830 2155 καὶ
859 2103 1118 2167 Φωκίδος.

357 2187 421 2242 δ’.
455 2187 598 2256 Περὶ
629 2187 740 2256 τῆς
772 2188 1050 2256 Πέλοπος
1077 2193 1431 2260 κρεουργίας
1458 2191 1557 2263 (Ι).

227 2279 508 2344 Τάνταλος
556 2280 800 2352 Φρυγίας
829 2276 898 2352 ἦν
949 2280 1231 2351 βασιλεύς·
1265 2274 1422 2345 οὗτος
1453 2283 1616 2354 γεννᾷ
1662 2283 1755 2336 τὸν

147 2371 402 2427 Πέλοπα.
434 2373 620 2444 Τούτῳ
656 2370 732 2443 τῷ
755 2373 1012 2444 Ταντάλῳ
1045 2375 1174 2427 ποτὲ
1203 2375 1253 2428 ot
1283 2375 1395 2428 θεοὶ
1419 2373 1756 2446 ἐπεξενώθη-

151 2482 279 2522 σαν.
313 2465 514 2520 Λαϐὼν
547 2462 640 2521 οὖν
665 2467 757 2520 τὸν
794 2466 1015 2520 Πέλοπα
1045 2467 1137 2520 τὸν
1177 2468 1307 2521 ἴδιον
1339 2468 1453 2521 υἱὸν
1481 2469 1511 2520 ὁ
1549 2469 1757 2524 Τάντα-

148 2559 270 2623 λος,
295 2559 691 2628 κατασφάττει,
728 2561 823 2614 καὶ
855 2563 1167 2633 κρεουργεῖ,
1186 2561 1280 2614 καὶ
1304 2561 1443 2630 ἐψεῖ,
1468 2562 1562 2615 καὶ
1583 2579 1758 2634 παρα-

148 2650 377 2722 τίθησιν
405 2651 638 2722 εὐωχίαν
683 2654 796 2715 τοῖς
842 2651 1005 2716 θεοῖς.
1040 2651 1260 2706 Τούτων
1296 2652 1353 2706 δέ
1385 2652 1494 2706 τῶν
1539 2654 1752 2725 κρεῶν,

1861 2025 2178 2082 Phocidem.

2242 2204 2297 2262 4.
2343 2205 2418 2259 De
2456 2204 2674 2275 Pelopis
2712 2204 3022 2259 lanialione.

1931 2295 2197 2352 Tantalus
2230 2313 2323 2352 rex
2356 2307 2473 2351 erat
2503 2297 2770 2368 Phrygiae.
2818 2297 3072 2367 Pelopem
3117 2296 3323 2366 genuit.
3357 2295 3442 2350 Ab

1861 2390 1971 2445 hoc
2017 2389 2251 2446 Tantalo
2299 2389 2374 2444 dii
2426 2390 2703 2460 quondam
2758 2389 2996 2460 hospitio
3043 2389 3248 2459 recepti
3287 2397 3438 2443 sunt.

1861 2483 2097 2538 Sumens
2131 2497 2263 2553 ergo
2296 2483 2465 2536 ﬁlium
2501 2498 2662 2537 suum
2697 2481 2949 2551 Pelopem
2982 2479 3267 2545 Tantalus,
3319 2494 3440 2533 ma-

1861 2583 1994 2642 ctat,
2038 2574 2229 2642 laniat,
2273 2575 2461 2646 coquit
2493 2568 2824 2645 apponitque
2851 2573 2957 2628 diis
2988 2575 3044 2626 in
3077 2572 3285 2627 cibum.
3322 2569 3431 2626 Ce-

1859 2684 1949 2724 res
1979 2683 2104 2723 cum
2147 2683 2313 2724 manu
2339 2683 2402 2722 ex
2431 2667 2535 2723 hoc
2567 2667 2691 2722 cibo
2730 2667 3084 2738 sumpsisset,
3115 2681 3182 2720 ex
3210 2665 3440 2718 humero

145 2743 188 2813 ἡ
225 2742 500 2814 Δημήτηρ
539 2741 776 2812 βαλοῦσα
815 2745 975 2815 χεῖρα
1000 2783 1015 2808 ,
1046 2742 1205 2796 ἔλαϐε
1259 2743 1356 2798 καὶ
1391 2745 1596 2813 ἔφαγεν
1646 2745 1740 2798 άπί

1865 2759 2122 2815 comedit.
2171 2759 2365 2815 Caeteri
2401 2769 2580 2814 autem
2612 2759 2709 2824 dii,
2761 2755 3140 2813 misericordia
3173 2755 3438 2810 commoti

147 2833 253 2889 τοῦ
279 2832 437 2905 ὤμου
463 2850 479 2865 ο
509 2835 558 2888 ot
586 2835 643 2889 δὲ
664 2835 814 2890 ἄλλοι
841 2835 956 2889 θεοὶ
995 2835 1316 2906 ἐλεήσαντες
1339 2836 1431 2889 τὸν
1457 2836 1751 2905 Τάνταλον,

148 2924 253 2978 καὶ
283 2923 666 2994 θαυμάσαντες
702 2926 785 2978 ὅτι
813 2923 909 2979 τοῦ
945 2926 1135 2989 παιδὸς
1165 2926 1330 2980 αὐτοῦ
1357 2928 1750 3000 κατεφρόνησε,

1867 2851 2237 2922 admiratique
2276 2849 2423 2923 quod
2455 2848 2718 2906 Tantalus
2766 2849 2990 2920 probrio
3036 2847 3152 2902 lilio
3199 2861 3307 2901 non
3340 2861 3438 2914 pe-

1861 2941 2149 3012 percisset,
2189 2955 2384 2996 carnes
2436 2941 2782 3010 coniungunt
2823 2941 3148 3010 salvumque
3181 2936 3436 3007 Pelopem

152 3010 478 3098 συντιθέασι
496 3011 566 3065 τὰ
588 3013 746 3084 κρέα.
767 3015 860 3068 καὶ
876 3015 1200 3068 ἀποτελοῦσι
1227 3016 1366 3069 σῶον
1392 3017 1484 3070 τὸν
1511 3017 1740 3074 Πέλοπα.

1858 3009 2084 3088 iaciunt.
2118 3031 2312 3088 Deerat
2340 3041 2521 3088 autem
2543 3009 2917 3088 hocifrustum
2939 3046 3003 3086 ex
3031 3031 3260 3085 humero
3288 3028 3438 3098 quod

147 3097 268 3156 ’Ἦν
296 3102 355 3156 δὲ
384 3103 569 3158 λεῖπον
598 3107 776 3159 ἐκεῖνο
807 3107 836 3160 δ
864 3107 1065 3176 ἔφαγεν
1094 3110 1159 3162 ἐκ
1191 3107 1286 3162 τοῦ
1324 3108 1476 3180 ὦμου
1506 3111 1540 3180 ἠ
1567 3111 1752 3183 Δημή-

146 3209 284 3265 τηρ.
316 3195 656 3266 Προσθέντες
685 3194 779 3254 οὖν
819 3200 1164 3271 ἐλεφάντινόν
1186 3219 1238 3256 τι
1275 3201 1419 3256 κατὰ
1455 3202 1546 3256 τὸν
1575 3197 1748 3274 ὦμον,

151 3285 489 3357 ἐπλήρωσαν
521 3289 661 3342 σῶον
681 3290 774 3343 τὸν
819 3291 1058 3346 Πέλοπα.
1088 3291 1244 3346 Οὕτω
1275 3287 1368 3347 οὖν
1391 3292 1575 3346 λοιπὸν
1603 3292 1749 3347 ἅπαν

148 3377 215 3429 ὠ
252 3378 565 3434 Πελοπιδῶν
593 3381 749 3451 γένος
773 3383 838 3436 ὲκ
871 3383 1067 3437 τούτου
1095 3380 1170 3456 ἦν
1191 3385 1481 3456 ἐπίσημον,
1517 3385 1750 3458 ἐχόντων

150 3470 380 3524 πάντων
417 3472 476 3524 ἐν
513 3474 624 3536 τοῖς
659 3471 837 3542 ὤμοις·
856 3475 948 3527 τὸν
979 3473 1324 3543 ἐλεφάντινον
1357 3476 1541 3530 τόπον.

389 3568 451 3615 ε’.
474 3562 620 3630 Περὶ
660 3561 769 3634 τῆς
800 3564 920 3619 τῶν
959 3565 1215 3635 Φρυγῶν
1239 3566 1516 3636 ἐκτομῆς.

224 3651 388 3706 Κατὰ
409 3653 511 3723 τὴν
535 3655 782 3725 Φρυγίαν
809 3655 1063 3710 ἐσέϐοντο
1090 3657 1191 3728 τὴν
1219 3657 1435 3729 μητέρα
1466 3657 1575 3711 τῶν
1609 3658 1747 3712 θεῶν

150 3744 252 3816 τὴν
302 3743 456 3799 Ῥέαν
486 3745 627 3816 ὑπὲρ
668 3745 845 3800 πάντα
877 3745 1018 3802 θεόν.
1047 3747 1234 3822 Ταύτῃ
1270 3744 1363 3802 οὖν
1402 3749 1501 3813 τὰς
1526 3749 1748 3814 τελετὰς

153 3836 439 3901 ποιοῦντες
462 3839 511 3891 οί
536 3837 768 3910 Φρύγες,
798 3840 1134 3911 κατέτεμνον
1165 3841 1394 3905 ἑαυτοὺς
1425 3841 1744 3913 μαχαίραις,

151 3931 255 3983 οὐκ
279 3931 598 3984 ἀποκτεῖναι
620 3930 1073 3998 ἐθέλοντες,άλλὰ
1103 3933 1262 4004 μόνον
1290 3934 1542 4005 αἱμάξαι.
1575 3934 1746 3988 Τοῦτο

149 4022 210 4080 δὲ
241 4023 460 4077 ἐποίουν
512 4023 842 4095 κηλούμενοι
891 4025 1094 4089 αὐλοῖς,
1136 4026 1224 4079 ἵνα
1274 4027 1491 4090 ἀπόνως
1536 4025 1745 4098 φέρωσι

150 4116 537 4188 πληττόμενοι.
577 4119 734 4172 Μετὰ
777 4117 835 4173 δὲ
877 4118 978 4182 τὰς
1031 4118 1282 4189 πληγὰς.
1315 4118 1454 4191 πρὸς
1493 4119 1744 4192 ἀκαθάρ-

149 4221 280 4268 τους
321 4203 496 4275 μίξεις
545 4204 820 4278 ἐχώρουν,
855 4206 1133 4276 γυναικῶν
1170 4208 1241 4281 δὴ
1289 4208 1462 4278 λέγω,
1497 4210 1597 4263 οὐκ
1647 4210 1743 4262 ἀν-

151 4295 327 4354 δρῶν..

183 4347 206 4368 Γ
227 4347 254 4348 Π
606 4375 680 4434 ς’.
705 4369 850 4439 Περὶ
893 4371 1001 4424 τοῦ
1037 4371 1286 4442 Μίθρου.

225 4459 302 4528 (2)
318 4459 378 4512 Ὀ
401 4460 583 4513 τοίνυν
615 4461 831 4534 Μίθρας
861 4463 1142 4534 νομίζεται
1164 4464 1315 4532 παρὰ
1343 4464 1580 4536 Πέρσαις
1603 4459 1742 4518 εἶναι

150 4551 179 4602 ὁ
205 4551 377 4623 ἥλιος,
404 4554 499 4606 καὶ
527 4553 875 4619 θυσιάζουσιν
906 4555 1071 4626 αύτῷ,
1101 4557 1194 4610 καὶ¹
1233 4556 1447 4609 τελοῦσι
1477 4574 1630 4620 τινας
1647 4575 1738 4610 τε-

149 4641 314 4707 λετάς
344 4647 424 4710 εἰς
455 4646 644 4704 αὐτόν..
670 4649 745 4700 Οὐ
777 4648 1000 4704 δύναται
1034 4645 1130 4704 οὖν
1163 4668 1246 4714 τις
1279 4652 1358 4714 είς
1399 4651 1562 4704 αὐτὸν
1599 4651 1743 4705 τελε-

151 4737 370 4808 σθῆναι,
400 4739 450 4790 εί
496 4738 582 4815 μὴ.
610 4739 877 4811 πρότερον
913 4741 1001 4795 διὰ
1042 4741 1152 4796 τῶν
1182 4742 1407 4818 βαθμῶν
1436 4744 1543 4795 τῶν
1577 4743 1738 4798 κολά-

150 4842 291 4879 σεων
322 4827 604 4897 παρέλθοι,
649 4828 856 4900 Βαθμοὶ
891 4830 948 4883 δέ
989 4833 1094 4885 είσι
1140 4831 1450 4897 κολάσεων,
1489 4832 1580 4886 τόν
1641 4835 1739 4902 μὲν

147 4915 384 4987 άριθμδν
414 4919 764 4989 ὀγδοήκοντα,
789 4919 1003 4992 ἔχοντες
1027 4922 1084 4976 δὲ
1115 4923 1381 4982 ὑπόϐασιν
1415 4924 1508 4976 καὶ
1531 4923 1737 4978 ἀνάϐα-

150 5024 257 5061 σιν.
289 5009 623 5073 Κολάζονται
660 5012 769 5082 γὰρ
804 5012 1018 5081 πρῶτον
1051 5011 1149 5076 τὰς
1187 5013 1577 5090 ἐλαφροτέρας,
1619 5009 1738 5067 εἶτα

147 5098 248 5160 τὰς
277 5097 715 5171 δραστικωτέρας
735 5119 749 5132 ·
776 5103 871 5160 καί¹
894 5098 993 5161 εἷθ’
1014 5102 1156 5160 οῦτω
1191 5105 1328 5178 μετᾶ
1359 5105 1419 5157 τὸ
1447 5104 1739 5174 παρελθεῖν

146 5187 235 5240 διὰ
262 5189 451 5242 πασῶν
474 5190 580 5245 τῶν
607 5192 914 5258 κολάσεων,
933 5194 1052 5251 τότε
1083 5195 1313 5256 τελεῖται
1339 5197 1368 5248 ό
1397 5195 1734 5267 τελούμενος.

147 5280 214 5330 Ai
261 5278 318 5332 δὲ
352 5281 603 5346 κολάσεις
633 5284 761 5348 εἰσὶ,
787 5284 850 5338 τὸ
876 5283 967 5338 διὰ
1009 5286 1181 5356 πυρὸς
1210 5285 1518 5361 παρελθεῖν,
1553 5287 1614 5340 τὸ
1647 5287 1737 5340 διὰ

140 5369 371 5446 κρύους,
393 5371 481 5426 διὰ
511 5375 702 5445 πείνης
734 5377 827 5430 καὶ
853 5377 1031 5448 δίψης,
1063 5377 1152 5431 διὰ
1173 5378 1482 5449 ὁδοιπορίας
1512 5378 1733 5450 πολλῆς,

148 5461 244 5516 καὶ
276 5462 464 5526 ἁπλῶς
496 5463 586 5516 διὰ
615 5464 806 5519 πασῶν
832 5466 940 5520 τῶν
971 5467 1248 5524 τοιούτων.

324 5553 390 5617 ζ’.
423 5555 562 5622 Περὶ
591 5554 704 5622 τῆς
736 5556 807 5609 ἐν
832 5559 1075 5627 Ταύροις
1114 5559 1518 5624 ξενοκτονίας.

217 5642 423 5714 Ταῦροι
460 5645 610 5710 ἔθνος
650 5648 766 5701 ἐστὶ
799 5650 928 5721 περὶ
963 5649 1060 5721 τὴν
1107 5650 1362 5705 Σκυθίαν.
1401 5652 1489 5704 Ἐν
1519 5650 1731 5717 τούτοις

151 5735 417 5806 μςτετέθη
442 5736 547 5790 ὑπὸ
571 5738 671 5809 τῆς
709 5739 1020 5810 Ἀρτέμιδος
1047 5740 1347 5812 ὴθυγάτηρ
1393 5741 1729 5813 Ἀγαμέμνο-

221 5845 302 5917 (1)
336 5845 616 5906 Scholiunt
647 5850 750 5910 hoc
774 5851 1046 5911 omittitur
1077 5855 1141 5912 in
1161 5853 1402 5914 editione
1425 5853 1588 5915 Billii'.

1851 3123 2166 3178 comederat
2216 3124 2404 3180 Ceres.
2438 3122 2714 3179 Addentes
2751 3138 2882 3193 ergo
2912 3121 2986 3178 dii
3017 3119 3222 3191 aliquid
3251 3119 3436 3175 eboris

1854 3217 2084 3273 humero
2121 3217 2371 3288 Pelopem
2405 3219 2678 3287 integrum
2720 3218 3102 3272 restituerunt.
3132 3213 3259 3270 Ideo
3287 3229 3439 3269 nunc

1849 3325 2032 3382 genus
2079 3308 2404 3380 Pelopidum
2433 3324 2498 3364 ex
2529 3309 2634 3364 hoc
2663 3307 2922 3379 deinceps
2962 3307 3063 3362 fuit
3094 3306 3436 3376 insignitum,

1852 3401 2112 3457 omnibus
2158 3400 2213 3455 in
2249 3401 2481 3456 humero
2530 3399 2864 3455 habentibus
2895 3398 3076 3453 locum
3107 3398 3435 3454 eburneum.

2237 3560 2292 3615 5.
2339 3558 2414 3613 De
2434 3557 2705 3630 Phrygum
2733 3559 3047 3613 exactione.

1920 3657 1982 3711 In
2012 3654 2249 3726 Phrygia
2278 3670 2390 3725 prae
2419 3653 2634 3708 caeteris
2666 3651 2776 3709 diis
2809 3652 3093 3708 colebatur
3123 3649 3277 3705 Rhea
3317 3663 3436 3704 ma-

1848 3758 1932 3804 ter
1960 3748 2217 3804 deorum.
2272 3749 2331 3801 ln
2379 3746 2546 3816 hujus
2575 3760 2706 3815 ergo
2751 3745 2927 3800 sacris
2962 3743 3207 3816 Phryges
3241 3742 3438 3798 cultris

1848 3842 2062 3910 seipsos
2112 3837 2454 3904 incidebant,
2505 3852 2616 3892 non
2649 3845 2709 3892 ut
2752 3837 2858 3893 sibi
2911 3851 3104 3891 necem
3151 3834 3434 3900 afferrent,

1849 3930 1944 3984 sed
1977 3936 2035 3984 ut
2057 3929 2384 4000 sanguinem
2413 3927 2683 3982 duntaxat
2704 3927 3076 3982 extraherent.
3105 3924 3221 3980 Hoc
3252 3933 3434 3980 autem

1849 4037 1976 4075 cum
2026 4021 2326 4087 faciebant,
2378 4020 2528 4075 tibiis
2563 4019 2996 4085 deliniebantur,
3027 4026 3088 4074 ut
3136 4019 3278 4074 ictus
3317 4019 3437 4075 sine

1844 4112 2054 4168 doloris
2088 4127 2253 4168 sensu
2282 4111 2608 4183 perferrent.
2631 4110 2762 4167 Post
2795 4111 2984 4182 plagas
3013 4124 3146 4166 vero
3161 4110 3228 4164 ad
3252 4110 3432 4178 impu-

1846 4223 1938 4262 ros
1973 4215 2027 4263 et
2060 4205 2302 4261 nefarios
2325 4205 2658 4260 concubitus
2679 4205 2935 4272 ruebant,
2960 4203 3252 4260 mulierum
3281 4205 3432 4271 dico,

1847 4313 1957 4353 non
1985 4299 2255 4352 virorum.

2409 4367 2463 4421 6.
2509 4365 2586 4420 De
2632 4363 2856 4420 Ilithra.

1913 4458 2016 4514 Hic
2047 4459 2244 4513 Mithra
2272 4459 2414 4529 apud
2440 4457 2639 4514 Persas
2670 4460 2753 4514 sol
2783 4475 2910 4515 esse
2939 4459 3311 4526 existimatur,
3345 4460 3427 4515 ei-

1845 4565 1952 4620 que
1983 4551 2235 4606 victimas
2262 4549 2571 4618 immolant,
2600 4565 2665 4605 ac
2697 4565 2854 4605 sacra
2887 4550 3140 4622 quaedam
3171 4552 3224 4606 in
3253 4552 3429 4624 ipsius

1842 4643 2108 4698 honorem
2152 4641 2384 4697 faciunt.
2421 4642 2616 4698 Nullus
2650 4658 2814 4714 porro
2865 4644 3043 4714 ipsius
3091 4645 3267 4701 sacris
3315 4646 3426 4699 ini-

1845 4735 1971 4789 tiari
2003 4741 2204 4806 potest,
2239 4734 2344 4789 nisi
2376 4733 2532 4805 prius
2564 4750 2660 4805 per
2697 4735 2972 4806 quasdam
3021 4737 3417 4806 suppliciorum

1843 4828 2045 4897 gradus
2077 4828 2379 4882 transierit.
2431 4825 2570 4881 Sunt
2619 4835 2802 4881 autem
2844 4835 3243 4883 tormentorum
3286 4845 3418 4900 gra-

1842 4919 1945 4975 dus
1971 4920 2277 4990 octoginta,
2328 4918 2529 4990 partim
2577 4918 2948 4985 remissiores,
2987 4920 3185 4990 partim
3239 4921 3423 4975 inten-

1843 5012 2035 5067 tiores.
2069 5011 2318 5066 Primum
2362 5011 2508 5066 enim
2543 5009 2840 5066 levioribus
2887 5011 3196 5082 suppliciis,
3225 5011 3425 5067 deinde

1842 5103 2156 5159 acrioribus
2186 5102 2518 5168 alliciuntur,
2543 5111 2710 5173 atque
2731 5103 2805 5157 ita
2839 5112 2963 5174 post
2985 5104 3218 5158 decursa
3238 5105 3424 5159 omnia

1843 5205 2116 5252 tormenta
2163 5197 2340 5267 ipsius
2375 5199 2556 5252 sacris
2601 5197 2940 5252 imbuuntur.
2991 5197 3106 5268 lgni
3136 5197 3338 5268 quippe
3367 5207 3422 5252 et

1844 5305 1985 5360 aqua
2014 5297 2181 5361 atque
2207 5290 2528 5361 hujusmodi
2565 5290 2960 5361 suppliciorum
2992 5292 3291 5363 generibus
3319 5306 3419 5347 cs-

1838 5393 2178 5436 crucrantur.

2079 5562 2128 5616 7.
2178 5561 2264 5616 De
2287 5563 2551 5632 hospi-tum
2583 5564 2724 5618 caede
2755 5564 2896 5632 apud
2929 5565 3138 5619 Tauros

1908 5651 2072 5707 Tauri
2111 5654 2292 5722 populi
2332 5661 2468 5708 sunt-
2491 5654 2642 5708 circa
2689 5654 2996 5724 Scythiam.
3043 5654 3204 5725 Apud
3247 5669 3346 5710 eos
3380 5667 3411 5709 a

1837 5743 2008 5798 Diana
2047 5745 2313 5799 translata
2351 5752 2437 5800 est
2477 5743 2764 5814 Iphigenia.
2796 5743 3229 5815 Agamemnonis
3275 5745 3411 5808 lilia,

1906 5855 1984 5930 (ﬁ)
2012 5857 2220 5916 Similia
2253 5873 2405 5915 nutu.
2435 5856 2504 5914 47
2537 5858 2704 5916 intra.
