  <div class='ocr_page' id='page_1' title='image "/cluster/home/n/w/nwhite01/storage/ocr_20150623/36/nnc1.0022377409/537.png"; bbox 0 0 3856 6220; ppageno 0'>
   <div class='ocr_carea' id='block_1_1' title="bbox 434 319 3709 382">
    <p class='ocr_par' dir='ltr' id='par_1_1' title="bbox 434 319 3709 382">
     <span class='ocr_line' id='line_1_1' title="bbox 434 319 3709 382; baseline -0.002 0"><span class='ocrx_word' id='word_1_1' title='bbox 434 319 532 374; x_wconf 75' lang='grc'><strong>991</strong></span> <span class='ocrx_word' id='word_1_2' title='bbox 1808 324 2093 382; x_wconf 79' lang='lat' dir='ltr'><strong>NONNUS</strong></span> <span class='ocrx_word' id='word_1_3' title='bbox 2141 323 2352 378; x_wconf 73' lang='lat' dir='ltr'><strong>\BBAS</strong></span> <span class='ocrx_word' id='word_1_4' title='bbox 3602 320 3709 375; x_wconf 73' lang='lat'><strong>992</strong></span> 
     </span>
    </p>
   </div>
   <div class='ocr_carea' id='block_1_2' title="bbox 441 437 2026 514">
    <p class='ocr_par' dir='ltr' id='par_1_2' title="bbox 441 438 2022 512">
     <span class='ocr_line' id='line_1_2' title="bbox 441 438 2022 512; baseline 0.001 -18"><span class='ocrx_word' id='word_1_5' title='bbox 441 455 566 494; x_wconf 88' lang='lat' dir='ltr'><strong>eum</strong></span> <span class='ocrx_word' id='word_1_6' title='bbox 616 440 671 494; x_wconf 91' lang='lat' dir='ltr'><strong>in</strong></span> <span class='ocrx_word' id='word_1_7' title='bbox 721 438 912 495; x_wconf 79' lang='lat' dir='ltr'><strong>Aulide</strong></span> <span class='ocrx_word' id='word_1_8' title='bbox 957 440 1072 509; x_wconf 85' lang='lat' dir='ltr'><strong>jam</strong></span> <span class='ocrx_word' id='word_1_9' title='bbox 1129 441 1354 512; x_wconf 89' lang='lat' dir='ltr'><strong>jamque</strong></span> <span class='ocrx_word' id='word_1_10' title='bbox 1401 458 1431 496; x_wconf 89' lang='lat' dir='ltr'><strong>a</strong></span> <span class='ocrx_word' id='word_1_11' title='bbox 1480 441 1688 499; x_wconf 60' lang='lat' dir='ltr'><strong>Gracis</strong></span> <span class='ocrx_word' id='word_1_12' title='bbox 1736 445 2022 498; x_wconf 75' lang='lat' dir='ltr'><strong>mactanda</strong></span> 
     </span>
    </p>
   </div>
   <div class='ocr_carea' id='block_1_3' title="bbox 2136 437 3704 514">
    <p class='ocr_par' dir='ltr' id='par_1_3' title="bbox 2136 437 3704 514">
     <span class='ocr_line' id='line_1_3' title="bbox 2136 437 3704 514; baseline -0.004 -17"><span class='ocrx_word' id='word_1_13' title='bbox 2136 462 2214 508; x_wconf 76' lang='grc' dir='ltr'><strong>νος</strong></span> <span class='ocrx_word' id='word_1_14' title='bbox 2254 446 2286 514; x_wconf 86' lang='grc' dir='ltr'><strong>ἡ</strong></span> <span class='ocrx_word' id='word_1_15' title='bbox 2330 443 2638 512; x_wconf 82' lang='grc' dir='ltr'>Ἰφιγένεια,</span> <span class='ocrx_word' id='word_1_16' title='bbox 2671 443 2729 496; x_wconf 84' lang='grc' dir='ltr'><strong>ἐν</strong></span> <span class='ocrx_word' id='word_1_17' title='bbox 2753 439 2832 512; x_wconf 79' lang='grc' dir='ltr'><strong>τῷ</strong></span> <span class='ocrx_word' id='word_1_18' title='bbox 2863 439 3076 512; x_wconf 81' lang='grc' dir='ltr'><strong>μέλλειν</strong></span> <span class='ocrx_word' id='word_1_19' title='bbox 3107 438 3276 509; x_wconf 81' lang='grc' dir='ltr'>αὐτὴν</span> <span class='ocrx_word' id='word_1_20' title='bbox 3305 437 3531 492; x_wconf 73' lang='grc' dir='ltr'>θύεσθαι</span> <span class='ocrx_word' id='word_1_21' title='bbox 3569 439 3704 509; x_wconf 80' lang='grc' dir='ltr'>ὑπὲρ</span> 
     </span>
    </p>
   </div>
   <div class='ocr_carea' id='block_1_4' title="bbox 442 524 2026 606">
    <p class='ocr_par' dir='ltr' id='par_1_4' title="bbox 442 532 2020 606">
     <span class='ocr_line' id='line_1_4' title="bbox 442 532 2020 606; baseline 0.004 -21"><span class='ocrx_word' id='word_1_22' title='bbox 442 538 610 595; x_wconf 88' lang='lat' dir='ltr'><strong>esset,</strong></span> <span class='ocrx_word' id='word_1_23' title='bbox 651 532 758 586; x_wconf 86' lang='lat' dir='ltr'><strong>nisi</strong></span> <span class='ocrx_word' id='word_1_24' title='bbox 807 533 910 602; x_wconf 87' lang='lat' dir='ltr'><strong>ipsi</strong></span> <span class='ocrx_word' id='word_1_25' title='bbox 945 533 1045 588; x_wconf 90' lang='lat' dir='ltr'><strong>dea</strong></span> <span class='ocrx_word' id='word_1_26' title='bbox 1089 535 1356 588; x_wconf 87' lang='lat' dir='ltr'><strong>vicarium</strong></span> <span class='ocrx_word' id='word_1_27' title='bbox 1392 549 1612 589; x_wconf 82' lang='lat' dir='ltr'><strong>cervum</strong></span> <span class='ocrx_word' id='word_1_28' title='bbox 1669 552 1768 606; x_wconf 92' lang='lat' dir='ltr'><strong>pro</strong></span> <span class='ocrx_word' id='word_1_29' title='bbox 1799 539 2020 592; x_wconf 89' lang='lat' dir='ltr'><strong>victima</strong></span> 
     </span>
    </p>
   </div>
   <div class='ocr_carea' id='block_1_5' title="bbox 2136 524 3704 606">
    <p class='ocr_par' dir='ltr' id='par_1_5' title="bbox 2136 524 3704 604">
     <span class='ocr_line' id='line_1_5' title="bbox 2136 524 3704 604; baseline -0.004 -18"><span class='ocrx_word' id='word_1_30' title='bbox 2136 535 2230 587; x_wconf 84' lang='grc' dir='ltr'><strong>ιῶν</strong></span> <span class='ocrx_word' id='word_1_31' title='bbox 2275 534 2539 604; x_wconf 83' lang='grc' dir='ltr'>Ἐλλήνων</span> <span class='ocrx_word' id='word_1_32' title='bbox 2565 533 2624 586; x_wconf 83' lang='grc' dir='ltr'><strong>ἐν</strong></span> <span class='ocrx_word' id='word_1_33' title='bbox 2656 535 2720 602; x_wconf 83' lang='grc' dir='ltr'><strong>τῇ</strong></span> <span class='ocrx_word' id='word_1_34' title='bbox 2756 531 2939 586; x_wconf 80' lang='grc' dir='ltr'>Αὐλίδι</span> <span class='ocrx_word' id='word_1_35' title='bbox 2969 547 2982 558; x_wconf 88' lang='grc'><strong>·</strong></span> <span class='ocrx_word' id='word_1_36' title='bbox 3015 529 3154 599; x_wconf 81' lang='grc' dir='ltr'>ὑπὲρ</span> <span class='ocrx_word' id='word_1_37' title='bbox 3180 524 3248 600; x_wconf 82' lang='grc' dir='ltr'><strong>ῆς</strong></span> <span class='ocrx_word' id='word_1_38' title='bbox 3285 528 3481 597; x_wconf 73' lang='grc' dir='ltr'>ἔλαφον</span> <span class='ocrx_word' id='word_1_39' title='bbox 3511 530 3547 598; x_wconf 85' lang='grc' dir='ltr'>ὴ</span> <span class='ocrx_word' id='word_1_40' title='bbox 3588 527 3704 591; x_wconf 75' lang='grc' dir='ltr'>θεδς</span> 
     </span>
    </p>
   </div>
   <div class='ocr_carea' id='block_1_6' title="bbox 443 623 2022 696">
    <p class='ocr_par' dir='ltr' id='par_1_6' title="bbox 443 623 2022 696">
     <span class='ocr_line' id='line_1_6' title="bbox 443 623 2022 696; baseline 0.004 -17"><span class='ocrx_word' id='word_1_41' title='bbox 443 623 849 692; x_wconf 71' lang='lat' dir='ltr'><strong>supposuisset.</strong></span> <span class='ocrx_word' id='word_1_42' title='bbox 878 625 1014 680; x_wconf 90' lang='lat' dir='ltr'><strong>Cum</strong></span> <span class='ocrx_word' id='word_1_43' title='bbox 1043 641 1172 696; x_wconf 81' lang='lat' dir='ltr'><strong>ergo</strong></span> <span class='ocrx_word' id='word_1_44' title='bbox 1203 624 1480 696; x_wconf 77' lang='lat' dir='ltr'><strong>Iphigenia</strong></span> <span class='ocrx_word' id='word_1_45' title='bbox 1513 626 1656 696; x_wconf 87' lang='lat' dir='ltr'><strong>apud</strong></span> <span class='ocrx_word' id='word_1_46' title='bbox 1692 627 1908 684; x_wconf 84' lang='lat' dir='ltr'><strong>Tauros</strong></span> <span class='ocrx_word' id='word_1_47' title='bbox 1935 645 2022 684; x_wconf 87' lang='lat' dir='ltr'><strong>es-</strong></span> 
     </span>
    </p>
   </div>
   <div class='ocr_carea' id='block_1_7' title="bbox 446 715 2019 789">
    <p class='ocr_par' dir='ltr' id='par_1_7' title="bbox 446 715 2019 789">
     <span class='ocr_line' id='line_1_7' title="bbox 446 715 2019 789; baseline 0.002 -21"><span class='ocrx_word' id='word_1_48' title='bbox 446 721 552 778; x_wconf 90' lang='lat' dir='ltr'><strong>set,</strong></span> <span class='ocrx_word' id='word_1_49' title='bbox 597 729 666 770; x_wconf 90' lang='lat' dir='ltr'><strong>ne</strong></span> <span class='ocrx_word' id='word_1_50' title='bbox 712 715 780 769; x_wconf 87' lang='lat' dir='ltr'><strong>ab</strong></span> <span class='ocrx_word' id='word_1_51' title='bbox 829 716 1160 786; x_wconf 86' lang='lat' dir='ltr'><strong>hospitibus,</strong></span> <span class='ocrx_word' id='word_1_52' title='bbox 1190 719 1285 788; x_wconf 90' lang='lat' dir='ltr'><strong>qui</strong></span> <span class='ocrx_word' id='word_1_53' title='bbox 1335 734 1400 773; x_wconf 90' lang='lat' dir='ltr'><strong>eo</strong></span> <span class='ocrx_word' id='word_1_54' title='bbox 1447 717 1812 788; x_wconf 85' lang='lat' dir='ltr'><strong>appellebant,</strong></span> <span class='ocrx_word' id='word_1_55' title='bbox 1849 734 2019 789; x_wconf 81' lang='lat' dir='ltr'><strong>agno-</strong></span> 
     </span>
    </p>
   </div>
   <div class='ocr_carea' id='block_1_8' title="bbox 445 806 2014 881">
    <p class='ocr_par' dir='ltr' id='par_1_8' title="bbox 445 806 2014 881">
     <span class='ocr_line' id='line_1_8' title="bbox 445 806 2014 881; baseline 0.003 -23"><span class='ocrx_word' id='word_1_56' title='bbox 445 813 715 869; x_wconf 84' lang='lat' dir='ltr'><strong>sceretur,</strong></span> <span class='ocrx_word' id='word_1_57' title='bbox 745 806 954 862; x_wconf 87' lang='lat' dir='ltr'><strong>idcirco</strong></span> <span class='ocrx_word' id='word_1_58' title='bbox 996 822 1094 862; x_wconf 91' lang='lat' dir='ltr'><strong>eos</strong></span> <span class='ocrx_word' id='word_1_59' title='bbox 1127 808 1312 864; x_wconf 67' lang='lat' dir='ltr'><strong>Dianae</strong></span> <span class='ocrx_word' id='word_1_60' title='bbox 1337 810 1608 864; x_wconf 91' lang='lat' dir='ltr'><strong>immolari</strong></span> <span class='ocrx_word' id='word_1_61' title='bbox 1650 811 2014 881; x_wconf 90' lang='lat' dir='ltr'><strong>permittebat.</strong></span> 
     </span>
    </p>
   </div>
   <div class='ocr_carea' id='block_1_9' title="bbox 443 889 2018 968">
    <p class='ocr_par' dir='ltr' id='par_1_9' title="bbox 443 889 2018 968">
     <span class='ocr_line' id='line_1_9' title="bbox 443 889 2018 968; baseline 0.006 -26"><span class='ocrx_word' id='word_1_62' title='bbox 443 889 623 960; x_wconf 82' lang='lat' dir='ltr'><strong>Atque</strong></span> <span class='ocrx_word' id='word_1_63' title='bbox 665 891 780 946; x_wconf 67' lang='lat' dir='ltr'><strong>haec</strong></span> <span class='ocrx_word' id='word_1_64' title='bbox 817 901 900 947; x_wconf 92' lang='lat' dir='ltr'><strong>est</strong></span> <span class='ocrx_word' id='word_1_65' title='bbox 929 894 1208 964; x_wconf 88' lang='lat' dir='ltr'><strong>hospitum</strong></span> <span class='ocrx_word' id='word_1_66' title='bbox 1242 898 1440 963; x_wconf 68' lang='lat' dir='ltr'><strong>caedes,</strong></span> <span class='ocrx_word' id='word_1_67' title='bbox 1485 899 1646 968; x_wconf 82' lang='lat' dir='ltr'><strong>cujus</strong></span> <span class='ocrx_word' id='word_1_68' title='bbox 1692 899 2018 954; x_wconf 88' lang='lat' dir='ltr'><strong>mentionem</strong></span> 
     </span>
    </p>
   </div>
   <div class='ocr_carea' id='block_1_10' title="bbox 444 981 2021 1053">
    <p class='ocr_par' dir='ltr' id='par_1_10' title="bbox 444 981 2021 1053">
     <span class='ocr_line' id='line_1_10' title="bbox 444 981 2021 1053; baseline 0.008 -20"><span class='ocrx_word' id='word_1_69' title='bbox 444 981 744 1053; x_wconf 77' lang='lat' dir='ltr'><strong>Gregorius</strong></span> <span class='ocrx_word' id='word_1_70' title='bbox 789 983 938 1039; x_wconf 81' lang='lat' dir='ltr'><strong>facit.</strong></span> <span class='ocrx_word' id='word_1_71' title='bbox 1002 985 1200 1042; x_wconf 86' lang='lat' dir='ltr'><strong>Postea</strong></span> <span class='ocrx_word' id='word_1_72' title='bbox 1253 999 1433 1043; x_wconf 89' lang='lat' dir='ltr'><strong>autem</strong></span> <span class='ocrx_word' id='word_1_73' title='bbox 1491 1006 1616 1044; x_wconf 89' lang='lat' dir='ltr'><strong>cum</strong></span> <span class='ocrx_word' id='word_1_74' title='bbox 1676 989 1901 1045; x_wconf 86' lang='lat' dir='ltr'><strong>Orestes</strong></span> <span class='ocrx_word' id='word_1_75' title='bbox 1953 991 2021 1045; x_wconf 90' lang='lat' dir='ltr'><strong>ab</strong></span> 
     </span>
    </p>
   </div>
   <div class='ocr_carea' id='block_1_11' title="bbox 445 1071 2023 1150">
    <p class='ocr_par' dir='ltr' id='par_1_11' title="bbox 445 1071 2023 1150">
     <span class='ocr_line' id='line_1_11' title="bbox 445 1071 2023 1150; baseline 0.006 -26"><span class='ocrx_word' id='word_1_76' title='bbox 445 1071 756 1144; x_wconf 77' lang='lat' dir='ltr'><strong>Erynnibus</strong></span> <span class='ocrx_word' id='word_1_77' title='bbox 785 1077 1206 1145; x_wconf 88' lang='lat' dir='ltr'><strong>perterrefactus</strong></span> <span class='ocrx_word' id='word_1_78' title='bbox 1237 1089 1396 1147; x_wconf 89' lang='lat' dir='ltr'><strong>atque</strong></span> <span class='ocrx_word' id='word_1_79' title='bbox 1427 1082 1666 1150; x_wconf 80' lang='lat' dir='ltr'><strong>agitatus</strong></span> <span class='ocrx_word' id='word_1_80' title='bbox 1703 1083 1767 1136; x_wconf 90' lang='lat' dir='ltr'><strong>ad</strong></span> <span class='ocrx_word' id='word_1_81' title='bbox 1811 1081 2023 1135; x_wconf 86' lang='lat' dir='ltr'><strong>Tauros</strong></span> 
     </span>
    </p>
   </div>
   <div class='ocr_carea' id='block_1_12' title="bbox 443 1166 2020 1242">
    <p class='ocr_par' dir='ltr' id='par_1_12' title="bbox 443 1166 2020 1242">
     <span class='ocr_line' id='line_1_12' title="bbox 443 1166 2020 1242; baseline 0.006 -25"><span class='ocrx_word' id='word_1_82' title='bbox 443 1166 797 1233; x_wconf 66' lang='lat' dir='ltr'><strong>perrexisset.</strong></span> <span class='ocrx_word' id='word_1_83' title='bbox 831 1175 995 1236; x_wconf 90' lang='lat' dir='ltr'><strong>atque</strong></span> <span class='ocrx_word' id='word_1_84' title='bbox 1025 1170 1090 1223; x_wconf 90' lang='lat' dir='ltr'><strong>ad</strong></span> <span class='ocrx_word' id='word_1_85' title='bbox 1126 1186 1312 1224; x_wconf 88' lang='lat' dir='ltr'><strong>necem</strong></span> <span class='ocrx_word' id='word_1_86' title='bbox 1347 1171 1493 1226; x_wconf 85' lang='lat' dir='ltr'><strong>velut</strong></span> <span class='ocrx_word' id='word_1_87' title='bbox 1524 1174 1720 1242; x_wconf 88' lang='lat' dir='ltr'><strong>hospes</strong></span> <span class='ocrx_word' id='word_1_88' title='bbox 1748 1181 2020 1242; x_wconf 88' lang='lat' dir='ltr'><strong>arreptus,</strong></span> 
     </span>
    </p>
   </div>
   <div class='ocr_carea' id='block_1_13' title="bbox 441 1257 2018 1334">
    <p class='ocr_par' dir='ltr' id='par_1_13' title="bbox 441 1257 2018 1334">
     <span class='ocr_line' id='line_1_13' title="bbox 441 1257 2018 1334; baseline 0.006 -26"><span class='ocrx_word' id='word_1_89' title='bbox 441 1257 844 1330; x_wconf 74' lang='lat' dir='ltr'><strong>lphigeniteque</strong></span> <span class='ocrx_word' id='word_1_90' title='bbox 911 1268 969 1314; x_wconf 91' lang='lat' dir='ltr'><strong>ut</strong></span> <span class='ocrx_word' id='word_1_91' title='bbox 1021 1263 1293 1317; x_wconf 82' lang='lat' dir='ltr'><strong>sacerdoti</strong></span> <span class='ocrx_word' id='word_1_92' title='bbox 1354 1265 1571 1319; x_wconf 87' lang='lat' dir='ltr'><strong>oblatus</strong></span> <span class='ocrx_word' id='word_1_93' title='bbox 1631 1266 1846 1327; x_wconf 80' lang='lat' dir='ltr'><strong>fuisset,</strong></span> <span class='ocrx_word' id='word_1_94' title='bbox 1923 1280 2018 1334; x_wconf 88' lang='lat' dir='ltr'><strong>per</strong></span> 
     </span>
    </p>
   </div>
   <div class='ocr_carea' id='block_1_14' title="bbox 443 1350 2023 1428">
    <p class='ocr_par' dir='ltr' id='par_1_14' title="bbox 443 1350 2023 1428">
     <span class='ocr_line' id='line_1_14' title="bbox 443 1350 2023 1428; baseline 0.008 -29"><span class='ocrx_word' id='word_1_95' title='bbox 443 1350 747 1404; x_wconf 79' lang='lat' dir='ltr'><strong>eburneum</strong></span> <span class='ocrx_word' id='word_1_96' title='bbox 799 1352 1092 1406; x_wconf 90' lang='lat' dir='ltr'><strong>humerum</strong></span> <span class='ocrx_word' id='word_1_97' title='bbox 1148 1356 1216 1408; x_wconf 91' lang='lat' dir='ltr'><strong>ab</strong></span> <span class='ocrx_word' id='word_1_98' title='bbox 1262 1371 1324 1408; x_wconf 92' lang='lat' dir='ltr'><strong>ea</strong></span> <span class='ocrx_word' id='word_1_99' title='bbox 1357 1360 1573 1428; x_wconf 78' lang='lat' dir='ltr'><strong>agnitus</strong></span> <span class='ocrx_word' id='word_1_100' title='bbox 1617 1367 1723 1418; x_wconf 80' lang='lat' dir='ltr'><strong>est,</strong></span> <span class='ocrx_word' id='word_1_101' title='bbox 1776 1358 2023 1427; x_wconf 88' lang='lat' dir='ltr'><strong>liberque</strong></span> 
     </span>
    </p>
   </div>
   <div class='ocr_carea' id='block_1_15' title="bbox 445 1441 2021 1520">
    <p class='ocr_par' dir='ltr' id='par_1_15' title="bbox 445 1441 2021 1520">
     <span class='ocr_line' id='line_1_15' title="bbox 445 1441 2021 1520; baseline 0.006 -28"><span class='ocrx_word' id='word_1_102' title='bbox 445 1441 733 1498; x_wconf 84' lang='lat' dir='ltr'><strong>dimissus.</strong></span> <span class='ocrx_word' id='word_1_103' title='bbox 776 1444 954 1513; x_wconf 84' lang='lat' dir='ltr'><strong>Atque</strong></span> <span class='ocrx_word' id='word_1_104' title='bbox 995 1445 1113 1514; x_wconf 92' lang='lat' dir='ltr'><strong>ipse</strong></span> <span class='ocrx_word' id='word_1_105' title='bbox 1151 1448 1412 1518; x_wconf 86' lang='lat' dir='ltr'><strong>deinceps</strong></span> <span class='ocrx_word' id='word_1_106' title='bbox 1457 1456 1739 1520; x_wconf 84' lang='lat' dir='ltr'><strong>acceptam</strong></span> <span class='ocrx_word' id='word_1_107' title='bbox 1775 1465 2021 1504; x_wconf 87' lang='lat' dir='ltr'><strong>sororem</strong></span> 
     </span>
    </p>
   </div>
   <div class='ocr_carea' id='block_1_16' title="bbox 446 1529 1060 1591">
    <p class='ocr_par' dir='ltr' id='par_1_16' title="bbox 446 1529 1060 1591">
     <span class='ocr_line' id='line_1_16' title="bbox 446 1529 1060 1591; baseline 0.011 -7"><span class='ocrx_word' id='word_1_108' title='bbox 446 1532 500 1584; x_wconf 92' lang='lat' dir='ltr'><strong>in</strong></span> <span class='ocrx_word' id='word_1_109' title='bbox 531 1529 796 1588; x_wconf 70' lang='lat' dir='ltr'><strong>Graeciam</strong></span> <span class='ocrx_word' id='word_1_110' title='bbox 822 1535 1060 1591; x_wconf 84' lang='lat' dir='ltr'><strong>reduxit.</strong></span> 
     </span>
    </p>
   </div>
   <div class='ocr_carea' id='block_1_17' title="bbox 549 1641 1913 1718">
    <p class='ocr_par' dir='ltr' id='par_1_17' title="bbox 549 1641 1913 1718">
     <span class='ocr_line' id='line_1_17' title="bbox 549 1641 1913 1718; baseline 0.006 -22"><span class='ocrx_word' id='word_1_111' title='bbox 549 1643 602 1696; x_wconf 89' lang='lat'><strong>8.</strong></span> <span class='ocrx_word' id='word_1_112' title='bbox 645 1641 724 1696; x_wconf 84' lang='lat' dir='ltr'><strong>De</strong></span> <span class='ocrx_word' id='word_1_113' title='bbox 754 1647 1073 1700; x_wconf 80' lang='lat' dir='ltr'><strong>mactatione</strong></span> <span class='ocrx_word' id='word_1_114' title='bbox 1104 1648 1257 1717; x_wconf 71' lang='lat' dir='ltr'><strong>regia:</strong></span> <span class='ocrx_word' id='word_1_115' title='bbox 1286 1647 1476 1713; x_wconf 62' lang='lat' dir='ltr'><strong>puellis</strong></span> <span class='ocrx_word' id='word_1_116' title='bbox 1504 1648 1645 1717; x_wconf 85' lang='lat' dir='ltr'><strong>apud</strong></span> <span class='ocrx_word' id='word_1_117' title='bbox 1676 1648 1913 1718; x_wconf 87' lang='lat' dir='ltr'><strong>Trojam.</strong></span> 
     </span>
    </p>
   </div>
   <div class='ocr_carea' id='block_1_18' title="bbox 2125 616 3705 696">
    <p class='ocr_par' dir='ltr' id='par_1_18' title="bbox 2125 616 3705 696">
     <span class='ocr_line' id='line_1_18' title="bbox 2125 616 3705 696; baseline -0.003 -17"><span class='ocrx_word' id='word_1_118' title='bbox 2125 626 2426 696; x_wconf 79' lang='grc' dir='ltr'>ἀμείψασα,</span> <span class='ocrx_word' id='word_1_119' title='bbox 2448 625 2644 678; x_wconf 85' lang='grc' dir='ltr'>δέδωκε</span> <span class='ocrx_word' id='word_1_120' title='bbox 2672 621 2851 676; x_wconf 72' lang='grc' dir='ltr'>θῦσαι.</span> <span class='ocrx_word' id='word_1_121' title='bbox 2880 621 3025 692; x_wconf 72' lang='grc' dir='ltr'>Αὕτη</span> <span class='ocrx_word' id='word_1_122' title='bbox 3051 616 3144 674; x_wconf 81' lang='grc' dir='ltr'>οὖν</span> <span class='ocrx_word' id='word_1_123' title='bbox 3174 623 3207 692; x_wconf 81' lang='grc' dir='ltr'>ὴ</span> <span class='ocrx_word' id='word_1_124' title='bbox 3247 621 3556 689; x_wconf 69' lang='grc' dir='ltr'>Ἰφιγένεια,</span> <span class='ocrx_word' id='word_1_125' title='bbox 3575 617 3705 674; x_wconf 82' lang='grc' dir='ltr'>οὖσα</span> 
     </span>
    </p>
   </div>
   <div class='ocr_carea' id='block_1_19' title="bbox 2123 711 3704 786">
    <p class='ocr_par' dir='ltr' id='par_1_19' title="bbox 2123 711 3704 786">
     <span class='ocr_line' id='line_1_19' title="bbox 2123 711 3704 786; baseline -0.006 -15"><span class='ocrx_word' id='word_1_126' title='bbox 2123 720 2181 772; x_wconf 84' lang='grc' dir='ltr'><strong>ἐν</strong></span> <span class='ocrx_word' id='word_1_127' title='bbox 2218 720 2329 782; x_wconf 80' lang='grc' dir='ltr'>τοῖς</span> <span class='ocrx_word' id='word_1_128' title='bbox 2361 716 2614 786; x_wconf 78' lang='grc' dir='ltr'><strong>Ταύροις,</strong></span> <span class='ocrx_word' id='word_1_129' title='bbox 2643 715 2730 768; x_wconf 80' lang='grc' dir='ltr'><strong>διὰ</strong></span> <span class='ocrx_word' id='word_1_130' title='bbox 2775 715 2836 767; x_wconf 87' lang='grc' dir='ltr'>τὸ</span> <span class='ocrx_word' id='word_1_131' title='bbox 2873 714 2947 784; x_wconf 82' lang='grc' dir='ltr'>μὴ</span> <span class='ocrx_word' id='word_1_132' title='bbox 2999 711 3399 782; x_wconf 73' lang='grc' dir='ltr'><strong>ἐπιγνωσθῆναι</strong></span> <span class='ocrx_word' id='word_1_133' title='bbox 3421 712 3578 782; x_wconf 85' lang='grc' dir='ltr'>παρὰ</span> <span class='ocrx_word' id='word_1_134' title='bbox 3599 711 3704 763; x_wconf 85' lang='grc' dir='ltr'><strong>τῶν</strong></span> 
     </span>
    </p>
   </div>
   <div class='ocr_carea' id='block_1_20' title="bbox 2123 803 3702 879">
    <p class='ocr_par' dir='ltr' id='par_1_20' title="bbox 2123 803 3702 879">
     <span class='ocr_line' id='line_1_20' title="bbox 2123 803 3702 879; baseline -0.005 -17"><span class='ocrx_word' id='word_1_135' title='bbox 2123 809 2574 879; x_wconf 81' lang='grc' dir='ltr'>ἐπιξενουμένων,</span> <span class='ocrx_word' id='word_1_136' title='bbox 2598 807 2682 869; x_wconf 88' lang='grc' dir='ltr'><strong>τίς</strong></span> <span class='ocrx_word' id='word_1_137' title='bbox 2710 807 2887 869; x_wconf 85' lang='grc' dir='ltr'>ἐστιν,</span> <span class='ocrx_word' id='word_1_138' title='bbox 2912 805 3171 876; x_wconf 88' lang='grc' dir='ltr'>ἐτέτρεπε</span> <span class='ocrx_word' id='word_1_139' title='bbox 3217 803 3364 857; x_wconf 87' lang='grc' dir='ltr'>θύειν</span> <span class='ocrx_word' id='word_1_140' title='bbox 3407 803 3611 865; x_wconf 76' lang='grc' dir='ltr'>αὐτοὺς</span> <span class='ocrx_word' id='word_1_141' title='bbox 3639 806 3702 872; x_wconf 82' lang='grc' dir='ltr'>τῇ</span> 
     </span>
    </p>
   </div>
   <div class='ocr_carea' id='block_1_21' title="bbox 2135 892 3706 970">
    <p class='ocr_par' dir='ltr' id='par_1_21' title="bbox 2135 892 3706 970">
     <span class='ocr_line' id='line_1_21' title="bbox 2135 892 3706 970; baseline -0.005 -18"><span class='ocrx_word' id='word_1_142' title='bbox 2135 899 2412 970; x_wconf 82' lang='grc' dir='ltr'>Ἀρτέμιδι</span> <span class='ocrx_word' id='word_1_143' title='bbox 2449 913 2464 929; x_wconf 78' lang='grc' dir='ltr'><strong>ο</strong></span> <span class='ocrx_word' id='word_1_144' title='bbox 2499 899 2592 951; x_wconf 81' lang='grc' dir='ltr'>καὶ</span> <span class='ocrx_word' id='word_1_145' title='bbox 2628 896 2766 966; x_wconf 75' lang='grc' dir='ltr'>αὕτη</span> <span class='ocrx_word' id='word_1_146' title='bbox 2813 892 2880 967; x_wconf 83' lang='grc' dir='ltr'>ἧν</span> <span class='ocrx_word' id='word_1_147' title='bbox 2911 898 2945 966; x_wconf 83' lang='grc' dir='ltr'>ὴ</span> <span class='ocrx_word' id='word_1_148' title='bbox 2998 895 3328 961; x_wconf 81' lang='grc' dir='ltr'>ξενοκτονία,</span> <span class='ocrx_word' id='word_1_149' title='bbox 3363 896 3435 964; x_wconf 78' lang='grc' dir='ltr'>ἣν</span> <span class='ocrx_word' id='word_1_150' title='bbox 3483 893 3633 962; x_wconf 82' lang='grc' dir='ltr'>λέγει</span> <span class='ocrx_word' id='word_1_151' title='bbox 3679 896 3706 944; x_wconf 78' lang='grc' dir='ltr'><strong><em>ὁ</em></strong></span> 
     </span>
    </p>
   </div>
   <div class='ocr_carea' id='block_1_22' title="bbox 2123 982 3708 1060">
    <p class='ocr_par' dir='ltr' id='par_1_22' title="bbox 2123 982 3708 1060">
     <span class='ocr_line' id='line_1_22' title="bbox 2123 982 3708 1060; baseline -0.005 -18"><span class='ocrx_word' id='word_1_152' title='bbox 2123 990 2264 1052; x_wconf 84' lang='grc' dir='ltr'>θεῖος</span> <span class='ocrx_word' id='word_1_153' title='bbox 2299 987 2617 1060; x_wconf 86' lang='grc' dir='ltr'>Γρηγόριος.</span> <span class='ocrx_word' id='word_1_154' title='bbox 2644 987 2911 1056; x_wconf 81' lang='grc' dir='ltr'><strong>Ὕστερον</strong></span> <span class='ocrx_word' id='word_1_155' title='bbox 2933 984 2990 1036; x_wconf 89' lang='grc' dir='ltr'><strong>δέ</strong></span> <span class='ocrx_word' id='word_1_156' title='bbox 3009 985 3038 1035; x_wconf 85' lang='grc' dir='ltr'>ὁ</span> <span class='ocrx_word' id='word_1_157' title='bbox 3076 984 3336 1056; x_wconf 80' lang='grc' dir='ltr'><strong>Ὀρέστης</strong></span> <span class='ocrx_word' id='word_1_158' title='bbox 3350 982 3708 1054; x_wconf 85' lang='grc' dir='ltr'>δειματούμε-</span> 
     </span>
    </p>
   </div>
   <div class='ocr_carea' id='block_1_23' title="bbox 2123 1072 3704 1145">
    <p class='ocr_par' dir='ltr' id='par_1_23' title="bbox 2123 1072 3704 1145">
     <span class='ocr_line' id='line_1_23' title="bbox 2123 1072 3704 1145; baseline -0.004 -14"><span class='ocrx_word' id='word_1_159' title='bbox 2123 1096 2210 1142; x_wconf 91' lang='grc' dir='ltr'><strong>νος</strong></span> <span class='ocrx_word' id='word_1_160' title='bbox 2253 1079 2356 1130; x_wconf 78' lang='grc' dir='ltr'><strong>ὑπὸ</strong></span> <span class='ocrx_word' id='word_1_161' title='bbox 2402 1076 2512 1128; x_wconf 89' lang='grc' dir='ltr'><strong>τῶν</strong></span> <span class='ocrx_word' id='word_1_162' title='bbox 2552 1075 2841 1145; x_wconf 81' lang='grc' dir='ltr'>Ἐριννύων</span> <span class='ocrx_word' id='word_1_163' title='bbox 2861 1113 2875 1137; x_wconf 92' lang='grc'><strong>,</strong></span> <span class='ocrx_word' id='word_1_164' title='bbox 2907 1075 3000 1126; x_wconf 76' lang='grc' dir='ltr'>καὶ</span> <span class='ocrx_word' id='word_1_165' title='bbox 3031 1073 3202 1126; x_wconf 80' lang='grc' dir='ltr'>ἐλθὼν</span> <span class='ocrx_word' id='word_1_166' title='bbox 3236 1075 3387 1144; x_wconf 85' lang='grc' dir='ltr'><strong>παρά</strong></span> <span class='ocrx_word' id='word_1_167' title='bbox 3414 1075 3532 1136; x_wconf 85' lang='grc' dir='ltr'>τοῖς</span> <span class='ocrx_word' id='word_1_168' title='bbox 3561 1072 3704 1125; x_wconf 84' lang='grc' dir='ltr'>Ταύ-</span> 
     </span>
    </p>
   </div>
   <div class='ocr_carea' id='block_1_24' title="bbox 2127 1165 3707 1241">
    <p class='ocr_par' dir='ltr' id='par_1_24' title="bbox 2127 1165 3707 1241">
     <span class='ocr_line' id='line_1_24' title="bbox 2127 1165 3707 1241; baseline -0.004 -18"><span class='ocrx_word' id='word_1_169' title='bbox 2127 1187 2258 1241; x_wconf 90' lang='grc' dir='ltr'>ροις,</span> <span class='ocrx_word' id='word_1_170' title='bbox 2291 1169 2385 1222; x_wconf 75' lang='grc' dir='ltr'>καὶ</span> <span class='ocrx_word' id='word_1_171' title='bbox 2435 1167 2760 1237; x_wconf 76' lang='grc' dir='ltr'><strong>συλληφθεὶς</strong></span> <span class='ocrx_word' id='word_1_172' title='bbox 2815 1167 2890 1229; x_wconf 91' lang='grc' dir='ltr'><strong>ὼς</strong></span> <span class='ocrx_word' id='word_1_173' title='bbox 2928 1166 3074 1231; x_wconf 85' lang='grc' dir='ltr'>ξένος</span> <span class='ocrx_word' id='word_1_174' title='bbox 3121 1167 3208 1218; x_wconf 81' lang='grc' dir='ltr'>ἐπ’</span> <span class='ocrx_word' id='word_1_175' title='bbox 3259 1165 3582 1236; x_wconf 73' lang='grc' dir='ltr'>ἀναιρέσει,</span> <span class='ocrx_word' id='word_1_176' title='bbox 3615 1166 3707 1220; x_wconf 80' lang='grc' dir='ltr'>καὶ</span> 
     </span>
    </p>
   </div>
   <div class='ocr_carea' id='block_1_25' title="bbox 2123 1257 3703 1333">
    <p class='ocr_par' dir='ltr' id='par_1_25' title="bbox 2123 1257 3703 1333">
     <span class='ocr_line' id='line_1_25' title="bbox 2123 1257 3703 1333; baseline -0.003 -19"><span class='ocrx_word' id='word_1_177' title='bbox 2123 1261 2502 1333; x_wconf 78' lang='grc' dir='ltr'>προσενεχθεὶς</span> <span class='ocrx_word' id='word_1_178' title='bbox 2521 1261 2597 1324; x_wconf 87' lang='grc' dir='ltr'><strong>ὼς</strong></span> <span class='ocrx_word' id='word_1_179' title='bbox 2625 1261 2795 1330; x_wconf 79' lang='grc' dir='ltr'>ἱερείᾳ</span> <span class='ocrx_word' id='word_1_180' title='bbox 2828 1263 2893 1330; x_wconf 79' lang='grc' dir='ltr'><strong>τῇ</strong></span> <span class='ocrx_word' id='word_1_181' title='bbox 2929 1258 3212 1329; x_wconf 71' lang='grc' dir='ltr'>Ἰφιγενείᾳ</span> <span class='ocrx_word' id='word_1_182' title='bbox 3231 1300 3245 1321; x_wconf 88' lang='grc'><strong>,</strong></span> <span class='ocrx_word' id='word_1_183' title='bbox 3274 1258 3594 1328; x_wconf 81' lang='grc' dir='ltr'>ἐπεγνώσθη</span> <span class='ocrx_word' id='word_1_184' title='bbox 3618 1257 3703 1310; x_wconf 76' lang='grc' dir='ltr'>διὰ</span> 
     </span>
    </p>
   </div>
   <div class='ocr_carea' id='block_1_26' title="bbox 2121 1349 3709 1421">
    <p class='ocr_par' dir='ltr' id='par_1_26' title="bbox 2121 1349 3709 1421">
     <span class='ocr_line' id='line_1_26' title="bbox 2121 1349 3709 1421; baseline -0.003 -15"><span class='ocrx_word' id='word_1_185' title='bbox 2121 1353 2215 1407; x_wconf 82' lang='grc' dir='ltr'>τοῦ</span> <span class='ocrx_word' id='word_1_186' title='bbox 2253 1351 2596 1420; x_wconf 78' lang='grc' dir='ltr'>ἐλεφαντίνου</span> <span class='ocrx_word' id='word_1_187' title='bbox 2631 1350 2781 1421; x_wconf 78' lang='grc' dir='ltr'>ὤμου</span> <span class='ocrx_word' id='word_1_188' title='bbox 2813 1352 2907 1404; x_wconf 75' lang='grc' dir='ltr'>καὶ</span> <span class='ocrx_word' id='word_1_189' title='bbox 2937 1349 3136 1419; x_wconf 80' lang='grc' dir='ltr'>ἀφείθη</span> <span class='ocrx_word' id='word_1_190' title='bbox 3157 1350 3257 1419; x_wconf 89' lang='grc' dir='ltr'><strong>τῆς</strong></span> <span class='ocrx_word' id='word_1_191' title='bbox 3303 1349 3527 1412; x_wconf 86' lang='grc' dir='ltr'>θυσίας·</span> <span class='ocrx_word' id='word_1_192' title='bbox 3563 1349 3709 1402; x_wconf 84' lang='grc' dir='ltr'>οὕτω</span> 
     </span>
    </p>
   </div>
   <div class='ocr_carea' id='block_1_27' title="bbox 2123 1441 3709 1512">
    <p class='ocr_par' dir='ltr' id='par_1_27' title="bbox 2123 1441 3709 1512">
     <span class='ocr_line' id='line_1_27' title="bbox 2123 1441 3709 1512; baseline -0.003 -14"><span class='ocrx_word' id='word_1_193' title='bbox 2123 1445 2309 1498; x_wconf 82' lang='grc' dir='ltr'>λοιπὸν</span> <span class='ocrx_word' id='word_1_194' title='bbox 2343 1442 2525 1496; x_wconf 88' lang='grc' dir='ltr'>λαϐὼν</span> <span class='ocrx_word' id='word_1_195' title='bbox 2554 1445 2582 1495; x_wconf 86' lang='grc' dir='ltr'>ὁ</span> <span class='ocrx_word' id='word_1_196' title='bbox 2621 1443 2880 1512; x_wconf 79' lang='grc' dir='ltr'><strong>Ὀρέστης</strong></span> <span class='ocrx_word' id='word_1_197' title='bbox 2927 1441 3028 1512; x_wconf 83' lang='grc' dir='ltr'>τὴν</span> <span class='ocrx_word' id='word_1_198' title='bbox 3075 1442 3210 1495; x_wconf 83' lang='grc' dir='ltr'>ίδίαν</span> <span class='ocrx_word' id='word_1_199' title='bbox 3257 1442 3493 1512; x_wconf 81' lang='grc' dir='ltr'>ἀδελφὴν</span> <span class='ocrx_word' id='word_1_200' title='bbox 3517 1483 3533 1505; x_wconf 92' lang='grc'><strong>,</strong></span> <span class='ocrx_word' id='word_1_201' title='bbox 3564 1441 3709 1510; x_wconf 87' lang='grc' dir='ltr'>λέγω</span> 
     </span>
    </p>
   </div>
   <div class='ocr_carea' id='block_1_28' title="bbox 2121 1531 3491 1607">
    <p class='ocr_par' dir='ltr' id='par_1_28' title="bbox 2121 1531 3491 1607">
     <span class='ocr_line' id='line_1_28' title="bbox 2121 1531 3491 1607; baseline -0.002 -17"><span class='ocrx_word' id='word_1_202' title='bbox 2121 1536 2185 1607; x_wconf 83' lang='grc' dir='ltr'>δὴ</span> <span class='ocrx_word' id='word_1_203' title='bbox 2215 1536 2314 1607; x_wconf 79' lang='grc' dir='ltr'>τὴν</span> <span class='ocrx_word' id='word_1_204' title='bbox 2360 1535 2702 1603; x_wconf 83' lang='grc' dir='ltr'>Ἰφιγένειαν,</span> <span class='ocrx_word' id='word_1_205' title='bbox 2739 1532 2954 1603; x_wconf 78' lang='grc' dir='ltr'><strong>κομίζει</strong></span> <span class='ocrx_word' id='word_1_206' title='bbox 2986 1535 3065 1596; x_wconf 88' lang='grc' dir='ltr'><strong>είς</strong></span> <span class='ocrx_word' id='word_1_207' title='bbox 3099 1534 3200 1604; x_wconf 80' lang='grc' dir='ltr'><strong>τήν</strong></span> <span class='ocrx_word' id='word_1_208' title='bbox 3244 1531 3491 1587; x_wconf 81' lang='grc' dir='ltr'>Ἐλλάδα.</span> 
     </span>
    </p>
   </div>
   <div class='ocr_carea' id='block_1_29' title="bbox 2120 1643 3706 1716">
    <p class='ocr_par' dir='ltr' id='par_1_29' title="bbox 2120 1643 3706 1716">
     <span class='ocr_line' id='line_1_29' title="bbox 2120 1643 3706 1716; baseline -0.001 -16"><span class='ocrx_word' id='word_1_209' title='bbox 2120 1646 2336 1716; x_wconf 79' lang='grc' dir='ltr'>η’.Περὶ</span> <span class='ocrx_word' id='word_1_210' title='bbox 2351 1645 2459 1714; x_wconf 74' lang='grc' dir='ltr'><strong>τῆς</strong></span> <span class='ocrx_word' id='word_1_211' title='bbox 2471 1646 2568 1698; x_wconf 79' lang='grc' dir='ltr'><strong>ἐπὶ</strong></span> <span class='ocrx_word' id='word_1_212' title='bbox 2589 1645 2798 1712; x_wconf 82' lang='grc' dir='ltr'>Τροίαν</span> <span class='ocrx_word' id='word_1_213' title='bbox 2809 1645 3025 1710; x_wconf 85' lang='grc' dir='ltr'>θυσίας</span> <span class='ocrx_word' id='word_1_214' title='bbox 3038 1643 3490 1713; x_wconf 75' lang='grc' dir='ltr'>τῆςβασιλικῆς</span> <span class='ocrx_word' id='word_1_215' title='bbox 3501 1647 3706 1713; x_wconf 75' lang='grc' dir='ltr'>κόρης.</span> 
     </span>
    </p>
   </div>
   <div class='ocr_carea' id='block_1_30' title="bbox 513 1752 2026 1840">
    <p class='ocr_par' dir='ltr' id='par_1_30' title="bbox 513 1752 2020 1828">
     <span class='ocr_line' id='line_1_30' title="bbox 513 1752 2020 1828; baseline 0.003 -21"><span class='ocrx_word' id='word_1_216' title='bbox 513 1752 654 1807; x_wconf 88' lang='lat' dir='ltr'><strong>Cum</strong></span> <span class='ocrx_word' id='word_1_217' title='bbox 691 1754 958 1822; x_wconf 81' lang='lat' dir='ltr'><strong>Achilles,</strong></span> <span class='ocrx_word' id='word_1_218' title='bbox 1002 1756 1332 1828; x_wconf 83' lang='lat' dir='ltr'><strong>Polyxenam</strong></span> <span class='ocrx_word' id='word_1_219' title='bbox 1367 1757 1572 1811; x_wconf 85' lang='lat' dir='ltr'><strong>Priami</strong></span> <span class='ocrx_word' id='word_1_220' title='bbox 1620 1757 1783 1811; x_wconf 84' lang='lat' dir='ltr'><strong>ﬁliam</strong></span> <span class='ocrx_word' id='word_1_221' title='bbox 1820 1758 1874 1811; x_wconf 95' lang='lat' dir='ltr'><strong>in</strong></span> <span class='ocrx_word' id='word_1_222' title='bbox 1904 1772 2020 1811; x_wconf 85' lang='lat' dir='ltr'><strong>ma-</strong></span> 
     </span>
    </p>
   </div>
   <div class='ocr_carea' id='block_1_31' title="bbox 2136 1752 3710 1840">
    <p class='ocr_par' dir='ltr' id='par_1_31' title="bbox 2196 1756 3710 1827">
     <span class='ocr_line' id='line_1_31' title="bbox 2196 1756 3710 1827; baseline -0.001 -16"><span class='ocrx_word' id='word_1_223' title='bbox 2196 1758 2468 1827; x_wconf 79' lang='grc' dir='ltr'>Πολυξένη</span> <span class='ocrx_word' id='word_1_224' title='bbox 2504 1759 2621 1809; x_wconf 73' lang='grc' dir='ltr'>ἐστὶ</span> <span class='ocrx_word' id='word_1_225' title='bbox 2651 1757 2898 1826; x_wconf 82' lang='grc' dir='ltr'>θυγάτηρ</span> <span class='ocrx_word' id='word_1_226' title='bbox 2933 1756 3207 1827; x_wconf 82' lang='grc' dir='ltr'>Πριάμου,</span> <span class='ocrx_word' id='word_1_227' title='bbox 3256 1757 3320 1825; x_wconf 84' lang='grc' dir='ltr'><strong>ήν</strong></span> <span class='ocrx_word' id='word_1_228' title='bbox 3354 1758 3381 1807; x_wconf 75' lang='grc' dir='ltr'>ὁ</span> <span class='ocrx_word' id='word_1_229' title='bbox 3428 1756 3710 1827; x_wconf 69' lang='grc' dir='ltr'>Ἀχιλλεὺς</span> 
     </span>
    </p>
   </div>
   <div class='ocr_carea' id='block_1_32' title="bbox 442 1843 2022 1918">
    <p class='ocr_par' dir='ltr' id='par_1_32' title="bbox 442 1843 2022 1918">
     <span class='ocr_line' id='line_1_32' title="bbox 442 1843 2022 1918; baseline 0.004 -23"><span class='ocrx_word' id='word_1_230' title='bbox 442 1843 771 1898; x_wconf 86' lang='lat' dir='ltr'><strong>trimonium</strong></span> <span class='ocrx_word' id='word_1_231' title='bbox 807 1849 1058 1917; x_wconf 90' lang='lat' dir='ltr'><strong>accipere</strong></span> <span class='ocrx_word' id='word_1_232' title='bbox 1087 1849 1338 1917; x_wconf 90' lang='lat' dir='ltr'><strong>cupiens,</strong></span> <span class='ocrx_word' id='word_1_233' title='bbox 1367 1848 1586 1918; x_wconf 87' lang='lat' dir='ltr'><strong>Trojam</strong></span> <span class='ocrx_word' id='word_1_234' title='bbox 1626 1848 1908 1915; x_wconf 76' lang='lat' dir='ltr'><strong>ingressus</strong></span> <span class='ocrx_word' id='word_1_235' title='bbox 1933 1863 2022 1904; x_wconf 86' lang='lat' dir='ltr'><strong>es-</strong></span> 
     </span>
    </p>
   </div>
   <div class='ocr_carea' id='block_1_33' title="bbox 445 1937 2021 2010">
    <p class='ocr_par' dir='ltr' id='par_1_33' title="bbox 445 1937 2021 2010">
     <span class='ocr_line' id='line_1_33' title="bbox 445 1937 2021 2010; baseline 0.003 -20"><span class='ocrx_word' id='word_1_236' title='bbox 445 1944 551 2000; x_wconf 91' lang='lat' dir='ltr'><strong>set,</strong></span> <span class='ocrx_word' id='word_1_237' title='bbox 591 1952 622 1990; x_wconf 93' lang='lat' dir='ltr'><strong>a</strong></span> <span class='ocrx_word' id='word_1_238' title='bbox 666 1937 862 1993; x_wconf 87' lang='lat' dir='ltr'><strong>Paride</strong></span> <span class='ocrx_word' id='word_1_239' title='bbox 913 1939 966 1993; x_wconf 93' lang='lat' dir='ltr'><strong>in</strong></span> <span class='ocrx_word' id='word_1_240' title='bbox 1012 1941 1280 2010; x_wconf 80' lang='lat' dir='ltr'><strong>Apollinis</strong></span> <span class='ocrx_word' id='word_1_241' title='bbox 1314 1942 1514 2010; x_wconf 90' lang='lat' dir='ltr'><strong>templo</strong></span> <span class='ocrx_word' id='word_1_242' title='bbox 1562 1957 1626 1995; x_wconf 75' lang='lat' dir='ltr'><strong>ex</strong></span> <span class='ocrx_word' id='word_1_243' title='bbox 1666 1941 1881 1995; x_wconf 89' lang='lat' dir='ltr'><strong>insidiis</strong></span> <span class='ocrx_word' id='word_1_244' title='bbox 1924 1941 2021 1995; x_wconf 92' lang='lat' dir='ltr'><strong>ob-</strong></span> 
     </span>
    </p>
   </div>
   <div class='ocr_carea' id='block_1_34' title="bbox 447 2032 2024 2105">
    <p class='ocr_par' dir='ltr' id='par_1_34' title="bbox 447 2032 2024 2105">
     <span class='ocr_line' id='line_1_34' title="bbox 447 2032 2024 2105; baseline 0.001 -21"><span class='ocrx_word' id='word_1_245' title='bbox 447 2039 741 2087; x_wconf 86' lang='lat' dir='ltr'><strong>truncatus</strong></span> <span class='ocrx_word' id='word_1_246' title='bbox 781 2042 886 2088; x_wconf 89' lang='lat' dir='ltr'><strong>est.</strong></span> <span class='ocrx_word' id='word_1_247' title='bbox 923 2032 1279 2089; x_wconf 87' lang='lat' dir='ltr'><strong>Postmodum</strong></span> <span class='ocrx_word' id='word_1_248' title='bbox 1315 2043 1496 2089; x_wconf 89' lang='lat' dir='ltr'><strong>autem</strong></span> <span class='ocrx_word' id='word_1_249' title='bbox 1539 2033 1744 2105; x_wconf 83' lang='lat' dir='ltr'><strong>Pyrrho</strong></span> <span class='ocrx_word' id='word_1_250' title='bbox 1782 2034 1893 2086; x_wconf 86' lang='lat' dir='ltr'><strong>[ilio</strong></span> <span class='ocrx_word' id='word_1_251' title='bbox 1922 2049 2024 2089; x_wconf 91' lang='lat' dir='ltr'><strong>suo</strong></span> 
     </span>
    </p>
   </div>
   <div class='ocr_carea' id='block_1_35' title="bbox 448 2124 2020 2196">
    <p class='ocr_par' dir='ltr' id='par_1_35' title="bbox 448 2124 2020 2196">
     <span class='ocr_line' id='line_1_35' title="bbox 448 2124 2020 2196; baseline 0 -20"><span class='ocrx_word' id='word_1_252' title='bbox 448 2124 518 2177; x_wconf 87' lang='lat' dir='ltr'><strong>ad</strong></span> <span class='ocrx_word' id='word_1_253' title='bbox 561 2125 771 2179; x_wconf 87' lang='lat' dir='ltr'><strong>virilem</strong></span> <span class='ocrx_word' id='word_1_254' title='bbox 826 2134 1039 2180; x_wconf 64' lang='lat' dir='ltr'><strong>aetatem</strong></span> <span class='ocrx_word' id='word_1_255' title='bbox 1093 2135 1347 2196; x_wconf 87' lang='lat' dir='ltr'><strong>pervecto</strong></span> <span class='ocrx_word' id='word_1_256' title='bbox 1395 2129 1449 2180; x_wconf 93' lang='lat' dir='ltr'><strong>in</strong></span> <span class='ocrx_word' id='word_1_257' title='bbox 1501 2127 1714 2183; x_wconf 90' lang='lat' dir='ltr'><strong>somnis</strong></span> <span class='ocrx_word' id='word_1_258' title='bbox 1751 2125 2020 2195; x_wconf 89' lang='lat' dir='ltr'><strong>apparuit,</strong></span> 
     </span>
    </p>
   </div>
   <div class='ocr_carea' id='block_1_36' title="bbox 445 2214 2020 2288">
    <p class='ocr_par' dir='ltr' id='par_1_36' title="bbox 445 2214 2020 2288">
     <span class='ocr_line' id='line_1_36' title="bbox 445 2214 2020 2288; baseline 0.001 -21"><span class='ocrx_word' id='word_1_259' title='bbox 445 2214 802 2284; x_wconf 84' lang='lat' dir='ltr'><strong>ostenditque</strong></span> <span class='ocrx_word' id='word_1_260' title='bbox 837 2231 1065 2270; x_wconf 91' lang='lat' dir='ltr'><strong>necesse</strong></span> <span class='ocrx_word' id='word_1_261' title='bbox 1095 2232 1217 2272; x_wconf 89' lang='lat' dir='ltr'><strong>esse</strong></span> <span class='ocrx_word' id='word_1_262' title='bbox 1246 2216 1605 2288; x_wconf 80' lang='lat' dir='ltr'><strong>Polyxenam,</strong></span> <span class='ocrx_word' id='word_1_263' title='bbox 1637 2233 1758 2286; x_wconf 82' lang='lat' dir='ltr'><strong>qua:</strong></span> <span class='ocrx_word' id='word_1_264' title='bbox 1785 2217 1836 2270; x_wconf 92' lang='lat' dir='ltr'><strong>ei</strong></span> <span class='ocrx_word' id='word_1_265' title='bbox 1871 2230 2020 2268; x_wconf 89' lang='lat' dir='ltr'><strong>mor-</strong></span> 
     </span>
    </p>
   </div>
   <div class='ocr_carea' id='block_1_37' title="bbox 444 2307 2026 2380">
    <p class='ocr_par' dir='ltr' id='par_1_37' title="bbox 444 2307 2026 2380">
     <span class='ocr_line' id='line_1_37' title="bbox 444 2307 2026 2380; baseline 0.003 -23"><span class='ocrx_word' id='word_1_266' title='bbox 444 2307 522 2361; x_wconf 86' lang='lat' dir='ltr'><strong>tis</strong></span> <span class='ocrx_word' id='word_1_267' title='bbox 555 2322 779 2361; x_wconf 85' lang='lat' dir='ltr'><strong>causam</strong></span> <span class='ocrx_word' id='word_1_268' title='bbox 805 2309 1086 2370; x_wconf 88' lang='lat' dir='ltr'><strong>attulerat,</strong></span> <span class='ocrx_word' id='word_1_269' title='bbox 1117 2310 1220 2363; x_wconf 88' lang='lat' dir='ltr'><strong>sibi</strong></span> <span class='ocrx_word' id='word_1_270' title='bbox 1250 2310 1542 2363; x_wconf 86' lang='lat' dir='ltr'><strong>immolari.</strong></span> <span class='ocrx_word' id='word_1_271' title='bbox 1571 2308 1815 2380; x_wconf 89' lang='lat' dir='ltr'><strong>Pyrrhus</strong></span> <span class='ocrx_word' id='word_1_272' title='bbox 1844 2308 2026 2377; x_wconf 88' lang='lat' dir='ltr'><strong>itaque</strong></span> 
     </span>
    </p>
   </div>
   <div class='ocr_carea' id='block_1_38' title="bbox 445 2400 2014 2470">
    <p class='ocr_par' dir='ltr' id='par_1_38' title="bbox 445 2400 2014 2470">
     <span class='ocr_line' id='line_1_38' title="bbox 445 2400 2014 2470; baseline 0.001 -18"><span class='ocrx_word' id='word_1_273' title='bbox 445 2412 563 2452; x_wconf 91' lang='lat' dir='ltr'><strong>eam</strong></span> <span class='ocrx_word' id='word_1_274' title='bbox 594 2406 747 2468; x_wconf 89' lang='lat' dir='ltr'><strong>parta</strong></span> <span class='ocrx_word' id='word_1_275' title='bbox 773 2400 1001 2454; x_wconf 85' lang='lat' dir='ltr'><strong>victoria</strong></span> <span class='ocrx_word' id='word_1_276' title='bbox 1031 2409 1309 2470; x_wconf 86' lang='lat' dir='ltr'><strong>acceptam</strong></span> <span class='ocrx_word' id='word_1_277' title='bbox 1337 2401 1404 2454; x_wconf 91' lang='lat' dir='ltr'><strong>ad</strong></span> <span class='ocrx_word' id='word_1_278' title='bbox 1442 2400 1673 2456; x_wconf 84' lang='lat' dir='ltr'><strong>Achillis</strong></span> <span class='ocrx_word' id='word_1_279' title='bbox 1721 2401 1897 2470; x_wconf 88' lang='lat' dir='ltr'><strong>patris</strong></span> <span class='ocrx_word' id='word_1_280' title='bbox 1924 2409 2014 2453; x_wconf 91' lang='lat' dir='ltr'><strong>tu-</strong></span> 
     </span>
    </p>
   </div>
   <div class='ocr_carea' id='block_1_39' title="bbox 447 2489 980 2559">
    <p class='ocr_par' dir='ltr' id='par_1_39' title="bbox 447 2489 980 2559">
     <span class='ocr_line' id='line_1_39' title="bbox 447 2489 980 2559; baseline -0.002 -16"><span class='ocrx_word' id='word_1_281' title='bbox 447 2490 657 2543; x_wconf 89' lang='lat' dir='ltr'><strong>mulum</strong></span> <span class='ocrx_word' id='word_1_282' title='bbox 691 2489 980 2559; x_wconf 73' lang='lat' dir='ltr'><strong>iugulavit.</strong></span> 
     </span>
    </p>
   </div>
   <div class='ocr_carea' id='block_1_40' title="bbox 993 2602 1482 2658">
    <p class='ocr_par' dir='ltr' id='par_1_40' title="bbox 993 2602 1482 2658">
     <span class='ocr_line' id='line_1_40' title="bbox 993 2602 1482 2658; baseline 0.002 -1"><span class='ocrx_word' id='word_1_283' title='bbox 993 2603 1048 2658; x_wconf 88' lang='lat'><strong>9.</strong></span> <span class='ocrx_word' id='word_1_284' title='bbox 1091 2603 1168 2658; x_wconf 82' lang='lat' dir='ltr'><strong>De</strong></span> <span class='ocrx_word' id='word_1_285' title='bbox 1198 2602 1251 2657; x_wconf 85' lang='grc' dir='ltr'><em>Μ</em></span> <span class='ocrx_word' id='word_1_286' title='bbox 1258 2621 1482 2658; x_wconf 73' lang='lat' dir='ltr'><strong>eumceo.</strong></span> 
     </span>
    </p>
   </div>
   <div class='ocr_carea' id='block_1_41' title="bbox 514 2714 2021 2787">
    <p class='ocr_par' dir='ltr' id='par_1_41' title="bbox 514 2714 2021 2787">
     <span class='ocr_line' id='line_1_41' title="bbox 514 2714 2021 2787; baseline 0.003 -17"><span class='ocrx_word' id='word_1_287' title='bbox 514 2714 824 2771; x_wconf 70' lang='lat' dir='ltr'><strong>Menmceus</strong></span> <span class='ocrx_word' id='word_1_288' title='bbox 863 2714 1116 2771; x_wconf 86' lang='lat' dir='ltr'><strong>Creontis</strong></span> <span class='ocrx_word' id='word_1_289' title='bbox 1151 2714 1460 2770; x_wconf 90' lang='lat' dir='ltr'><strong>Thebarum</strong></span> <span class='ocrx_word' id='word_1_290' title='bbox 1513 2717 1657 2787; x_wconf 79' lang='lat' dir='ltr'><strong>regis</strong></span> <span class='ocrx_word' id='word_1_291' title='bbox 1701 2717 1844 2772; x_wconf 88' lang='lat' dir='ltr'><strong>lilius</strong></span> <span class='ocrx_word' id='word_1_292' title='bbox 1884 2728 2021 2774; x_wconf 87' lang='lat' dir='ltr'><strong>erat.</strong></span> 
     </span>
    </p>
   </div>
   <div class='ocr_carea' id='block_1_42' title="bbox 446 2806 2021 2878">
    <p class='ocr_par' dir='ltr' id='par_1_42' title="bbox 446 2806 2021 2878">
     <span class='ocr_line' id='line_1_42' title="bbox 446 2806 2021 2878; baseline 0.003 -16"><span class='ocrx_word' id='word_1_293' title='bbox 446 2807 586 2862; x_wconf 87' lang='lat' dir='ltr'><strong>Cum</strong></span> <span class='ocrx_word' id='word_1_294' title='bbox 620 2823 751 2877; x_wconf 77' lang='lat' dir='ltr'><strong>ergo</strong></span> <span class='ocrx_word' id='word_1_295' title='bbox 779 2819 986 2878; x_wconf 87' lang='lat' dir='ltr'><strong>septem</strong></span> <span class='ocrx_word' id='word_1_296' title='bbox 1014 2807 1185 2862; x_wconf 87' lang='lat' dir='ltr'><strong>duces</strong></span> <span class='ocrx_word' id='word_1_297' title='bbox 1215 2806 1419 2863; x_wconf 88' lang='lat' dir='ltr'><strong>Thebis</strong></span> <span class='ocrx_word' id='word_1_298' title='bbox 1449 2809 1652 2863; x_wconf 88' lang='lat' dir='ltr'><strong>bellqu</strong></span> <span class='ocrx_word' id='word_1_299' title='bbox 1688 2811 2021 2876; x_wconf 89' lang='lat' dir='ltr'><strong>intulissent,</strong></span> 
     </span>
    </p>
   </div>
   <div class='ocr_carea' id='block_1_43' title="bbox 445 2897 2030 2964">
    <p class='ocr_par' dir='ltr' id='par_1_43' title="bbox 445 2897 2030 2964">
     <span class='ocr_line' id='line_1_43' title="bbox 445 2897 2030 2964; baseline 0.002 -11"><span class='ocrx_word' id='word_1_300' title='bbox 445 2899 731 2953; x_wconf 89' lang='lat' dir='ltr'><strong>oraculum</strong></span> <span class='ocrx_word' id='word_1_301' title='bbox 765 2899 936 2955; x_wconf 89' lang='lat' dir='ltr'><strong>edidit</strong></span> <span class='ocrx_word' id='word_1_302' title='bbox 967 2897 1212 2955; x_wconf 88' lang='lat' dir='ltr'><strong>Tiresias</strong></span> <span class='ocrx_word' id='word_1_303' title='bbox 1250 2907 1421 2964; x_wconf 89' lang='lat' dir='ltr'><strong>vates,</strong></span> <span class='ocrx_word' id='word_1_304' title='bbox 1465 2901 1580 2956; x_wconf 85' lang='lat' dir='ltr'><strong>fore</strong></span> <span class='ocrx_word' id='word_1_305' title='bbox 1613 2911 1671 2956; x_wconf 92' lang='lat' dir='ltr'><strong>ut</strong></span> <span class='ocrx_word' id='word_1_306' title='bbox 1702 2904 1884 2956; x_wconf 79' lang='lat' dir='ltr'><strong>statim</strong></span> <span class='ocrx_word' id='word_1_307' title='bbox 1918 2905 2030 2958; x_wconf 83' lang='lat' dir='ltr'><strong>bel-</strong></span> 
     </span>
    </p>
   </div>
   <div class='ocr_carea' id='block_1_44' title="bbox 445 2990 2020 3064">
    <p class='ocr_par' dir='ltr' id='par_1_44' title="bbox 445 2990 2020 3064">
     <span class='ocr_line' id='line_1_44' title="bbox 445 2990 2020 3064; baseline 0.005 -21"><span class='ocrx_word' id='word_1_308' title='bbox 445 2990 559 3043; x_wconf 91' lang='lat' dir='ltr'><strong>lum</strong></span> <span class='ocrx_word' id='word_1_309' title='bbox 594 2991 984 3057; x_wconf 79' lang='lat' dir='ltr'><strong>conficeretur,</strong></span> <span class='ocrx_word' id='word_1_310' title='bbox 1027 3007 1091 3046; x_wconf 90' lang='lat' dir='ltr'><strong>ac</strong></span> <span class='ocrx_word' id='word_1_311' title='bbox 1139 2991 1373 3046; x_wconf 83' lang='lat' dir='ltr'><strong>victoria</strong></span> <span class='ocrx_word' id='word_1_312' title='bbox 1419 3010 1588 3064; x_wconf 89' lang='lat' dir='ltr'><strong>penes</strong></span> <span class='ocrx_word' id='word_1_313' title='bbox 1619 2995 1908 3049; x_wconf 88' lang='lat' dir='ltr'><strong>Thebanos</strong></span> <span class='ocrx_word' id='word_1_314' title='bbox 1938 3011 2020 3050; x_wconf 86' lang='lat' dir='ltr'><strong>es-</strong></span> 
     </span>
    </p>
   </div>
   <div class='ocr_carea' id='block_1_45' title="bbox 2129 1847 3712 1921">
    <p class='ocr_par' dir='ltr' id='par_1_45' title="bbox 2129 1847 3712 1921">
     <span class='ocr_line' id='line_1_45' title="bbox 2129 1847 3712 1921; baseline -0.003 -18"><span class='ocrx_word' id='word_1_315' title='bbox 2129 1850 2409 1921; x_wconf 74' lang='grc' dir='ltr'>βουληθεὶς</span> <span class='ocrx_word' id='word_1_316' title='bbox 2452 1849 2652 1919; x_wconf 89' lang='grc' dir='ltr'>γῆμαι,</span> <span class='ocrx_word' id='word_1_317' title='bbox 2687 1847 2938 1917; x_wconf 71' lang='grc' dir='ltr'>εἰσῆλθεν</span> <span class='ocrx_word' id='word_1_318' title='bbox 2973 1850 3031 1900; x_wconf 89' lang='grc' dir='ltr'><strong>ἐν</strong></span> <span class='ocrx_word' id='word_1_319' title='bbox 3073 1851 3142 1918; x_wconf 83' lang='grc' dir='ltr'>τῇ</span> <span class='ocrx_word' id='word_1_320' title='bbox 3175 1848 3382 1918; x_wconf 81' lang='grc' dir='ltr'>Τροίᾳ·</span> <span class='ocrx_word' id='word_1_321' title='bbox 3431 1847 3532 1900; x_wconf 69' lang='grc' dir='ltr'>καὶ</span> <span class='ocrx_word' id='word_1_322' title='bbox 3569 1847 3712 1900; x_wconf 83' lang='grc' dir='ltr'><strong>κατά</strong></span> 
     </span>
    </p>
   </div>
   <div class='ocr_carea' id='block_1_46' title="bbox 2126 1937 3710 2015">
    <p class='ocr_par' dir='ltr' id='par_1_46' title="bbox 2126 1937 3710 2015">
     <span class='ocr_line' id='line_1_46' title="bbox 2126 1937 3710 2015; baseline -0.005 -17"><span class='ocrx_word' id='word_1_323' title='bbox 2126 1945 2281 2015; x_wconf 82' lang='grc' dir='ltr'>λόχον</span> <span class='ocrx_word' id='word_1_324' title='bbox 2333 1943 2456 1997; x_wconf 76' lang='grc' dir='ltr'>τινὰ</span> <span class='ocrx_word' id='word_1_325' title='bbox 2491 1942 2771 2009; x_wconf 81' lang='grc' dir='ltr'>τοξεύεται</span> <span class='ocrx_word' id='word_1_326' title='bbox 2801 1941 2904 1994; x_wconf 83' lang='grc' dir='ltr'><strong>ὑπὸ</strong></span> <span class='ocrx_word' id='word_1_327' title='bbox 2936 1940 3171 2011; x_wconf 83' lang='grc' dir='ltr'>Πάριδος</span> <span class='ocrx_word' id='word_1_328' title='bbox 3205 1941 3262 1991; x_wconf 92' lang='grc' dir='ltr'><strong>ἐν</strong></span> <span class='ocrx_word' id='word_1_329' title='bbox 3314 1938 3392 2009; x_wconf 86' lang='grc' dir='ltr'>τῷ</span> <span class='ocrx_word' id='word_1_330' title='bbox 3450 1938 3570 2008; x_wconf 82' lang='grc' dir='ltr'>ναῷ</span> <span class='ocrx_word' id='word_1_331' title='bbox 3615 1937 3710 1991; x_wconf 79' lang='grc' dir='ltr'>τοῦ</span> 
     </span>
    </p>
   </div>
   <div class='ocr_carea' id='block_1_47' title="bbox 2139 2027 3712 2102">
    <p class='ocr_par' dir='ltr' id='par_1_47' title="bbox 2139 2027 3712 2102">
     <span class='ocr_line' id='line_1_47' title="bbox 2139 2027 3712 2102; baseline -0.005 -14"><span class='ocrx_word' id='word_1_332' title='bbox 2139 2033 2492 2098; x_wconf 84' lang='grc' dir='ltr'>Ἀπόλλωνος,</span> <span class='ocrx_word' id='word_1_333' title='bbox 2545 2033 2641 2085; x_wconf 77' lang='grc' dir='ltr'>καὶ</span> <span class='ocrx_word' id='word_1_334' title='bbox 2674 2029 3009 2100; x_wconf 82' lang='grc' dir='ltr'>ἀποθνήσκει</span> <span class='ocrx_word' id='word_1_335' title='bbox 3031 2046 3044 2058; x_wconf 91' lang='grc'><strong>·</strong></span> <span class='ocrx_word' id='word_1_336' title='bbox 3081 2031 3139 2082; x_wconf 86' lang='grc' dir='ltr'>ὲν</span> <span class='ocrx_word' id='word_1_337' title='bbox 3186 2029 3397 2098; x_wconf 85' lang='grc' dir='ltr'>ὑστέρῳ</span> <span class='ocrx_word' id='word_1_338' title='bbox 3431 2027 3490 2081; x_wconf 88' lang='grc' dir='ltr'><strong>δέ</strong></span> <span class='ocrx_word' id='word_1_339' title='bbox 3531 2029 3712 2102; x_wconf 76' lang='grc' dir='ltr'>χρόνῳ</span> 
     </span>
    </p>
   </div>
   <div class='ocr_carea' id='block_1_48' title="bbox 2128 2121 3711 2196">
    <p class='ocr_par' dir='ltr' id='par_1_48' title="bbox 2128 2121 3711 2196">
     <span class='ocr_line' id='line_1_48' title="bbox 2128 2121 3711 2196; baseline -0.004 -16"><span class='ocrx_word' id='word_1_340' title='bbox 2128 2125 2455 2196; x_wconf 83' lang='grc' dir='ltr'>ἀνδρωθέντι</span> <span class='ocrx_word' id='word_1_341' title='bbox 2488 2123 2690 2194; x_wconf 76' lang='grc' dir='ltr'>Πύρρῳ</span> <span class='ocrx_word' id='word_1_342' title='bbox 2715 2122 2795 2192; x_wconf 80' lang='grc' dir='ltr'>τῷ</span> <span class='ocrx_word' id='word_1_343' title='bbox 2822 2121 2923 2192; x_wconf 83' lang='grc' dir='ltr'><strong>υίῷ</strong></span> <span class='ocrx_word' id='word_1_344' title='bbox 2949 2121 3136 2185; x_wconf 83' lang='grc' dir='ltr'>αὐτοῦ,</span> <span class='ocrx_word' id='word_1_345' title='bbox 3167 2122 3366 2191; x_wconf 86' lang='grc' dir='ltr'>ἐφαίνη</span> <span class='ocrx_word' id='word_1_346' title='bbox 3397 2123 3520 2174; x_wconf 86' lang='grc' dir='ltr'>κατ’</span> <span class='ocrx_word' id='word_1_347' title='bbox 3552 2122 3711 2192; x_wconf 80' lang='grc' dir='ltr'>δναρ,</span> 
     </span>
    </p>
   </div>
   <div class='ocr_carea' id='block_1_49' title="bbox 2126 2213 3710 2286">
    <p class='ocr_par' dir='ltr' id='par_1_49' title="bbox 2126 2213 3710 2286">
     <span class='ocr_line' id='line_1_49' title="bbox 2126 2213 3710 2286; baseline -0.002 -16"><span class='ocrx_word' id='word_1_348' title='bbox 2126 2218 2238 2270; x_wconf 85' lang='grc' dir='ltr'>δεῖν</span> <span class='ocrx_word' id='word_1_349' title='bbox 2271 2215 2420 2286; x_wconf 83' lang='grc' dir='ltr'>αὐτῷ</span> <span class='ocrx_word' id='word_1_350' title='bbox 2469 2215 2700 2284; x_wconf 84' lang='grc' dir='ltr'>τυθῆναι</span> <span class='ocrx_word' id='word_1_351' title='bbox 2744 2214 2845 2284; x_wconf 85' lang='grc' dir='ltr'>τὴν</span> <span class='ocrx_word' id='word_1_352' title='bbox 2878 2213 3187 2283; x_wconf 81' lang='grc' dir='ltr'>Πολυξένην</span> <span class='ocrx_word' id='word_1_353' title='bbox 3211 2213 3278 2265; x_wconf 84' lang='grc' dir='ltr'><strong>δι’</strong></span> <span class='ocrx_word' id='word_1_354' title='bbox 3324 2214 3393 2281; x_wconf 76' lang='grc' dir='ltr'>ἦν</span> <span class='ocrx_word' id='word_1_355' title='bbox 3436 2214 3710 2267; x_wconf 90' lang='grc' dir='ltr'>ἀπώλετο.</span> 
     </span>
    </p>
   </div>
   <div class='ocr_carea' id='block_1_50' title="bbox 2127 2305 3716 2380">
    <p class='ocr_par' dir='ltr' id='par_1_50' title="bbox 2127 2305 3716 2380">
     <span class='ocr_line' id='line_1_50' title="bbox 2127 2305 3716 2380; baseline -0.003 -19"><span class='ocrx_word' id='word_1_356' title='bbox 2127 2309 2240 2362; x_wconf 78' lang='grc' dir='ltr'><strong>Καὶ</strong></span> <span class='ocrx_word' id='word_1_357' title='bbox 2297 2310 2326 2361; x_wconf 88' lang='grc' dir='ltr'>ὁ</span> <span class='ocrx_word' id='word_1_358' title='bbox 2361 2307 2578 2380; x_wconf 75' lang='grc' dir='ltr'>Πύρρος</span> <span class='ocrx_word' id='word_1_359' title='bbox 2623 2305 2698 2360; x_wconf 83' lang='grc' dir='ltr'>ὢν</span> <span class='ocrx_word' id='word_1_360' title='bbox 2755 2308 2814 2359; x_wconf 83' lang='grc' dir='ltr'><strong>ἐν</strong></span> <span class='ocrx_word' id='word_1_361' title='bbox 2859 2305 3053 2377; x_wconf 66' lang='grc' dir='ltr'>Τροία,</span> <span class='ocrx_word' id='word_1_362' title='bbox 3095 2306 3190 2358; x_wconf 70' lang='grc' dir='ltr'>καὶ</span> <span class='ocrx_word' id='word_1_363' title='bbox 3237 2305 3604 2376; x_wconf 79' lang='grc' dir='ltr'>πυρπολήσας</span> <span class='ocrx_word' id='word_1_364' title='bbox 3652 2305 3716 2357; x_wconf 75' lang='grc' dir='ltr'>τὸ</span> 
     </span>
    </p>
   </div>
   <div class='ocr_carea' id='block_1_51' title="bbox 2132 2395 3717 2468">
    <p class='ocr_par' dir='ltr' id='par_1_51' title="bbox 2132 2395 3717 2468">
     <span class='ocr_line' id='line_1_51' title="bbox 2132 2395 3717 2468; baseline -0.003 -16"><span class='ocrx_word' id='word_1_365' title='bbox 2132 2401 2312 2466; x_wconf 83' lang='grc' dir='ltr'>Ἴλιον,</span> <span class='ocrx_word' id='word_1_366' title='bbox 2335 2399 2536 2467; x_wconf 86' lang='grc' dir='ltr'>ταύτην</span> <span class='ocrx_word' id='word_1_367' title='bbox 2569 2397 2708 2468; x_wconf 88' lang='grc' dir='ltr'><strong>μετά</strong></span> <span class='ocrx_word' id='word_1_368' title='bbox 2727 2396 2826 2467; x_wconf 82' lang='grc' dir='ltr'>τὴν</span> <span class='ocrx_word' id='word_1_369' title='bbox 2853 2397 3010 2468; x_wconf 86' lang='grc' dir='ltr'>νίκην</span> <span class='ocrx_word' id='word_1_370' title='bbox 3039 2395 3240 2460; x_wconf 90' lang='grc' dir='ltr'>λαϐὼν,</span> <span class='ocrx_word' id='word_1_371' title='bbox 3270 2397 3497 2465; x_wconf 83' lang='grc' dir='ltr'>σφάττει</span> <span class='ocrx_word' id='word_1_372' title='bbox 3519 2397 3616 2449; x_wconf 80' lang='grc' dir='ltr'>ἐπὶ</span> <span class='ocrx_word' id='word_1_373' title='bbox 3634 2395 3717 2466; x_wconf 77' lang='grc' dir='ltr'><strong>τῷ</strong></span> 
     </span>
    </p>
   </div>
   <div class='ocr_carea' id='block_1_52' title="bbox 2127 2489 3347 2563">
    <p class='ocr_par' dir='ltr' id='par_1_52' title="bbox 2127 2489 3347 2563">
     <span class='ocr_line' id='line_1_52' title="bbox 2127 2489 3347 2563; baseline -0.005 -17"><span class='ocrx_word' id='word_1_374' title='bbox 2127 2493 2284 2563; x_wconf 78' lang='grc' dir='ltr'>τάφῳ</span> <span class='ocrx_word' id='word_1_375' title='bbox 2308 2491 2405 2545; x_wconf 81' lang='grc' dir='ltr'><strong>τοῦ</strong></span> <span class='ocrx_word' id='word_1_376' title='bbox 2452 2491 2739 2560; x_wconf 84' lang='grc' dir='ltr'>Ἀχιλλέως</span> <span class='ocrx_word' id='word_1_377' title='bbox 2764 2489 2860 2543; x_wconf 83' lang='grc' dir='ltr'><strong>τοῦ</strong></span> <span class='ocrx_word' id='word_1_378' title='bbox 2889 2491 3095 2542; x_wconf 77' lang='grc' dir='ltr'>οἰκείου</span> <span class='ocrx_word' id='word_1_379' title='bbox 3125 2489 3347 2559; x_wconf 83' lang='grc' dir='ltr'>πατρός.</span> 
     </span>
    </p>
   </div>
   <div class='ocr_carea' id='block_1_53' title="bbox 2540 2600 3296 2672">
    <p class='ocr_par' dir='ltr' id='par_1_53' title="bbox 2540 2600 3296 2672">
     <span class='ocr_line' id='line_1_53' title="bbox 2540 2600 3296 2672; baseline -0.008 -14"><span class='ocrx_word' id='word_1_380' title='bbox 2540 2604 2605 2658; x_wconf 88' lang='grc' dir='ltr'>θ’.</span> <span class='ocrx_word' id='word_1_381' title='bbox 2642 2604 2781 2672; x_wconf 79' lang='grc' dir='ltr'>Περὶ</span> <span class='ocrx_word' id='word_1_382' title='bbox 2806 2603 2912 2657; x_wconf 83' lang='grc' dir='ltr'>τοῦ</span> <span class='ocrx_word' id='word_1_383' title='bbox 2940 2600 3296 2667; x_wconf 76' lang='grc' dir='ltr'>Μενοικέως.</span> 
     </span>
    </p>
   </div>
   <div class='ocr_carea' id='block_1_54' title="bbox 2211 2711 3718 2788">
    <p class='ocr_par' dir='ltr' id='par_1_54' title="bbox 2211 2711 3718 2788">
     <span class='ocr_line' id='line_1_54' title="bbox 2211 2711 3718 2788; baseline -0.003 -16"><span class='ocrx_word' id='word_1_384' title='bbox 2211 2719 2270 2772; x_wconf 87' lang='lat'><strong>&#39;0</strong></span> <span class='ocrx_word' id='word_1_385' title='bbox 2310 2719 2613 2782; x_wconf 83' lang='grc' dir='ltr'>Μενοικεὺς</span> <span class='ocrx_word' id='word_1_386' title='bbox 2644 2717 2918 2788; x_wconf 82' lang='grc' dir='ltr'>Κρέοντος</span> <span class='ocrx_word' id='word_1_387' title='bbox 2940 2711 3009 2786; x_wconf 83' lang='grc' dir='ltr'>ἦν</span> <span class='ocrx_word' id='word_1_388' title='bbox 3035 2714 3170 2778; x_wconf 82' lang='grc' dir='ltr'>υἱὸς,</span> <span class='ocrx_word' id='word_1_389' title='bbox 3203 2713 3472 2784; x_wconf 82' lang='grc' dir='ltr'>βασιλέως</span> <span class='ocrx_word' id='word_1_390' title='bbox 3489 2713 3718 2781; x_wconf 89' lang='grc' dir='ltr'>Θηϐῶν.</span> 
     </span>
    </p>
   </div>
   <div class='ocr_carea' id='block_1_55' title="bbox 2130 2802 3716 2879">
    <p class='ocr_par' dir='ltr' id='par_1_55' title="bbox 2130 2802 3716 2879">
     <span class='ocr_line' id='line_1_55' title="bbox 2130 2802 3716 2879; baseline -0.005 -17"><span class='ocrx_word' id='word_1_391' title='bbox 2130 2807 2558 2879; x_wconf 88' lang='grc' dir='ltr'>Πολεμουμένης</span> <span class='ocrx_word' id='word_1_392' title='bbox 2591 2802 2684 2860; x_wconf 83' lang='grc' dir='ltr'>οὖν</span> <span class='ocrx_word' id='word_1_393' title='bbox 2714 2807 2812 2875; x_wconf 90' lang='grc' dir='ltr'><strong>τῆς</strong></span> <span class='ocrx_word' id='word_1_394' title='bbox 2851 2805 2989 2867; x_wconf 84' lang='grc' dir='ltr'>ἰδίας</span> <span class='ocrx_word' id='word_1_395' title='bbox 3021 2803 3284 2874; x_wconf 85' lang='grc' dir='ltr'>πατρίδος</span> <span class='ocrx_word' id='word_1_396' title='bbox 3336 2804 3446 2856; x_wconf 87' lang='grc' dir='ltr'><strong>τῶν</strong></span> <span class='ocrx_word' id='word_1_397' title='bbox 3490 2802 3716 2873; x_wconf 84' lang='grc' dir='ltr'>Θηϐῶν,</span> 
     </span>
    </p>
   </div>
   <div class='ocr_carea' id='block_1_56' title="bbox 2131 2894 3717 2970">
    <p class='ocr_par' dir='ltr' id='par_1_56' title="bbox 2131 2894 3717 2970">
     <span class='ocr_line' id='line_1_56' title="bbox 2131 2894 3717 2970; baseline -0.003 -17"><span class='ocrx_word' id='word_1_398' title='bbox 2131 2900 2236 2953; x_wconf 83' lang='grc' dir='ltr'><strong>ὑπὸ</strong></span> <span class='ocrx_word' id='word_1_399' title='bbox 2265 2899 2376 2952; x_wconf 91' lang='grc' dir='ltr'><strong>τῶν</strong></span> <span class='ocrx_word' id='word_1_400' title='bbox 2407 2898 2548 2952; x_wconf 84' lang='grc' dir='ltr'>ἑπτά</span> <span class='ocrx_word' id='word_1_401' title='bbox 2587 2895 2939 2970; x_wconf 82' lang='grc' dir='ltr'>στρατηγῶν,</span> <span class='ocrx_word' id='word_1_402' title='bbox 2989 2896 3385 2966; x_wconf 76' lang='grc' dir='ltr'>ἐχρησμῴδησε</span> <span class='ocrx_word' id='word_1_403' title='bbox 3425 2894 3717 2965; x_wconf 81' lang='grc' dir='ltr'>Τειρεσίας</span> 
     </span>
    </p>
   </div>
   <div class='ocr_carea' id='block_1_57' title="bbox 2138 2985 3720 3062">
    <p class='ocr_par' dir='ltr' id='par_1_57' title="bbox 2138 2985 3720 3062">
     <span class='ocr_line' id='line_1_57' title="bbox 2138 2985 3720 3062; baseline -0.004 -17"><span class='ocrx_word' id='word_1_404' title='bbox 2138 2992 2333 3062; x_wconf 82' lang='grc' dir='ltr'>μάντις</span> <span class='ocrx_word' id='word_1_405' title='bbox 2369 2991 2446 3044; x_wconf 87' lang='grc' dir='ltr'><strong>ὼν</strong></span> <span class='ocrx_word' id='word_1_406' title='bbox 2469 2991 2788 3061; x_wconf 87' lang='grc' dir='ltr'>παραυτίκα</span> <span class='ocrx_word' id='word_1_407' title='bbox 2831 2987 3138 3042; x_wconf 85' lang='grc' dir='ltr'>παύσεσθαι</span> <span class='ocrx_word' id='word_1_408' title='bbox 3167 2988 3258 3040; x_wconf 79' lang='grc' dir='ltr'>τὸν</span> <span class='ocrx_word' id='word_1_409' title='bbox 3293 2985 3566 3057; x_wconf 83' lang='grc' dir='ltr'>πόλεμον,</span> <span class='ocrx_word' id='word_1_410' title='bbox 3621 2989 3720 3040; x_wconf 78' lang='grc' dir='ltr'>καὶ</span> 
     </span>
    </p>
   </div>
   <div class='ocr_carea' id='block_1_58' title="bbox 446 3079 2026 3171">
    <p class='ocr_par' dir='ltr' id='par_1_58' title="bbox 446 3081 2026 3155">
     <span class='ocr_line' id='line_1_58' title="bbox 446 3081 2026 3155; baseline 0.003 -21"><span class='ocrx_word' id='word_1_411' title='bbox 446 3091 552 3146; x_wconf 89' lang='lat' dir='ltr'><strong>set,</strong></span> <span class='ocrx_word' id='word_1_412' title='bbox 604 3081 651 3135; x_wconf 93' lang='lat' dir='ltr'><strong>si</strong></span> <span class='ocrx_word' id='word_1_413' title='bbox 704 3083 983 3151; x_wconf 88' lang='lat' dir='ltr'><strong>quispiam</strong></span> <span class='ocrx_word' id='word_1_414' title='bbox 1033 3083 1167 3154; x_wconf 73' lang='lat' dir='ltr'><strong>regii</strong></span> <span class='ocrx_word' id='word_1_415' title='bbox 1217 3085 1504 3154; x_wconf 82' lang='lat' dir='ltr'><strong>sanguinis</strong></span> <span class='ocrx_word' id='word_1_416' title='bbox 1545 3094 1710 3154; x_wconf 88' lang='lat' dir='ltr'><strong>atque</strong></span> <span class='ocrx_word' id='word_1_417' title='bbox 1746 3085 2026 3155; x_wconf 79' lang='lat' dir='ltr'><strong>indigena-</strong></span> 
     </span>
    </p>
   </div>
   <div class='ocr_carea' id='block_1_59' title="bbox 2136 3079 3718 3171">
    <p class='ocr_par' dir='ltr' id='par_1_59' title="bbox 2136 3079 3718 3154">
     <span class='ocr_line' id='line_1_59' title="bbox 2136 3079 3718 3154; baseline -0.004 -16"><span class='ocrx_word' id='word_1_418' title='bbox 2136 3085 2353 3138; x_wconf 72' lang='grc' dir='ltr'>ἔσεσθαι</span> <span class='ocrx_word' id='word_1_419' title='bbox 2381 3085 2566 3146; x_wconf 87' lang='grc' dir='ltr'>αὐτοῖς</span> <span class='ocrx_word' id='word_1_420' title='bbox 2608 3084 2785 3154; x_wconf 88' lang='grc' dir='ltr'>νίκην,</span> <span class='ocrx_word' id='word_1_421' title='bbox 2831 3083 2882 3134; x_wconf 88' lang='grc' dir='ltr'><strong>εἰ</strong></span> <span class='ocrx_word' id='word_1_422' title='bbox 2925 3082 3022 3134; x_wconf 81' lang='grc' dir='ltr'>τοῦ</span> <span class='ocrx_word' id='word_1_423' title='bbox 3062 3079 3343 3151; x_wconf 82' lang='grc' dir='ltr'>βασιλικοῦ</span> <span class='ocrx_word' id='word_1_424' title='bbox 3383 3081 3577 3147; x_wconf 86' lang='grc' dir='ltr'>γένους</span> <span class='ocrx_word' id='word_1_425' title='bbox 3606 3079 3718 3133; x_wconf 87' lang='grc' dir='ltr'><strong>τῶν</strong></span> 
     </span>
    </p>
   </div>
   <div class='ocr_carea' id='block_1_60' title="bbox 447 3170 2026 3245">
    <p class='ocr_par' dir='ltr' id='par_1_60' title="bbox 447 3175 2026 3243">
     <span class='ocr_line' id='line_1_60' title="bbox 447 3175 2026 3243; baseline 0.005 -18"><span class='ocrx_word' id='word_1_426' title='bbox 447 3187 569 3226; x_wconf 88' lang='lat' dir='ltr'><strong>rum</strong></span> <span class='ocrx_word' id='word_1_427' title='bbox 610 3189 676 3226; x_wconf 76' lang='lat' dir='ltr'><strong>ex</strong></span> <span class='ocrx_word' id='word_1_428' title='bbox 729 3175 1005 3243; x_wconf 87' lang='lat' dir='ltr'><strong>serpentis</strong></span> <span class='ocrx_word' id='word_1_429' title='bbox 1056 3175 1314 3232; x_wconf 90' lang='lat' dir='ltr'><strong>dentibus</strong></span> <span class='ocrx_word' id='word_1_430' title='bbox 1366 3185 1652 3232; x_wconf 86' lang='lat' dir='ltr'><strong>enatorum</strong></span> <span class='ocrx_word' id='word_1_431' title='bbox 1705 3193 1828 3232; x_wconf 89' lang='lat' dir='ltr'><strong>sese</strong></span> <span class='ocrx_word' id='word_1_432' title='bbox 1883 3179 2026 3233; x_wconf 86' lang='lat' dir='ltr'><strong>ultro</strong></span> 
     </span>
    </p>
   </div>
   <div class='ocr_carea' id='block_1_61' title="bbox 2136 3170 3718 3245">
    <p class='ocr_par' dir='ltr' id='par_1_61' title="bbox 2136 3170 3718 3245">
     <span class='ocr_line' id='line_1_61' title="bbox 2136 3170 3718 3245; baseline -0.003 -17"><span class='ocrx_word' id='word_1_433' title='bbox 2136 3174 2498 3245; x_wconf 86' lang='grc' dir='ltr'>αὐτοχθόνων,</span> <span class='ocrx_word' id='word_1_434' title='bbox 2540 3173 2649 3228; x_wconf 81' lang='grc' dir='ltr'><strong>τῶν</strong></span> <span class='ocrx_word' id='word_1_435' title='bbox 2692 3173 3065 3226; x_wconf 87' lang='grc' dir='ltr'>ἀναδοθέντων</span> <span class='ocrx_word' id='word_1_436' title='bbox 3109 3174 3174 3225; x_wconf 88' lang='grc' dir='ltr'><strong>ἐκ</strong></span> <span class='ocrx_word' id='word_1_437' title='bbox 3210 3170 3320 3223; x_wconf 86' lang='grc' dir='ltr'><strong>τῶν</strong></span> <span class='ocrx_word' id='word_1_438' title='bbox 3355 3171 3592 3225; x_wconf 83' lang='grc' dir='ltr'>ὀδόντων</span> <span class='ocrx_word' id='word_1_439' title='bbox 3619 3172 3718 3224; x_wconf 82' lang='grc' dir='ltr'>τοῦ</span> 
     </span>
    </p>
   </div>
   <div class='ocr_carea' id='block_1_62' title="bbox 448 3261 2029 3336">
    <p class='ocr_par' dir='ltr' id='par_1_62' title="bbox 448 3261 2029 3336">
     <span class='ocr_line' id='line_1_62' title="bbox 448 3261 2029 3336; baseline 0.006 -22"><span class='ocrx_word' id='word_1_440' title='bbox 448 3263 612 3315; x_wconf 88' lang='lat' dir='ltr'><strong>morti</strong></span> <span class='ocrx_word' id='word_1_441' title='bbox 644 3261 884 3318; x_wconf 79' lang='lat' dir='ltr'><strong>olTerret.</strong></span> <span class='ocrx_word' id='word_1_442' title='bbox 923 3263 1194 3330; x_wconf 80' lang='lat' dir='ltr'><strong>Quocirca</strong></span> <span class='ocrx_word' id='word_1_443' title='bbox 1237 3266 1327 3320; x_wconf 90' lang='lat' dir='ltr'><strong>ille</strong></span> <span class='ocrx_word' id='word_1_444' title='bbox 1380 3266 1555 3320; x_wconf 91' lang='lat' dir='ltr'><strong>inscio</strong></span> <span class='ocrx_word' id='word_1_445' title='bbox 1582 3277 1734 3336; x_wconf 89' lang='lat' dir='ltr'><strong>patre</strong></span> <span class='ocrx_word' id='word_1_446' title='bbox 1781 3284 1843 3322; x_wconf 91' lang='lat' dir='ltr'><strong>ac</strong></span> <span class='ocrx_word' id='word_1_447' title='bbox 1879 3278 2029 3323; x_wconf 89' lang='lat' dir='ltr'><strong>veste</strong></span> 
     </span>
    </p>
   </div>
   <div class='ocr_carea' id='block_1_63' title="bbox 449 3355 2024 3431">
    <p class='ocr_par' dir='ltr' id='par_1_63' title="bbox 449 3355 2024 3431">
     <span class='ocr_line' id='line_1_63' title="bbox 449 3355 2024 3431; baseline 0.005 -25"><span class='ocrx_word' id='word_1_448' title='bbox 449 3362 656 3408; x_wconf 88' lang='lat' dir='ltr'><strong>mutata</strong></span> <span class='ocrx_word' id='word_1_449' title='bbox 692 3355 746 3409; x_wconf 92' lang='lat' dir='ltr'><strong>in</strong></span> <span class='ocrx_word' id='word_1_450' title='bbox 780 3356 1086 3411; x_wconf 85' lang='lat' dir='ltr'><strong>confertam</strong></span> <span class='ocrx_word' id='word_1_451' title='bbox 1119 3359 1360 3413; x_wconf 87' lang='lat' dir='ltr'><strong>hostium</strong></span> <span class='ocrx_word' id='word_1_452' title='bbox 1388 3360 1559 3414; x_wconf 90' lang='lat' dir='ltr'><strong>aciem</strong></span> <span class='ocrx_word' id='word_1_453' title='bbox 1588 3361 1848 3431; x_wconf 89' lang='lat' dir='ltr'><strong>impetum</strong></span> <span class='ocrx_word' id='word_1_454' title='bbox 1880 3362 2024 3428; x_wconf 86' lang='lat' dir='ltr'><strong>fecit,</strong></span> 
     </span>
    </p>
   </div>
   <div class='ocr_carea' id='block_1_64' title="bbox 447 3446 1266 3518">
    <p class='ocr_par' dir='ltr' id='par_1_64' title="bbox 447 3446 1266 3518">
     <span class='ocr_line' id='line_1_64' title="bbox 447 3446 1266 3518; baseline 0.007 -20"><span class='ocrx_word' id='word_1_455' title='bbox 447 3446 518 3499; x_wconf 82' lang='lat' dir='ltr'><strong>ab</strong></span> <span class='ocrx_word' id='word_1_456' title='bbox 547 3446 726 3516; x_wconf 88' lang='lat' dir='ltr'><strong>iisque</strong></span> <span class='ocrx_word' id='word_1_457' title='bbox 759 3450 1126 3518; x_wconf 88' lang='lat' dir='ltr'><strong>interemptus</strong></span> <span class='ocrx_word' id='word_1_458' title='bbox 1157 3458 1266 3504; x_wconf 89' lang='lat' dir='ltr'><strong>est.</strong></span> 
     </span>
    </p>
   </div>
   <div class='ocr_carea' id='block_1_65' title="bbox 870 3650 1602 3719">
    <p class='ocr_par' dir='ltr' id='par_1_65' title="bbox 870 3650 1602 3719">
     <span class='ocr_line' id='line_1_65' title="bbox 870 3650 1602 3719; baseline 0.004 -16"><span class='ocrx_word' id='word_1_459' title='bbox 870 3651 958 3704; x_wconf 80' lang='grc'>10.</span> <span class='ocrx_word' id='word_1_460' title='bbox 1005 3650 1080 3704; x_wconf 82' lang='lat' dir='ltr'><strong>De</strong></span> <span class='ocrx_word' id='word_1_461' title='bbox 1113 3651 1330 3719; x_wconf 79' lang='lat' dir='ltr'><strong>ﬁliabus</strong></span> <span class='ocrx_word' id='word_1_462' title='bbox 1363 3651 1602 3706; x_wconf 85' lang='lat' dir='ltr'><strong>Scedasi.</strong></span> 
     </span>
    </p>
   </div>
   <div class='ocr_carea' id='block_1_66' title="bbox 518 3755 2031 3827">
    <p class='ocr_par' dir='ltr' id='par_1_66' title="bbox 518 3755 2031 3827">
     <span class='ocr_line' id='line_1_66' title="bbox 518 3755 2031 3827; baseline 0.008 -16"><span class='ocrx_word' id='word_1_463' title='bbox 518 3755 984 3827; x_wconf 89' lang='lat' dir='ltr'><strong>Peloponnesiaco</strong></span> <span class='ocrx_word' id='word_1_464' title='bbox 1035 3760 1178 3814; x_wconf 90' lang='lat' dir='ltr'><strong>bello</strong></span> <span class='ocrx_word' id='word_1_465' title='bbox 1239 3776 1364 3812; x_wconf 89' lang='lat' dir='ltr'><strong>cum</strong></span> <span class='ocrx_word' id='word_1_466' title='bbox 1413 3760 1813 3820; x_wconf 78' lang='lat' dir='ltr'><strong>Laredaunonii</strong></span> <span class='ocrx_word' id='word_1_467' title='bbox 1863 3769 2031 3822; x_wconf 86' lang='lat' dir='ltr'><strong>Athe-</strong></span> 
     </span>
    </p>
   </div>
   <div class='ocr_carea' id='block_1_67' title="bbox 450 3849 2032 3929">
    <p class='ocr_par' dir='ltr' id='par_1_67' title="bbox 450 3849 2032 3929">
     <span class='ocr_line' id='line_1_67' title="bbox 450 3849 2032 3929; baseline 0.007 -27"><span class='ocrx_word' id='word_1_468' title='bbox 450 3849 672 3905; x_wconf 87' lang='lat' dir='ltr'><strong>nienses</strong></span> <span class='ocrx_word' id='word_1_469' title='bbox 700 3851 752 3903; x_wconf 93' lang='lat' dir='ltr'><strong>vi</strong></span> <span class='ocrx_word' id='word_1_470' title='bbox 783 3859 950 3920; x_wconf 83' lang='lat' dir='ltr'><strong>atque</strong></span> <span class='ocrx_word' id='word_1_471' title='bbox 983 3851 1156 3906; x_wconf 89' lang='lat' dir='ltr'><strong>armis</strong></span> <span class='ocrx_word' id='word_1_472' title='bbox 1193 3863 1574 3921; x_wconf 86' lang='lat' dir='ltr'><strong>superassent,</strong></span> <span class='ocrx_word' id='word_1_473' title='bbox 1599 3856 1780 3912; x_wconf 83' lang='lat' dir='ltr'><strong>socios</strong></span> <span class='ocrx_word' id='word_1_474' title='bbox 1811 3874 2032 3929; x_wconf 89' lang='lat' dir='ltr'><strong>quoque</strong></span> 
     </span>
    </p>
   </div>
   <div class='ocr_carea' id='block_1_68' title="bbox 449 3940 2025 4021">
    <p class='ocr_par' dir='ltr' id='par_1_68' title="bbox 449 3940 2025 4021">
     <span class='ocr_line' id='line_1_68' title="bbox 449 3940 2025 4021; baseline 0.007 -27"><span class='ocrx_word' id='word_1_475' title='bbox 449 3955 584 3997; x_wconf 89' lang='lat' dir='ltr'><strong>suos</strong></span> <span class='ocrx_word' id='word_1_476' title='bbox 613 3940 755 3996; x_wconf 89' lang='lat' dir='ltr'><strong>bello</strong></span> <span class='ocrx_word' id='word_1_477' title='bbox 781 3942 1139 3998; x_wconf 90' lang='lat' dir='ltr'><strong>lacessendos</strong></span> <span class='ocrx_word' id='word_1_478' title='bbox 1170 3944 1275 3998; x_wconf 81' lang='lat' dir='ltr'><strong>sibi</strong></span> <span class='ocrx_word' id='word_1_479' title='bbox 1322 3953 1609 4014; x_wconf 85' lang='lat' dir='ltr'><strong>putarunt.</strong></span> <span class='ocrx_word' id='word_1_480' title='bbox 1654 3947 1832 4019; x_wconf 85' lang='lat' dir='ltr'><strong>Atque</strong></span> <span class='ocrx_word' id='word_1_481' title='bbox 1857 3967 2025 4021; x_wconf 77' lang='lat' dir='ltr'><strong>expe—</strong></span> 
     </span>
    </p>
   </div>
   <div class='ocr_carea' id='block_1_69' title="bbox 448 4033 2030 4111">
    <p class='ocr_par' dir='ltr' id='par_1_69' title="bbox 448 4033 2030 4111">
     <span class='ocr_line' id='line_1_69' title="bbox 448 4033 2030 4111; baseline 0.004 -23"><span class='ocrx_word' id='word_1_482' title='bbox 448 4033 660 4090; x_wconf 85' lang='lat' dir='ltr'><strong>ditione</strong></span> <span class='ocrx_word' id='word_1_483' title='bbox 707 4036 974 4090; x_wconf 89' lang='lat' dir='ltr'><strong>adversus</strong></span> <span class='ocrx_word' id='word_1_484' title='bbox 1023 4036 1324 4092; x_wconf 89' lang='lat' dir='ltr'><strong>Thebanos</strong></span> <span class='ocrx_word' id='word_1_485' title='bbox 1373 4045 1654 4108; x_wconf 88' lang='lat' dir='ltr'><strong>suscepta,</strong></span> <span class='ocrx_word' id='word_1_486' title='bbox 1709 4042 2030 4111; x_wconf 85' lang='lat' dir='ltr'><strong>priusquam</strong></span> 
     </span>
    </p>
   </div>
   <div class='ocr_carea' id='block_1_70' title="bbox 449 4126 2030 4192">
    <p class='ocr_par' dir='ltr' id='par_1_70' title="bbox 449 4126 2030 4192">
     <span class='ocr_line' id='line_1_70' title="bbox 449 4126 2030 4192; baseline 0.004 -12"><span class='ocrx_word' id='word_1_487' title='bbox 449 4135 635 4182; x_wconf 85' lang='lat' dir='ltr'><strong>castra</strong></span> <span class='ocrx_word' id='word_1_488' title='bbox 659 4127 782 4181; x_wconf 91' lang='lat' dir='ltr'><strong>urbi</strong></span> <span class='ocrx_word' id='word_1_489' title='bbox 819 4126 1215 4192; x_wconf 88' lang='lat' dir='ltr'><strong>admovissent,</strong></span> <span class='ocrx_word' id='word_1_490' title='bbox 1250 4128 1305 4182; x_wconf 91' lang='lat' dir='ltr'><strong>in</strong></span> <span class='ocrx_word' id='word_1_491' title='bbox 1356 4127 1608 4185; x_wconf 88' lang='lat' dir='ltr'><strong>Leuctris</strong></span> <span class='ocrx_word' id='word_1_492' title='bbox 1646 4129 2030 4187; x_wconf 80' lang='lat' dir='ltr'><strong>Thebanorum</strong></span> 
     </span>
    </p>
   </div>
   <div class='ocr_carea' id='block_1_71' title="bbox 448 4219 2033 4290">
    <p class='ocr_par' dir='ltr' id='par_1_71' title="bbox 448 4219 2033 4290">
     <span class='ocr_line' id='line_1_71' title="bbox 448 4219 2033 4290; baseline 0.003 -16"><span class='ocrx_word' id='word_1_493' title='bbox 448 4220 585 4274; x_wconf 72' lang='lat' dir='ltr'><strong>urbe</strong></span> <span class='ocrx_word' id='word_1_494' title='bbox 613 4220 749 4274; x_wconf 88' lang='lat' dir='ltr'><strong>inito</strong></span> <span class='ocrx_word' id='word_1_495' title='bbox 784 4220 970 4289; x_wconf 65' lang='lat' dir='ltr'><strong>praelio</strong></span> <span class='ocrx_word' id='word_1_496' title='bbox 1003 4219 1109 4275; x_wconf 85' lang='lat' dir='ltr'><strong>fusi</strong></span> <span class='ocrx_word' id='word_1_497' title='bbox 1147 4235 1210 4274; x_wconf 90' lang='lat' dir='ltr'><strong>ac</strong></span> <span class='ocrx_word' id='word_1_498' title='bbox 1237 4219 1510 4290; x_wconf 81' lang='lat' dir='ltr'><strong>proﬂigati</strong></span> <span class='ocrx_word' id='word_1_499' title='bbox 1553 4233 1715 4289; x_wconf 89' lang='lat' dir='ltr'><strong>sunt,</strong></span> <span class='ocrx_word' id='word_1_500' title='bbox 1767 4240 1891 4278; x_wconf 82' lang='lat' dir='ltr'><strong>cum</strong></span> <span class='ocrx_word' id='word_1_501' title='bbox 1921 4225 2033 4278; x_wconf 80' lang='lat' dir='ltr'><strong>dux</strong></span> 
     </span>
    </p>
   </div>
   <div class='ocr_carea' id='block_1_72' title="bbox 452 4310 2033 4383">
    <p class='ocr_par' dir='ltr' id='par_1_72' title="bbox 452 4310 2033 4383">
     <span class='ocr_line' id='line_1_72' title="bbox 452 4310 2033 4383; baseline 0.003 -19"><span class='ocrx_word' id='word_1_502' title='bbox 452 4310 836 4365; x_wconf 87' lang='lat' dir='ltr'><strong>Thebanorum</strong></span> <span class='ocrx_word' id='word_1_503' title='bbox 889 4311 1300 4381; x_wconf 88' lang='lat' dir='ltr'><strong>Epaminondas</strong></span> <span class='ocrx_word' id='word_1_504' title='bbox 1350 4313 1619 4383; x_wconf 77' lang='lat' dir='ltr'><strong>insignem</strong></span> <span class='ocrx_word' id='word_1_505' title='bbox 1669 4315 1722 4367; x_wconf 90' lang='lat' dir='ltr'><strong>in</strong></span> <span class='ocrx_word' id='word_1_506' title='bbox 1755 4330 1821 4370; x_wconf 90' lang='lat' dir='ltr'><strong>eo</strong></span> <span class='ocrx_word' id='word_1_507' title='bbox 1857 4328 2033 4370; x_wconf 83' lang='lat' dir='ltr'><strong>certa-</strong></span> 
     </span>
    </p>
   </div>
   <div class='ocr_carea' id='block_1_73' title="bbox 452 4401 2030 4472">
    <p class='ocr_par' dir='ltr' id='par_1_73' title="bbox 452 4401 2030 4472">
     <span class='ocr_line' id='line_1_73' title="bbox 452 4401 2030 4472; baseline 0.004 -18"><span class='ocrx_word' id='word_1_508' title='bbox 452 4401 600 4457; x_wconf 87' lang='lat' dir='ltr'><strong>mine</strong></span> <span class='ocrx_word' id='word_1_509' title='bbox 625 4418 847 4472; x_wconf 84' lang='lat' dir='ltr'><strong>operam</strong></span> <span class='ocrx_word' id='word_1_510' title='bbox 878 4413 1156 4458; x_wconf 89' lang='lat' dir='ltr'><strong>navasset.</strong></span> <span class='ocrx_word' id='word_1_511' title='bbox 1189 4402 1315 4458; x_wconf 68' lang='lat' dir='ltr'><strong>Haec</strong></span> <span class='ocrx_word' id='word_1_512' title='bbox 1351 4413 1530 4459; x_wconf 86' lang='lat' dir='ltr'><strong>autem</strong></span> <span class='ocrx_word' id='word_1_513' title='bbox 1566 4404 1748 4460; x_wconf 89' lang='lat' dir='ltr'><strong>clades</strong></span> <span class='ocrx_word' id='word_1_514' title='bbox 1779 4404 2030 4460; x_wconf 73' lang='lat' dir='ltr'><strong>Lacedae-</strong></span> 
     </span>
    </p>
   </div>
   <div class='ocr_carea' id='block_1_74' title="bbox 453 4494 2028 4563">
    <p class='ocr_par' dir='ltr' id='par_1_74' title="bbox 453 4494 2028 4563">
     <span class='ocr_line' id='line_1_74' title="bbox 453 4494 2028 4563; baseline 0.003 -18"><span class='ocrx_word' id='word_1_515' title='bbox 453 4494 655 4548; x_wconf 89' lang='lat' dir='ltr'><strong>moniis</strong></span> <span class='ocrx_word' id='word_1_516' title='bbox 693 4495 765 4549; x_wconf 92' lang='lat' dir='ltr'><strong>ob</strong></span> <span class='ocrx_word' id='word_1_517' title='bbox 801 4494 1118 4563; x_wconf 80' lang='lat' dir='ltr'><strong>hujusmodi</strong></span> <span class='ocrx_word' id='word_1_518' title='bbox 1150 4511 1375 4550; x_wconf 90' lang='lat' dir='ltr'><strong>causam</strong></span> <span class='ocrx_word' id='word_1_519' title='bbox 1416 4497 1468 4548; x_wconf 92' lang='lat' dir='ltr'><strong>in</strong></span> <span class='ocrx_word' id='word_1_520' title='bbox 1518 4495 1768 4551; x_wconf 82' lang='lat' dir='ltr'><strong>Leuctris</strong></span> <span class='ocrx_word' id='word_1_521' title='bbox 1800 4498 2028 4551; x_wconf 75' lang='lat' dir='ltr'><strong>accidit:</strong></span> 
     </span>
    </p>
   </div>
   <div class='ocr_carea' id='block_1_75' title="bbox 456 4587 2031 4656">
    <p class='ocr_par' dir='ltr' id='par_1_75' title="bbox 456 4587 2031 4656">
     <span class='ocr_line' id='line_1_75' title="bbox 456 4587 2031 4656; baseline 0.003 -17"><span class='ocrx_word' id='word_1_522' title='bbox 456 4587 731 4643; x_wconf 80' lang='lat' dir='ltr'><strong>Scedasus</strong></span> <span class='ocrx_word' id='word_1_523' title='bbox 769 4587 1122 4642; x_wconf 83' lang='lat' dir='ltr'><strong>Leuctrensis</strong></span> <span class='ocrx_word' id='word_1_524' title='bbox 1161 4597 1274 4643; x_wconf 86' lang='lat' dir='ltr'><strong>tres</strong></span> <span class='ocrx_word' id='word_1_525' title='bbox 1313 4589 1450 4643; x_wconf 85' lang='lat' dir='ltr'><strong>filias</strong></span> <span class='ocrx_word' id='word_1_526' title='bbox 1497 4589 1750 4643; x_wconf 84' lang='lat' dir='ltr'><strong>habebat.</strong></span> <span class='ocrx_word' id='word_1_527' title='bbox 1799 4589 2031 4656; x_wconf 83' lang='lat' dir='ltr'><strong>Quidam</strong></span> 
     </span>
    </p>
   </div>
   <div class='ocr_carea' id='block_1_76' title="bbox 451 4671 2041 4753">
    <p class='ocr_par' dir='ltr' id='par_1_76' title="bbox 451 4671 2041 4753">
     <span class='ocr_line' id='line_1_76' title="bbox 451 4671 2041 4753; baseline 0.003 -21"><span class='ocrx_word' id='word_1_528' title='bbox 451 4687 635 4733; x_wconf 87' lang='lat' dir='ltr'><strong>autem</strong></span> <span class='ocrx_word' id='word_1_529' title='bbox 665 4679 1064 4734; x_wconf 64' lang='lat' dir='ltr'><strong>Lacedaemonii</strong></span> <span class='ocrx_word' id='word_1_530' title='bbox 1096 4682 1225 4734; x_wconf 88' lang='lat' dir='ltr'><strong>olim</strong></span> <span class='ocrx_word' id='word_1_531' title='bbox 1267 4683 1336 4735; x_wconf 91' lang='lat' dir='ltr'><strong>ab</strong></span> <span class='ocrx_word' id='word_1_532' title='bbox 1375 4683 1508 4752; x_wconf 89' lang='lat' dir='ltr'><strong>ipsis</strong></span> <span class='ocrx_word' id='word_1_533' title='bbox 1537 4683 1775 4752; x_wconf 91' lang='lat' dir='ltr'><strong>hospitio</strong></span> <span class='ocrx_word' id='word_1_534' title='bbox 1810 4671 2041 4753; x_wconf 31' lang='lat' dir='ltr'><strong>excepti,</strong></span> 
     </span>
    </p>
   </div>
   <div class='ocr_carea' id='block_1_77' title="bbox 452 4774 2032 4843">
    <p class='ocr_par' dir='ltr' id='par_1_77' title="bbox 452 4774 2032 4843">
     <span class='ocr_line' id='line_1_77' title="bbox 452 4774 2032 4843; baseline 0.003 -18"><span class='ocrx_word' id='word_1_535' title='bbox 452 4774 666 4841; x_wconf 84' lang='lat' dir='ltr'><strong>puellas</strong></span> <span class='ocrx_word' id='word_1_536' title='bbox 707 4781 1160 4843; x_wconf 84' lang='lat' dir='ltr'><strong>constuprarunt.</strong></span> <span class='ocrx_word' id='word_1_537' title='bbox 1188 4776 1265 4826; x_wconf 82' lang='lat' dir='ltr'><strong>Ac</strong></span> <span class='ocrx_word' id='word_1_538' title='bbox 1297 4783 1624 4839; x_wconf 82' lang='lat' dir='ltr'><strong>metuentes,</strong></span> <span class='ocrx_word' id='word_1_539' title='bbox 1662 4790 1731 4829; x_wconf 91' lang='lat' dir='ltr'><strong>ne</strong></span> <span class='ocrx_word' id='word_1_540' title='bbox 1761 4777 1900 4842; x_wconf 85' lang='lat' dir='ltr'><strong>patri</strong></span> <span class='ocrx_word' id='word_1_541' title='bbox 1928 4791 2032 4830; x_wconf 91' lang='lat' dir='ltr'><strong>suo</strong></span> 
     </span>
    </p>
   </div>
   <div class='ocr_carea' id='block_1_78' title="bbox 451 4863 2031 4936">
    <p class='ocr_par' dir='ltr' id='par_1_78' title="bbox 451 4863 2031 4936">
     <span class='ocr_line' id='line_1_78' title="bbox 451 4863 2031 4936; baseline 0.003 -18"><span class='ocrx_word' id='word_1_542' title='bbox 451 4863 560 4918; x_wconf 73' lang='lat' dir='ltr'><strong>illa:</strong></span> <span class='ocrx_word' id='word_1_543' title='bbox 583 4872 860 4934; x_wconf 89' lang='lat' dir='ltr'><strong>acceptam</strong></span> <span class='ocrx_word' id='word_1_544' title='bbox 888 4865 1144 4934; x_wconf 84' lang='lat' dir='ltr'><strong>injuriam</strong></span> <span class='ocrx_word' id='word_1_545' title='bbox 1171 4874 1488 4926; x_wconf 88' lang='lat' dir='ltr'><strong>narrarent,</strong></span> <span class='ocrx_word' id='word_1_546' title='bbox 1538 4883 1735 4921; x_wconf 88' lang='lat' dir='ltr'><strong>manus</strong></span> <span class='ocrx_word' id='word_1_547' title='bbox 1777 4867 1914 4936; x_wconf 91' lang='lat' dir='ltr'><strong>ipsis</strong></span> <span class='ocrx_word' id='word_1_548' title='bbox 1944 4870 2031 4922; x_wconf 90' lang='lat' dir='ltr'><strong>in-</strong></span> 
     </span>
    </p>
   </div>
   <div class='ocr_carea' id='block_1_79' title="bbox 453 4953 2034 5028">
    <p class='ocr_par' dir='ltr' id='par_1_79' title="bbox 453 4953 2034 5028">
     <span class='ocr_line' id='line_1_79' title="bbox 453 4953 2034 5028; baseline 0.006 -21"><span class='ocrx_word' id='word_1_549' title='bbox 453 4954 720 5009; x_wconf 91' lang='lat' dir='ltr'><strong>tulerunt.</strong></span> <span class='ocrx_word' id='word_1_550' title='bbox 766 4953 1042 5010; x_wconf 78' lang='lat' dir='ltr'><strong>Reversus</strong></span> <span class='ocrx_word' id='word_1_551' title='bbox 1085 4971 1216 5026; x_wconf 75' lang='lat' dir='ltr'><strong>ergo</strong></span> <span class='ocrx_word' id='word_1_552' title='bbox 1264 4957 1316 5010; x_wconf 92' lang='lat' dir='ltr'><strong>in</strong></span> <span class='ocrx_word' id='word_1_553' title='bbox 1348 4958 1580 5028; x_wconf 89' lang='lat' dir='ltr'><strong>patriam</strong></span> <span class='ocrx_word' id='word_1_554' title='bbox 1629 4956 1925 5023; x_wconf 88' lang='lat' dir='ltr'><strong>Scedasus,</strong></span> <span class='ocrx_word' id='word_1_555' title='bbox 1975 4977 2034 5016; x_wconf 89' lang='lat' dir='ltr'><strong>re</strong></span> 
     </span>
    </p>
   </div>
   <div class='ocr_carea' id='block_1_80' title="bbox 451 5047 2034 5120">
    <p class='ocr_par' dir='ltr' id='par_1_80' title="bbox 451 5047 2034 5120">
     <span class='ocr_line' id='line_1_80' title="bbox 451 5047 2034 5120; baseline 0.003 -20"><span class='ocrx_word' id='word_1_556' title='bbox 451 5047 692 5116; x_wconf 84' lang='lat' dir='ltr'><strong>cognita,</strong></span> <span class='ocrx_word' id='word_1_557' title='bbox 748 5047 885 5102; x_wconf 90' lang='lat' dir='ltr'><strong>diris</strong></span> <span class='ocrx_word' id='word_1_558' title='bbox 931 5049 1186 5103; x_wconf 92' lang='lat' dir='ltr'><strong>omnibus</strong></span> <span class='ocrx_word' id='word_1_559' title='bbox 1237 5048 1681 5105; x_wconf 69' lang='lat' dir='ltr'><strong>Lacedremonios</strong></span> <span class='ocrx_word' id='word_1_560' title='bbox 1731 5050 1797 5104; x_wconf 90' lang='lat' dir='ltr'><strong>ad</strong></span> <span class='ocrx_word' id='word_1_561' title='bbox 1854 5051 2034 5120; x_wconf 90' lang='lat' dir='ltr'><strong>ipsum</strong></span> 
     </span>
    </p>
   </div>
   <div class='ocr_carea' id='block_1_81' title="bbox 455 5139 2038 5213">
    <p class='ocr_par' dir='ltr' id='par_1_81' title="bbox 455 5139 2038 5213">
     <span class='ocr_line' id='line_1_81' title="bbox 455 5139 2038 5213; baseline 0.004 -21"><span class='ocrx_word' id='word_1_562' title='bbox 455 5139 688 5192; x_wconf 87' lang='lat' dir='ltr'><strong>filiarum</strong></span> <span class='ocrx_word' id='word_1_563' title='bbox 734 5141 1046 5208; x_wconf 89' lang='lat' dir='ltr'><strong>sepulcrum</strong></span> <span class='ocrx_word' id='word_1_564' title='bbox 1095 5141 1331 5207; x_wconf 87' lang='lat' dir='ltr'><strong>devovit,</strong></span> <span class='ocrx_word' id='word_1_565' title='bbox 1379 5143 1693 5213; x_wconf 89' lang='lat' dir='ltr'><strong>miseraque</strong></span> <span class='ocrx_word' id='word_1_566' title='bbox 1723 5145 1906 5198; x_wconf 90' lang='lat' dir='ltr'><strong>omnia</strong></span> <span class='ocrx_word' id='word_1_567' title='bbox 1935 5146 2038 5199; x_wconf 84' lang='lat' dir='ltr'><strong>im-</strong></span> 
     </span>
    </p>
   </div>
   <div class='ocr_carea' id='block_1_82' title="bbox 454 5232 2036 5306">
    <p class='ocr_par' dir='ltr' id='par_1_82' title="bbox 454 5232 2036 5306">
     <span class='ocr_line' id='line_1_82' title="bbox 454 5232 2036 5306; baseline 0.004 -23"><span class='ocrx_word' id='word_1_568' title='bbox 454 5237 712 5300; x_wconf 86' lang='lat' dir='ltr'><strong>precatus</strong></span> <span class='ocrx_word' id='word_1_569' title='bbox 742 5241 846 5286; x_wconf 90' lang='lat' dir='ltr'><strong>est.</strong></span> <span class='ocrx_word' id='word_1_570' title='bbox 889 5232 966 5286; x_wconf 86' lang='lat' dir='ltr'><strong>Ac</strong></span> <span class='ocrx_word' id='word_1_571' title='bbox 992 5233 1220 5301; x_wconf 91' lang='lat' dir='ltr'><strong>proinde</strong></span> <span class='ocrx_word' id='word_1_572' title='bbox 1262 5232 1664 5289; x_wconf 70' lang='lat' dir='ltr'><strong>Lacedaemonii</strong></span> <span class='ocrx_word' id='word_1_573' title='bbox 1712 5236 1856 5306; x_wconf 88' lang='lat' dir='ltr'><strong>apud</strong></span> <span class='ocrx_word' id='word_1_574' title='bbox 1892 5236 2036 5292; x_wconf 91' lang='lat' dir='ltr'><strong>Leu-</strong></span> 
     </span>
    </p>
   </div>
   <div class='ocr_carea' id='block_1_83' title="bbox 455 5325 1381 5396">
    <p class='ocr_par' dir='ltr' id='par_1_83' title="bbox 455 5325 1381 5396">
     <span class='ocr_line' id='line_1_83' title="bbox 455 5325 1381 5396; baseline 0.003 -18"><span class='ocrx_word' id='word_1_575' title='bbox 455 5331 571 5378; x_wconf 81' lang='lat' dir='ltr'><strong>ctra</strong></span> <span class='ocrx_word' id='word_1_576' title='bbox 598 5339 712 5379; x_wconf 92' lang='lat' dir='ltr'><strong>rem</strong></span> <span class='ocrx_word' id='word_1_577' title='bbox 749 5325 1045 5380; x_wconf 83' lang='lat' dir='ltr'><strong>infeliciter</strong></span> <span class='ocrx_word' id='word_1_578' title='bbox 1069 5335 1381 5396; x_wconf 81' lang='lat' dir='ltr'><strong>gesserunt.</strong></span> 
     </span>
    </p>
   </div>
   <div class='ocr_carea' id='block_1_84' title="bbox 739 5438 1751 5495">
    <p class='ocr_par' dir='ltr' id='par_1_84' title="bbox 739 5438 1751 5495">
     <span class='ocr_line' id='line_1_84' title="bbox 739 5438 1751 5495; baseline 0.002 -2"><span class='ocrx_word' id='word_1_579' title='bbox 739 5439 826 5493; x_wconf 84' lang='grc' dir='ltr'>Η.</span> <span class='ocrx_word' id='word_1_580' title='bbox 871 5438 948 5493; x_wconf 81' lang='lat' dir='ltr'><strong>De</strong></span> <span class='ocrx_word' id='word_1_581' title='bbox 988 5440 1266 5494; x_wconf 83' lang='lat' dir='ltr'><strong>Laconicis</strong></span> <span class='ocrx_word' id='word_1_582' title='bbox 1309 5439 1751 5495; x_wconf 82' lang='lat' dir='ltr'><strong>adolescentibus.</strong></span> 
     </span>
    </p>
   </div>
   <div class='ocr_carea' id='block_1_85' title="bbox 529 5547 2036 5609">
    <p class='ocr_par' dir='ltr' id='par_1_85' title="bbox 529 5547 2036 5609">
     <span class='ocr_line' id='line_1_85' title="bbox 529 5547 2036 5609; baseline 0.002 -4"><span class='ocrx_word' id='word_1_583' title='bbox 529 5547 929 5607; x_wconf 71' lang='lat' dir='ltr'><strong>Lacedaemonii</strong></span> <span class='ocrx_word' id='word_1_584' title='bbox 963 5568 1088 5607; x_wconf 89' lang='lat' dir='ltr'><strong>cum</strong></span> <span class='ocrx_word' id='word_1_585' title='bbox 1127 5553 1277 5608; x_wconf 89' lang='lat' dir='ltr'><strong>cives</strong></span> <span class='ocrx_word' id='word_1_586' title='bbox 1310 5569 1441 5609; x_wconf 88' lang='lat' dir='ltr'><strong>suos</strong></span> <span class='ocrx_word' id='word_1_587' title='bbox 1472 5569 1537 5608; x_wconf 93' lang='lat' dir='ltr'><strong>ac</strong></span> <span class='ocrx_word' id='word_1_588' title='bbox 1572 5553 1780 5609; x_wconf 89' lang='lat' dir='ltr'><strong>liberos</strong></span> <span class='ocrx_word' id='word_1_589' title='bbox 1811 5555 2036 5608; x_wconf 87' lang='lat' dir='ltr'><strong>fortitu-</strong></span> 
     </span>
    </p>
   </div>
   <div class='ocr_carea' id='block_1_86' title="bbox 457 5639 2040 5714">
    <p class='ocr_par' dir='ltr' id='par_1_86' title="bbox 457 5639 2040 5714">
     <span class='ocr_line' id='line_1_86' title="bbox 457 5639 2040 5714; baseline 0.003 -17"><span class='ocrx_word' id='word_1_590' title='bbox 457 5639 588 5697; x_wconf 84' lang='lat' dir='ltr'><strong>dine</strong></span> <span class='ocrx_word' id='word_1_591' title='bbox 627 5657 692 5696; x_wconf 89' lang='lat' dir='ltr'><strong>ac</strong></span> <span class='ocrx_word' id='word_1_592' title='bbox 721 5642 1014 5698; x_wconf 88' lang='lat' dir='ltr'><strong>tolerantia</strong></span> <span class='ocrx_word' id='word_1_593' title='bbox 1051 5645 1322 5700; x_wconf 85' lang='lat' dir='ltr'><strong>excellere</strong></span> <span class='ocrx_word' id='word_1_594' title='bbox 1365 5653 1634 5714; x_wconf 87' lang='lat' dir='ltr'><strong>cuperent</strong></span> <span class='ocrx_word' id='word_1_595' title='bbox 1672 5664 1684 5697; x_wconf 96' lang='lat'><strong>:</strong></span> <span class='ocrx_word' id='word_1_596' title='bbox 1723 5648 2040 5701; x_wconf 85' lang='lat' dir='ltr'><strong>verberibus</strong></span> 
     </span>
    </p>
   </div>
   <div class='ocr_carea' id='block_1_87' title="bbox 461 5733 2038 5807">
    <p class='ocr_par' dir='ltr' id='par_1_87' title="bbox 461 5733 2038 5807">
     <span class='ocr_line' id='line_1_87' title="bbox 461 5733 2038 5807; baseline 0.003 -18"><span class='ocrx_word' id='word_1_597' title='bbox 461 5746 562 5789; x_wconf 74' lang='lat' dir='ltr'><strong>eos</strong></span> <span class='ocrx_word' id='word_1_598' title='bbox 588 5733 938 5799; x_wconf 77' lang='lat' dir='ltr'><strong>exercebant,</strong></span> <span class='ocrx_word' id='word_1_599' title='bbox 969 5735 1133 5804; x_wconf 86' lang='lat' dir='ltr'><strong>eique</strong></span> <span class='ocrx_word' id='word_1_600' title='bbox 1160 5737 1252 5806; x_wconf 91' lang='lat' dir='ltr'><strong>qui</strong></span> <span class='ocrx_word' id='word_1_601' title='bbox 1285 5737 1508 5795; x_wconf 86' lang='lat' dir='ltr'><strong>dolores</strong></span> <span class='ocrx_word' id='word_1_602' title='bbox 1546 5738 1746 5794; x_wconf 84' lang='lat' dir='ltr'><strong>fortius</strong></span> <span class='ocrx_word' id='word_1_603' title='bbox 1782 5738 2038 5807; x_wconf 86' lang='lat' dir='ltr'><strong>pertulis-</strong></span> 
     </span>
    </p>
   </div>
   <div class='ocr_carea' id='block_1_88' title="bbox 471 5821 1336 5895">
    <p class='ocr_par' dir='ltr' id='par_1_88' title="bbox 471 5821 1336 5895">
     <span class='ocr_line' id='line_1_88' title="bbox 471 5821 1336 5895; baseline 0.006 -20"><span class='ocrx_word' id='word_1_604' title='bbox 471 5831 576 5889; x_wconf 85' lang='lat' dir='ltr'><strong>set,</strong></span> <span class='ocrx_word' id='word_1_605' title='bbox 611 5821 894 5893; x_wconf 65' lang='lat' dir='ltr'><strong>praemium</strong></span> <span class='ocrx_word' id='word_1_606' title='bbox 929 5826 1336 5895; x_wconf 84' lang='lat' dir='ltr'><strong>persolvcbant.</strong></span> 
     </span>
    </p>
   </div>
   <div class='ocr_carea' id='block_1_89' title="bbox 2129 3262 3717 3336">
    <p class='ocr_par' dir='ltr' id='par_1_89' title="bbox 2129 3262 3717 3336">
     <span class='ocr_line' id='line_1_89' title="bbox 2129 3262 3717 3336; baseline -0.004 -17"><span class='ocrx_word' id='word_1_607' title='bbox 2129 3265 2445 3336; x_wconf 85' lang='grc' dir='ltr'>δράκοντος,</span> <span class='ocrx_word' id='word_1_608' title='bbox 2501 3266 2582 3328; x_wconf 76' lang='grc' dir='ltr'>τὶς</span> <span class='ocrx_word' id='word_1_609' title='bbox 2633 3263 2828 3318; x_wconf 75' lang='grc' dir='ltr'>ἑαυτὸν</span> <span class='ocrx_word' id='word_1_610' title='bbox 2857 3262 2932 3334; x_wconf 82' lang='grc' dir='ltr'>δῷ</span> <span class='ocrx_word' id='word_1_611' title='bbox 2975 3262 3112 3334; x_wconf 81' lang='grc' dir='ltr'>πρὸς</span> <span class='ocrx_word' id='word_1_612' title='bbox 3160 3263 3464 3331; x_wconf 84' lang='grc' dir='ltr'>ἀναίρεσιν.</span> <span class='ocrx_word' id='word_1_613' title='bbox 3508 3262 3717 3316; x_wconf 85' lang='grc' dir='ltr'>Μαθὼν</span> 
     </span>
    </p>
   </div>
   <div class='ocr_carea' id='block_1_90' title="bbox 2130 3353 3721 3425">
    <p class='ocr_par' dir='ltr' id='par_1_90' title="bbox 2130 3353 3721 3425">
     <span class='ocr_line' id='line_1_90' title="bbox 2130 3353 3721 3425; baseline 0 -15"><span class='ocrx_word' id='word_1_614' title='bbox 2130 3358 2291 3411; x_wconf 83' lang='grc' dir='ltr'>τοῦτο</span> <span class='ocrx_word' id='word_1_615' title='bbox 2317 3359 2344 3412; x_wconf 79' lang='grc' dir='ltr'>ὁ</span> <span class='ocrx_word' id='word_1_616' title='bbox 2375 3358 2698 3421; x_wconf 80' lang='grc' dir='ltr'>Μενοικεὺς,</span> <span class='ocrx_word' id='word_1_617' title='bbox 2741 3357 2834 3410; x_wconf 81' lang='grc' dir='ltr'>καὶ</span> <span class='ocrx_word' id='word_1_618' title='bbox 2874 3355 3044 3410; x_wconf 84' lang='grc' dir='ltr'>θέλων</span> <span class='ocrx_word' id='word_1_619' title='bbox 3076 3353 3447 3425; x_wconf 88' lang='grc' dir='ltr'>ἐλευθερῶσαι</span> <span class='ocrx_word' id='word_1_620' title='bbox 3480 3356 3583 3425; x_wconf 84' lang='grc' dir='ltr'><strong>τῆς</strong></span> <span class='ocrx_word' id='word_1_621' title='bbox 3616 3375 3721 3410; x_wconf 82' lang='grc' dir='ltr'>πο-</span> 
     </span>
    </p>
   </div>
   <div class='ocr_carea' id='block_1_91' title="bbox 2130 3448 3721 3522">
    <p class='ocr_par' dir='ltr' id='par_1_91' title="bbox 2130 3448 3721 3522">
     <span class='ocr_line' id='line_1_91' title="bbox 2130 3448 3721 3522; baseline 0.001 -20"><span class='ocrx_word' id='word_1_622' title='bbox 2130 3449 2376 3522; x_wconf 88' lang='grc' dir='ltr'>λιορκίας</span> <span class='ocrx_word' id='word_1_623' title='bbox 2403 3450 2505 3520; x_wconf 82' lang='grc' dir='ltr'>τὴν</span> <span class='ocrx_word' id='word_1_624' title='bbox 2532 3450 2708 3515; x_wconf 76' lang='grc' dir='ltr'>πόλιν,</span> <span class='ocrx_word' id='word_1_625' title='bbox 2744 3449 2976 3503; x_wconf 88' lang='grc' dir='ltr'>δέδωκεν</span> <span class='ocrx_word' id='word_1_626' title='bbox 3008 3448 3204 3502; x_wconf 85' lang='grc' dir='ltr'>ἐαυτὸν</span> <span class='ocrx_word' id='word_1_627' title='bbox 3233 3449 3374 3518; x_wconf 76' lang='grc' dir='ltr'>πρὸς</span> <span class='ocrx_word' id='word_1_628' title='bbox 3403 3451 3721 3521; x_wconf 82' lang='grc' dir='ltr'>ἀναίρεσιν,</span> 
     </span>
    </p>
   </div>
   <div class='ocr_carea' id='block_1_92' title="bbox 2129 3541 3116 3614">
    <p class='ocr_par' dir='ltr' id='par_1_92' title="bbox 2129 3541 3116 3614">
     <span class='ocr_line' id='line_1_92' title="bbox 2129 3541 3116 3614; baseline 0.002 -20"><span class='ocrx_word' id='word_1_629' title='bbox 2129 3541 2252 3612; x_wconf 89' lang='grc' dir='ltr'>δίχα</span> <span class='ocrx_word' id='word_1_630' title='bbox 2275 3541 2370 3596; x_wconf 82' lang='grc' dir='ltr'>τοῦ</span> <span class='ocrx_word' id='word_1_631' title='bbox 2397 3543 2603 3614; x_wconf 85' lang='grc' dir='ltr'>πατρὸς</span> <span class='ocrx_word' id='word_1_632' title='bbox 2632 3541 2798 3596; x_wconf 84' lang='grc' dir='ltr'>αὐτοῦ</span> <span class='ocrx_word' id='word_1_633' title='bbox 2825 3541 3116 3612; x_wconf 86' lang='grc' dir='ltr'>Κρέοντος.</span> 
     </span>
    </p>
   </div>
   <div class='ocr_carea' id='block_1_93' title="bbox 2365 3653 3490 3724">
    <p class='ocr_par' dir='ltr' id='par_1_93' title="bbox 2365 3653 3490 3724">
     <span class='ocr_line' id='line_1_93' title="bbox 2365 3653 3490 3724; baseline -0.002 -16"><span class='ocrx_word' id='word_1_634' title='bbox 2365 3661 2417 3710; x_wconf 86' lang='grc' dir='ltr'>ι’.</span> <span class='ocrx_word' id='word_1_635' title='bbox 2461 3654 2603 3723; x_wconf 74' lang='grc' dir='ltr'>Περὶ</span> <span class='ocrx_word' id='word_1_636' title='bbox 2639 3654 2756 3708; x_wconf 77' lang='grc' dir='ltr'>τῶν</span> <span class='ocrx_word' id='word_1_637' title='bbox 2781 3653 3096 3709; x_wconf 81' lang='grc' dir='ltr'>Σκεδάσου</span> <span class='ocrx_word' id='word_1_638' title='bbox 3129 3654 3490 3724; x_wconf 75' lang='grc' dir='ltr'>θυγατέρων.</span> 
     </span>
    </p>
   </div>
   <div class='ocr_carea' id='block_1_94' title="bbox 2200 3764 3724 3836">
    <p class='ocr_par' dir='ltr' id='par_1_94' title="bbox 2200 3764 3724 3836">
     <span class='ocr_line' id='line_1_94' title="bbox 2200 3764 3724 3836; baseline -0.003 -16"><span class='ocrx_word' id='word_1_639' title='bbox 2200 3767 2265 3820; x_wconf 91' lang='grc' dir='ltr'>Οί</span> <span class='ocrx_word' id='word_1_640' title='bbox 2298 3767 2718 3836; x_wconf 87' lang='grc' dir='ltr'>Λακεδαιμόνιοι</span> <span class='ocrx_word' id='word_1_641' title='bbox 2742 3769 2801 3819; x_wconf 89' lang='grc' dir='ltr'><strong>ἐν</strong></span> <span class='ocrx_word' id='word_1_642' title='bbox 2833 3767 2912 3836; x_wconf 84' lang='grc' dir='ltr'>τῷ</span> <span class='ocrx_word' id='word_1_643' title='bbox 2937 3765 3429 3836; x_wconf 83' lang='grc' dir='ltr'>Πελοποννησιακῷ</span> <span class='ocrx_word' id='word_1_644' title='bbox 3469 3764 3724 3834; x_wconf 85' lang='grc' dir='ltr'>πολέμῳ,</span> 
     </span>
    </p>
   </div>
   <div class='ocr_carea' id='block_1_95' title="bbox 2135 3856 3727 3930">
    <p class='ocr_par' dir='ltr' id='par_1_95' title="bbox 2135 3856 3727 3930">
     <span class='ocr_line' id='line_1_95' title="bbox 2135 3856 3727 3930; baseline -0.003 -18"><span class='ocrx_word' id='word_1_645' title='bbox 2135 3859 2273 3929; x_wconf 83' lang='grc' dir='ltr'>μετὰ</span> <span class='ocrx_word' id='word_1_646' title='bbox 2297 3860 2360 3912; x_wconf 82' lang='grc' dir='ltr'>τὸ</span> <span class='ocrx_word' id='word_1_647' title='bbox 2384 3859 2726 3930; x_wconf 86' lang='grc' dir='ltr'>κατακράτος</span> <span class='ocrx_word' id='word_1_648' title='bbox 2759 3859 2978 3928; x_wconf 89' lang='grc' dir='ltr'>νικῆσαι</span> <span class='ocrx_word' id='word_1_649' title='bbox 3010 3859 3137 3922; x_wconf 82' lang='grc' dir='ltr'>τοὺς</span> <span class='ocrx_word' id='word_1_650' title='bbox 3180 3857 3520 3928; x_wconf 86' lang='grc' dir='ltr'>Ἀθηναίους,</span> <span class='ocrx_word' id='word_1_651' title='bbox 3553 3856 3727 3925; x_wconf 65' lang='grc' dir='ltr'>ἠϐου-</span> 
     </span>
    </p>
   </div>
   <div class='ocr_carea' id='block_1_96' title="bbox 2131 3949 3728 4022">
    <p class='ocr_par' dir='ltr' id='par_1_96' title="bbox 2131 3949 3728 4022">
     <span class='ocr_line' id='line_1_96' title="bbox 2131 3949 3728 4022; baseline -0.001 -19"><span class='ocrx_word' id='word_1_652' title='bbox 2131 3950 2374 4022; x_wconf 86' lang='grc' dir='ltr'>λήθησαν</span> <span class='ocrx_word' id='word_1_653' title='bbox 2409 3951 2506 4004; x_wconf 68' lang='grc' dir='ltr'>καὶ</span> <span class='ocrx_word' id='word_1_654' title='bbox 2531 3952 2657 4014; x_wconf 79' lang='grc' dir='ltr'>τοὺς</span> <span class='ocrx_word' id='word_1_655' title='bbox 2702 3951 2867 4012; x_wconf 84' lang='grc' dir='ltr'>ίδίους</span> <span class='ocrx_word' id='word_1_656' title='bbox 2893 3951 3217 4022; x_wconf 84' lang='grc' dir='ltr'>συμμάχους</span> <span class='ocrx_word' id='word_1_657' title='bbox 3248 3949 3558 4019; x_wconf 88' lang='grc' dir='ltr'>πολεμῆσαι</span> <span class='ocrx_word' id='word_1_658' title='bbox 3578 3965 3590 3977; x_wconf 92' lang='grc'>·</span> <span class='ocrx_word' id='word_1_659' title='bbox 3624 3951 3728 4001; x_wconf 75' lang='grc' dir='ltr'>καὶ</span> 
     </span>
    </p>
   </div>
   <div class='ocr_carea' id='block_1_97' title="bbox 2131 4043 3724 4115">
    <p class='ocr_par' dir='ltr' id='par_1_97' title="bbox 2131 4043 3724 4115">
     <span class='ocr_line' id='line_1_97' title="bbox 2131 4043 3724 4115; baseline -0.003 -18"><span class='ocrx_word' id='word_1_660' title='bbox 2131 4046 2475 4115; x_wconf 85' lang='grc' dir='ltr'>ὁρμήσαντες</span> <span class='ocrx_word' id='word_1_661' title='bbox 2523 4043 2664 4096; x_wconf 84' lang='grc' dir='ltr'><strong>κατά</strong></span> <span class='ocrx_word' id='word_1_662' title='bbox 2703 4043 2988 4114; x_wconf 89' lang='grc' dir='ltr'>Θηϐαίων,</span> <span class='ocrx_word' id='word_1_663' title='bbox 3036 4044 3168 4113; x_wconf 74' lang='grc' dir='ltr'>πρὶν</span> <span class='ocrx_word' id='word_1_664' title='bbox 3223 4043 3594 4114; x_wconf 83' lang='grc' dir='ltr'>προσεγγίσαι</span> <span class='ocrx_word' id='word_1_665' title='bbox 3649 4043 3724 4111; x_wconf 81' lang='grc' dir='ltr'>τῇ</span> 
     </span>
    </p>
   </div>
   <div class='ocr_carea' id='block_1_98' title="bbox 2135 4132 3725 4205">
    <p class='ocr_par' dir='ltr' id='par_1_98' title="bbox 2135 4132 3725 4205">
     <span class='ocr_line' id='line_1_98' title="bbox 2135 4132 3725 4205; baseline -0.001 -17"><span class='ocrx_word' id='word_1_666' title='bbox 2135 4136 2310 4200; x_wconf 86' lang='grc' dir='ltr'>πόλει,</span> <span class='ocrx_word' id='word_1_667' title='bbox 2352 4135 2638 4204; x_wconf 74' lang='grc' dir='ltr'>γενόμενοι</span> <span class='ocrx_word' id='word_1_668' title='bbox 2680 4136 2738 4187; x_wconf 86' lang='grc' dir='ltr'><strong>ἐν</strong></span> <span class='ocrx_word' id='word_1_669' title='bbox 2773 4134 3073 4205; x_wconf 88' lang='grc' dir='ltr'>Λεύκτροις</span> <span class='ocrx_word' id='word_1_670' title='bbox 3110 4135 3126 4201; x_wconf 93' lang='grc'>(</span> <span class='ocrx_word' id='word_1_671' title='bbox 3159 4135 3312 4198; x_wconf 83' lang='grc' dir='ltr'>πόλις</span> <span class='ocrx_word' id='word_1_672' title='bbox 3347 4134 3404 4188; x_wconf 83' lang='grc' dir='ltr'>δὲ</span> <span class='ocrx_word' id='word_1_673' title='bbox 3433 4132 3576 4205; x_wconf 78' lang='grc' dir='ltr'>αὕτη</span> <span class='ocrx_word' id='word_1_674' title='bbox 3613 4133 3725 4204; x_wconf 82' lang='grc' dir='ltr'>Θη-</span> 
     </span>
    </p>
   </div>
   <div class='ocr_carea' id='block_1_99' title="bbox 2135 4224 3724 4298">
    <p class='ocr_par' dir='ltr' id='par_1_99' title="bbox 2135 4224 3724 4298">
     <span class='ocr_line' id='line_1_99' title="bbox 2135 4224 3724 4298; baseline -0.001 -18"><span class='ocrx_word' id='word_1_675' title='bbox 2135 4226 2290 4296; x_wconf 87' lang='grc' dir='ltr'>ϐῶν),</span> <span class='ocrx_word' id='word_1_676' title='bbox 2331 4224 2703 4296; x_wconf 83' lang='grc' dir='ltr'>συμϐαλόντες</span> <span class='ocrx_word' id='word_1_677' title='bbox 2725 4224 3062 4295; x_wconf 81' lang='grc' dir='ltr'>ἡττήθησαν,</span> <span class='ocrx_word' id='word_1_678' title='bbox 3107 4225 3513 4296; x_wconf 73' lang='grc' dir='ltr'>’Ἐπαμινώνδου</span> <span class='ocrx_word' id='word_1_679' title='bbox 3549 4243 3724 4298; x_wconf 81' lang='grc' dir='ltr'>στρα-</span> 
     </span>
    </p>
   </div>
   <div class='ocr_carea' id='block_1_100' title="bbox 2133 4317 3724 4390">
    <p class='ocr_par' dir='ltr' id='par_1_100' title="bbox 2133 4317 3724 4390">
     <span class='ocr_line' id='line_1_100' title="bbox 2133 4317 3724 4390; baseline 0.003 -21"><span class='ocrx_word' id='word_1_680' title='bbox 2133 4318 2302 4390; x_wconf 84' lang='grc' dir='ltr'>τηγοῦ</span> <span class='ocrx_word' id='word_1_681' title='bbox 2354 4317 2608 4388; x_wconf 87' lang='grc' dir='ltr'>Θηϐαίων</span> <span class='ocrx_word' id='word_1_682' title='bbox 2637 4318 3120 4390; x_wconf 87' lang='grc' dir='ltr'>εὐδοκιμήσαντος.</span> <span class='ocrx_word' id='word_1_683' title='bbox 3165 4318 3240 4371; x_wconf 78' lang='grc' dir='ltr'>Τὸ</span> <span class='ocrx_word' id='word_1_684' title='bbox 3280 4319 3337 4372; x_wconf 85' lang='grc' dir='ltr'>δὲ</span> <span class='ocrx_word' id='word_1_685' title='bbox 3383 4319 3559 4383; x_wconf 88' lang='grc' dir='ltr'>πάθος</span> <span class='ocrx_word' id='word_1_686' title='bbox 3607 4321 3724 4382; x_wconf 86' lang='grc' dir='ltr'>τοῖς</span> 
     </span>
    </p>
   </div>
   <div class='ocr_carea' id='block_1_101' title="bbox 2136 4409 3722 4481">
    <p class='ocr_par' dir='ltr' id='par_1_101' title="bbox 2136 4409 3722 4481">
     <span class='ocr_line' id='line_1_101' title="bbox 2136 4409 3722 4481; baseline -0.001 -16"><span class='ocrx_word' id='word_1_687' title='bbox 2136 4410 2583 4481; x_wconf 87' lang='grc' dir='ltr'>Λακεδαιμονίοις</span> <span class='ocrx_word' id='word_1_688' title='bbox 2649 4409 2872 4478; x_wconf 89' lang='grc' dir='ltr'>γέγονεν</span> <span class='ocrx_word' id='word_1_689' title='bbox 2928 4413 2986 4463; x_wconf 85' lang='grc' dir='ltr'><strong>ἐν</strong></span> <span class='ocrx_word' id='word_1_690' title='bbox 3046 4409 3347 4480; x_wconf 87' lang='grc' dir='ltr'>Λεύκτροις</span> <span class='ocrx_word' id='word_1_691' title='bbox 3405 4411 3464 4476; x_wconf 81' lang='grc' dir='ltr'>ἐξ</span> <span class='ocrx_word' id='word_1_692' title='bbox 3537 4411 3722 4474; x_wconf 77' lang='grc' dir='ltr'>αἰτίας</span> 
     </span>
    </p>
   </div>
   <div class='ocr_carea' id='block_1_102' title="bbox 2137 4499 3720 4573">
    <p class='ocr_par' dir='ltr' id='par_1_102' title="bbox 2137 4499 3720 4573">
     <span class='ocr_line' id='line_1_102' title="bbox 2137 4499 3720 4573; baseline 0.001 -17"><span class='ocrx_word' id='word_1_693' title='bbox 2137 4504 2422 4572; x_wconf 89' lang='grc' dir='ltr'>τοιαύτης·</span> <span class='ocrx_word' id='word_1_694' title='bbox 2452 4502 2720 4565; x_wconf 87' lang='grc' dir='ltr'>Σκέδασος</span> <span class='ocrx_word' id='word_1_695' title='bbox 2749 4504 3086 4572; x_wconf 87' lang='grc' dir='ltr'>Λευκτραῖος</span> <span class='ocrx_word' id='word_1_696' title='bbox 3110 4501 3209 4566; x_wconf 85' lang='grc' dir='ltr'><strong>ὼν,</strong></span> <span class='ocrx_word' id='word_1_697' title='bbox 3233 4499 3346 4573; x_wconf 74' lang='grc' dir='ltr'>εἶχε</span> <span class='ocrx_word' id='word_1_698' title='bbox 3375 4505 3526 4573; x_wconf 84' lang='grc' dir='ltr'>τρεῖς</span> <span class='ocrx_word' id='word_1_699' title='bbox 3557 4503 3720 4572; x_wconf 82' lang='grc' dir='ltr'>θυγα·</span> 
     </span>
    </p>
   </div>
   <div class='ocr_carea' id='block_1_103' title="bbox 2137 4590 3720 4664">
    <p class='ocr_par' dir='ltr' id='par_1_103' title="bbox 2137 4590 3720 4664">
     <span class='ocr_line' id='line_1_103' title="bbox 2137 4590 3720 4664; baseline 0.001 -20"><span class='ocrx_word' id='word_1_700' title='bbox 2137 4594 2322 4664; x_wconf 86' lang='grc' dir='ltr'>τέρας.</span> <span class='ocrx_word' id='word_1_701' title='bbox 2357 4591 2514 4654; x_wconf 82' lang='grc' dir='ltr'>Τινὲς</span> <span class='ocrx_word' id='word_1_702' title='bbox 2547 4591 2605 4644; x_wconf 86' lang='grc' dir='ltr'>δὲ</span> <span class='ocrx_word' id='word_1_703' title='bbox 2639 4590 2748 4644; x_wconf 87' lang='grc' dir='ltr'><strong>τῶν</strong></span> <span class='ocrx_word' id='word_1_704' title='bbox 2783 4591 3230 4661; x_wconf 88' lang='grc' dir='ltr'>Λακεδαιμονίων</span> <span class='ocrx_word' id='word_1_705' title='bbox 3263 4592 3432 4645; x_wconf 89' lang='grc' dir='ltr'>πάλαι</span> <span class='ocrx_word' id='word_1_706' title='bbox 3459 4594 3593 4663; x_wconf 75' lang='grc' dir='ltr'>παρ’</span> <span class='ocrx_word' id='word_1_707' title='bbox 3627 4594 3720 4646; x_wconf 83' lang='grc' dir='ltr'>αὐ-</span> 
     </span>
    </p>
   </div>
   <div class='ocr_carea' id='block_1_104' title="bbox 2136 4684 3717 4756">
    <p class='ocr_par' dir='ltr' id='par_1_104' title="bbox 2136 4684 3717 4756">
     <span class='ocr_line' id='line_1_104' title="bbox 2136 4684 3717 4756; baseline -0.001 -16"><span class='ocrx_word' id='word_1_708' title='bbox 2136 4691 2258 4751; x_wconf 86' lang='grc' dir='ltr'>ταῖς</span> <span class='ocrx_word' id='word_1_709' title='bbox 2324 4684 2775 4750; x_wconf 82' lang='grc' dir='ltr'>ἐπιξενωθέντες,</span> <span class='ocrx_word' id='word_1_710' title='bbox 2839 4684 2982 4756; x_wconf 82' lang='grc' dir='ltr'>μίξει</span> <span class='ocrx_word' id='word_1_711' title='bbox 3025 4685 3126 4748; x_wconf 84' lang='grc' dir='ltr'><strong>τὰς</strong></span> <span class='ocrx_word' id='word_1_712' title='bbox 3174 4685 3344 4755; x_wconf 79' lang='grc' dir='ltr'>κόρας</span> <span class='ocrx_word' id='word_1_713' title='bbox 3391 4684 3717 4756; x_wconf 87' lang='grc' dir='ltr'>ὲνύϐρισαν·</span> 
     </span>
    </p>
   </div>
   <div class='ocr_carea' id='block_1_105' title="bbox 2137 4773 3719 4849">
    <p class='ocr_par' dir='ltr' id='par_1_105' title="bbox 2137 4773 3719 4849">
     <span class='ocr_line' id='line_1_105' title="bbox 2137 4773 3719 4849; baseline -0.001 -18"><span class='ocrx_word' id='word_1_714' title='bbox 2137 4779 2470 4849; x_wconf 85' lang='grc' dir='ltr'>φοϐηθέντες</span> <span class='ocrx_word' id='word_1_715' title='bbox 2503 4773 2597 4831; x_wconf 80' lang='grc' dir='ltr'>οὖν</span> <span class='ocrx_word' id='word_1_716' title='bbox 2626 4779 2676 4830; x_wconf 81' lang='grc' dir='ltr'>οἱ</span> <span class='ocrx_word' id='word_1_717' title='bbox 2709 4777 3152 4848; x_wconf 84' lang='grc' dir='ltr'>Λακεδαιμόνιοι,</span> <span class='ocrx_word' id='word_1_718' title='bbox 3193 4779 3393 4847; x_wconf 83' lang='grc' dir='ltr'>μήπως</span> <span class='ocrx_word' id='word_1_719' title='bbox 3425 4776 3719 4846; x_wconf 86' lang='grc' dir='ltr'>δημοσιεύ-</span> 
     </span>
    </p>
   </div>
   <div class='ocr_carea' id='block_1_106' title="bbox 2140 4866 3720 4941">
    <p class='ocr_par' dir='ltr' id='par_1_106' title="bbox 2140 4866 3720 4941">
     <span class='ocr_line' id='line_1_106' title="bbox 2140 4866 3720 4941; baseline 0 -18"><span class='ocrx_word' id='word_1_720' title='bbox 2140 4887 2274 4923; x_wconf 90' lang='grc' dir='ltr'>σωσι</span> <span class='ocrx_word' id='word_1_721' title='bbox 2301 4869 2379 4940; x_wconf 86' lang='grc' dir='ltr'>τῷ</span> <span class='ocrx_word' id='word_1_722' title='bbox 2418 4869 2533 4938; x_wconf 73' lang='grc' dir='ltr'>ἰδίῳ</span> <span class='ocrx_word' id='word_1_723' title='bbox 2566 4869 2737 4941; x_wconf 73' lang='grc' dir='ltr'>πατρὶ</span> <span class='ocrx_word' id='word_1_724' title='bbox 2771 4868 2871 4938; x_wconf 85' lang='grc' dir='ltr'>τὴν</span> <span class='ocrx_word' id='word_1_725' title='bbox 2903 4867 3216 4936; x_wconf 88' lang='grc' dir='ltr'>ἀσέλγειαν,</span> <span class='ocrx_word' id='word_1_726' title='bbox 3251 4866 3575 4940; x_wconf 80' lang='grc' dir='ltr'>ἀναιροῦσιν</span> <span class='ocrx_word' id='word_1_727' title='bbox 3621 4871 3720 4922; x_wconf 89' lang='grc' dir='ltr'>αὐ-</span> 
     </span>
    </p>
   </div>
   <div class='ocr_carea' id='block_1_107' title="bbox 2137 4957 3720 5032">
    <p class='ocr_par' dir='ltr' id='par_1_107' title="bbox 2137 4957 3720 5032">
     <span class='ocr_line' id='line_1_107' title="bbox 2137 4957 3720 5032; baseline -0.002 -17"><span class='ocrx_word' id='word_1_728' title='bbox 2137 4963 2256 5024; x_wconf 86' lang='grc' dir='ltr'>τάς.</span> <span class='ocrx_word' id='word_1_729' title='bbox 2302 4957 2651 5014; x_wconf 86' lang='grc' dir='ltr'>Ἐπανελθὼν</span> <span class='ocrx_word' id='word_1_730' title='bbox 2683 4960 2741 5012; x_wconf 81' lang='grc' dir='ltr'>δὲ</span> <span class='ocrx_word' id='word_1_731' title='bbox 2775 4960 2833 5012; x_wconf 86' lang='grc' dir='ltr'><strong>ἐν</strong></span> <span class='ocrx_word' id='word_1_732' title='bbox 2859 4961 2924 5028; x_wconf 77' lang='grc' dir='ltr'>τῇ</span> <span class='ocrx_word' id='word_1_733' title='bbox 2963 4958 3069 5030; x_wconf 84' lang='grc' dir='ltr'>ίδίᾳ</span> <span class='ocrx_word' id='word_1_734' title='bbox 3091 4957 3246 5011; x_wconf 89' lang='grc' dir='ltr'>πόλει</span> <span class='ocrx_word' id='word_1_735' title='bbox 3273 4960 3387 5020; x_wconf 88' lang='grc' dir='ltr'>τοῖς</span> <span class='ocrx_word' id='word_1_736' title='bbox 3415 4957 3720 5032; x_wconf 84' lang='grc' dir='ltr'>Λεύκτροις</span> 
     </span>
    </p>
   </div>
   <div class='ocr_carea' id='block_1_108' title="bbox 2137 5051 3716 5122">
    <p class='ocr_par' dir='ltr' id='par_1_108' title="bbox 2137 5051 3716 5122">
     <span class='ocr_line' id='line_1_108' title="bbox 2137 5051 3716 5122; baseline -0.001 -17"><span class='ocrx_word' id='word_1_737' title='bbox 2137 5055 2165 5105; x_wconf 83' lang='grc' dir='ltr'>ὁ</span> <span class='ocrx_word' id='word_1_738' title='bbox 2193 5053 2479 5116; x_wconf 86' lang='grc' dir='ltr'>Σκέδασος,</span> <span class='ocrx_word' id='word_1_739' title='bbox 2501 5053 2596 5105; x_wconf 76' lang='grc' dir='ltr'>καὶ</span> <span class='ocrx_word' id='word_1_740' title='bbox 2631 5051 2820 5122; x_wconf 89' lang='grc' dir='ltr'>μαθὼν</span> <span class='ocrx_word' id='word_1_741' title='bbox 2839 5052 2900 5104; x_wconf 84' lang='grc' dir='ltr'>τὸ</span> <span class='ocrx_word' id='word_1_742' title='bbox 2927 5051 3174 5120; x_wconf 80' lang='grc' dir='ltr'>γεγονὸς,</span> <span class='ocrx_word' id='word_1_743' title='bbox 3205 5051 3560 5121; x_wconf 87' lang='grc' dir='ltr'>κατηράσατο</span> <span class='ocrx_word' id='word_1_744' title='bbox 3584 5056 3716 5107; x_wconf 82' lang='grc' dir='ltr'>πᾶσι</span> 
     </span>
    </p>
   </div>
   <div class='ocr_carea' id='block_1_109' title="bbox 2138 5141 3717 5214">
    <p class='ocr_par' dir='ltr' id='par_1_109' title="bbox 2138 5141 3717 5214">
     <span class='ocr_line' id='line_1_109' title="bbox 2138 5141 3717 5214; baseline -0.002 -14"><span class='ocrx_word' id='word_1_745' title='bbox 2138 5144 2609 5214; x_wconf 89' lang='grc' dir='ltr'>Λακεδαιμονίοις,</span> <span class='ocrx_word' id='word_1_746' title='bbox 2637 5143 2944 5214; x_wconf 84' lang='grc' dir='ltr'>παράύτὸν</span> <span class='ocrx_word' id='word_1_747' title='bbox 2969 5141 3062 5196; x_wconf 80' lang='grc' dir='ltr'><strong>τὸν</strong></span> <span class='ocrx_word' id='word_1_748' title='bbox 3083 5143 3253 5212; x_wconf 84' lang='grc' dir='ltr'>τάφον</span> <span class='ocrx_word' id='word_1_749' title='bbox 3268 5142 3378 5195; x_wconf 88' lang='grc' dir='ltr'><strong>τῶν</strong></span> <span class='ocrx_word' id='word_1_750' title='bbox 3397 5142 3717 5214; x_wconf 84' lang='grc' dir='ltr'>θυγατέρων</span> 
     </span>
    </p>
   </div>
   <div class='ocr_carea' id='block_1_110' title="bbox 2137 5232 3716 5306">
    <p class='ocr_par' dir='ltr' id='par_1_110' title="bbox 2137 5232 3716 5306">
     <span class='ocr_line' id='line_1_110' title="bbox 2137 5232 3716 5306; baseline -0.002 -16"><span class='ocrx_word' id='word_1_751' title='bbox 2137 5235 2329 5298; x_wconf 83' lang='grc' dir='ltr'>αὐτοῦ,</span> <span class='ocrx_word' id='word_1_752' title='bbox 2369 5235 2659 5306; x_wconf 83' lang='grc' dir='ltr'>ἀτυχῆσαι.</span> <span class='ocrx_word' id='word_1_753' title='bbox 2692 5234 2785 5286; x_wconf 86' lang='grc' dir='ltr'><strong>Διὸ</strong></span> <span class='ocrx_word' id='word_1_754' title='bbox 2810 5236 2904 5288; x_wconf 77' lang='grc' dir='ltr'>καὶ</span> <span class='ocrx_word' id='word_1_755' title='bbox 2934 5236 2968 5303; x_wconf 80' lang='grc' dir='ltr'><strong>ἡ</strong></span> <span class='ocrx_word' id='word_1_756' title='bbox 3000 5233 3200 5304; x_wconf 85' lang='grc' dir='ltr'>ἀτυχία</span> <span class='ocrx_word' id='word_1_757' title='bbox 3227 5232 3462 5302; x_wconf 76' lang='grc' dir='ltr'>ἔφθασεν</span> <span class='ocrx_word' id='word_1_758' title='bbox 3493 5234 3552 5287; x_wconf 87' lang='grc' dir='ltr'><strong>ἐν</strong></span> <span class='ocrx_word' id='word_1_759' title='bbox 3581 5234 3716 5288; x_wconf 85' lang='grc' dir='ltr'>Λεύ-</span> 
     </span>
    </p>
   </div>
   <div class='ocr_carea' id='block_1_111' title="bbox 2139 5323 2984 5398">
    <p class='ocr_par' dir='ltr' id='par_1_111' title="bbox 2139 5323 2984 5398">
     <span class='ocr_line' id='line_1_111' title="bbox 2139 5323 2984 5398; baseline -0.001 -19"><span class='ocrx_word' id='word_1_760' title='bbox 2139 5343 2325 5398; x_wconf 87' lang='grc' dir='ltr'>κτροις</span> <span class='ocrx_word' id='word_1_761' title='bbox 2351 5327 2480 5389; x_wconf 82' lang='grc' dir='ltr'>τοὺς</span> <span class='ocrx_word' id='word_1_762' title='bbox 2503 5323 2984 5395; x_wconf 87' lang='grc' dir='ltr'>Λακεδαιμονίους.</span> 
     </span>
    </p>
   </div>
   <div class='ocr_carea' id='block_1_112' title="bbox 2395 5431 3466 5503">
    <p class='ocr_par' dir='ltr' id='par_1_112' title="bbox 2395 5431 3466 5503">
     <span class='ocr_line' id='line_1_112' title="bbox 2395 5431 3466 5503; baseline -0.002 -15"><span class='ocrx_word' id='word_1_763' title='bbox 2395 5442 2483 5489; x_wconf 84' lang='grc' dir='ltr'>ια’.</span> <span class='ocrx_word' id='word_1_764' title='bbox 2515 5435 2657 5503; x_wconf 78' lang='grc' dir='ltr'>Περὶ</span> <span class='ocrx_word' id='word_1_765' title='bbox 2677 5433 2794 5488; x_wconf 79' lang='grc' dir='ltr'>τῶν</span> <span class='ocrx_word' id='word_1_766' title='bbox 2824 5434 3186 5490; x_wconf 80' lang='grc' dir='ltr'>Λακωνικῶν</span> <span class='ocrx_word' id='word_1_767' title='bbox 3207 5431 3466 5503; x_wconf 65' lang='grc' dir='ltr'>ἐφήϐων.</span> 
     </span>
    </p>
   </div>
   <div class='ocr_carea' id='block_1_113' title="bbox 2208 5548 3704 5622">
    <p class='ocr_par' dir='ltr' id='par_1_113' title="bbox 2208 5548 3704 5622">
     <span class='ocr_line' id='line_1_113' title="bbox 2208 5548 3704 5622; baseline -0.003 -15"><span class='ocrx_word' id='word_1_768' title='bbox 2208 5557 2268 5608; x_wconf 87' lang='grc' dir='ltr'><strong>Οἱ</strong></span> <span class='ocrx_word' id='word_1_769' title='bbox 2300 5551 2722 5622; x_wconf 80' lang='grc' dir='ltr'>Λακεδαιμόνιοι</span> <span class='ocrx_word' id='word_1_770' title='bbox 2755 5552 3071 5622; x_wconf 86' lang='grc' dir='ltr'>βουλόμενοι</span> <span class='ocrx_word' id='word_1_771' title='bbox 3098 5549 3461 5622; x_wconf 80' lang='grc' dir='ltr'>καρτερικοὺς</span> <span class='ocrx_word' id='word_1_772' title='bbox 3490 5548 3586 5602; x_wconf 84' lang='grc' dir='ltr'>καὶ</span> <span class='ocrx_word' id='word_1_773' title='bbox 3614 5550 3704 5603; x_wconf 78' lang='grc' dir='ltr'>ἀν-</span> 
     </span>
    </p>
   </div>
   <div class='ocr_carea' id='block_1_114' title="bbox 2137 5638 3708 5723">
    <p class='ocr_par' dir='ltr' id='par_1_114' title="bbox 2137 5638 3708 5723">
     <span class='ocr_line' id='line_1_114' title="bbox 2137 5638 3708 5723; baseline -0.004 -26"><span class='ocrx_word' id='word_1_774' title='bbox 2137 5645 2349 5714; x_wconf 87' lang='grc' dir='ltr'>δρείους</span> <span class='ocrx_word' id='word_1_775' title='bbox 2379 5640 2520 5696; x_wconf 81' lang='grc' dir='ltr'>εἶναι</span> <span class='ocrx_word' id='word_1_776' title='bbox 2554 5645 2680 5705; x_wconf 87' lang='grc' dir='ltr'>τοὺς</span> <span class='ocrx_word' id='word_1_777' title='bbox 2701 5643 2912 5696; x_wconf 82' lang='grc' dir='ltr'>ἑαυτῶν</span> <span class='ocrx_word' id='word_1_778' title='bbox 2952 5641 3175 5702; x_wconf 82' lang='grc' dir='ltr'>πολίτας</span> <span class='ocrx_word' id='word_1_779' title='bbox 3206 5640 3302 5693; x_wconf 84' lang='grc' dir='ltr'>καὶ</span> <span class='ocrx_word' id='word_1_780' title='bbox 3325 5638 3543 5702; x_wconf 81' lang='grc' dir='ltr'>παῖδας,</span> <span class='ocrx_word' id='word_1_781' title='bbox 3584 5639 3708 5723; x_wconf 64' lang='lat' dir='ltr'><strong>imi:</strong></span> 
     </span>
    </p>
   </div>
   <div class='ocr_carea' id='block_1_115' title="bbox 2147 5727 3703 5804">
    <p class='ocr_par' dir='ltr' id='par_1_115' title="bbox 2147 5727 3703 5804">
     <span class='ocr_line' id='line_1_115' title="bbox 2147 5727 3703 5804; baseline -0.004 -15"><span class='ocrx_word' id='word_1_782' title='bbox 2147 5736 2349 5804; x_wconf 79' lang='grc' dir='ltr'>μναζον</span> <span class='ocrx_word' id='word_1_783' title='bbox 2379 5737 2503 5796; x_wconf 81' lang='grc' dir='ltr'>ταῖς</span> <span class='ocrx_word' id='word_1_784' title='bbox 2535 5734 2929 5803; x_wconf 82' lang='grc' dir='ltr'>μαστιγώσεσι,</span> <span class='ocrx_word' id='word_1_785' title='bbox 2965 5732 3060 5788; x_wconf 75' lang='grc' dir='ltr'>καὶ</span> <span class='ocrx_word' id='word_1_786' title='bbox 3091 5731 3167 5803; x_wconf 75' lang='grc' dir='ltr'>τῷ</span> <span class='ocrx_word' id='word_1_787' title='bbox 3197 5731 3290 5785; x_wconf 71' lang='grc' dir='ltr'>ἐπὶ</span> <span class='ocrx_word' id='word_1_788' title='bbox 3316 5727 3479 5783; x_wconf 85' lang='grc' dir='ltr'>πλέον</span> <span class='ocrx_word' id='word_1_789' title='bbox 3506 5745 3703 5801; x_wconf 77' lang='grc' dir='ltr'>καρτε-</span> 
     </span>
    </p>
   </div>
   <div class='ocr_carea' id='block_1_116' title="bbox 2141 5823 2758 5898">
    <p class='ocr_par' dir='ltr' id='par_1_116' title="bbox 2141 5823 2758 5898">
     <span class='ocr_line' id='line_1_116' title="bbox 2141 5823 2758 5898; baseline 0.005 -18"><span class='ocrx_word' id='word_1_790' title='bbox 2141 5828 2321 5898; x_wconf 76' lang='grc' dir='ltr'>ροῦντι</span> <span class='ocrx_word' id='word_1_791' title='bbox 2354 5823 2515 5882; x_wconf 79' lang='grc' dir='ltr'>ἆθλον</span> <span class='ocrx_word' id='word_1_792' title='bbox 2539 5825 2758 5883; x_wconf 79' lang='grc' dir='ltr'>ἐδίδοτο.</span> 
     </span>
    </p>
   </div>
  </div>
