3856 6220
149 237 245 296 995

541 341 628 411 ιβ’.
669 343 806 411 Περὶ
832 341 943 410 τῆς
976 343 1318 412 Ἀρτέμιδος.

213 432 287 484 Τὸ
306 431 364 485 δὲ
393 431 535 486 κατὰ
561 434 661 503 τὴν
695 435 986 505 Ἄρτεμιν,
1019 435 1156 507 αὕτη
1181 437 1452 507 παρθένος
1479 432 1613 490 οὖσα
1639 437 1732 490 καὶ

148 521 381 595 σώφρων
413 523 447 592 ἡ
469 523 612 588 θεὸς,
644 522 833 595 ἔχαιρε
875 526 988 587 τοῖς
1031 526 1231 595 αἵμασι
1259 526 1358 595 τῆς
1393 525 1733 591 ξενοκτονίας

145 614 431 685 τιμᾶσθαι.

329 711 416 774 ιγ’.
447 705 588 774 Περὶ
610 705 717 759 τοῦ
741 707 990 761 κωνείου
1019 707 1126 761 τοῦ
1152 708 1517 775 Σωκράτους.

216 798 522 869 Σωκράτης
556 798 618 850 τὸ
660 798 763 868 μὲν
795 798 952 867 γένος
983 793 1052 870 ἦν
1095 799 1397 870 Ἀθηναῖος,
1445 800 1734 869 φιλόσοφος

145 891 200 943 δὲ
231 893 336 960 τὴν
365 889 674 946 παίδευσιν.
706 891 909 944 Τοῦτον
939 891 1016 955 ὼς
1038 892 1292 963 δαιμόνια
1315 893 1479 946 καινὰ
1509 910 1736 966 παρεισ-

147 984 386 1055 φέροντα
411 986 476 1054 τῇ
506 983 753 1055 πολιτείᾳ
775 984 1071 1054 ᾐτιάσαντο
1104 985 1330 1049 ’Ἄνυτος
1350 986 1442 1038 καὶ
1470 985 1700 1049 Μέλιτος
1716 1003 1729 1016 ’

146 1077 451 1148 κατεκρίθη
487 1074 582 1131 οὖν
606 1077 684 1140 ὡς
723 1077 1054 1149 διαφθείρων
1084 1080 1212 1142 τοὺς
1251 1079 1404 1143 νέους
1443 1080 1734 1133 ἀποθανεῖν

146 1171 342 1225 πιόντα
377 1170 636 1225 κώνειονο
672 1173 767 1226 καὶ
791 1172 932 1226 πιὼν
963 1173 1258 1228 ἀπέθανεν.

379 1353 463 1405 ιδ’.
503 1353 642 1420 Περὶ
677 1353 785 1406 τοῦ
838 1351 1196 1418 Ἐπικτήτου
1232 1352 1518 1417 σκέλους.

224 1447 558 1516 Ἐπίκτητος
591 1446 880 1514 φιλόσοφος
905 1441 973 1516 ἦν
992 1463 1006 1476 ο
1032 1440 1190 1508 οὗτος
1213 1445 1368 1514 ὲδέθη
1403 1445 1510 1496 ὑπὸ
1536 1443 1735 1514 τυράν-

144 1560 236 1596 νου
271 1541 337 1594 τὸ
384 1540 602 1603 σκέλος·
649 1537 878 1610 ὕστερον
905 1538 960 1591 δὲ
991 1537 1269 1608 ἠϐουλήθη
1310 1535 1469 1590 λῦσαι
1514 1535 1676 1590 αὐτὸν
1706 1537 1736 1588 ό

144 1634 431 1704 τύραννος.
466 1629 685 1702 Ἠρὼτα
716 1627 811 1684 οὖν
831 1630 993 1683 αὑτὸν
1021 1628 1198 1683 οὕτω*
1227 1628 1435 1694 Θέλεις,
1491 1626 1537 1681 ὦ
1581 1628 1732 1681 Ἐπί-

143 1743 341 1797 κτητε,
368 1723 516 1776 λύσω
541 1740 601 1776 σε
625 1739 639 1786 ;
685 1723 744 1775 'U
767 1722 823 1774 δὲ
857 1722 1212 1793 ἀπεκρίνατο⁸
1244 1721 1730 1792 Τίγὰρ,δέδεμαι;

139 1815 216 1880 ὡς
250 1817 359 1886 τῆς
391 1815 572 1885 ψυχῆς
603 1813 768 1867 αὑτοῦ
811 1812 974 1883 δῆθεν
1028 1813 1104 1884 μὴ
1147 1813 1459 1884 δεδεμένης.
1499 1812 1733 1881 Λέγεται

140 1907 235 1965 οὖν
261 1909 343 1982 μὴ
371 1909 432 1962 τὸ
456 1909 615 1980 σῶμα
645 1903 786 1961 εἷναι
805 1897 1128 1979 ἄνθρωπος,
1162 1905 1277 1960 ἀλλ’
1312 1907 1346 1978 ἠ
1376 1905 1544 1977 ψυχύ.

595 2093 674 2140 ιε’.
716 2085 856 2154 Περὶ
893 2083 1285 2153 Ἀναξάρχου.

224 2205 564 2276 Ἀνάξαρχος
611 2203 903 2272 φιλόσοφος
943 2196 1031 2271 ἦν.
1070 2191 1241 2263 Οὗτος
1297 2197 1583 2269 συσχεθεὶς
1630 2198 1736 2251 ὑπὸ

155 2299 458 2371 Ἀρχελάου
477 2295 572 2350 τοῦ
593 2296 882 2366 τυράννου,
913 2293 1007 2346 καὶ
1039 2291 1255 2364 βληθεὶς
1281 2291 1339 2344 ἐν
1361 2290 1533 2361 ὅλμῳ,
1551 2290 1739 2342 ὲπτίσ-

143 2411 272 2448 σετο
319 2391 502 2462 μοχλῷ
558 2389 774 2458 ξυλίνῳ.
812 2384 1145 2440 Πτίσσεσθαι
1185 2384 1243 2438 δέ
1293 2387 1430 2447 ἐστι,
1473 2383 1534 2436 τὸ
1575 2383 1736 2453 δίκην

142 2485 458 2554 πτισσάνης
482 2479 820 2536 τύπτεσθαι·
861 2479 1015 2532 ἐνθεν
1043 2478 1100 2532 δὲ
1143 2477 1240 2530 καὶ
1269 2475 1544 2544 πτισσάνη
1581 2475 1736 2546 παρὰ

139 2597 204 2635 ἰο
236 2576 588 2632 πτίσσεσθαι.
626 2572 1001 2643 Πτισσόμενος
1034 2571 1091 2624 δὲ
1120 2569 1296 2633 οὓτως
1322 2568 1460 2638 ἔφη·
1505 2567 1735 2630 Πτίσσε,

141 2674 348 2726 micae
390 2669 483 2722 τὸν
533 2665 870 2736 Ἀναξάρχου
921 2663 1180 2725 θύλακον,
1229 2661 1290 2714 ού
1331 2660 1442 2732 γὰρ
1487 2659 1738 2721 πτίσσεις

155 2763 527 2834 Ἀνάξαρχον·
561 2758 958 2829 αἰνιττόμενος,
995 2751 1084 2810 οἷα
1114 2753 1403 2824 φιλόσοφος
1432 2751 1612 2824 δῆθεν,
1645 2749 1738 2804 τοῦ

143 2857 406 2929 ςὼματος
431 2853 637 2924 μηδένα
667 2849 824 2918 λόγον
847 2847 1138 2902 ποιεῖσθαι.

309 2954 409 3012 ις’.
449 2944 588 3014 Περὶ
624 2941 731 2996 τοῦ
761 2940 1173 3009 Κλεομϐρότου
1213 2935 1581 3005 πηδήματος.

993 233 1084 288 AD
1125 232 1182 287 S.
1221 231 1549 287 GREGORII
1586 230 1794 287 ORAT.
1836 231 1854 286 Ι
1889 232 2168 288 CONTRA
2202 233 2567 291 JULIANUM.

1758 350 1804 407 Α

3310 228 3416 284 993

2187 345 2274 399 12.
2316 345 2394 400 De
2418 359 2605 398 cruore
2626 343 2696 397 ad
2721 341 2894 396 altare
2923 342 3061 410 fma.

1905 436 2098 500 Diana,
2137 439 2389 508 quamvis
2427 439 2604 508 virgo,
2643 451 2705 490 ac
2742 434 3023 506 pudicitia:
3055 429 3216 486 laude
3245 429 3417 493 clara.

1832 532 2126 586 cruoribus
2161 540 2346 586 tamen
2380 532 2490 586 illis
2536 530 2941 594 oblectabatur,
2982 526 3080 598 qui
3129 525 3185 578 in
3233 524 3421 596 hospi-

1833 631 1949 676 tum
1978 623 2126 679 caede
2159 623 2314 678 fundi
2345 624 2614 679 solebant.

2287 717 2373 770 1'5.
2415 715 2494 769 De
2523 714 2760 770 Socratis
2783 713 2978 766 cicuta.

1907 804 2168 862 Socrates
2217 808 2398 877 patria
2432 806 2790 862 Atheniensis
2830 813 2968 868 erat,
3001 805 3129 860 vitae
3163 804 3421 860 institute

1835 897 2226 968 phiIOSOphus.
2283 898 2442 953 llunc
2478 898 2628 953 velut
2679 898 2980 951 daemonem
3028 897 3320 966 quemdam
3365 897 3420 950 in

1834 987 2249 1058 Rempublicam
2295 988 2600 1059 perniciose
2640 987 3077 1042 introducentem
3106 987 3321 1060 Anytus
3368 998 3425 1042 et

1836 1078 2053 1134 Melitus
2109 1082 2162 1133 in
2211 1080 2482 1150 judicium
2526 1088 2813 1133 vocarunt.
2864 1079 3044 1148 Atque
3100 1079 3219 1150 ipse
3271 1080 3421 1134 velut

1835 1187 2038 1240 pueros
2079 1187 2445 1241 corrumpens
2494 1172 2558 1224 ad
2590 1171 2786 1224 eiculaa
2823 1172 3080 1240 poculum
3128 1171 3421 1225 damnatus

1835 1271 1938 1327 est,
1969 1264 2308 1332 quo'hausto
2336 1280 2365 1317 e
2399 1265 2511 1317 vita
2539 1265 2806 1319 excessit.

2281 1357 2366 1409 14.
2410 1355 2488 1409 De
2529 1353 2755 1423 Epicteti
2791 1372 2961 1410 crure.

1907 1445 2184 1516 Epictetus
2237 1448 2600 1518 philosophus
2645 1456 2786 1503 erat.
2844 1447 2987 1503 Huic
3041 1464 3072 1503 a
3127 1448 3423 1505 Macedone

1835 1546 2073 1610 tyranno
2103 1555 2231 1595 crus
2261 1540 2502 1595 vinculis
2533 1539 2826 1594 astrictum
2857 1549 2962 1597 est.
2999 1539 3196 1595 Postea
3237 1548 3421 1595 autem

1838 1646 1962 1684 cum
1999 1646 2124 1685 eum
2158 1632 2372 1686 solvere
2405 1645 2672 1703 tyrannus
2697 1635 2883 1695 vellet,
2912 1649 2976 1687 ex
3008 1649 3186 1703 eoque
3217 1649 3425 1703 quaere-

1839 1729 1961 1773 ret:
1999 1718 2191 1785 Visne,
2224 1719 2486 1790 Epictete,
2536 1733 2587 1776 te
2622 1723 2869 1776 solvam?
2914 1722 3079 1788 Quid,
3126 1723 3320 1793 inquit,
3352 1739 3422 1778 an

1836 1827 1957 1865 sum
2013 1813 2327 1867 astrictus?
2364 1812 2575 1878 Quibus
2610 1815 2860 1870 videlicet
2891 1817 3072 1870 verbis
3114 1816 3218 1871 hoc
3249 1816 3391 1885 signi
3422 1851 3426 1856 θ

1836 1902 2055 1966 ticabat,
2084 1903 2321 1958 animam
2359 1921 2514 1960 suam
2562 1923 2908 1978 nequaquam
2954 1908 3194 1962 vinctam
3227 1909 3422 1964 fuisse.

1835 1992 2027 2066 Itaque
2059 2011 2168 2051 non
2195 2011 2398 2066 corpus
2431 1997 2596 2052 homo
2635 2015 2760 2056 esse
2789 2001 3016 2064 dicitur,
3051 2001 3145 2055 sed
3181 2002 3387 2057 anima.

2331 2088 2422 2141 15.
2463 2088 2542 2143 De
2575 2090 2917 2144 Anaxarcho.

1907 2175 2270 2234 Anaxarchus
2324 2181 2725 2250 philosophiam
2784 2183 3160 2252 proﬁtebatur.
3215 2183 3312 2239 llic
3359 2188 3428 2241 ab

1836 2266 2109 2323 Archelao
2149 2279 2384 2340 tyranno
2430 2283 2723 2344 correptus
2768 2284 2935 2346 atque
2987 2277 3041 2330 in
3097 2278 3426 2332 mortarium

1838 2357 2126 2426 conjectus
2154 2361 2332 2432 lignea
2362 2363 2500 2419 sude
2523 2367 2878 2423 tundebatur.
2914 2367 3244 2421 Πτίσσεσθαι
3275 2370 3426 2424 enim

1838 2457 1924 2502 est
1955 2448 2219 2520 ptissana:
2267 2453 2446 2508 instar
2478 2458 2661 2522 atteri,
2706 2459 2855 2513 unde
2902 2468 2956 2513 et
2994 2461 3241 2528 ptissana
3280 2459 3426 2514 dicta

1839 2549 1943 2595 cst.
1977 2540 2112 2596 Cum
2143 2560 2275 2616 ergo
2303 2549 2656 2615 tunderetur,
2693 2551 2904 2616 Tunde,
2942 2551 3141 2622 inquit,
3177 2553 3428 2606 Anaxaro

1840 2631 1929 2685 chi
1978 2643 2188 2702 utrem;
2237 2652 2416 2708 neque
2450 2639 2597 2693 enim
2645 2640 3033 2696 Anaxarchum
3077 2643 3285 2697 tundis.
3329 2641 3427 2697 llis

1842 2722 2103 2777 nimirum
2143 2726 2348 2793 verbis,
2393 2737 2454 2782 ut
2506 2731 2892 2802 philosophus,
2939 2732 3258 2804 sngnilicans
3299 2735 3426 2788 nul-

1843 2811 1948 2864 lam
1981 2816 2234 2884 corporis
2274 2818 2542 2872 rationem
2575 2835 2603 2873 a
2643 2835 2702 2874 se
2729 2821 2942 2874 haberi.

2188 2954 2212 2963 ..
2251 2911 2339 2965 16.
2385 2912 2459 2966 De
2500 2913 2643 2966 saltu
2683 2913 3029 2970 Cleombroti.

214 3067 610 3138 Κλεόμϐροτος
670 3059 1094 3133 Ἀμϐρακιώτης
1130 3057 1192 3110 τὸ
1237 3056 1412 3124 γένος.
1462 3053 1626 3116 Πόλις
1680 3051 1739 3105 δὲ

1911 3023 2299 3080 Cleombrotus
2327 3027 2742 3094 Ambraciotes,
2777 3045 2900 3099 qua:
2930 3030 3131 3085 veteris
3169 3029 3318 3100 Epiri
3347 3032 3429 3086 ci-

1857 3115 1984 3138 ..g.“
2023 3125 2095 3138 η.
3007 3121 3054 3138 ,κ
3100 3136 3113 3138 μ
3171 3124 3180 3133 .
3261 3137 3265 3138 ν
3353 3137 3362 3138 κ
3415 3123 3429 3138 ς

144 3161 292 3230 αὕτη
328 3159 422 3212 ὲπὶ
449 3157 549 3227 τῆς
579 3153 816 3216 παλαιᾶς
860 3149 1142 3219 Ἠπείρου.
1183 3141 1450 3214 Ἐντυχὼν
1479 3141 1558 3211 τῷ
1595 3139 1737 3230 Φαί-

144 3229 318 3313 δωνι,
345 3247 426 3318 τῷ
449 3247 579 3316 περὶ
602 3243 784 3314 ψυχῆς
803 3241 1042 3310 διαλόγῳ
1063 3237 1371 3300 Πλάτωνος,
1397 3233 1493 3288 καὶ
1526 3229 1739 3303 μαθὼν,

143 3343 225 3406 ὡς
275 3340 505 3412 ἄμεινόν
537 3340 656 3390 ἐστι
687 3337 753 3406 τῇ
785 3334 931 3404 ψυχῇ
960 3334 988 3385 ό
1033 3328 1311 3402 χωρισμὸς
1333 3326 1429 3382 τοῦ
1467 3325 1738 3396 σώματος,

145 3433 380 3505 εῤῥιψεν
418 3429 611 3484 ἑαυτὸν
657 3426 768 3480 ἀπὸ
793 3423 889 3478 τοῦ
929 3423 1165 3492 τείχους,
1203 3419 1297 3473 καὶ
1325 3417 1585 3483 τέθνηκεν
1609 3431 1624 3446 ο
1655 3414 1742 3466 ἵνα

146 3525 315 3596 δῆθεν
337 3526 371 3594 ἡ
394 3520 542 3592 ψυχὴ
568 3517 735 3572 αὑτοῦ
758 3513 1056 3583 ἐξελθοῦσα
1076 3510 1322 3582 χωρισθῇ
1338 3509 1433 3563 τοῦ
1465 3505 1737 3578 σώματος.

584 3693 669 3755 ιζ’.
709 3689 848 3758 Περὶ
877 3689 997 3742 τῶν
1028 3687 1292 3758 κυάμων.

224 3804 594 3878 Πυθαγόρειοι
628 3804 784 3874 γένος
829 3803 1160 3874 φιλοσόφων,
1196 3803 1262 3855 ὲκ
1291 3800 1610 3871 Πυθαγόρου
1647 3799 1742 3852 τοῦ

148 3899 392 3970 Σαμίου.
441 3891 604 3952 Οὗτοι
652 3897 718 3950 δι’
774 3896 1114 3966 αἰνιγμάτων
1145 3893 1216 3947 τὰ
1263 3893 1363 3963 τῆς
1417 3891 1744 3960 φολοσοφίας

150 3991 467 4061 ἐμάνθανον
497 3990 765 4059 δόγματα.
811 3987 1132 4058 Παρεδίδοτο
1159 3985 1218 4038 δὲ
1263 3984 1403 4055 μετὰ
1431 3983 1541 4036 τῶν
1568 3982 1742 4036 ἄλλων

150 4085 252 4137 καὶ
284 4082 446 4135 τοῦτο
493 4081 554 4134 τὸ
589 4081 840 4151 αἴνιγμα,
871 4077 1151 4147 Κυάμους
1193 4076 1278 4146 μὴ
1324 4077 1579 4130 ἐσθίειν·
1623 4090 1744 4125 του-

149 4176 346 4238 τὲᾰτι,
404 4173 478 4243 μὴ
527 4172 880 4244 προδιδόντας
931 4170 994 4223 τὸ
1056 4170 1264 4222 δίκαιον
1327 4164 1743 4238 δωροδοκείσθαι

150 4269 462 4339 χρήμασιν.
521 4267 582 4318 Ui
630 4263 740 4335 γὰρ
788 4261 1088 4332 Ἀθηναίων
1121 4261 1289 4316 πάλαι
1330 4260 1584 4314 δικασταὶ
1622 4258 1743 4310 ἀντὶ

1846 3115 1988 3170 vitas
2017 3125 2122 3184 est,
2157 3133 2280 3170 cum
2315 3119 2368 3171 in
2401 3116 2647 3174 Platonis
2675 3119 2951 3191 dialogum
2995 3121 3063 3176 de
3093 3124 3298 3186 anima,
3340 3123 3435 3175 cui

1848 3204 2049 3260 Phde
2091 3209 2284 3262 titulus
2325 3217 2429 3271 est,
2467 3210 2771 3273 incidisset,
2809 3213 3204 3282 didicisselque
3258 3215 3429 3285 magis

1847 3315 1971 3356 esse
2000 3316 2030 3355 e
2059 3316 2119 3356 re
2150 3302 2347 3355 animae
2379 3304 2622 3371 separari
2659 3319 2688 3356 a
2722 3319 2980 3374 corpore,
3018 3320 3179 3375 quam
3213 3321 3337 3360 cum
3366 3321 3436 3361 eo
3494 3354 3500 3362 .

1849 3392 2135 3463 conjungi,
2185 3409 2216 3447 c
2260 3409 2417 3448 muro
2465 3410 2525 3449 se
2559 3395 2892 3464 praecipitem
2940 3395 3113 3460 dedit,
3161 3398 3435 3467 stulteque

1851 3485 2085 3552 interiit,
2120 3495 2178 3540 ut
2213 3485 2468 3542 videlicet
2499 3487 2720 3544 animus
2754 3489 2931 3558 ipsius
2961 3506 2992 3544 e
3021 3489 3273 3560 corporis
3300 3491 3437 3545 vin—

1851 3577 1990 3632 culis
2019 3577 2278 3633 evolaret.

2242 3673 2329 3725 17.
2378 3670 2450 3724 De
2479 3671 2617 3739 fabis
2649 3671 3043 3742 Pythagoricis.

1921 3782 2389 3855 Pythagoreorum
2428 3793 2577 3840 secta
2629 3800 2659 3838 a
2690 3784 3000 3855 Pythagora
3038 3785 3224 3838 Samio
3253 3784 3433 3841 ﬂuxit.

1853 3875 1958 3942 Qui
1992 3886 2174 3930 autem
2205 3877 2477 3946 ejusmodi
2529 3885 2692 3932 sectrr
2725 3893 2849 3932 sese
2883 3878 3230 3940 addixeram,
3261 3877 3438 3946 philo-

1852 3967 2060 4036 scphia:
2090 3967 2348 4036 dogmata
2378 3982 2474 4036 per
2504 3966 2750 4036 symbola
2787 3967 3033 4035 quaadam
3065 3976 3119 4020 et
3147 3965 3437 4036 amigmata

1851 4058 2162 4113 discebant.
2216 4058 2363 4112 Inter
2414 4059 2520 4112 alia
2555 4066 2737 4111 autem
2787 4058 2893 4112 hoc
2940 4072 3159 4127 quoque
3205 4056 3435 4126 aenigma

1853 4151 1989 4222 ipsis
2023 4151 2362 4214 tradebatur,
2412 4151 2568 4204 fabas
2610 4149 2836 4203 minime
2865 4148 3110 4204 edendas
3154 4163 3297 4209 esse,
3335 4149 3438 4202 hoc

1852 4255 1956 4310 est,
1983 4259 2091 4298 non
2119 4259 2242 4299 esse
2267 4243 2610 4314 prodendum
2633 4243 2745 4312 jus,
2778 4257 2881 4296 nec
2902 4241 3241 4310 judiciorum
3276 4240 3436 4295 tidem

383 4355 618 4427 κυάμοις
650 4354 892 4427 ὲχρῶντο
917 4355 1054 4426 πρὸς
1087 4354 1409 4423 κατάκρισιν
1437 4355 1495 4405 ὲν
1523 4353 1633 4413 τοῖς
1662 4349 1742 4402 δι-

1857 4338 2088 4408 pecunia
2137 4339 2606 4392 commutandam.
2672 4337 2814 4391 Olim
2876 4336 3020 4389 enim
3070 4336 3437 4390 Athenienses

153 4448 509 4519 καστηρίοις.
535 4448 705 4516 Φησὶν
738 4442 852 4512 οὖν,
895 4447 959 4498 ὲκ
995 4446 1106 4498 τῶν
1137 4445 1366 4516 κυάμων
1398 4443 1504 4497 τῶν
1552 4443 1614 4495 ἐκ
1651 4440 1746 4494 τοῦ

1857 4432 2063 4500 iudices
2103 4431 2168 4484 ad
2210 4431 2552 4500 proditorum
2585 4429 3100 4483 condemnationem
3139 4428 3278 4483 fabis
3322 4429 3438 4481 cal-

153 4539 522 4608 δικαστηρίου
557 4540 631 4610 μὴ
662 4540 771 4592 δεῖν
801 4538 1024 4592 ἐσθίειν.

647 4743 735 4808 ιη’.
777 4735 916 4800 Περὶ
958 4731 1237 4801 Θεανοῦς.

234 4849 388 4918 Αὖτη
431 4849 463 4918 ἡ
503 4845 692 4900 Θεανὼ
736 4846 841 4898 ὑπὸ
872 4846 1136 4916 τυράννου
1183 4845 1482 4916 συνεσχέθη
1539 4845 1634 4897 ἐπὶ
1667 4843 1748 4915 τῷ

155 4943 346 4996 εἰπεῖν
376 4939 477 5007 τῆς
507 4938 766 5008 πατρίδος
790 4937 861 4990 τὰ
888 4937 1176 5009 ἀπόρρητα
1195 4952 1209 4966 ·
1241 4938 1334 4989 καὶ
1382 4937 1455 5007 μὴ
1497 4935 1747 5000 θέλουσα,

153 5035 266 5102 τὴν
297 5031 501 5100 ἑαυτῆς
537 5028 786 5098 γλῶτταν
819 5027 1192 5092 ἀπώακοῦσα,
1232 5027 1498 5080 ἐνέπτυσε
1545 5027 1623 5097 τῷ
1658 5043 1750 5080 τυ-

159 5124 373 5193 ράννῳ.

585 5229 671 5282 ιθ’.
714 5229 852 5295 Περὶ
899 5227 1324 5297 Ἐπαμινώνδα.

252 5345 314 5396 ὐ
357 5342 765 5412 Ἐπαμινώνδας
789 5342 850 5394 τὸ
879 5343 1033 5410 γένος
1050 5337 1118 5412 ἦν
1150 5341 1410 5412 Θηϐαῖος,
1444 5342 1753 5410 στρατηγὸς

163 5435 454 5506 μέγιστος,
485 5437 514 5488 ό
551 5415 883 5505 ἀριστεύσας
922 5435 980 5486 ἐν
1012 5433 1090 5504 τῷ
1135 5432 1457 5503 Λευκτρικῷ
1502 5433 1750 5503 πολέμῳ,

164 5528 427 5603 μαθητὴς
469 5527 764 5598 γενόμενος
795 5527 1052 5580 Φιλολάου
1084 5526 1179 5579 τοῦ
1216 5525 1607 5596 Πυθαγορείου.
1645 5521 1751 5579 Οὗ-

159 5639 266 5685 ⁸τος
288 5620 540 5691 πολεμῶν
568 5619 955 5692 ὲνε-κρατεύετο
986 5619 1128 5672 πάνυ
1167 5621 1260 5673 καὶ
1289 5619 1400 5673 ἀπὸ
1435 5618 1750 5691 βρωμάτων

244 5733 325 5796 (1)
358 5731 480 5788 llarc
507 5730 705 5788 desunt
737 5733 878 5800 apud
908 5732 1145 5788 Bilnum.

1847 4523 2101 4576 culorum
2135 4523 2257 4576 loco
2286 4523 2602 4577 utebantur.
2633 4520 2918 4576 lnterdicit
2946 4536 3078 4592 ergo
3107 4520 3224 4576 suis
3247 4519 3432 4591 Pytha-

1848 4627 2012 4684 goras
2041 4629 2110 4668 ne
2142 4613 2436 4682 judiciales
2465 4613 2620 4668 fabas
2650 4613 2836 4667 edant.

2349 4724 2436 4779 18.
2477 4724 2556 4777 De
2593 4723 2805 4778 Theano
2839 4725 2938 4794 (l).

1932 4835 2179 4900 Theano,
2213 4851 2336 4890 cum
2367 4851 2396 4890 a
2426 4845 2662 4906 tyranno
2689 4836 2924 4891 vinculis
2955 4836 3257 4891 constricta
3290 4845 3439 4893 tene-

1859 4938 2011 4984 retur
2049 4937 2107 4982 ιιι
2149 4929 2343 4998 patria;
2375 4936 2586 4984 secreta
2621 4929 2946 4995 declararet,
2995 4937 3048 4983 et
3084 4929 3271 4990 nollet,
3319 4929 3434 4996 ipsa

1859 5019 2100 5092 linguam
2151 5037 2307 5076 suam
2351 5021 2608 5077 dentibus
2635 5021 2876 5090 procidit
2923 5029 2978 5075 et
3027 5021 3080 5074 in
3131 5019 3324 5074 faciem
3356 5028 3441 5090 ty-

1862 5117 2020 5169 ranni
2054 5116 2292 5183 exspuit.

2165 5225 2250 5277 l9.
2294 5223 2372 5276 De
2409 5221 2776 5291 Epaminonda
2806 5231 2855 5275 et
2884 5220 3146 5289 Scipione.

1934 5339 2341 5409 Epaminondas
2370 5354 2568 5408 genere
2595 5336 2891 5391 Thebanus
2914 5342 3053 5396 erat,
3083 5334 3304 5399 duxque
3334 5348 3445 5386 ma-

1863 5433 2067 5495 ximus,
2096 5432 2189 5502 qui
2224 5432 2275 5484 in
2312 5430 2601 5485 Leuctrica
2632 5429 2818 5504 praelia
2848 5428 3238 5482 Thebanorum
3267 5425 3444 5495 capiis

1861 5525 2100 5594 prteruit.
2150 5523 2546 5594 Praeceptorem
2580 5523 2769 5576 habuit
2815 5521 3125 5574 Philolaum
3171 5518 3442 5591 Pythago-

1861 5633 2036 5674 reum.
2081 5616 2181 5674 Hic
2217 5618 2273 5672 in
2315 5615 2474 5672 bellis
2505 5614 2704 5671 eximia
2746 5611 3104 5671 continentia:
3149 5612 3310 5668 laude
3346 5611 3444 5668 llo-
