3856 6220
408 271 514 328 9&5
1773 275 1958 334 NONN
1966 277 2055 334 US
2093 279 2314 335 ABBAS
3581 272 3688 330 9'36

411 396 590 460 rebat,
617 401 734 449 tum
761 407 792 448 a
811 392 1066 449 ciborum
1094 393 1278 464 c0pia,
1308 401 1424 448 tum
1456 408 1487 448 a
1520 395 1686 451 rebus
1715 401 1986 462 venereis,

2110 401 2190 454 ιαὶ
2222 400 2331 453 ἀπὸ
2368 394 2701 468 ἀφροδισίων
2731 395 2825 448 καὶ
2850 393 3031 465 πάσης
3081 395 3447 466 ἡδυπαθείας·
3481 395 3565 450 διὸ
3594 400 3690 451 καὶ

412 495 528 541 tum
553 485 790 554 denique
829 485 896 538 ab
935 484 1086 538 omni
1113 485 1410 554 voluptatis
1442 499 1641 555 genere
1677 500 1800 540 sese
1827 487 1999 541 absti-

2110 491 2334 561 μέγιστα
2366 488 2521 547 κατὰ¹
2541 487 2990 556 Λακεδαιμονίων
3011 486 3207 559 ἔστησε
3239 488 3501 560 τρόπαια.
3546 491 3607 543 Ὀ
3633 491 3691 544 δὲ

412 591 572 632 nens.
606 574 726 640 Quo
754 575 918 629 etiam
961 572 1164 628 factum
1195 583 1313 639 est,
1347 584 1404 628 ut
1451 575 1688 628 maxima
1732 575 2000 631 adversus

2110 584 2358 646 Σκιπίων,
2412 583 2510 634 καὶ
2558 579 2722 642 αὐτὸς
2775 579 3080 650 στρατηγὸς
3137 580 3448 650 Ῥωμαίων,
3502 582 3690 652 ὅμοιος

413 667 858 723 Lacedaemonios
883 674 1086 736 tropaea
1108 667 1368 721 erexerit.
1395 666 1533 721 Huic
1561 676 1614 722 et
1643 669 1768 723 vitae
1801 684 2000 739 genere

2110 676 2239 730 κατὰ
2267 675 2364 745 τὴν
2397 675 2608 727 δίαιταν
2643 671 2740 724 καὶ
2772 670 2832 724 τὸ
2905 667 3038 741 ἦθος
3100 671 3484 743 Ἐπαμινώνδᾳ
3505 690 3519 702 ·
3571 674 3694 744 ἠρί-

411 768 467 813 et
503 760 748 814 moribus
778 774 883 812 non
931 759 1222 813 dissimilis
1261 759 1476 814 exstitit
1508 759 1694 830 Scipio
1724 759 2002 814 Romano-

412 864 536 902 rum
586 849 906 916 imperator.
961 847 1134 917 Cujus
1190 848 1486 916 singularis
1541 865 1760 918 quoque
1813 850 1995 905 virtus

409 940 641 993 emicuit
677 940 732 993 in
761 940 905 994 bello
933 939 1377 1010 Carthaginensi.
1408 939 1566 995 Unde
1595 941 1756 994 etiam
1788 956 1818 994 a
1847 941 1998 995 devi-

411 1039 499 1085 cta
545 1039 706 1101 gente
749 1031 993 1084 Africani
1040 1047 1245 1087 nomen
1289 1031 1499 1086 retuli-t.
1547 1031 1795 1087 Africani
1846 1032 1994 1088 enim

409 1131 572 1177 erant
601 1122 1088 1192 Carthaginienses.

2101 783 2294 820 στευσε
2345 765 2525 818 δὲκαὶ
2568 762 2752 826 αὐτὸς,
2782 760 2935 831 ἐντῷ
2981 761 3115 832 πρὸς
3146 763 3557 833 Καρχηδονίους
3597 761 3706 816 πο-⁴

2101 858 2272 929 λέμῳ,
2314 858 2390 920 ὼς
2422 859 2487 910 ἐκ
2515 859 2616 926 τῆς
2657 855 2814 925 νίκης
2845 853 2940 906 τοῦ
2973 853 3180 917 ἔθνους,
3218 855 3317 926 τὴν
3365 857 3692 926 ἐπωνυμίαν

2100 951 2286 1005 λαϐεῖν
2325 950 2418 1003 καλ⁵
2453 948 2722 1019 κληθῆναι
2768 946 3024 1000 Σκιπίων
3057 946 3385 1019 ’Δφρικανός
3409 963 3425 978 ⁸
3460 950 3693 1020 Καρχη-

2100 1041 2263 1095 δόνιοι
2289 1041 2398 1112 γὰρ
2425 1041 2474 1093 οἱ
2517 1037 2729 1109 ’Λφροί.

1639 1219 1730 1274 20.
1773 1217 1852 1272 De
1890 1219 2088 1274 Alpheo
2132 1221 2289 1274 ﬂuvio
2331 1220 2429 1274 (li.

1639 1220 1730 1274 20.
1773 1220 1852 1272 De
1890 1220 1958 1273 ΑΙ
1996 1220 2088 1274 beo
2174 1221 2289 1275 uvio
2358 1222 2378 1274 l
2415 1260 2429 1274 .

482 1312 726 1380 Alpheus
756 1307 956 1365 fluvius
985 1319 1070 1365 est
1101 1311 1368 1367 Arcadiae.
1401 1312 1649 1368 Arcadiae
1675 1323 1855 1369 autem
1902 1236 2033 1372 ιιι-ῖς
2080 1220 2460 1387 Ρέἷοροηίιοζί.
2491 1314 2584 1368 Est
2608 1320 2663 1369 et
2692 1314 2747 1370 in
2782 1311 2968 1367 Sicilia
3000 1310 3125 1370 fons
3157 1310 3378 1381 quidam
3411 1309 3694 1365 Arethusa

417 1409 664 1462 nomine.
702 1407 908 1462 Ferunt
938 1420 1121 1462 autem
1166 1408 1437 1479 Alpheum
1473 1413 1757 1470 Arethusae
1798 1432 1984 1472 amore
2021 1427 2240 1489 captum
2283 1435 2378 1489 per
2416 1435 2568 1474 mare
2600 1419 2656 1472 in
2699 1417 3029 1472 Arethusam
3078 1413 3327 1480 inﬂuere,
3365 1428 3470 1468 nec
3515 1413 3693 1466 maris

409 1501 739 1571 contagione
766 1501 936 1564 intici,
973 1503 1066 1556 sed
1102 1519 1270 1572 puros
1303 1513 1468 1575 atque
1499 1508 1743 1580 integros
1785 1513 1977 1567 latices
2011 1515 2078 1568 ad
2114 1517 2386 1570 amasiam
2429 1530 2617 1569 secum
2655 1514 2818 1568 ferre.

409 1618 500 1672 2'0.
545 1617 623 1672 De
677 1619 759 1671 liis
809 1620 899 1689 qui
944 1619 1371 1743 pedibusbillptis
1417 1624 1614 1692 vivunt,
1664 1634 1819 1696 atque
1850 1626 1997 1680 humi

1103 1707 1160 1743 cu
1200 1709 1264 1743 an
1299 1732 1312 1743 .

1103 1707 1312 1745 canant.

484 1779 618 1834 Selii
670 1795 806 1850 gens
833 1791 917 1835 est
945 1779 1239 1847 Dodonaea,
1271 1798 1337 1837 ex
1380 1798 1486 1852 qua
1535 1785 1642 1853 fagi
1679 1785 1997 1841 sacerdotes

411 1871 768 1926 creabantur.
806 1871 861 1925 In
887 1871 988 1925 hac
1011 1881 1192 1926 autem
1221 1872 1345 1943 fago
1373 1873 1524 1928 lovis
1551 1876 1834 1930 oraculum
1860 1887 1997 1942 erat,

412 1962 824 2031 vocabaturque
877 1978 1116 2031 quercus
1166 1962 1458 2018 Dodonaea.
1501 1965 1679 2034 Atque
1718 1966 1769 2019 hi
1814 1983 1999 2022 sacer-

413 2057 595 2122 dotes,
627 2063 688 2109 ut
723 2055 817 2125 qui
867 2054 978 2109 Deo
1025 2056 1441 2119 ancillarentur,
1494 2057 1813 2126 pudicitiam
1854 2061 2000 2115 cole-

416 2149 568 2211 bant,
601 2161 704 2202 nec
735 2146 948 2200 balneis
989 2146 1314 2210 utebantur,
1367 2163 1467 2201 nec
1509 2148 1566 2201 in
1607 2156 1778 2213 tecto,
1817 2150 1914 2204 sed
1945 2152 2000 2204 in

414 2238 558 2292 nuda
593 2238 758 2291 humo
796 2237 1158 2302 dormiebant,
1200 2239 1658 2307 quemadmodum
1701 2241 1786 2296 his
1819 2243 1999 2298 verbis

413 2336 654 2384 testatur
689 2337 846 2400 poeta
885 2348 898 2382 :

488 2419 603 2490 [flos
619 2419 784 2490 juxta
821 2417 979 2473 Sellis
1007 2419 1156 2473 sedes
1188 2428 1264 2472 est
1296 2421 1407 2485 ﬁxa
1435 2420 1721 2490 prophetis,

486 2489 593 2556 Qui
625 2505 718 2544 nec
746 2489 892 2542 humi
915 2506 1126 2544 somnos
1149 2500 1400 2560 carpunt,
1441 2489 1541 2544 nec'
1565 2492 1754 2546 balnea
1784 2503 1996 2546 curant.

741 2621 834 2678 21.
875 2621 952 2676 De
981 2620 1193 2676 Solonis
1223 2621 1654 2691 inexplebilitate.

485 2758 660 2812 Solon
708 2759 1065 2814 Atheniensis
1112 2759 1396 2830 legislator
1444 2769 1586 2820 erat.
1637 2761 1681 2814 A
1730 2776 1840 2831 quo
1873 2777 1997 2816 cum

413 2849 755 2922 postulatum
789 2859 955 2912 esset,
991 2859 1050 2902 ut
1082 2847 1361 2915 juventuti
1401 2851 1546 2920 leges
1589 2851 1878 2916 scriberet,
1903 2853 1996 2921 ju-

415 2940 721 3010 risjurandi
789 2941 1054 3011 religione
1111 2939 1261 2995 cives
1313 2955 1381 2996 eo
1431 2941 1650 3012 adegit,
1706 2949 1765 2996 ut
1810 2943 1996 2997 decem

2188 1636 2258 1683 κ’.
2293 1629 2436 1698 Περὶ
2456 1627 2574 1682 τῶν
2601 1626 3020 1683 ἀνιπτοπόδων
3043 1623 3143 1679 καὶ
3176 1621 3603 1694 χαιμαιευνῶν.

2169 1789 2316 1860 Παρ’
2353 1786 2575 1859 Ὁμήρῳ
2597 1785 2674 1856 τῷ
2704 1788 2901 1857 ποιητῇ
2929 1785 3112 1838 Σελλοὶ
3147 1783 3298 1846 ἔθνος
3340 1783 3690 1835 Δωδωναῖον.

2124 1879 2219 1932 Ἐκ
2267 1877 2470 1930 τούτων
2517 1879 2681 1947 ἱερεῖς
2715 1877 2813 1944 τῆς
2846 1875 3022 1945 φηγοῦ
3071 1873 3501 1944 προεϐάλλοντο·
3541 1872 3690 1942 αῦτη

2099 1971 2157 2024 δὲ
2183 1973 2216 2041 ή
2247 1969 2422 2040 φηγὸς
2465 1971 2716 2040 μαντεῖον
2747 1965 2816 2038 ἦν
2861 1967 2956 2020 τοῦ
2986 1967 3129 2030 Διὸς,
3165 1968 3200 2037 ή
3232 1965 3548 2036 καλουμένη
3575 1969 3695 2018 Aoe-

2098 2062 2301 2116 δωναία
2344 2059 2495 2133 δρῦς.
2550 2055 2710 2113 Οῦτοι
2753 2055 2847 2113 οῦν
2892 2061 2940 2111 οἱ
2977 2059 3163 2128 ἱερεῖς,
3212 2052 3300 2110 οἷα
3349 2057 3487 2110 Θεοῦ
3535 2056 3694 2120 ὄντες

2101 2154 2456 2226 θεραπευταὶ,
2483 2151 2808 2221 ἁγνεύοντες
2832 2149 2959 2204 οὐτε
2991 2150 3263 2211 ἐλούοντο,
3285 2149 3409 2203 οὐτε
3445 2151 3502 2201 ἐν
3529 2149 3696 2221 κλίνῃ

2101 2245 2412 2308 ἐκάθευδον,
2442 2244 2578 2298 ἀλλὰ
2598 2244 2794 2315 χαμαὶ,
2817 2241 2896 2305 ῶς
2923 2259 3091 2312 φησιν
3107 2243 3141 2293 6
3169 2243 3400 2312 ποιητὴς
3426 2242 3488 2293 ἐν
3511 2240 3694 2311 τούτῳ

2098 2333 2178 2405 τῷ
2220 2333 2340 2386 ἔπει
2360 2348 2376 2364 ο

2842 2461 2858 2477 .
2894 2462 2909 2476 .
2954 2463 2966 2476 .
3001 2422 3148 2490 ἀμφὶ
3186 2421 3254 2474 δὲ
3275 2421 3492 2475 Σελλοὶ

2135 2490 2497 2550 Συννσίουσ⁶
2517 2487 2819 2563 ὑποφῆται
2846 2487 3246 2556 άνιπτόποδες
3277 2491 3659 2561 χαμαιεῦναι.

2384 2630 2495 2686 κα’.
2534 2630 2673 2699 Περὶ
2703 2632 2979 2695 Σόλωνος
3006 2627 3369 2696 ἀπληστίας.
3726 2704 3730 2707 1

2168 2743 2346 2797 Σόλων
2377 2742 2675 2814 νομοθέτης
2705 2737 2773 2813 ἦν
2816 2739 3138 2812 Ἀθηναίων.
3165 2733 3332 2802 Οὗτος
3356 2737 3693 2808 αἰτούμενος

2099 2834 2460 2904 νομοθετῆσαι
2519 2835 2647 2896 τοὺς
2695 2834 2916 2902 νόμους,
2966 2832 3215 2902 ἁπῄτησε
3266 2831 3395 2892 τοὺς
3459 2831 3694 2894 πολίτας

2100 2926 2317 2997 ὅρκους,
2370 2927 2452 2979 ὃτι
2493 2925 2558 2996 δὴ
2591 2925 2874 2979 δεκαετίαν
2922 2924 3183 2996 στέρξωσι
3229 2923 3325 2977 καὶ
3377 2924 3694 2994 ἐμμείνωσι

414 3049 594 3088 annos
630 3033 806 3103 ipsius
843 3033 1054 3103 legibus
1095 3033 1536 3103 acquiescerent,
1586 3048 1651 3088 ac
1693 3042 1904 3104 postea,
1951 3035 1996 3089 si

2110 3020 2216 3080 τοῖς
2250 3016 2378 3088 παρ’
2416 3015 2580 3070 αὐτοῦ
2630 3015 2940 3086 τιθεμένοις
2983 3015 3211 3085 νόμοις·
3255 3015 3350 3068 καὶ
3383 3015 3604 3079 λοιπὸν,
3641 3016 3692 3066 εί

415 3126 600 3180 minus
643 3126 781 3196 ipsis
814 3125 1143 3190 arriderent,
1173 3141 1269 3180 eas
1315 3125 1664 3196 abrogarent.
1717 3126 1774 3180 ld
1814 3133 1994 3180 autem

415 3220 523 3274 hoc
551 3219 792 3274 consilio
824 3217 1082 3283 faciebat,
1114 3227 1175 3271 ut
1195 3217 1302 3288 ipsi
1334 3219 1546 3288 legibus
1579 3218 1726 3271 illius
1751 3218 2002 3290 aliquan-

417 3312 594 3365 tulum
644 3311 1029 3380 obtemperare
1069 3317 1476 3366 assuescerent.
1517 3309 1636 3364 Non
1686 3311 1832 3364 enim
1883 3317 2004 3366 erat

419 3403 643 3474 ignarus
674 3401 795 3456 fore
829 3411 910 3463 ut,
961 3401 1006 3455 si
1041 3401 1188 3472 leges
1217 3417 1356 3471 quas
1401 3402 1536 3471 ipsis
1577 3400 1804 3467 ferebat,
1834 3403 2002 3456 semel

416 3497 829 3566 degustassent,
883 3509 1028 3564 aegre
1075 3496 1145 3547 ab
1200 3495 1286 3548 his
1349 3501 1536 3562 postea
1583 3493 1998 3549 divellerentur.

415 3587 659 3656 Accepto
691 3601 824 3655 ergo
861 3599 891 3637 a
923 3585 1143 3640 civibus
1170 3584 1553 3655 jurejurando,
1591 3601 1715 3639 cum
1747 3586 1893 3655 leges
1921 3587 2004 3655 ip-

417 3681 496 3735 sis
543 3680 918 3748 imposuisset,
972 3679 1201 3733 Athenis
1253 3680 1511 3743 exeessit,
1562 3679 1888 3733 decennium
1935 3680 2004 3732 ab

416 3774 555 3828 urbe
583 3771 902 3827 abfuturus.
959 3770 1274 3841 Peragratis
1311 3782 1491 3826 autem
1537 3773 1727 3826 multis
1772 3771 2004 3826 urbibus

417 3865 476 3920 in
509 3863 734 3936 Lydiam
767 3878 990 3933 quoque
1023 3863 1091 3917 ad
1119 3863 1370 3918 Croesum
1395 3861 1675 3933 profectus
1704 3872 1808 3918 est.
1844 3861 2003 3917 Hunc

416 3957 605 4025 itaque
656 3970 750 4010 rex
804 3954 1169 4009 admiratione
1205 3954 1420 4010 allicere
1476 3957 1725 4026 cupiens,
1763 3955 1831 4010 ad
1884 3956 2005 4010 the-

418 4061 616 4101 sauros
661 4061 794 4101 suos
840 4044 1017 4110 duxit,
1045 4045 1262 4116 ipsique
1283 4052 1548 4115 quantum
1579 4061 1715 4100 auro
1736 4045 2002 4110 ablueret,

418 4137 689 4194 ostendit.
731 4137 965 4207 Moxque
999 4153 1126 4194 eum
1177 4153 1208 4192 a
1243 4139 1518 4192 thesauris
1565 4137 1886 4192 redeuutem
1920 4138 2004 4192 iu-

417 4231 747 4300 terrogavit,
779 4230 969 4300 ecquis
1016 4231 1238 4285 tandem
1273 4245 1337 4284 ex
1374 4231 1632 4285 omnibus
1677 4230 2004 4285 mortalibus

419 4321 526 4392 ipsi
561 4321 920 4377 beatissimus
952 4321 1254 4386 videretur,
1297 4323 1620 4377 existimans
1653 4322 1845 4392 utique
1872 4337 1996 4376 eum

420 4413 706 4469 felicitatis
740 4415 948 4484 primas
979 4414 1083 4485 ipsi
1115 4413 1396 4468 daturmn.
1447 4412 1615 4468 Solon
1667 4423 1848 4468 autem
1878 4411 2005 4466 Tel-

421 4506 534 4560 lum
575 4505 973 4560 Atheniensem
999 4503 1107 4558 sibi
1140 4504 1386 4557 omnium
1420 4502 1799 4556 beatissimum
1830 4499 2008 4555 videri

421 4597 728 4667 respondit.
780 4596 1190 4652 Beatitudinem
1247 4597 1392 4650 enim
1445 4610 1554 4648 non
1608 4595 1662 4647 in
1702 4593 1898 4664 opibus
1943 4607 2008 4647 ac

422 4692 704 4761 superbia,
752 4689 850 4746 sed
896 4691 949 4744 in
986 4694 1110 4744 vita:
1161 4688 1563 4759 tranquillitate
1608 4687 2006 4741 constituebat.

420 4785 807 4854 [inexplebilem
853 4783 1040 4853 itaque
1085 4780 1342 4837 Solonem
1382 4781 1612 4836 Croesus
1644 4789 1820 4844 vocat,
1858 4780 2007 4850 quod

423 4877 664 4946 majores
694 4891 830 4945 opes
879 4889 1016 4929 auro
1067 4874 1239 4946 Lydio
1278 4873 1465 4928 videre
1508 4880 1814 4942 exoptaret.
1865 4873 2008 4926 Sunt

423 4977 606 5024 autem
640 4967 846 5023 divitia:
891 4983 1067 5038 genus
1113 4965 1393 5036 quoddam
1446 4964 1723 5019 felicitatis
1751 4965 1807 5018 in
1840 4965 2007 5020 rebus

421 5058 669 5114 externis
700 5059 892 5113 situm.
921 5056 1018 5112 Est
1049 5057 1253 5127 quippe
1291 5056 1488 5124 triplex
1525 5053 1778 5117 felicitas,
1815 5055 2008 5110 animze

427 5149 822 5218 tranquillitas,
859 5151 1108 5217 corporis
1151 5148 1384 5211 sanitas,
1421 5154 1475 5200 et
1527 5161 1710 5200 rerum
1749 5156 2005 5200 externa—

426 5254 548 5294 rum
579 5239 878 5299 aliiuentia.
915 5239 994 5292 Ac
1030 5239 1261 5309 proinde
1291 5236 1663 5306 adjiciendum:
1693 5248 1811 5292 erat
1846 5237 2006 5292 Solo-

427 5332 526 5385 ni:
583 5331 641 5385 Si
692 5331 878 5386 animo
925 5347 1144 5401 quoque
1191 5330 1685 5400 praestantissimus
1734 5344 1921 5394 esses,
1971 5344 2004 5382 ο

426 5420 634 5484 Crasse,
675 5421 894 5475 abunde
921 5420 1022 5474 tibi
1055 5427 1140 5474 est
1167 5435 1332 5490 opum
1375 5418 1442 5473 ad
1477 5417 1780 5488 explendos
1817 5427 1998 5472 exter-

421 5526 512 5565 na:
539 5511 816 5568 felicitatis
849 5527 1129 5566 numeros.

499 5687 575 5751 (ί)
605 5686 821 5750 Graeca,
867 5703 988 5756 quae
1034 5688 1174 5756 apud
1209 5687 1462 5742 Nonnum
1497 5688 1732 5753 desunt,
1785 5690 1999 5744 exhibet

435 5754 669 5810 Cosmas
707 5754 1236 5824 Hierosoly'niitanus
1266 5758 1332 5812 ad
1363 5757 1476 5826 λόγ.
1511 5757 1587 5826 ξς
1627 5760 1684 5815 S.
1731 5759 2000 5831 Gregorii.

2105 3106 2178 3178 μὴ
2213 3106 2603 3176 συναρέσουσιν
2634 3105 2840 3168 αὐτοῖς,
2865 3105 2927 3157 τὸ
2956 3103 3208 3176 τηνικάδε
3236 3103 3479 3156 λύσουσι.
3513 3103 3695 3156 Τοῦτο

2099 3196 2157 3250 δὲ
2192 3195 2466 3266 ἐποίησεν,
2521 3196 2609 3248 ἵνα
2650 3194 2790 3257 τέως
2832 3194 3132 3265 προσεθίσῃ
3182 3194 3379 3257 αὐτοὺς
3424 3195 3694 3263 ἐμμεῖναι

2101 3290 2188 3341 ἐπ’
2215 3288 2396 3356 ὀλίγον
2428 3287 2620 3359 χρόνον
2656 3289 2772 3344 τοῖς
2796 3287 3004 3357 νόμοις.
3047 3285 3203 3356 ᾝδει
3232 3284 3340 3354 γὰρ
3366 3283 3444 3346 ὡς
3478 3285 3528 3336 εἰ
3561 3285 3697 3352 γεύ-

2103 3398 2307 3433 σωνται
2353 3380 2456 3449 τῆς
2499 3378 2845 3448 νομοθεσίας,
2877 3377 3066 3431 λοιπὸν
3091 3377 3512 3447 δυσμεταθέτως
3553 3377 3696 3449 σχή-

2104 3487 2289 3525 σουσιν
2319 3471 2511 3540 αὐτῆς.
2548 3468 2745 3523 Λαϐὼν
2771 3467 2950 3522 τοίνυν
2981 3469 3008 3520 6
3038 3466 3215 3520 Σόλων
3244 3467 3334 3519 τὸν
3348 3468 3512 3538 ὅρκον
3539 3468 3699 3538 παρὰ

2101 3563 2210 3616 τῶν
2267 3561 2587 3631 ’Λθηναίων,
2643 3561 2736 3614 καὶ
2791 3559 3163 3629 νομοθετήσας
3206 3559 3409 3621 αὐτοῖς,
3466 3559 3702 3629 ἐξῆλθεν

2103 3652 2211 3704 ἀπὸ
2263 3649 2503 3720 Ἀθηνῶν
2543 3649 2776 3717 ὀφείλων
2822 3647 2920 3716 τὴν
2958 3647 3246 3700 δεκαετίαν
3293 3645 3399 3711 ἔξω
3438 3648 3698 3717 ποιῆσαι.

2105 3742 2429 3815 Περιπολῶν
2452 3738 2546 3796 οὖν
2579 3740 2677 3806 τὰς
2699 3741 2908 3804 πόλεις,
2935 3736 3066 3810 ἦλθε
3093 3741 3186 3793 καὶ
3214 3742 3294 3804 εἰς
3319 3741 3520 3793 Λυδίαν
3541 3742 3704 3811 παρὰ

2105 3840 2341 3907 Κροῖσον
2380 3837 2470 3889 τὸν
2521 3834 2768 3906 βασιλέα.
2830 3834 2928 3885 Ὃν
2979 3830 3202 3884 ἐλθόντα
3237 3835 3267 3884 6
3305 3832 3566 3900 Κροῖσος,
3617 3833 3704 3893 είς

2106 3928 2296 3998 θαῦμα
2333 3929 2503 3982 θέλων
2551 3927 2793 3996 κινῆσαι,
2829 3924 3072 3995 ἔπεμψεν
3115 3926 3196 3988 εἰς
3225 3925 3350 3986 τοὺς
3380 3923 3703 3994 θησαυροὺς

2116 4021 2284 4076 αὐτοῦ
2306 4038 2319 4051 ·
2354 4021 2701 4091 ἐπανήκοντα
2729 4018 2787 4071 δὲ
2820 4017 2929 4070 ἀπὸ
2975 4017 3084 4069 τῶν
3120 4015 3410 4086 θησαυρῶν
3452 4017 3548 4068 τὸν
3599 4016 3697 4070 Σό-

2106 4113 2272 4177 λωνα,
2302 4113 2467 4183 ἤρετο
2486 4113 2514 4164 6
2533 4113 2792 4182 Κροῖσος,
2822 4109 2944 4162 τίνα
2970 4109 3182 4178 νομίζοι
3211 4107 3704 4179 εὐδαιμονέστερον

2108 4207 2324 4260 πάντων
2360 4204 2686 4276 ἀνθρώπων,
2719 4203 3141 4274 ὑπολαμϐάνων,
3171 4204 3254 4256 ὅτι
3300 4201 3364 4272 δὴ
3395 4201 3562 4254 αὐτὸν
3590 4203 3704 4272 πρδ

2110 4302 2328 4354 πάντων
2362 4299 2528 4353 εἴποι.
2582 4300 2640 4352 '0
2667 4298 2724 4352 δὲ
2758 4299 2936 4352 Σόλων
2979 4297 3334 4368 ἀπεκρίνατο,
3374 4295 3577 4348 Τέλλον
3606 4299 3703 4349 τὸν

2034 4363 2084 4422 υ
2122 4393 2425 4465 Ἀθηναῖον.
2473 4391 2719 4464 Ὠρίζετο
2762 4391 2872 4464 γὰρ
2900 4392 2929 4443 6
2979 4363 3177 4455 Σόλων,
3224 4389 3286 4441 οὐ
3323 4387 3414 4440 τὸν
3460 4387 3699 4440 πλοῦτον

2105 4487 2200 4540 καὶ
2229 4486 2328 4556 τὴν
2360 4485 2722 4556 περιφάνειαν
2755 4482 3131 4555 εὐδαιμονίαν,
3163 4480 3300 4535 ἀλλὰ
3329 4480 3420 4532 τὸν
3464 4481 3701 4543 ἀπαθῶς

2108 4575 2389 4648 ζήσαντα,
2454 4572 2799 4628 ἀποθανόντα
2850 4575 2907 4628 δέ
2957 4573 3380 4644 ἀριστεύσαντα.
3428 4570 3544 4624 Νῦν
3603 4567 3698 4626 οὖν

2106 4668 2381 4739 ἄπληστον
2418 4666 2575 4719 καλεῖ
2602 4667 2694 4720 τὸν
2718 4666 2951 4729 Σόλωνα,
2986 4665 3062 4728 ὡς
3088 4665 3310 4718 πλείονα
3337 4663 3570 4717 πλοῦτον
3599 4663 3696 4718 τοῦ

2108 4758 2304 4811 Λυδίου
2341 4755 2547 4826 χρυσοῦ
2573 4755 2904 4826 ὀρεγόμενον
2932 4753 3253 4807 θεάσασθαι.
3279 4754 3388 4807 Καὶ
3410 4756 3438 4806 6
3464 4754 3699 4816 πλοῦτος

2108 4849 2166 4902 δέ
2208 4846 2526 4915 εὐδαιμονία
2560 4863 2644 4909 τις
2682 4845 2905 4916 περὶτὰ
2946 4844 3123 4907 ἐκτός.
3157 4844 3318 4914 Τρεῖς
3346 4844 3404 4896 δὲ
3437 4843 3698 4914 εὐδαιμο-

2109 4938 2231 4999 νίας
2268 4933 2407 4988 οἷδεν
2451 4936 2478 4986 6
2515 4935 2670 5004 λόγος
2693 4949 2707 4963 ο
2744 4933 2843 5005 τὴν
2879 4936 2938 4988 ἐν
2969 4935 3117 5004 ψυχῇ
3172 4933 3464 4996 ἀπάθειαν,
3506 4933 3608 5002 τὴν
3636 4933 3696 4986 ἐν

2111 5029 2326 5099 σώματι
2385 5027 2598 5094 ὑγείαν,
2649 5025 2748 5096 τὴν
2803 5025 2932 5096 περὶ
2985 5025 3054 5078 τὰ
3108 5024 3265 5088 ἐκτὸς
3315 5023 3691 5077 πολυτέλειαν.

2127 5120 2327 5190 Ἐχρῆν
2372 5115 2466 5172 οῦν
2508 5119 2600 5171 τὸν
2636 5117 2853 5171 Σόλωνα
2888 5117 3226 5188 προσθεῖναι,
3265 5117 3347 5170 ὅτι
3381 5117 3444 5169 Εἰ
3485 5117 3581 5169 καὶ
3623 5117 3690 5185 τῇ

2109 5212 2261 5282 ψυχῇ
2289 5209 2356 5285 ᾗς
2386 5211 2628 5282 ἄριστος,
2666 5209 2850 5274 ἱκανός
2879 5226 2960 5262 σοι
2980 5211 3008 5262 6
3034 5209 3261 5272 πλοῦτος
3277 5208 3412 5279 πρὸς
3438 5207 3534 5278 τὴν
3561 5207 3691 5277 περὶ

2112 5304 2180 5356 τὰ
2217 5304 2376 5365 ἐκτὸς
2404 5300 2767 5372 εὐδαιμονίαν.

2115 5686 2324 5763 Similia
2354 5690 2498 5763 enirn
2529 5689 3145 5763 apudutrumqueuon
3177 5706 3553 5763 semertegcrc
3583 5699 3688 5748 est.

2121 5756 2252 5814 Vide
2279 5758 2416 5828 Opp.
2451 5756 2697 5830 Gregorii
2731 5756 2932 5815 nostrae
2967 5762 3097 5816 edit.
3129 5771 3260 5816 tom.
3299 5760 3387 5816 IV.
