3856 6220
207 220 311 277 997

449 337 553 406 κβ’.
593 336 732 405 Περὶ
766 337 1116 404 Σωκράτους
1136 341 1520 406 φιλοκαλίας.

293 429 349 481 '0
388 427 684 498 Σωκράτης
716 427 1010 498 φιλόσοφος
1043 427 1118 482 ὣν
1154 431 1386 501 περιῆγε
1418 432 1516 502 τὴν
1545 431 1774 503 ἀγοράν,

213 522 300 574 καὶ
334 520 404 573 τὰ
446 519 708 590 μειράκια
747 520 1120 590 προετρέπετο
1163 521 1258 574 ἐπὶ
1287 522 1642 591 φιλοσοφίαν·
1685 523 1778 575 καὶ

215 613 442 684 μάλιστα
481 612 734 682 ἐνόμιζεν
775 608 918 664 εἶναι
961 611 1098 682 πρὸς
1148 612 1467 682 φιλοσοφίαν
1497 614 1776 686 ἐπιτήδεια

209 706 274 758 τὰ
298 703 602 774 περικαλλῆ
635 704 896 774 μειράκια
916 720 928 732 ·
963 704 1094 766 τοὺς
1120 704 1227 777 γὰρ
1260 705 1568 776 εὐμόρφους
1589 706 1778 773 λέγου-

212 812 291 846 σιν
315 789 455 848 εἶναι
470 794 565 847 καὶ
584 795 825 862 εὐφυεῖς.
849 789 958 846 Ἶ-Ιν
991 791 1084 848 οὖν
1107 795 1234 861 δόξα
1256 795 1406 867 παρὰ
1449 796 1771 867 Ἀθηναίοις.

210 886 288 938 ὅτι
308 884 674 955 παιδεραστής
703 880 773 955 ἦν
807 887 834 938 6
862 885 1180 956 Σωκράτης,
1223 885 1312 939 διὰ
1334 886 1396 938 τὸ
1420 886 1772 954 ἐπιλέγεσθαι

209 977 328 1041 τοὺς
375 977 701 1048 εὐμόρφους.
726 977 1052 1049 Εὑρίσκεται
1076 976 1133 1030 δὲ
1159 979 1251 1030 καί
1274 977 1308 1029 6
1347 976 1572 1031 Πλάτων
1611 980 1668 1031 ἐν
1697 978 1774 1049 τῷ

211 1069 516 1138 Θεαιτήτῳ,
553 1069 645 1123 καὶ
681 1069 956 1139 πανταχοῦ
986 1070 1129 1123 οὓτω
1173 1069 1347 1139 λέγων
1391 1072 1521 1141 περὶ
1551 1072 1775 1142 Σωκρά-

206 1179 354 1224 τους·
383 1163 466 1214 ὅτι
493 1161 672 1224 Καλὸς
695 1163 724 1214 6
748 1161 1063 1231 Θεαίτητος,
1101 1163 1197 1215 καὶ
1221 1163 1383 1226 καλὸς
1407 1164 1436 1215 6
1461 1162 1770 1234 Χαρμίδης.

210 1255 500 1322 ’Λντικρυς
521 1249 616 1306 οὖν
645 1255 703 1306 ἐν
732 1256 844 1316 τοῖς
868 1253 1047 1322 λόγοις
1059 1253 1295 1324 ἔμφασιν
1308 1254 1534 1325 παρέχει
1575 1258 1603 1308 6
1630 1255 1773 1308 Πλά-

206 1363 327 1407 των,
368 1346 452 1398 ὃτι
482 1345 778 1416 Σωκράτης
823 1346 1155 1417 ὑπωπτεύθη
1190 1345 1434 1409 τοιοῦτος
1475 1343 1636 1413 εἶναι,
1684 1349 1772 1401 διὰ

205 1434 301 1497 τὰς
341 1433 622 1500 τοιαύτας,
663 1434 738 1498 ὡς
785 1430 959 1502 εἶπον,
1010 1437 1444 1509 ἀντερωτήσειςσ
1488 1439 1569 1492 ὅτι
1608 1439 1771 1502 καλὸς

209 1523 304 1591 μὲν
333 1519 427 1594 ἦν,
453 1524 515 1577 οὐ
546 1524 646 1594 τὴν
669 1523 814 1593 ὄψιν,
839 1525 975 1579 ἀλλὰ
995 1525 1094 1597 τὴν
1124 1527 1324 1598 ψυχήν.
1369 1528 1676 1600 Ὑπενοήθη
1714 1529 1772 1581 δὲ

205 1617 283 1666 ὅτι
316 1616 414 1668 καὶ
437 1614 514 1684 τῷ
561 1614 870 1687 Ἀλκιϐιάδῃ
903 1617 1217 1686 συγγίνεται
1252 1617 1392 1671 κατὰ
1419 1617 1508 1672 τὸν
1546 1618 1770 1689 αἰσχρὸν

206 1708 401 1777 ἔρωτα.
450 1709 512 1762 Oi
559 1707 616 1760 δὲ
651 1709 780 1779 περὶ
815 1709 1140 1780 Σωκράτους
1184 1709 1454 1778 λέγοντες,
1496 1712 1661 1779 φασὶν
1687 1712 1769 1764 ὅτι

207 1798 517 1866 συνεγένετο
549 1799 736 1865 πᾶσιν,
767 1799 828 1852 οὐ
860 1800 1001 1853 κατὰ
1019 1799 1111 1853 τὸν
1146 1801 1369 1873 ἐμπαθῆ
1397 1802 1596 1874 ἔρωτα,
1636 1803 1772 1857 ἀλλὰ

203 1888 340 1941 κατὰ
369 1888 460 1941 τὸν
493 1886 692 1942 ἔνθεον.

499 2058 603 2129 κγ’,
646 2060 788 2129 Περὶ
822 2061 1143 2127 Πλάτωνος
1170 2063 1466 2130 λιχνείας.

267 2152 496 2207 Πλάτων
539 2155 568 2206 6
611 2153 901 2221 φιλόσοφος
943 2153 1178 2218 ἀκούων,
1222 2154 1304 2206 ὅτι
1352 2155 1702 2226 μεγαλοφνὴς
1742 2157 1771 2208 6

201 2245 474 2306 Διονύσιος
504 2247 532 2297 6
579 2244 678 2314 τῆς
725 2243 975 2306 Σικελίας
1025 2244 1318 2316 τύραννος,
1360 2245 1588 2298 ἔπλευσε
1634 2247 1770 2316 πρὸς

200 2336 381 2390 αὐτόν.
424 2336 532 2388 Καὶ
562 2335 610 2388 οἱ
649 2336 746 2404 μὲν
795 2333 1060 2405 ἐξηγηταὶ
1091 2333 1187 2387 νῦν
1229 2335 1320 2388 τοῦ
1361 2335 1647 2399 Πλάτωνος
1678 2336 1769 2388 λέ-

199 2442 381 2492 γουσιν
409 2425 490 2477 ὅτι
515 2424 745 2477 ἔπλευσε
776 2423 862 2477 διὰ
885 2424 978 2476 δύο
1017 2425 1227 2488 αίτίας’
1259 2425 1345 2478 ἵνα
1381 2425 1476 2478 καὶ⁴
1505 2427 1768 2497 ἱστορήσῃ

197 2512 255 2565 τὸ
277 2515 335 2566 ἐν
369 2515 438 2582 τῇ
462 2513 626 2582 Αἴτνῃ
653 2511 764 2583 πῦρ
789 2512 1192 2583 ἀναδιδόμενον,
1225 2514 1318 2566 καὶ
1357 2514 1443 2566 ἵνα
1471 2514 1632 2585 πείσῃ
1653 2517 1769 2567 Διο-

196 2602 376 2654 νύσιον
399 2599 776 2668 φιλοσοφῆσαι.
807 2597 866 2652 Ὀ
886 2599 944 2652 δὲ
976 2599 1244 2671 μακάριος
1255 2601 1554 2672 Γρηγόριός
1580 2619 1764 2671 φησιν,

193 2692 273 2744 ὅτι
303 2691 396 2745 διὰ
427 2689 586 2743 τοῦτο
619 2689 860 2759 ἀπῆλθεν
885 2691 912 2742 6
941 2690 1169 2744 Πλάτων
1196 2693 1252 2743 ἐν
1284 2691 1526 2762 Σικελίᾳ,
1556 2691 1645 2744 διὰ
1668 2692 1767 2763 τὴν

196 2783 545 2837 πολυτέλειαν
585 2782 692 2835 τῶν
722 2783 980 2853 ἀρίστων,
1013 2774 1087 2834 ὧν
1119 2783 1292 2836 ἐποίει
1331 2782 1604 2845 Διονύσιος
1625 2798 1641 2813 ⁸
1675 2785 1768 2837 καὶ

195 2878 432 2928 ποιεῖται
478 2876 798 2946 τεκμήριον,
856 2874 938 2926 ὅτι
984 2873 1200 2944 άληθῶς
1256 2873 1342 2927 διὰ
1390 2873 1486 2944 τὴν
1530 2874 1768 2944 λιχνείαν

195 2966 422 3020 ἔπλευσε
439 2965 502 3018 τὸ
521 2964 796 3036 πραθῆναι
819 2965 979 3018 αὐτὸν
1011 2964 1161 3038 παρὰ
1195 2965 1490 3019 Διονυσίου.
1523 2965 1763 3036 Ἐπράθη
1796 3013 1838 3072 C

191 3060 247 3113 ἃ
271 3060 347 3130 τῷ
376 3059 493 3111 ὄντι
521 3057 738 3111 Πόλλιδι
765 3057 843 3122 τῷ
871 3058 1127 3128 ναυάρχῳ
1157 3057 1266 3110 τῶν
1297 3059 1761 3129 Λακεδαιμονίων,

193 3153 430 3223 διάγοντι
464 3150 761 3223 τηνικαῦτα
793 3153 973 3204 ἐκεῖσε
993 3168 1008 3182 ·
1051 3145 1170 3204 εἶτα
1201 3152 1228 3203 6
1258 3151 1451 3214 Πόλλις
1481 3151 1650 3205 ἐλθὼν
1687 3154 1766 3214 είς

193 3248 416 3316 Αἴγιναν
486 3245 658 3298 πωλεῖ
684 3245 848 3299 αὐτὸν
898 3245 1236 3316 πεντήκοντα
1288 3243 1436 3298 ιινῶν
1468 3237 1546 3310 τῷ
1602 3245 1767 3297 Ἀννιο

194 3339 366 3409 κάρῳ.

259 3538 451 3591 Πολλοὶ
487 3537 543 3590 δὲ
575 3537 670 3590 καὶ
706 3535 816 3588 τῶν
841 3534 1093 3588 Στωϊκῶν
1123 3534 1336 3605 ἀρχαῖοί
1367 3551 1552 3604 φασιν,
1574 3535 1650 3599 ὡς
1675 3535 1764 3589 διὰ

191 3630 429 3700 λιχνείαν
459 3631 595 3699 πρὸς
633 3629 724 3683 τὸν
769 3629 1040 3682 Διονύσιον
1071 3628 1310 3699 ἀπῆλθεν
1339 3631 1367 3682 6
1401 3629 1648 3693 Πλάτων,
1681 3625 1764 3692 οἷς

188 3725 280 3777 καὶ
304 3727 332 3778 6
355 3723 660 3794 Γρηγόριος
692 3720 889 3792 μᾶλλον
917 3720 1243 3783 συντίθεται,
1270 3720 1364 3774 καὶ
1393 3721 1454 3773 οὐ
1485 3723 1595 3784 τοῖς
1631 3738 1765 3774 νεω-

197 3817 367 3887 οέροις
397 3816 680 3877 Πλάτωνος
720 3813 1032 3884 ἐξηγηταῖς.
1056 3813 1218 3882 Λέγει
1253 3813 1310 3866 δὲ
1339 3814 1434 3865 καὶ⁵
1461 3815 1489 3866 6
1513 3813 1762 3882 Ξενοφῶν

191 3910 274 3972 sic
299 3907 416 3974 τὴν
441 3905 591 3975 πρὸς
622 3905 920 3972 Αἰσχίνην
945 3902 1299 3971 ἐπιστολὴν,
1323 3905 1398 3967 ὼς
1419 3904 1506 3957 διὰ
1525 3904 1762 3976 λαιμαρ-

189 4003 309 4070 γίαν
344 4003 375 4054 6
398 4001 626 4055 Πλάτων
644 4000 725 4064 είς
755 3999 853 4070 τὴν
879 3998 1128 4051 Σικελίαν
1162 3997 1371 4068 ἀπῆλθε
1412 3998 1548 4068 πρὸς
1581 3999 1764 4052 Διονύ-

191 4108 301 4147 σιον
323 4092 417 4147 τὸν
447 4091 730 4162 τύραννον.

422 4185 520 4238 κδ’.
563 4183 703 4250 Περί
733 4181 1140 4250 Ξενοκράτους
1168 4182 1528 4251 ὀψοφαγίας.

255 4277 597 4348 Ξενοκράτης
636 4275 729 4329 καὶ⁴
782 4274 1156 4347 Ἀριστοτέλης
1200 4273 1440 4344 μαθηταὶ
1477 4273 1569 4328 τοῦ
1615 4275 1760 4328 Πλά-

1012 218 1103 272 AD
1141 218 1198 273 S.
1238 218 1567 276 GREGORII
1600 219 1807 276 ORAT.
1851 219 1869 273 l
1907 217 2187 276 CONTRA
2225 219 2594 276 ιῑιιΑΝυιι.

1665 341 1669 346 ’
1806 345 1855 401 Α

3345 227 3466 285 998,

2065 338 2153 392 22.
2201 337 2278 392 De
2311 338 2588 392 Socratico
2613 337 3021 406 pulchritudinis
3061 355 3259 395 amore.

1953 429 2212 485 Socrates
2241 430 2604 500 philosophus
2631 429 2812 484 forum
2833 432 3178 495 circumibat,
3195 433 3452 502 juvenes-

1879 537 1984 591 que
2012 521 2080 574 ad
2115 522 2474 591 philosophiae
2508 522 2752 577 studium
2788 523 3137 586 hortabatur,
3188 539 3253 579 ac
3313 539 3454 594 prte-

1881 613 2074 667 scrtim
2127 613 2361 682 eleganti
2397 612 2570 667 forma
2624 614 2904 682 praditos,
2944 629 3084 684 quos
3116 615 3182 669 ad
3211 614 3453 684 philoso-

1880 703 2065 771 phiam
2095 711 2256 772 aptos
2289 717 2411 758 esse
2441 703 2747 771 judicabat.
2781 702 2916 757 Nam
2951 704 3043 774 qui
3091 704 3304 759 liberali
3337 703 3454 757 for-

1878 809 1964 847 ma
1996 802 2148 857 sunt,
2175 793 2396 849 eosdem
2429 810 2651 864 quoque
2677 796 2893 865 egregia
2929 796 3095 848 animi
3123 796 3304 850 indole
3328 811 3453 851 esse

1878 885 2081 940 ferunt.
2119 884 2176 938 In
2207 885 2349 940 hanc
2375 901 2505 957 ergo
2529 888 2840 957 opinionem
2872 888 3091 942 adducti
3126 896 3254 943 sunt
3283 888 3452 942 Athe-

1877 979 2120 1042 nienses,
2154 985 2213 1030 ut
2254 975 2534 1032 Socratem
2568 992 2862 1048 puerorum
2908 993 3094 1033 amore
3136 988 3452 1048 correptum

1874 1085 2000 1124 esse
2036 1077 2314 1138 putarent,
2356 1071 2500 1140 quod
2533 1071 2936 1140 pulcherrimos
2972 1086 3221 1141 quosque
3247 1073 3453 1139 delige-

1875 1169 1978 1214 ret.
2030 1160 2172 1226 Quin
2237 1163 2354 1231 ipse
2407 1177 2625 1231 quoque
2681 1161 2836 1216 Plato
2893 1171 3006 1216 tum
3054 1164 3108 1216 in
3164 1161 3448 1228 leea’teto,

1874 1260 1988 1305 tum
2025 1253 2227 1322 passim
2260 1253 2314 1306 in
2339 1255 2454 1308 suis
2483 1253 2706 1322 scriptis
2727 1253 2800 1306 ita
2825 1252 3106 1307 Socratem
3136 1254 3450 1324 loquentem

1875 1344 2106 1406 inducit,
2128 1344 2360 1400 Pulcher
2381 1354 2468 1400 est
2488 1344 2818 1408 Theaetetus,
2851 1345 3080 1413 pulcher
3103 1345 3447 1400 Charmides.

1873 1435 1951 1488 Ac
1987 1435 2147 1504 plane
2182 1435 2236 1489 in
2267 1435 2499 1506 dialogis
2528 1436 2647 1490 suis
2675 1435 2916 1489 ostendit
2939 1433 3218 1490 Socratem
3255 1435 3450 1504 hujus-—

1873 1523 2019 1578 modi
2072 1525 2389 1594 suspicione
2427 1526 2729 1588 laborasse,
2759 1533 2981 1594 propter
3009 1527 3170 1589 tales,
3219 1532 3278 1578 ut
3308 1527 3450 1580 veri-

1874 1613 2056 1668 simile
2099 1622 2207 1679 est,
2262 1613 2610 1669 adversarios
2653 1615 3157 1684 percunctationes.
3204 1616 3273 1668 At
3317 1631 3449 1670 vero

1876 1705 1966 1759 ille
1995 1706 2166 1758 animi
2221 1721 2332 1760 non
2377 1707 2628 1776 corporis
2673 1707 3136 1777 pulchritudinem
3173 1709 3445 1778 intellige-

1872 1797 1984 1851 bat.
2036 1797 2360 1867 Quanquam
2410 1798 2842 1854 Atheniensibus
2887 1800 2941 1853 in
2991 1801 3130 1854 hanc
3175 1801 3447 1870 suspicio-

1873 1905 1994 1944 nem
2027 1892 2192 1956 venit,
2241 1897 2302 1944 ut
2340 1906 2464 1945 eum
2511 1891 2761 1946 obscenae
2810 1892 3058 1946 libidinis
3097 1908 3265 1947 causa
3313 1908 3440 1947 cum

1870 1979 2154 2035 Alcibiade
2193 1980 2650 2035 consuetudinem
2679 1981 2882 2036 habere
2910 1982 3315 2036 existimarent.

2248 2072 2339 2127 2'5.
2375 2071 2452 2125 De
2481 2069 2725 2125 Platonis
2761 2072 3085 2142 liguritione.

1940 2162 2306 2234 Philosophus
2341 2163 2496 2218 Plato
2522 2179 2649 2218 cum
2678 2163 2999 2234 Dionysium
3038 2164 3240 2220 Sicilia:
3261 2173 3446 2236 tyran-

1871 2271 2001 2310 num
2042 2255 2246 2325 ingenii
2289 2255 2666 2326 magnitudine
2690 2263 2854 2324 atque
2879 2256 3060 2311 indole
3092 2257 3447 2326 praestarem.

1871 2348 2189 2413 tellexisset,
2212 2347 2277 2402 ad
2298 2363 2421 2402 eum
2444 2347 2736 2416 navigavit.
2756 2348 2833 2400 Ac
2855 2346 3098 2402 Platonis
3120 2349 3338 2417 quidem
3369 2349 3446 2402 iu-

1870 2447 2135 2508 terpretes
2163 2437 2436 2508 duplicem
2464 2437 2628 2506 hujus
2664 2437 3031 2506 navigationis
3059 2451 3280 2491 causam
3315 2437 3446 2491 all‘e-
3537 2473 3547 2482 .

1871 2539 2020 2596 runt,
2042 2533 2290 2594 alteram,
2317 2539 2375 2584 ut
2401 2530 2578 2600 ignem
2611 2529 2760 2582 illum
2799 2529 2890 2595 qui
2921 2544 2983 2582 ex
3005 2527 3171 2581 Aﬂtna
3193 2543 3443 2596 erumpe-

1871 2623 1982 2687 bat,
2004 2621 2205 2677 viseret
2221 2623 2499 2689 (alteram,
2523 2629 2581 2673 ut
2601 2619 3009 2690 Dionysium‘ad
3029 2617 3442 2688 amplexandam

1869 2713 2266 2783 philosophiam
2297 2712 2628 2766 hortaretur.
2658 2709 2736 2764 Ac
2767 2707 3272 2779 beatusGregorius
3303 2710 3442 2762 hanc

1870 2803 1972 2872 ipsi
1995 2801 2255 2856 adeunda:
2276 2800 2476 2855 Siciliae
2498 2815 2718 2856 causam
2744 2799 2914 2854 fuisse
2935 2800 3032 2863 ait,
3056 2808 3115 2852 ut
3138 2799 3442 2868 magniﬁcis

1869 2903 1921 2946 et
1947 2892 2188 2962 opiparis
2229 2890 2470 2962 Dionysii
2495 2891 2670 2946 omnis
2697 2890 2987 2947 frueretur.
3015 2887 3182 2959 quue
3215 2889 3318 2943 hac
3350 2889 3444 2944 de-

1870 2999 2016 3037 mum
2048 2984 2363 3051 conjectura
2382 2999 2507 3039 vere
2528 2981 2710 3054 colligi
2730 2990 2938 3048 censet,
2958 2982 3104 3052 quod
3125 2997 3155 3036 a
3178 2980 3442 3052 Dionysio

1872 3085 2092 3146 propter
2110 3076 2665 3146 ipsiusliguritionem
2685 3075 2936 3129 venditus
2958 3074 3048 3128 sit.
3071 3073 3277 3128 Revera
3292 3072 3439 3127 enim

1871 3168 2110 3223 vinditus
2129 3180 2235 3234 est,
2257 3175 2444 3238 utpote
2473 3183 2504 3222 a
2533 3166 2793 3238 Dionysio
2812 3166 3007 3221 Pollidi
3028 3164 3441 3220 Lacedtemonio

1869 3260 2176 3324 Navarcho,
2212 3261 2302 3330 qui
2349 3269 2462 3315 tum
2495 3261 2605 3315 illic
2639 3261 2891 3331 degebat,
2924 3261 3070 3314 dono
3101 3258 3318 3314 oblatus
3342 3277 3354 3312 :
3377 3273 3442 3312 ac

1870 3353 2068 3408 deinde
2097 3353 2168 3408 ab
2201 3353 2321 3422 ipso
2341 3351 2572 3414 Pollide,
2594 3366 2717 3405 cum
2753 3352 2808 3404 in
2833 3349 3086 3420 Eginam
3120 3349 3439 3419 appulisset,

1869 3445 2091 3500 Aniceri
2118 3445 2513 3515 quinquaginta
2545 3443 2708 3497 minis
2738 3441 3011 3498 venditus.

1944 3535 2121 3606 [Multi
2153 3544 2334 3589 autem
2372 3535 2517 3589 inter
2542 3534 2885 3604 antiquiores
2908 3531 3126 3586 Stoicos
3157 3529 3443 3596 Platonem

1871 3627 2064 3681 dicunt
2098 3627 2440 3697 liguritionis
2465 3641 2632 3680 causa
2668 3625 2734 3678 ad
2765 3623 3082 3694 Dionysium
3115 3623 3440 3692 porrexisse,

1871 3731 2008 3786 quos
2034 3717 2341 3772 audiendos
2382 3717 2568 3787 potius
2596 3715 2876 3770 existimat
2923 3712 3225 3782 Gregorius
3278 3727 3441 3781 quam

1870 3817 2120 3864 recentes
2172 3808 2512 3864 Platonicos.
2578 3807 2882 3876 Xenophon
2932 3809 2987 3858 in
3045 3804 3319 3872 epistolam
3373 3802 3441 3855 ad

1871 3901 2178 3956 .Eschincm
2250 3903 2325 3956 ait
2393 3901 2674 3957 Platonem
2741 3899 3061 3954 deliciarum
3132 3897 3442 3952 Sicularum

1869 4007 2057 4046 amore
2093 3990 2412 4062 Dionysium
2438 4001 2728 4063 tyrannum
2753 3989 2956 4044 adiisse
2988 3985 3110 4058 (l).]

2216 4165 2306 4220 24.
2349 4165 2423 4219 De
2451 4165 2762 4219 Xenocratis
2808 4165 3090 4219 edacitate.

1939 4261 2275 4316 Xenocrates
2312 4267 2367 4314 et
2401 4258 2721 4313 Aristoteles
2758 4257 3004 4313 Platonis
3033 4257 3285 4327 discipuli
3323 4257 3442 4312 fue-

185 4385 372 4431 τωνος.
418 4369 625 4430 Οἴτινες
653 4367 748 4420 καὶ
783 4366 1083 4432 διεδέξαντο
1117 4366 1280 4419 αὐτοῦ
1314 4366 1412 4437 τὴν
1440 4367 1723 4439 διατριὸήν
1745 4385 1757 4396 ·

1880 4364 2017 4417 runt,
2041 4355 2200 4423 eique
2219 4354 2272 4406 in
2295 4352 2652 4422 philosOphiae
2670 4351 3014 4421 professione
3033 4361 3438 4406 successerunt.

187 4462 278 4513 καὶ
310 4461 340 4511 6
378 4459 474 4530 μὲν
499 4458 838 4528 Ξενοκράτης
866 4457 1089 4526 ἐποίησε
1112 4455 1358 4524 Στωῖκὴν
1387 4455 1618 4526 αἵρεσιν,
1649 4457 1677 4508 6
1705 4456 1760 4509 δὲ

1880 4445 1936 4498 lc
1957 4443 2292 4497 Xenocrates
2313 4443 2530 4512 quidem
2555 4440 2800 4495 Stoicam
2814 4450 3019 4495 sectam
3040 4440 3302 4508 condidit,
3319 4440 3443 4494 Ari-

197 4551 577 4622 Ἀριστοτέλης
611 4550 713 4620 τὴν
789 4548 1252 4620 Περιπατητικήν.
1294 4548 1526 4614 Λέγεται
1575 4547 1631 4600 δὲ
1678 4549 1760 4600 ὅτι

1880 4538 2083 4592 ;t0Ieles
2124 4546 2305 4589 autem
2361 4533 2797 4603 Peripateticam.
2835 4533 3029 4588 Fertur
3077 4548 3242 4603 porro
3292 4540 3442 4586 tanta

185 4641 325 4694 οὕτω
358 4640 590 4710 σώφρων
629 4635 696 4710 ἦν
728 4642 756 4693 6
793 4639 1153 4709 Ξενοκράτης,
1187 4639 1281 4691 καὶ
1325 4637 1495 4702 οὕτως
1521 4638 1758 4705 ὑπέταξε

1880 4630 2028 4684 ἰιίεεε
2074 4629 2128 4681 in
2173 4627 2481 4682 Xenocrate
2508 4625 2783 4696 pudicitia:
2812 4626 2951 4690 laus,
2993 4634 3072 4688 ut,
3108 4641 3232 4678 cum
3277 4625 3440 4679 etiam

186 4732 248 4785 τὰ
276 4732 424 4801 πάθη
455 4732 532 4802 τῷ
565 4732 728 4802 λόγῳ,
757 4733 838 4784 ὅτι
859 4731 954 4785 καὶ
980 4731 1202 4802 τρυφῶν
1232 4730 1331 4782 οὐκ
1355 4730 1584 4784 ἐκινεῖτο
1623 4731 1760 4802 πρὸς

1880 4722 2078 4776 nollius
2106 4730 2160 4776 et
2189 4721 2479 4776 delicatius
2507 4721 2732 4782 viveret,
2767 4721 2936 4774 nullis
2973 4719 3218 4774 libidinis
3249 4718 3443 4773 stimu-

177 4821 248 4874 τά
287 4822 598 4892 ἀφροδίσια.
643 4822 700 4874 '0
735 4816 826 4891 οὖν
867 4820 1133 4891 μακάριος
1178 4821 1478 4891 Γρηγόριος
1514 4837 1755 4890 κατηγο-

1886 4816 1932 4869 is
1967 4815 2310 4869 incitaretur.
2354 4813 2431 4867 Ac
2474 4814 2704 4883 proinde
2753 4814 2828 4868 ita
2872 4812 3238 4868 moderandos
3279 4819 3442 4880 atque

182 4915 267 4982 ρεῖ
303 4908 469 4966 αὐτοῦ⁹
513 4912 589 4976 ὡς
632 4912 940 4982 λαιμάργου
985 4913 1078 4964 xui.
1107 4911 1414 4981 ὀψοφάγου,
1451 4912 1542 4965 καὶ
1589 4911 1754 4982 μηδὲν

1880 4905 2170 4962 l‘reuandos
2201 4904 2427 4961 affectus
2449 4922 2571 4961 esse
2599 4906 2838 4969 dicebat,
2862 4914 2921 4958 ut
2943 4904 3140 4960 rationi
3163 4903 3438 4958 obediant.

179 4969 614 5071 παραιτουμένου
647 4969 948 5064 ἐσθίεινῶς
982 4969 1611 5071 φιλοσόφόυ.’Φιλοσοφία
1644 4969 1753 5068 γάρ

1885 5007 2164 5054 nsectatur
2179 5014 2310 5070 ergo
2339 5015 2462 5054 eum
2495 4997 2805 5068 Theologus
2835 5008 2894 5052 ut
2925 5001 3204 5054 lurconem
3235 5004 3290 5051 et
3326 4995 3441 5050 bel-

179 5090 328 5144 ἐστιν
350 5092 552 5162 ἀρετῆς
585 5091 880 5161 ἐγκράτεια
901 5092 997 5145 καὶ
1029 5091 1250 5155 εὐταξία
1286 5091 1610 5162 βρωμάτων.

1882 5107 2103 5156 uonem,
2137 5107 2236 5147 nec
2267 5091 2335 5146 ab
2383 5092 2492 5145 ullo
2540 5091 2788 5146 ciborum
2823 5107 3022 5162 genere
3049 5090 3433 5150 abstinentem,

179 5192 238 5236 ut
269 5183 651 5251 philosophum
679 5183 925 5239 decebat.
959 5183 1274 5254 PhilosOphi
1304 5186 1450 5238 enim
1479 5195 1564 5240 est
1595 5187 2012 5255 temperantiam
2038 5171 2339 5249 colere,’ac
2366 5187 2586 5240 modum
2620 5185 2675 5238 in
2711 5185 2851 5240 cibis
2876 5194 3081 5240 tenere.

469 5303 565 5349 κε’.
608 5297 742 5362 Περὶ
764 5297 1074 5364 Διογένους
1102 5304 1462 5374 στωμυλίας.

2235 5303 2328 5359 25.
2367 5302 2445 5356 De
2477 5302 2724 5372 Diogenis
2749 5301 3055 5356 dicacitate.
3265 5371 3276 5378 ς

246 5386 500 5456 Διογένης
522 5388 739 5451 κυνικὸς
759 5384 826 5459 ἦν
849 5388 1152 5458 φιλόσοφος.
1181 5390 1413 5452 Κυνικὸς
1438 5391 1493 5442 δὲ
1517 5391 1751 5461 ἤκουσεν

1930 5395 2199 5465 Diogenes
2229 5395 2477 5465 Cynicus
2517 5394 2882 5464 philosophus
2907 5404 3044 5448 erat.
3069 5395 3309 5467 Cynicus
3341 5410 3439 5448 au-

175 5475 283 5528 ἀπδ
342 5480 653 5548 μεταφορᾶς
682 5478 788 5531 τῶν
822 5478 1091 5549 χερσαίων
1132 5479 1329 5535 κυνῶν.
1379 5482 1589 5551 ’Ὠσπερ
1637 5482 1745 5554 γὰρ

1881 5501 1966 5539 em
1996 5486 2178 5541 dictus
2207 5493 2291 5539 est
2323 5485 2681 5540 translatione
2704 5500 2731 5537 a
2765 5485 2994 5540 canibus
3016 5485 3202 5541 ducta.
3237 5490 3439 5552 Quem-

173 5566 224 5620 οι
261 5566 418 5631 κύνες
448 5564 594 5622 οὗτοι
627 5568 809 5637 ἔχουσί
835 5587 886 5622 τι
921 5570 1016 5621 καὶ
1044 5569 1374 5638 φυλακτικὸν
1403 5572 1494 5625 καὶ
1521 5572 1745 5643 διακρι-

1880 5578 2148 5633 ιᾶηιοιιιιιη
2217 5578 2363 5634 cnim
2431 5593 2598 5636 canes
2671 5579 2906 5635 latrandi
2975 5579 3437 5654 discernendique

237 5689 323 5757 (ι)
359 5692 573 5750 Inclusa
593 5693 791 5748 desunt
812 5694 952 5763 apud
979 5693 1218 5750 Billium.
