3856 6220
351 261 456 318 999

1707 251 1992 309 NONNUS
2024 252 2248 306 ABBAS

3480 251 3624 307 i000

355 373 616 427 facultate
657 368 870 441 praediti
907 377 1036 426 sunt
1061 367 1407 441 (discernunt
1437 367 1581 424 enim
1610 365 1942 421 domesticos

2063 366 2198 419 τικδν
2250 365 2619 438 (διακρίνουσι
2665 366 2774 437 γὰρ
2817 367 2944 429 τοὺς
2989 365 3222 429 οἰκείους
3268 364 3377 418 τῶν
3417 364 3622 429 ξένων,

353 472 412 520 et
441 462 742 519 familiares
775 463 846 518 ab
869 463 1094 525 exteris,
1117 477 1182 518 ac
1212 461 1545 517 domesticos
1569 459 1937 528 custodiunt),

356 555 428 610 ad
457 553 708 610 eumdem
741 555 858 624 ipse
883 569 1106 624 quoque
1138 553 1360 608 modum
1383 560 1622 622 utraque
1666 551 1938 606 facultate

360 649 619 719 pollebat.
673 645 808 700 Nam
850 656 906 702 et
954 645 1321 716 philosophiae
1358 645 1617 714 dogmata
1667 642 1943 698 custodie—

263 751 276 764 '
361 741 479 804 bat,
511 750 564 794 et
595 740 826 794 idoneos
859 738 926 792 ad
963 737 1365 808 philosophiam
1396 739 1465 792 ab
1496 738 1582 792 his
1607 737 1701 806 qui
1721 735 1944 789 minime

364 830 554 886 idonei
581 838 764 894 erant,
805 830 1206 900 distinguebat.
1234 828 1428 882 Merito
1460 830 1644 897 itaque
1675 826 1944 896 Diogenes

363 939 489 980 cum
517 923 646 978 talis
674 931 841 987 esset,
866 922 1105 976 maxima
1131 919 1348 976 dicendi
1375 920 1627 975 libertate
1655 919 1942 974 utebatur:

365 1024 530 1084 atque
569 1024 622 1068 et
649 1029 879 1084 magnos
910 1022 965 1068 et
1014 1021 1263 1082 potentes
1320 1013 1472 1066 viros
1524 1024 1578 1066 et
1628 1012 1945 1080 eloquentes

365 1106 611 1174 aliosque
660 1120 854 1159 omnes
889 1104 1110 1159 honesti
1159 1119 1328 1158 causa
1376 1103 1748 1171 coarguebat:
1783 1103 1946 1171 idque

369 1194 605 1262 lepidius
645 1193 941 1262 aliquando
978 1193 1376 1262 scurriliusque
1405 1192 1656 1246 faciebat.
1689 1189 1806 1244 Huc
1849 1190 1948 1260 igi-

368 1295 456 1339 tur
507 1294 760 1354 spectans
814 1283 875 1336 D.
934 1282 1232 1354 Gregorius
1299 1285 1590 1354 Diogenem
1653 1283 1945 1336 ridiculum

368 1376 556 1445 potius
585 1380 681 1428 aut
715 1375 1070 1443 impostorem
1105 1373 1278 1428 fuisse
1333 1375 1429 1438 ait,
1485 1389 1648 1442 quam
1705 1373 1948 1443 philoso-

371 1468 559 1535 phum.
595 1465 692 1520 Est
739 1466 883 1519 enim
918 1466 1202 1535 στωμυλία
1246 1466 1394 1518 fraus
1443 1481 1528 1529 ea,
1553 1480 1660 1533 qua
1701 1463 1950 1518 homines

369 1561 663 1614 verborum
703 1559 888 1628 lepore
918 1559 1244 1628 facetiisque
1272 1557 1808 1612 circumveniuntur.

648 1667 736 1721 26.
779 1667 857 1722 De
883 1684 963 1734 eo,
990 1669 1078 1737 qui
1107 1669 1158 1720 in
1191 1669 1333 1722 dolio
1361 1669 1657 1721 habitabat.

443 1758 568 1813 l‘lzee
592 1773 814 1828 quoque
841 1759 1076 1813 historia
1110 1759 1175 1812 ad
1210 1757 1502 1828 Diogenem
1538 1765 1774 1826 spectat.
1815 1753 1954 1809 Nar--

370 1861 496 1906 rant
524 1851 672 1904 enim
725 1865 850 1904 eum
884 1851 937 1903 in
980 1849 1132 1904 dolio
1179 1849 1380 1905 hiemis
1428 1859 1671 1920 tempore
1710 1849 1958 1903 habitare

371 1942 620 2001 solitum.
659 1955 723 1994 ac
755 1941 860 1994 sub
895 1955 1180 2009 vesperam
1214 1941 1432 2010 quidem
1492 1940 1704 2011 ingredi
1735 1949 1958 2010 propter

374 2032 571 2101 frigus,
600 2031 842 2086 interdiu
879 2041 1060 2086 autem
1092 2033 1275 2101 egredi
1313 2043 1532 2102 propter
1557 2033 1752 2087 solem.
1803 2031 1958 2087 Unde

373 2137 501 2176 cum
529 2122 826 2190 aliquando
856 2121 924 2176 ad
974 2123 1146 2176 solem
1195 2125 1558 2192 apricaretur,
1601 2138 1666 2177 ac
1695 2138 1960 2194 superve-

380 2216 543 2269 niens
565 2214 875 2269 Alexander
918 2215 1052 2268 solis
1091 2215 1271 2268 lumen
1311 2214 1416 2284 ipsi
1461 2215 1776 2279 ademisset,
1809 2215 1956 2285 apri-

374 2304 634 2373 cantique
673 2305 944 2368 otiiceret,
1004 2313 1404 2372 quaereretque,
1469 2303 1719 2371 nunquid
1758 2304 1956 2358 vellet:

379 2394 552 2460 Nihil,
583 2395 780 2466 inquit,
812 2394 983 2461 aliud,
1025 2411 1188 2465 quam
1243 2405 1303 2449 ut
1331 2396 1600 2464 apricanti
1643 2411 1712 2450 ne
1746 2396 1957 2452 obstes.

374 2488 486 2541 Aut
509 2487 675 2557 igitur
699 2486 766 2540 ad
793 2487 933 2541 hanc
960 2487 1247 2542 historiam
1273 2488 1469 2540 alludit
1502 2487 1820 2557 Gregorius,
1842 2498 1958 2552 aut,

379 2586 442 2632 ut
472 2577 756 2649 probabile
777 2587 880 2641 est,
930 2578 998 2631 ad
1035 2592 1154 2631 eam
1202 2593 1324 2646 qua:
1363 2576 1778 2632 Ptolemaeorum
1823 2585 1962 2634 tem-

376 2685 512 2742 pore
549 2670 819 2740 contigit:
877 2684 997 2739 qua:
1057 2669 1278 2740 quidem
1330 2669 1397 2723 ad
1445 2669 1592 2724 hunc
1627 2670 1852 2725 modum
1899 2687 1960 2726 se

379 2761 573 2816 habet:
595 2760 828 2816 Sotades
862 2762 1136 2831 quispiam
1170 2762 1578 2816 Alexandrinus
1605 2763 1962 2834 philosOphus

378 2852 588 2906 inloco
635 2851 876 2922 quodam
925 2861 1081 2907 stans
1133 2853 1506 2922 apricabatur,
1569 2868 1633 2907 ac
1681 2853 1962 2922 pediculos

377 2943 675 3014 quaerebat.
720 2943 877 2998 llunc
907 2960 939 2998 e
969 2944 1193 2999 sublimi
1243 2945 1600 3014 conspicatus
1640 2944 1963 3000 Ptolemaeus

379 3036 684 3099 descendit,
720 3043 779 3088 ut
807 3050 931 3090 eum
963 3035 1019 3089 in
1071 3035 1252 3090 aulam
1306 3037 1556 3092 duceret.
1612 3036 1847 3093 Sotades
1874 3053 1967 3091 au-
1992 3035 2034 3091 C
2072 3037 2265 3089 σίλεια.

379 3137 488 3182 tem
527 3142 594 3181 eo
631 3134 932 3195 conspecto
964 3127 1018 3179 in
1060 3126 1192 3180 dolii
1234 3126 1523 3196 cujusdam
1564 3126 1802 3196 jacentis
1851 3127 1964 3181 fra-

377 3225 661 3288 gmentum
693 3232 817 3273 sese
847 3217 1092 3281 inclusit,
1141 3219 1335 3288 sicque
1360 3216 1655 3273 Ptolemaeo
1680 3219 1968 3274 abscondi-

379 3317 472 3366 tus
509 3319 633 3375 est;
671 3319 856 3379 postea
911 3319 1090 3364 autem
1160 3319 1220 3362 ut
1273 3310 1439 3364 miser
1487 3318 1542 3364 et
1593 3309 1966 3367 infortunatus

381 3403 713 3474 suggillatus
742 3410 846 3458 est.
875 3401 982 3456 Alii
1007 3401 1194 3455 dicunt
1232 3401 1581 3457 Ptolemaeum
1631 3403 1735 3458 hoc
1771 3404 1964 3461 iambi-

381 3510 506 3549 cum
545 3495 600 3548 in
631 3510 756 3548 eum
799 3494 1142 3548 contorsisse
1171 3507 1186 3544 :

453 3607 603 3663 Malo
633 3609 863 3678 fortuna:
891 3618 1130 3680 guttam,
1165 3625 1324 3680 quam
1345 3608 1642 3679 prudentia:
1669 3609 1896 3664 dolium.

462 3719 674 3786 Quibus
707 3718 891 3773 verbis
925 3717 1271 3788 significabat
1304 3719 1509 3773 dolium
1565 3719 1785 3788 quidem
1833 3719 1970 3774 illud

381 3810 674 3883 prudentia
708 3817 921 3864 scatere
952 3818 1174 3880 propter
1198 3809 1476 3873 Sotadem,
1508 3812 1603 3881 qui
1637 3826 1703 3866 eo
1728 3811 1971 3866 include-

383 3904 576 3956 batur:
609 3908 791 3953 tamen
821 3901 948 3969 quia
977 3900 1090 3969 ipse
1115 3900 1485 3954 infortunatos
1509 3908 1676 3967 esset,
1705 3901 1840 3954 nihil
1863 3901 1969 3969 ipsi

383 4002 592 4048 tantam
648 3993 958 4063 prudentia:
1007 3993 1311 4048 ubertatem
1362 3992 1659 4063 profuisse.
1709 3993 1786 4048 Ac
1837 3994 1968 4049 talis

384 4086 603 4156 quidem
636 4093 719 4140 est
750 4086 864 4139 haec
891 4084 1144 4139 historia.
1189 4084 1342 4139 Nunc
1387 4085 1452 4138 ad
1500 4085 1967 4139 constructionem

2042 459 2137 511 καὶ
2175 458 2503 528 φυλάττουσι
2542 459 2668 523 τοὺς
2685 459 2916 521 οἰκείους
2931 458 2972 528 ),
3001 457 3141 511 οὕτω
3174 459 3268 511 καὶ
3299 451 3455 520 οὗτος
3495 459 3594 527 ἐμι

2045 557 2197 624 μείτο
2227 555 2289 607 τὸ
2324 553 2656 624 διακριτικὸν
2684 554 2780 606 καὶ
2813 552 3146 621 φυλακτικόν
3165 569 3180 583 ⁸
3227 551 3322 604 καὶ
3353 550 3627 619 ἐφύλαττε

2047 648 2144 718 μὲν
2177 647 2246 700 τά
2293 649 2394 717 τῆς
2435 645 2752 715 φιλοσοφίας
2796 645 3076 715 δόγματα,
3115 645 3352 715 διέκρινε
3397 643 3458 696 δέ
3495 644 3628 704 τοὺς

2044 736 2382 808 ἐπιτηδείους
2455 738 2549 791 καὶ
2611 735 3013 806 ἀνεπιτηδείους
3077 735 3212 808 πρὸς
3278 733 3624 803 φιλοσοφίαν.

2045 831 2217 894 Αὐτὸς
2258 826 2350 884 οὖν
2387 831 2416 882 6
2456 829 2714 899 Διογένης
2749 827 2989 891 τοιοῦτος
3017 826 3093 879 ὣν
3114 867 3128 891 ,
3157 823 3226 897 ἦν
3265 826 3492 888 εἰκότως
3529 826 3631 877 καὶ

2045 921 2536 992 εύπαρῥησίαστος.
2598 919 2865 990 Ἠλεγχεν
2923 914 3016 971 οὖν
3072 918 3163 971 καὶ
3211 917 3477 978 δυνάστας
3534 913 3634 968 xuii.

2047 1010 2385 1080 ἐλλογίμους,
2411 1011 2506 1063 καὶ
2529 1009 2707 1062 πάντα
2739 1007 3024 1078 ἄνθρωπον
3043 1006 3202 1076 δῆθεν
3225 1005 3313 1058 διά
3339 1006 3397 1058 τὺ
3423 1004 3593 1059 καλόν
3613 1021 3628 1034 ο

2047 1102 2283 1170 ἐλέγχων
2313 1102 2400 1163 δὲ,
2429 1101 2769 1171 ἀστειότερον
2790 1100 2884 1155 καὶ
2918 1097 3363 1167 γελοιωδέστερον
3395 1096 3626 1167 ήλεγχε.

2048 1195 2192 1265 Πρὸς
2235 1193 2393 1246 τοῦτο
2425 1190 2518 1246 οὖν
2562 1192 2873 1260 ἀποϐλέψας
2922 1192 2951 1242 6
3004 1187 3273 1259 μακάριος
3326 1188 3634 1258 Γρηγόριος

2047 1285 2214 1353 λέγει,
2244 1285 2326 1337 ὅτι
2364 1287 2392 1338 6
2422 1285 2679 1354 Διογένης
2725 1283 2930 1350 γελοῖος
2962 1283 3160 1352 μᾶλλον
3195 1278 3263 1351 ἦν
3289 1279 3383 1334 καὶ
3413 1279 3636 1348 ἀπατη-

2047 1375 2220 1438 τικδς,
2247 1376 2280 1446 ἢ
2307 1374 2611 1443 φιλόσοφος.
2636 1375 2922 1444 Στωμυλία
2943 1374 3000 1428 δέ
3023 1374 3219 1444 ἐστινὴ
3246 1371 3389 1426 κατά
3413 1370 3637 1424 ἀστειό-

2048 1486 2186 1539 τητα
2213 1469 2392 1538 ἀπάτη
2425 1466 2852 1538 προσερχομένη.

2256 1672 2367 1730 κςθ.
2410 1665 2547 1733 Περὶ
2576 1661 3084 1727 τοῦ-ἐνοικοῦντος
3105 1661 3213 1714 τὸν
3232 1661 3425 1716 πίθον.

2129 1756 2419 1827 Πολλαχῶς
2437 1756 2659 1809 δύναται
2697 1755 3028 1826 ἐξηγηθῆναι
3045 1771 3061 1785 ·
3086 1753 3178 1806 καὶ
3200 1753 3338 1824 αὕτη
3367 1752 3478 1822 γὰρ
3508 1753 3644 1820 περὶ

2058 1848 2338 1914 Διογένους
2362 1847 2496 1900 ἐστί.
2526 1847 2758 1914 Λέγεται
2786 1841 2902 1905 οὖν,
2929 1845 3010 1898 ὅτι
3040 1846 3096 1898 ἐν
3122 1844 3202 1914 τῷ
3225 1843 3452 1914 χειμῶνι
3483 1837 3647 1904 οὗτος

2059 1939 2214 1991 πίθον
2239 1938 2402 2009 ᾤκει,
2435 1940 2490 1990 ἐν
2521 1931 2565 2005 ᾧ
2594 1938 2830 2007 ἑσπέρας
2857 1938 3028 2007 εἰσήει
3059 1936 3144 1988 διὰ
3174 1935 3233 1988 τὸ
3263 1935 3426 2005 κρύος
3445 1972 3459 1996 ,
3493 1934 3644 2004 ἡμέ-

2061 2047 2158 2100 ρας
2189 2029 2245 2082 δὲ
2270 2029 2413 2099 ἐξῄει
2445 2029 2532 2081 διὰ
2568 2029 2659 2081 τὸν
2684 2029 2854 2097 ἥλιον.
2902 2027 2992 2080 Διὸ
3038 2027 3132 2080 καί
3173 2043 3304 2078 ποτε
3347 2024 3646 2096 θερμαινο-

2063 2117 2224 2184 μένου
2265 2112 2429 2166 αὑτοῦ
2475 2114 2532 2165 ἐν
2567 2112 2644 2183 τῷ
2676 2112 2842 2184 ἡλίῳ,
2894 2111 3096 2180 ἐπέστη
3130 2113 3158 2164 6
3215 2108 3568 2180 Ἀλέξανδρος
3618 2110 3650 2162 ὁ

2059 2205 2352 2271 Μακεδὼν,
2404 2206 2720 2259 ἀποσκοτῶν
2772 2205 2921 2276 αύτῷ
2976 2203 3071 2257 τοῦ
3124 2203 3198 2272 μὴ
3247 2201 3650 2273 θερμαίνεσθαι

2060 2297 2223 2350 αὑτὸν
2268 2299 2325 2349 ἐν
2371 2297 2448 2367 τῷ
2488 2297 2654 2368 ἡλίῳ,
2691 2299 2785 2351 καὶ
2823 2297 3026 2365 λέγων·
3061 2296 3228 2359 Εἰπὲ,
3277 2295 3562 2362 Διόγενες,
3597 2294 3652 2346 τί

2067 2389 2244 2459 βούλει
2273 2406 2356 2443 σοι
2385 2392 2727 2462 χαρίσωμαι;
2771 2391 2827 2444 '0
2852 2391 2909 2443 δέ
2940 2384 3079 2442 εἷπε·
3107 2387 3276 2442 Τοῦτό
3300 2405 3390 2458 μοι
3416 2387 3653 2458 χάρισαι

2063 2483 2126 2536 τὸ
2159 2485 2354 2554 μικρὸν
2385 2483 2724 2554 ὑπεκστῆναί
2760 2501 2892 2553 μου,
2948 2483 3034 2535 ἵνα
3085 2477 3394 2552 θερμανθῶ.
3431 2479 3504 2531 Ἦ
3548 2474 3652 2532 οὖν

2062 2576 2200 2648 αὕτη
2225 2578 2371 2630 ἐστὶν
2403 2581 2434 2647 ἡ
2471 2577 2680 2647 ἱστορία
2700 2618 2715 2642 ,
2747 2577 2803 2645 ἢ,
2836 2575 2911 2638 ὡς
2938 2575 3105 2638 εἰκὸς.
3158 2577 3191 2644 ή
3236 2571 3506 2642 γενομένη
3548 2571 3654 2626 ἐπὶ

2061 2667 2156 2720 τοῦ
2181 2667 2513 2738 Πτολεμαίου
2531 2684 2545 2698 ·
2574 2667 2688 2721 ἔστι
2711 2667 2766 2720 δέ
2793 2667 2932 2736 αὕτη
2949 2682 2962 2695 ·
2997 2666 3246 2735 Σωτάδης
3267 2683 3350 2728 τις
3390 2663 3655 2729 Ἀλεξαν-

2062 2761 2220 2832 δρεὺς
2248 2761 2551 2830 φιλόσοφος,
2581 2763 2766 2814 ἵστατο
2796 2763 2852 2813 ἐν
2872 2761 3020 2830 τόπῳ
3045 2761 3151 2812 τινὶ
3179 2761 3236 2812 ἐν
3258 2758 3396 2829 ἡλίῳ
3425 2757 3655 2828 φθειρό-

2067 2871 2247 2924 μενος.
2283 2851 2484 2906 Τοῦτον
2526 2853 2732 2906 ἄνωθεν
2759 2852 2824 2905 ἐκ
2855 2869 2999 2914 τινος
3024 2851 3268 2905 ἀπόπτου
3303 2849 3655 2918 θεασάμενος

2064 2946 2093 2997 6
2125 2943 2489 3013 Πτολεμαῖος,
2536 2941 2802 3012 κατῆλθεν
2833 2943 2920 2994 ἴνα
2957 2942 3119 2994 αὑτὸν
3159 2941 3311 2996 λάϐοι
3344 2942 3423 3003 εἱς
3449 2939 3519 2992 τά
3553 2939 3658 3010 βα-

2338 3037 2395 3088 ’0
2458 3035 2515 3088 δὲ
2566 3033 2818 3104 Σωτάδης
2864 3033 2985 3086 ἰδὼν
3041 3033 3237 3098 αὐτὸν,
3273 3032 3522 3102 εἰσῆλθεν
3571 3033 3657 3095 είς

2067 3128 2284 3198 κλάσμα
2330 3127 2488 3180 πίθου
2539 3125 2822 3196 κειμένου,
2869 3125 2962 3178 καὶ
2996 3123 3281 3195 ὑπεκρύϐη
3316 3123 3409 3176 τὸν
3450 3123 3658 3176 Πτολε-

2071 3221 2247 3289 μαῖον.
2281 3219 2546 3289 ’Ὕστερον
2570 3216 2626 3269 δὲ
2657 3217 2732 3279 ὡς
2763 3217 2934 3287 ἀτυχῆ
2962 3233 3104 3279 τινες
3133 3215 3318 3269 τοῦτον
3344 3215 3656 3269 διέϐαλλον.

2072 3310 2254 3364 ΙἈλλοι
2285 3309 2341 3363 δὲ
2370 3309 2640 3376 λέγουσιν,
2680 3309 2760 3362 ὅτι
2790 3309 2952 3372 αὐτὸς
2991 3309 3018 3360 6
3063 3308 3426 3378 Πτολεμαῖος,
3465 3308 3564 3360 καὶ
3593 3306 3662 3360 τδ

2072 3402 2315 3472 ἰαμϐεῖον
2341 3400 2498 3454 τοῦτο
2531 3399 2931 3468 ἀπεφθέγξατο·

2171 3599 2332 3653 Θέλω
2359 3599 2548 3668 τύχης
2581 3597 2952 3668 σταλαγμὸν,
2976 3595 3012 3664 ἢ
3041 3597 3276 3667 φρενῶν
3297 3600 3497 3653 πίθον.

2070 3710 2450 3780 Αίνιττόμενος
2495 3712 2575 3763 ὅτι
2609 3713 2637 3764 6
2687 3710 2844 3773 πίθος
2888 3712 3090 3774 ἐκεῖνος
3124 3711 3322 3782 μεστός
3364 3715 3481 3765 ἐστι
3519 3730 3668 3783 φρε-

2071 3802 2207 3867 νῶν,
2239 3803 2326 3856 διὰ
2352 3801 2479 3874 [τὸ]
2513 3805 2606 3855 τὸν
2655 3804 2904 3874 Σωτάδην
2947 3804 3097 3868 ἐντὸς
3135 3805 3299 3858 αὐτοῦ
3333 3801 3471 3859 εἶναι
3492 3824 3507 3837 ο
3557 3809 3664 3862 καὶ

2069 3895 2219 3963 ὅμως
2253 3895 2340 3947 διὰ
2380 3895 2440 3947 τὸ
2473 3891 2612 3948 εἶναι
2651 3896 2812 3948 αὐτὸν
2856 3897 3066 3966 ἀτυχῆ,
3108 3897 3258 3949 οὐδὲν
3297 3899 3460 3950 αὐτὸν
3503 3896 3662 3968 ὠφέ-

2071 3985 2234 4056 λησεν
2269 3987 2302 4055 ἡ
2354 3984 2462 4038 τῶν
2511 3985 2723 4056 φρενῶν
2783 3983 3013 4055 πληθύς.
3061 3988 3170 4040 Καὶ
3210 3989 3254 4055 ἡ,
3295 3987 3392 4056 μέν
3434 3989 3662 4059 ἱστορία

2071 4076 2209 4148 αὕτη
2233 4095 2245 4107 ·
2282 4079 2314 4147 ἡ
2352 4076 2408 4128 δέ
2438 4076 2688 4142 σύνταξίς
2719 4079 2865 4129 ἐστιν
2893 4077 3035 4130 οὕτω
3054 4095 3066 4108 ·
3097 4080 3208 4132 Καὶ
3235 4079 3334 4148 τῆς
3368 4082 3663 4148 Διογένους

383 4177 693 4243 veniamus,
726 4177 952 4246 καὶτῆς
985 4177 1267 4245 Διογένους
1293 4177 1601 4248 στωμυλίας
1632 4176 1722 4245 ὑφ’
1745 4170 1813 4247 ἧς
1845 4178 1971 4239 τοὺς
2074 4166 2404 4236 στωμυλίας,
2431 4166 2521 4234 ὑφ’
2550 4159 2616 4236 ἧς
2646 4165 2769 4229 τοὺς
2807 4165 2986 4230 ξένους
3013 4167 3359 4237 ὑπεξίστησιν
3380 4186 3391 4198 ’
3421 4169 3488 4220 ἶν’
3517 4170 3553 4240 ἢ
3573 4172 3661 4224 ὅτι

388 4270 570 4334 ξένους
633 4269 976 4339 ὑπεξίστησι,
1023 4284 1256 4337 quorum
1306 4270 1596 4322 verborum
1648 4268 1739 4322 hic
1774 4282 1959 4321 sensus

2071 4259 2098 4308 6
2125 4256 2382 4325 Διογένης
2405 4255 2491 4308 διά
2514 4255 2612 4324 τῆς
2641 4255 2947 4325 στωμυλίας
2976 4258 3148 4310 ἐποίει
3177 4261 3483 4329 ἀποχωρεῖν
3523 4263 3662 4325 τοὺς

383 4369 502 4415 est:
534 4361 789 4431 Diogenes
827 4359 1109 4413 dicacitate
1133 4375 1230 4413 sua
1255 4375 1340 4412 eos
1362 4361 1451 4428 qui
1473 4359 1572 4426 ipsi
1590 4357 1831 4410 umbram
1863 4357 1959 4425 elﬁ-

2071 4346 2168 4418 τὴν
2198 4347 2354 4400 σκιὰν
2393 4345 2541 4415 αὐτῷ
2577 4346 2862 4408 ποιοῦντας
2889 4349 3029 4417 (τοῖς
3060 4349 3340 4418 τυράννοις
3363 4351 3420 4402 δέ
3462 4350 3622 4420 λέγει
3643 4396 3659 4419 ,

385 4453 590 4506 ciebant
630 4455 988 4505 submouebat.
1029 4450 1133 4505 Per
1165 4459 1430 4521 tyrannos
1467 4459 1671 4509 autem.
1711 4449 1964 4519 tyranni-

385 4560 483 4599 cos
515 4559 795 4598 sermones
846 4545 1123 4613 intelligit,
1151 4543 1356 4612 quibus
1414 4542 1673 4596 secedere
1737 4541 1970 4610 cogebat

383 4649 482 4688 eos
521 4649 550 4685 a
601 4633 804 4702 quibus
845 4634 1123 4687 adibatur.
1165 4633 1437 4700 Quocirca
1465 4633 1581 4687 sive
1616 4649 1722 4686 una
1745 4632 1966 4687 eadem-

387 4741 496 4793 que
523 4723 597 4776 sit
629 4723 939 4780 dicacitatis
995 4723 1249 4794 Diogenis
1294 4730 1347 4780 et
1378 4726 1508 4780 dolii
1541 4725 1794 4788 historia,
1833 4740 1968 4778 con-

388 4814 625 4870 structio
669 4813 857 4884 juncta
903 4822 1025 4881 est;
1059 4816 1173 4871 sive
1209 4815 1331 4871 duae
1376 4817 1489 4871 sint
1540 4816 1802 4880 historiae,
1836 4831 1970 4870 con-

387 4904 653 4959 struenda
719 4907 824 4959 erit
882 4905 1136 4975 Diogenis
1194 4907 1460 4961 dicacitas
1519 4923 1642 4962 cum
1703 4922 1769 4962 co
1824 4907 1967 4974 quod

386 4997 658 5066 sequitur,
711 4997 800 5065 ὑφ’
851 4993 918 5068 ἧς
967 4998 1095 5060 τοὺς
1153 4982 1337 5064 ξένους
1409 4997 1751 5068 ὑπεξίστησι.
1814 4997 1968 5062 Quod

388 5094 571 5139 autem
637 5101 734 5156 per
789 5095 1052 5158 tyrannos
1103 5087 1400 5157 importuni
1455 5095 1618 5154 atque
1670 5087 1966 5140 insolentes

387 5191 673 5233 sermones
712 5180 1088 5250 intelligantur
1119 5179 1217 5248 (l),
1251 5179 1481 5248 ipsemet
1502 5178 1799 5248 Gregorius
1829 5179 1964 5231 dixit

467 5357 545 5428 (l)
586 5355 818 5428 Fallitur
862 5357 1112 5421 Nonnus,
1176 5359 1354 5427 inquit
1412 5357 1603 5428 Dillius
1652 5357 1828 5411 schol.
1879 5358 1969 5420 40,

389 5427 457 5482 ad
491 5426 727 5498 l'contra
747 5427 982 5490 Iuliam,
1020 5430 1214 5497 p.409.
1245 5426 1380 5482 Cum
1428 5426 1698 5498 Diogenes
1720 5428 1968 5498 aliquan-

388 5499 461 5551 do
492 5497 634 5565 apud
659 5499 949 5566 quemdam
979 5507 1225 5554 cenaret
1247 5501 1406 5567 eique
1437 5497 1601 5552 simul
1623 5508 1677 5552 et
1707 5497 1971 5566 placentae

390 5578 443 5638 et
473 5567 764 5638 hordeacei
801 5583 971 5636 panes
1022 5576 1455 5637 apponerentur,
1493 5569 1768 5623 submotis
1810 5569 1968 5638 pani-

390 5636 499 5711 bus
533 5639 586 5691 in
621 5635 1127 5711 placentasmanus
1155 5639 1362 5710 injecit,
1393 5639 1526 5692 illud
1559 5635 1827 5711 tragicum
1858 5654 1965 5694 non

394 5706 778 5775 intempestive
801 5706 1088 5778 proferens
1114 5727 1127 5762 :

2070 4438 2191 4492 ἀντὶ
2222 4437 2337 4501 τοῦ,
2367 4439 2478 4500 τοῖς
2507 4437 2685 4504 λόγοις
2716 4439 2827 4499 τοῖς
2853 4442 3213 4508 τυραννικοῖς,
3241 4441 3409 4493 ποιῶν
3430 4442 3658 4512 ἀναχω-

2075 4533 2188 4601 ρεῖν
2224 4531 2349 4592 τοὺς
2395 4530 2882 4600 ἐντυγχάνοντας),
2937 4530 2969 4600 ἢ
3016 4526 3107 4583 οὖν
3155 4533 3280 4600 μιᾶς
3329 4531 3498 4602 οὔσης
3553 4535 3661 4604 τῆς

2071 4621 2208 4673 κατά
2252 4620 2351 4690 τὴν
2389 4619 2698 4690 στωμυλίαν
2745 4621 2836 4673 καὶ
2865 4620 2954 4673 τὸν
2984 4621 3140 4674 πίθον
3169 4625 3202 4692 ἡ
3243 4621 3496 4686 σύνταξις
3529 4641 3662 4678 συν-

2067 4714 2303 4776 δέδεται,
2337 4713 2368 4782 ἧ
2395 4712 2487 4764 δύο
2512 4712 2686 4765 οὐσῶν
2706 4711 2813 4764 τῶν
2843 4712 3115 4782 ἱστοριῶν,
3153 4713 3407 4778 σύντάξαι
3440 4715 3523 4767 δεῖ
3553 4719 3660 4788 τὴν

2073 4805 2360 4872 Διογένους
2390 4802 2704 4873 στωμυλίαν
2745 4803 2881 4873 μετά
2920 4802 3013 4856 τοῦ
3033 4845 3046 4866 ,
3089 4804 3178 4872 ὑφ’
3206 4801 3292 4876 ἧς.
3321 4806 3441 4859 Ὅτι
3468 4807 3525 4860 δέ
3553 4825 3658 4861 τυ-

2073 4900 2299 4968 ράννους
2334 4895 2561 4949 καλοῦσι.
2591 4895 2717 4959 τοὺς
2751 4894 2971 4965 θρασεῖς
3011 4895 3231 4963 λόγους,
3281 4899 3374 4950 καὶ
3420 4899 3584 4964 αὐτὸς
3628 4904 3658 4954 6

2072 4987 2212 5049 θεῖος
2242 4987 2382 5058 ἀνὴρ
2409 4986 2706 5058 Γρηγόριος
2744 4981 2924 5038 εἶπεν·
2961 4986 3036 5050 ὡς
3075 4987 3139 5039 ἐκ
3180 4989 3278 5057 τῆς
3309 4987 3651 5057 τραγῳδίας·

2077 5078 2309 5148 μάλιστα
2366 5077 2474 5149 γὰρ
2525 5077 2577 5128 οἱ
2641 5079 2892 5148 τραγικοί¹
2944 5080 3009 5149 τῇ
3070 5078 3296 5149 τοιαύτῃ
3353 5079 3656 5150 κέχρηνται

2071 5178 2267 5247 τροπῇ.
2299 5172 2371 5224 Τὸ
2409 5170 2486 5238 δὲ,
2513 5171 2638 5233 τοὺς
2662 5170 2896 5232 εὐτελεῖς
2919 5167 3117 5240 ἄρτους
3143 5173 3251 5234 τοῖς
3288 5170 3651 5240 σησαμοῦσιν,

2237 5374 2311 5430 Ὦ
2336 5375 2493 5438 ξένε,
2524 5374 2842 5441 τυράννοις
2871 5375 2938 5426 ἐκ
2964 5373 3167 5427 πάδων
3195 5372 3500 5442 pavidum.

2321 5445 2546 5513 Hospes,
2584 5445 2827 5513 tyrannis
2859 5446 2979 5498 cede
3002 5445 3283 5512 confestim
3327 5447 3430 5498 via.

2068 5571 2172 5626 Per
2206 5581 2474 5642 tyrannos
2509 5569 2765 5625 videlicet
2792 5572 2810 5636 (
2833 5569 2980 5642 mind
3026 5585 3227 5625 nomen
3269 5571 3400 5624 olitn
3457 5570 3513 5624 in
3547 5570 3655 5622 ho-

2066 5658 2200 5696 nore
2229 5640 2386 5711 erat)
2419 5643 2704 5710 placentas
2738 5640 3078 5710 significans,
3123 5657 3220 5712 per
3253 5642 3501 5712 hospites
3552 5656 3660 5696 au-

2067 5723 2175 5768 tem
2208 5713 2451 5768 cibarius
2474 5721 2525 5768 et
2552 5713 2688 5767 viles
2711 5728 2902 5782 panes.
