3856 6220
208 310 335 365 Ml

1049 301 1229 356 AD‘S.
1265 301 1598 359 GREWRH
1627 300 1839 357 ORAT.
1878 297 2220 356 [CONTRA
2247 294 2621 355 JULIANUM.

3348 282 3491 340 10‘7‘2

206 425 350 481 ἐστὶν
388 423 539 495 αὐτῷ
570 419 912 492 παρῴδησις.
949 419 1107 473 Ἔστι
1142 420 1242 491 μὲν
1272 419 1517 475 τοιοῦτόν
1560 438 1617 474 τι
1645 419 1801 491 παρὰ
1829 428 1851 484 Α

1921 417 2286 489 ειιηεωόίο.
2319 413 2540 488 Tragici
2560 417 2710 474 enim
2754 414 3110 487 potissimum
3168 407 3495 481 huiusmodi

205 517 505 590 τραγικοῖς,
551 513 754 585 μᾶλλον
792 510 853 564 δὲ
880 509 1033 582 παρὰ
1060 512 1331 581 κωμικοῖς
1357 510 1674 582 λεγόμενον,
1712 508 1797 562 ὅτι

199 612 292 667 διὰ
311 610 423 665 τῶν
451 606 727 680 ἡδυτέρων
749 605 932 676 ἄρτων
964 604 1094 669 τοὺς
1114 603 1353 669 εὐτελεῖς
1388 602 1799 673 ἁποφαυλίζου-

1903 521 2062 582 tropo
2090 520 2342 565 utuntur.
2375 508 2534 576 Quod
2585 520 2771 565 autem
2816 510 2917 573 ait,
2966 505 3121 563 Viles
3172 520 3343 578 panes
3382 504 3500 577 pla-

1901 604 2100 667 centis,
2150 604 2255 659 hoc
2298 617 2398 673 per
2449 603 2774 657 allusionem
2817 601 2973 656 dicit.
3021 598 3234 654 Etenim
3296 597 3495 667 hujus-

208 719 292 756 σιν
334 701 554 774 ἄρτους.
603 696 952 763 Καταπαίζει
993 692 1086 750 οὖν
1120 698 1150 749 ό
1189 695 1334 760 θεῖος
1378 696 1683 770 Γρηγόριος
1731 697 1799 766 τῇ

1921 695 2053 751 nodi
2083 695 2346 767 quiddam
2382 695 2526 766 apud
2553 696 2817 767 tragicos,
2841 695 2925 751 vel
2950 695 3135 765 potius
3165 692 3309 763 apud
3330 691 3500 747 comi-

204 792 520 865 παρῳδήσει
544 788 848 861 χρώμενος’
878 788 1028 853 Ὅτι,
1057 786 1213 859 φησὶ,
1238 787 1328 841 διὰ
1354 789 1455 858 τῆς
1485 786 1802 858 στωμυλίας

206 887 305 960 τῆς
335 886 640 956 ἡδυνούσης
671 887 730 938 ὲν
764 881 842 955 τῷ
873 880 1238 952 φθέγγεσθαι,
1281 881 1624 951 ἁπεφαύλιζε
1670 880 1802 944 τοὺς

207 983 762 1055 παρατυγχάνοντας,
805 980 1103 1050 διελέγχων
1132 977 1354 1042 αὐτούς.
1394 977 1560 1033 Κατὰ
1617 976 1674 1030 δὲ
1702 976 1802 1046 τὴν

204 1076 347 1148 ἐμὴν
374 1075 559 1145 κρίσιν
578 1114 594 1137 ,
638 1072 768 1144 μίαν
800 1073 1019 1145 ἥγημαι
1052 1073 1154 1144 τὴν
1180 1072 1325 1129 κατὰ
1349 1071 1449 1143 τὴν
1483 1067 1801 1140 στωμυλίαν

204 1171 303 1226 καὶ
325 1170 424 1224 τὸν
457 1167 614 1223 πίθον
650 1169 916 1225 ἱστορίαν.

571 1424 672 1489 κζ’.
714 1423 855 1492 Περὶ
888 1423 995 1477 τοῦ
1040 1422 1419 1490 Ἐπικούρου.

285 1516 611 1587 Ἐπίκουρος
647 1514 938 1585 φιλύσοφος
966 1512 1215 1582 γέγονεν,
1250 1512 1401 1576 ὅστις
1437 1510 1514 1583 μὴ
1554 1512 1806 1583 προνοείο

204 1608 335 1665 σθαι
362 1608 454 1663 τὸν
480 1608 615 1663 Θεὸν
646 1606 756 1661 τῶν
784 1606 912 1678 τῇδε
948 1606 1295 1679 πραγμάτων
1325 1604 1601 1669 ἐδόξασεν.
1629 1598 1799 1666 Οὗτος

199 1702 260 1757 ἃ
284 1701 385 1757 καὶ
415 1700 568 1765 τέλος
608 1700 813 1763 παντὸς
845 1698 1056 1769 ἀγα.θοῦ
1095 1698 1306 1752 ἐτίθετο
1347 1697 1448 1768 τὴν
1473 1696 1669 1768 ἡδονὴν
1691 1735 1709 1759 ,
1740 1695 1800 1748 ού

1906 802 2005 842 cos
2057 787 2281 843 dicitur.
2319 786 2425 840 Per
2480 789 2766 845 suaviores
2815 802 2988 858 panes
3049 787 3276 840 vilici-es
3325 799 3499 856 panes

1903 877 2172 949 dejiciunt
2208 890 2374 948 atque
2400 887 2792 948 aspernantur.
2829 880 2912 935 Ad
2936 881 3042 933 hoc
3083 892 3218 946 ergo
3241 877 3495 931 alludens

1904 970 2204 1041 Gregorius
2240 972 2386 1025 hunc
2412 969 2640 1042 Diogeni
2691 986 2904 1027 morem
2929 970 3106 1028 fuisse
3134 973 3232 1034 ait,
3258 978 3321 1026 ut
3342 971 3496 1024 dica-

1904 1063 2094 1128 cita-te,
2123 1078 2246 1133 quae
2285 1062 2605 1118 auditorum
2637 1063 2856 1119 animos
2896 1063 3157 1130 oblectat,
3189 1061 3496 1133 vilipende-

1906 1162 1990 1211 ret
2011 1169 2128 1218 eos.
2160 1154 2254 1226 qui
2295 1155 2401 1224 ipsi
2435 1154 2577 1211 forte
2628 1156 3017 1220 occurrebant,
3048 1154 3311 1210 nimirum
3343 1154 3497 1225 ipsos

1903 1260 2237 1316 eoarguens.
2270 1244 2390 1301 Meo
2414 1254 2598 1301 tamen
2647 1244 2863 1315 judicio
2896 1259 3004 1299 una
3058 1245 3364 1316 eademque
3413 1253 3499 1301 est

1905 1333 2226 1390 dicacitatis
2256 1345 2312 1389 et
2343 1334 2477 1389 dolii
2504 1333 2762 1389 historia.

2448 1427 2541 1482 27.
2585 1425 2667 1481 De
2695 1426 2950 1496 Epicuro.

1975 1519 2252 1591 Epicurus
2301 1520 2666 1593 philosophus
2710 1521 2882 1577 Deum
2914 1522 3280 1576 humanarum
3306 1536 3494 1577 rerum

1907 1625 2042 1666 cura
2076 1611 2305 1666 minime
2336 1613 2484 1682 tangi
2517 1612 2758 1668 censuit.
2797 1610 2942 1667 idem
2983 1626 3258 1667 summum
3289 1612 3494 1668 bonum

1910 1697 1964 1751 in
1988 1698 2272 1770 voluptate
2297 1701 2590 1756 constituit
2617 1717 2637 1754 :
2674 1716 2989 1772 quanquam
3025 1702 3117 1773 qui
3145 1703 3498 1775 philosopho-

199 1792 303 1865 τὴν
334 1792 683 1862 ἀκάθαρτον,
718 1789 856 1843 ἀλλὰ
888 1789 989 1861 τὴν
1022 1786 1409 1871 φυσικωτάτην
1442 1785 1802 1839 κατάστασιν.
1835 1789 1851 1844 1

1921 1804 2029 1844 rum
2062 1791 2314 1862 dogmata
2353 1793 2809 1864 interpretantur,
2850 1810 2975 1850 eum
3020 1809 3131 1850 non
3176 1796 3234 1850 in
3282 1798 3499 1866 impura

193 1882 320 1943 Καὶ
343 1883 409 1956 δὴ
432 1886 481 1938 oi
517 1882 797 1953 φιλόσοφοι
824 1878 1361 1951 ἀποσκορακίζουσιν
1410 1876 1575 1932 αὑτὸν
1606 1875 1687 1941 ὡς
1720 1875 1796 1948 μὴ

195 1978 433 2046 λέγοντα
462 1976 728 2048 Πρόνοιαν
746 2020 761 2046 ,
790 1979 889 2033 καὶ
910 1979 992 2033 ὅτι
1021 1976 1175 2041 τέλος
1205 1976 1412 2030 τίθεται
1440 1975 1541 2047 τὴν
1565 1974 1796 2045 ἡδονὴν,

192 2070 304 2125 καὶ
337 2070 400 2124 ού
434 2070 495 2124 τὸ
526 2071 753 2141 ἀγαθὸν,
779 2071 844 2125 τὸ
866 2070 1179 2143 πρώτιστον
1194 2071 1297 2125 καὶ
1328 2069 1510 2140 μόνον.
1546 2067 1719 2123 Τοῦτο
1743 2065 1801 2120 δέ

192 2167 355 2219 ἐστιν
388 2162 420 2216 ὁ
446 2161 599 2226 Θεὸς.

610 2448 719 2512 κη’.
760 2441 900 2510 Περὶ
927 2439 1035 2495 τοῦ
1062 2439 1386 2507 Κράτητος.

271 2533 506 2608 Κράτης
535 2532 775 2604 Θηϐαῖος
797 2527 867 2603 ἦν
894 2531 994 2602 τῆς
1022 2529 1289 2594 Βοιωτίας
1315 2528 1378 2582 τὸ
1417 2527 1596 2597 γένος.
1630 2522 1802 2591 Οὗτος

191 2626 573 2698 φιλοσοφῆσαι
606 2624 778 2678 θέλων
814 2623 914 2695 τὴν
945 2620 1174 2691 κυνικὴν
1220 2620 1542 2690 φιλοσοφίαν
1562 2660 1576 2685 ,
1618 2620 1802 2675 λαϐὼν

194 2721 269 2777 τὰ
322 2720 639 2791 ὑπάρχοντα
690 2715 898 2780 αὑτοῦ,
950 2714 1146 2788 ἔρριψε
1190 2713 1271 2785 τῷ
1313 2714 1506 2786 δήμῳ,
1557 2713 1801 2785 κηρύξας

185 2811 386 2866 οὖτωι
438 2811 665 2884 Κράτης
710 2809 939 2864 ἀπολύει
988 2807 1061 2862 τὰ
1110 2807 1435 2880 Κράτητος,
1487 2806 1576 2860 ἵνα
1618 2808 1692 2878 μὴ
1729 2805 1802 2859 τὰ

191 2905 498 2977 Κράτητος
522 2904 778 2976 κρατήσῃ
816 2902 908 2957 τὸν
936 2902 1224 2973 Κράτητα.
1257 2901 1371 2956 Καὶ
1395 2898 1468 2954 τὰ
1494 2899 1671 2972 χωρία
1698 2900 1801 2953 αύ-

187 2993 298 3047 τοῦ
360 2993 513 3047 εἴασε
561 2991 818 3060 γενέσθαι
865 2990 1161 3062 μηλόϐοτα.
1210 2989 1526 3061 Μηλόϐοτον
1575 2989 1633 3043 δέ
1683 2990 1802 3042 ἐστι

195 3084 431 3158 χωρίον,
463 3085 521 3136 ἐν
561 3077 608 3151 ᾧ
633 3083 964 3138 ἀπολύονται
1010 3081 1083 3136 τὰ
1120 3080 1372 3153 πρόϐατα
1400 3083 1481 3146 εἰς
1515 3081 1577 3135 τδ
1608 3080 1803 3151 βόσκε-

1910 1890 2077 1953 atque
2107 1884 2350 1940 obscena
2390 1886 2673 1956 voluptate
2706 1900 2980 1943 summum
3008 1887 3212 1942 bonum
3248 1890 3501 1959 posuisse

1908 1971 2127 2036 dicunt,
2157 1974 2255 2030 sed
2281 1974 2335 2028 in
2361 1983 2508 2030 statu
2551 1976 2791 2032 maxime
2819 1979 3080 2033 naturali.
3124 1978 3282 2034 Hunc
3307 1992 3500 2036 omnes

1910 2065 2224 2136 philosophi
2253 2068 2581 2136 erplodunt,
2605 2079 2720 2123 tum
2755 2070 2905 2140 quod
2927 2070 3172 2126 divinam
3202 2073 3497 2142 providen-

1910 2158 2041 2211 tiam
2072 2158 2307 2227 negarit,
2350 2169 2467 2213 tum
2508 2161 2656 2231 quod
2717 2164 3055 2233 voluptatem
3096 2178 3372 2222 summum
3402 2167 3501 2224 bo-

1910 2263 2041 2302 uum
2062 2263 2190 2304 esse
2226 2253 2619 2319 pronuntiarit,
2662 2269 2770 2309 non
2803 2266 2987 2311 autem
3012 2259 3336 2328 primarium
3364 2260 3501 2318 illud

1910 2353 1978 2394 ac
2008 2342 2187 2396 solum
2220 2343 2445 2408 bonum,
2484 2343 2587 2400 hoc
2622 2352 2709 2401 est
2735 2345 2928 2402 Deum.

2454 2437 2545 2493 28.
2602 2438 2677 2494 De
2708 2437 2951 2496 Gratata.

1980 2527 2172 2583 Crates
2199 2527 2374 2598 patria
2413 2527 2735 2599 Thebanus,
2767 2550 2890 2604 quae
2938 2534 3168 2594 Boeotia:
3213 2540 3347 2596 urbs
3391 2550 3497 2604 est,

1910 2612 2135 2688 Cynica:
2160 2619 2529 2691 philosoth
2582 2625 2887 2694 cupiditate
2936 2637 3156 2696 captus,
3210 2629 3500 2689 facultates

1912 2721 2109 2761 omnes
2131 2723 2264 2765 suas
2299 2710 2356 2764 in
2384 2710 2585 2783 vulgus
2614 2714 2870 2784 proiecit.
2908 2727 3076 2787 atque
3094 2718 3166 2771 ita
3189 2722 3495 2790 proclama-

1912 2799 2011 2853 vit:
2042 2800 2231 2857 Crates
2258 2799 2499 2860 Cratetis
2542 2805 2685 2860 bona
2721 2806 2935 2876 abiicit,
2981 2824 3052 2866 ne
3093 2810 3332 2869 Cratetis
3358 2815 3499 2871 bona

1910 2894 2185 2951 Cratetem
2235 2905 2517 2968 superent.
2550 2899 2631 2954 Ac
2677 2901 2879 2970 praedia
2918 2919 3018 2959 sua
3057 2903 3336 2977 μηλοϐοτα.
3372 2910 3501 2967 reli~

1910 2988 2032 3058 quit
2063 3003 2076 3039 :
2109 2982 2416 3058 μηλόϐοτος
2438 2999 2630 3047 autem
2665 2993 2713 3048 is
2746 2993 2902 3049 locus
2928 3003 3035 3062 est,
3067 3002 3162 3068 qui
3198 3001 3501 3069 pecudibus

1911 3081 1977 3134 ad
2007 3082 2347 3149 pascendum
2390 3085 2752 3155 relinquitur;
2791 3088 2939 3161 μῆλα
2970 3092 3117 3147 enim
3150 3109 3281 3151 oves
3322 3107 3497 3152 sunt:

194 3150 358 3232 σθαι.
387 3177 549 3247 Μῆλα
594 3176 706 3249 γὰρ
742 3175 1037 3230 καλοῦνται
1075 3150 1478 3244 ἰὰ-πρόϐατα·
1512 3150 1666 3227 ἔνθεν
1712 3173 1808 3227 καὶ
1835 3151 1851 3207 ⁴

1921 3173 2058 3227 unde
2081 3173 2373 3246 μηλονόμοι
2399 3150 2653 3247 pastores
2677 3150 2961 3250 dicuntur,
2983 3192 3040 3240 et
3066 3150 3501 3260 μηλωτήίονίιια

197 3268 512 3340 μηλονόμοι
557 3269 607 3321 οἱ
662 3268 954 3337 ποιμένες,
1008 3265 1106 3320 καὶ
1165 3265 1394 3336 μηλωτὴ
1437 3267 1472 3338 ἡ
1535 3265 1667 3337 δορὰ
1713 3265 1810 3319 τοῦ
1910 3264 2093 3335 pellis.

201 3362 492 3435 προϐάτου
519 3360 764 3429 λέγεται.

616 3450 723 3507 κθ⁹.
761 3450 904 3520 Περὶ
939 3451 1044 3506 τοῦ
1071 3450 1403 3519 τριϐωνίου.

276 3544 523 3608 Κυνικὸς
552 3542 718 3599 πάλιν
745 3542 1059 3613 φιλόσοφος,
1088 3540 1123 3612 ἢ
1167 3540 1500 3612 ’Δντιθένης,
1532 3539 1566 3611 ἢ
1597 3541 1807 3613 Ζήνων*

200 3643 552 3714 διαφορεῖται
596 3641 730 3711 γάρ.
760 3634 935 3703 Οὗτος
980 3638 1180 3704 πλέων,
1220 3640 1318 3693 καὶ
1362 3638 1634 3711 χειμῶνος
1669 3655 1812 3712 συμ-

196 3735 431 3797 ϐάντος,
471 3733 568 3787 καὶ
600 3731 862 3801 ναυαγίου
900 3730 1222 3802 γινομένου,
1268 3732 1363 3786 καὶ
1390 3732 1613 3787 πάντων
1655 3734 1810 3805 ἐκρι-

206 3823 567 3894 πτουμὲνων,
612 3820 954 3894 εὐχαρίστως
979 3822 1166 3892 φέρων
1208 3820 1308 3893 τὴν
1342 3821 1614 3894 ὲσομένην
1660 3821 1811 3895 αύτῷ

205 3918 407 3972 πενίαν
427 3959 443 3981 ,
471 3916 610 3987 πρὸς
645 3915 745 3987 τὴν
775 3914 947 3987 τύχην
974 3915 1310 3986 ἐφθέγξατο’
1347 3911 1514 3984 Εὖγεν
1548 3909 1594 3970 ὦ
1627 3915 1765 3989 τύχη
1790 3934 1806 3949 ’

202 4014 377 4085 χάριν
402 4028 485 4066 σοι
506 4009 778 4082 ὁμολογῶ,
801 4010 885 4065 ὅτι
901 4007 1001 4082 τὴν
1035 4009 1175 4082 ἐμὴν
1201 4010 1389 4064 ούσίαν
1415 4009 1545 4083 ἄχρι
1565 4009 1659 4065 τοῦ
1687 4027 1808 4083 τρι-

199 4102 414 4157 6ωνίου
432 4103 831 4172 περιέστησαςο
878 4099 1089 4172 δηλῶν,
1140 4102 1222 4155 ὅτι
1268 4100 1422 4155 οὐδὲν
1472 4103 1574 4173 τῆς
1620 4101 1811 4167 οὐσίας

204 4193 406 4256 αὐτοῦ,
431 4188 500 4266 ἦς
525 4189 594 4266 ἦν
626 4193 1159 4265 ὲμπεφορτισμένος,
1189 4195 1256 4265 τῆ
1286 4192 1379 4266 νηῒ
1414 4192 1771 4266 κατελείφθη.

574 4286 638 4340 λ’.
678 4286 821 4354 Περὶ
852 4284 963 4340 τοῦ
1002 4285 1435 4352 Ἀντισθένους.

285 4370 460 4443 οὗτος
502 4381 533 4434 ὁ
580 4376 926 4449 Ἀντισθένης
976 4378 1199 4442 κυνικὸς
1244 4373 1314 4450 ἦν
1368 4377 1654 4449 φιλόσοφος
1678 4393 1690 4406 °
1750 4377 1811 4442 ὃς

2434 3446 2527 3505 29.
2594 3449 2671 3505 De
2715 3451 2947 3508 tribonio

1962 3537 2230 3621 'Cynicus
2261 3553 2461 3597 rursus
2489 3543 2881 3617 philosoohus,
2923 3547 3006 3602 vel
3030 3549 3394 3607 Antisthenes
3417 3555 3504 3610 vel

1908 3629 2166 3705 Zeno[l]
2203 3634 2352 3699 (nam
2405 3647 2705 3707 utrumque
2734 3639 2985 3710 dicitur),
3036 3658 3165 3698 cum
3207 3644 3507 3715 aliquando

1913 3725 2224 3795 navigaret,
2249 3742 2315 3783 ac
2338 3738 2529 3785 coorta
2555 3738 2878 3801 tempestate
2910 3750 3044 3804 opes
3076 3737 3343 3807 quasdam
3376 3755 3507 3795 suas

1913 3817 2210 3890 naufragio
2245 3820 2548 3887 amisisset,
2595 3839 2757 3893 aequo
2786 3834 2840 3879 et
2862 3818 3021 3895 grato
3047 3828 3232 3883 animo
3260 3826 3503 3885 futuram

1919 3928 2076 3968 suam
2134 3925 2516 3985 paupertatem
2578 3917 2786 3989 ferens,
2845 3917 3147 3976 Fortunam
3192 3924 3278 3980 his
3318 3927 3505 3981 verbis

1913 4005 2192 4062 allocutus
2242 4015 2330 4063 est
2361 4025 2374 4062 :
2412 4007 2557 4065 Bene
2587 4026 2648 4067 se
2690 4026 2782 4068 res
2818 4013 3001 4075 habet.
3036 4012 3325 4072 Fortuna:
3376 4032 3505 4088 gra-

1914 4096 2047 4151 tiam
2077 4096 2175 4153 tibi
2212 4113 2337 4171 ago,
2369 4100 2518 4171 quod
2551 4102 2846 4158 facultates
2889 4121 3041 4161 meas
3073 4107 3141 4161 ad
3200 4109 3500 4163 tribonium

1917 4201 2093 4258 usque
2122 4188 2409 4262 redegisti.

2418 4284 2512 4341 30.
2559 4282 2634 4340 De
2685 4287 3019 4344 Antisthene.

1984 4372 2348 4431 Antisthenes
2371 4375 2459 4430 hic
2486 4374 2732 4448 Cynicus
2762 4379 3126 4452 philosophus
3156 4395 3282 4436 cum
3303 4397 3332 4435 a
3363 4398 3503 4453 quo-

201 4473 443 4543 τυφθεὶς
477 4471 573 4525 καὶ
605 4470 838 4541 πληγεὶς
869 4470 932 4524 τὸ
976 4470 1271 4543 πρόσωπον
1290 4509 1307 4535 ,
1355 4470 1537 4525 λαϐὼν
1588 4470 1810 4542 χαρτίον
1842 4513 1851 4569 1

1921 4464 2045 4520 dam
2097 4468 2426 4525 verberatus
2458 4467 2677 4537 fuisset,
2712 4471 3024 4543 vulnusque
3068 4474 3122 4527 in
3163 4473 3308 4530 facie
3344 4491 3504 4532 accc-

202 4565 313 4619 καὶ
339 4563 627 4633 ἐγγράψας
662 4561 754 4616 τὸν
781 4561 1049 4633 τύψαντα,
1096 4561 1391 4634 ὲκόλλησεν
1418 4564 1498 4627 είς
1529 4562 1590 4615 τὸ
1615 4562 1811 4617 ἑαυτοῦ
1847 4559 1851 4569 ’

1921 4559 2117 4628 pisscl,
2152 4567 2378 4629 accepta
2400 4559 2617 4625 charta,
2640 4560 2762 4633 ejus
2787 4576 2818 4614 a
2836 4578 2950 4633 quo
2975 4578 3276 4633 percussus
3300 4566 3501 4627 fuerat.

206 4655 498 4725 μέτωπον,
529 4653 624 4707 καὶ
652 4650 813 4706 οὕτω
829 4652 1085 4723 περιῆγε.

205 4836 321 4887 λα’.
366 4832 506 4900 Περὶ
551 4833 661 4888 τοῦ
693 4836 1039 4904 φιλοσόφου
1067 4835 1419 4905 πανημέρου
1452 4833 1715 4902 στάντος
1743 4831 1814 4887 ἐν

877 4906 959 4972 τῷ
984 4906 1159 4973 ἡλίῳ.

287 5000 724 5072 Πολεμουμὲνης
760 4999 861 5070 τῆς
901 4998 1124 5072 Ῥώμης
1151 4999 1259 5055 ύπδ
1284 4999 1394 5054 τῶν
1424 4998 1747 5071 βαρϐάρων,
1781 5002 1813 5056 ὁ

206 5093 513 5164 φιλόσοφος
559 5092 693 5157 στὰς
737 5093 869 5164 ὅλην
920 5092 1021 5165 τὴν
1068 5092 1287 5165 ἡμέραν
1343 5093 1451 5147 ὑπὸ
1508 5092 1600 5148 τὸν
1632 5092 1807 5166 ἥλιον,

204 5186 591 5263 προσηύξατο,
648 5185 749 5239 καὶ
793 5183 958 5238 ἔπεσε
1005 5183 1121 5257 πῦρ
1164 5186 1231 5239 ἐκ
1273 5182 1370 5238 τοῦ
1414 5183 1671 5257 ούρανοῦ,
1714 5182 1811 5238 καὶ

206 5278 521 5350 κατέφλεξε
549 5277 679 5339 τοὺς
704 5275 1016 5348 βαρϐάρους
1041 5277 1137 5331 καὶ
1159 5275 1327 5330 αὐτὸν
1350 5275 1443 5330 τὸν
1464 5275 1775 5347 φιλόσοφον.

609 5368 708 5423 λϐ¹.
745 5366 889 5434 Περὶ
920 5366 1034 5435 τῆς
1071 5367 1408 5434 Ποτιδαίας.

290 5461 554 5515 Ποτίδαια
593 5460 750 5525 πόλις
797 5461 948 5515 ἐστὶν
987 5461 1047 5512 ὲν
1093 5460 1163 5531 τῇ
1202 5458 1395 5531 Θρᾴκῃ
1424 5458 1678 5531 κειμένη.
1722 5457 1811 5512 Ἐν

201 5553 392 5625 ταύτῃ
437 5557 505 5625 τῇ
547 5553 809 5624 Ποτιδαίᾳ
840 5552 1128 5623 φιλόσοφος
1169 5551 1535 5623 Ποτιόαιάτης
1575 5549 1707 5622 ἔστη
1751 5552 1810 5605 ἐν

203 5647 516 5719 τειμερινῷ
540 5646 721 5720 καιρῷ
746 5645 1040 5717 παννύχιος
1073 5645 1370 5715 εὐχόμενος
1387 5661 1401 5674 ·
1430 5644 1526 5700 καὶ
1554 5643 1808 5702 τοσοῦτον

296 5828 374 5899 (l)
410 5826 562 5905 leno
591 5835 772 5881 tamen
804 5826 906 5881 fuit
937 5825 1182 5879 Stoicus.

537 5920 815 5982 Parum"
869 5920 982 5977 (in.
1028 5919 1078 5977 Χ
1096 5914 1351 6007 ΧΧΣΊ..

1917 4664 2121 4705 nomen
2151 4650 2208 4706 in
2237 4666 2302 4707 ea
2335 4652 2646 4722 inscripsit,
2677 4667 2915 4725 eamque
2950 4664 3140 4726 postea
3171 4655 3336 4710 fronti
3390 4671 3506 4711 suae

1913 4745 2307 4816 agglutinatam
2348 4746 2792 4803 circumferebat.

2148 4881 2241 4937 31.
2289 4880 2368 4937 De
2407 4898 2468 4939 eo
2495 4885 2587 4955 qui
2613 4893 2724 4940 toto
2752 4885 2838 4939 die
2870 4886 2925 4939 in
2946 4887 3060 4940 sole
3096 4885 3266 4939 stetit.

1991 4991 2132 5048 Cum
2173 4991 2348 5048 Roma
2380 5008 2411 5048 a
2439 4994 2694 5051 barbaris
2732 4996 2879 5051 bello
2911 5002 3260 5067 premeretur
3292 5004 3505 5063 tempo—

1919 5096 1980 5135 re
2009 5080 2102 5134 τοῦ
2130 5082 2383 5147 Βασιλοῦ,
2432 5085 2527 5139 ille
2567 5093 2685 5140 toto
2745 5085 2854 5141 diei
2915 5086 3197 5140 curriculo
3239 5085 3343 5140 sub
3390 5088 3507 5140 sole

1919 5184 2078 5233 stans
2098 5192 2292 5247 preces
2319 5178 2495 5235 fudit:
2523 5180 2829 5251 ceciditque
2859 5182 3024 5252 ignis,
3056 5192 3169 5250 quo
3201 5189 3258 5233 et
3281 5179 3503 5235 barbari

1918 5279 1974 5325 et
1998 5270 2360 5342 philosophus
2392 5274 2511 5345 ipse
2539 5273 2979 5345 conﬂagrarunt.

2453 5367 2542 5424 52.
2588 5368 2662 5423 De
2702 5368 2997 5437 Potidaea,

1992 5457 2234 5516 Potidaea
2270 5460 2403 5518 urbs
2433 5462 2683 5534 quaedam
2712 5463 2875 5520 estin
2905 5459 3144 5518 Thracia
3187 5463 3311 5519 sita.
3351 5458 3414 5519 In
3443 5477 3509 5518 ea

1919 5551 2284 5624 philosophus
2305 5554 2530 5624 quidam
2549 5552 2876 5610 Potidaeates
2896 5553 3097 5610 hiemis
3123 5563 3370 5625 tempore
3392 5560 3510 5609 tota

1919 5650 2081 5700 nocte
2104 5645 2249 5701 inter
2295 5644 2635 5717 precandum
2678 5644 2852 5711 stetit,
2881 5645 3183 5718 animoque
3208 5648 3285 5703 ita
3316 5644 3373 5703 in
3407 5658 3510 5702 au-

3165 5911 3247 5971 32
