3856 6220
345 289 485 349 τοῦτ»
1714 282 1961 336 ΝΟΝΝΕῚ

2073 280 2256 334 ,BBAS
3482 262 3622 321 10M

342 408 503 461 tilitue
539 413 736 476 raptus
767 405 887 469 fuit,
923 412 980 459 ut
1007 403 1233 475 frigoris
1259 403 1366 456 vim
1393 401 1617 454 minime
1643 415 1932 465 persense-

2073 397 2331 466 ,ετάρσιος
2372 392 2565 460 γέγονε
2609 390 2706 460 τήν
2737 388 2914 459 ψυχὴν
2937 429 2950 448 ,
2983 386 3123 438 ὥστε
3158 384 3233 455 μὴ
3267 381 3624 436 αἰσθάνεσθαι

344 499 441 551 rit.
485 498 784 551 Ἐκστασιν
823 504 1002 550 autem
1034 470 1135 549 hoc
1169 496 1288 547 loco
1329 493 1562 563 appellat
1593 492 1841 546 allectum
1877 491 1943 542 il-

2073 487 2134 540 οῦ
2179 486 2382 556 κρύους
2425 482 2520 536 τοῦ
2575 481 2864 553 χειμῶνος.
2933 479 3230 532 Ἐκστασιν
3267 470 3361 527 οὖν
3400 489 3536 543 φησι
3564 470 3630 523 τὸ

345 591 457 642 lum
493 590 811 659 philosophi
852 596 1007 642 extra
1040 602 1099 642 se
1127 587 1291 656 rapti,
1327 596 1493 654 atque
1535 583 1722 637 animo
1750 585 1804 637 in
1846 598 1942 636 su-

2073 579 2334 649 ιετὰρσιον
2360 576 2462 644 τῆς
2497 575 2695 644 ψυχῆς.

346 681 513 735 blime
533 683 686 734 elati.
713 680 813 734 Per
843 681 1030 732 στάσιν
1067 689 1250 732 autem
1292 693 1402 730 non
1438 678 1759 730 intestinum
1794 674 1992 729 bellum
2035 689 2098 726 ac
2129 671 2458 728 seditionem
2492 666 2789 738 signiﬁcat,
2824 662 2918 718 sed
2951 660 3099 731 quod
3134 659 3224 713 ille
3256 664 3407 712 stato
3441 670 3505 708 ac
3537 669 3627 710 re-

348 784 438 830 eto
473 789 705 844 corpore
746 782 1006 842 precatus
1037 773 1132 824 sit.

722 865 810 917 ‘53.
857 863 930 916 De
960 863 1230 915 Arcadica
1258 859 1570 922 quwstioue.

425 955 698 1010 llomerus
732 963 892 1025 poeta
941 952 1228 1023 profectus
1260 951 1316 1004 in
1349 949 1665 1011 Arcadiam,
1695 963 1817 1014 qua:
1843 946 1942 1000 Pe-

354 1048 646 1119 loponnesi
677 1048 831 1117 regio
857 1057 960 1111 est,
988 1045 1186 1100 incidit
1220 1045 1275 1097 in
1313 1043 1620 1112 piscatores
1645 1039 1939 1110 quosdam,

355 1141 447 1211 qui
479 1141 765 1211 pediculos
797 1154 824 1192 a
855 1139 1182 1208 corporibus
1217 1135 1337 1189 suis
1369 1133 1742 1188 excutiebant.
1775 1129 1942 1184 Cum—

355 1249 463 1304 que
491 1248 555 1287 ex
588 1233 722 1301 ipsis
750 1231 1132 1300 quaesivisset:
1171 1227 1282 1279 Viri
1305 1225 1563 1288 Arcades,
1587 1229 1674 1293 qui
1703 1221 1942 1290 piscandi

358 1337 529 1380 artem
580 1323 924 1395 proﬁtemini,
970 1321 1242 1392 aliquidue
1281 1320 1534 1388 cepistis?
1589 1319 1664 1370 illi
1694 1317 1796 1369 hoc
1833 1331 1948 1369 car-

361 1418 507 1471 mine
541 1414 953 1484 responderunt
980 1428 993 1462 :

431 1591 708 1664 Liquimus
736 1599 997 1657 acceptos,
1035 1605 1137 1642 non
1172 1597 1352 1657 captos
1386 1587 1526 1655 ferre
1551 1602 1755 1638 necesse
1776 1595 1874 1639 est.

2245 849 2345 916 λγ’.
2383 846 2522 914 Περὶ
2548 846 2653 899 τοῦ
2693 841 3037 911 Ἀρκαδικοῦ
3067 837 3418 906 ζητήματος.

2114 943 2360 1012 ’Όμηρος
2389 941 2417 991 ὁ
2451 938 2684 1008 ποιητὴς
2725 935 2852 1005 περὶ
2900 935 3000 1005 τὴν
3056 931 3345 1002 Ἀρκαδίαν
3387 925 3633 996 γεγονὼς

2040 1033 2230 1104 (χώρα
2294 1032 2351 1084 δὲ
2404 1030 2548 1100 αῦτη
2612 1029 2713 1097 τῆς
2765 1025 3246 1093 Πελοποννήσου),
3305 1019 3635 1091 περιέτυχεν

2041 1127 2250 1180 ἁλιεῦσι
2282 1123 2736 1196 φθειριζομένοις,
2765 1121 2860 1173 καὶ
2889 1117 3174 1190 ήρώτησεν
3202 1115 3400 1176 αὐτοὺς
3433 1111 3633 1172 οὕτως·

2044 1217 2283 1286 Ἄνδρες
2312 1217 2413 1270 ἀπ’
2454 1214 2761 1282 Ἀρκαδίης
2783 1210 3118 1277 ἁλιήτορες,
3150 1203 3189 1275 ἦ
3215 1208 3272 1273 ῤ’
3302 1203 3524 1272 ἔχομέν
3547 1220 3637 1263 τι;

2050 1313 2207 1364 Ἔστι
2247 1310 2303 1362 δέ
2342 1311 2370 1360 ὁ
2398 1307 2522 1370 νοῦς
2564 1307 2665 1377 τῆς
2711 1305 3031 1374 ἐρωτήσεως
3078 1295 3265 1361 οὗτος·
3321 1293 3392 1349 Ὦ
3441 1295 3638 1365 ἄνδρες

2060 1401 2352 1471 Ἀρκάδες,
2400 1401 2571 1461 ἁλιεῖς
2612 1397 2718 1467 τὴν
2769 1396 2987 1466 τέχνην,
3033 1389 3140 1463 ἄρα
3174 1387 3523 1461 ἐθηρὰσαμέν
3555 1405 3638 1452 τι;

2047 1495 2108 1545 Oi
2137 1491 2193 1544 δὲ
2215 1493 2383 1554 ἁλιεῖς
2409 1493 2777 1560 ἀπεκρίναντο
2801 1486 2962 1538 τοῦτο
2993 1485 3055 1537 τὸ
3087 1485 3239 1546 ἔπος

2051 1585 2228 1637 Ὀσσ’
2279 1584 2498 1651 ἓλομεν
2538 1582 2908 1650 λιπόμεσθιι,
2946 1578 3017 1630 τὰ
3045 1576 3098 1628 δ’
3138 1579 3252 1642 οὐχ
3279 1574 3501 1640 Elquer-
3537 1588 3644 1640 9:8-

3257 1666 3566 1739 [ρόμεσθα.

363 1765 483 1830 Quo
512 1762 734 1833 quidem
771 1777 934 1816 versu
969 1763 1071 1814 hoc
1099 1760 1377 1821 volebant,
1435 1774 1493 1812 se
1527 1757 1817 1828 pediculos
1847 1772 1944 1810 eos

2073 1770 2121 1823 '0
2159 1768 2216 1820 δὲ
2242 1767 2366 1829 νοῦς
2397 1765 2586 1818 τούτου
2632 1764 2724 1816 τοῦ
2756 1763 2921 1825 ἔπους
2969 1759 3246 1821 τοιοῦτος·
3285 1759 3368 1810 ὅτι
3405 1755 3517 1819 Οὓς
3543 1757 3644 1826 μὲν

365 1869 506 1922 quos
533 1859 815 1922 ceperant,
859 1851 1138 1906 occidisse
1167 1868 1181 1904 :
1217 1865 1356 1920 quos
1381 1859 1564 1902 autem
1615 1863 1813 1917 capere
1842 1863 1944 1900 ne—

365 1948 677 2016 iluiverant,
749 1944 803 1997 in
861 1944 1110 1997 vestibus
1159 1943 1280 1997 suis
1322 1940 1486 1996 ferre.
1529 1939 1684 2005 Quod
1730 1938 1949 2008 quidem

369 2040 605 2109 aetiigma
658 2052 784 2091 cum
827 2035 1098 2089 Homerus
1153 2049 1263 2087 non
1321 2033 1706 2093 intellexisset,
1751 2031 1953 2099 exiguo

373 2146 622 2203 tempore
674 2133 788 2186 illic
845 2140 1119 2196 versatus,
1186 2142 1426 2183 moerere
1478 2140 1782 2197 oppressus
1844 2133 1951 2178 est.

368 2225 580 2280 Ferunt
631 2232 816 2277 autem
885 2223 1093 2276 editum
1142 2220 1316 2274 fuisse
1371 2219 1608 2274 Homero
1639 2217 1952 2279 oraculum,

369 2330 485 2372 tum
509 2317 614 2387 ipsi
648 2317 773 2370 vita:
799 2316 960 2368 linem
995 2312 1133 2374 fore,
1167 2328 1293 2367 cum
1320 2310 1660 2382 propositam
1693 2309 1952 2377 quaestio-

380 2429 506 2468 nem
540 2411 755 2467 solvere
778 2423 889 2462 non
919 2406 1208 2477 potuisset.

745 2501 836 2555 54.
870 2498 945 2552 De
973 2497 1254 2552 Aristotele
1284 2506 1336 2551 et
1371 2496 1594 2563 Euripo.

441 2592 767 2648 Aristoteles
801 2589 1164 2659 philosophus
1200 2586 1449 2642 Platonis
1476 2585 1784 2655 discipulus
1829 2586 1954 2639 fuit.

371 2686 475 2751 Qui
517 2699 644 2738 cum
688 2698 748 2738 sc
793 2681 1140 2752 potissimum
1204 2678 1333 2732 huic
1388 2677 1753 2746 philosophia:
1816 2678 1955 2746 parti

373 2774 694 2836 dedidisset,
727 2787 850 2842 quae
885 2772 938 2824 in
985 2768 1411 2838 contemplanda
1456 2768 1957 2838 cognoscendaque

376 2882 562 2924 rerum
592 2875 792 2920 natura
840 2871 1119 2925 versatur,
1174 2876 1360 2914 rerum
1393 2861 1638 2914 omnium
1683 2859 1961 2913 subcmle-

377 2965 540 3016 stium
564 2975 764 3015 causas
789 2967 1129 3026 naturasque
1161 2956 1438 3025 explicare
1474 2955 1709 3016 studuit,
1755 2964 1816 3005 ut
1850 2961 1959 3006 ter-

379 3070 472 3120 rae,
503 3053 696 3115 maris,
747 3051 912 3114 aeris,
957 3050 1202 3113 aetheris,
1251 3047 1636 3109 animantium,
1678 3046 1957 3114 stirpium,

2057 1860 2284 1931 φθεῖρας
2319 1858 2690 1928 ἐθηράσαμεν,
2717 1854 3120 1922 ἀπεκτείναμεν
3154 1849 3421 1903 ἐνταῦθα’
3457 1847 3553 1910 οὓς
3587 1847 3646 1899 δὲ

2053 1953 2153 2004 οὐκ
2204 1951 2503 2021 ἰσχύσαμεν
2546 1946 2951 2018 θηρεύσασθαι,
2994 1945 3235 2016 φέρομεν
3272 1943 3329 1993 ἐν
3367 1943 3481 2002 τοῖς
3517 1940 3648 2008 ἱμα-

2053 2047 2208 2108 τίοις.
2236 2045 2350 2097 Ούκ
2379 2043 2567 2113 ἐνόησε
2596 2041 2651 2094 δὲ
2671 2043 2918 2112 Ὅμηρος
2941 2039 3097 2092 τοῦτο
3124 2038 3186 2090 τὸ
3210 2036 3362 2101 ἔπος,
3386 2033 3462 2096 ὥς
3485 2049 3644 2100 φασι,

2057 2136 2151 2188 καὶ
2181 2134 2377 2205 μικρὸν
2426 2135 2602 2185 ἐκεῖσε
2649 2132 2938 2201 γενόμενος
2982 2129 3248 2182 ἀπέθανεν
3285 2125 3393 2179 ἀπὸ
3441 2123 3648 2191 λύπης.

2058 2227 2294 2295 Λέγουσι
2326 2226 2384 2278 δὲ
2415 2220 2557 2277 εἶναι
2589 2226 2682 2277 καὶ
2707 2222 2959 2294 χρησμὸν
2997 2220 3221 2273 δοθέντα
3265 2219 3495 2288 Ὁμήρῳ
3521 2257 3536 2279 ,
3562 2217 3649 2267 ὅτι

2055 2317 2181 2369 ὅταν
2224 2315 2372 2385 αὐτῷ
2403 2312 2692 2386 προτεθείη
2739 2313 2960 2383 ζήτημά
2987 2330 3072 2376 τι,
3098 2311 3192 2364 καὶ
3225 2310 3297 2380 μὴ
3327 2307 3500 2379 εὖροι,
3528 2306 3654 2358 τότε

2064 2407 2437 2463 ἀποθανεῖται.

2117 2499 2211 2551 λδ’.
2251 2499 2391 2566 Περὶ
2427 2497 2533 2551 τοῦ
2569 2495 3015 2565 Ἀριστοτέλους
3045 2493 3143 2547 καὶ
3172 2492 3279 2545 τοῦ
3303 2491 3606 2557 Εὐρίπου..

2145 2587 2524 2659 Ἀριστοτέλης
2563 2588 2591 2639 ὁ
2623 2587 2944 2655 φιλόσοφος,
2984 2582 3235 2653 μαθητὴς
3279 2580 3472 2649 γέγονε
3508 2578 3656 2632 Πλά-

2060 2694 2254 2742 τωνος·
2289 2680 2336 2730 εἰ
2367 2679 2460 2730 καὶ
2485 2677 2554 2730 τὰ
2585 2677 2820 2747 μάλιστα
2849 2676 2976 2746 περὶ
2998 2673 3057 2727 τὸ
3081 2670 3461 2742 φυσιολογικὺν
3486 2669 3657 2740 μέρος

2060 2771 2161 2840 τῆς
2212 2770 2530 2840 φιλοσοφίας
2579 2768 2796 2830 ἐπιδοὺς
2837 2767 3064 2828 ἐαυτὸν,
3098 2763 3396 2816 ἐσπούδασε
3427 2763 3654 2814 πάντων

2061 2864 2169 2916 τῶν
2196 2863 2334 2934 μετὰ
2373 2860 2443 2915 τὰ
2485 2861 2713 2932 οὐράνια
2744 2859 2973 2930 σώματα
2999 2858 3096 2920 τὰς
3127 2857 3304 2918 αἰτίας
3337 2857 3510 2907 εἰπεῖν
3553 2853 3652 2907 καὶ

2063 2957 2160 3019 τὰς
2201 2955 2421 3025 φύσεις’
2462 2950 2602 3020 οἷον,
2649 2955 2784 3024 γῆς,
2816 2953 3086 3021 Θαλάττης
3107 2993 3121 3015 ,
3167 2951 3327 3020 ἀέρος
3347 2989 3362 3010 ,
3393 2947 3653 3018 αἰθέρος,

2066 3051 2239 3116 ζώων,
2286 3051 2498 3120 φυτῶν,
2561 3050 2752 3114 ὑετοῦ,
2788 3049 3000 3120 χιόνος,
3042 3046 3312 3116 σεισμῶν,
3351 3043 3652 3114 κομητῶν,

380 3145 598 3215 pluviae,
625 3141 788 3204 nivis,
822 3147 1192 3205 terr-annulus,
1243 3145 1602 3192 cometarum.
1645 3136 1744 3190 llic
1776 3151 1957 3189 rerum

2073 3144 2286 3196 πάντων
2336 3142 2544 3206 ἁπλῶς.
2593 3138 2761 3206 Οὗτος
2811 3137 2904 3194 οὖν
2952 3140 3050 3209 τὴν
3102 3139 3350 3200 πάντων,
3394 3136 3470 3198 t'o;
3511 3134 3659 3187 ἔοικε

380 3235 648 3299 ninnium,
678 3241 736 3286 ut
773 3233 1010 3292 videtur,
1045 3239 1298 3284 naturam
1333 3236 1744 3298 perscrutatus,
1768 3226 1960 3296 Euripi

381 3343 603 3398 quoque
657 3332 912 3379 naturam
965 3323 1228 3393 indagare
1273 3330 1327 3376 et
1383 3336 1719 3391 cognoscere
1762 3320 1957 3373 voluit.

382 3420 556 3485 Quam
604 3430 731 3470 cum
780 3414 1002 3482 assequi
1047 3427 1158 3466 non
1190 3411 1480 3480 potuisset,
1520 3410 1576 3463 in
1609 3409 1751 3462 hanc
1787 3407 1963 3462 maris

387 3517 594 3577 partem
655 3519 715 3559 se
772 3501 1108 3572 praecipitem
1165 3499 1335 3564 dedit,
1386 3508 1551 3569 atque
1595 3499 1828 3562 interiit,
1877 3499 1964 3552 his

387 3597 566 3653 verbis
593 3603 801 3650 utens:
854 3592 1125 3659 Quoniam
1174 3592 1504 3647 Aristoteles
1558 3590 1822 3661 Euripum
1866 3591 1968 3642 mi-

359 3691 539 3744 -nime
568 3689 735 3758 cepit,
781 3686 1132 3741 Aristotelem
1168 3685 1405 3754 Euripus
1439 3684 1660 3740 habeat.
1691 3684 1870 3752 Atque
1894 3684 1970 3736 ita

388 3781 605 3849 negotio
673 3777 882 3833 infecto
921 3786 1156 3831 mortem
1200 3776 1335 3830 obiit
1355 3775 1700 3831 Aristoteles.
1736 3773 1972 3845 Euripus

389 3886 552 3941 porro
591 3871 748 3926 locus
786 3877 874 3926 est
915 3871 1086 3924 maris
1135 3869 1278 3922 inter
1325 3861 1595 3922 Bmotiam
1629 3868 1865 3923 insulam
1917 3875 1973 3922 et

388 3964 645 4027 Atticam,
699 3964 792 4034 qui
851 3962 1020 4017 unius
1061 3961 1168 4016 diei
1217 3961 1400 4030 spatio
1445 3960 1649 4030 septies
1695 3968 1967 4014 mutatur.

390 4055 510 4108 lllic
541 4055 689 4108 enim
718 4069 864 4124 aqua
906 4051 1160 4122 suffugit,
1209 4053 1468 4120 velutquc
1512 4051 1858 4111 absorbetur,
1903 4066 1968 4104 ac

393 4162 583 4201 rursus
606 4147 906 4218 regurgitat
932 4145 1378 4214 cumulaturque,
1412 4153 1472 4197 ut
1503 4143 1675 4212 prius.
1701 4139 1860 4208 Quod
1877 4159 1967 4197 au-

392 4250 497 4292 tem
539 4239 606 4292 ad
651 4238 1122 4293 constructionem
1181 4238 1398 4298 attinet,
1445 4234 1670 4288 verbum
1711 4234 1950 4304 plurale,

2059 3233 2548 3306 διερευνησάμενος
2569 3235 2754 3302 φύσιν,
2774 3232 3043 3302 ἐϐουλήθη
3062 3233 3154 3284 καὶ
3169 3231 3267 3301 τὴν
3283 3229 3380 3281 τοῦ
3407 3227 3660 3297 Εὐρίπου

2061 3326 2487 3396 φυσιολογῆσαι·
2535 3325 2611 3396 μὴ
2658 3325 2885 3395 ἰσχύσας
2950 3324 3006 3377 δὲ
3045 3322 3394 3386 καταλαϐεῖν,
3433 3320 3663 3392 ἔρριψεν

2064 3417 2256 3470 ἐαυτὸν
2299 3418 2357 3470 ἐν
2405 3417 2580 3487 τούτῳ
2621 3416 2700 3486 τῷ
2747 3417 2906 3488 μέρει
2968 3415 3071 3486 τῆς
3107 3414 3386 3482 θαλάσσης
3413 3455 3430 3479 ,
3494 3412 3664 3464 τοῦτο

2066 3509 2538 3581 ἐπιφθεγξάμενος
2562 3527 2574 3540 ο
2625 3510 2842 3581 Ἐπειδὴ
2895 3508 3276 3580 Ἀριστοτέλης
3297 3508 3396 3576 οὐχ
3429 3499 3544 3558 εἷλε
3567 3506 3665 3557 τὸν

2068 3601 2347 3672 Εὔριπον,
2405 3602 2644 3671 Εὔριπος
2703 3603 2877 3672 ἐχέτω
2926 3601 3018 3654 τὸν
3086 3599 3490 3673 Ἀριστοτέλην.
3549 3598 3668 3649 Καὶ

2072 3692 2338 3762 τέθνηκεν
2394 3692 2568 3756 οὕτως
2619 3697 2647 3747 ὁ
2716 3693 3112 3764 Ἀριστοτέλης.
3176 3692 3234 3744 '0
3281 3691 3338 3743 δὲ
3384 3689 3666 3760 Εὔριπος,

2069 3785 2233 3848 τόπος
2264 3787 2382 3838 ἐστὶ
2417 3787 2514 3854 τῆς
2545 3785 2821 3856 θαλάσσης
2850 3787 3052 3856 μεταξὺ
3079 3786 3176 3855 τῆς
3205 3783 3465 3845 Βοιωτίας
3493 3783 3667 3852 νήσου

2074 3877 2295 3947 καὶτῆς
2329 3878 2602 3949 Ἀττικῆς,
2629 3878 2686 3942 ὃς
2725 3879 2954 3941 ἑπτάκις
2987 3878 3248 3948 τρέπεται
3287 3877 3386 3945 τῆς
3422 3875 3666 3946 ἡμέρας.

2075 3966 2346 4035 Τρέπεται
2380 3966 2436 4018 δέ
2456 3967 2515 4019 τὸ
2545 3966 2689 4039 ὕδωρ
2713 3967 2774 4019 τὸ
2811 3969 2868 4020 ἐν
2910 3967 3085 4036 τούτῳ
3106 3966 3186 4036 τῷ
3227 3966 3383 4036 μέρει
3415 3964 3494 4034 τῷ
3531 3965 3667 4018 Orco-

2080 4056 2302 4124 φεύγειν
2337 4057 2433 4110 καὶ
2463 4059 2625 4111 οἱονεὶ
2658 4057 3103 4129 ἁναρροφεῐσθαι,
3128 4058 3223 4110 καὶ
3248 4056 3409 4109 πάλιν
3445 4056 3660 4128 ἐξερεύ-

2074 4147 2288 4214 γεσθαι,
2323 4149 2418 4200 καὶ
2447 4147 2896 4220 ἀναπληροῦσθαι
2930 4149 3091 4202 πάλιν
3119 4149 3196 4212 ὡς
3233 4144 3322 4218 ἦν.
3362 4148 3535 4200 Τοῦτο
3573 4148 3634 4200 δέ
3655 4189 3673 4212 ,

2077 4240 2153 4302 ὡς
2181 4235 2366 4306 εἷπον,
2405 4241 2613 4308 γίνεται
2634 4243 2862 4307 ἑπτάκις
2893 4244 2993 4314 τῆς
3017 4243 3252 4315 ἡμέρας.

393 4332 587 4384 mortui
639 4341 781 4393 sunt,
814 4330 1180 4384 communiter
1232 4329 1500 4383 ambobus
1569 4328 1758 4390 servit,
1805 4345 2000 4397 nempe
2030 4329 2264 4388 Homero
2307 4347 2361 4389 et
2401 4337 2704 4392 Aristoteli.
2738 4337 3005 4393 Homerus
3033 4341 3180 4393 enim
3219 4340 3312 4410 qui
3373 4339 3478 4394 sibi
3549 4352 3674 4406 pri-

395 4434 512 4472 nias
533 4434 760 4487 poeseos
807 4417 1119 4487 arrogabat,
1148 4432 1271 4470 cum
1296 4417 1349 4470 in
1372 4416 1640 4470 Arcadica
1658 4417 1962 4486 quiestione
2002 4418 2280 4487 haesisset,
2313 4439 2554 4480 moerere
2577 4429 2884 4482 contabuit.
2926 4428 3254 4484 Aristoteles
3326 4439 3508 4484 autem
3572 4428 3672 4498 qui

397 4511 499 4565 sibi
561 4510 1141 4580 incomprehensibilia
1193 4507 1288 4563 Dei
1351 4509 1572 4578 opiﬁcia
1633 4525 1971 4579 cognoscere
2004 4527 2310 4587 eorumque
2345 4534 2544 4575 causas
2574 4523 2853 4592 explicare
2883 4524 3212 4588 videbatur,
3260 4525 3328 4579 ad
3395 4525 3669 4594 Euripum

396 4627 456 4666 se
485 4612 755 4665 contulit:
786 4625 1022 4680 cumque
1051 4611 1104 4664 in
1136 4611 1256 4680 ejus
1281 4626 1448 4666 causa
1481 4610 1793 4684 indaganda
1835 4615 2126 4684 perplexus
2202 4621 2474 4685 haesisset,
2531 4638 2652 4677 sese
2716 4621 2770 4674 in
2835 4635 2988 4674 mare
3058 4619 3442 4688 praecipitavit,
3495 4622 3672 4673 "use.

399 4719 566 4774 reque
589 4703 768 4774 periit.

830 4794 918 4848 35.
963 4793 1040 4846 De
1062 4804 1213 4860 puteo
1241 4791 1530 4848 Cleanthis.

467 4887 763 4942 Cleanthes
794 4900 1016 4954 quoque
1045 4885 1112 4938 de
1162 4899 1394 4939 numero
1423 4885 1756 4956 Cynicorum
1796 4885 1976 4954 philo-

400 4980 702 5049 sophorum
747 4987 866 5030 erat
902 4976 1002 5046 (l).
1048 4974 1147 5028 hic
1172 4975 1226 5028 in
1255 4984 1421 5042 puteo
1445 4975 1682 5044 quodam
1715 4991 1836 5031 sese
1863 4977 1979 5029 col-

401 5076 592 5128 locans
631 5069 1154 5142 per-transeuntibus
1191 5081 1391 5136 aquam
1425 5067 1748 5131 hauriebat,
1788 5082 1852 5122 ac
1882 5084 1982 5138 pro

401 5181 465 5218 eo
499 5177 719 5232 panem,
755 5175 866 5230 quo
891 5168 1228 5224 vesceretur,
1261 5158 1586 5228 accipiebat.
1613 5159 1732 5225 Quo
1763 5159 1984 5214 nomine

403 5258 457 5309 in
494 5268 704 5308 summa
747 5251 1113 5305 admiratione
1153 5251 1297 5320 apud
1333 5251 1692 5321 philosophos
1730 5263 1850 5308 erat
1874 5294 1888 5319 ,
1925 5261 1985 5308 ut

404 5349 650 5399 laborum
686 5344 1146 5411 patientissimus.

784 5432 883 5485 v36.
931 5431 1004 5484 De
1049 5433 1271 5487 tristitia
1311 5431 1594 5486 Heracliti.
1871 5494 1874 5498 ι

474 5525 790 5579 Heraclitus
828 5533 882 5577 et
929 5522 1298 5587 Democritus,
1351 5527 1444 5595 qui
1499 5527 1689 5582 eodem
1741 5534 1986 5597 tempore

408 5619 680 5680 vixerunt,
707 5616 1059 5687 pliysirteque
1084 5632 1310 5686 operam
1339 5618 1638 5683 dederunt,
1673 5619 1862 5672 mundi
1898 5619 1983 5673 in—

479 5775 554 5838 (ι)
597 5772 706 5828 ivno
733 5772 953 5831 Stoicus
976 5782 1115 5840 erat,
1141 5782 1195 5830 et
1229 5772 1439 5829 Zenoni
1475 5775 1768 5831 successit.

2169 4798 2261 4851 λε’.
2300 4798 2438 4866 Περὶ
2467 4798 2573 4852 τοῦ
2619 4797 2964 4861 Κλεάνθους
3009 4796 3106 4849 καὶ
3162 4795 3268 4848 τοῦ
3305 4793 3582 4863 φρέατος.

2148 4889 2428 4960 Κλεάνθης
2469 4884 2549 4953 εἷς
2587 4885 2655 4959 ἦν
2695 4889 2791 4942 καὶ
2839 4887 2999 4950 αὐτὸς
3031 4887 3140 4940 τῶν
3188 4887 3424 4940 κυνικῶν
3454 4887 3676 4955 φιλοσό-

2079 5001 2213 5052 φων.
2245 4977 2412 5046 Οὗτος
2470 4983 2527 5034 ἐν
2563 4999 2668 5034 τινι
2719 4980 2915 5050 φρέατι
2963 4979 3154 5031 ἐαυτὸν
3212 4980 3439 5048 στήσας,
3470 4978 3680 5048 ἠρύετο

2081 5079 2224 5148 ὕδωρ
2257 5079 2366 5140 τοῖς
2396 5074 2672 5146 παριοῦσι,
2710 5073 2802 5126 καὶ
2831 5071 3004 5134 διδοὺς
3033 5073 3201 5131 πιεῖν,
3232 5069 3507 5139 ἐλάμϐανε
3541 5070 3681 5140 παρ’

2080 5168 2260 5222 αὐτῶν
2298 5167 2460 5238 ἁρτον
2516 5167 2610 5218 καὶ
2655 5164 2827 5234 ἤσθιε.
2880 5160 3230 5232 (θαυμάζεται
3279 5161 3336 5214 δὲ
3384 5161 3539 5230 παρὰ
3567 5161 3682 5213 τῶν

2085 5260 2387 5330 φιλοσόφων
2411 5261 2468 5312 έν
2500 5258 2674 5326 τούτῳ
2695 5259 2789 5311 καὶ
2812 5250 2967 5319 οὗτος
2993 5257 3068 5320 ὡς
3102 5256 3446 5325 καρτερικός.

2261 5438 2368 5503 λς’.
2405 5438 2541 5505 Περὶ
2571 5436 2681 5503 τῆς
2735 5435 3111 5502 Ἡρακλείτου
3149 5432 3490 5498 κατηφείας.

2170 5530 2517 5602 Ἡράκλειτος
2553 5529 2646 5582 καί
2679 5529 3038 5597 Δημόκριτος,
3070 5524 3170 5576 οὐκ
3207 5525 3264 5576 ἐν
3288 5523 3367 5591 τῷ
3401 5521 3557 5591 αὐτῷ
3594 5539 3662 5588 γε

2088 5625 2302 5693 γονὸτες
2347 5623 2541 5693 χρόνῳ,
2593 5619 2811 5688 φυσικοὶ
2857 5617 2912 5670 δέ
2961 5617 3132 5682 ὄντες,
3182 5616 3380 5686 ὁμοίως
3435 5615 3537 5682 τὴν
3587 5609 3690 5666 τοῦ
