3856 6220
380 300 527 359 16θῖ

1270 300 1357 353 AD
1395 303 1451 355 Β.
1487 302 1814 357 GREGOR‘H
1843 303 1933 357 ΟΠ
1959 302 2051 356 \T.
2086 303 2111 356 1
2151 303 2426 357 CONTRA
2455 304 2822 361 JULMNUH.

3515 308 3656 363 1ίῖοη

378 420 593 490 κόσμου
620 418 1051 491 ἀλλεπαλληλίαν
1086 419 1390 485 διέπαιξαν,
1434 423 1461 473 6
1503 422 1602 491 μὲν
1633 423 1822 490 γελῶν,
1858 425 1886 474 6
1929 423 1975 474 δὲ

2087 426 2451 479 constanziam
2488 441 2646 494 aeque
2698 424 3082 494 suggillarunt,
3116 425 3206 480 ille
3258 425 3414 489 flens,
3451 426 3537 479 hic
3576 426 3651 477 ii-

377 511 608 564 κλαίων.
654 512 712 565 Ὀ
746 513 844 581 μὲν
876 513 1216 582 Δημόκριτος
1250 512 1412 579 ἐγέλα
1454 512 1695 581 συνεχῶς
1727 514 1796 567 τὰ
1835 519 1977 585 πρά-

376 616 591 670 γματα,
621 603 651 653 6
688 601 745 653 δὲ
779 601 1129 670 Ἡράκλειτος
1164 602 1401 657 ἔκλαιεν.
1436 598 1544 655 Ἷιν
1577 604 1633 655 δέ
1676 605 1704 656 6
1741 605 1839 675 μὲν
1870 610 1975 676 Δη-

376 692 643 760 μόκριτος
685 692 1031 764 ’Δὸδηρίτης,
1062 696 1091 746 6
1119 693 1175 746 δὲ
1215 694 1566 766 Ἡράκλειτος
1612 696 1876 764 Ἐφέσιος.

808 802 906 867 λζ’.
951 806 1091 874 Περὶ
1126 805 1243 858 τῶν
1269 805 1545 875 φαλλῶν.

452 915 543 985 Τῷ
562 916 801 987 Διονύσῳ
816 918 1010 988 ἐορτὴν
1031 917 1254 986 ἄγοντες
1275 919 1325 969 οἱ
1345 918 1620 989 Ἕλληνες,
1638 919 1857 987 φαλλοῖς
1876 919 1977 972 ὲτέο

374 1024 502 1073 μων
516 1007 693 1060 αὐτόν.
714 1008 914 1067 eam;
928 1008 985 1061 δέ
1007 1011 1152 1061 ἐστιν
1169 1010 1234 1061 ἐκ
1258 1008 1524 1081 δέρματος
1543 1012 1776 1079 ῥουσίου,
1791 1014 1975 1082 σχῆμα

371 1097 580 1151 αἰδοίου
607 1099 818 1170 ἀνδρός.
852 1101 961 1152 Καὶ
991 1099 1151 1152 τοῦτο
1175 1100 1515 1171 περιετίθουν
1548 1103 1755 1165 ἐαυτοτς
1791 1105 1883 1156 καὶ
1915 1105 1973 1156 ἐν

368 1187 491 1246 τοῖς
510 1187 798 1255 τραχήλοις
820 1188 912 1240 καὶ
931 1189 989 1239 ἐν
1002 1191 1113 1251 τοῖς
1132 1188 1315 1257 μέσοις
1338 1191 1551 1260 μηροῖς,
1569 1190 1663 1242 καὶ
1683 1188 1974 1261 ἐξωρχοῦνο

366 1288 459 1334 το,
480 1274 744 1343 τιμῶντες
768 1277 831 1327 ἐκ
850 1275 1041 1327 τούτου
1062 1275 1152 1328 τὸν
1172 1275 1443 1329 Διόνυσον.
1463 1276 1574 1345 Τὴν
1592 1277 1647 1329 δὲ
1663 1278 1828 1347 τιμὴν
1848 1278 1973 1330 ταύ-

363 1375 478 1428 την
496 1355 629 1429 ἦγον
660 1361 740 1433 τῷ
765 1362 1004 1432 Διονύσῳ
1026 1362 1114 1415 διὰ
1137 1361 1236 1432 τὴν
1254 1361 1509 1430 τοιαύτην
1530 1364 1733 1417 αἰτίανο
1766 1366 1859 1419 Ἐκ
1885 1366 1974 1417 Σε-

373 1445 550 1517 μέλης
598 1448 695 1519 τῆς
745 1450 968 1519 Κάδμου
1016 1449 1283 1519 θυγατρὸς
1328 1450 1582 1518 γεννᾶται
1620 1454 1649 1505 6
1684 1452 1966 1516 Atdwoo;°

370 1534 516 1604 αὕτη
550 1535 606 1588 δὲ
650 1538 1075 1606 κεραυνωθεῖσα,
1125 1536 1370 1608 ἐζητεῖτο
1416 1538 1521 1590 ὑπὸ
1550 1537 1644 1590 τοῦ
1694 1540 1966 1594 Διονύσου.

373 1619 852 1693 Περιπλανωμένῳ
890 1624 949 1677 δὲ
990 1623 1167 1694 τούτῳ
1213 1624 1306 1677 καὶ
1350 1622 1619 1694 ζητοῦντι,
1651 1626 1969 1697 Πρόσυμνος

370 1712 505 1772 παῖς
553 1708 695 1763 οὕτω
737 1711 1027 1781 λεγόμενος
1071 1710 1362 1782 περιέτυχε
1403 1710 1481 1781 τῷ
1530 1712 1773 1783 Διονύσῳ
1799 1756 1814 1780 ,
1874 1717 1967 1768 καὶ

367 1796 641 1866 ὑπέσχετο
673 1796 866 1863 δείξειν
908 1797 1056 1868 αύτῷ
1098 1798 1198 1868 τὴν
1241 1797 1472 1868 μητέρα,
1516 1801 1563 1851 εἰ
1601 1796 1967 1874 παιδεραπήὲ

370 1898 458 1936 σει
509 1885 691 1943 αὐτόν.
754 1886 813 1938 Ὀ
863 1886 919 1939 δὲ
966 1887 1220 1949 Διόνυσος
1274 1885 1539 1956 ὑπέσχετο
1584 1888 1761 1944 τοῦτο.
1806 1888 1968 1958 Λέγει

365 1969 523 2039 αὐτῷ
563 1972 591 2022 ὁ
631 1972 969 2041 Πρόσυμνος,
1011 1973 1097 2025 ὅτι
1136 1974 1193 2024 ἐν
1234 1972 1415 2046 Λέρνῃ
1463 1974 1608 2026 ἐστὶν
1650 1977 1683 2045 η
1732 1977 1969 2049 Σεμέλη.

369 2051 506 2108 Εἶτα
542 2057 788 2126 εἰσῆλθεν
831 2059 859 2109 6
881 2058 1132 2121 Διόνυσος
1169 2060 1226 2110 ἐν
1255 2061 1318 2129 τῇ
1352 2058 1611 2132 θαλάττῃ,
1643 2061 1729 2114 ἵνα
1756 2066 1969 2137 περάσῃ

367 2144 430 2193 ἐν
458 2146 523 2213 τῇ
555 2145 751 2215 Λέρνῃ.
782 2145 1252 2215 Συνηκολούθησεν
1283 2144 1430 2215 αὑτῴ
1463 2148 1554 2200 καὶ
1577 2150 1604 2200 6
1629 2149 1972 2220 Πρόσυμνος.

367 2233 481 2285 Καὶ
505 2237 533 2286 6
557 2234 657 2303 μὲν
686 2236 957 2301 Διόνυσος,
984 2236 1059 2299 ὡς
1084 2235 1224 2300 θεὸς,
1248 2237 1309 2288 ού
1331 2236 1614 2307 τέθνηκεν’
1634 2240 1662 2290 6
1686 2238 1739 2291 δὲ
1761 2241 1966 2311 Πρόσυο

366 2335 502 2388 μνος
541 2321 787 2393 τέθνηκε.
835 2323 1111 2394 Λυπηθεὶς
1149 2323 1206 2375 δὲ
1241 2325 1271 2375 6
1313 2322 1595 2389 Διόνυσος,
1641 2326 1722 2377 ὅτι
1760 2327 1788 2378 6
1838 2330 1963 2397 ἐρα-

367 2406 503 2477 στὴς
530 2408 697 2462 αὐτοῦ
728 2410 978 2481 τέθνηκε,
1012 2412 1148 2480 πρὸς
1193 2409 1357 2481 τιμὴν
1401 2410 1566 2464 αὑτοῦ
1600 2413 1691 2466 καὶ
1737 2416 1963 2484 μνήμην

364 2496 566 2549 αἰδοῖον
606 2497 824 2563 ξύλινον
862 2502 927 2553 ἐκ
966 2500 1183 2553 συκίνου
1213 2498 1371 2564 ξύλου
1400 2499 1720 2572 ἐπελέκησε,
1751 2520 1961 2573 μεμνη-

368 2581 534 2649 μένος
564 2586 663 2654 τῆς
700 2587 1143 2657 συντελεσθείσης
1187 2586 1371 2649 αὐτοῖς
1405 2586 1636 2658 αἰσχρᾶς
1663 2590 1757 2642 καὶ⁸
1787 2608 1962 2661 παρα-

365 2671 537 2739 νόμου
570 2674 795 2745 ἡδονῆςο
827 2677 922 2729 καὶ
954 2675 1042 2728 διὰ
1086 2675 1290 2745 ταύτην
1316 2672 1414 2743 τῆν
1454 2674 1634 2727 αἰτίαν
1672 2681 1780 2741 τοῖς
1820 2680 1955 2745 φαλ-

364 2758 481 2822 λοίς
515 2762 717 2830 τιμῶσι
777 2764 896 2816 τὸν·
922 2763 1195 2817 Διόνυσον.
1246 2761 1440 2814 Φαλλοὶ
1493 2758 1586 2815 οὖν
1633 2767 1771 2818 είσιν
1811 2761 1957 2821 οὗτοι

367 2846 599 2908 πάντες·
635 2848 914 2917 ἰθύφαλλοι
944 2850 1024 2912 δὲ,
1056 2852 1105 2901 οἰ
1154 2852 1233 2913 εἰς
1277 2849 1403 2910 τοὺς
1446 2853 1654 2921 μηροὺς
1680 2854 1841 2924 μόνον
1869 2856 1955 2907 ἐπ’

364 2935 582 3000 εὐθείας
614 2938 1088 3009 ἐπιδεσμούμενοι.

2080 517 2127 568 di
2149 532 2233 569 ns.
2271 515 2614 571 Democritus
2629 516 2922 572 Abderites
2954 524 3098 578 erat.
3132 516 3443 572 Heraclitus
3472 516 3646 587 Ephe-

2081 624 2217 660 suis.

2626 816 2714 869 '57.
2758 813 2837 868 De
2860 813 3080 883 pliallis.

2146 926 2343 984 Libero
2373 930 2513 999 patri
2542 944 2667 984 cum
2701 929 2903 983 festum
2932 935 3154 997 agerent
3202 924 3456 994 gentiles,
3488 924 3645 995 phal-

2075 1020 2143 1075 lis
2201 1037 2325 1075 eum
2393 1021 2755 1075 honorabant.
2826 1019 2922 1074 Est
2980 1028 3162 1073 autem
3213 1018 3430 1087 pliallus
3488 1016 3644 1087 pellis

2074 1110 2242 1162 rubra
2269 1112 2324 1164 in
2362 1110 2560 1163 veretri
2596 1108 2824 1177 figurant
2866 1109 3061 1163 ellicta.
3095 1107 3204 1161 Hos
3246 1106 3492 1177 undique
3537 1106 3646 1161 sibi

2075 1201 2210 1270 ipsis
2244 1210 2357 1256 tum
2381 1202 2435 1255 in
2467 1202 2626 1256 collis
2653 1209 2766 1255 tum
2797 1203 2851 1254 in
2883 1199 3078 1254 mediis
3127 1198 3427 1254 femoribus
3465 1199 3643 1268 impo-

2075 1296 2279 1349 uebant
2298 1311 2311 1345 :
2333 1295 2717 1363 saltabantque
2746 1296 2798 1349 in
2818 1294 3012 1350 Bacchi
3041 1295 3325 1348 honorem.
3349 1293 3462 1347 Hoc
3482 1309 3645 1363 porro

2072 1381 2301 1438 honoris
2326 1398 2524 1452 genere
2559 1385 2736 1452 ipsum
2777 1385 2850 1437 ob
2900 1381 3216 1450 hujusmodi
3259 1396 3483 1437 causam
3522 1382 3642 1434 alﬁ-

2071 1472 2320 1526 ciebant:
2341 1474 2418 1526 Bx
2451 1474 2663 1528 Semele
2692 1472 2885 1527 Cadmi
2917 1488 3087 1527 uxore
3115 1470 3363 1526 Bacchus
3389 1486 3642 1541 procrea-

2072 1569 2162 1615 tus
2184 1568 2288 1617 est.
2321 1561 2474 1616 Hanc
2514 1563 2743 1617 fulmine
2760 1577 3079 1633 percussam
3115 1570 3281 1632 atque
3310 1563 3639 1616 exstinctam

2071 1667 2196 1705 cum
2255 1652 2364 1706 huc
2424 1653 2666 1722 illucque
2717 1654 2985 1708 oberrans
3041 1653 3292 1708 Bacchus
3348 1665 3637 1722 quaereret,

2001 1769 2043 1824 Β
2072 1744 2393 1800 adolescens
2421 1747 2646 1815 quidam
2682 1746 2900 1800 nomine
2931 1745 3266 1818 Polyymnus
3300 1748 3354 1799 in
3401 1762 3526 1801 eum
3555 1745 3640 1800 in-

2068 1837 2224 1902 cidit,
2257 1836 2639 1908 facturumque
2667 1853 2727 1894 se
2756 1838 3036 1909 pollicitus
3068 1847 3175 1903 est,
3198 1849 3258 1893 ut
3282 1840 3383 1909 ipsi
3413 1847 3637 1892 matrem

2069 1943 2225 1983 suam
2266 1930 2599 1992 ostenderet,
2663 1932 2707 1986 si
2760 1947 3022 1986 venereas
3071 1932 3383 2001 voluptates
3430 1932 3529 1985 abs
3580 1945 3640 1985 se

2068 2023 2218 2091 carpi
2274 2034 2569 2091 pateretur.
2623 2024 2777 2091 Quod
2808 2041 2931 2080 cum
2990 2026 3339 2095 promisisset
3370 2024 3638 2088 Bacchus,

2069 2114 2313 2167 narravit
2350 2113 2682 2186 Polyymnus
2721 2116 2975 2171 Semelen
3028 2117 3170 2187 apud
3211 2115 3446 2171 Lernam
3476 2129 3635 2172 esse:

2066 2203 2259 2273 sicque
2289 2206 2358 2259 ab
2384 2206 2506 2276 ipso
2534 2206 2784 2262 Bacchus
2809 2216 3206 2278 constupratus
3228 2218 3336 2264 est.
3388 2208 3640 2279 Cumque

2063 2307 2254 2364 postea
2284 2312 2435 2352 mare
2460 2299 2748 2368 ingressus
2771 2310 2940 2362 esset,
2978 2309 3037 2354 ut
3065 2302 3120 2355 in
3154 2300 3389 2356 Lernam
3423 2301 3638 2370 trajice-

2062 2396 2168 2452 ret,
2233 2389 2487 2444 comitem
2521 2405 2581 2446 se
2609 2407 2829 2462 quoque
2873 2392 3125 2460 adjunxit
3164 2393 3494 2463 Polyymnus
3536 2392 3634 2461 (l).

2059 2478 2139 2530 Ac
2167 2476 2415 2532 Bacchus
2449 2481 2670 2549 quidem
2705 2490 2764 2534 ut
2793 2483 2951 2545 deus,
2981 2483 3275 2538 incolumis
3304 2483 3430 2537 inde
3453 2484 3633 2537 rediit:

2062 2568 2394 2642 Polyymnus
2432 2580 2614 2628 autem
2669 2584 2845 2629 morte
2895 2591 3196 2645 oppressus
3227 2584 3334 2631 est.
3388 2575 3637 2631 Baechus

2062 2661 2231 2730 igitur
2259 2664 2452 2718 amasii
2489 2675 2717 2720 mortem
2758 2681 2902 2736 aegre
2931 2665 3131 2730 ferens,
3160 2667 3227 2720 ad
3259 2666 3433 2735 ipsius
3464 2666 3635 2720 hono-

2063 2770 2177 2810 rem
2211 2770 2277 2809 ac
2317 2757 2632 2811 memoriam
2665 2757 2904 2828 ligneum
2953 2766 3231 2813 veretrum
3286 2775 3353 2812 cx
3404 2758 3632 2813 ficulnea

2061 2863 2263 2902 caesuin
2292 2863 2358 2902 ac
2379 2851 2551 2904 rubro
2577 2851 2766 2906 colore
2792 2851 2988 2907 illitum
3014 2852 3196 2905 solatii
3219 2865 3388 2906 causa
3417 2865 3634 2920 semper

2061 2939 2334 3007 gestabat,
2354 2950 2415 2993 ut
2442 2954 2554 2994 non
2581 2942 2703 2996 sine
2730 2957 2928 3013 magna
2950 2943 3233 3012 voluptate
3261 2941 3485 2998 nefaria:
3512 2940 3635 2994 libi-

362 3028 516 3083 dinis
580 3046 704 3084 cum
760 3031 883 3100 ipso
920 3040 1249 3103 perpetrata:
1296 3036 1615 3091 memoriam
1650 3033 1941 3089 refricans.
1998 3034 2078 3087 Ac
2130 3049 2229 3103 pro
2263 3040 2484 3100 sceptro
2511 3033 2615 3086 hoc
2644 3032 3088 3088 circumferebat.
3119 3034 3296 3103 Atque
3355 3032 3471 3088 haec
3499 3047 3633 3087 cau-

365 3140 429 3176 sa
488 3131 593 3184 est,
637 3138 738 3177 cur
788 3124 993 3179 ethnici
1056 3125 1255 3194 pliallis
1316 3127 1590 3182 Bacchum
1647 3127 1937 3183 honorent.
1976 3126 2272 3180 Enimvero
2317 3126 2484 3195 plialli
2513 3124 2777 3178 dicuntur
2804 3134 3020 3179 veretra
3080 3126 3287 3189 omnia,
3347 3124 3632 3194 ithyphalli

362 3228 427 3265 ea
453 3215 693 3279 demum,
726 3231 846 3286 quze
876 3216 1048 3286 rigida
1099 3228 1263 3289 atque
1312 3220 1367 3274 in
1412 3220 1635 3289 longum
1667 3229 1881 3274 arrecta
1918 3228 2049 3274 sunt
2078 3237 2091 3274 :
2127 3217 2274 3274 unde
2299 3217 2462 3273 etiam
2496 3216 2840 3287 φαλλητάρια
2876 3226 3165 3272 vocantur.

434 3350 643 3422 λη’-λθ.
680 3354 842 3406 Κατὰ
879 3350 998 3405 τῶν
1029 3353 1276 3423 ἀπύγων
1312 3355 1413 3408 καὶ
1446 3354 1872 3424 μελαμπύγων.

448 3486 508 3539 ’0
536 3486 820 3555 Πειρίθους
846 3482 1120 3539 κατελθὼν
1160 3487 1242 3549 εἰς
1273 3487 1364 3540 τὸν
1399 3486 1534 3557 ᾅδην
1560 3486 1649 3540 διὰ
1683 3487 1744 3539 τὸ
1771 3485 1951 3556 ἀρπά-

362 3595 456 3631 σαι
484 3578 582 3649 τὴν
610 3579 958 3649 Περσεῴνην
989 3579 1088 3651 τὴν
1129 3580 1222 3633 τοῦ
1252 3578 1581 3642 Πλούτωνος.
1611 3576 1765 3648 ἐδέθη
1799 3578 1949 3631 κάτω

362 3670 519 3737 παρὰ
564 3669 793 3741 πέτραις
839 3672 966 3724 τισί.
1012 3670 1303 3725 Κατελθὼν
1340 3671 1400 3724 δὲ
1443 3672 1472 3724 6
1511 3670 1808 3740 Ἡρακλῆς,
1854 3669 1950 3722 καὶ

332 3762 535 3813 »θέλων
570 3761 755 3814 λαὸεῖν
786 3761 877 3814 τὸν
908 3762 1211 3833 Πειρίθουν,
1250 3761 1413 3815 αὐτὸν
1454 3760 1554 3830 μὲν
1603 3760 1944 3813 ἀνείλκυσεν·

361 3858 419 3908 at
461 3855 519 3907 δὲ
560 3855 733 3923 πυγαὶ
784 3856 952 3908 αὑτοῦ
989 3855 1355 3928 προσέμειναν
1380 3857 1447 3925 τῇ
1477 3854 1671 3925 πέτρᾳ.
1719 3854 1951 3926 Ἐκλήθη

361 3942 457 3998 οὖν
503 3948 532 3999 6
582 3946 866 4017 Πειρίθους
919 3946 1157 4015 ἇπυγος’
1215 3948 1384 4015 ττυγδς
1434 3945 1543 4014 γὰρ
1596 3946 1841 4000 καλεῖται
1888 3947 1951 3999 τὸ

362 4038 607 4108 κάθισμα
652 4039 883 4091 ἑκάστου
932 4037 1239 4109 ἀνθρώπου.
1282 4037 1349 4090 Ἥ
1389 4037 1444 4089 δὲ
1498 4035 1641 4089 κατὰ
1682 4037 1809 4100 τοὺς
1855 4054 1952 4106 με-

363 4131 685 4199 λαμπύγους
714 4132 862 4184 ἐστὶν
905 4130 1079 4200 αὕτηο
1110 4129 1215 4183 Δύο
1254 4130 1397 4192 τινὲς
1425 4129 1642 4196 ἀδελφοὶ
1672 4129 1815 4183 κατὰ
1847 4128 1951 4196 γῆν

366 4225 549 4276 πᾶσαν
571 4223 783 4276 ἀδικίαν
825 4222 1243 4292 ἐνδεικνύμενοι.
1272 4221 1519 4289 ἐλέγοντο
1546 4221 1852 4293 Κέρκοπες,
1887 4223 1952 4274 ἐκ

366 4313 470 4384 τῆς
507 4315 617 4383 τῶν
642 4317 818 4387 ἔργων
843 4315 1171 4386 δριμύτητος
1200 4315 1300 4384 τὴν
1334 4313 1648 4383 ἐπωνυμίαν
1678 4312 1949 4382 λαχόντες.

381 4409 442 4460 ’0
485 4408 584 4477 μὲν
614 4407 726 4477 γὰρ
762 4408 940 4461 αὐτῶν
982 4406 1202 4469 ἐλέγετο
1246 4404 1548 4467 Πάσσαλος,
1594 4406 1623 4456 6
1662 4403 1720 4456 δέ
1767 4404 1952 4473 ἕτερος

379 4496 693 4566 Ἀκλήμων,
735 4495 812 4558 ὣς
844 4513 978 4566 φησι
1032 4497 1151 4557 Δῖος
1198 4494 1227 4545 6
1268 4492 1775 4562 ὑπομνηματιστής.
1816 4491 1953 4544 Τού-

1972 3319 2016 3374 C

2334 3352 2516 3408 58-39.
2544 3351 2639 3407 -De
2684 3352 3030 3424 Melampygis
3067 3363 3117 3408 et
3152 3354 3371 3424 Apygis.

2122 3491 2458 3561 Apygorum,
2488 3491 2592 3545 hoc
2632 3500 2748 3557 est,
2790 3492 3017 3548 natibus
3068 3494 3398 3555 carentium,
3445 3492 3630 3548 fabula

2056 3582 2169 3636 haec
2190 3590 2276 3636 est
2306 3600 2319 3635 :
2355 3581 2631 3636 Pirithous
2660 3597 2785 3636 cum
2809 3584 2877 3637 ad
2910 3582 3115 3639 inferos
3158 3584 3535 3642 descendisset
3558 3589 3630 3640 oh

2052 3672 2390 3742 Proserpinae
2456 3676 2649 3729 uxoris
2698 3672 2948 3731 Plutonis
3007 3684 3248 3747 raptum,
3310 3679 3379 3733 atl
3445 3688 3629 3748 petras

2051 3762 2313 3830 quasdam
2355 3762 2571 3818 vinctus
2611 3771 2715 3818 est.
2752 3762 2888 3818 Cum
2922 3779 3053 3834 ergo
3085 3764 3347 3821 Hercules
3395 3767 3627 3823 descen-

2052 3851 2244 3913 disset,
2276 3866 2340 3905 ac
2370 3850 2678 3907 Pirithoum
2714 3855 2964 3923 accipere
2992 3855 3173 3919 vellet,
3199 3856 3376 3926 ipsum
3410 3857 3626 3927 quidem

2052 3956 2271 3997 sursum
2300 3944 2603 4013 pertraxit:
2650 3956 2909 3999 caeterum
2950 3946 3128 4015 ipsius
3176 3959 3336 4002 nates
3366 3953 3488 4018 rupi
3530 3951 3629 4003 ad—

2052 4034 2354 4089 haeserunt.
2395 4032 2473 4088 Ac
2501 4034 2732 4104 proinde
2753 4034 2976 4105 Apygus
3000 4036 3184 4093 dictus
3215 4047 3320 4092 est.
3351 4037 3506 4104 Quod
3531 4055 3627 4093 au-

2053 4133 2160 4180 tem
2201 4124 2569 4197 Melampygos
2600 4127 2815 4187 attinet,
2845 4127 2934 4180 hic
2971 4142 3153 4182 sermo
3186 4129 3573 4185 circumfertur
3610 4150 3623 4185 :

2053 4216 2171 4273 Duo
2193 4217 2393 4272 fratres
2422 4227 2581 4273 erant
2604 4219 2814 4272 nullum
2846 4234 2955 4273 non
3011 4218 3201 4290 flagitii
3231 4237 3405 4293 genus
3431 4238 3621 4293 perpe-

2054 4317 2285 4369 trantes.
2317 4310 2409 4378 qui
2449 4325 2478 4362 a
2504 4310 2810 4364 facinorum
2834 4324 3059 4365 suorum
3088 4313 3391 4367 acrimonia
3422 4314 3625 4369 Cerco-

2054 4413 2182 4451 num
2235 4397 2584 4469 (Cercopum
2629 4400 2913 4468 legendum
2960 4401 3143 4472 puto)
3201 4386 3620 4472 cognomentum

2053 4490 2199 4543 nacti
2229 4499 2376 4544 sunt.
2406 4489 2539 4543 Nam
2568 4490 2771 4559 alioqui
2801 4493 2940 4545 alter
2963 4492 3206 4562 ipsorum
3236 4492 3496 4550 Passalus
3524 4511 3621 4550 vo-

363 4600 495 4650 τους
637 4589 668 4657 ἡ
720 4564 920 4657 μήτηρ,
964 4586 1230 4655 Μήμωνις
1264 4582 1343 4653 τῷ
1383 4583 1627 4653 ὀνόματι,
1674 4584 1950 4653 ἑωρακυῖα

2063 4578 2302 4637 cabatur.
2344 4581 2483 4633 alter
2537 4580 2822 4643 Aclemon,
2858 4589 2917 4635 ut
2939 4592 3134 4637 auctor
3165 4592 3252 4638 est
3298 4583 3436 4638 Dion
3465 4601 3619 4640 com-

365 4679 510 4731 κατὰ
554 4678 660 4748 γῆν
700 4675 870 4730 πολλὰ
914 4677 1060 4729 δεινὰ
1114 4674 1517 4745 ἐργαζομένους
1559 4674 1774 4736 αὐτοὺς,
1829 4668 1950 4725 εἷπε

367 4768 444 4839 μὴ
467 4771 779 4838 περιτυχεῖν
812 4765 1153 4838 μελαμπύγῳ
1171 4785 1184 4797 ο
1212 4765 1305 4819 καί
1333 4781 1464 4817 ποτε
1491 4763 1584 4816 τού
1621 4762 1953 4833 Ἡρακλέους

365 4858 472 4911 ύπδ
497 4857 712 4930 δένδρον
748 4856 1115 4927 κοιμωμένου,
1145 4855 1242 4908 καὶ
1270 4854 1377 4908 τῶν
1421 4853 1588 4906 αὑτοῦ
1620 4853 1798 4905 ὃπλων
1825 4854 1953 4905 ὐπο-

364 4950 706 5021 κεκλιμένων
725 4949 804 5019 τῷ
822 4947 993 5018 φυτῷ,
1020 4948 1419 5017 πλησιάσαντες
1446 4940 1593 4998 οὗτοι
1611 4947 1723 5007 τοῖς
1744 4943 1947 5009 ὅπλοις,

365 5036 714 5107 ἐπιχειρῆσαι
786 5034 1177 5106 ἐϐουλήθησαν.
1238 5034 1411 5097 Εὐθὺς
1474 5033 1531 5085 δὲ
1582 5037 1611 5086 ὀ
1672 5033 1946 5102 Ἡρακλῆς

368 5128 708 5197 αἰσθόμενος,
733 5126 913 5179 λαϐὼν
932 5126 1145 5188 αὐτοὺς,
1177 5126 1270 5179 καὶ
1296 5124 1646 5193 κατακέφαλα
1668 5124 1762 5177 ἐπὶ
1789 5123 1946 5188 ξύλου

364 5218 690 5288 δεσμεύσας,
731 5218 1030 5271 ἐϐάστασεν
1068 5216 1370 5283 ἐξόπισθεν.
1422 5217 1531 5270 Καὶ
1572 5216 1694 5269 τότε
1753 5218 1948 5269 ἐκεῖνοι

366 5310 462 5380 τῆς
489 5309 713 5379 ἐντολῆς
756 5309 855 5378 τῆς
907 5307 1114 5362 ἐαυτῶν
1154 5306 1359 5379 μητρὸς
1414 5305 1764 5376 ἐμνήσθησαν
1814 5321 1944 5375 κρε-

370 5401 625 5470 μάμενοι,
664 5399 759 5453 τοῦ
805 5398 1139 5469 Ἡρακλέους
1180 5398 1279 5468 τὴν
1312 5398 1491 5466 πυγὴν
1523 5397 1781 5467 μέλαιναν
1823 5396 1945 5449 θεα-

366 5493 591 5562 σάμενοι
636 5493 700 5546 ἐκ
734 5494 834 5562 τῆς
864 5492 970 5544 τῶν
1002 5491 1203 5561 τριχῶν
1235 5489 1562 5559 δασύτητος”
1591 5490 1641 5542 οἳ
1686 5489 1779 5541 καὶ
1810 5487 1946 5558 πρὸς

366 5582 629 5652 ἀλλήλους
660 5583 816 5636 ἀὐτὸ
872 5583 1029 5635 τοῦτο
1083 5581 1469 5650 διαλεγόμενοι,
1514 5579 1720 5648 γέλωτα
1780 5580 1946 5633 πολὺν

436 5780 516 5851 (l)
557 5780 729 5837 Aliter
761 5780 864 5837 hoc
911 5788 1097 5835 narrat
1129 5748 1467 5835 Clemens'in
1502 5776 1726 5833 Adhort.

2051 4678 2340 4723 mentator.
2377 4669 2547 4723 Mater
2570 4672 2735 4741 igitur
2783 4687 2969 4726 eorum
3022 4676 3241 4729 nomine
3296 4674 3619 4731 Memmonis

2049 4774 2174 4812 cum
2233 4775 2329 4815 eos
2374 4761 2609 4830 plurima
2670 4762 2972 4832 graviaque
3018 4764 3216 4834 flagitia
3275 4767 3620 4821 committere

2047 4852 2281 4915 videret,
2306 4852 2608 4908 cavendum
2642 4854 2776 4923 ipsis
2798 4870 2922 4911 esse
2967 4857 3270 4920 admonuit,
3302 4873 3368 4911 ne
3406 4859 3460 4912 in
3508 4857 3619 4912 Me-

2048 4942 2359 5013 lampyguin
2414 4943 2741 4997 inciderent.
2789 4945 3005 4999 Accidit
3061 4946 3199 5002 forte
3243 4956 3302 5000 ut
3359 4945 3617 5001 Hercules

2052 5037 2240 5105 positis
2266 5037 2370 5091 sub
2399 5036 2597 5091 arbore
2619 5036 2853 5105 quadam
2888 5038 3053 5094 armis
3074 5054 3268 5093 somno
3292 5040 3613 5109 indulgeret.

2050 5122 2113 5176 lli
2147 5124 2315 5193 igitur
2344 5127 2568 5194 propius
2607 5125 2935 5180 accedentes
2980 5128 3150 5183 armis
3182 5127 3355 5197 ipsius
3396 5145 3614 5184 manum

2050 5215 2275 5282 injicere
2302 5223 2603 5270 tentarunt.
2661 5216 2818 5280 Quod
2869 5233 2992 5270 cum
3054 5221 3305 5289 protinus
3352 5218 3618 5277 Hercules

2052 5306 2338 5367 sensisset,
2374 5305 2555 5374 capite
2597 5314 2867 5374 arreptos.
2900 5315 3067 5376 atque
3097 5309 3160 5362 ad
3207 5309 3412 5377 lignum
3444 5313 3617 5379 quod.

2051 5395 2173 5448 dam
2212 5394 2501 5449 obvinctos
2536 5395 2805 5465 gestabat.
2848 5396 2924 5450 Ac
2960 5404 3072 5449 tum
3111 5397 3218 5451 illis
3251 5398 3615 5467 pendentibus

2052 5488 2279 5542 materni
2326 5486 2567 5542 mandati
2615 5487 2923 5543 recordatio
2969 5488 3159 5554 subiit,
3192 5503 3316 5544 cum
3365 5489 3615 5546 Herculis

2053 5586 2210 5645 nates
2238 5594 2300 5634 ex
2335 5578 2571 5649 pilorum
2604 5577 2874 5633 densitate
2915 5578 3100 5649 nigras
3143 5594 3265 5636 esse
3313 5583 3601 5652 perspexi:
