3856 6220
306 245 443 301 1007

1669 233 1952 295 NONNUS
1977 241 2201 300 ABBAS

3435 248 3578 303 1008

301 368 462 416 mn:
500 369 664 431 atque
705 361 807 414 hoc
865 360 1006 415 inter
1057 374 1116 413 se
1153 358 1535 429 colloquentes
1576 357 1860 412 tuaximun

1977 361 2266 432 προσῆψαν
2303 362 2380 434 τῷ
2421 364 2701 434 Ἰῐρακλεῐ.
2734 366 2846 419 Καὶ
2895 365 3057 431 εὐθὺς
3102 358 3245 421 κατὰ
3276 359 3438 418 τοῦτο
3463 364 3578 417 τῶν

300 454 513 509 Herculi
554 454 728 509 risum
772 458 1088 509 moverunt:
1124 452 1197 508 ob
1233 449 1396 521 idque
1443 463 1540 505 eos
1585 448 1873 504 confestim

300 549 501 604 missos
529 546 678 602 fecit.

735 636 826 691 40.
861 634 937 689 De
959 632 1253 689 venerando
1278 631 1449 687 Pane.

366 727 638 796 Penelope
667 723 881 795 Ulyssis
912 739 1051 778 uxor
1083 723 1202 777 fuit.
1250 720 1371 788 Quo
1414 728 1538 792 post
1569 717 1872 788 Troianum

296 820 499 876 bellum
543 818 649 873 huc
687 824 852 884 atque
887 815 1017 867 illuc
1057 814 1365 874 oberrante,
1415 810 1668 882 permulti
1720 808 1872 883 proci

297 920 587 979 venerunt,
622 918 683 964 ut
714 907 1019 977 Penelopen
1053 906 1159 960 sibi
1186 903 1869 974 matrimoniojungerent.

298 1003 364 1055 At
402 1001 494 1055 illa
527 1000 670 1056 diem
706 998 774 1053 de
798 997 886 1053 die
912 996 1171 1059 ducebat,
1200 995 1403 1049 nemini
1427 995 1635 1048 nubere
1660 992 1871 1055 volens,

299 1092 446 1165 quod
470 1090 722 1162 Ulyssem
748 1089 1005 1143 maritum
1037 1101 1198 1141 suum
1234 1091 1597 1156 exspectaret.
1635 1082 1755 1149 Quo
1793 1082 1873 1136 fa-

297 1196 446 1241 ctum
484 1190 591 1247 est,
622 1191 681 1235 ut
712 1195 902 1236 ornnes
942 1180 1146 1248 impetu
1190 1175 1337 1231 facto
1379 1190 1497 1230 eam
1528 1190 1871 1245 compresse-

296 1275 427 1339 rint,
460 1271 851 1347 gravidamque
886 1266 1260 1323 reddiderint:
1296 1266 1372 1320 ita
1400 1264 1601 1319 Panem
1636 1266 1868 1335 peperit.

296 1364 452 1420 Unde
475 1364 640 1419 etiam
676 1364 779 1417 hoc
819 1360 1041 1417 nomine
1064 1367 1295 1414 vocatus
1330 1365 1434 1424 est,
1477 1357 1622 1433 quod
1659 1357 1727 1412 ab
1755 1373 1873 1411 om-

294 1456 457 1511 nibus
485 1461 640 1509 satus
666 1451 849 1506 fuerit.
882 1449 989 1503 Alii
1021 1448 1314 1505 admodum
1342 1449 1540 1519 egimia
1570 1447 1745 1502 forma
1772 1463 1873 1518 pu-

292 1548 590 1618 clieitiaque
633 1544 941 1614 Penelopen
970 1542 1143 1596 fuisse
1178 1540 1396 1595 ferunt:
1427 1539 1660 1608 ideoque
1698 1539 1873 1609 ipsius

293 1654 479 1694 amore
521 1635 914 1693 inﬂammatum
944 1632 1272 1690 Mercurium
1319 1631 1457 1685 hirci
1500 1628 1732 1685 formam
1780 1631 1869 1684 in»

1977 451 2195 523 δεσμῶν
2223 450 2593 525 ἐλυτρώσατο.
2628 456 2724 511 καὶ
2753 455 3026 509 ἀπέλυσεν
3057 453 3276 517 αὐτούς.

2319 640 2394 704 μ’.
2419 636 2560 705 Περὶ
2600 637 2710 695 τοῦ
2744 638 2979 708 Σεμνοῦ
3006 640 3229 704 Πανός.

2047 721 2331 794 Πηνελόπη
2358 726 2497 798 γυνη
2536 726 2728 796 γέγονε
2764 727 2860 782 τοῦ
2896 727 3213 791 Ὀδυσσέως.
3254 727 3460 781 Τούτου
3511 728 3577 782 δὲ

1980 815 2339 886 πλανωμένου
2367 819 2505 887 μετὰ
2527 818 2618 872 τὸν
2650 820 2895 892 Τρωϊκὸν
2923 820 3177 890 πόλεμον,
3210 819 3393 873 πολλοὶ
3425 836 3576 883 τινες

1976 902 2141 979 ἦλθον
2187 910 2649 981 μνηστευσόμενοι
2692 913 2793 983 τὴν
2833 912 3173 984 Πηνελόπην.
3219 911 3285 965 Ἦ
3326 911 3382 964 δὲ
3426 911 3576 980 ἡμέ-

1982 1014 2081 1071 ραν
2105 1000 2163 1068 eg
2188 1003 2401 1074 ἡμέρας
2443 1002 2786 1069 ἀνεϐάλλετο,
2835 1004 3023 1079 μηδενὶ
3056 1003 3285 1057 θέλουσα
3316 1001 3577 1073 γαμηθῆ-

1976 1108 2088 1151 ναι.
2119 1091 2206 1145 διὰ
2242 1092 2305 1149 τὸ
2346 1094 2661 1167 περιμένειν
2709 1094 2880 1167 αὐτὴν
2912 1094 3005 1147 τὸν
3042 1093 3302 1147 Ὀδυσσέα
3347 1092 3437 1145 τὸν
3478 1091 3577 1145 ἇν-

1975 1179 2078 1251 δρα
2114 1181 2304 1253 αὐτῆς.
2338 1182 2546 1246 Πάντες
2586 1177 2681 1235 οὖν
2717 1184 3198 1255 συμφρασάμενοι,
3233 1181 3575 1250 συγγεγόνα-

1978 1288 2062 1325 σιν
2092 1273 2264 1343 αὐτῇ·
2305 1274 2338 1344 ὴ
2390 1272 2445 1325 δὲ
2490 1274 2915 1345 ὲγκυμονήσασα
2958 1272 3118 1327 ἔτεκε
3152 1275 3245 1326 τὸν
3279 1274 3463 1325 Πᾶνα·
3488 1272 3577 1324 διὸ

1975 1363 2069 1416 καὶ
2098 1364 2213 1417 Πᾶν
2238 1362 2503 1428 καλεῖται,
2533 1366 2615 1418 ὅτι
2642 1366 2706 1416 ὲκ
2749 1364 2965 1417 πάντων
2989 1365 3223 1435 ἐσπαρη.
3261 1363 3481 1434 Ἕτεροι
3510 1362 3572 1414 δὲ

1974 1451 2224 1522 λέγουσιν
2257 1454 2338 1506 ὃτι
2370 1455 2511 1508 πάνυ
2545 1452 2823 1525 εὔμορφος
2856 1450 2961 1508 ’καὶ
3006 1451 3237 1525 σώφρων
3273 1448 3343 1524 ἦν
3378 1453 3413 1524 ἠ
3449 1452 3572 1522 Πη-

1974 1542 2207 1613 νελόπη·
2273 1542 2366 1596 καὶ
2402 1541 2490 1609 διὰ
2543 1542 2701 1595 τοῦτο
2744 1541 2959 1615 ἠράσθη
3017 1539 3193 1610 αὐτῆς
3253 1539 3282 1592 6
3332 1538 3570 1609 Ἑρμῆς,

1977 1633 2069 1687 καὶ
2102 1633 2407 1705 μετεϐλήθη
2440 1634 2520 1697 εἰς
2543 1633 2767 1705 τράγον,
2805 1632 2901 1686 καὶ
2954 1632 3220 1702 ὲκνοήσας
3257 1628 3426 1701 αὐτὴν
3464 1645 3572 1699 μαι

292 1728 481 1783 duisse
509 1742 523 1779 :
551 1726 728 1796 ipsam
760 1731 941 1778 autem
972 1722 1172 1777 mentis
1197 1735 1385 1776 errore
1410 1719 1660 1775 affectam
1692 1734 1755 1773 ac
1785 1720 1860 1773 fu:

1975 1700 2211 1797 yslaelc
2237 1700 2413 1797 ἔρωτα
2457 1700 2622 1778 αὐτοῦ
2655 1725 2902 1796 ἐκίνησε·
2944 1723 3039 1777 καὶ
3076 1700 3291 1794 ὧχεύθη
3338 1700 3447 1775 ὑπὸ
3471 1720 3569 1774 τοῦ

291 1834 418 1874 rore
451 1824 760 1887 correptam
809 1814 1020 1868 hircum
1056 1814 1364 1880 adamasse,
1411 1813 1479 1866 ab
1520 1827 1695 1882 eoque
1750 1814 1870 1867 lna-

1975 1817 2201 1889 τράγου,
2233 1816 2328 1869 καὶ
2362 1814 2620 1871 συνέλαϐε
2663 1815 2758 1868 καὶ
2807 1814 2963 1870 ἔτεκε
3009 1814 3102 1869 τὸν
3148 1814 3324 1869 Πᾶνα.
3363 1811 3571 1866 Τοῦτον

292 1912 516 1982 gitatam
547 1908 754 1974 fuisse;
789 1916 954 1977 atque
1000 1922 1067 1961 ex
1101 1921 1170 1961 eo
1187 1907 1333 1960 coitu
1360 1905 1559 1960 Panem
1589 1906 1860 1962 exstitisse

1974 1904 2033 1959 δὲ
2061 1900 2445 1976 ὲθεοποίησαν·
2477 1898 2633 1969 οὗτος
2677 1906 2734 1959 δέ
2779 1908 2928 1960 ἐστιν
2961 1906 2991 1958 6
3026 1906 3144 1959 Πᾶν
3174 1907 3202 1959 6
3230 1902 3569 1976 τραγόπους.

291 2000 744 2069 divinitatemque
783 2012 814 2051 a
849 2005 1003 2067 patre
1048 2004 1408 2051 consecutum
1454 1995 1648 2051 fuisse.
1690 1996 1873 2066 Atque

293 2094 383 2148 hic
416 2094 502 2148 eet
530 2090 644 2145 Pan
684 2090 929 2144 hirci‘nos
964 2089 1133 2159 pedes
1173 2088 1405 2144 habens.

820 2182 910 2237 4|.
955 2181 1028 2236 De
1057 2180 1336 2237 Bulhwna.
2386 2194 2498 2257 μα’.
2540 2186 2679 2255 Περὶ
2702 2185 2810 2240 τοῦ
2837 2184 3154 2241 Βουθοίνα.

352 2268 662 2332 ’Βιιιιιαιηοε
714 2273 806 2328 hic
849 2271 1111 2329 Hercules
1147 2280 1265 2335 est,
1310 2272 1385 2325 ita
1433 2270 1505 2325 ob
1552 2271 1860 2341 huiusmodi

2055 2276 2117 2334 Ὀ
2144 2279 2422 2352 Ἡρακλῆς
2442 2281 2588 2332 ἐστιν
2607 2280 2636 2331 6
2659 2276 2992 2348 καλούμενος
3024 2274 3326 2346 βουθοὶνας·
3358 2271 3570 2343 ἐκλήθη

288 2383 514 2424 causam
556 2366 904 2436 appellatus:
935 2363 1070 2419 Cum
1118 2378 1217 2435 per
1258 2361 1533 2433 Dryopum
1584 2364 1860 2434 regionem

1973 2372 2031 2426 δὲ
2066 2372 2154 2427 διὰ
2178 2371 2439 2442 τοιαύτην
2465 2371 2675 2423 αἰτίαν·
2708 2369 2820 2441 Τὴν
2860 2366 3134 2440 Δρυόπιῖα
3168 2365 3274 2436 γῆν
3302 2364 3508 2438 παρῄει
3538 2365 3573 2418 6

290 2460 508 2534 Hyllum
539 2457 711 2512 filium
750 2471 910 2511 suum
947 2454 1195 2509 humeris
1241 2462 1465 2524 gestans
1502 2454 1606 2508 iter
1638 2453 1860 2518 faceret,

1984 2464 2279 2537 Ἡρακλῆς,
2336 2462 2620 2533 βαστάζων
2670 2460 2767 2514 καὶ
2817 2459 2910 2512 τὸν
2970 2459 3086 2512 υἱὸν
3129 2456 3294 2511 αὑτοῦ
3337 2456 3564 2509 ’Υλλονο

288 2564 354 2604 ac
382 2561 521 2620 puer
558 2547 703 2601 fame
738 2543 966 2600 affectus
995 2543 1178 2598 cibum
1215 2558 1246 2596 a
1293 2551 1448 2613 patre
1492 2551 1701 2614 peteret
1732 2558 1745 2595 :
1778 2544 1860 2599 ille

1972 2548 2091 2608 εἶτα
2120 2553 2509 2616 πεπεινακότος
2539 2550 2634 2606 τοῦ
2665 2550 2864 2604 ’Ὕλλου
2900 2549 2994 2602 καὶ
3026 2549 3303 2611 αἰτοῦντος
3331 2546 3566 2620 τροφὴν,

287 2639 581 2712 agricolam
621 2635 914 2707 quemdam
956 2643 1203 2688 arantem
1232 2633 1458 2689 nomine
1486 2631 1860 2688 Theodaman-

1972 2643 2309 2716 ἀροτριῶντά
2331 2658 2452 2697 τινα
2472 2642 2847 2713 Θειοδάμαντα
2874 2639 3018 2693 οὓτω
3048 2638 3341 2710 λεγόμενον
3360 2637 3565 2709 εὑρὼν,

288 2744 396 2787 tem
430 2729 658 2801 reperit,
687 2740 994 2799 panemque
1020 2725 1089 2779 ab
1114 2739 1180 2778 eo
1217 2725 1537 2794 postulavit.
1586 2724 1743 2791 Quod
1774 2726 1860 2780 ille

1972 2737 2172 2808 ᾔτησεν
2203 2736 2233 2788 6
2259 2734 2535 2807 Ἡρακλῆς
2563 2733 2757 2806 ἄρτον·
2782 2734 2812 2787 6
2844 2732 2900 2786 δὲ
2930 2732 2989 2785 οὐ
3021 2730 3272 2795 δέδωκεν,
3302 2728 3437 2782 ἀλλὰ
3467 2728 3569 2783 καὶ

285 2835 412 2877 cum
446 2836 553 2875 non
587 2818 751 2874 modo
781 2823 1116 2884 recusasset,
1163 2818 1259 2870 sed
1302 2814 1593 2871 Herculem
1647 2831 1860 2886 quoque

1972 2828 2214 2899 ὕϐρισεν.
2248 2828 2309 2879 ὐ
2329 2825 2385 2879 δὲ
2412 2824 2689 2897 Ἡρακλῆς
2728 2824 2829 2879 ἕνα
2866 2823 2975 2878 τῶν
3016 2820 3393 2894 ἀροτριῶντων
3422 2819 3568 2890 ﬁet?”

284 2913 701 2971 contumeliosis
730 2910 913 2966 verbis
953 2911 1255 2963 insectatus
1284 2906 1480 2965 fuisset
1521 2926 1536 2962 :
1573 2905 1860 2963 tum-Her-

1972 2918 2150 2973 λαϐὼν
2171 2917 2394 2987 ἔσφαξε,
2421 2918 2515 2971 καὶ
2540 2916 2792 2987 ὲθοινήθη
2817 2916 2911 2968 καὶ
2942 2914 3104 2978 αὐτὸς
3137 2914 3230 2967 καὶ
3262 2915 3290 2966 6
3316 2912 3432 2977 υἱὸς
3456 2913 3566 2966 αὺ-

284 3009 437 3063 cules
482 3007 677 3062 bovem
717 3018 885 3057 unum
918 3017 985 3056 ex
1025 3000 1113 3056 his
1157 3001 1248 3072 qui
1294 3002 1543 3066 arabant,
1579 3004 1860 3073 acceptum

1972 3009 2064 3063 τοῦ
2082 3009 2306 3073 ’Υλλος·
2329 3009 2425 3063 καὶ
2446 3007 2647 3079 ἐκλήθη
2670 3007 2759 3060 διὰ
2785 3005 2884 3078 τὴν
2912 3005 3090 3059 αἰτίαν
3118 3004 3321 3076 ταύτην
3349 3003 3568 3074 βουθοί-

278 3097 571 3170 jugulavit,
623 3110 688 3149 ac
726 3109 852 3149 cum
895 3093 1008 3148 fllio
1046 3094 1299 3163 epulatus
1342 3103 1448 3148 est.
1494 3092 1578 3149 οι)
1629 3110 1860 3166 eamque

1972 3120 2084 3168 νας,
2104 3101 2289 3174 ἐπειδὴ
2309 3101 2428 3155 ὅλον
2450 3099 2704 3171 ὲθοινήθη
2725 3097 2816 3152 τὸν
2841 3097 2968 3169 βοῦν
2983 3117 2996 3129 ·
3018 3096 3171 3150 ἔνθεν
3190 3095 3269 3167 τῷ
3299 3093 3568 3166 Ἠρακλεῖ

283 3205 505 3245 causam
535 3187 819 3243 Buthtrna:
865 3192 1286 3255 cognomentum
1335 3194 1529 3241 nactus
1574 3194 1679 3251 est,
1713 3186 1860 3257 quod

1972 3194 2188 3265 γέγονεν
2215 3197 2245 3248 6
2273 3194 2409 3266 πρὸς
2429 3193 2555 3257 τοὺς
2575 3191 2829 3264 Δρύοπας
2858 3190 3112 3262 πόλεμος.
3141 3189 3249 3243 Τοῦ
3276 3187 3386 3259 γὰρ
3413 3188 3566 3241 Θειο-

283 3291 457 3337 totqu
490 3281 684 3336 bovem
712 3294 823 3333 uno
850 3277 1013 3347 epulo
1041 3277 1394 3332 confecisset.
1451 3276 1592 3335 Hinc
1636 3277 1859 3335 Herculi

1972 3288 2234 3359 δάμαντος
2259 3285 2573 3350 ἀνελθόντος
2609 3285 2690 3348 εις
2717 3285 2815 3355 τὴν
2848 3282 3023 3346 πόλιν,
3060 3282 3153 3337 καὶ
3193 3280 3458 3343 εἰπόντος,
3478 3278 3563 3343 ὡς

282 3390 409 3429 cum
441 3372 747 3445 Dryopibus
780 3370 981 3426 bellum
1009 3368 1259 3440 contigit.
1291 3368 1427 3424 Nam
1450 3385 1577 3426 cum
1607 3370 1860 3428 Theoda-

282 3481 401 3522 nias
432 3464 501 3520 ad
527 3464 717 3519 urbem
743 3461 1110 3529 ascendisset,
1141 3473 1306 3533 atque
1348 3463 1610 3519 infestum
1644 3466 1858 3523 hostem

283 3558 338 3612 in
367 3556 644 3628 regionem
680 3555 982 3610 accessisse
1015 3554 1349 3621 nuntiasset,
1391 3554 1680 3612 Herculem
1710 3558 1861 3614 vide-

283 3651 410 3704 licet
439 3646 769 3718 intelligens,
790 3645 857 3698 ad
881 3659 1004 3699 eum
1028 3645 1449 3714 opprimendum
1471 3648 1677 3718 egressi
1707 3656 1858 3712 sunt,

278 3738 683 3809 commissoque
711 3736 899 3808 praelia
931 3750 1122 3792 omnes
1150 3736 1219 3792 ab
1251 3751 1318 3792 eo
1343 3739 1589 3808 superati
1611 3751 1760 3795 sunt.

781 3828 872 3882 42.
913 3828 993 3883 De
1021 3827 1345 3898 Trivespero.

353 3924 641 3980 Ilerculem
683 3923 862 3977 tribus
905 3921 1160 3977 noctibus
1200 3932 1526 3994 conceptum
1559 3925 1754 3991 fuisse,
1803 3936 1859 3983 et

277 4035 344 4072 cx
391 4023 644 4072 materno
681 4025 843 4071 utero
888 4014 1161 4070 decidisse
1194 4013 1422 4069 ferunt:
1452 4024 1619 4088 atque
1664 4019 1859 4088 hujus-

280 4108 429 4163 modi
466 4120 713 4177 quaequae
741 4120 899 4176 nugae
938 4119 1003 4159 ac
1034 4102 1233 4159 fabula:
1258 4104 1327 4160 de
1356 4120 1423 4160 eo
1456 4106 1860 4164 circumferun-

280 4207 386 4252 tur.
410 4196 765 4254 Consimilem
789 4210 1007 4266 quoque
1035 4197 1091 4249 in
1123 4194 1345 4248 modum
1372 4195 1526 4250 aiunt
1548 4212 1673 4252 eum
1697 4207 1859 4255 nocte

282 4306 389 4344 una
426 4303 553 4345 cum
583 4287 795 4343 Thestii
828 4286 1045 4342 filiabus
1074 4301 1189 4341 rem
1232 4285 1515 4351 habuisse,
1556 4302 1858 4362 omnesque

1967 3377 2232 3449 Πολέμιος
2276 3373 2438 3449 ἦλθεν
2482 3378 2564 3439 εἰς
2601 3375 2701 3446 τὴν
2750 3373 2937 3447 χώραν
2962 3372 3140 3446 ἡμῶν,
3179 3372 3400 3444 ἐξῆλθον
3433 3372 3561 3425 κατ’

1967 3469 2132 3523 αὐτοῦ
2179 3468 2228 3521 οἱ
2269 3466 2546 3540 Δρύοπες,
2600 3468 2696 3520 καὶ
2745 3466 2997 3536 νενίκηκε
3042 3466 3251 3526 πάντας
3292 3462 3490 3525 αὐτοὺς
3526 3461 3560 3514 6

1977 3558 2272 3631 Ἡρακλῆς,
2302 3559 2396 3612 καὶ
2424 3557 2695 3628 λαμϐάνει
2738 3557 3081 3629 αἰχμάλωτον
3121 3556 3214 3610 τὸν
3236 3553 3434 3608 ’Υλλον
3459 3551 3559 3607 τὸν

1967 3652 2082 3705 υἱδν
2111 3651 2208 3705 τοῦ
2237 3650 2652 3722 Θειοδάμαντος.

2334 3826 2442 3898 μβν.
2480 3828 2620 3896 Περὶ
2658 3827 2766 3881 τοῦ
2805 3825 3182 3896 Τριεσπέρου.

2036 3919 2267 3990 Λέγεται
2302 3922 2332 3974 6
2384 3919 2661 3992 Ἡρακλῆς
2714 3919 2802 3974 διὰ
2842 3921 3010 3993 τριῶν
3054 3920 3305 3992 ἑσπερῶν
3350 3920 3555 3994 συλληι

1965 4010 2167 4082 φθῆναι
2189 4011 2391 4081 ὁμοίως
2426 4011 2522 4065 καὶ
2549 4011 2833 4083 τεχθῆναι·
2866 4011 2960 4065 καὶ
3000 4013 3058 4065 ἐν
3093 4013 3191 4083 μιᾷ
3221 4012 3375 4066 νυκτὶ¹
3417 4029 3554 4067 πεν-

1962 4104 2196 4174 τήκοντα
2220 4105 2342 4164 ταῖς
2375 4101 2600 4155 Θεστίου
2629 4102 2930 4176 θυγατράσι
2962 4103 3208 4174 μιγῆναι,
3234 4103 3329 4156 καὶ
3361 4103 3558 4157 παιδο-

1965 4196 2187 4267 ποιῆσαι
2207 4194 2265 4263 ἐξ
2291 4195 2471 4249 αὐτῶν
2496 4195 2708 4259 πασῶν,
2735 4193 2875 4248 ὥστε
2891 4195 2985 4249 καὶ
3003 4193 3090 4248 διὰ
3113 4193 3284 4248 ταῦτα
3306 4194 3555 4267 θεοποιῆ-

1966 4306 2055 4342 σαι
2105 4288 2267 4343 αὐτὴν
2286 4328 2302 4354 ,
2351 4289 2446 4343 καὶ
2487 4287 2645 4342 τοῦτο
2689 4287 3135 4361 τρισκαιδέκατον
3183 4287 3347 4342 αὑτοῦ
3384 4284 3552 4343 ἆθλον

276 4398 344 4435 εχ
382 4396 448 4440 eo
481 4380 763 4453 peperisse
797 4396 811 4432 :
844 4377 982 4433 adeo
1026 4389 1084 4433 ut
1123 4377 1230 4432 hoc
1267 4394 1486 4449 quoque
1532 4386 1756 4443 nomine
1806 4388 1860 4445 in

1972 4379 2256 4452 ὀνομάσαι.

280 4472 511 4525 deorum
558 4474 850 4525 numerum
896 4467 1104 4521 relatus
1132 4464 1318 4534 fuerit,
1355 4478 1520 4539 atque
1554 4470 1659 4528 hoc
1684 4486 1862 4533 certa-

281 4575 402 4615 men
433 4555 706 4615 decimum
739 4558 963 4613 tertium
996 4557 1327 4627 appellatum
1368 4559 1463 4614 sit.

595 4670 684 4724 45.
720 4668 795 4724 De
826 4667 1075 4723 Idaliano
1100 4678 1150 4723 et
1184 4668 1550 4728 Tauricremo.

347 4761 620 4831 Quoniam
638 4759 892 4821 Julianus
915 4759 1180 4830 Apostata
1200 4761 1685 4831 praeclarissimum
1709 4768 1858 4825 Chri-

278 4859 588 4914 stianorum
621 4867 817 4913 nomen
845 4851 904 4905 in
932 4849 1188 4907 Galilaeos
1206 4859 1547 4911 commutare
1580 4870 1645 4913 ac
1676 4865 1859 4916 trans-

282 4947 425 5002 ferre
452 4944 743 5002 studuerat
774 4958 788 4994 :
826 4942 1034 5001 idcirco
1082 4956 1230 4999 nunc
1268 4957 1489 5015 quoque
1534 4943 1599 4999 D.
1649 4946 1857 5020 Grego-

281 5039 398 5093 rius
439 5053 567 5096 eum
602 5035 831 5092 irridere
863 5034 1002 5102 vult,
1050 5034 1237 5106 aitque
1268 5050 1281 5085 :
1316 5033 1470 5091 Licet
1511 5039 1672 5095 nobis
1719 5057 1857 5110 quo-

279 5145 387 5202 que
416 5127 697 5187 lulianum
746 5126 865 5188 suis
912 5125 1233 5183 nominibus
1265 5127 1562 5199 appellare,
1611 5144 1676 5184 ac
1710 5132 1856 5186 velut

279 5221 561 5277 coloribus
591 5219 708 5275 suis
739 5217 1053 5291 depingere.
1082 5215 1318 5275 Proinde
1346 5218 1448 5287 ipsi
1482 5233 1701 5291 quoque
1728 5236 1852 5277 eum

280 5312 585 5370 ldol'tanuttt
632 5312 1004 5371 nominemus,
1051 5318 1113 5362 ut
1159 5309 1430 5363 idolorum
1464 5310 1754 5378 cultorem,
1800 5323 1856 5369 et

280 5402 539 5470 Pisaeam,
590 5410 651 5459 ut
689 5400 879 5458 Jovem
918 5400 1058 5461 Pisa:
1102 5401 1395 5456 colentem.
1446 5399 1660 5471 Jupiter
1710 5404 1854 5461 enim

282 5494 446 5560 Pisae,
486 5510 612 5566 quae
650 5494 831 5555 Elidis
877 5491 1012 5550 urbs
1051 5500 1159 5557 est,
1212 5492 1515 5549 colebatur.
1576 5490 1855 5552 lulianum

284 5597 453 5652 ergo,
517 5585 731 5653 inquit,
800 5600 898 5654 par
943 5594 1028 5640 est
1088 5583 1319 5639 Pisamm
1382 5599 1612 5646 vocare,
1668 5599 1859 5654 quem-

290 5675 578 5730 admodum
640 5686 692 5731 et
748 5679 1017 5732 Adonium
1071 5684 1293 5747 propter
1347 5674 1664 5737 Adonidem.
1721 5672 1856 5729 Nam

2047 4666 2157 4738 μγ’.
2186 4667 2326 4736 Περὶ
2359 4666 2466 4721 τοῦ
2486 4667 2850 4723 Ειδωλιανοῦ
2884 4669 2983 4723 καὶ
3007 4672 3448 4740 Καυσιταύρου.

2040 4778 2256 4849 Ἐπειδὴ
2296 4780 2325 4833 ὁ
2370 4777 2697 4850 Παρασάτης
2734 4779 2797 4835 τὸ
2824 4779 2935 4836 τῶν
2971 4780 3316 4857 ξίριστιανῶν
3355 4782 3548 4836 κάλλι-

1957 4886 2079 4924 στον
2120 4869 2326 4940 ὄνομα,
2371 4871 2452 4934 εἰς
2495 4868 2812 4933 Γαλιλαίους
2859 4871 3172 4942 μεταθεῖναι
3215 4871 3545 4940 ἐσπούδαζε,

1952 4960 2049 5016 νῦν
2078 4962 2326 5033 βούλεται
2360 4964 2388 5016 6
2415 4964 2557 5027 θεῖος
2592 4963 2893 5037 Γρηγόριος
2926 4964 3206 5032 διαπαίξαι
3237 4966 3420 5031 αὑτὸν,
3446 4969 3548 5021 καὶ

1953 5054 2148 5118 εἰπεῖν,
2173 5054 2255 5107 ὅτι
2296 5053 2448 5118 Ἑξδν
2491 5055 2587 5110 καὶ
2621 5057 2756 5126 ἡμῖν
2796 5056 2885 5110 τὸν
2918 5056 3202 5112 Ἰουλιανδν
3245 5058 3431 5113 καλεῖν
3475 5060 3546 5113 ὲκ

1951 5142 2061 5198 τῶν
2105 5146 2235 5217 περὶ
2271 5145 2435 5200 αὐτὸν
2483 5145 2782 5217 ὀνομάτων.
2836 5150 3007 5220 Φησὶν
3044 5146 3169 5204 οὖν·
3202 5150 3544 5221 Καλέσωμεν

1953 5233 2117 5286 αὑτὸν
2157 5233 2252 5287 καὶ
2286 5235 2450 5305 ἡμεῖς
2482 5233 2824 5302 Εἰδωλιανὺν,
2872 5236 2949 5300 ὡς
2983 5236 3394 5311 εἰδωλολάτρην,
3442 5240 3544 5293 καὶ

1953 5326 2196 5387 Πισαῖον,
2232 5322 2309 5388 ὡς
2343 5323 2434 5379 τὸν
2475 5325 2532 5378 ὲν
2561 5326 2706 5399 Πίσῃ
2754 5328 2854 5381 Δία
2895 5328 3172 5398 τιμῶντα·
3217 5330 3354 5393 Ζεὺς
3384 5329 3444 5383 δὲ
3477 5332 3541 5384 ὲν

1952 5413 2094 5484 Πίσῃ
2146 5414 2213 5483 τῇ
2265 5412 2418 5467 πόλει
2471 5415 2728 5485 ἐτιμᾶτο·
2779 5416 2922 5471 Πίσα
2958 5416 3039 5483 δὲ,
3081 5416 3236 5482 πόλις
3274 5417 3391 5471 ἐστὶ
3432 5414 3540 5489 τῆς

1955 5498 2195 5563 Ἤλιδος.
2239 5500 2354 5555 Καὶ
2396 5501 2683 5558 Ἀδωναῖον
2736 5503 2825 5559 διὰ
2873 5503 2962 5557 τὸν
3008 5504 3255 5558 Ἀδωνιν.
3299 5504 3541 5572 Λέγεται

1950 5592 2006 5644 δὲ
2040 5591 2369 5662 σεϐασθῆναι
2415 5593 2507 5647 τὸν
2537 5595 2766 5649 ’Ἄδωνιν
2808 5598 2836 5649 ὁ
2867 5595 3181 5660 Ἰουλιανός·
3226 5589 3379 5659 οὗτος
3416 5595 3475 5651 δὲ
3510 5600 3544 5652 6

1954 5680 2184 5745 Ἄδωνις
2210 5680 2438 5754 ’ἠράσθη
2489 5683 2593 5737 ὑπὸ
2614 5683 2715 5755 τῆς
2751 5684 3069 5756 ’Δφροδιτης
3117 5684 3401 5757 ἄνθρωπος
3433 5684 3540 5754 ὢν,
