3856 6220
322 280 467 338 {0.‘9

1181 282 1271 341 AD
1300 285 1361 343 s.
1399 283 1734 342 cuacouu
1778 263 1987 343 om.
2025 286 2044 343 i
2080 286 2360 345 CONTRA
2391 291 2761 353 .IULlANUM.

3468 293 3603 355 1010

314 396 587 472 ἑφονεΰθη
626 399 685 454 δὲ
733 399 840 453 ὑπὸ
885 399 982 454 τοῦ
1028 402 1263 478 Ἄρεως,
1288 402 1376 457 διὰ
1407 404 1469 458 τὸ
1510 406 1909 477 άντερασθῆναι
1937 424 1955 473 Α

2039 406 2318 464 ιάοηίιιοιη
2353 424 2575 481 quoque
2607 423 2821 466 summa
2854 408 3123 481 religione
3152 425 3184 465 a
3223 408 3444 469 Juliano
3485 410 3603 463 cul-

314 491 417 545 τὸν
438 490 613 563 Ἄρεα
635 491 735 563 τῆς
768 491 1107 564 ’Δφροδίτης.
1141 494 1524 567 Καυσίταυρον
1551 496 1609 550 δὲ
1629 495 1729 559 δεῖ,
1751 496 1906 565 φησὶ,

312 582 506 638 καλεῖν
536 582 628 636 τὸν
663 582 1061 648 Ἰουλιανὸν,διά
1092 585 1153 639 τὸ
1187 587 1425 658 ταύρους
1452 587 1778 660 ὁλοκλήρους
1814 588 1906 642 θυ-

314 674 529 740 σιάζειν
561 676 656 730 καὶ
694 676 1016 731 κατακαίειν
1046 679 1162 742 τοῖς
1191 677 1333 743 θεοῖς
1370 679 1558 735 αὑτοῦ.

2014 505 2132 551 tum
2178 497 2353 556 fuisse
2396 515 2644 557 narrant.
2700 500 2859 556 Huiic
2892 516 3059 572 porro
3090 499 3397 556 Adonidem
3431 516 3461 554 a
3494 497 3603 555 Ve-

2017 604 2150 646 nere
2187 591 2530 658 adamatum,
2562 603 2728 665 atque
2754 608 2785 648 a
2818 591 3016 658 Marte,
3042 592 3136 663 qui
3174 591 3350 663 ipsius
3385 604 3605 661 quoque

2018 679 2245 740 Veneris
2283 700 2471 741 amore
2497 684 2785 757 ﬂagrabat,
2824 685 3211 755 interemptum
3243 682 3417 738 fuisse
3447 681 3596 735 fabu-

312 754 526 827 lantur.
579 770 996 829 Tauricremum
1040 773 1282 847 denique
1323 775 1605 832 Iulianum
1664 774 1942 848 appellare
1978 781 2271 849 convenit,
2319 790 2380 837 ut
2426 754 2593 839 totosv
2611 782 2780 837 boves
2822 779 2931 837 diis
2974 754 3091 836 suis
3128 779 3505 834 immolantem
3551 789 3605 834 et

313 863 521 919 combu
530 873 765 920 rentem.

460 958 559 1028 μδ.
593 959 733 1028 Περὶ
770 957 879 1029 τῆς
917 958 1231 1030 Κερδιαῆς
1258 962 1358 1015 καὶ
1395 962 1503 1017 τοῦ
1523 964 1779 1031 Μίνωος.
1870 1034 1880 1046 ¹

394 1051 587 1123 Κερδὼ
635 1052 880 1106 καλεῖται
924 1054 959 1125 ἡ
993 1052 1252 1124 ἀλώπηξο
1298 1053 1450 1108 ἔνθεν
1497 1056 1593 1109 καὶ
1641 1055 1910 1128 κερδαλῆ,

2491 962 2583 1018 44.
2623 961 2701 1016 De
2719 961 2937 1031 vulpina
2960 958 3116 1029 pelle.

2080 1051 2287 1124 Κερδώ
2320 1053 2496 1123 vulpes
2537 1060 2768 1109 vocatur
2800 1069 2815 1107 :
2854 1052 3001 1107 unde
3024 1058 3079 1106 et
3104 1047 3362 1122 κερδαλῆ,
3398 1048 3603 1102 malitia

316 1143 363 1214 ἡ
386 1142 623 1215 πονηρία
651 1144 746 1198 καὶ
786 1145 821 1215 ἡ
861 1144 1031 1199 κακία
1068 1145 1165 1199 καὶ
1216 1147 1249 1216 ή
1283 1144 1558 1218 ὣλιὸτηςο
1602 1147 1776 1202 δόλιον
1804 1147 1914 1218 γὰρ

2045 1155 2177 1216 tque
2210 1144 2538 1214 improbitas
2560 1151 2615 1199 et
2636 1143 3034 1198 fraudulentia.
3083 1139 3379 1196 Versutum
3401 1139 3605 1208 quippe

315 1236 425 1289 καὶ
461 1235 838 1303 παγκάκιστον
874 1236 969 1289 καὶ
998 1236 1236 1306 πονηρὸν
1266 1236 1328 1289 τὸ
1356 1234 1495 1300 ζῶον
1522 1235 1679 1291 τοῦτο
1706 1237 1739 1309 ή
1774 1236 1913 1291 ἁλώ-

2044 1244 2097 1292 st
2125 1235 2231 1290 boc
2273 1236 2500 1301 animal,
2544 1235 2812 1306 mirasque
2858 1233 3085 1289 malitia
3114 1239 3171 1288 et
3200 1231 3603 1304 perversitatis.

314 1328 458 1398 πηξ.
497 1327 559 1384 ’0
584 1328 642 1382 δὲ
673 1329 858 1392 Μίνως
889 1327 1093 1392 δίκαιος
1121 1328 1407 1401 ἄνθρωπος
1435 1329 1715 1402 ἐνομίζετο
1748 1326 1912 1392 εἶναι,

316 1420 405 1484 ὡς
456 1419 570 1484 υίὸς
618 1419 712 1473 τοῦ
747 1420 890 1484 Διός.
928 1422 994 1474 Ὅ
1036 1416 1130 1475 οὖν
1174 1419 1324 1490 λέγει
1362 1422 1391 1474 ὁ
1435 1422 1579 1486 θεῖος
1623 1422 1924 1494 Γρηγόριος

318 1511 485 1565 τοῦτὸ
532 1513 714 1565 ἐστιν’
759 1512 841 1565 ὃτι
887 1513 916 1564 ὁ
950 1512 1234 1574 Ἰουλιανὸς
1272 1512 1369 1583 τὴν
1414 1512 1610 1569 ἑαυτοῦ
1655 1513 1926 1581 παγκάκι-

322 1620 457 1656 στον
508 1604 774 1675 πονηρίαν
818 1603 886 1658 δι’
943 1603 1280 1659 ὲπιπλάστου
1341 1603 1506 1678 ἤθους
1550 1604 1923 1676 ἀπέκρυπτεν,

320 1694 514 1759 ἄδικος
542 1692 618 1748 ὢν
643 1697 703 1748 ἐν
736 1693 931 1766 δικαίῳ
963 1694 1339 1766 προσχήματι.

399 1878 508 1941 με’.
546 1868 687 1940 Περὶ
720 1869 827 1924 τοῦ
860 1867 1266 1938 Μελάμποδος
1292 1867 1392 1923 καί
1420 1867 1526 1922 τοῦ
1556 1864 1857 1935 Πρωτέως.

415 1965 474 2016 '0
504 1964 764 2034 Πρωτεὺς
800 1957 954 2025 οὗτός
984 1962 1133 2014 ἐστιν
1180 1959 1211 2011 ὀ
1261 1959 1364 2030 τῆς
1413 1958 1657 2031 Θρᾴκης,
1690 1950 1752 2014 οὗ
1796 1957 1925 2021 τοὺς

320 2058 484 2120 υἱοὺς
506 2056 825 2111 ἀπέκτεινεν
851 2057 881 2108 ὁ
924 2053 1220 2126 Ἡρακλῆς.
1254 2047 1423 2115 Οὗτος
1467 2046 1560 2106 οὗν
1592 2052 1687 2105 καὶ
1730 2049 1924 2121 μάντις

324 2145 423 2219 ἦν.
477 2149 570 2201 καὶ
614 2147 907 2218 γενόμενος
951 2144 1162 2209 ἐνάλιος
1207 2143 1441 2215 δαίμων,
1488 2142 1583 2198 καὶ
1625 2141 1789 2196 οἰκῶν
1824 2140 1927 2213 τὴν

326 2241 544 2309 Φάρον·
584 2239 666 2293 διὸ
709 2238 804 2292 καὶ
831 2237 1100 2309 Πρωτέως
1135 2235 1298 2306 νῆσος
1344 2236 1378 2306 ή
1419 2234 1595 2305 Φάρος
1639 2232 1921 2303 ἐκέκλητο.

331 2334 458 2386 Ἵνα
497 2331 572 2403 μὴ
622 2326 715 2385 οὖν
748 2330 967 2400 αἰτῆται
1001 2328 1261 2399 μαντείας
1310 2326 1406 2381 καί
1447 2322 1784 2394 προγνώσεις
1836 2321 1927 2375 διὰ

326 2427 463 2487 τοὺς
492 2423 886 2495 πλησιάζοντας
1108 2420 1204 2492 τὴν
1474 2417 1696 2488 δκλησιν
1729 2416 1803 2487 μὴ
1832 2414 1929 2485 φέ-

332 2533 471 2588 ρων,
502 2515 848 2585 μετεμὸρφου
888 2514 1080 2568 ἑαυτὸν
1123 2512 1323 2584 μαγείᾳ
1355 2511 1481 2575 τινὶ,
1512 2510 1606 2563 καὶ
1649 2509 1928 2576 ἄγνωστον

329 2607 531 2665 ἑαυτὸν
555 2607 727 2661 ἐποίει
756 2610 867 2669 τοῖς
890 2605 1028 2677 πρὸς
1049 2605 1212 2658 αὑτὸν
1244 2601 1655 2674 πλησιάζουσιν.
1693 2598 1925 2670 Ὁμοίως

328 2700 394 2754 δὲ
428 2698 524 2752 καὶ
550 2700 579 2752 ὁ
605 2698 941 2767 Μελάμπους
988 2695 1181 2767 μάντις
1218 2691 1286 2768 ἦν
1315 2695 1410 2749 καὶ
1449 2692 1790 2765 ἱεροφάντης.
1826 2685 1928 2745 Οὗ-

330 2807 429 2854 τος
459 2789 684 2860 ἐξέφηνε
713 2788 782 2842 τὰ
813 2790 873 2842 ὲν
904 2787 1166 2858 Αἰγύπτῳ
1194 2787 1314 2857 ίερά
1342 2788 1455 2850 τοῖς
1477 2784 1757 2855 Ἕλλησιν,
1785 2783 1929 2855 άπερ

334 2884 684 2952 ἐμιμήσαντο
723 2881 773 2933 οἱ
805 2879 1085 2952 Ἕλληνες.
1136 2879 1244 2933 Καὶ
1288 2870 1443 2941 οὗτος
1497 2877 1556 2931 δὲ
1600 2876 1708 2930 τῶν
1765 2893 1931 2947 μετα-

340 2972 738 3044 μορφουμένων
768 2967 859 3043 ἦν,
887 2971 965 3036 ὡς
1004 2972 1098 3024 καὶ
1126 2969 1290 3033 αὐτὸς
1330 2969 1406 3024 ὢν
1455 2969 1821 3041 μαντομάγος.
1865 2968 1928 3020 υί

334 3068 457 3139 γάρ
485 3064 712 3119 τοιοῦτοι
737 3063 1015 3136 ἄνθρωποι
1041 3058 1186 3133 εἶχον
1213 3061 1372 3130 φύσει
1404 3060 1660 3131 τοιαύτην
1701 3059 1928 3129 δύναμιν
1956 3088 2001 3151 c

338 3156 633 3228 πάρεδρον,
677 3155 820 3209 ὥστε
863 3152 1343 3226 μεταμορφοῦσθαι
1386 3154 1465 3215 είς
1506 3152 1535 3205 ὂ
1578 3152 1644 3206 ἂν
1679 3151 1929 3214 θέλωσιν,

336 3247 488 3300 ὥστε
517 3245 593 3317 μὴ
620 3243 981 3313 γινώσκεσθαι
1025 3240 1179 3311 παρὰ
1206 3241 1314 3294 τῶν
1343 3242 1480 3312 πρὸς
1518 3241 1715 3303 αὐτοὺς
1756 3240 1932 3295 διαλε-

340 3333 616 3407 γομένων.

653 3515 770 3580 μς’.
805 3506 949 3575 Περὶ
982 3505 1086 3561 τοῦ
1117 3505 1399 3560 Αἰτναίου
1423 3506 1631 3574 πυρός.

420 3599 638 3655 Σικελία
663 3598 824 3671 νῆσός
849 3602 966 3653 ἐστι
1007 3598 1260 3670 μεγίστη,
1286 3597 1597 3668 διακειμένη
1632 3598 1758 3668 περὶ
1796 3597 1933 3650 ἰτα-

343 3695 490 3749 λίαν.
516 3693 605 3748 Ἐν
632 3692 807 3765 ταύτῃ
833 3691 951 3748 ἐστὶ
977 3690 1149 3754 πόλις,
1180 3688 1399 3758 Κατάνη
1432 3687 1577 3742 οὕτω
1605 3688 1930 3759 καλουμένη·

344 3787 606 3859 ὑπεράνω
632 3786 689 3839 δὲ
719 3785 821 3855 τῆς
853 3784 1107 3854 Κατάνης
1137 3782 1285 3834 ἐστὶν
1328 3780 1472 3852 ὅρος,
1508 3779 1570 3846 ἐξ
1604 3774 1667 3834 οὗ
1692 3780 1933 3835 ἀναδίδο-

344 3900 438 3935 ται
482 3880 597 3952 πῦρ
633 3877 771 3933 πολύ
806 3893 867 3930 τε
897 3876 989 3930 καὶ
1011 3873 1275 3945 διηνεκές.
1316 3873 1576 3928 Καλεῖται
1620 3873 1677 3927 δὲ
1716 3874 1776 3927 τὺ
1812 3873 1935 3944 ὄρος

349 3974 519 4045 Αἴτνη
543 3989 559 4006 ο
600 3972 890 4026 καλοῦνται
939 3967 996 4021 δὲ
1042 3968 1138 4022 καὶ
1179 3968 1235 4019 οἱ
1283 3965 1390 4021 τοῦ
1430 3965 1756 4045 Ἡφαίστου
1791 3983 1935 4035 κρα-

354 4066 553 4137 τῆρες.
599 4060 769 4117 Τοῦτο
813 4061 870 4117 δὲ
912 4059 974 4114 τδ
1008 4059 1118 4131 πῦρ
1162 4057 1306 4112 ἐστιν
1354 4059 1442 4112 ὅτε
1473 4056 1725 4112 τοσοῦτον
1751 4044 1939 4131 ’ὕπερ-

354 4157 566 4222 ϐλύζει,
596 4155 737 4210 ὥστε
777 4154 872 4208 καί⁸
915 4150 1226 4224 ποταμηδὸν
1264 4140 1545 4223 φέρεσθαι,
1584 4152 1679 4203 καὶ
1720 4152 1835 4223 ῥεῖν
1862 4151 1937 4216 ὼς

1951 1759 1999 1816 Β

2018 1330 2090 1382 At
2120 1343 2250 1384 vero
2281 1327 2461 1384 Minos
2498 1329 2685 1398 justus
2718 1336 2774 1384 et
2819 1329 3031 1398 integer
3081 1326 3245 1381 homo
3274 1323 3601 1380 habebatur.

2021 1427 2082 1473 ut
2113 1417 2269 1475 Jovis
2299 1418 2467 1475 ﬂlius.
2506 1418 2665 1475 Hunc
2689 1427 2872 1474 autem
2907 1430 3131 1474 sensum
3156 1412 3604 1484 Gregorii'vcrba

2021 1511 2266 1567 habent:
2324 1512 2481 1579 Quod
2527 1511 2781 1569 Julianus
2834 1513 3171 1583 singularem
3221 1520 3376 1565 suam
3434 1506 3602 1561 animi

2021 1602 2437 1675 perversitatem
2484 1606 2845 1662 humanitatis
2890 1605 3182 1674 cujusdam
3210 1609 3267 1659 et
3301 1600 3606 1656 clementia:

2023 1694 2176 1748 larva
2204 1696 2552 1767 contegebat,
2585 1709 2649 1751 ac
2682 1697 2787 1752 sub
2811 1697 3042 1768 iustitia:
3069 1694 3254 1765 specie
3285 1691 3526 1762 iniustus
3551 1697 3608 1745 et

2025 1787 2330 1843 sceleratus
2358 1797 2500 1844 erat.

2402 1882 2494 1936 45.
2538 1879 2613 1934 De
2634 1878 2827 1932 Proteo
2852 1887 2904 1934 et
2931 1876 3216 1946 Melampu.

2098 1972 2326 2029 Proteus
2373 1973 2463 2028 bic
2502 1971 2691 2027 Thrax
2736 1976 2875 2034 erat,
2932 1968 3094 2037 cujus
3145 1966 3290 2047 filios
3342 1964 3610 2027 Hercules

2024 2065 2400 2120 obtruncavit.
2449 2063 2551 2119 Hic
2602 2059 2943 2117 vaticinandi
2992 2071 3111 2114 arte
3169 2057 3490 2129 praestabat,
3544 2074 3611 2112 ac

2024 2158 2280 2214 marinus
2342 2158 2481 2213 deus
2521 2154 2753 2211 eﬂectus
2801 2161 2909 2217 est,
2959 2150 3311 2221 Pharumque
3357 2150 3608 2207 incoluit.

2026 2240 2182 2303 Unde
2214 2258 2269 2302 et
2302 2245 2484 2300 Protei
2519 2246 2700 2300 insula
2726 2243 2942 2299 Pharus
2971 2249 3163 2297 vocata
3194 2249 3300 2297 est.
3330 2238 3467 2296 Cum
3507 2256 3607 2293 an-

2027 2347 2134 2393 tem
2175 2338 2337 2393 multi
2380 2347 2602 2407 propter
2635 2336 2809 2407 ipsius
2838 2335 3257 2391 vaticinationes
3288 2334 3354 2389 ad
3385 2348 3509 2388 eum
3552 2348 3613 2387 se

2027 2429 2364 2491 conferrent,
2401 2429 2597 2483 borum
2633 2427 3081 2484 obturbationem
3124 2436 3289 2494 atque
3337 2420 3606 2493 importu-

2026 2521 2253 2576 nitatem
2284 2533 2429 2591 aegre
2467 2514 2674 2583 ferens,
2709 2526 2826 2573 arte
2858 2517 3098 2587 quadam
3123 2515 3333 2586 magica
3358 2514 3415 2569 in
3443 2514 3606 2568 aliam

2029 2614 2298 2683 aliamque
2338 2611 2576 2667 Subinde
2611 2610 2844 2665 fortnam
2888 2625 3011 2665 sese
3058 2606 3482 2670 transmutabat,
3527 2611 3612 2659 at-

2028 2721 2138 2775 que
2197 2705 2272 2759 ita
2333 2702 2419 2758 sui
2467 2708 2818 2773 prospectum
2867 2699 3259 2756 accedentibus
3308 2697 3606 2752 adimebat.

2031 2793 2234 2855 Eodem
2263 2806 2484 2863 quoque
2534 2789 2699 2845 modo
2741 2789 3045 2859 Melampus
3083 2796 3240 2843 vates
3277 2795 3397 2842 erat
3427 2784 3611 2840 hiero—

2029 2884 2286 2955 pbantes,
2336 2882 2431 2953 qui
2476 2878 2861 2951 Egyptiorum
2903 2892 3064 2934 sacra
3093 2876 3300 2932 Graecis
3332 2875 3608 2947 patefecit.

2029 2972 2359 3045 eaque,,ipsi
2412 2977 2599 3040 postea
2654 2968 2853 3023 imitati
2918 2977 3068 3024 sunt.
3134 2965 3236 3022 Hic
3276 2965 3446 3022 etiam
3491 2979 3613 3021 sese

2033 3061 2267 3119 subinde
2296 3058 2749 3123 transformabat,
2782 3066 2844 3113 ut
2871 3066 3026 3114 vates
3052 3057 3349 3128 magiaque
3378 3054 3608 3126 peritus.

2035 3150 2362 3223 llujusmodi
2393 3152 2594 3222 quippe
2641 3149 2893 3205 homines
2931 3164 3051 3205 eam
3096 3148 3409 3204 facultatem
3447 3148 3613 3203 habe-

2034 3246 2188 3306 bant,
2229 3254 2289 3298 ut
2331 3256 2722 3313 quamcunque
2746 3241 2949 3296 vellent
2983 3239 3215 3295 formam
3247 3248 3635 3315 assumeretur,

2034 3353 2103 3391 ne
2138 3337 2208 3392 ab
2236 3336 2347 3399 bis,
2371 3336 2465 3406 qui
2492 3349 2591 3390 eos
2615 3332 3059 3404 alloquebantur,
3086 3331 3198 3386 ullo
3223 3330 3384 3386 modo
3407 3342 3615 3402 cogno—

2035 3427 2114 3482 sci
2149 3433 2393 3497 possent.

2536 3516 2628 3570 46.
2665 3514 2745 3569 De
2766 3512 2981 3568 Αῑιιιωο
3011 3514 3149 3584 igne.

2107 3608 2296 3666 Sicilia
2331 3609 2568 3663 maxima
2610 3613 2695 3663 est
2730 3607 2915 3662 insula
2951 3605 3102 3663 circa
3139 3603 3349 3663 Italiam
3384 3605 3514 3660 sita.
3556 3603 3615 3657 in

2035 3719 2100 3757 ea
2145 3702 2278 3755 urbs
2327 3709 2413 3756 est
2454 3699 2664 3753 Gaiana
2715 3698 2939 3753 nomine
2971 3715 2985 3751 :
3021 3696 3091 3751 ad
3138 3696 3304 3765 cujus
3354 3695 3617 3752 verticem

2037 3810 2194 3850 mons
2227 3801 2335 3856 est,
2361 3808 2427 3847 ex
2450 3806 2562 3861 quo
2589 3792 2851 3860 cOpiosus
2866 3805 2928 3845 ac
2946 3798 3245 3861 perpetuus
3269 3788 3411 3862 ignis
3435 3801 3621 3841 erum-

2038 3888 2137 3958 pit.
2163 3883 2263 3941 Hic
2302 3900 2459 3940 mons
2491 3882 2656 3938 )Etna
2698 3890 2948 3948 vocatur,
2984 3890 3151 3951 atque
3183 3882 3349 3937 etiam
3393 3876 3615 3933 Vulcani

2038 3986 2303 4035 crateres.
2336 3976 2667 4047 Huiusmodi
2693 3990 2859 4047 porro
2880 3975 3024 4044 ignis
3047 3976 3189 4031 adeo
3218 3988 3615 4044 nonnunquam

2038 4073 2298 4135 exundat,
2336 4079 2396 4126 ut
2429 4070 2674 4128 ﬂuminis
2701 4082 2854 4124 more
2883 4066 3109 4132 feratur,
3139 4075 3304 4138 atque
3338 4054 3465 4121 cum
3497 4081 3616 4119 ma-

2040 4167 2176 4222 teria
2220 4165 2310 4219 illa
2341 4163 2520 4233 ignea,
2556 4176 2679 4233 quae
2725 4175 2945 4216 sursum
2988 4160 3208 4224 emicat,
3249 4159 3427 4214 instar
3463 4173 3621 4227 aqua:

349 4250 503 4323 ὕδωρ
532 4250 670 4322 μετὰ
695 4250 793 4320 τῆς
818 4248 1202 4320 άναδιδομένης
1234 4245 1513 4318 πυρώδους
1536 4245 1698 4317 ὕλης·
1735 4246 1848 4300 ἐστι
1881 4247 1938 4299 δὲ

2041 4259 2192 4312 ﬂuat.
2231 4257 2308 4310 Ac
2354 4253 2547 4325 procul
2582 4253 2751 4307 dubio
2788 4250 3012 4308 divinus
3042 4260 3128 4306 est
3162 4250 3326 4320 ignis.
3377 4247 3619 4318 Fingunt

352 4346 453 4401 καὶ
472 4344 614 4397 θεῖόν
655 4359 709 4395 τι
745 4341 809 4394 τὸ
837 4340 949 4412 πῦρ
968 4338 1145 4394 τοῦτο.
1178 4338 1412 4406 Λέγεται
1446 4337 1504 4391 δὲ
1543 4339 1625 4390 ὃτι
1651 4338 1838 4408 πατήρ
1857 4355 1939 4401 τις

2045 4359 2253 4421 patrem
2281 4346 2572 4417 quemdam
2607 4359 2733 4399 cum
2768 4344 2880 4397 lilio
2913 4357 3015 4398 suo
3058 4343 3113 4396 in
3158 4343 3262 4397 hoc
3304 4349 3490 4395 monte
3533 4341 3621 4395 in~

361 4437 481 4509 μεθ’
522 4434 641 4490 υίοῦ
665 4433 861 4505 εὑρέθη
889 4435 948 4487 έν
974 4432 1055 4502 τῷ
1085 4430 1203 4501 ὄρει
1226 4429 1423 4501 τούτῳ,
1448 4428 1545 4484 καὶ
1584 4429 1739 4500 ἄφνω
1766 4430 1937 4503 ἐρρύη

2050 4451 2268 4495 ventum
2312 4436 2505 4498 fuisse,
2556 4442 2723 4505 atque
2767 4432 2946 4503 ignem
2999 4440 3225 4503 repente
3272 4428 3515 4485 ﬂuminis
3561 4430 3621 4483 in

357 4527 676 4599 ποταμηδὸν
713 4526 776 4579 τὸ
828 4525 940 4596 πῦρ
959 4564 973 4587 ,
1018 4524 1114 4577 καὶ
1165 4522 1368 4593 ἄπορον
1417 4522 1600 4585 αὐτοῖς
1641 4521 1830 4591 γέγονε
1881 4520 1944 4574 τὸ

2039 4546 2242 4587 morem
2276 4526 2624 4599 proﬂuxisse,
2649 4525 3047 4594 transitumque
3064 4523 3197 4593 ipsis
3220 4520 3619 4581 interclusisse.

358 4619 677 4694 παρελθεῖν.
704 4618 763 4672 ’0
790 4616 847 4670 δὲ
879 4618 1007 4679 παῖς
1043 4612 1200 4668 ἔλαϐε
1243 4612 1335 4666 τὸν
1379 4611 1577 4667 ἑαυτοῦ
1607 4612 1820 4684 πατέρα
1849 4613 1944 4667 καὶ

2039 4639 2104 4679 ac
2157 4629 2276 4677 tum
2325 4619 2493 4674 filium
2543 4619 2660 4673 suis
2721 4615 2965 4671 humeris
3014 4613 3292 4670 sublatum
3340 4619 3617 4683 parentem

357 4710 661 4766 ἐϐάστασε·
714 4707 809 4761 καὶ
838 4703 1169 4777 ἐρυθριάσειν
1203 4702 1264 4755 τὸ
1306 4702 1418 4774 πῦρ
1467 4703 1565 4775 τὴν
1611 4699 1809 4775 πρᾶξιν
1847 4701 1943 4755 τοῦ

2039 4723 2308 4786 gestasse,
2344 4725 2520 4779 eoque
2547 4709 2795 4764 facinore
2824 4708 3004 4778 ignem
3034 4706 3182 4762 velut
3213 4713 3521 4776 permotum
3557 4719 3621 4754 ac

359 4800 505 4865 υἱοῦ,
539 4797 779 4867 ἀνεκόπη
815 4796 919 4866 τῆς
947 4792 1219 4867 ἐπιρροῆς
1239 4807 1254 4824 ο
1293 4793 1389 4848 καὶ
1432 4793 1709 4866 παρῆλθεν
1750 4797 1780 4847 ὁ
1818 4795 1945 4857 παῖς

356 4895 460 4949 καὶ
491 4894 520 4945 ὁ
542 4888 728 4962 πατὴρ
748 4887 1027 4952 ἀϐλαϐεῖς.

476 4983 583 5055 μζθ.
621 4982 762 5049 Περὶ
788 4976 897 5049 τῆς
930 4981 1002 5034 ἐν
1030 4980 1111 5046 τῷ
1136 4982 1331 5049 Μιθρᾳ
1355 4977 1664 5044 κολάσεως
1696 4977 1798 5048 (Ι).

438 5077 551 5129 Τὸν
593 5075 814 5143 Μίθραν
855 5072 1140 5144 νομίζωσι
1178 5074 1386 5144 Πέρσαι
1428 5072 1522 5124 τὸν
1562 5068 1715 5140 ἥλιον
1764 5066 1905 5128 εἶναι
1932 5087 1949 5104 ο

363 5168 464 5221 καὶ
494 5164 668 5235 τούτῳ
698 5163 887 5220 θύουσι
911 5163 1111 5228 πολλὰς
1136 5160 1351 5227 θυσίας,
1377 5161 1473 5216 καὶ
1494 5158 1778 5214 τελοῦνταί
1798 5178 1952 5225 τινας

365 5262 450 5323 είς
478 5259 643 5313 αὑτὸν
671 5256 916 5320 τελετάς.
964 5256 1154 5322 Οὐδεὶς
1190 5256 1249 5310 δὲ
1289 5255 1513 5310 δύναται
1544 5252 1818 5307 τελεῖσθαι
1849 5255 1950 5318 τὰς

365 5348 463 5404 τοῦ
489 5346 701 5418 Μίθρου
724 5347 968 5411 τελετάς,
1000 5348 1049 5400 εἰ
1079 5346 1153 5419 μὴ
1187 5346 1274 5419 διὰ
1309 5343 1499 5401 πασῶν
1526 5342 1636 5395 τῶν
1674 5344 1950 5398 κολάσεων

373 5436 667 5511 παρέλθοι,
696 5437 792 5490 καὶ
835 5433 999 5500 δείξει
1030 5418 1222 5490 ἑαυτὸν
1258 5418 1452 5503 ⁸ἀπαθῆ
1488 5449 1610 5485 τινα
1636 5433 1732 5485 καὶ
1779 5432 1947 5486 ὅσιον.

368 5531 637 5598 Δέγονται
683 5526 742 5581 δὲ
799 5526 1130 5598 ὀγδοήκοντα
1173 5522 1315 5580 εἶναι
1365 5524 1637 5586 κολάσεις,
1689 5521 1755 5586 ἃς
1809 5523 1950 5576 κατὰ

371 5622 583 5693 βαθμὸν
636 5619 721 5671 δεῖ
765 5618 861 5671 τὸν
916 5615 1377 5688 τελεσθησὸμενον
1428 5614 1719 5686 παρελθεῖν
1736 5608 1753 5644 ’·
1815 5602 1948 5681 οἷον,

444 5783 525 5851 (ll
557 5782 768 5839 Similia
794 5802 943 5843 num.
977 5786 1010 5840 ti
1034 5803 1220 5857 supra.

2043 4807 2251 4878 pudore
2275 4801 2533 4857 affectum
2561 4815 2788 4856 cursum
2816 4813 2977 4855 suum
2995 4797 3389 4868 compressisse
3414 4811 3428 4847 :
3459 4804 3623 4865 atque

2053 4898 2128 4952 ita
2157 4902 2213 4949 et
2242 4901 2451 4965 patrem
2474 4899 2529 4946 et
2559 4890 2729 4944 lilium
2764 4887 3069 4944 incolumes
3090 4886 3476 4957 pertransisse.

2457 4983 2547 5039 47.
2580 4982 2658 5037 De
2680 4980 2899 5037 Hithm
2919 4979 3219 5051 suppliciis.

2116 5076 2299 5132 Persa:
2348 5074 2602 5130 Mithram
2657 5073 2828 5128 solem
2887 5086 3011 5126 esse
3059 5070 3398 5130 existimant,
3461 5070 3624 5140 eique

2047 5169 2219 5224 multa
2249 5166 2521 5222 sacriﬁcia
2569 5163 2830 5229 oﬂerunt,
2865 5161 3303 5233 quibusdamque
3334 5160 3510 5231 ipsius
3537 5177 3625 5216 sa-

2048 5260 2160 5317 cris
2187 5260 2476 5315 initiantur
2508 5277 2520 5312 :
2551 5257 2616 5311 ad
2645 5272 2769 5327 quae
2802 5270 2965 5311 nemo
3008 5254 3334 5316 admittitur.
3370 5254 3474 5307 nisi
3530 5253 3623 5325 qui

2051 5351 2204 5421 prius
2233 5348 2417 5404 omnia
2458 5356 2858 5402 tormentorum
2902 5359 3102 5415 genera
3150 5344 3457 5415 pertulerit,
3507 5347 3625 5414 pie-

2054 5443 2292 5512 tatisque
2333 5456 2448 5496 suae
2478 5437 2934 5507 fortitudinisque
2975 5435 3143 5490 animi
3186 5435 3243 5490 in
3285 5434 3627 5506 perferendis

2054 5535 2342 5590 doloribus
2372 5533 2650 5603 specimen
2682 5529 2918 5586 dederit.
2948 5529 3119 5584 Aiunt
3140 5536 3321 5584 autem
3349 5529 3627 5597 octoginta

2050 5643 2177 5684 esse
2211 5626 2553 5682 crucialuum
2596 5637 2817 5696 genera,
2849 5636 2946 5691 per
2986 5636 3107 5692 quae
3155 5628 3310 5675 certo
3339 5620 3536 5676 ordine
3576 5621 3629 5675 ei

3460 5929 3491 5947 κ
