3856 6220
316 320 444 371 ιυιι

1661 320 1938 376 ΝθΝΝΙΣΞ
1971 317 2192 372 Αιςιιάε

3452 318 3516 372 19
3527 315 3602 371 PS

310 438 403 507 qui
447 435 753 495 initiandus
794 446 899 499 est,
954 440 1275 495 necessario
1317 441 1713 495 transeundum
1747 452 1828 495 est
1871 461 1882 494 :

2013 439 2210 506 τρῶτον
2239 436 2599 507 διανήξασθαι
2626 437 2719 488 ἐπὶ
2748 434 2952 499 πολλὰς
2988 436 3205 506 ἡμέρας
3239 434 3385 508 ὕδωρ
3418 436 3555 489 πολύ
3575 452 3594 468 ο

314 526 463 579 verbi
510 540 698 591 causa,
752 529 987 597 primum
1026 530 1073 583 ei
1117 530 1312 583 diebus
1392 530 1580 585 multis
1655 530 1890 583 natantia

309 626 391 670 est
421 631 583 685 aqua.
620 616 824 674 Deinde
856 622 1171 674 necessario
1206 621 1310 690 ipsi
1352 620 1662 675 faciendum
1695 633 1801 685 est,
1834 629 1893 674 ut

309 723 370 761 se
397 708 452 760 in
486 708 666 779 ignem
707 710 987 777 conjiciat,
1031 721 1218 781 postea
1249 713 1301 765 in
1333 714 1632 767 solitudine
1662 712 1899 776 versari,

311 798 528 869 sibique
561 801 662 869 ipsi
699 801 935 857 inediam
972 805 1246 872 imperare
1290 821 1517 862 necesse
1564 806 1730 859 habet
1760 824 1772 858 :
1809 814 1889 859 at-

310 908 417 962 que
451 893 526 946 ita
551 892 619 946 ad
659 894 766 945 alia
794 909 1043 963 pergere,
1073 912 1369 967 quousque
1402 898 1706 968 octoginta.
1742 905 1800 950 ut
1827 896 2093 954 diximus.

1999 527 2122 584 εἶτα
2145 532 2223 593 εἰς
2250 528 2361 599 πῦρ
2387 528 2680 600 ἐμϐάλλειν
2707 528 2919 580 ἑαυτόν·
2944 523 3064 581 εἶτα
3088 530 3147 580 ἐν
3168 529 3363 598 ἐρήμῳ
3379 528 3598 596 διαιτηο

2001 620 2158 691 θῆναι
2189 624 2282 674 καὶ
2308 621 2588 691 ἀσιτῆσαι,
2619 621 2714 673 καὶ
2743 620 2878 672 ἄλλα
2898 620 3020 673 τινὰ
3039 621 3197 691 ἄχρις
3220 613 3303 681 οὗ,
3338 621 3415 682 ὡς
3443 621 3605 673 εἴπεο⁸

2003 732 2126 784 μεν,
2170 714 2270 777 τὰς
2308 713 2639 783 ὀγδοήκοντα
2684 712 2935 777 κολάσεις
2976 714 3266 785 παρέλθοι·
3322 714 3417 766 καὶ
3468 714 3599 766 τότε

1997 804 2182 857 λοιπὸν
2217 803 2419 874 ἐμύουν
2458 803 2621 855 αὐτὸν
2651 803 2720 855 τα
2752 803 3081 875 τελεώτερα,
3114 805 3209 856 ἐὰν
3237 804 3402 877 ζήσῃ.

2182 896 2585 965 suppliciorum
2676 897 2977 967 generibus
3025 896 3323 952 defunctus
3401 897 3603 953 fuerit.

310 986 521 1053 Quibus
552 988 600 1042 si
621 991 1006 1058 supervixerit,
1047 1000 1160 1046 tum
1190 994 1411 1048 demum
1444 998 1621 1051 sacris
1645 994 1950 1048 Mitbriacis
1989 993 2267 1047 iuitiatnr.

487 1081 575 1136 48.
628 1081 709 1136 De
740 1082 919 1136 lic/teli
945 1094 994 1137 et
1028 1084 1339 1141 Phalaridis
1372 1087 1715 1142 crudelitate.

382 1171 621 1227 Ecbetus
646 1171 795 1243 Epiri
822 1184 1090 1244 tyrannus
1124 1176 1224 1231 fuit
1261 1197 1273 1232 :
1309 1182 1425 1249 qui,
1459 1189 1518 1233 ut
1546 1190 1663 1235 erat
1696 1184 1897 1253 insigni

2175 1081 2286 1155 μη’.
2317 1084 2457 1151 Περὶ
2481 1083 2588 1138 τοῦ
2637 1085 2892 1154 Ἐχέτου
2918 1086 3018 1140 καὶ
3055 1085 3410 1154 Φαλάριδος.

2068 1173 2297 1243 Ἔχετος
2350 1176 2451 1245 τῆς
2505 1175 2766 1248 Ἠπείρου
2818 1177 3031 1247 ὑπῆρχε
3081 1178 3364 1248 τύραννος.
3423 1174 3615 1253 05:9;-

314 1263 656 1329 rrudelitate,
720 1267 875 1318 varia
924 1269 1324 1337 suppliciorum
1385 1280 1897 1345 tormentorumque

2013 1265 2273 1336 ϋμότατος
2303 1265 2401 1331 ὢν,
2432 1268 2645 1321 ἐπενόει
2688 1268 2952 1332 παντοίας
2983 1269 3255 1339 τιμωρίας
3290 1273 3386 1323 καὶ
3427 1272 3597 1325 κολα-

313 1371 507 1424 gencra
539 1358 900 1428 excogitabat.
934 1359 1008 1414 Ex
1045 1377 1155 1430 quo
1177 1362 1543 1429 efﬁciebatur,
1581 1380 1639 1420 ut
1670 1372 1763 1438 qui
1795 1371 1897 1422 ali-

312 1462 475 1514 quem
508 1447 910 1505 humanissime
937 1455 1246 1509 excruciari
1272 1457 1494 1521 vellent,
1522 1460 1588 1513 ad
1615 1478 1741 1515 eum
1766 1464 1894 1516 mit-

313 1545 495 1590 terent
540 1554 554 1589 :
596 1543 1054 1609 quemadmodum
1107 1556 1262 1616 poeta
1304 1564 1523 1620 quoque
1551 1553 1667 1621 ipse
1718 1556 1783 1610 de
1831 1572 1904 1610 eo

314 1628 514 1682 cecinit
541 1648 554 1682 :

314 1721 398 1770 Aul
433 1737 601 1792 regem
642 1722 900 1781 Ethelum
940 1729 1248 1785 mortalium
1290 1734 1525 1788 omnium
1575 1738 1905 1805 carniﬁcem.

317 1829 454 1885 iluic
511 1848 621 1888 non
673 1836 961 1896 dissimilis
1017 1856 1137 1897 erat
1189 1842 1439 1903 Phalaris
1496 1867 1696 1918 genere
1743 1852 1901 1906 Sicu-

314 1926 421 1990 lus,
475 1926 592 1996 ipse
644 1946 864 2002 quoque
928 1951 1198 1993 novorum
1255 1951 1655 1998 tormentorum
1705 1948 1890 2003 iuven-

314 2031 422 2074 tor.
492 2022 597 2090 Qui
658 2037 717 2080 ut
761 2044 791 2081 a
843 2030 1107 2104 Dionysio
1158 2039 1463 2093 saevissimo
1509 2053 1561 2096 et
1614 2043 1899 2100 immanis-

312 2118 461 2172 simo
530 2128 767 2191 tyranno
846 2130 1079 2197 gratiam
1152 2133 1338 2195 iniret,
1417 2136 1611 2191 bovem
1695 2156 1896 2195 aereum

312 2219 663 2289 excogitavit,
692 2224 748 2278 iu
781 2243 943 2296 quem
968 2233 1059 2299 qui
1106 2234 1375 2302 supplicio
1412 2234 1680 2293 alliciendi
1718 2251 1897 2303 erant,

314 2319 688 2390 mjicerentur,
761 2338 1059 2402 posteaque
1119 2338 1231 2403 igni
1288 2340 1781 2407 succenderentur,
1842 2354 1898 2398 ut

310 2424 404 2491 qui
463 2425 677 2483 interna
726 2429 944 2487 ﬂamma
993 2450 1379 2507 exurerentur,
1438 2443 1736 2517 clamorem
1796 2448 1892 2502 bo-

312 2524 403 2578 vis
429 2526 659 2597 mugitui
692 2531 929 2587 similem
961 2535 1206 2592 ederent.
1236 2540 1409 2609 Cujus
1438 2543 1899 2603 iubumauitatem

311 2626 667 2694 conspicatus
690 2641 854 2700 atque
874 2648 1196 2695 exsecratus
1226 2639 1551 2711 Dionysius,
1570 2646 1746 2715 ipsum
1775 2664 1902 2719 sup-

314 2724 462 2793 plicii
509 2737 788 2786 auctorem
824 2734 878 2787 in
929 2744 1147 2792 taurum
1190 2742 1449 2810 conjec-it,
1493 2753 1658 2815 atque
1703 2749 1756 2802 in
1812 2751 1896 2804 in-

312 2837 617 2883 strumento
643 2846 747 2886 suo
771 2836 1099 2893 combussit.

1993 1359 2213 1427 στήρια.
2260 1358 2405 1430 Πρὸς
2455 1358 2644 1413 τοῦτον
2693 1361 2743 1413 oi
2791 1359 3039 1424 θέλοντες
3086 1361 3321 1430 ἀφειδῶς
3362 1363 3606 1416 κολάσαι

1999 1448 2326 1519 διέπεμπονο
2350 1451 2426 1514 ὡς
2455 1453 2557 1503 καίΔ
2579 1455 2607 1505 ό
2637 1451 2868 1523 ποιητὴς
2900 1452 3049 1520 λέγει
3082 1454 3211 1524 περὶ
3241 1454 3408 1507 αὑτοῦ
3434 1471 3447 1481 ’

2002 1734 2107 1800 Εἰς
2131 1736 2385 1806 Ἔχετον
2401 1740 2682 1815 ,Βασιλῆα
2708 1740 2949 1810 ,βροτῶν
2984 1740 3304 1811 δηλήμονα
3327 1742 3606 1799 πάντων.

2008 1845 2067 1897 ’0
2102 1846 2160 1899 δὲ
2206 1849 2478 1921 Φάλαρις,
2513 1848 2672 1917 οὗτος
2713 1855 3048 1926 καινοτέρων
3080 1855 3458 1929 κολαστηρίων
3498 1858 3569 1924 γέ

1995 1948 2154 2000 γονεν
2191 1938 2455 2011 εὑρετήςο
2504 1934 2573 2008 ἦν
2629 1943 2686 1996 δὲ
2728 1944 2790 1996 τὸ
2834 1961 2994 2013 γενος
3040 1945 3391 2018 Σικελιώτης.
3423 1943 3598 2011 Οὗτος

1995 2022 2352 2094 χαριζόμενος
2380 2032 2643 2103 Διονυσίῳ
2666 2032 2744 2103 τῷ
2762 2035 3034 2105 τυράννῳ,
3066 2033 3466 2105 δντιώμοτάτῳ
3496 2040 3598 2091 καὶ

1994 2118 2307 2189 τυραννικῷ
2330 2121 2425 2172 καὶ
2450 2123 2832 2194 τιμωρητικῷ,
2868 2126 3130 2195 ἐπενόησε
3165 2124 3293 2195 βοῦν
3327 2126 3594 2197 χαλκοῦν,

1996 2204 2056 2256 ἐν
2154 2206 2260 2261 ἔδει
2306 2211 2521 2279 βάλλειν
2554 2218 2681 2278 τοὺς
2730 2216 3164 2285 κολαζομένους,
3197 2216 3294 2269 καὶ
3319 2216 3432 2288 πῦρ
3464 2220 3601 2270 ἀναν

1996 2296 2249 2351 καίεσθαι
2273 2317 2287 2330 ·
2319 2303 2406 2356 ἵνα
2426 2304 2574 2359 ἔνδον
2592 2306 2746 2370 ὄντες
2779 2310 2873 2361 καὶ
2896 2311 3175 2378 καιόμενοι
3207 2310 3302 2362 καὶ
3337 2308 3609 2377 βοῶντες,

1993 2385 2385 2465 διατρεχούσης
2402 2398 2499 2467 τῆς
2527 2404 2711 2465 φωνῆς
2727 2400 2813 2453 διὰ
2835 2401 2929 2453 τοῦ
2952 2403 3222 2472 στόματος
3241 2401 3337 2454 τοῦ
3359 2403 3597 2472 ταύρου,

1993 2476 2121 2554 δόξῃ
2154 2485 2183 2535 ὁ
2213 2485 2415 2557 ταῦρος
2454 2492 2744 2559 καιόμενος
2791 2491 3081 2563 μυκηθμὸν
3112 2492 3418 2545 ἀποτελεῖν.
3459 2493 3598 2545 Τοῦ-

2005 2591 2097 2628 του
2144 2576 2202 2628 δὲ
2238 2578 2329 2631 τοῦ
2362 2581 2661 2652 Φαλάριδος
2692 2583 2752 2635 τὸ
2797 2584 3167 2655 ἀπάνθρωπον
3200 2584 3541 2654 θεασάμενος
3572 2588 3600 2638 ἁ

2005 2666 2302 2732 Διονύσιος,
2353 2669 2517 2722 αὑτὸν
2555 2672 2745 2724 τοῦτον
2777 2673 3035 2725 ἐνέϐαλεν
3068 2675 3149 2737 είς
3178 2675 3270 2726 τὸν
3309 2674 3461 2743 βοῦν,
3503 2675 3604 2726 καὶ

2005 2759 2217 2821 καύσας
2259 2761 2581 2815 ἀπέκτεινεν
2611 2764 2669 2815 ἐν
2706 2766 2819 2827 τοῖς
2862 2762 3058 2818 ἑαυτοῦ
3093 2767 3454 2835 μηχανήμασι
3477 2780 3491 2793 ·
3523 2764 3599 2827 ὡς

2000 2855 2057 2907 δὲ
2084 2855 2242 2916 αὐτὸς
2269 2856 2298 2906 ὁ
2317 2854 2554 2926 Φάλαρις
2582 2857 2641 2907 ὲν
2663 2857 2921 2926 ἐπιστολῇ
2947 2873 3101 2926 φησι,
3124 2856 3425 2927 Περίλλαόν
3452 2873 3601 2914 τινα.

312 2922 408 2992 τὴν
444 2925 644 2997 τέχνην
685 2928 974 2997 βάναυσον,
1006 2934 1102 2985 τοῦ
1149 2936 1396 2991 τοιούτου
1436 2939 1641 3009 χαλκοῦ
1690 2945 1893 3017 ταύρου
1931 2948 2257 3018 αὐτουργὸν.
2291 2949 2537 3020 οἰόμενον
2582 2949 2732 3021 αὐτῴ
2796 2952 3121 3022 χαρίζεσθαι
3177 2955 3244 3023 τῇ
3322 2952 3599 3020 καινότητ-¹

319 3018 413 3087 τῆς
455 3023 746 3091 τιμωρίας,
790 3026 1041 3094 ἐμϐαλὼν
1076 3030 1157 3092 εἰς
1200 3031 1261 3083 τὸ
1292 3033 1500 3087 τοιοῦτο
1536 3035 1773 3105 χαλκοῦν
1832 3041 2211 3114 κολαστήριον,
2265 3044 2358 3097 καὶ
2402 3043 2624 3113 ὐφάψας
2701 3046 2904 3115 πυρὰν,
2953 3045 3133 3099 ἀνεῖλε
3203 3046 3424 3118 πρῶτον
3504 3048 3599 3098 καὶ

316 3111 474 3209 μόνον
509 3115 609 3184 τῆς
645 3118 840 3187 καινῆς
883 3123 1154 3193 τιμωρίας
1181 3124 1272 3177 τὸν
1319 3125 1683 3198 δημιουργόν
1718 3134 1810 3185 τὸν
1850 3135 1906 3188 δὲ
1948 3111 2163 3207 βοῦνέν
2192 3138 2414 3206 Δελφοῖς
2441 3111 2797 3206 άποπέμψας.
2832 3138 3090 3208 ἀνάθημα
3120 3137 3200 3209 τῷ
3230 3111 3419 3209 finiiqu
3458 3140 3602 3192 καθι-

316 3205 530 3276 ιέρωσε,

866 3305 953 3359 49.
988 3306 1066 3361 De
1095 3308 1287 3377 hydra.

387 3390 577 3446 Bellua
624 3394 873 3463 quaedam
928 3398 1070 3467 apud
1135 3399 1367 3457 Lernam
1420 3405 1591 3462 fuisse
1653 3412 1897 3477 tingitur,

314 3483 735 3553 quinquaginta,
764 3488 868 3550 vel,
894 3500 952 3542 ut
975 3492 1067 3543 alii
1100 3494 1331 3559 malunt,
1360 3511 1554 3552 novem
1574 3500 1757 3569 capita
1781 3519 1898 3555 scr-

317 3584 537 3645 pentum
572 3577 782 3633 habens
810 3597 834 3632 :-
863 3597 1028 3651 quam
1060 3582 1323 3642 Hercules
1355 3603 1476 3642 cum
1510 3589 1714 3647 fanuilo
1745 3594 1902 3665 llyllo

317 3667 615 3724 interfecit.
645 3668 789 3736 Quin
822 3673 926 3728 hoc
950 3690 1171 3745 quoque
1198 3677 1537 3746 fabulantur,
1577 3685 1766 3739 exciso
1795 3702 1903 3739 uno

317 3761 495 3830 capite
526 3761 638 3816 duo
667 3764 838 3818 altera
886 3769 1098 3822 renasci
1142 3773 1497 3827 consuevisse
1529 3793 1543 3827 :
1578 3775 1653 3829 ita
1707 3784 1765 3830 ut
1801 3778 1903 3832 du-

318 3852 518 3920 plicato
567 3869 813 3913 numero,
853 3857 1135 3927 centiceps
1196 3861 1503 3918 exsisteret.
1559 3866 1716 3931 Quod
1776 3882 1900 3921 cum

317 3940 511 4011 Hyllus
546 3948 943 4016 perspexisset,
980 3960 1152 4005 artem
1194 3950 1469 4013 adhibuit.
1497 3956 1903 4025 ignemque-at-

316 4035 463 4098 tulit,
511 4045 677 4107 atque
712 4040 787 4092 ita
821 4049 879 4093 ut
920 4043 1178 4113 quodque
1211 4052 1377 4115 caput
1421 4047 1799 4114 excidebatur,
1848 4050 1903 4101 in

316 4129 589 4184 ﬂammam
626 4131 929 4200 injiciebat.
984 4137 1058 4190 Ita
1095 4140 1315 4190 tandem
1364 4138 1544 4193 bellua
1590 4139 1681 4192 illa
1735 4143 1905 4195 truci-

315 4220 441 4273 data
471 4231 576 4277 est.

706 4320 796 4373 50.
832 4320 911 4375 De
950 4321 1207 4377 Patarica
1237 4324 1512 4378 chimwra.

388 4413 624 4474 Patarze,
663 4429 785 4482 qua:
822 4411 1005 4483 Lyciae
1034 4414 1232 4468 civitas
1262 4424 1370 4479 est,
1403 4430 1564 4468 mons
1595 4430 1717 4469 esse
1747 4431 1903 4468 com-

317 4514 678 4569 memoratur,
729 4505 783 4557 in
825 4521 937 4575 quo
978 4505 1162 4560 bellua
1199 4507 1450 4578 quadam
1483 4518 1604 4560 erat
1642 4508 1711 4561 ab
1742 4522 1901 4564 aute-

320 4597 465 4650 riore
494 4607 648 4666 parte
672 4597 778 4660 leo,
811 4613 839 4650 a
869 4598 1177 4667 posteriore
1205 4599 1394 4659 draco,
1423 4615 1453 4652 a
1478 4601 1657 4655 media
1692 4602 1905 4656 chinue-

320 4704 378 4741 ra
399 4705 414 4739 :
435 4689 615 4758 ignem
648 4688 899 4743 faucibus
930 4704 1211 4751 evomens,
1246 4693 1569 4763 regiouique
1590 4705 1754 4766 atque
1788 4713 1906 4750 omw
1939 4674 1980 4727 ί)

322 4782 483 4835 nibus
513 4780 608 4851 qui
642 4782 767 4835 illac
815 4781 920 4836 iter
957 4779 1251 4847 faciebant,
1302 4785 1596 4853 perniciem
1648 4788 1902 4844 aﬂ'erens.

320 4872 440 4939 Quo
482 4888 608 4926 cum
653 4868 861 4943 Pegaso
903 4881 1096 4928 vectus
1143 4872 1508 4945 Bellemphon
1545 4882 1901 4947 perrexisset,

322 4974 438 5019 arte
474 4965 704 5020 bestiam
736 4966 1122 5020 circumvenit.
1165 4966 1299 5019 Nam
1334 4968 1646 5037 plumbeum
1680 4971 1901 5040 globum

323 5060 527 5115 lanceae
557 5059 775 5129 cuspidi
820 5060 1137 5129 impositum
1183 5061 1236 5114 in
1278 5075 1341 5115 os
1381 5062 1651 5117 chimarrae
1686 5063 1897 5133 injecit.

323 5151 609 5206 Plumbum
670 5167 838 5222 porro
898 5162 959 5207 ut
1015 5151 1246 5207 ﬂamma:
1301 5154 1541 5207 solutum
1602 5154 1901 5223 pnucordia

324 5241 495 5310 ipsius
529 5243 922 5313 colliquefecit,
955 5250 1122 5312 atque
1147 5244 1217 5297 ita
1256 5244 1493 5297 belluam
1525 5245 1825 5299 interemit.

886 5420 971 5474 5i.
1009 5422 1085 5476 De
1116 5419 1364 5480 Cerbero.

400 5536 638 5607 Fingunt
666 5552 858 5592 canem
888 5536 1177 5606 quemdam
1203 5537 1497 5606 tricipitem
1525 5539 1667 5608 apud
1700 5539 1905 5593 inferos

328 5644 481 5688 esse,
510 5643 572 5682 ac
611 5636 800 5698 portas
847 5628 1126 5683 custodire
1160 5644 1173 5679 :
1208 5638 1373 5698 atque
1410 5645 1507 5685 eos
1547 5629 1769 5699 quidem
1810 5628 1906 5699 qui

331 5720 395 5772 ad
440 5717 645 5773 inferos
675 5720 1035 5787 descendunt,
1069 5719 1474 5777 assentabunde
1503 5721 1765 5782 mulcere,
1808 5736 1906 5777 eos

330 5818 511 5867 autem
561 5811 653 5881 qui
703 5812 999 5868 ascendere
1040 5820 1330 5880 conantur,
1381 5828 1567 5870 morsu
1623 5813 1902 5880 insectari,

2464 3314 2572 3386 μθ’.
2605 3317 2743 3385 Περὶ
2784 3315 2893 3384 τῆς
2924 3316 3132 3384 ὕδρας.

2075 3410 2278 3481 Θηρίον
2311 3408 2602 3479 μυθεύεται
2635 3412 2667 3479 ἡ
2715 3408 2853 3478 ὓδρα
2881 3407 3136 3476 γενέσθαι
3167 3409 3296 3479 περὶ
3323 3408 3424 3475 τὴν
3459 3407 3597 3476 Λέρ-

2004 3521 2103 3574 νην
2136 3501 2735 3573 πεντηκοντακέφαλον,
2764 3502 2811 3553 οἱ
2843 3500 2900 3553 δὲ
2932 3499 3353 3568 ἐννεακέφαλον·
3399 3499 3499 3559 τὰς
3542 3501 3596 3551 δὲ

2006 3595 2247 3663 κεφαλὰς
2278 3591 2419 3648 εἶναι
2448 3594 2646 3663 ὄφεων.
2675 3593 2852 3663 Ὅπερ
2880 3589 3051 3644 ἐλθὼν
3079 3592 3111 3643 ό
3141 3590 3419 3662 Ἡρακλῆς
3459 3592 3599 3661 μετ-5

2009 3684 2150 3736 Ὕλα
2179 3683 2273 3736 τοῦ
2298 3683 2633 3752 θεράποντος
2666 3681 2828 3735 αὐτοῦ
2860 3682 3171 3735 ἀπέκτεινε.
3203 3681 3517 3734 Μυθεύεται
3542 3682 3599 3735 δὲ

2006 3773 2098 3827 καὶ
2132 3771 2307 3837 τοῦτο,
2333 3773 2435 3833 ὅτι,
2468 3772 2809 3841 τεμνομένης
2843 3772 2971 3840 μιᾶς
3002 3770 3248 3842 κεφαλῆς
3282 3772 3476 3841 αὐτῆς.
3503 3772 3599 3825 8'30

2005 3867 2119 3919 ἀντ’
2142 3866 2313 3935 αὐτῆς
2341 3864 2700 3936 παρεφύοντο,
2738 3864 2879 3917 ὥστε
2907 3863 3165 3932 γενέσθαι
3195 3864 3288 3917 ἐπὶ
3317 3864 3378 3918 τὸ
3401 3864 3598 3919 διπλά-

2007 3978 2121 4013 σιον
2148 3960 2343 4013 ἑκατὸν
2364 3959 2627 4029 κεφαλάς.
2663 3959 2722 4011 Ὀ
2742 3960 2798 4012 δὲ
2829 3958 3003 4023 ’Ὑλας
3030 3959 3218 4030 μαθὼν
3247 3959 3429 4025 τοῦτο,
3457 3962 3599 4031 ἐμη-

2007 4060 2300 4124 χανήσατο,
2333 4053 2428 4105 καὶ
2460 4051 2572 4123 πῦρ
2598 4052 2761 4121 ἔφερε
2788 4052 2880 4104 καὶ
2907 4051 3006 4122 τὴν
3045 4053 3388 4122 τεμνομένην
3422 4070 3601 4122 κεφα-

2004 4142 2102 4210 λὴν
2135 4141 2449 4212 ἐνεπίμπρα
2470 4156 2484 4168 ·
2523 4141 2619 4193 καί
2645 4139 2822 4203 οὔτως
2861 4139 3089 4210 ἴσχυσαν
3117 4141 3219 4199 τὰς
3255 4144 3439 4205 πάσας
3467 4143 3599 4194 ἁπο-

2005 4236 2231 4287 κτεῖναι.

2251 4329 2314 4378 ν’.
2353 4324 2491 4392 Περὶ
2519 4321 2628 4391 τῆς
2663 4321 3003 4392 Παταρικῆς
3042 4323 3340 4392 χιμαίρας.

2077 4418 2304 4489 Πάταρα
2330 4417 2483 4480 πόλις
2515 4416 2632 4469 «ἐστὶ⁵
2660 4418 2761 4485 τῆς
2789 4415 3017 4471 Λυκίας.
3054 4416 3284 4482 Λέγεται
3313 4415 3392 4479 δὲ,
3432 4416 3517 4468 ὅτι
3542 4418 3601 4468 ἐν

2006 4511 2174 4582 ταύτῃ
2202 4512 2348 4562 ἐστὶν
2371 4510 2515 4581 ὅρος,
2544 4511 2600 4561 ἐν
2625 4501 2669 4576 ᾧ
2701 4508 2817 4579 ὄρει
2837 4503 2907 4577 ’ἦν
2936 4506 3144 4577 θηρίον,
3175 4506 3203 4559 ὃ
3232 4506 3474 4576 πρόσθεν
3498 4508 3601 4576 μὲν

2008 4597 2075 4670 ἦν
2104 4600 2309 4672 θηρίον,
2353 4599 2577 4653 δπισθεν
2599 4599 2657 4651 δὲ
2684 4598 2923 4669 δράκων,
2956 4598 3096 4667 μέση
3128 4597 3193 4649 δὲ·
3212 4594 3280 4669 ἦν
3318 4597 3559 4671 χίμαιρα
3580 4617 3597 4630 ·

2011 4693 2069 4758 ἐξ
2095 4689 2161 4765 ἧς
2198 4693 2465 4764 χιμαίρας
2495 4690 2608 4762 πῦρ
2638 4692 2703 4744 ἐκ
2738 4690 2834 4744 τοῦ
2869 4691 3135 4759 πόματος
3175 4689 3465 4754 ἀνεδίδοτο,
3500 4693 3600 4744 καὶ

2000 4783 2321 4854 ἐλυμαίνετο
2358 4784 2455 4852 τὴν
2491 4780 2694 4853 χώραν,
2727 4782 2825 4835 καὶ
2858 4780 3066 4843 πάντας
3110 4783 3239 4844 τοὺς
3272 4782 3600 4851 παριόντας.

2003 4877 2267 4946 Ὕστερον
2311 4876 2367 4928 δέ
2399 4875 2567 4927 ἐλθὼν
2594 4875 2622 4925 ό
2655 4875 3118 4944 Βελλεροφόντης,
3169 4874 3310 4943 ἔχων
3337 4875 3433 4928 τὸν
3479 4877 3598 4947 Πή-

1998 4984 2164 5035 γασον
2203 4967 2389 5025 ἵππον,
2429 4966 2758 5036 ἐτεχνάσατο
2784 4965 2879 5018 καὶ
2908 4964 2986 5033 τῷ
3010 4964 3198 5033 δόρατι
3229 4963 3396 5016 αὑτοῦ
3436 4981 3598 5035 περι-

1997 5058 2167 5112 θεῖναι
2194 5061 2431 5128 σφαῖραν
2468 5057 2717 5127 μολίϐδου
2736 5099 2748 5117 .
2784 5057 2880 5110 καὶ
2912 5056 3175 5126 ἐμϐαλεῖν
3214 5057 3295 5119 είς
3322 5056 3385 5108 τὸ
3417 5057 3601 5125 στόμα

2008 5153 2106 5220 τῆς
2143 5149 2427 5219 χιμαίρας.
2469 5148 2666 5219 Ἐλύθη
2698 5148 2755 5201 δὲ
2790 5148 3012 5201 ἀπὸτοῦ
3046 5147 3217 5217 πυρὸς
3246 5148 3273 5199 ὁ
3314 5146 3593 5215 μόλιϐδος,

2008 5243 2105 5296 καὶ
2136 5244 2407 5312 ἐχώνευσε
2447 5240 2516 5294 τὰ
2563 5241 2849 5311 σπλάγχνα
2880 5240 3084 5308 αὐτῆς·
3128 5240 3221 5291 καὶ
3258 5236 3434 5301 οὕτως
3485 5240 3599 5291 ἀπο

2004 5335 2207 5386 ἐκτεινε
2245 5334 2342 5403 τὴν
2369 5334 2653 5405 χίμαιραν.

2432 5433 2533 5478 val.
2567 5425 2705 5491 Περὶ
2739 5424 2845 5477 τοῦ
2880 5423 3198 5491 Κερϐέρου.

2076 5537 2406 5600 Μυθεὺεται,
2432 5540 2512 5592 ὅτι
2538 5537 2656 5591 ἔστι
2682 5555 2765 5601 τις
2791 5536 2959 5599 κύων,
2989 5536 3126 5607 ἔχων
3153 5537 3304 5606 τρεῖς
3324 5536 3593 5606 κεφαλὰς.

2006 5631 2064 5695 ὃς
2097 5630 2345 5684 καλεῖται
2372 5630 2677 5701 Κέρϐεροςο
2708 5630 2800 5684 καὶ
2823 5622 2979 5693 οὗτος
3005 5628 3264 5698 φυλάττει
3287 5628 3386 5690 τὰς
3418 5628 3597 5693 πύλας

2009 5719 2105 5775 τοῦ
2137 5720 2286 5792 ᾅδου,
2315 5712 2411 5775 καῖ
2442 5723 2569 5782 τοὺς
2605 5720 2703 5791 μὲν
2733 5718 3168 5781 καταϐαίνοντας
3201 5717 3284 5781 είς
3322 5715 3418 5771 τὸν
3458 5716 3595 5789 ᾅδην

2013 5813 2181 5867 σαίνει
2214 5813 2302 5865 καὶ
2329 5811 2631 5876 κολακεύει,
2661 5811 2783 5874 τοὺς
2817 5809 2874 5864 δέ
2891 5808 3139 5874 ἀνιόντας
3154 5807 3357 5881 δάκνει.
3369 5806 3473 5861 καὶ.
3490 5807 3601 5864 οὐκ
