  <div class='ocr_page' id='page_1' title='image "/cluster/home/n/w/nwhite01/storage/ocr_20150623/36/nnc1.0022377409/548.png"; bbox 0 0 3856 6220; ppageno 0'>
   <div class='ocr_carea' id='block_1_1' title="bbox 260 235 409 296">
    <p class='ocr_par' dir='ltr' id='par_1_1' title="bbox 260 235 409 296">
     <span class='ocr_line' id='line_1_1' title="bbox 260 235 409 296; baseline 0.034 -5"><span class='ocrx_word' id='word_1_1' title='bbox 260 235 409 296; x_wconf 63' lang='grc' dir='ltr'><strong>Πειῦ</strong></span> 
     </span>
    </p>
   </div>
   <div class='ocr_carea' id='block_1_2' title="bbox 1102 232 2669 297">
    <p class='ocr_par' dir='ltr' id='par_1_2' title="bbox 1102 232 2669 297">
     <span class='ocr_line' id='line_1_2' title="bbox 1102 232 2669 297; baseline 0.003 -5"><span class='ocrx_word' id='word_1_2' title='bbox 1102 236 1194 292; x_wconf 79' lang='lat' dir='ltr'><strong>AD</strong></span> <span class='ocrx_word' id='word_1_3' title='bbox 1223 236 1281 294; x_wconf 89' lang='lat' dir='ltr'><strong>S.</strong></span> <span class='ocrx_word' id='word_1_4' title='bbox 1324 234 1660 293; x_wconf 79' lang='lat' dir='ltr'><strong>GREGORII</strong></span> <span class='ocrx_word' id='word_1_5' title='bbox 1691 234 1902 291; x_wconf 79' lang='lat' dir='ltr'><strong>ORAT.</strong></span> <span class='ocrx_word' id='word_1_6' title='bbox 1931 232 1952 288; x_wconf 82' lang='grc' dir='ltr'><strong>ι</strong></span> <span class='ocrx_word' id='word_1_7' title='bbox 1983 233 2261 290; x_wconf 74' lang='lat' dir='ltr'><strong>CONTRA</strong></span> <span class='ocrx_word' id='word_1_8' title='bbox 2302 237 2669 297; x_wconf 76' lang='lat' dir='ltr'><strong>JULIANUM.</strong></span> 
     </span>
    </p>
   </div>
   <div class='ocr_carea' id='block_1_3' title="bbox 3407 240 3611 302">
    <p class='ocr_par' dir='ltr' id='par_1_3' title="bbox 3407 240 3611 302">
     <span class='ocr_line' id='line_1_3' title="bbox 3407 240 3611 302; baseline -0.029 -3"><span class='ocrx_word' id='word_1_9' title='bbox 3407 240 3545 302; x_wconf 75' lang='grc' dir='ltr'><strong>ωιι</strong></span> <span class='ocrx_word' id='word_1_10' title='bbox 3605 250 3611 261; x_wconf 69' lang='grc'><strong>³</strong></span> 
     </span>
    </p>
   </div>
   <div class='ocr_carea' id='block_1_4' title="bbox 258 350 1894 428">
    <p class='ocr_par' dir='ltr' id='par_1_4' title="bbox 258 350 1894 428">
     <span class='ocr_line' id='line_1_4' title="bbox 258 350 1894 428; baseline 0 -22"><span class='ocrx_word' id='word_1_11' title='bbox 258 357 335 427; x_wconf 76' lang='grc' dir='ltr'><strong>ἐᾷ</strong></span> <span class='ocrx_word' id='word_1_12' title='bbox 355 353 621 412; x_wconf 75' lang='grc' dir='ltr'>ἀνελθεῖν.</span> <span class='ocrx_word' id='word_1_13' title='bbox 659 356 831 428; x_wconf 71' lang='grc' dir='ltr'>Φησὶν</span> <span class='ocrx_word' id='word_1_14' title='bbox 857 350 973 422; x_wconf 80' lang='grc' dir='ltr'>οὖν,</span> <span class='ocrx_word' id='word_1_15' title='bbox 1009 356 1093 409; x_wconf 77' lang='grc' dir='ltr'>ὅτι</span> <span class='ocrx_word' id='word_1_16' title='bbox 1129 358 1159 409; x_wconf 84' lang='grc' dir='ltr'><strong>ὁ</strong></span> <span class='ocrx_word' id='word_1_17' title='bbox 1195 355 1474 427; x_wconf 83' lang='grc' dir='ltr'>Ἡρακλῆς</span> <span class='ocrx_word' id='word_1_18' title='bbox 1505 355 1594 408; x_wconf 75' lang='grc' dir='ltr'>ὅτε</span> <span class='ocrx_word' id='word_1_19' title='bbox 1621 354 1856 425; x_wconf 82' lang='grc' dir='ltr'>κατῆλθε</span> <span class='ocrx_word' id='word_1_20' title='bbox 1887 413 1894 426; x_wconf 29' lang='grc' dir='ltr'><strong>ί</strong></span> 
     </span>
    </p>
   </div>
   <div class='ocr_carea' id='block_1_5' title="bbox 1987 350 3549 428">
    <p class='ocr_par' dir='ltr' id='par_1_5' title="bbox 1987 356 3549 428">
     <span class='ocr_line' id='line_1_5' title="bbox 1987 356 3549 428; baseline 0.004 -20"><span class='ocrx_word' id='word_1_21' title='bbox 1987 369 2365 427; x_wconf 71' lang='grc' dir='ltr'>ιεεεηειιηιηιιο</span> <span class='ocrx_word' id='word_1_22' title='bbox 2420 358 2734 428; x_wconf 85' lang='lat' dir='ltr'><strong>prohibere.</strong></span> <span class='ocrx_word' id='word_1_23' title='bbox 2784 356 2942 413; x_wconf 79' lang='lat' dir='ltr'><strong>Hunc</strong></span> <span class='ocrx_word' id='word_1_24' title='bbox 2976 356 3261 424; x_wconf 76' lang='lat' dir='ltr'><strong>Hercules,</strong></span> <span class='ocrx_word' id='word_1_25' title='bbox 3310 370 3435 415; x_wconf 89' lang='lat' dir='ltr'><strong>cum</strong></span> <span class='ocrx_word' id='word_1_26' title='bbox 3478 361 3549 415; x_wconf 74' lang='lat' dir='ltr'><strong>ad</strong></span> 
     </span>
    </p>
   </div>
   <div class='ocr_carea' id='block_1_6' title="bbox 257 444 1873 519">
    <p class='ocr_par' dir='ltr' id='par_1_6' title="bbox 257 444 1873 519">
     <span class='ocr_line' id='line_1_6' title="bbox 257 444 1873 519; baseline -0.002 -20"><span class='ocrx_word' id='word_1_27' title='bbox 257 446 612 519; x_wconf 77' lang='grc' dir='ltr'><strong>συναρπάσαι</strong></span> <span class='ocrx_word' id='word_1_28' title='bbox 638 445 718 516; x_wconf 81' lang='grc' dir='ltr'>τῷ</span> <span class='ocrx_word' id='word_1_29' title='bbox 743 445 984 518; x_wconf 80' lang='grc' dir='ltr'><strong>Πειρίθῳ</strong></span> <span class='ocrx_word' id='word_1_30' title='bbox 1008 445 1106 502; x_wconf 78' lang='grc' dir='ltr'>τὴν</span> <span class='ocrx_word' id='word_1_31' title='bbox 1132 445 1504 517; x_wconf 81' lang='grc' dir='ltr'><strong>Περσεφόνην,</strong></span> <span class='ocrx_word' id='word_1_32' title='bbox 1541 444 1706 499; x_wconf 69' lang='grc' dir='ltr'>ἀνιὼν</span> <span class='ocrx_word' id='word_1_33' title='bbox 1746 444 1873 498; x_wconf 72' lang='grc' dir='ltr'>άπα-</span> 
     </span>
    </p>
   </div>
   <div class='ocr_carea' id='block_1_7' title="bbox 260 536 926 610">
    <p class='ocr_par' dir='ltr' id='par_1_7' title="bbox 260 536 926 610">
     <span class='ocr_line' id='line_1_7' title="bbox 260 536 926 610; baseline 0.003 -20"><span class='ocrx_word' id='word_1_34' title='bbox 260 539 475 592; x_wconf 83' lang='grc' dir='ltr'>ἑκτεινε</span> <span class='ocrx_word' id='word_1_35' title='bbox 510 538 602 592; x_wconf 82' lang='grc' dir='ltr'><strong>τὸν</strong></span> <span class='ocrx_word' id='word_1_36' title='bbox 630 536 926 610; x_wconf 73' lang='grc' dir='ltr'>Κέρϐερον.</span> 
     </span>
    </p>
   </div>
   <div class='ocr_carea' id='block_1_8' title="bbox 707 628 1425 698">
    <p class='ocr_par' dir='ltr' id='par_1_8' title="bbox 707 628 1425 698">
     <span class='ocr_line' id='line_1_8' title="bbox 707 628 1425 698; baseline 0 -14"><span class='ocrx_word' id='word_1_37' title='bbox 707 629 797 684; x_wconf 62' lang='grc' dir='ltr'>νϐ’.</span> <span class='ocrx_word' id='word_1_38' title='bbox 825 629 967 698; x_wconf 76' lang='grc' dir='ltr'>Περὶ</span> <span class='ocrx_word' id='word_1_39' title='bbox 995 628 1107 698; x_wconf 84' lang='grc' dir='ltr'>τῆς</span> <span class='ocrx_word' id='word_1_40' title='bbox 1125 630 1425 696; x_wconf 74' lang='grc' dir='ltr'>Σκύλλης.</span> 
     </span>
    </p>
   </div>
   <div class='ocr_carea' id='block_1_9' title="bbox 342 719 1856 792">
    <p class='ocr_par' dir='ltr' id='par_1_9' title="bbox 342 719 1856 792">
     <span class='ocr_line' id='line_1_9' title="bbox 342 719 1856 792; baseline -0.001 -18"><span class='ocrx_word' id='word_1_41' title='bbox 342 719 670 786; x_wconf 79' lang='grc' dir='ltr'>Μυθεύεται,</span> <span class='ocrx_word' id='word_1_42' title='bbox 700 722 783 775; x_wconf 80' lang='grc' dir='ltr'>ὅτι</span> <span class='ocrx_word' id='word_1_43' title='bbox 820 722 880 774; x_wconf 80' lang='grc' dir='ltr'>ὲν</span> <span class='ocrx_word' id='word_1_44' title='bbox 919 719 999 790; x_wconf 83' lang='grc' dir='ltr'>τῷ</span> <span class='ocrx_word' id='word_1_45' title='bbox 1045 719 1375 791; x_wconf 75' lang='grc' dir='ltr'>Τυρρηνικῷ</span> <span class='ocrx_word' id='word_1_46' title='bbox 1410 719 1636 787; x_wconf 81' lang='grc' dir='ltr'><strong>πελάγει</strong></span> <span class='ocrx_word' id='word_1_47' title='bbox 1665 719 1856 792; x_wconf 79' lang='grc' dir='ltr'><strong>θηρίον</strong></span> 
     </span>
    </p>
   </div>
   <div class='ocr_carea' id='block_1_10' title="bbox 257 808 1852 884">
    <p class='ocr_par' dir='ltr' id='par_1_10' title="bbox 257 808 1852 884">
     <span class='ocr_line' id='line_1_10' title="bbox 257 808 1852 884; baseline 0 -19"><span class='ocrx_word' id='word_1_48' title='bbox 257 808 358 884; x_wconf 83' lang='grc' dir='ltr'>ἦν,</span> <span class='ocrx_word' id='word_1_49' title='bbox 385 814 416 867; x_wconf 86' lang='grc' dir='ltr'><strong>ὂ</strong></span> <span class='ocrx_word' id='word_1_50' title='bbox 438 809 509 883; x_wconf 84' lang='grc' dir='ltr'>ἦν</span> <span class='ocrx_word' id='word_1_51' title='bbox 540 814 678 884; x_wconf 87' lang='grc' dir='ltr'>γυνὴ</span> <span class='ocrx_word' id='word_1_52' title='bbox 730 812 830 883; x_wconf 81' lang='grc' dir='ltr'>μὲν</span> <span class='ocrx_word' id='word_1_53' title='bbox 875 811 1208 884; x_wconf 76' lang='grc' dir='ltr'>περικαλλὴς</span> <span class='ocrx_word' id='word_1_54' title='bbox 1243 812 1404 883; x_wconf 89' lang='grc' dir='ltr'>μέχρι</span> <span class='ocrx_word' id='word_1_55' title='bbox 1441 809 1537 864; x_wconf 78' lang='grc' dir='ltr'><strong>τοῦ</strong></span> <span class='ocrx_word' id='word_1_56' title='bbox 1567 809 1814 882; x_wconf 79' lang='grc' dir='ltr'><strong>ὀμφαλοῦ</strong></span> <span class='ocrx_word' id='word_1_57' title='bbox 1837 852 1852 876; x_wconf 91' lang='grc'><strong>,</strong></span> 
     </span>
    </p>
   </div>
   <div class='ocr_carea' id='block_1_11' title="bbox 1960 445 3552 519">
    <p class='ocr_par' dir='ltr' id='par_1_11' title="bbox 1960 445 3552 519">
     <span class='ocr_line' id='line_1_11' title="bbox 1960 445 3552 519; baseline 0.004 -19"><span class='ocrx_word' id='word_1_58' title='bbox 1960 445 2279 516; x_wconf 84' lang='lat' dir='ltr'><strong>rapiendam</strong></span> <span class='ocrx_word' id='word_1_59' title='bbox 2325 446 2718 519; x_wconf 80' lang='lat' dir='ltr'><strong>Proserpinam</strong></span> <span class='ocrx_word' id='word_1_60' title='bbox 2767 449 2930 506; x_wconf 85' lang='lat' dir='ltr'><strong>simul</strong></span> <span class='ocrx_word' id='word_1_61' title='bbox 2979 465 3106 504; x_wconf 89' lang='lat' dir='ltr'><strong>cum</strong></span> <span class='ocrx_word' id='word_1_62' title='bbox 3156 448 3405 506; x_wconf 74' lang='lat' dir='ltr'><strong>Pirithoo</strong></span> <span class='ocrx_word' id='word_1_63' title='bbox 3454 451 3552 506; x_wconf 84' lang='lat' dir='ltr'><strong>de-</strong></span> 
     </span>
    </p>
   </div>
   <div class='ocr_carea' id='block_1_12' title="bbox 1959 538 3231 604">
    <p class='ocr_par' dir='ltr' id='par_1_12' title="bbox 1959 538 3231 604">
     <span class='ocr_line' id='line_1_12' title="bbox 1959 538 3231 604; baseline 0.002 -12"><span class='ocrx_word' id='word_1_64' title='bbox 1959 538 2290 604; x_wconf 88' lang='lat' dir='ltr'><strong>scendisset,</strong></span> <span class='ocrx_word' id='word_1_65' title='bbox 2331 539 2390 594; x_wconf 91' lang='lat' dir='ltr'><strong>in</strong></span> <span class='ocrx_word' id='word_1_66' title='bbox 2415 538 2595 596; x_wconf 91' lang='lat' dir='ltr'><strong>reditu</strong></span> <span class='ocrx_word' id='word_1_67' title='bbox 2627 540 2979 596; x_wconf 87' lang='lat' dir='ltr'><strong>interemisse</strong></span> <span class='ocrx_word' id='word_1_68' title='bbox 3007 540 3231 594; x_wconf 82' lang='lat' dir='ltr'><strong>dicitur.</strong></span> 
     </span>
    </p>
   </div>
   <div class='ocr_carea' id='block_1_13' title="bbox 2543 628 2981 702">
    <p class='ocr_par' dir='ltr' id='par_1_13' title="bbox 2543 628 2981 702">
     <span class='ocr_line' id='line_1_13' title="bbox 2543 628 2981 702; baseline 0.002 -18"><span class='ocrx_word' id='word_1_69' title='bbox 2543 629 2633 684; x_wconf 72' lang='grc'><strong>52.</strong></span> <span class='ocrx_word' id='word_1_70' title='bbox 2646 676 2653 685; x_wconf 91' lang='grc'><strong>.</strong></span> <span class='ocrx_word' id='word_1_71' title='bbox 2667 628 2746 685; x_wconf 84' lang='lat' dir='ltr'><strong>De</strong></span> <span class='ocrx_word' id='word_1_72' title='bbox 2778 628 2981 702; x_wconf 81' lang='lat' dir='ltr'><strong>Scylla.</strong></span> 
     </span>
    </p>
   </div>
   <div class='ocr_carea' id='block_1_14' title="bbox 2027 720 3549 793">
    <p class='ocr_par' dir='ltr' id='par_1_14' title="bbox 2027 720 3549 793">
     <span class='ocr_line' id='line_1_14' title="bbox 2027 720 3549 793; baseline -0.001 -15"><span class='ocrx_word' id='word_1_73' title='bbox 2027 721 2086 778; x_wconf 83' lang='lat' dir='ltr'><strong>In</strong></span> <span class='ocrx_word' id='word_1_74' title='bbox 2116 720 2456 792; x_wconf 87' lang='lat' dir='ltr'><strong>Tyrrhenico</strong></span> <span class='ocrx_word' id='word_1_75' title='bbox 2479 722 2621 776; x_wconf 89' lang='lat' dir='ltr'><strong>mari</strong></span> <span class='ocrx_word' id='word_1_76' title='bbox 2647 722 2885 777; x_wconf 88' lang='lat' dir='ltr'><strong>belluam</strong></span> <span class='ocrx_word' id='word_1_77' title='bbox 2915 723 3209 793; x_wconf 81' lang='lat' dir='ltr'><strong>quamdam</strong></span> <span class='ocrx_word' id='word_1_78' title='bbox 3254 720 3428 778; x_wconf 81' lang='lat' dir='ltr'><strong>fuisse</strong></span> <span class='ocrx_word' id='word_1_79' title='bbox 3463 720 3549 777; x_wconf 85' lang='lat' dir='ltr'><strong>fa-</strong></span> 
     </span>
    </p>
   </div>
   <div class='ocr_carea' id='block_1_15' title="bbox 1955 811 3553 887">
    <p class='ocr_par' dir='ltr' id='par_1_15' title="bbox 1955 811 3553 887">
     <span class='ocr_line' id='line_1_15' title="bbox 1955 811 3553 887; baseline -0.001 -20"><span class='ocrx_word' id='word_1_80' title='bbox 1955 811 2257 887; x_wconf 85' lang='lat' dir='ltr'><strong>bulantur,</strong></span> <span class='ocrx_word' id='word_1_81' title='bbox 2287 828 2409 884; x_wconf 70' lang='lat' dir='ltr'><strong>quae</strong></span> <span class='ocrx_word' id='word_1_82' title='bbox 2456 813 2720 868; x_wconf 82' lang='lat' dir='ltr'><strong>umbilico</strong></span> <span class='ocrx_word' id='word_1_83' title='bbox 2758 820 2918 869; x_wconf 89' lang='lat' dir='ltr'><strong>tenus</strong></span> <span class='ocrx_word' id='word_1_84' title='bbox 2961 812 3157 871; x_wconf 83' lang='lat' dir='ltr'><strong>mulier</strong></span> <span class='ocrx_word' id='word_1_85' title='bbox 3196 821 3315 866; x_wconf 86' lang='lat' dir='ltr'><strong>erat</strong></span> <span class='ocrx_word' id='word_1_86' title='bbox 3360 812 3553 867; x_wconf 54' lang='lat' dir='ltr'><strong>admoc</strong></span> 
     </span>
    </p>
   </div>
   <div class='ocr_carea' id='block_1_16' title="bbox 260 901 1894 975">
    <p class='ocr_par' dir='ltr' id='par_1_16' title="bbox 260 901 1855 974">
     <span class='ocr_line' id='line_1_16' title="bbox 260 901 1855 974; baseline -0.001 -16"><span class='ocrx_word' id='word_1_87' title='bbox 260 906 423 958; x_wconf 72' lang='grc' dir='ltr'>ἐνθεν</span> <span class='ocrx_word' id='word_1_88' title='bbox 455 905 513 958; x_wconf 82' lang='grc' dir='ltr'>δὲ</span> <span class='ocrx_word' id='word_1_89' title='bbox 562 907 656 958; x_wconf 74' lang='grc' dir='ltr'>καὶ</span> <span class='ocrx_word' id='word_1_90' title='bbox 695 904 849 958; x_wconf 79' lang='grc' dir='ltr'>ἔνθεν</span> <span class='ocrx_word' id='word_1_91' title='bbox 899 904 1080 958; x_wconf 84' lang='grc' dir='ltr'>κυνῶν</span> <span class='ocrx_word' id='word_1_92' title='bbox 1126 903 1362 972; x_wconf 77' lang='grc' dir='ltr'>κεφαλαὶ</span> <span class='ocrx_word' id='word_1_93' title='bbox 1401 901 1855 974; x_wconf 85' lang='grc' dir='ltr'>προσπεφύκασιν</span> 
     </span>
    </p>
   </div>
   <div class='ocr_carea' id='block_1_17' title="bbox 1987 901 3555 975">
    <p class='ocr_par' dir='ltr' id='par_1_17' title="bbox 1987 903 3555 975">
     <span class='ocr_line' id='line_1_17' title="bbox 1987 903 3555 975; baseline -0.001 -17"><span class='ocrx_word' id='word_1_94' title='bbox 1987 907 2086 958; x_wconf 70' lang='lat' dir='ltr'><strong>lum</strong></span> <span class='ocrx_word' id='word_1_95' title='bbox 2134 903 2415 960; x_wconf 80' lang='lat' dir='ltr'><strong>formosa:</strong></span> <span class='ocrx_word' id='word_1_96' title='bbox 2451 911 2707 959; x_wconf 67' lang='lat' dir='ltr'><strong>caeterum</strong></span> <span class='ocrx_word' id='word_1_97' title='bbox 2758 904 2887 960; x_wconf 90' lang='lat' dir='ltr'><strong>hinc</strong></span> <span class='ocrx_word' id='word_1_98' title='bbox 2925 914 3087 975; x_wconf 90' lang='lat' dir='ltr'><strong>atque</strong></span> <span class='ocrx_word' id='word_1_99' title='bbox 3129 904 3284 959; x_wconf 89' lang='lat' dir='ltr'><strong>illinc</strong></span> <span class='ocrx_word' id='word_1_100' title='bbox 3322 919 3421 959; x_wconf 80' lang='lat' dir='ltr'><strong>sex</strong></span> <span class='ocrx_word' id='word_1_101' title='bbox 3458 920 3555 957; x_wconf 86' lang='lat' dir='ltr'><strong>ca-</strong></span> 
     </span>
    </p>
   </div>
   <div class='ocr_carea' id='block_1_18' title="bbox 260 995 1853 1067">
    <p class='ocr_par' dir='ltr' id='par_1_18' title="bbox 260 995 1853 1067">
     <span class='ocr_line' id='line_1_18' title="bbox 260 995 1853 1067; baseline -0.001 -18"><span class='ocrx_word' id='word_1_102' title='bbox 260 998 411 1067; x_wconf 79' lang='grc' dir='ltr'>αύτῇ</span> <span class='ocrx_word' id='word_1_103' title='bbox 443 996 536 1062; x_wconf 76' lang='grc' dir='ltr'><strong>ἒξο</strong></span> <span class='ocrx_word' id='word_1_104' title='bbox 569 997 633 1051; x_wconf 82' lang='grc' dir='ltr'><strong>τὸ</strong></span> <span class='ocrx_word' id='word_1_105' title='bbox 659 997 716 1050; x_wconf 83' lang='grc' dir='ltr'>δὲ</span> <span class='ocrx_word' id='word_1_106' title='bbox 745 998 874 1051; x_wconf 80' lang='grc' dir='ltr'>ἄλλο</span> <span class='ocrx_word' id='word_1_107' title='bbox 901 996 1076 1066; x_wconf 76' lang='grc' dir='ltr'>αὐτῆς</span> <span class='ocrx_word' id='word_1_108' title='bbox 1107 995 1267 1066; x_wconf 91' lang='grc' dir='ltr'>σῶμα</span> <span class='ocrx_word' id='word_1_109' title='bbox 1291 995 1538 1065; x_wconf 86' lang='grc' dir='ltr'>ὀφιῶδες.</span> <span class='ocrx_word' id='word_1_110' title='bbox 1582 997 1668 1059; x_wconf 89' lang='grc' dir='ltr'>Ὅ,</span> <span class='ocrx_word' id='word_1_111' title='bbox 1700 997 1853 1065; x_wconf 78' lang='grc' dir='ltr'>φησὶ,</span> 
     </span>
    </p>
   </div>
   <div class='ocr_carea' id='block_1_19' title="bbox 260 1085 1854 1159">
    <p class='ocr_par' dir='ltr' id='par_1_19' title="bbox 260 1085 1854 1159">
     <span class='ocr_line' id='line_1_19' title="bbox 260 1085 1854 1159; baseline -0.003 -18"><span class='ocrx_word' id='word_1_112' title='bbox 260 1087 460 1159; x_wconf 85' lang='grc' dir='ltr'>θηρίον</span> <span class='ocrx_word' id='word_1_113' title='bbox 493 1088 623 1151; x_wconf 82' lang='grc' dir='ltr'>τοὺς</span> <span class='ocrx_word' id='word_1_114' title='bbox 669 1086 1090 1159; x_wconf 83' lang='grc' dir='ltr'><strong>παραπλέοντας</strong></span> <span class='ocrx_word' id='word_1_115' title='bbox 1134 1085 1207 1139; x_wconf 77' lang='grc' dir='ltr'>τὰ</span> <span class='ocrx_word' id='word_1_116' title='bbox 1246 1085 1459 1157; x_wconf 83' lang='grc' dir='ltr'>πελάγη</span> <span class='ocrx_word' id='word_1_117' title='bbox 1494 1087 1669 1140; x_wconf 75' lang='grc' dir='ltr'>ταῦτα</span> <span class='ocrx_word' id='word_1_118' title='bbox 1720 1101 1854 1138; x_wconf 87' lang='grc' dir='ltr'>κατ-</span> 
     </span>
    </p>
   </div>
   <div class='ocr_carea' id='block_1_20' title="bbox 262 1177 1284 1250">
    <p class='ocr_par' dir='ltr' id='par_1_20' title="bbox 262 1177 1284 1250">
     <span class='ocr_line' id='line_1_20' title="bbox 262 1177 1284 1250; baseline 0.003 -20"><span class='ocrx_word' id='word_1_119' title='bbox 262 1178 461 1249; x_wconf 72' lang='grc' dir='ltr'>ήσθιεν</span> <span class='ocrx_word' id='word_1_120' title='bbox 489 1177 723 1250; x_wconf 75' lang='grc' dir='ltr'><strong>ἀφειδῶς</strong></span> <span class='ocrx_word' id='word_1_121' title='bbox 755 1179 851 1232; x_wconf 78' lang='grc' dir='ltr'>καὶ</span> <span class='ocrx_word' id='word_1_122' title='bbox 874 1177 1180 1249; x_wconf 75' lang='grc' dir='ltr'><strong>θηριωδῶς.</strong></span> <span class='ocrx_word' id='word_1_123' title='bbox 1273 1206 1284 1217; x_wconf 90' lang='grc'>·</span> 
     </span>
    </p>
   </div>
   <div class='ocr_carea' id='block_1_21' title="bbox 718 1269 1391 1338">
    <p class='ocr_par' dir='ltr' id='par_1_21' title="bbox 718 1269 1391 1338">
     <span class='ocr_line' id='line_1_21' title="bbox 718 1269 1391 1338; baseline 0.007 -21"><span class='ocrx_word' id='word_1_124' title='bbox 718 1270 822 1334; x_wconf 87' lang='grc' dir='ltr'>νγ’.</span> <span class='ocrx_word' id='word_1_125' title='bbox 857 1270 998 1337; x_wconf 86' lang='grc' dir='ltr'>Περὶ</span> <span class='ocrx_word' id='word_1_126' title='bbox 1023 1269 1391 1338; x_wconf 80' lang='grc' dir='ltr'>Χαρύϐδεως.</span> 
     </span>
    </p>
   </div>
   <div class='ocr_carea' id='block_1_22' title="bbox 340 1380 1857 1453">
    <p class='ocr_par' dir='ltr' id='par_1_22' title="bbox 340 1380 1857 1453">
     <span class='ocr_line' id='line_1_22' title="bbox 340 1380 1857 1453; baseline -0.001 -18"><span class='ocrx_word' id='word_1_127' title='bbox 340 1381 498 1435; x_wconf 80' lang='grc' dir='ltr'><strong>Κατᾶ</strong></span> <span class='ocrx_word' id='word_1_128' title='bbox 530 1382 592 1435; x_wconf 81' lang='grc' dir='ltr'><strong>τὸ</strong></span> <span class='ocrx_word' id='word_1_129' title='bbox 636 1382 917 1436; x_wconf 83' lang='grc' dir='ltr'>Σικελικὸν</span> <span class='ocrx_word' id='word_1_130' title='bbox 954 1383 1047 1436; x_wconf 74' lang='grc' dir='ltr'><strong>καὶ</strong></span> <span class='ocrx_word' id='word_1_131' title='bbox 1090 1380 1435 1453; x_wconf 74' lang='grc' dir='ltr'>Τυρρηνικὸν</span> <span class='ocrx_word' id='word_1_132' title='bbox 1474 1380 1710 1450; x_wconf 82' lang='grc' dir='ltr'>πέλαγος</span> <span class='ocrx_word' id='word_1_133' title='bbox 1742 1380 1857 1435; x_wconf 77' lang='grc' dir='ltr'>ἔστι</span> 
     </span>
    </p>
   </div>
   <div class='ocr_carea' id='block_1_23' title="bbox 212 1458 1860 1553">
    <p class='ocr_par' dir='ltr' id='par_1_23' title="bbox 212 1458 1860 1553">
     <span class='ocr_line' id='line_1_23' title="bbox 212 1458 1860 1553; baseline -0.001 -26"><span class='ocrx_word' id='word_1_134' title='bbox 212 1545 219 1553; x_wconf 35' lang='grc'><strong>1</strong></span> <span class='ocrx_word' id='word_1_135' title='bbox 262 1492 356 1539; x_wconf 77' lang='grc' dir='ltr'><strong>τις</strong></span> <span class='ocrx_word' id='word_1_136' title='bbox 385 1475 572 1542; x_wconf 82' lang='grc' dir='ltr'>τόπος,</span> <span class='ocrx_word' id='word_1_137' title='bbox 605 1476 664 1528; x_wconf 85' lang='grc' dir='ltr'><strong>ὲν</strong></span> <span class='ocrx_word' id='word_1_138' title='bbox 694 1467 740 1543; x_wconf 82' lang='grc' dir='ltr'><strong>ᾧ</strong></span> <span class='ocrx_word' id='word_1_139' title='bbox 762 1477 797 1546; x_wconf 80' lang='grc' dir='ltr'>ἡ</span> <span class='ocrx_word' id='word_1_140' title='bbox 828 1473 1069 1529; x_wconf 77' lang='grc' dir='ltr'><strong>Θάλασσα</strong></span> <span class='ocrx_word' id='word_1_141' title='bbox 1098 1458 1309 1542; x_wconf 80' lang='grc' dir='ltr'>γίνεται</span> <span class='ocrx_word' id='word_1_142' title='bbox 1345 1475 1599 1544; x_wconf 85' lang='grc' dir='ltr'>ἄμπωτις</span> <span class='ocrx_word' id='word_1_143' title='bbox 1637 1473 1732 1528; x_wconf 77' lang='grc' dir='ltr'><strong>καὶ</strong></span> <span class='ocrx_word' id='word_1_144' title='bbox 1764 1476 1860 1545; x_wconf 81' lang='grc' dir='ltr'><strong>ῥα-</strong></span> 
     </span>
    </p>
   </div>
   <div class='ocr_carea' id='block_1_24' title="bbox 1957 995 3552 1066">
    <p class='ocr_par' dir='ltr' id='par_1_24' title="bbox 1957 995 3552 1066">
     <span class='ocr_line' id='line_1_24' title="bbox 1957 995 3552 1066; baseline -0.001 -15"><span class='ocrx_word' id='word_1_145' title='bbox 1957 996 2089 1051; x_wconf 88' lang='lat' dir='ltr'><strong>nina</strong></span> <span class='ocrx_word' id='word_1_146' title='bbox 2127 996 2310 1066; x_wconf 89' lang='lat' dir='ltr'><strong>capita</strong></span> <span class='ocrx_word' id='word_1_147' title='bbox 2360 995 2464 1066; x_wconf 91' lang='lat' dir='ltr'><strong>ipsi</strong></span> <span class='ocrx_word' id='word_1_148' title='bbox 2507 995 2882 1059; x_wconf 71' lang='lat' dir='ltr'><strong>adhaerebant,</strong></span> <span class='ocrx_word' id='word_1_149' title='bbox 2943 1010 3007 1049; x_wconf 87' lang='lat' dir='ltr'><strong>ac</strong></span> <span class='ocrx_word' id='word_1_150' title='bbox 3049 996 3262 1064; x_wconf 83' lang='lat' dir='ltr'><strong>reliqua</strong></span> <span class='ocrx_word' id='word_1_151' title='bbox 3300 996 3552 1064; x_wconf 81' lang='lat' dir='ltr'><strong>corporis</strong></span> 
     </span>
    </p>
   </div>
   <div class='ocr_carea' id='block_1_25' title="bbox 1957 1087 3554 1160">
    <p class='ocr_par' dir='ltr' id='par_1_25' title="bbox 1957 1087 3554 1160">
     <span class='ocr_line' id='line_1_25' title="bbox 1957 1087 3554 1160; baseline 0.001 -17"><span class='ocrx_word' id='word_1_152' title='bbox 1957 1096 2113 1160; x_wconf 90' lang='lat' dir='ltr'><strong>parte</strong></span> <span class='ocrx_word' id='word_1_153' title='bbox 2151 1088 2349 1160; x_wconf 79' lang='lat' dir='ltr'><strong>anguis</strong></span> <span class='ocrx_word' id='word_1_154' title='bbox 2397 1098 2537 1152; x_wconf 88' lang='lat' dir='ltr'><strong>erat,</strong></span> <span class='ocrx_word' id='word_1_155' title='bbox 2592 1096 2756 1159; x_wconf 85' lang='lat' dir='ltr'><strong>atque</strong></span> <span class='ocrx_word' id='word_1_156' title='bbox 2802 1089 2927 1143; x_wconf 81' lang='lat' dir='ltr'><strong>illos</strong></span> <span class='ocrx_word' id='word_1_157' title='bbox 2972 1087 3067 1159; x_wconf 93' lang='lat' dir='ltr'><strong>qui</strong></span> <span class='ocrx_word' id='word_1_158' title='bbox 3105 1088 3252 1142; x_wconf 88' lang='lat' dir='ltr'><strong>circa</strong></span> <span class='ocrx_word' id='word_1_159' title='bbox 3300 1089 3420 1144; x_wconf 86' lang='lat' dir='ltr'><strong>loca</strong></span> <span class='ocrx_word' id='word_1_160' title='bbox 3457 1088 3554 1144; x_wconf 76' lang='lat' dir='ltr'><strong>illa</strong></span> 
     </span>
    </p>
   </div>
   <div class='ocr_carea' id='block_1_26' title="bbox 1960 1181 3094 1254">
    <p class='ocr_par' dir='ltr' id='par_1_26' title="bbox 1960 1181 3094 1254">
     <span class='ocr_line' id='line_1_26' title="bbox 1960 1181 3094 1254; baseline -0.004 -17"><span class='ocrx_word' id='word_1_161' title='bbox 1960 1182 2311 1254; x_wconf 80' lang='lat' dir='ltr'><strong>navigabant,</strong></span> <span class='ocrx_word' id='word_1_162' title='bbox 2339 1181 2739 1236; x_wconf 89' lang='lat' dir='ltr'><strong>immanissime</strong></span> <span class='ocrx_word' id='word_1_163' title='bbox 2772 1181 3094 1235; x_wconf 86' lang='lat' dir='ltr'><strong>devorabat.</strong></span> 
     </span>
    </p>
   </div>
   <div class='ocr_carea' id='block_1_27' title="bbox 2489 1269 3017 1342">
    <p class='ocr_par' dir='ltr' id='par_1_27' title="bbox 2489 1269 3017 1342">
     <span class='ocr_line' id='line_1_27' title="bbox 2489 1269 3017 1342; baseline -0.006 -15"><span class='ocrx_word' id='word_1_164' title='bbox 2489 1272 2576 1327; x_wconf 83' lang='grc'><strong>55.</strong></span> <span class='ocrx_word' id='word_1_165' title='bbox 2618 1272 2695 1327; x_wconf 79' lang='lat' dir='ltr'><strong>De</strong></span> <span class='ocrx_word' id='word_1_166' title='bbox 2724 1269 3017 1342; x_wconf 79' lang='lat' dir='ltr'><strong>Charybdi.</strong></span> 
     </span>
    </p>
   </div>
   <div class='ocr_carea' id='block_1_28' title="bbox 2029 1383 3556 1457">
    <p class='ocr_par' dir='ltr' id='par_1_28' title="bbox 2029 1383 3556 1457">
     <span class='ocr_line' id='line_1_28' title="bbox 2029 1383 3556 1457; baseline -0.001 -16"><span class='ocrx_word' id='word_1_167' title='bbox 2029 1386 2186 1441; x_wconf 79' lang='lat' dir='ltr'><strong>Circa</strong></span> <span class='ocrx_word' id='word_1_168' title='bbox 2237 1385 2509 1449; x_wconf 89' lang='lat' dir='ltr'><strong>Siculum,</strong></span> <span class='ocrx_word' id='word_1_169' title='bbox 2552 1385 2656 1441; x_wconf 87' lang='lat' dir='ltr'><strong>hoc</strong></span> <span class='ocrx_word' id='word_1_170' title='bbox 2689 1397 2772 1440; x_wconf 91' lang='lat' dir='ltr'><strong>est</strong></span> <span class='ocrx_word' id='word_1_171' title='bbox 2813 1383 3216 1457; x_wconf 85' lang='lat' dir='ltr'><strong>Tyrrhenicum</strong></span> <span class='ocrx_word' id='word_1_172' title='bbox 3253 1399 3425 1448; x_wconf 85' lang='lat' dir='ltr'><strong>mare,</strong></span> <span class='ocrx_word' id='word_1_173' title='bbox 3473 1385 3556 1439; x_wconf 89' lang='lat' dir='ltr'><strong>lo-</strong></span> 
     </span>
    </p>
   </div>
   <div class='ocr_carea' id='block_1_29' title="bbox 1960 1476 3558 1549">
    <p class='ocr_par' dir='ltr' id='par_1_29' title="bbox 1960 1476 3558 1549">
     <span class='ocr_line' id='line_1_29' title="bbox 1960 1476 3558 1549; baseline -0.001 -16"><span class='ocrx_word' id='word_1_174' title='bbox 1960 1494 2059 1534; x_wconf 89' lang='lat' dir='ltr'><strong>cus</strong></span> <span class='ocrx_word' id='word_1_175' title='bbox 2086 1478 2309 1549; x_wconf 89' lang='lat' dir='ltr'><strong>quidam</strong></span> <span class='ocrx_word' id='word_1_176' title='bbox 2347 1485 2453 1540; x_wconf 88' lang='lat' dir='ltr'><strong>est,</strong></span> <span class='ocrx_word' id='word_1_177' title='bbox 2503 1477 2556 1531; x_wconf 93' lang='lat' dir='ltr'><strong>in</strong></span> <span class='ocrx_word' id='word_1_178' title='bbox 2585 1493 2697 1549; x_wconf 90' lang='lat' dir='ltr'><strong>quo</strong></span> <span class='ocrx_word' id='word_1_179' title='bbox 2739 1492 2890 1532; x_wconf 90' lang='lat' dir='ltr'><strong>mare</strong></span> <span class='ocrx_word' id='word_1_180' title='bbox 2925 1476 3073 1531; x_wconf 90' lang='lat' dir='ltr'><strong>velut</strong></span> <span class='ocrx_word' id='word_1_181' title='bbox 3109 1476 3162 1531; x_wconf 90' lang='lat' dir='ltr'><strong>in</strong></span> <span class='ocrx_word' id='word_1_182' title='bbox 3196 1493 3256 1532; x_wconf 91' lang='lat' dir='ltr'><strong>se</strong></span> <span class='ocrx_word' id='word_1_183' title='bbox 3289 1476 3558 1532; x_wconf 76' lang='lat' dir='ltr'><strong>absorbe-</strong></span> 
     </span>
    </p>
   </div>
   <div class='ocr_carea' id='block_1_30' title="bbox 265 1565 1894 1649">
    <p class='ocr_par' dir='ltr' id='par_1_30' title="bbox 265 1565 1861 1638">
     <span class='ocr_line' id='line_1_30' title="bbox 265 1565 1861 1638; baseline 0.001 -20"><span class='ocrx_word' id='word_1_184' title='bbox 265 1566 366 1637; x_wconf 77' lang='grc' dir='ltr'>χξα</span> <span class='ocrx_word' id='word_1_185' title='bbox 387 1581 400 1594; x_wconf 92' lang='grc'><strong>·</strong></span> <span class='ocrx_word' id='word_1_186' title='bbox 434 1565 529 1618; x_wconf 79' lang='grc' dir='ltr'><strong>καὶ</strong></span> <span class='ocrx_word' id='word_1_187' title='bbox 556 1565 827 1619; x_wconf 79' lang='grc' dir='ltr'>διίσταται</span> <span class='ocrx_word' id='word_1_188' title='bbox 870 1565 934 1619; x_wconf 77' lang='grc' dir='ltr'>τὸ</span> <span class='ocrx_word' id='word_1_189' title='bbox 961 1565 1105 1637; x_wconf 69' lang='grc' dir='ltr'>ὓδωρ</span> <span class='ocrx_word' id='word_1_190' title='bbox 1127 1605 1143 1630; x_wconf 92' lang='grc'><strong>,</strong></span> <span class='ocrx_word' id='word_1_191' title='bbox 1177 1565 1320 1618; x_wconf 81' lang='grc' dir='ltr'>ὥστε</span> <span class='ocrx_word' id='word_1_192' title='bbox 1349 1566 1442 1620; x_wconf 82' lang='grc' dir='ltr'><strong>τὸν</strong></span> <span class='ocrx_word' id='word_1_193' title='bbox 1477 1565 1731 1638; x_wconf 82' lang='grc' dir='ltr'>πυθμένα</span> <span class='ocrx_word' id='word_1_194' title='bbox 1761 1568 1861 1635; x_wconf 84' lang='grc' dir='ltr'>τῆς</span> 
     </span>
    </p>
   </div>
   <div class='ocr_carea' id='block_1_31' title="bbox 1987 1565 3552 1649">
    <p class='ocr_par' dir='ltr' id='par_1_31' title="bbox 1987 1568 3552 1649">
     <span class='ocr_line' id='line_1_31' title="bbox 1987 1568 3552 1649; baseline -0.001 -24"><span class='ocrx_word' id='word_1_195' title='bbox 1987 1588 2069 1638; x_wconf 87' lang='lat' dir='ltr'><strong>ur,</strong></span> <span class='ocrx_word' id='word_1_196' title='bbox 2104 1571 2464 1649; x_wconf 84' lang='lat' dir='ltr'><strong>vicissimque</strong></span> <span class='ocrx_word' id='word_1_197' title='bbox 2491 1578 2778 1636; x_wconf 68' lang='lat' dir='ltr'><strong>exaestuat,</strong></span> <span class='ocrx_word' id='word_1_198' title='bbox 2820 1578 2986 1639; x_wconf 87' lang='lat' dir='ltr'><strong>atque</strong></span> <span class='ocrx_word' id='word_1_199' title='bbox 3034 1568 3180 1623; x_wconf 89' lang='lat' dir='ltr'><strong>unda</strong></span> <span class='ocrx_word' id='word_1_200' title='bbox 3214 1575 3506 1639; x_wconf 81' lang='lat' dir='ltr'><strong>separatur</strong></span> <span class='ocrx_word' id='word_1_201' title='bbox 3535 1587 3552 1624; x_wconf 88' lang='lat'><strong>:</strong></span> 
     </span>
    </p>
   </div>
   <div class='ocr_carea' id='block_1_32' title="bbox 266 1655 1855 1728">
    <p class='ocr_par' dir='ltr' id='par_1_32' title="bbox 266 1655 1855 1728">
     <span class='ocr_line' id='line_1_32' title="bbox 266 1655 1855 1728; baseline 0.001 -19"><span class='ocrx_word' id='word_1_202' title='bbox 266 1656 552 1728; x_wconf 76' lang='grc' dir='ltr'>θαλάσσης</span> <span class='ocrx_word' id='word_1_203' title='bbox 574 1656 715 1710; x_wconf 84' lang='grc' dir='ltr'>κατὰ</span> <span class='ocrx_word' id='word_1_204' title='bbox 728 1656 886 1710; x_wconf 81' lang='grc' dir='ltr'>τοῦτο</span> <span class='ocrx_word' id='word_1_205' title='bbox 900 1656 962 1710; x_wconf 78' lang='grc' dir='ltr'>τὸ</span> <span class='ocrx_word' id='word_1_206' title='bbox 987 1657 1174 1728; x_wconf 85' lang='grc' dir='ltr'>μέρος,</span> <span class='ocrx_word' id='word_1_207' title='bbox 1196 1656 1312 1725; x_wconf 77' lang='grc' dir='ltr'>εἴγε</span> <span class='ocrx_word' id='word_1_208' title='bbox 1337 1656 1584 1719; x_wconf 75' lang='grc' dir='ltr'>δυνατὸν,</span> <span class='ocrx_word' id='word_1_209' title='bbox 1605 1655 1855 1728; x_wconf 79' lang='grc' dir='ltr'>ὁρᾶσθαι.</span> 
     </span>
    </p>
   </div>
   <div class='ocr_carea' id='block_1_33' title="bbox 1963 1658 3551 1734">
    <p class='ocr_par' dir='ltr' id='par_1_33' title="bbox 1963 1658 3551 1734">
     <span class='ocr_line' id='line_1_33' title="bbox 1963 1658 3551 1734; baseline -0.004 -16"><span class='ocrx_word' id='word_1_210' title='bbox 1963 1664 2100 1718; x_wconf 87' lang='lat' dir='ltr'><strong>adeo</strong></span> <span class='ocrx_word' id='word_1_211' title='bbox 2136 1672 2194 1718; x_wconf 92' lang='lat' dir='ltr'><strong>ut</strong></span> <span class='ocrx_word' id='word_1_212' title='bbox 2224 1664 2402 1734; x_wconf 90' lang='lat' dir='ltr'><strong>ipsum</strong></span> <span class='ocrx_word' id='word_1_213' title='bbox 2456 1663 2625 1719; x_wconf 89' lang='lat' dir='ltr'><strong>maris</strong></span> <span class='ocrx_word' id='word_1_214' title='bbox 2669 1663 2921 1725; x_wconf 82' lang='lat' dir='ltr'><strong>fundum,</strong></span> <span class='ocrx_word' id='word_1_215' title='bbox 2954 1663 2998 1716; x_wconf 91' lang='lat' dir='ltr'><strong>si</strong></span> <span class='ocrx_word' id='word_1_216' title='bbox 3051 1660 3272 1732; x_wconf 90' lang='lat' dir='ltr'><strong>quidem</strong></span> <span class='ocrx_word' id='word_1_217' title='bbox 3323 1660 3377 1714; x_wconf 91' lang='lat' dir='ltr'><strong>id</strong></span> <span class='ocrx_word' id='word_1_218' title='bbox 3431 1658 3551 1714; x_wconf 79' lang='lat' dir='ltr'><strong>ﬁeri</strong></span> 
     </span>
    </p>
   </div>
   <div class='ocr_carea' id='block_1_34' title="bbox 270 1731 1894 1827">
    <p class='ocr_par' dir='ltr' id='par_1_34' title="bbox 270 1744 1894 1821">
     <span class='ocr_line' id='line_1_34' title="bbox 270 1744 1894 1821; baseline -0.001 -19"><span class='ocrx_word' id='word_1_219' title='bbox 270 1750 568 1821; x_wconf 77' lang='grc' dir='ltr'>Ἀμπωτις</span> <span class='ocrx_word' id='word_1_220' title='bbox 597 1749 654 1802; x_wconf 88' lang='grc' dir='ltr'><strong>δέ</strong></span> <span class='ocrx_word' id='word_1_221' title='bbox 684 1751 856 1812; x_wconf 76' lang='grc' dir='ltr'>ἐστιν,</span> <span class='ocrx_word' id='word_1_222' title='bbox 906 1744 1018 1803; x_wconf 73' lang='grc' dir='ltr'>οἷον</span> <span class='ocrx_word' id='word_1_223' title='bbox 1067 1747 1336 1810; x_wconf 83' lang='grc' dir='ltr'>ἀνάποσίς</span> <span class='ocrx_word' id='word_1_224' title='bbox 1373 1766 1460 1811; x_wconf 85' lang='grc' dir='ltr'><strong>τις</strong></span> <span class='ocrx_word' id='word_1_225' title='bbox 1492 1749 1587 1802; x_wconf 77' lang='grc' dir='ltr'><strong>καὶ</strong></span> <span class='ocrx_word' id='word_1_226' title='bbox 1624 1748 1861 1820; x_wconf 80' lang='grc' dir='ltr'>ἀναρρό-</span> <span class='ocrx_word' id='word_1_227' title='bbox 1893 1780 1894 1784; x_wconf 59' lang='grc' dir='ltr'><strong>η</strong></span> 
     </span>
    </p>
   </div>
   <div class='ocr_carea' id='block_1_35' title="bbox 1987 1731 3558 1827">
    <p class='ocr_par' dir='ltr' id='par_1_35' title="bbox 1987 1753 3558 1825">
     <span class='ocr_line' id='line_1_35' title="bbox 1987 1753 3558 1825; baseline -0.006 -13"><span class='ocrx_word' id='word_1_228' title='bbox 1987 1763 2168 1819; x_wconf 79' lang='lat' dir='ltr'><strong>tosset,</strong></span> <span class='ocrx_word' id='word_1_229' title='bbox 2199 1755 2381 1809; x_wconf 89' lang='lat' dir='ltr'><strong>hacin</strong></span> <span class='ocrx_word' id='word_1_230' title='bbox 2412 1764 2565 1825; x_wconf 91' lang='lat' dir='ltr'><strong>parte</strong></span> <span class='ocrx_word' id='word_1_231' title='bbox 2592 1755 2912 1824; x_wconf 87' lang='lat' dir='ltr'><strong>conspicere</strong></span> <span class='ocrx_word' id='word_1_232' title='bbox 2938 1753 3120 1808; x_wconf 89' lang='lat' dir='ltr'><strong>liceat.</strong></span> <span class='ocrx_word' id='word_1_233' title='bbox 3150 1753 3444 1822; x_wconf 83' lang='grc' dir='ltr'>Ἀμπωτις</span> <span class='ocrx_word' id='word_1_234' title='bbox 3471 1759 3558 1805; x_wconf 78' lang='lat' dir='ltr'><strong>cst</strong></span> 
     </span>
    </p>
   </div>
   <div class='ocr_carea' id='block_1_36' title="bbox 267 1838 1864 1910">
    <p class='ocr_par' dir='ltr' id='par_1_36' title="bbox 267 1838 1864 1910">
     <span class='ocr_line' id='line_1_36' title="bbox 267 1838 1864 1910; baseline -0.001 -17"><span class='ocrx_word' id='word_1_235' title='bbox 267 1856 441 1910; x_wconf 80' lang='grc' dir='ltr'>φησις</span> <span class='ocrx_word' id='word_1_236' title='bbox 463 1856 478 1872; x_wconf 88' lang='grc'><strong>·</strong></span> <span class='ocrx_word' id='word_1_237' title='bbox 520 1839 583 1893; x_wconf 77' lang='grc' dir='ltr'>τὺ</span> <span class='ocrx_word' id='word_1_238' title='bbox 607 1838 664 1892; x_wconf 78' lang='grc' dir='ltr'>δὲ</span> <span class='ocrx_word' id='word_1_239' title='bbox 700 1839 848 1910; x_wconf 77' lang='grc' dir='ltr'>ὕδωρ</span> <span class='ocrx_word' id='word_1_240' title='bbox 883 1839 1168 1894; x_wconf 79' lang='grc' dir='ltr'>ὑπονοστεῖ</span> <span class='ocrx_word' id='word_1_241' title='bbox 1198 1839 1256 1894; x_wconf 76' lang='grc' dir='ltr'>ἐν</span> <span class='ocrx_word' id='word_1_242' title='bbox 1286 1856 1398 1893; x_wconf 88' lang='grc' dir='ltr'>τισι</span> <span class='ocrx_word' id='word_1_243' title='bbox 1420 1839 1725 1909; x_wconf 81' lang='grc' dir='ltr'>κοιλώμασι</span> <span class='ocrx_word' id='word_1_244' title='bbox 1755 1839 1864 1892; x_wconf 87' lang='grc' dir='ltr'><strong>τῶν</strong></span> 
     </span>
    </p>
   </div>
   <div class='ocr_carea' id='block_1_37' title="bbox 267 1929 1861 2003">
    <p class='ocr_par' dir='ltr' id='par_1_37' title="bbox 267 1929 1861 2003">
     <span class='ocr_line' id='line_1_37' title="bbox 267 1929 1861 2003; baseline -0.001 -20"><span class='ocrx_word' id='word_1_245' title='bbox 267 1929 513 2000; x_wconf 75' lang='grc' dir='ltr'>πετρῶν,</span> <span class='ocrx_word' id='word_1_246' title='bbox 536 1931 633 1984; x_wconf 66' lang='grc' dir='ltr'><strong>καλ⁸</strong></span> <span class='ocrx_word' id='word_1_247' title='bbox 660 1930 824 1984; x_wconf 78' lang='grc' dir='ltr'>πάλιν</span> <span class='ocrx_word' id='word_1_248' title='bbox 853 1931 1212 2002; x_wconf 79' lang='grc' dir='ltr'>ἐκρήγνυται,</span> <span class='ocrx_word' id='word_1_249' title='bbox 1241 1929 1269 1984; x_wconf 81' lang='grc' dir='ltr'><strong>ὃ</strong></span> <span class='ocrx_word' id='word_1_250' title='bbox 1290 1931 1386 1984; x_wconf 80' lang='grc' dir='ltr'><strong>καὶ</strong></span> <span class='ocrx_word' id='word_1_251' title='bbox 1409 1930 1653 1984; x_wconf 79' lang='grc' dir='ltr'>καλεῖται</span> <span class='ocrx_word' id='word_1_252' title='bbox 1676 1929 1861 2003; x_wconf 76' lang='grc' dir='ltr'>ῥαχία.</span> 
     </span>
    </p>
   </div>
   <div class='ocr_carea' id='block_1_38' title="bbox 268 2020 1864 2088">
    <p class='ocr_par' dir='ltr' id='par_1_38' title="bbox 268 2020 1864 2088">
     <span class='ocr_line' id='line_1_38' title="bbox 268 2020 1864 2088; baseline -0.002 -11"><span class='ocrx_word' id='word_1_253' title='bbox 268 2020 387 2078; x_wconf 85' lang='grc' dir='ltr'>Ἦν</span> <span class='ocrx_word' id='word_1_254' title='bbox 414 2024 472 2078; x_wconf 82' lang='grc' dir='ltr'>δὲ</span> <span class='ocrx_word' id='word_1_255' title='bbox 502 2020 658 2088; x_wconf 79' lang='grc' dir='ltr'>οὗτος</span> <span class='ocrx_word' id='word_1_256' title='bbox 690 2025 719 2075; x_wconf 82' lang='grc' dir='ltr'>ὁ</span> <span class='ocrx_word' id='word_1_257' title='bbox 757 2023 922 2087; x_wconf 82' lang='grc' dir='ltr'>τόπος</span> <span class='ocrx_word' id='word_1_258' title='bbox 954 2025 1067 2087; x_wconf 84' lang='grc' dir='ltr'>τοῖς</span> <span class='ocrx_word' id='word_1_259' title='bbox 1102 2022 1357 2077; x_wconf 83' lang='grc' dir='ltr'>πλέουσιν</span> <span class='ocrx_word' id='word_1_260' title='bbox 1396 2023 1735 2086; x_wconf 79' lang='grc' dir='ltr'>ἐπικίνδυνος</span> <span class='ocrx_word' id='word_1_261' title='bbox 1768 2022 1864 2075; x_wconf 84' lang='grc' dir='ltr'><strong>καί</strong></span> 
     </span>
    </p>
   </div>
   <div class='ocr_carea' id='block_1_39' title="bbox 266 2108 1867 2182">
    <p class='ocr_par' dir='ltr' id='par_1_39' title="bbox 266 2108 1867 2182">
     <span class='ocr_line' id='line_1_39' title="bbox 266 2108 1867 2182; baseline -0.005 -15"><span class='ocrx_word' id='word_1_262' title='bbox 266 2112 508 2170; x_wconf 83' lang='grc' dir='ltr'>θανάτου</span> <span class='ocrx_word' id='word_1_263' title='bbox 543 2113 761 2182; x_wconf 76' lang='grc' dir='ltr'>μεστός.</span> <span class='ocrx_word' id='word_1_264' title='bbox 807 2110 1160 2182; x_wconf 79' lang='grc' dir='ltr'>Ὀλοσρύχιον</span> <span class='ocrx_word' id='word_1_265' title='bbox 1188 2110 1299 2182; x_wconf 83' lang='grc' dir='ltr'>γὰρ</span> <span class='ocrx_word' id='word_1_266' title='bbox 1340 2110 1401 2163; x_wconf 83' lang='grc' dir='ltr'><strong>τὸ</strong></span> <span class='ocrx_word' id='word_1_267' title='bbox 1431 2110 1616 2162; x_wconf 82' lang='grc' dir='ltr'>πλοῖον</span> <span class='ocrx_word' id='word_1_268' title='bbox 1658 2108 1867 2176; x_wconf 77' lang='grc' dir='ltr'>ἐγίνετο</span> 
     </span>
    </p>
   </div>
   <div class='ocr_carea' id='block_1_40' title="bbox 269 2196 1863 2273">
    <p class='ocr_par' dir='ltr' id='par_1_40' title="bbox 269 2196 1863 2273">
     <span class='ocr_line' id='line_1_40' title="bbox 269 2196 1863 2273; baseline -0.006 -15"><span class='ocrx_word' id='word_1_269' title='bbox 269 2206 333 2259; x_wconf 68' lang='grc' dir='ltr'><strong>δν</strong></span> <span class='ocrx_word' id='word_1_270' title='bbox 367 2201 549 2273; x_wconf 82' lang='grc' dir='ltr'>τούτῳ</span> <span class='ocrx_word' id='word_1_271' title='bbox 577 2202 656 2272; x_wconf 82' lang='grc' dir='ltr'>τῷ</span> <span class='ocrx_word' id='word_1_272' title='bbox 680 2202 851 2272; x_wconf 85' lang='grc' dir='ltr'>τόπῳ,</span> <span class='ocrx_word' id='word_1_273' title='bbox 880 2203 927 2254; x_wconf 81' lang='grc' dir='ltr'>εί</span> <span class='ocrx_word' id='word_1_274' title='bbox 958 2199 1158 2270; x_wconf 73' lang='grc' dir='ltr'>συνέϐη</span> <span class='ocrx_word' id='word_1_275' title='bbox 1178 2241 1194 2264; x_wconf 92' lang='grc'><strong>,</strong></span> <span class='ocrx_word' id='word_1_276' title='bbox 1221 2199 1476 2262; x_wconf 81' lang='grc' dir='ltr'>πλέοντος</span> <span class='ocrx_word' id='word_1_277' title='bbox 1500 2196 1596 2251; x_wconf 81' lang='grc' dir='ltr'><strong>τοῦ</strong></span> <span class='ocrx_word' id='word_1_278' title='bbox 1637 2196 1825 2250; x_wconf 90' lang='grc' dir='ltr'>πλοίου</span> <span class='ocrx_word' id='word_1_279' title='bbox 1847 2236 1863 2260; x_wconf 92' lang='grc'><strong>,</strong></span> 
     </span>
    </p>
   </div>
   <div class='ocr_carea' id='block_1_41' title="bbox 268 2288 1866 2366">
    <p class='ocr_par' dir='ltr' id='par_1_41' title="bbox 268 2288 1866 2366">
     <span class='ocr_line' id='line_1_41' title="bbox 268 2288 1866 2366; baseline -0.006 -16"><span class='ocrx_word' id='word_1_280' title='bbox 268 2294 532 2366; x_wconf 89' lang='grc' dir='ltr'>γενέσθαι</span> <span class='ocrx_word' id='word_1_281' title='bbox 558 2293 850 2366; x_wconf 81' lang='grc' dir='ltr'>ἀμπώτιδα</span> <span class='ocrx_word' id='word_1_282' title='bbox 883 2291 979 2347; x_wconf 83' lang='grc' dir='ltr'><strong>καὶ</strong></span> <span class='ocrx_word' id='word_1_283' title='bbox 1015 2291 1230 2363; x_wconf 81' lang='grc' dir='ltr'>ῥαχίαν.</span> <span class='ocrx_word' id='word_1_284' title='bbox 1271 2291 1406 2363; x_wconf 74' lang='grc' dir='ltr'>Περὶ</span> <span class='ocrx_word' id='word_1_285' title='bbox 1443 2289 1650 2344; x_wconf 87' lang='grc' dir='ltr'>τούτων</span> <span class='ocrx_word' id='word_1_286' title='bbox 1687 2288 1866 2358; x_wconf 78' lang='grc' dir='ltr'>Ὅιιη-</span> 
     </span>
    </p>
   </div>
   <div class='ocr_carea' id='block_1_42' title="bbox 274 2383 534 2456">
    <p class='ocr_par' dir='ltr' id='par_1_42' title="bbox 274 2383 534 2456">
     <span class='ocr_line' id='line_1_42' title="bbox 274 2383 534 2456; baseline -0.012 0"><span class='ocrx_word' id='word_1_287' title='bbox 274 2400 369 2456; x_wconf 76' lang='grc' dir='ltr'>ρος</span> <span class='ocrx_word' id='word_1_288' title='bbox 396 2383 534 2454; x_wconf 69' lang='grc' dir='ltr'><strong>ἔφη’</strong></span> 
     </span>
    </p>
   </div>
   <div class='ocr_carea' id='block_1_43' title="bbox 349 2568 1829 2642">
    <p class='ocr_par' dir='ltr' id='par_1_43' title="bbox 349 2568 1829 2642">
     <span class='ocr_line' id='line_1_43' title="bbox 349 2568 1829 2642; baseline -0.002 -17"><span class='ocrx_word' id='word_1_289' title='bbox 349 2574 569 2628; x_wconf 81' lang='grc' dir='ltr'>Ἔνθεν</span> <span class='ocrx_word' id='word_1_290' title='bbox 582 2571 701 2642; x_wconf 78' lang='grc' dir='ltr'>μὲν</span> <span class='ocrx_word' id='word_1_291' title='bbox 733 2574 1004 2639; x_wconf 74' lang='grc' dir='ltr'>Σκύλλη,</span> <span class='ocrx_word' id='word_1_292' title='bbox 1032 2570 1272 2640; x_wconf 81' lang='grc' dir='ltr'>ἑτέρωθι</span> <span class='ocrx_word' id='word_1_293' title='bbox 1299 2571 1367 2624; x_wconf 90' lang='grc' dir='ltr'>δὲ</span> <span class='ocrx_word' id='word_1_294' title='bbox 1386 2569 1485 2624; x_wconf 87' lang='grc' dir='ltr'>δῖα</span> <span class='ocrx_word' id='word_1_295' title='bbox 1515 2568 1829 2638; x_wconf 73' lang='grc' dir='ltr'>Χάρυόδις.</span> 
     </span>
    </p>
   </div>
   <div class='ocr_carea' id='block_1_44' title="bbox 289 2660 1871 2733">
    <p class='ocr_par' dir='ltr' id='par_1_44' title="bbox 289 2660 1871 2733">
     <span class='ocr_line' id='line_1_44' title="bbox 289 2660 1871 2733; baseline -0.003 -15"><span class='ocrx_word' id='word_1_296' title='bbox 289 2664 595 2718; x_wconf 79' lang='grc' dir='ltr'>Ἀντίθετον</span> <span class='ocrx_word' id='word_1_297' title='bbox 620 2664 678 2717; x_wconf 83' lang='grc' dir='ltr'>δὲ</span> <span class='ocrx_word' id='word_1_298' title='bbox 709 2663 938 2718; x_wconf 77' lang='grc' dir='ltr'>ἐκάλεσε</span> <span class='ocrx_word' id='word_1_299' title='bbox 965 2661 1065 2733; x_wconf 83' lang='grc' dir='ltr'>τὴν</span> <span class='ocrx_word' id='word_1_300' title='bbox 1090 2661 1382 2733; x_wconf 76' lang='grc' dir='ltr'>Χάρυϐδιν,</span> <span class='ocrx_word' id='word_1_301' title='bbox 1418 2661 1555 2733; x_wconf 81' lang='grc' dir='ltr'>πρὸς</span> <span class='ocrx_word' id='word_1_302' title='bbox 1579 2661 1678 2731; x_wconf 84' lang='grc' dir='ltr'>τὴν</span> <span class='ocrx_word' id='word_1_303' title='bbox 1708 2660 1871 2714; x_wconf 88' lang='grc' dir='ltr'>Σκύλ-</span> 
     </span>
    </p>
   </div>
   <div class='ocr_carea' id='block_1_45' title="bbox 275 2752 759 2827">
    <p class='ocr_par' dir='ltr' id='par_1_45' title="bbox 275 2752 759 2827">
     <span class='ocr_line' id='line_1_45' title="bbox 275 2752 759 2827; baseline -0.002 -18"><span class='ocrx_word' id='word_1_304' title='bbox 275 2756 376 2809; x_wconf 78' lang='grc' dir='ltr'><strong>λαν</strong></span> <span class='ocrx_word' id='word_1_305' title='bbox 402 2752 759 2827; x_wconf 73' lang='grc' dir='ltr'>παραϐαλών.</span> 
     </span>
    </p>
   </div>
   <div class='ocr_carea' id='block_1_46' title="bbox 554 2839 1585 2913">
    <p class='ocr_par' dir='ltr' id='par_1_46' title="bbox 554 2839 1585 2913">
     <span class='ocr_line' id='line_1_46' title="bbox 554 2839 1585 2913; baseline -0.002 -14"><span class='ocrx_word' id='word_1_306' title='bbox 554 2845 648 2899; x_wconf 75' lang='grc' dir='ltr'><strong>νδ.</strong></span> <span class='ocrx_word' id='word_1_307' title='bbox 671 2844 810 2913; x_wconf 76' lang='grc' dir='ltr'>Περὶ</span> <span class='ocrx_word' id='word_1_308' title='bbox 838 2841 950 2912; x_wconf 83' lang='grc' dir='ltr'>τῆς</span> <span class='ocrx_word' id='word_1_309' title='bbox 976 2843 1083 2897; x_wconf 83' lang='grc' dir='ltr'>τοῦ</span> <span class='ocrx_word' id='word_1_310' title='bbox 1116 2840 1304 2913; x_wconf 75' lang='grc' dir='ltr'>’ᾼδου</span> <span class='ocrx_word' id='word_1_311' title='bbox 1337 2839 1585 2908; x_wconf 80' lang='grc' dir='ltr'><strong>κυνέης.</strong></span> 
     </span>
    </p>
   </div>
   <div class='ocr_carea' id='block_1_47' title="bbox 352 2953 1873 3033">
    <p class='ocr_par' dir='ltr' id='par_1_47' title="bbox 352 2953 1873 3033">
     <span class='ocr_line' id='line_1_47' title="bbox 352 2953 1873 3033; baseline -0.005 -18"><span class='ocrx_word' id='word_1_312' title='bbox 352 2963 502 3031; x_wconf 83' lang='grc' dir='ltr'>’Ὀμη</span> <span class='ocrx_word' id='word_1_313' title='bbox 513 2977 604 3033; x_wconf 84' lang='grc' dir='ltr'><strong>ρος</strong></span> <span class='ocrx_word' id='word_1_314' title='bbox 627 2960 657 3012; x_wconf 85' lang='grc' dir='ltr'>ὁ</span> <span class='ocrx_word' id='word_1_315' title='bbox 698 2958 930 3029; x_wconf 84' lang='grc' dir='ltr'>ποιητὴς</span> <span class='ocrx_word' id='word_1_316' title='bbox 959 2957 1204 3028; x_wconf 76' lang='grc' dir='ltr'>εἰσφέρει</span> <span class='ocrx_word' id='word_1_317' title='bbox 1229 2954 1322 3009; x_wconf 79' lang='grc' dir='ltr'><strong>τὸν</strong></span> <span class='ocrx_word' id='word_1_318' title='bbox 1344 2956 1444 3008; x_wconf 87' lang='grc' dir='ltr'>Δία</span> <span class='ocrx_word' id='word_1_319' title='bbox 1466 2955 1730 3026; x_wconf 86' lang='grc' dir='ltr'>άορασίαν</span> <span class='ocrx_word' id='word_1_320' title='bbox 1751 2953 1873 3008; x_wconf 83' lang='grc' dir='ltr'>τινὰ</span> 
     </span>
    </p>
   </div>
   <div class='ocr_carea' id='block_1_48' title="bbox 1965 1843 3551 1918">
    <p class='ocr_par' dir='ltr' id='par_1_48' title="bbox 1965 1843 3551 1918">
     <span class='ocr_line' id='line_1_48' title="bbox 1965 1843 3551 1918; baseline -0.006 -16"><span class='ocrx_word' id='word_1_321' title='bbox 1965 1848 2125 1918; x_wconf 85' lang='lat' dir='ltr'><strong>quasi</strong></span> <span class='ocrx_word' id='word_1_322' title='bbox 2165 1847 2431 1909; x_wconf 85' lang='grc' dir='ltr'>ἀνάποσις</span> <span class='ocrx_word' id='word_1_323' title='bbox 2458 1846 2734 1916; x_wconf 64' lang='lat' dir='ltr'><strong>quaedam,</strong></span> <span class='ocrx_word' id='word_1_324' title='bbox 2767 1846 2820 1900; x_wconf 89' lang='lat' dir='ltr'><strong>id</strong></span> <span class='ocrx_word' id='word_1_325' title='bbox 2855 1851 2960 1910; x_wconf 91' lang='lat' dir='ltr'><strong>est,</strong></span> <span class='ocrx_word' id='word_1_326' title='bbox 2995 1843 3248 1899; x_wconf 81' lang='lat' dir='ltr'><strong>reltibitio</strong></span> <span class='ocrx_word' id='word_1_327' title='bbox 3274 1857 3338 1897; x_wconf 88' lang='lat' dir='ltr'><strong>ac</strong></span> <span class='ocrx_word' id='word_1_328' title='bbox 3368 1857 3551 1898; x_wconf 82' lang='lat' dir='ltr'><strong>reSOr-</strong></span> 
     </span>
    </p>
   </div>
   <div class='ocr_carea' id='block_1_49' title="bbox 1968 1931 3559 2007">
    <p class='ocr_par' dir='ltr' id='par_1_49' title="bbox 1968 1931 3559 2007">
     <span class='ocr_line' id='line_1_49' title="bbox 1968 1931 3559 2007; baseline -0.005 -16"><span class='ocrx_word' id='word_1_329' title='bbox 1968 1938 2101 1991; x_wconf 89' lang='lat' dir='ltr'><strong>bitio</strong></span> <span class='ocrx_word' id='word_1_330' title='bbox 2132 1952 2308 2007; x_wconf 75' lang='lat' dir='ltr'><strong>aquae.</strong></span> <span class='ocrx_word' id='word_1_331' title='bbox 2352 1935 2505 1991; x_wconf 87' lang='lat' dir='ltr'><strong>Unda</strong></span> <span class='ocrx_word' id='word_1_332' title='bbox 2549 1936 2697 1990; x_wconf 82' lang='lat' dir='ltr'><strong>enim</strong></span> <span class='ocrx_word' id='word_1_333' title='bbox 2733 1936 2789 1988; x_wconf 88' lang='lat' dir='ltr'><strong>in</strong></span> <span class='ocrx_word' id='word_1_334' title='bbox 2833 1933 3166 2003; x_wconf 83' lang='lat' dir='ltr'><strong>quibusdam</strong></span> <span class='ocrx_word' id='word_1_335' title='bbox 3213 1931 3435 2000; x_wconf 91' lang='lat' dir='ltr'><strong>rupium</strong></span> <span class='ocrx_word' id='word_1_336' title='bbox 3463 1945 3559 1984; x_wconf 82' lang='lat' dir='ltr'><strong>ca-</strong></span> 
     </span>
    </p>
   </div>
   <div class='ocr_carea' id='block_1_50' title="bbox 1967 2019 3557 2094">
    <p class='ocr_par' dir='ltr' id='par_1_50' title="bbox 1967 2019 3557 2094">
     <span class='ocr_line' id='line_1_50' title="bbox 1967 2019 3557 2094; baseline -0.006 -11"><span class='ocrx_word' id='word_1_337' title='bbox 1967 2029 2226 2084; x_wconf 83' lang='lat' dir='ltr'><strong>vitatibus</strong></span> <span class='ocrx_word' id='word_1_338' title='bbox 2250 2029 2508 2089; x_wconf 88' lang='lat' dir='ltr'><strong>subsidit,</strong></span> <span class='ocrx_word' id='word_1_339' title='bbox 2541 2042 2605 2081; x_wconf 78' lang='lat' dir='ltr'><strong>ac.</strong></span> <span class='ocrx_word' id='word_1_340' title='bbox 2631 2041 2824 2081; x_wconf 86' lang='lat' dir='ltr'><strong>rursus</strong></span> <span class='ocrx_word' id='word_1_341' title='bbox 2848 2025 3090 2094; x_wconf 88' lang='lat' dir='ltr'><strong>erumpit</strong></span> <span class='ocrx_word' id='word_1_342' title='bbox 3121 2042 3133 2077; x_wconf 93' lang='lat'>:</span> <span class='ocrx_word' id='word_1_343' title='bbox 3158 2021 3306 2093; x_wconf 82' lang='lat' dir='ltr'><strong>qdod</strong></span> <span class='ocrx_word' id='word_1_344' title='bbox 3333 2019 3557 2091; x_wconf 88' lang='lat' dir='ltr'><strong>quidem</strong></span> 
     </span>
    </p>
   </div>
   <div class='ocr_carea' id='block_1_51' title="bbox 1969 2112 3559 2190">
    <p class='ocr_par' dir='ltr' id='par_1_51' title="bbox 1969 2112 3559 2190">
     <span class='ocr_line' id='line_1_51' title="bbox 1969 2112 3559 2190; baseline -0.005 -17"><span class='ocrx_word' id='word_1_345' title='bbox 1969 2121 2132 2190; x_wconf 79' lang='grc' dir='ltr'>ραχία</span> <span class='ocrx_word' id='word_1_346' title='bbox 2161 2129 2409 2176; x_wconf 87' lang='lat' dir='ltr'><strong>vocatur.</strong></span> <span class='ocrx_word' id='word_1_347' title='bbox 2452 2119 2583 2172; x_wconf 83' lang='lat' dir='ltr'><strong>Erat</strong></span> <span class='ocrx_word' id='word_1_348' title='bbox 2630 2125 2814 2172; x_wconf 90' lang='lat' dir='ltr'><strong>autem</strong></span> <span class='ocrx_word' id='word_1_349' title='bbox 2851 2117 2941 2170; x_wconf 91' lang='lat' dir='ltr'><strong>hic</strong></span> <span class='ocrx_word' id='word_1_350' title='bbox 2975 2116 3133 2169; x_wconf 90' lang='lat' dir='ltr'><strong>locus</strong></span> <span class='ocrx_word' id='word_1_351' title='bbox 3165 2112 3559 2183; x_wconf 77' lang='lat' dir='ltr'><strong>navigantibus</strong></span> 
     </span>
    </p>
   </div>
   <div class='ocr_carea' id='block_1_52' title="bbox 1969 2202 3559 2280">
    <p class='ocr_par' dir='ltr' id='par_1_52' title="bbox 1969 2202 3559 2280">
     <span class='ocr_line' id='line_1_52' title="bbox 1969 2202 3559 2280; baseline -0.004 -18"><span class='ocrx_word' id='word_1_352' title='bbox 1969 2208 2207 2266; x_wconf 82' lang='lat' dir='ltr'><strong>infestus</strong></span> <span class='ocrx_word' id='word_1_353' title='bbox 2231 2217 2286 2265; x_wconf 90' lang='lat' dir='ltr'><strong>et</strong></span> <span class='ocrx_word' id='word_1_354' title='bbox 2314 2209 2665 2280; x_wconf 85' lang='lat' dir='ltr'><strong>periculosus</strong></span> <span class='ocrx_word' id='word_1_355' title='bbox 2695 2206 2962 2276; x_wconf 73' lang='lat' dir='ltr'><strong>exitiique</strong></span> <span class='ocrx_word' id='word_1_356' title='bbox 2999 2205 3217 2275; x_wconf 90' lang='lat' dir='ltr'><strong>plenus.</strong></span> <span class='ocrx_word' id='word_1_357' title='bbox 3270 2202 3388 2258; x_wconf 89' lang='lat' dir='ltr'><strong>lllic</strong></span> <span class='ocrx_word' id='word_1_358' title='bbox 3411 2203 3559 2257; x_wconf 89' lang='lat' dir='ltr'><strong>enim</strong></span> 
     </span>
    </p>
   </div>
   <div class='ocr_carea' id='block_1_53' title="bbox 1970 2295 3562 2371">
    <p class='ocr_par' dir='ltr' id='par_1_53' title="bbox 1970 2295 3562 2371">
     <span class='ocr_line' id='line_1_53' title="bbox 1970 2295 3562 2371; baseline -0.007 -15"><span class='ocrx_word' id='word_1_359' title='bbox 1970 2303 2125 2356; x_wconf 88' lang='lat' dir='ltr'><strong>navis</strong></span> <span class='ocrx_word' id='word_1_360' title='bbox 2172 2310 2288 2356; x_wconf 90' lang='lat' dir='ltr'><strong>tota</strong></span> <span class='ocrx_word' id='word_1_361' title='bbox 2334 2301 2771 2371; x_wconf 85' lang='lat' dir='ltr'><strong>deprimebatur,</strong></span> <span class='ocrx_word' id='word_1_362' title='bbox 2816 2312 2882 2352; x_wconf 89' lang='lat' dir='ltr'><strong>ac</strong></span> <span class='ocrx_word' id='word_1_363' title='bbox 2927 2296 3293 2368; x_wconf 85' lang='lat' dir='ltr'><strong>pessumibat,</strong></span> <span class='ocrx_word' id='word_1_364' title='bbox 3344 2295 3391 2349; x_wconf 91' lang='lat' dir='ltr'><strong>si</strong></span> <span class='ocrx_word' id='word_1_365' title='bbox 3433 2308 3562 2346; x_wconf 85' lang='lat' dir='ltr'><strong>cur-</strong></span> 
     </span>
    </p>
   </div>
   <div class='ocr_carea' id='block_1_54' title="bbox 1971 2385 3563 2461">
    <p class='ocr_par' dir='ltr' id='par_1_54' title="bbox 1971 2385 3563 2461">
     <span class='ocr_line' id='line_1_54' title="bbox 1971 2385 3563 2461; baseline -0.008 -13"><span class='ocrx_word' id='word_1_366' title='bbox 1971 2403 2121 2449; x_wconf 81' lang='lat' dir='ltr'><strong>rente</strong></span> <span class='ocrx_word' id='word_1_367' title='bbox 2163 2395 2289 2448; x_wconf 88' lang='lat' dir='ltr'><strong>navi</strong></span> <span class='ocrx_word' id='word_1_368' title='bbox 2338 2392 2709 2461; x_wconf 78' lang='lat' dir='ltr'><strong>reciprocatio</strong></span> <span class='ocrx_word' id='word_1_369' title='bbox 2748 2392 3016 2445; x_wconf 81' lang='lat' dir='ltr'><strong>ﬂuctuum</strong></span> <span class='ocrx_word' id='word_1_370' title='bbox 3057 2396 3337 2456; x_wconf 69' lang='lat' dir='ltr'><strong>aestusque</strong></span> <span class='ocrx_word' id='word_1_371' title='bbox 3384 2385 3563 2439; x_wconf 83' lang='lat' dir='ltr'><strong>conti-</strong></span> 
     </span>
    </p>
   </div>
   <div class='ocr_carea' id='block_1_55' title="bbox 1970 2483 2748 2556">
    <p class='ocr_par' dir='ltr' id='par_1_55' title="bbox 1970 2483 2748 2556">
     <span class='ocr_line' id='line_1_55' title="bbox 1970 2483 2748 2556; baseline -0.009 -13"><span class='ocrx_word' id='word_1_372' title='bbox 1970 2486 2158 2556; x_wconf 60' lang='lat' dir='ltr'><strong>gisset,</strong></span> <span class='ocrx_word' id='word_1_373' title='bbox 2195 2485 2262 2540; x_wconf 92' lang='lat' dir='ltr'><strong>de</strong></span> <span class='ocrx_word' id='word_1_374' title='bbox 2294 2499 2405 2555; x_wconf 88' lang='lat' dir='ltr'><strong>quo</strong></span> <span class='ocrx_word' id='word_1_375' title='bbox 2432 2483 2702 2539; x_wconf 84' lang='lat' dir='ltr'><strong>Homerus</strong></span> <span class='ocrx_word' id='word_1_376' title='bbox 2734 2501 2748 2536; x_wconf 88' lang='lat'><strong>:</strong></span> 
     </span>
    </p>
   </div>
   <div class='ocr_carea' id='block_1_56' title="bbox 2046 2568 3502 2647">
    <p class='ocr_par' dir='ltr' id='par_1_56' title="bbox 2046 2568 3502 2647">
     <span class='ocr_line' id='line_1_56' title="bbox 2046 2568 3502 2647; baseline -0.008 -16"><span class='ocrx_word' id='word_1_377' title='bbox 2046 2570 2190 2632; x_wconf 80' lang='lat' dir='ltr'><strong>Hinc</strong></span> <span class='ocrx_word' id='word_1_378' title='bbox 2217 2586 2295 2632; x_wconf 78' lang='lat' dir='ltr'><strong>est</strong></span> <span class='ocrx_word' id='word_1_379' title='bbox 2318 2575 2499 2647; x_wconf 77' lang='lat' dir='ltr'><strong>Scylla</strong></span> <span class='ocrx_word' id='word_1_380' title='bbox 2525 2591 2711 2635; x_wconf 70' lang='lat' dir='ltr'><strong>uorax.</strong></span> <span class='ocrx_word' id='word_1_381' title='bbox 2746 2578 2969 2629; x_wconf 73' lang='lat' dir='ltr'><strong>adversa</strong></span> <span class='ocrx_word' id='word_1_382' title='bbox 2990 2580 3141 2641; x_wconf 82' lang='lat' dir='ltr'><strong>parte</strong></span> <span class='ocrx_word' id='word_1_383' title='bbox 3175 2568 3502 2640; x_wconf 75' lang='lat' dir='ltr'><strong>Charybdis.</strong></span> 
     </span>
    </p>
   </div>
   <div class='ocr_carea' id='block_1_57' title="bbox 1972 2661 3564 2739">
    <p class='ocr_par' dir='ltr' id='par_1_57' title="bbox 1972 2661 3564 2739">
     <span class='ocr_line' id='line_1_57' title="bbox 1972 2661 3564 2739; baseline -0.005 -14"><span class='ocrx_word' id='word_1_384' title='bbox 1972 2672 2271 2728; x_wconf 78' lang='lat' dir='ltr'><strong>Adversam</strong></span> <span class='ocrx_word' id='word_1_385' title='bbox 2302 2678 2486 2725; x_wconf 90' lang='lat' dir='ltr'><strong>autem</strong></span> <span class='ocrx_word' id='word_1_386' title='bbox 2512 2668 2847 2739; x_wconf 85' lang='lat' dir='ltr'><strong>Charybdim</strong></span> <span class='ocrx_word' id='word_1_387' title='bbox 2875 2673 3057 2732; x_wconf 84' lang='lat' dir='ltr'><strong>vocat,</strong></span> <span class='ocrx_word' id='word_1_388' title='bbox 3081 2664 3342 2736; x_wconf 87' lang='lat' dir='ltr'><strong>quoniam</strong></span> <span class='ocrx_word' id='word_1_389' title='bbox 3367 2661 3564 2733; x_wconf 66' lang='lat' dir='ltr'><strong>Scylla</strong></span> 
     </span>
    </p>
   </div>
   <div class='ocr_carea' id='block_1_58' title="bbox 1972 2764 2409 2835">
    <p class='ocr_par' dir='ltr' id='par_1_58' title="bbox 1972 2764 2409 2835">
     <span class='ocr_line' id='line_1_58' title="bbox 1972 2764 2409 2835; baseline -0.014 -16"><span class='ocrx_word' id='word_1_390' title='bbox 1972 2764 2223 2835; x_wconf 87' lang='lat' dir='ltr'><strong>opposita</strong></span> <span class='ocrx_word' id='word_1_391' title='bbox 2257 2770 2363 2818; x_wconf 86' lang='lat' dir='ltr'><strong>est.</strong></span> <span class='ocrx_word' id='word_1_392' title='bbox 2404 2796 2409 2802; x_wconf 70' lang='grc' dir='ltr'><strong>ς</strong></span> 
     </span>
    </p>
   </div>
   <div class='ocr_carea' id='block_1_59' title="bbox 2467 2850 3053 2920">
    <p class='ocr_par' dir='ltr' id='par_1_59' title="bbox 2467 2850 3053 2920">
     <span class='ocr_line' id='line_1_59' title="bbox 2467 2850 3053 2920; baseline -0.015 -12"><span class='ocrx_word' id='word_1_393' title='bbox 2467 2853 2555 2908; x_wconf 63' lang='lat'><strong>51.</strong></span> <span class='ocrx_word' id='word_1_394' title='bbox 2599 2852 2674 2906; x_wconf 86' lang='lat' dir='ltr'><strong>De</strong></span> <span class='ocrx_word' id='word_1_395' title='bbox 2720 2851 2846 2907; x_wconf 81' lang='lat' dir='ltr'><strong>Orci</strong></span> <span class='ocrx_word' id='word_1_396' title='bbox 2878 2850 3053 2920; x_wconf 83' lang='lat' dir='ltr'><strong>galea.</strong></span> 
     </span>
    </p>
   </div>
   <div class='ocr_carea' id='block_1_60' title="bbox 2052 2959 3561 3032">
    <p class='ocr_par' dir='ltr' id='par_1_60' title="bbox 2052 2959 3561 3032">
     <span class='ocr_line' id='line_1_60' title="bbox 2052 2959 3561 3032; baseline -0.007 -12"><span class='ocrx_word' id='word_1_397' title='bbox 2052 2967 2320 3022; x_wconf 81' lang='lat' dir='ltr'><strong>Homerus</strong></span> <span class='ocrx_word' id='word_1_398' title='bbox 2358 2965 2548 3020; x_wconf 80' lang='lat' dir='ltr'><strong>Jovem</strong></span> <span class='ocrx_word' id='word_1_399' title='bbox 2578 2964 2790 3019; x_wconf 88' lang='lat' dir='ltr'><strong>inducit</strong></span> <span class='ocrx_word' id='word_1_400' title='bbox 2823 2961 3114 3032; x_wconf 78' lang='lat' dir='ltr'><strong>caliginem</strong></span> <span class='ocrx_word' id='word_1_401' title='bbox 3146 2959 3442 3029; x_wconf 84' lang='lat' dir='ltr'><strong>quamdam</strong></span> <span class='ocrx_word' id='word_1_402' title='bbox 3478 2964 3561 3010; x_wconf 82' lang='lat' dir='ltr'><strong>at-</strong></span> 
     </span>
    </p>
   </div>
   <div class='ocr_carea' id='block_1_61' title="bbox 280 3044 1894 3130">
    <p class='ocr_par' dir='ltr' id='par_1_61' title="bbox 280 3044 1872 3124">
     <span class='ocr_line' id='line_1_61' title="bbox 280 3044 1872 3124; baseline -0.008 -16"><span class='ocrx_word' id='word_1_403' title='bbox 280 3055 377 3108; x_wconf 79' lang='grc' dir='ltr'><strong>καὶ</strong></span> <span class='ocrx_word' id='word_1_404' title='bbox 405 3054 673 3124; x_wconf 81' lang='grc' dir='ltr'>ἀφάνειαν</span> <span class='ocrx_word' id='word_1_405' title='bbox 696 3052 1072 3122; x_wconf 81' lang='grc' dir='ltr'>ὲμποιήσαντα</span> <span class='ocrx_word' id='word_1_406' title='bbox 1101 3048 1231 3120; x_wconf 78' lang='grc' dir='ltr'>περὶ</span> <span class='ocrx_word' id='word_1_407' title='bbox 1250 3049 1377 3111; x_wconf 84' lang='grc' dir='ltr'>τοὺς</span> <span class='ocrx_word' id='word_1_408' title='bbox 1407 3047 1695 3116; x_wconf 89' lang='grc' dir='ltr'>Ἕλληνας,</span> <span class='ocrx_word' id='word_1_409' title='bbox 1731 3044 1872 3098; x_wconf 81' lang='grc' dir='ltr'>ὥστε</span> 
     </span>
    </p>
   </div>
   <div class='ocr_carea' id='block_1_62' title="bbox 1987 3044 3559 3130">
    <p class='ocr_par' dir='ltr' id='par_1_62' title="bbox 1987 3051 3559 3130">
     <span class='ocr_line' id='line_1_62' title="bbox 1987 3051 3559 3130; baseline -0.009 -16"><span class='ocrx_word' id='word_1_410' title='bbox 1987 3077 2089 3130; x_wconf 87' lang='lat' dir='ltr'><strong>que</strong></span> <span class='ocrx_word' id='word_1_411' title='bbox 2118 3059 2511 3114; x_wconf 83' lang='lat' dir='ltr'><strong>obscuritatem</strong></span> <span class='ocrx_word' id='word_1_412' title='bbox 2543 3057 2752 3111; x_wconf 64' lang='lat' dir='ltr'><strong>Graecis</strong></span> <span class='ocrx_word' id='word_1_413' title='bbox 2782 3056 2991 3125; x_wconf 78' lang='lat' dir='ltr'><strong>magica</strong></span> <span class='ocrx_word' id='word_1_414' title='bbox 3023 3062 3141 3108; x_wconf 88' lang='lat' dir='ltr'><strong>arte</strong></span> <span class='ocrx_word' id='word_1_415' title='bbox 3163 3051 3559 3109; x_wconf 79' lang='lat' dir='ltr'><strong>oﬁ‘undentem.</strong></span> 
     </span>
    </p>
   </div>
   <div class='ocr_carea' id='block_1_63' title="bbox 284 3137 1931 3219">
    <p class='ocr_par' dir='ltr' id='par_1_63' title="bbox 284 3137 1931 3219">
     <span class='ocr_line' id='line_1_63' title="bbox 284 3137 1931 3219; baseline -0.009 -17"><span class='ocrx_word' id='word_1_416' title='bbox 284 3147 362 3219; x_wconf 83' lang='grc' dir='ltr'>μὴ</span> <span class='ocrx_word' id='word_1_417' title='bbox 386 3146 641 3215; x_wconf 81' lang='grc' dir='ltr'>ὁρᾶσθαι.</span> <span class='ocrx_word' id='word_1_418' title='bbox 670 3145 834 3213; x_wconf 83' lang='grc' dir='ltr'>Λέγει</span> <span class='ocrx_word' id='word_1_419' title='bbox 873 3139 966 3197; x_wconf 77' lang='grc' dir='ltr'><strong>οὖν</strong></span> <span class='ocrx_word' id='word_1_420' title='bbox 999 3139 1393 3212; x_wconf 80' lang='grc' dir='ltr'>μυθικώτερον,</span> <span class='ocrx_word' id='word_1_421' title='bbox 1430 3141 1513 3194; x_wconf 83' lang='grc' dir='ltr'>ὅτι</span> <span class='ocrx_word' id='word_1_422' title='bbox 1542 3138 1643 3210; x_wconf 82' lang='grc' dir='ltr'>τὴν</span> <span class='ocrx_word' id='word_1_423' title='bbox 1679 3137 1876 3193; x_wconf 82' lang='grc' dir='ltr'>κυνέαν</span> <span class='ocrx_word' id='word_1_424' title='bbox 1926 3172 1931 3175; x_wconf 82' lang='grc'><strong><em>-</em></strong></span> 
     </span>
    </p>
   </div>
   <div class='ocr_carea' id='block_1_64' title="bbox 279 3231 1879 3310">
    <p class='ocr_par' dir='ltr' id='par_1_64' title="bbox 279 3231 1879 3310">
     <span class='ocr_line' id='line_1_64' title="bbox 279 3231 1879 3310; baseline -0.005 -18"><span class='ocrx_word' id='word_1_425' title='bbox 279 3238 378 3293; x_wconf 79' lang='grc' dir='ltr'><strong>τοῦ</strong></span> <span class='ocrx_word' id='word_1_426' title='bbox 418 3238 582 3310; x_wconf 80' lang='grc' dir='ltr'>’ᾼδου</span> <span class='ocrx_word' id='word_1_427' title='bbox 630 3239 750 3309; x_wconf 70' lang='grc' dir='ltr'>ἢτοι</span> <span class='ocrx_word' id='word_1_428' title='bbox 792 3236 886 3290; x_wconf 80' lang='grc' dir='ltr'>τοῦ</span> <span class='ocrx_word' id='word_1_429' title='bbox 929 3236 1246 3298; x_wconf 81' lang='grc' dir='ltr'>Πλούτωνος</span> <span class='ocrx_word' id='word_1_430' title='bbox 1301 3231 1628 3305; x_wconf 79' lang='grc' dir='ltr'>περιέϐαλεν</span> <span class='ocrx_word' id='word_1_431' title='bbox 1682 3231 1879 3294; x_wconf 79' lang='grc' dir='ltr'>αὐτοὺς</span> 
     </span>
    </p>
   </div>
   <div class='ocr_carea' id='block_1_65' title="bbox 278 3322 1877 3400">
    <p class='ocr_par' dir='ltr' id='par_1_65' title="bbox 278 3322 1877 3400">
     <span class='ocr_line' id='line_1_65' title="bbox 278 3322 1877 3400; baseline -0.006 -16"><span class='ocrx_word' id='word_1_432' title='bbox 278 3332 426 3384; x_wconf 81' lang='grc' dir='ltr'>ὥστε</span> <span class='ocrx_word' id='word_1_433' title='bbox 459 3330 533 3400; x_wconf 81' lang='grc' dir='ltr'>μὴ</span> <span class='ocrx_word' id='word_1_434' title='bbox 561 3329 812 3400; x_wconf 82' lang='grc' dir='ltr'>ὁρᾶσθαι·</span> <span class='ocrx_word' id='word_1_435' title='bbox 839 3331 872 3400; x_wconf 83' lang='grc' dir='ltr'><strong>ή</strong></span> <span class='ocrx_word' id='word_1_436' title='bbox 900 3329 958 3382; x_wconf 84' lang='grc' dir='ltr'>δὲ</span> <span class='ocrx_word' id='word_1_437' title='bbox 989 3327 1179 3394; x_wconf 86' lang='grc' dir='ltr'>κυνέα,</span> <span class='ocrx_word' id='word_1_438' title='bbox 1198 3324 1609 3396; x_wconf 83' lang='grc' dir='ltr'>περικεφαλαία</span> <span class='ocrx_word' id='word_1_439' title='bbox 1639 3322 1758 3378; x_wconf 73' lang='grc' dir='ltr'>ἐστὶ</span> <span class='ocrx_word' id='word_1_440' title='bbox 1783 3322 1877 3375; x_wconf 82' lang='grc' dir='ltr'>τοῦ</span> 
     </span>
    </p>
   </div>
   <div class='ocr_carea' id='block_1_66' title="bbox 282 3419 1090 3492">
    <p class='ocr_par' dir='ltr' id='par_1_66' title="bbox 282 3419 1090 3492">
     <span class='ocr_line' id='line_1_66' title="bbox 282 3419 1090 3492; baseline -0.005 -17"><span class='ocrx_word' id='word_1_441' title='bbox 282 3422 452 3487; x_wconf 72' lang='grc' dir='ltr'>’ᾼδου</span> <span class='ocrx_word' id='word_1_442' title='bbox 487 3421 605 3492; x_wconf 69' lang='grc' dir='ltr'>ἦτοι</span> <span class='ocrx_word' id='word_1_443' title='bbox 631 3419 726 3474; x_wconf 79' lang='grc' dir='ltr'>τοῦ</span> <span class='ocrx_word' id='word_1_444' title='bbox 756 3421 1090 3481; x_wconf 83' lang='grc' dir='ltr'>Πλούτωνος.</span> 
     </span>
    </p>
   </div>
   <div class='ocr_carea' id='block_1_67' title="bbox 572 3529 1595 3601">
    <p class='ocr_par' dir='ltr' id='par_1_67' title="bbox 572 3529 1595 3601">
     <span class='ocr_line' id='line_1_67' title="bbox 572 3529 1595 3601; baseline -0.003 -15"><span class='ocrx_word' id='word_1_445' title='bbox 572 3542 663 3587; x_wconf 75' lang='lat' dir='ltr'><strong>ve’.</strong></span> <span class='ocrx_word' id='word_1_446' title='bbox 710 3535 849 3601; x_wconf 77' lang='grc' dir='ltr'>Περὶ</span> <span class='ocrx_word' id='word_1_447' title='bbox 876 3533 1207 3587; x_wconf 78' lang='grc' dir='ltr'>δακτυλίου</span> <span class='ocrx_word' id='word_1_448' title='bbox 1231 3529 1340 3586; x_wconf 86' lang='grc' dir='ltr'>τοῦ</span> <span class='ocrx_word' id='word_1_449' title='bbox 1370 3531 1595 3599; x_wconf 58' lang='grc' dir='ltr'>Γύγου.</span> 
     </span>
    </p>
   </div>
   <div class='ocr_carea' id='block_1_68' title="bbox 355 3641 1878 3718">
    <p class='ocr_par' dir='ltr' id='par_1_68' title="bbox 355 3641 1878 3718">
     <span class='ocr_line' id='line_1_68' title="bbox 355 3641 1878 3718; baseline -0.007 -13"><span class='ocrx_word' id='word_1_450' title='bbox 355 3651 585 3705; x_wconf 82' lang='grc' dir='ltr'>Πλάτων</span> <span class='ocrx_word' id='word_1_451' title='bbox 621 3653 650 3704; x_wconf 90' lang='grc' dir='ltr'>ὀ</span> <span class='ocrx_word' id='word_1_452' title='bbox 676 3649 965 3718; x_wconf 84' lang='grc' dir='ltr'>φιλόσοφος</span> <span class='ocrx_word' id='word_1_453' title='bbox 992 3649 1050 3700; x_wconf 83' lang='grc' dir='ltr'><strong>ἐν</strong></span> <span class='ocrx_word' id='word_1_454' title='bbox 1081 3646 1418 3711; x_wconf 80' lang='grc' dir='ltr'>Πολιτείαις</span> <span class='ocrx_word' id='word_1_455' title='bbox 1451 3645 1469 3715; x_wconf 89' lang='grc'>(</span> <span class='ocrx_word' id='word_1_456' title='bbox 1491 3644 1606 3696; x_wconf 76' lang='grc' dir='ltr'>ἔστι</span> <span class='ocrx_word' id='word_1_457' title='bbox 1627 3642 1684 3696; x_wconf 80' lang='grc' dir='ltr'>δὲ</span> <span class='ocrx_word' id='word_1_458' title='bbox 1706 3641 1878 3705; x_wconf 73' lang='grc' dir='ltr'>οὕτως</span> 
     </span>
    </p>
   </div>
   <div class='ocr_carea' id='block_1_69' title="bbox 286 3732 1877 3811">
    <p class='ocr_par' dir='ltr' id='par_1_69' title="bbox 286 3732 1877 3811">
     <span class='ocr_line' id='line_1_69' title="bbox 286 3732 1877 3811; baseline -0.007 -15"><span class='ocrx_word' id='word_1_459' title='bbox 286 3740 453 3797; x_wconf 79' lang='grc' dir='ltr'>αὐτοῦ</span> <span class='ocrx_word' id='word_1_460' title='bbox 503 3740 775 3811; x_wconf 84' lang='grc' dir='ltr'>λεγομένη</span> <span class='ocrx_word' id='word_1_461' title='bbox 834 3737 1223 3811; x_wconf 62' lang='grc' dir='ltr'>πραγματεία)</span> <span class='ocrx_word' id='word_1_462' title='bbox 1279 3736 1524 3806; x_wconf 79' lang='grc' dir='ltr'>εἰσφέρει</span> <span class='ocrx_word' id='word_1_463' title='bbox 1570 3734 1662 3787; x_wconf 88' lang='grc' dir='ltr'><strong>τὸν</strong></span> <span class='ocrx_word' id='word_1_464' title='bbox 1710 3732 1877 3804; x_wconf 81' lang='grc' dir='ltr'>μῦθον</span> 
     </span>
    </p>
   </div>
   <div class='ocr_carea' id='block_1_70' title="bbox 284 3824 1878 3901">
    <p class='ocr_par' dir='ltr' id='par_1_70' title="bbox 284 3824 1878 3901">
     <span class='ocr_line' id='line_1_70' title="bbox 284 3824 1878 3901; baseline -0.007 -14"><span class='ocrx_word' id='word_1_465' title='bbox 284 3834 497 3897; x_wconf 78' lang='grc' dir='ltr'>τοῦτον,</span> <span class='ocrx_word' id='word_1_466' title='bbox 537 3832 681 3887; x_wconf 75' lang='grc' dir='ltr'>οὓτω</span> <span class='ocrx_word' id='word_1_467' title='bbox 716 3831 927 3901; x_wconf 80' lang='grc' dir='ltr'>λέγων’</span> <span class='ocrx_word' id='word_1_468' title='bbox 959 3833 1041 3885; x_wconf 86' lang='grc' dir='ltr'>ὅτι</span> <span class='ocrx_word' id='word_1_469' title='bbox 1078 3830 1259 3900; x_wconf 81' lang='grc' dir='ltr'>Γύγης</span> <span class='ocrx_word' id='word_1_470' title='bbox 1294 3824 1363 3898; x_wconf 75' lang='grc' dir='ltr'>ἦν</span> <span class='ocrx_word' id='word_1_471' title='bbox 1402 3845 1485 3891; x_wconf 85' lang='grc' dir='ltr'><strong>τις</strong></span> <span class='ocrx_word' id='word_1_472' title='bbox 1512 3825 1714 3897; x_wconf 77' lang='grc' dir='ltr'>ποιμὴν</span> <span class='ocrx_word' id='word_1_473' title='bbox 1748 3825 1878 3896; x_wconf 76' lang='grc' dir='ltr'>περὶ</span> 
     </span>
    </p>
   </div>
   <div class='ocr_carea' id='block_1_71' title="bbox 283 3917 1870 3999">
    <p class='ocr_par' dir='ltr' id='par_1_71' title="bbox 283 3917 1870 3999">
     <span class='ocr_line' id='line_1_71' title="bbox 283 3917 1870 3999; baseline -0.006 -20"><span class='ocrx_word' id='word_1_474' title='bbox 283 3927 385 3999; x_wconf 75' lang='grc' dir='ltr'>τὴν</span> <span class='ocrx_word' id='word_1_475' title='bbox 415 3926 640 3981; x_wconf 82' lang='grc' dir='ltr'>Λυδίαν.</span> <span class='ocrx_word' id='word_1_476' title='bbox 694 3920 862 3988; x_wconf 78' lang='grc' dir='ltr'>Οὗτος</span> <span class='ocrx_word' id='word_1_477' title='bbox 912 3921 1216 3993; x_wconf 87' lang='grc' dir='ltr'>ποιμαίνων</span> <span class='ocrx_word' id='word_1_478' title='bbox 1265 3919 1324 3973; x_wconf 77' lang='grc' dir='ltr'><strong>ἕν</strong></span> <span class='ocrx_word' id='word_1_479' title='bbox 1354 3937 1462 3974; x_wconf 84' lang='grc' dir='ltr'>τινι</span> <span class='ocrx_word' id='word_1_480' title='bbox 1495 3920 1610 3990; x_wconf 77' lang='grc' dir='ltr'>ὄρει</span> <span class='ocrx_word' id='word_1_481' title='bbox 1644 3917 1711 3971; x_wconf 76' lang='grc' dir='ltr'>τὰ</span> <span class='ocrx_word' id='word_1_482' title='bbox 1745 3917 1870 3986; x_wconf 81' lang='grc' dir='ltr'>πρόο</span> 
     </span>
    </p>
   </div>
   <div class='ocr_carea' id='block_1_72' title="bbox 286 4004 1876 4087">
    <p class='ocr_par' dir='ltr' id='par_1_72' title="bbox 286 4004 1876 4087">
     <span class='ocr_line' id='line_1_72' title="bbox 286 4004 1876 4087; baseline -0.006 -17"><span class='ocrx_word' id='word_1_483' title='bbox 286 4020 450 4082; x_wconf 77' lang='grc' dir='ltr'>ὀατα,</span> <span class='ocrx_word' id='word_1_484' title='bbox 474 4017 765 4087; x_wconf 86' lang='grc' dir='ltr'>περιέτυχε</span> <span class='ocrx_word' id='word_1_485' title='bbox 788 4015 1036 4086; x_wconf 83' lang='grc' dir='ltr'>σπηλαίῳ</span> <span class='ocrx_word' id='word_1_486' title='bbox 1061 4014 1166 4067; x_wconf 87' lang='grc' dir='ltr'>τινί</span> <span class='ocrx_word' id='word_1_487' title='bbox 1187 4030 1200 4042; x_wconf 86' lang='grc'>·</span> <span class='ocrx_word' id='word_1_488' title='bbox 1230 4013 1323 4065; x_wconf 76' lang='grc' dir='ltr'><strong>καὶ</strong></span> <span class='ocrx_word' id='word_1_489' title='bbox 1355 4004 1611 4064; x_wconf 73' lang='grc' dir='ltr'>εἰσελθὼν</span> <span class='ocrx_word' id='word_1_490' title='bbox 1641 4012 1698 4063; x_wconf 82' lang='grc' dir='ltr'>ὲν</span> <span class='ocrx_word' id='word_1_491' title='bbox 1727 4008 1876 4078; x_wconf 84' lang='grc' dir='ltr'>αύτῷ</span> 
     </span>
    </p>
   </div>
   <div class='ocr_carea' id='block_1_73' title="bbox 286 4101 1873 4179">
    <p class='ocr_par' dir='ltr' id='par_1_73' title="bbox 286 4101 1873 4179">
     <span class='ocr_line' id='line_1_73' title="bbox 286 4101 1873 4179; baseline -0.004 -20"><span class='ocrx_word' id='word_1_492' title='bbox 286 4102 446 4179; x_wconf 78' lang='grc' dir='ltr'>εὗρεν</span> <span class='ocrx_word' id='word_1_493' title='bbox 491 4107 660 4160; x_wconf 80' lang='grc' dir='ltr'>ἵππον</span> <span class='ocrx_word' id='word_1_494' title='bbox 694 4105 951 4177; x_wconf 81' lang='grc' dir='ltr'>χαλκοῦν,</span> <span class='ocrx_word' id='word_1_495' title='bbox 1003 4106 1100 4159; x_wconf 75' lang='grc' dir='ltr'><strong>καὶ</strong></span> <span class='ocrx_word' id='word_1_496' title='bbox 1141 4104 1289 4158; x_wconf 77' lang='grc' dir='ltr'>ἔνδον</span> <span class='ocrx_word' id='word_1_497' title='bbox 1335 4103 1429 4157; x_wconf 82' lang='grc' dir='ltr'>τοῦ</span> <span class='ocrx_word' id='word_1_498' title='bbox 1464 4101 1669 4174; x_wconf 81' lang='grc' dir='ltr'>χαλκοῦ</span> <span class='ocrx_word' id='word_1_499' title='bbox 1705 4101 1873 4154; x_wconf 82' lang='grc' dir='ltr'>ἵππου</span> 
     </span>
    </p>
   </div>
   <div class='ocr_carea' id='block_1_74' title="bbox 288 4190 1871 4271">
    <p class='ocr_par' dir='ltr' id='par_1_74' title="bbox 288 4190 1871 4271">
     <span class='ocr_line' id='line_1_74' title="bbox 288 4190 1871 4271; baseline -0.005 -17"><span class='ocrx_word' id='word_1_500' title='bbox 288 4200 575 4271; x_wconf 80' lang='grc' dir='ltr'>ἄνθρωπον</span> <span class='ocrx_word' id='word_1_501' title='bbox 622 4200 840 4271; x_wconf 81' lang='grc' dir='ltr'>νεκρὸν,</span> <span class='ocrx_word' id='word_1_502' title='bbox 882 4199 977 4252; x_wconf 76' lang='grc' dir='ltr'><strong>καὶ</strong></span> <span class='ocrx_word' id='word_1_503' title='bbox 1019 4198 1336 4252; x_wconf 77' lang='grc' dir='ltr'>δακτύλιονο</span> <span class='ocrx_word' id='word_1_504' title='bbox 1389 4190 1451 4250; x_wconf 73' lang='grc' dir='ltr'>οὗ</span> <span class='ocrx_word' id='word_1_505' title='bbox 1502 4192 1789 4248; x_wconf 87' lang='grc' dir='ltr'>δακτυλίου</span> <span class='ocrx_word' id='word_1_506' title='bbox 1838 4195 1871 4263; x_wconf 82' lang='grc' dir='ltr'>ἡ</span> 
     </span>
    </p>
   </div>
   <div class='ocr_carea' id='block_1_75' title="bbox 289 4286 1874 4366">
    <p class='ocr_par' dir='ltr' id='par_1_75' title="bbox 289 4286 1874 4366">
     <span class='ocr_line' id='line_1_75' title="bbox 289 4286 1874 4366; baseline -0.006 -18"><span class='ocrx_word' id='word_1_507' title='bbox 289 4295 500 4366; x_wconf 85' lang='grc' dir='ltr'>κεφαλὴ</span> <span class='ocrx_word' id='word_1_508' title='bbox 537 4292 779 4365; x_wconf 84' lang='grc' dir='ltr'>στρεπτὴ</span> <span class='ocrx_word' id='word_1_509' title='bbox 807 4289 876 4364; x_wconf 78' lang='grc' dir='ltr'>ἦν</span> <span class='ocrx_word' id='word_1_510' title='bbox 906 4293 1000 4347; x_wconf 77' lang='grc' dir='ltr'><strong>καὶ</strong></span> <span class='ocrx_word' id='word_1_511' title='bbox 1033 4292 1329 4363; x_wconf 78' lang='grc' dir='ltr'>ἐστρέφετο</span> <span class='ocrx_word' id='word_1_512' title='bbox 1351 4306 1366 4319; x_wconf 83' lang='lat'><strong><em>°</em></strong></span> <span class='ocrx_word' id='word_1_513' title='bbox 1406 4290 1596 4360; x_wconf 76' lang='grc' dir='ltr'>ἥντινα</span> <span class='ocrx_word' id='word_1_514' title='bbox 1631 4286 1874 4357; x_wconf 84' lang='grc' dir='ltr'>κεφαλὴν</span> 
     </span>
    </p>
   </div>
   <div class='ocr_carea' id='block_1_76' title="bbox 290 4377 1873 4455">
    <p class='ocr_par' dir='ltr' id='par_1_76' title="bbox 290 4377 1873 4455">
     <span class='ocr_line' id='line_1_76' title="bbox 290 4377 1873 4455; baseline -0.006 -15"><span class='ocrx_word' id='word_1_515' title='bbox 290 4385 449 4440; x_wconf 83' lang='grc' dir='ltr'><strong>καλεί</strong></span> <span class='ocrx_word' id='word_1_516' title='bbox 478 4385 772 4455; x_wconf 73' lang='grc' dir='ltr'>σφενδόνην</span> <span class='ocrx_word' id='word_1_517' title='bbox 815 4384 1003 4454; x_wconf 77' lang='grc' dir='ltr'>σαφῶς</span> <span class='ocrx_word' id='word_1_518' title='bbox 1039 4384 1068 4436; x_wconf 83' lang='grc' dir='ltr'>ὁ</span> <span class='ocrx_word' id='word_1_519' title='bbox 1105 4383 1247 4445; x_wconf 88' lang='grc' dir='ltr'>θεῖος</span> <span class='ocrx_word' id='word_1_520' title='bbox 1279 4382 1596 4455; x_wconf 84' lang='grc' dir='ltr'>Γρηγόριος.</span> <span class='ocrx_word' id='word_1_521' title='bbox 1638 4377 1873 4432; x_wconf 77' lang='grc' dir='ltr'>Ἔλαϐεν</span> 
     </span>
    </p>
   </div>
   <div class='ocr_carea' id='block_1_77' title="bbox 289 4470 1878 4547">
    <p class='ocr_par' dir='ltr' id='par_1_77' title="bbox 289 4470 1878 4547">
     <span class='ocr_line' id='line_1_77' title="bbox 289 4470 1878 4547; baseline -0.006 -14"><span class='ocrx_word' id='word_1_522' title='bbox 289 4473 387 4533; x_wconf 75' lang='grc' dir='ltr'>οὖν</span> <span class='ocrx_word' id='word_1_523' title='bbox 416 4478 446 4531; x_wconf 85' lang='grc' dir='ltr'>ὁ</span> <span class='ocrx_word' id='word_1_524' title='bbox 489 4477 672 4547; x_wconf 85' lang='grc' dir='ltr'>Γύγης</span> <span class='ocrx_word' id='word_1_525' title='bbox 693 4517 708 4538; x_wconf 91' lang='grc'><strong>,</strong></span> <span class='ocrx_word' id='word_1_526' title='bbox 740 4477 906 4547; x_wconf 75' lang='grc' dir='ltr'>φησὶ,</span> <span class='ocrx_word' id='word_1_527' title='bbox 942 4477 1034 4529; x_wconf 84' lang='grc' dir='ltr'><strong>τὸν</strong></span> <span class='ocrx_word' id='word_1_528' title='bbox 1065 4474 1374 4539; x_wconf 82' lang='grc' dir='ltr'>δακτύλιον,</span> <span class='ocrx_word' id='word_1_529' title='bbox 1408 4474 1503 4526; x_wconf 76' lang='grc' dir='ltr'>καὶ</span> <span class='ocrx_word' id='word_1_530' title='bbox 1530 4470 1748 4542; x_wconf 73' lang='grc' dir='ltr'>ἐξῆλθε·</span> <span class='ocrx_word' id='word_1_531' title='bbox 1782 4470 1878 4525; x_wconf 60' lang='grc' dir='ltr'><strong>κα)⁹</strong></span> 
     </span>
    </p>
   </div>
   <div class='ocr_carea' id='block_1_78' title="bbox 289 4563 1884 4641">
    <p class='ocr_par' dir='ltr' id='par_1_78' title="bbox 289 4563 1884 4641">
     <span class='ocr_line' id='line_1_78' title="bbox 289 4563 1884 4641; baseline -0.004 -19"><span class='ocrx_word' id='word_1_532' title='bbox 289 4571 458 4641; x_wconf 79' lang='grc' dir='ltr'>ἡνίκα</span> <span class='ocrx_word' id='word_1_533' title='bbox 472 4570 571 4640; x_wconf 84' lang='grc' dir='ltr'>μὲν</span> <span class='ocrx_word' id='word_1_534' title='bbox 594 4565 664 4640; x_wconf 82' lang='grc' dir='ltr'>ἦν</span> <span class='ocrx_word' id='word_1_535' title='bbox 678 4570 735 4622; x_wconf 87' lang='grc' dir='ltr'>ὲν</span> <span class='ocrx_word' id='word_1_536' title='bbox 755 4570 821 4639; x_wconf 80' lang='grc' dir='ltr'>τῇ</span> <span class='ocrx_word' id='word_1_537' title='bbox 849 4568 1046 4634; x_wconf 80' lang='grc' dir='ltr'><strong>τάξειὸ</strong></span> <span class='ocrx_word' id='word_1_538' title='bbox 1073 4565 1360 4627; x_wconf 82' lang='grc' dir='ltr'>δακτύλιος</span> <span class='ocrx_word' id='word_1_539' title='bbox 1389 4565 1597 4635; x_wconf 81' lang='grc' dir='ltr'>ἑωρᾶτο</span> <span class='ocrx_word' id='word_1_540' title='bbox 1622 4563 1727 4618; x_wconf 82' lang='grc' dir='ltr'><strong>ὑπὸ</strong></span> <span class='ocrx_word' id='word_1_541' title='bbox 1752 4563 1884 4616; x_wconf 84' lang='grc' dir='ltr'>πάν-</span> 
     </span>
    </p>
   </div>
   <div class='ocr_carea' id='block_1_79' title="bbox 290 4657 1884 4734">
    <p class='ocr_par' dir='ltr' id='par_1_79' title="bbox 290 4657 1884 4734">
     <span class='ocr_line' id='line_1_79' title="bbox 290 4657 1884 4734; baseline -0.005 -19"><span class='ocrx_word' id='word_1_542' title='bbox 290 4681 429 4717; x_wconf 81' lang='grc' dir='ltr'>των·</span> <span class='ocrx_word' id='word_1_543' title='bbox 456 4663 620 4734; x_wconf 87' lang='grc' dir='ltr'>ήνίκα</span> <span class='ocrx_word' id='word_1_544' title='bbox 634 4662 692 4715; x_wconf 83' lang='grc' dir='ltr'>δὲ</span> <span class='ocrx_word' id='word_1_545' title='bbox 716 4661 817 4733; x_wconf 79' lang='grc' dir='ltr'>τὴν</span> <span class='ocrx_word' id='word_1_546' title='bbox 839 4660 1133 4730; x_wconf 76' lang='grc' dir='ltr'>σφενδόνην</span> <span class='ocrx_word' id='word_1_547' title='bbox 1162 4657 1256 4712; x_wconf 82' lang='grc' dir='ltr'><strong>τοῦ</strong></span> <span class='ocrx_word' id='word_1_548' title='bbox 1283 4657 1574 4712; x_wconf 85' lang='grc' dir='ltr'>δακτυλίου</span> <span class='ocrx_word' id='word_1_549' title='bbox 1598 4657 1884 4728; x_wconf 73' lang='grc' dir='ltr'>ἔστρεφεν,</span> 
     </span>
    </p>
   </div>
   <div class='ocr_carea' id='block_1_80' title="bbox 1981 3142 3564 3221">
    <p class='ocr_par' dir='ltr' id='par_1_80' title="bbox 1981 3142 3564 3221">
     <span class='ocr_line' id='line_1_80' title="bbox 1981 3142 3564 3221; baseline -0.008 -13"><span class='ocrx_word' id='word_1_550' title='bbox 1981 3169 2047 3209; x_wconf 87' lang='lat' dir='ltr'><strong>ne</strong></span> <span class='ocrx_word' id='word_1_551' title='bbox 2077 3154 2145 3207; x_wconf 89' lang='lat' dir='ltr'><strong>ab</strong></span> <span class='ocrx_word' id='word_1_552' title='bbox 2177 3153 2312 3221; x_wconf 88' lang='lat' dir='ltr'><strong>ipsis</strong></span> <span class='ocrx_word' id='word_1_553' title='bbox 2356 3149 2775 3221; x_wconf 83' lang='lat' dir='ltr'><strong>perspiceretur.</strong></span> <span class='ocrx_word' id='word_1_554' title='bbox 2814 3146 2993 3215; x_wconf 79' lang='grc' dir='ltr'>Κυνέη</span> <span class='ocrx_word' id='word_1_555' title='bbox 3042 3155 3223 3200; x_wconf 86' lang='lat' dir='ltr'><strong>autem</strong></span> <span class='ocrx_word' id='word_1_556' title='bbox 3257 3142 3409 3214; x_wconf 75' lang='lat' dir='ltr'><strong>galea</strong></span> <span class='ocrx_word' id='word_1_557' title='bbox 3476 3151 3564 3197; x_wconf 67' lang='lat' dir='ltr'><strong>est</strong></span> 
     </span>
    </p>
   </div>
   <div class='ocr_carea' id='block_1_81' title="bbox 1984 3237 2735 3309">
    <p class='ocr_par' dir='ltr' id='par_1_81' title="bbox 1984 3237 2735 3309">
     <span class='ocr_line' id='line_1_81' title="bbox 1984 3237 2735 3309; baseline -0.015 -9"><span class='ocrx_word' id='word_1_558' title='bbox 1984 3244 2137 3309; x_wconf 83' lang='lat' dir='ltr'><strong>Orci,</strong></span> <span class='ocrx_word' id='word_1_559' title='bbox 2176 3243 2278 3296; x_wconf 84' lang='lat' dir='ltr'><strong>hoc</strong></span> <span class='ocrx_word' id='word_1_560' title='bbox 2303 3249 2388 3296; x_wconf 89' lang='lat' dir='ltr'><strong>est</strong></span> <span class='ocrx_word' id='word_1_561' title='bbox 2411 3237 2685 3293; x_wconf 89' lang='lat' dir='ltr'><strong>Plutonis.</strong></span> <span class='ocrx_word' id='word_1_562' title='bbox 2729 3279 2735 3289; x_wconf 94' lang='lat'><strong>.</strong></span> 
     </span>
    </p>
   </div>
   <div class='ocr_carea' id='block_1_82' title="bbox 2439 3533 3082 3605">
    <p class='ocr_par' dir='ltr' id='par_1_82' title="bbox 2439 3533 3082 3605">
     <span class='ocr_line' id='line_1_82' title="bbox 2439 3533 3082 3605; baseline -0.005 -15"><span class='ocrx_word' id='word_1_563' title='bbox 2439 3537 2526 3590; x_wconf 77' lang='lat'><strong>55.</strong></span> <span class='ocrx_word' id='word_1_564' title='bbox 2566 3536 2638 3589; x_wconf 83' lang='lat' dir='ltr'><strong>De</strong></span> <span class='ocrx_word' id='word_1_565' title='bbox 2665 3533 2829 3605; x_wconf 71' lang='lat' dir='ltr'><strong>Gygi:</strong></span> <span class='ocrx_word' id='word_1_566' title='bbox 2862 3535 3082 3588; x_wconf 84' lang='lat' dir='ltr'><strong>annulo.</strong></span> 
     </span>
    </p>
   </div>
   <div class='ocr_carea' id='block_1_83' title="bbox 2047 3646 3569 3719">
    <p class='ocr_par' dir='ltr' id='par_1_83' title="bbox 2047 3646 3569 3719">
     <span class='ocr_line' id='line_1_83' title="bbox 2047 3646 3569 3719; baseline 0 -18"><span class='ocrx_word' id='word_1_567' title='bbox 2047 3647 2204 3704; x_wconf 84' lang='lat' dir='ltr'><strong>Plato</strong></span> <span class='ocrx_word' id='word_1_568' title='bbox 2237 3649 2291 3702; x_wconf 92' lang='lat' dir='ltr'><strong>in</strong></span> <span class='ocrx_word' id='word_1_569' title='bbox 2327 3649 2568 3719; x_wconf 79' lang='lat' dir='ltr'><strong>Dialogis</strong></span> <span class='ocrx_word' id='word_1_570' title='bbox 2596 3649 2658 3703; x_wconf 82' lang='lat' dir='ltr'><strong>de</strong></span> <span class='ocrx_word' id='word_1_571' title='bbox 2687 3648 2974 3715; x_wconf 83' lang='lat' dir='ltr'><strong>Republica</strong></span> <span class='ocrx_word' id='word_1_572' title='bbox 3003 3646 3241 3702; x_wconf 80' lang='lat' dir='ltr'><strong>fabulam</strong></span> <span class='ocrx_word' id='word_1_573' title='bbox 3264 3646 3407 3702; x_wconf 85' lang='lat' dir='ltr'><strong>hanc</strong></span> <span class='ocrx_word' id='word_1_574' title='bbox 3440 3661 3569 3701; x_wconf 85' lang='lat' dir='ltr'><strong>nar-</strong></span> 
     </span>
    </p>
   </div>
   <div class='ocr_carea' id='block_1_84' title="bbox 1978 3740 3571 3812">
    <p class='ocr_par' dir='ltr' id='par_1_84' title="bbox 1978 3740 3571 3812">
     <span class='ocr_line' id='line_1_84' title="bbox 1978 3740 3571 3812; baseline -0.001 -18"><span class='ocrx_word' id='word_1_575' title='bbox 1978 3750 2111 3794; x_wconf 87' lang='lat' dir='ltr'><strong>rat:</strong></span> <span class='ocrx_word' id='word_1_576' title='bbox 2151 3740 2329 3812; x_wconf 80' lang='lat' dir='ltr'><strong>Gyges</strong></span> <span class='ocrx_word' id='word_1_577' title='bbox 2374 3740 2580 3812; x_wconf 84' lang='lat' dir='ltr'><strong>Lydius</strong></span> <span class='ocrx_word' id='word_1_578' title='bbox 2630 3740 2853 3810; x_wconf 87' lang='lat' dir='ltr'><strong>quidam</strong></span> <span class='ocrx_word' id='word_1_579' title='bbox 2904 3740 3076 3810; x_wconf 87' lang='lat' dir='ltr'><strong>opilio</strong></span> <span class='ocrx_word' id='word_1_580' title='bbox 3104 3748 3223 3793; x_wconf 87' lang='lat' dir='ltr'><strong>erat</strong></span> <span class='ocrx_word' id='word_1_581' title='bbox 3258 3754 3270 3789; x_wconf 92' lang='lat'>:</span> <span class='ocrx_word' id='word_1_582' title='bbox 3306 3741 3398 3808; x_wconf 89' lang='lat' dir='ltr'><strong>qui</strong></span> <span class='ocrx_word' id='word_1_583' title='bbox 3443 3754 3571 3794; x_wconf 81' lang='lat' dir='ltr'><strong>cum</strong></span> 
     </span>
    </p>
   </div>
   <div class='ocr_carea' id='block_1_85' title="bbox 1978 3830 3567 3904">
    <p class='ocr_par' dir='ltr' id='par_1_85' title="bbox 1978 3830 3567 3904">
     <span class='ocr_line' id='line_1_85' title="bbox 1978 3830 3567 3904; baseline -0.002 -17"><span class='ocrx_word' id='word_1_584' title='bbox 1978 3833 2216 3902; x_wconf 79' lang='lat' dir='ltr'><strong>pecudes</strong></span> <span class='ocrx_word' id='word_1_585' title='bbox 2270 3833 2324 3886; x_wconf 89' lang='lat' dir='ltr'><strong>in</strong></span> <span class='ocrx_word' id='word_1_586' title='bbox 2369 3842 2555 3889; x_wconf 88' lang='lat' dir='ltr'><strong>monte</strong></span> <span class='ocrx_word' id='word_1_587' title='bbox 2601 3841 2876 3904; x_wconf 87' lang='lat' dir='ltr'><strong>pasceret,</strong></span> <span class='ocrx_word' id='word_1_588' title='bbox 2915 3833 2971 3886; x_wconf 89' lang='lat' dir='ltr'><strong>in</strong></span> <span class='ocrx_word' id='word_1_589' title='bbox 3015 3843 3236 3885; x_wconf 83' lang='lat' dir='ltr'><strong>antrum</strong></span> <span class='ocrx_word' id='word_1_590' title='bbox 3290 3830 3567 3902; x_wconf 88' lang='lat' dir='ltr'><strong>quoddam</strong></span> 
     </span>
    </p>
   </div>
   <div class='ocr_carea' id='block_1_86' title="bbox 1978 3922 3571 3994">
    <p class='ocr_par' dir='ltr' id='par_1_86' title="bbox 1978 3922 3571 3994">
     <span class='ocr_line' id='line_1_86' title="bbox 1978 3922 3571 3994; baseline -0.001 -19"><span class='ocrx_word' id='word_1_591' title='bbox 1978 3922 2194 3989; x_wconf 82' lang='lat' dir='ltr'><strong>incidit,</strong></span> <span class='ocrx_word' id='word_1_592' title='bbox 2222 3938 2398 3993; x_wconf 84' lang='lat' dir='ltr'><strong>eoque</strong></span> <span class='ocrx_word' id='word_1_593' title='bbox 2422 3924 2708 3994; x_wconf 82' lang='lat' dir='ltr'><strong>ingressus</strong></span> <span class='ocrx_word' id='word_1_594' title='bbox 2731 3938 2944 3977; x_wconf 61' lang='lat' dir='ltr'><strong>aeneum</strong></span> <span class='ocrx_word' id='word_1_595' title='bbox 2981 3939 3180 3993; x_wconf 90' lang='lat' dir='ltr'><strong>equum</strong></span> <span class='ocrx_word' id='word_1_596' title='bbox 3222 3922 3444 3992; x_wconf 81' lang='lat' dir='ltr'><strong>reperit,</strong></span> <span class='ocrx_word' id='word_1_597' title='bbox 3485 3930 3571 3973; x_wconf 86' lang='lat' dir='ltr'><strong>at-</strong></span> 
     </span>
    </p>
   </div>
   <div class='ocr_carea' id='block_1_87' title="bbox 1978 4010 3573 4083">
    <p class='ocr_par' dir='ltr' id='par_1_87' title="bbox 1978 4010 3573 4083">
     <span class='ocr_line' id='line_1_87' title="bbox 1978 4010 3573 4083; baseline -0.001 -16"><span class='ocrx_word' id='word_1_598' title='bbox 1978 4030 2089 4083; x_wconf 86' lang='lat' dir='ltr'><strong>que</strong></span> <span class='ocrx_word' id='word_1_599' title='bbox 2122 4015 2266 4067; x_wconf 83' lang='lat' dir='ltr'><strong>intra</strong></span> <span class='ocrx_word' id='word_1_600' title='bbox 2302 4030 2428 4067; x_wconf 89' lang='lat' dir='ltr'><strong>cum</strong></span> <span class='ocrx_word' id='word_1_601' title='bbox 2461 4015 2761 4069; x_wconf 88' lang='lat' dir='ltr'><strong>humanum</strong></span> <span class='ocrx_word' id='word_1_602' title='bbox 2789 4014 3025 4070; x_wconf 89' lang='lat' dir='ltr'><strong>cadaver</strong></span> <span class='ocrx_word' id='word_1_603' title='bbox 3059 4010 3116 4068; x_wconf 81' lang='lat' dir='ltr'><strong>et</strong></span> <span class='ocrx_word' id='word_1_604' title='bbox 3153 4015 3440 4077; x_wconf 83' lang='lat' dir='ltr'><strong>annulum,</strong></span> <span class='ocrx_word' id='word_1_605' title='bbox 3473 4030 3573 4067; x_wconf 85' lang='lat' dir='ltr'><strong>cn-</strong></span> 
     </span>
    </p>
   </div>
   <div class='ocr_carea' id='block_1_88' title="bbox 1971 4100 3548 4176">
    <p class='ocr_par' dir='ltr' id='par_1_88' title="bbox 1971 4100 3548 4176">
     <span class='ocr_line' id='line_1_88' title="bbox 1971 4100 3548 4176; baseline 0.001 -19"><span class='ocrx_word' id='word_1_606' title='bbox 1971 4105 2064 4173; x_wconf 92' lang='lat' dir='ltr'><strong>jus</strong></span> <span class='ocrx_word' id='word_1_607' title='bbox 2100 4104 2221 4174; x_wconf 82' lang='lat' dir='ltr'><strong>pala</strong></span> <span class='ocrx_word' id='word_1_608' title='bbox 2249 4105 2503 4160; x_wconf 85' lang='lat' dir='ltr'><strong>volubilis</strong></span> <span class='ocrx_word' id='word_1_609' title='bbox 2536 4114 2679 4159; x_wconf 87' lang='lat' dir='ltr'><strong>erat.</strong></span> <span class='ocrx_word' id='word_1_610' title='bbox 2741 4107 2980 4176; x_wconf 82' lang='lat' dir='ltr'><strong>Accepto</strong></span> <span class='ocrx_word' id='word_1_611' title='bbox 3010 4105 3196 4174; x_wconf 86' lang='lat' dir='ltr'><strong>itaque</strong></span> <span class='ocrx_word' id='word_1_612' title='bbox 3220 4103 3428 4159; x_wconf 88' lang='lat' dir='ltr'><strong>annulo</strong></span> <span class='ocrx_word' id='word_1_613' title='bbox 3465 4100 3548 4175; x_wconf 84' lang='lat' dir='ltr'><strong>Gy</strong></span> 
     </span>
    </p>
   </div>
   <div class='ocr_carea' id='block_1_89' title="bbox 1975 4187 3573 4266">
    <p class='ocr_par' dir='ltr' id='par_1_89' title="bbox 1975 4187 3573 4266">
     <span class='ocr_line' id='line_1_89' title="bbox 1975 4187 3573 4266; baseline -0.001 -16"><span class='ocrx_word' id='word_1_614' title='bbox 1975 4213 2070 4266; x_wconf 80' lang='lat' dir='ltr'><strong>ges</strong></span> <span class='ocrx_word' id='word_1_615' title='bbox 2103 4206 2261 4251; x_wconf 87' lang='lat' dir='ltr'><strong>antro</strong></span> <span class='ocrx_word' id='word_1_616' title='bbox 2292 4199 2529 4252; x_wconf 80' lang='lat' dir='ltr'><strong>excessit</strong></span> <span class='ocrx_word' id='word_1_617' title='bbox 2559 4213 2573 4247; x_wconf 88' lang='lat'><strong>:</strong></span> <span class='ocrx_word' id='word_1_618' title='bbox 2605 4207 2659 4251; x_wconf 86' lang='lat' dir='ltr'><strong>at</strong></span> <span class='ocrx_word' id='word_1_619' title='bbox 2700 4187 2915 4266; x_wconf 84' lang='lat' dir='ltr'><strong>quoties</strong></span> <span class='ocrx_word' id='word_1_620' title='bbox 2959 4212 3059 4251; x_wconf 91' lang='lat' dir='ltr'><strong>suo</strong></span> <span class='ocrx_word' id='word_1_621' title='bbox 3091 4196 3213 4250; x_wconf 90' lang='lat' dir='ltr'><strong>loco</strong></span> <span class='ocrx_word' id='word_1_622' title='bbox 3246 4203 3365 4251; x_wconf 91' lang='lat' dir='ltr'><strong>erat</strong></span> <span class='ocrx_word' id='word_1_623' title='bbox 3396 4210 3573 4249; x_wconf 88' lang='lat' dir='ltr'><strong>annu-</strong></span> 
     </span>
    </p>
   </div>
   <div class='ocr_carea' id='block_1_90' title="bbox 1979 4284 3573 4367">
    <p class='ocr_par' dir='ltr' id='par_1_90' title="bbox 1979 4284 3573 4367">
     <span class='ocr_line' id='line_1_90' title="bbox 1979 4284 3573 4367; baseline -0.004 -24"><span class='ocrx_word' id='word_1_624' title='bbox 1979 4291 2090 4353; x_wconf 88' lang='lat' dir='ltr'><strong>lus,</strong></span> <span class='ocrx_word' id='word_1_625' title='bbox 2126 4289 2196 4341; x_wconf 89' lang='lat' dir='ltr'><strong>ab</strong></span> <span class='ocrx_word' id='word_1_626' title='bbox 2225 4289 2481 4342; x_wconf 87' lang='lat' dir='ltr'><strong>omnibus</strong></span> <span class='ocrx_word' id='word_1_627' title='bbox 2521 4289 2890 4367; x_wconf 77' lang='lat' dir='ltr'><strong>cernebatur;</strong></span> <span class='ocrx_word' id='word_1_628' title='bbox 2926 4285 3142 4355; x_wconf 88' lang='lat' dir='ltr'><strong>quoties</strong></span> <span class='ocrx_word' id='word_1_629' title='bbox 3169 4294 3349 4339; x_wconf 87' lang='lat' dir='ltr'><strong>autem</strong></span> <span class='ocrx_word' id='word_1_630' title='bbox 3383 4284 3573 4337; x_wconf 88' lang='lat' dir='ltr'><strong>annuli</strong></span> 
     </span>
    </p>
   </div>
   <div class='ocr_carea' id='block_1_91' title="bbox 1910 4371 3574 4467">
    <p class='ocr_par' dir='ltr' id='par_1_91' title="bbox 1910 4371 3574 4467">
     <span class='ocr_line' id='line_1_91' title="bbox 1910 4371 3574 4467; baseline -0.005 -35"><span class='ocrx_word' id='word_1_631' title='bbox 1910 4412 1951 4467; x_wconf 68' lang='grc' dir='ltr'><strong>Β</strong></span> <span class='ocrx_word' id='word_1_632' title='bbox 1979 4379 2159 4449; x_wconf 87' lang='lat' dir='ltr'><strong>palam</strong></span> <span class='ocrx_word' id='word_1_633' title='bbox 2191 4377 2563 4437; x_wconf 87' lang='lat' dir='ltr'><strong>convertebat,</strong></span> <span class='ocrx_word' id='word_1_634' title='bbox 2599 4393 2627 4430; x_wconf 89' lang='lat' dir='ltr'><strong>a</strong></span> <span class='ocrx_word' id='word_1_635' title='bbox 2672 4379 2891 4430; x_wconf 77' lang='lat' dir='ltr'><strong>nemine</strong></span> <span class='ocrx_word' id='word_1_636' title='bbox 2932 4372 3102 4427; x_wconf 80' lang='lat' dir='ltr'><strong>videri</strong></span> <span class='ocrx_word' id='word_1_637' title='bbox 3136 4378 3366 4441; x_wconf 86' lang='lat' dir='ltr'><strong>poterat.</strong></span> <span class='ocrx_word' id='word_1_638' title='bbox 3392 4371 3574 4439; x_wconf 78' lang='lat' dir='ltr'><strong>Atque</strong></span> 
     </span>
    </p>
   </div>
   <div class='ocr_carea' id='block_1_92' title="bbox 1985 4461 3571 4533">
    <p class='ocr_par' dir='ltr' id='par_1_92' title="bbox 1985 4461 3571 4533">
     <span class='ocr_line' id='line_1_92' title="bbox 1985 4461 3571 4533; baseline -0.005 -11"><span class='ocrx_word' id='word_1_639' title='bbox 1985 4470 2124 4522; x_wconf 90' lang='lat' dir='ltr'><strong>hanc</strong></span> <span class='ocrx_word' id='word_1_640' title='bbox 2157 4466 2393 4521; x_wconf 80' lang='lat' dir='ltr'><strong>fabulam</strong></span> <span class='ocrx_word' id='word_1_641' title='bbox 2425 4466 2636 4521; x_wconf 86' lang='lat' dir='ltr'><strong>inducit</strong></span> <span class='ocrx_word' id='word_1_642' title='bbox 2674 4465 2847 4530; x_wconf 89' lang='lat' dir='ltr'><strong>Plato,</strong></span> <span class='ocrx_word' id='word_1_643' title='bbox 2895 4465 3102 4533; x_wconf 88' lang='lat' dir='ltr'><strong>aitque,</strong></span> <span class='ocrx_word' id='word_1_644' title='bbox 3137 4461 3571 4529; x_wconf 82' lang='lat' dir='ltr'><strong>virumjustum,</strong></span> 
     </span>
    </p>
   </div>
   <div class='ocr_carea' id='block_1_93' title="bbox 1994 4553 3573 4631">
    <p class='ocr_par' dir='ltr' id='par_1_93' title="bbox 1994 4553 3573 4631">
     <span class='ocr_line' id='line_1_93' title="bbox 1994 4553 3573 4631; baseline -0.007 -15"><span class='ocrx_word' id='word_1_645' title='bbox 1994 4559 2210 4616; x_wconf 84' lang='lat' dir='ltr'><strong>etiamsi</strong></span> <span class='ocrx_word' id='word_1_646' title='bbox 2247 4558 2414 4631; x_wconf 79' lang='lat' dir='ltr'><strong>Gygis</strong></span> <span class='ocrx_word' id='word_1_647' title='bbox 2449 4559 2708 4613; x_wconf 90' lang='lat' dir='ltr'><strong>annulum</strong></span> <span class='ocrx_word' id='word_1_648' title='bbox 2745 4556 3036 4627; x_wconf 87' lang='lat' dir='ltr'><strong>acceperit,</strong></span> <span class='ocrx_word' id='word_1_649' title='bbox 3079 4570 3147 4610; x_wconf 90' lang='lat' dir='ltr'><strong>ne</strong></span> <span class='ocrx_word' id='word_1_650' title='bbox 3171 4554 3295 4623; x_wconf 86' lang='lat' dir='ltr'><strong>quis</strong></span> <span class='ocrx_word' id='word_1_651' title='bbox 3322 4567 3446 4609; x_wconf 87' lang='lat' dir='ltr'><strong>eum</strong></span> <span class='ocrx_word' id='word_1_652' title='bbox 3484 4553 3573 4606; x_wconf 75' lang='lat' dir='ltr'><strong>in-</strong></span> 
     </span>
    </p>
   </div>
   <div class='ocr_carea' id='block_1_94' title="bbox 1987 4643 3573 4722">
    <p class='ocr_par' dir='ltr' id='par_1_94' title="bbox 1987 4643 3573 4722">
     <span class='ocr_line' id='line_1_94' title="bbox 1987 4643 3573 4722; baseline -0.009 -11"><span class='ocrx_word' id='word_1_653' title='bbox 1987 4655 2126 4711; x_wconf 89' lang='lat' dir='ltr'><strong>tueri</strong></span> <span class='ocrx_word' id='word_1_654' title='bbox 2164 4652 2360 4722; x_wconf 87' lang='lat' dir='ltr'><strong>possit,</strong></span> <span class='ocrx_word' id='word_1_655' title='bbox 2401 4668 2468 4707; x_wconf 85' lang='lat' dir='ltr'><strong>ne</strong></span> <span class='ocrx_word' id='word_1_656' title='bbox 2507 4651 2835 4721; x_wconf 86' lang='lat' dir='ltr'><strong>sic-quidem</strong></span> <span class='ocrx_word' id='word_1_657' title='bbox 2869 4648 3098 4705; x_wconf 86' lang='lat' dir='ltr'><strong>sceleris</strong></span> <span class='ocrx_word' id='word_1_658' title='bbox 3137 4646 3341 4718; x_wconf 89' lang='lat' dir='ltr'><strong>aliquid</strong></span> <span class='ocrx_word' id='word_1_659' title='bbox 3374 4643 3573 4705; x_wconf 83' lang='lat' dir='ltr'><strong>admit—</strong></span> 
     </span>
    </p>
   </div>
   <div class='ocr_carea' id='block_1_95' title="bbox 293 4740 1894 4823">
    <p class='ocr_par' dir='ltr' id='par_1_95' title="bbox 293 4743 1890 4823">
     <span class='ocr_line' id='line_1_95' title="bbox 293 4743 1890 4823; baseline -0.006 -16"><span class='ocrx_word' id='word_1_660' title='bbox 293 4750 509 4823; x_wconf 80' lang='grc' dir='ltr'>ἀφανὴς</span> <span class='ocrx_word' id='word_1_661' title='bbox 538 4752 748 4820; x_wconf 73' lang='grc' dir='ltr'>ἐγίνετο</span> <span class='ocrx_word' id='word_1_662' title='bbox 795 4751 983 4803; x_wconf 79' lang='grc' dir='ltr'>πᾶσιν.</span> <span class='ocrx_word' id='word_1_663' title='bbox 1045 4749 1104 4802; x_wconf 87' lang='lat'><strong>&#39;0</strong></span> <span class='ocrx_word' id='word_1_664' title='bbox 1131 4743 1226 4801; x_wconf 82' lang='grc' dir='ltr'><strong>οὖν</strong></span> <span class='ocrx_word' id='word_1_665' title='bbox 1257 4746 1486 4801; x_wconf 81' lang='grc' dir='ltr'>Πλάτων</span> <span class='ocrx_word' id='word_1_666' title='bbox 1526 4745 1768 4816; x_wconf 81' lang='grc' dir='ltr'>εἰσφέρει</span> <span class='ocrx_word' id='word_1_667' title='bbox 1800 4744 1890 4797; x_wconf 80' lang='grc' dir='ltr'><strong>τὸν</strong></span> 
     </span>
    </p>
   </div>
   <div class='ocr_carea' id='block_1_96' title="bbox 1987 4740 3573 4823">
    <p class='ocr_par' dir='ltr' id='par_1_96' title="bbox 1988 4740 3573 4815">
     <span class='ocr_line' id='line_1_96' title="bbox 1988 4740 3573 4815; baseline -0.008 -13"><span class='ocrx_word' id='word_1_668' title='bbox 1988 4761 2103 4803; x_wconf 89' lang='lat' dir='ltr'><strong>tere</strong></span> <span class='ocrx_word' id='word_1_669' title='bbox 2149 4745 2372 4801; x_wconf 86' lang='lat' dir='ltr'><strong>debere.</strong></span> <span class='ocrx_word' id='word_1_670' title='bbox 2423 4743 2694 4799; x_wconf 77' lang='lat' dir='ltr'><strong>Virtutem</strong></span> <span class='ocrx_word' id='word_1_671' title='bbox 2746 4744 2893 4799; x_wconf 90' lang='lat' dir='ltr'><strong>enim</strong></span> <span class='ocrx_word' id='word_1_672' title='bbox 2940 4750 3166 4815; x_wconf 89' lang='lat' dir='ltr'><strong>propter</strong></span> <span class='ocrx_word' id='word_1_673' title='bbox 3201 4740 3436 4809; x_wconf 79' lang='lat' dir='ltr'><strong>seipsam</strong></span> <span class='ocrx_word' id='word_1_674' title='bbox 3476 4752 3573 4790; x_wconf 84' lang='lat' dir='ltr'><strong>co-</strong></span> 
     </span>
    </p>
   </div>
   <div class='ocr_carea' id='block_1_97' title="bbox 300 4823 1894 4913">
    <p class='ocr_par' dir='ltr' id='par_1_97' title="bbox 300 4832 1890 4913">
     <span class='ocr_line' id='line_1_97' title="bbox 300 4832 1890 4913; baseline -0.007 -16"><span class='ocrx_word' id='word_1_675' title='bbox 300 4841 468 4913; x_wconf 67' lang='grc' dir='ltr'>μίτθον</span> <span class='ocrx_word' id='word_1_676' title='bbox 494 4842 685 4896; x_wconf 82' lang='grc' dir='ltr'>τοῦτον</span> <span class='ocrx_word' id='word_1_677' title='bbox 709 4858 723 4871; x_wconf 75' lang='grc' dir='ltr'><strong>ο</strong></span> <span class='ocrx_word' id='word_1_678' title='bbox 769 4841 885 4904; x_wconf 83' lang='grc' dir='ltr'>ὅτι,</span> <span class='ocrx_word' id='word_1_679' title='bbox 921 4839 1152 4910; x_wconf 73' lang='grc' dir='ltr'>φησὶν,ὁ</span> <span class='ocrx_word' id='word_1_680' title='bbox 1185 4837 1396 4901; x_wconf 82' lang='grc' dir='ltr'>δίκαιος</span> <span class='ocrx_word' id='word_1_681' title='bbox 1436 4834 1598 4908; x_wconf 80' lang='grc' dir='ltr'>ἀνὴρ,</span> <span class='ocrx_word' id='word_1_682' title='bbox 1647 4834 1750 4888; x_wconf 86' lang='grc' dir='ltr'><strong>κᾶν</strong></span> <span class='ocrx_word' id='word_1_683' title='bbox 1793 4832 1890 4887; x_wconf 81' lang='grc' dir='ltr'>τοῦ</span> 
     </span>
    </p>
   </div>
   <div class='ocr_carea' id='block_1_98' title="bbox 1987 4823 3572 4913">
    <p class='ocr_par' dir='ltr' id='par_1_98' title="bbox 1989 4823 3572 4907">
     <span class='ocr_line' id='line_1_98' title="bbox 1989 4823 3572 4907; baseline -0.007 -16"><span class='ocrx_word' id='word_1_684' title='bbox 1989 4838 2205 4893; x_wconf 87' lang='lat' dir='ltr'><strong>lendam</strong></span> <span class='ocrx_word' id='word_1_685' title='bbox 2229 4844 2392 4907; x_wconf 87' lang='lat' dir='ltr'><strong>atque</strong></span> <span class='ocrx_word' id='word_1_686' title='bbox 2418 4833 2852 4904; x_wconf 88' lang='lat' dir='ltr'><strong>amplectendam</strong></span> <span class='ocrx_word' id='word_1_687' title='bbox 2878 4847 3019 4892; x_wconf 82' lang='lat' dir='ltr'><strong>csse.</strong></span> <span class='ocrx_word' id='word_1_688' title='bbox 3053 4846 3159 4885; x_wconf 82' lang='lat' dir='ltr'><strong>non</strong></span> <span class='ocrx_word' id='word_1_689' title='bbox 3184 4836 3406 4900; x_wconf 89' lang='lat' dir='ltr'><strong>pr0pter</strong></span> <span class='ocrx_word' id='word_1_690' title='bbox 3426 4823 3572 4880; x_wconf 88' lang='lat' dir='ltr'><strong>aliud</strong></span> 
     </span>
    </p>
   </div>
   <div class='ocr_carea' id='block_1_99' title="bbox 299 4925 1889 5004">
    <p class='ocr_par' dir='ltr' id='par_1_99' title="bbox 299 4925 1889 5004">
     <span class='ocr_line' id='line_1_99' title="bbox 299 4925 1889 5004; baseline -0.006 -16"><span class='ocrx_word' id='word_1_691' title='bbox 299 4935 475 5003; x_wconf 81' lang='grc' dir='ltr'>Γύγου</span> <span class='ocrx_word' id='word_1_692' title='bbox 503 4933 644 5004; x_wconf 75' lang='grc' dir='ltr'>λάϐῃ</span> <span class='ocrx_word' id='word_1_693' title='bbox 669 4931 954 4987; x_wconf 85' lang='grc' dir='ltr'>δακτύλιον</span> <span class='ocrx_word' id='word_1_694' title='bbox 980 4930 1067 4984; x_wconf 81' lang='grc' dir='ltr'><strong>ἵνα</strong></span> <span class='ocrx_word' id='word_1_695' title='bbox 1099 4929 1174 5001; x_wconf 80' lang='grc' dir='ltr'><strong>μὴ</strong></span> <span class='ocrx_word' id='word_1_696' title='bbox 1202 4930 1396 5001; x_wconf 81' lang='grc' dir='ltr'>ὁρᾶται</span> <span class='ocrx_word' id='word_1_697' title='bbox 1429 4927 1535 4981; x_wconf 85' lang='grc' dir='ltr'>ὑπό</span> <span class='ocrx_word' id='word_1_698' title='bbox 1560 4945 1726 4990; x_wconf 81' lang='grc' dir='ltr'>τινος,</span> <span class='ocrx_word' id='word_1_699' title='bbox 1771 4925 1889 4979; x_wconf 81' lang='grc' dir='ltr'>οὐδ’</span> 
     </span>
    </p>
   </div>
   <div class='ocr_carea' id='block_1_100' title="bbox 1992 4918 3572 5000">
    <p class='ocr_par' dir='ltr' id='par_1_100' title="bbox 1992 4918 3572 5000">
     <span class='ocr_line' id='line_1_100' title="bbox 1992 4918 3572 5000; baseline -0.009 -16"><span class='ocrx_word' id='word_1_700' title='bbox 1992 4930 2315 5000; x_wconf 82' lang='lat' dir='ltr'><strong>quidquam.</strong></span> <span class='ocrx_word' id='word_1_701' title='bbox 2351 4924 2530 4998; x_wconf 79' lang='lat' dir='ltr'><strong>Gyges</strong></span> <span class='ocrx_word' id='word_1_702' title='bbox 2562 4942 2691 4998; x_wconf 80' lang='lat' dir='ltr'><strong>ergo</strong></span> <span class='ocrx_word' id='word_1_703' title='bbox 2726 4941 2849 4981; x_wconf 92' lang='lat' dir='ltr'><strong>cum</strong></span> <span class='ocrx_word' id='word_1_704' title='bbox 2887 4925 2990 4979; x_wconf 89' lang='lat' dir='ltr'><strong>hoc</strong></span> <span class='ocrx_word' id='word_1_705' title='bbox 3019 4922 3225 4978; x_wconf 86' lang='lat' dir='ltr'><strong>annulo</strong></span> <span class='ocrx_word' id='word_1_706' title='bbox 3264 4921 3321 4974; x_wconf 90' lang='lat' dir='ltr'><strong>in</strong></span> <span class='ocrx_word' id='word_1_707' title='bbox 3366 4918 3572 4989; x_wconf 76' lang='lat' dir='ltr'><strong>regiam</strong></span> 
     </span>
    </p>
   </div>
   <div class='ocr_carea' id='block_1_101' title="bbox 298 5011 1894 5094">
    <p class='ocr_par' dir='ltr' id='par_1_101' title="bbox 298 5019 1886 5094">
     <span class='ocr_line' id='line_1_101' title="bbox 298 5019 1886 5094; baseline -0.006 -14"><span class='ocrx_word' id='word_1_708' title='bbox 298 5026 473 5090; x_wconf 70' lang='grc' dir='ltr'>οὕτως</span> <span class='ocrx_word' id='word_1_709' title='bbox 500 5024 732 5094; x_wconf 76' lang='grc' dir='ltr'>ὤφειλεν</span> <span class='ocrx_word' id='word_1_710' title='bbox 760 5024 986 5079; x_wconf 85' lang='grc' dir='ltr'>ἀδικεῖν.</span> <span class='ocrx_word' id='word_1_711' title='bbox 1020 5026 1113 5077; x_wconf 78' lang='grc' dir='ltr'><strong>Δεῖ</strong></span> <span class='ocrx_word' id='word_1_712' title='bbox 1140 5022 1249 5094; x_wconf 85' lang='grc' dir='ltr'>γὰρ</span> <span class='ocrx_word' id='word_1_713' title='bbox 1285 5022 1349 5075; x_wconf 83' lang='grc' dir='ltr'><strong>τὸ</strong></span> <span class='ocrx_word' id='word_1_714' title='bbox 1378 5021 1543 5076; x_wconf 87' lang='grc' dir='ltr'>καλὸν</span> <span class='ocrx_word' id='word_1_715' title='bbox 1572 5019 1639 5073; x_wconf 83' lang='grc' dir='ltr'>δι’</span> <span class='ocrx_word' id='word_1_716' title='bbox 1665 5019 1800 5073; x_wconf 82' lang='grc' dir='ltr'>αὐτὸ</span> <span class='ocrx_word' id='word_1_717' title='bbox 1824 5019 1886 5072; x_wconf 83' lang='grc' dir='ltr'><strong>τὸ</strong></span> 
     </span>
    </p>
   </div>
   <div class='ocr_carea' id='block_1_102' title="bbox 1987 5011 3570 5094">
    <p class='ocr_par' dir='ltr' id='par_1_102' title="bbox 1992 5011 3570 5092">
     <span class='ocr_line' id='line_1_102' title="bbox 1992 5011 3570 5092; baseline -0.009 -17"><span class='ocrx_word' id='word_1_718' title='bbox 1992 5020 2265 5092; x_wconf 87' lang='lat' dir='ltr'><strong>Lydorum</strong></span> <span class='ocrx_word' id='word_1_719' title='bbox 2319 5021 2499 5073; x_wconf 88' lang='lat' dir='ltr'><strong>aulam</strong></span> <span class='ocrx_word' id='word_1_720' title='bbox 2547 5017 2825 5086; x_wconf 83' lang='lat' dir='ltr'><strong>prolectus</strong></span> <span class='ocrx_word' id='word_1_721' title='bbox 2871 5030 3138 5071; x_wconf 86' lang='lat' dir='ltr'><strong>conversa</strong></span> <span class='ocrx_word' id='word_1_722' title='bbox 3188 5011 3377 5067; x_wconf 86' lang='lat' dir='ltr'><strong>annuli</strong></span> <span class='ocrx_word' id='word_1_723' title='bbox 3426 5011 3570 5081; x_wconf 88' lang='lat' dir='ltr'><strong>pala,</strong></span> 
     </span>
    </p>
   </div>
   <div class='ocr_carea' id='block_1_103' title="bbox 298 5111 1648 5187">
    <p class='ocr_par' dir='ltr' id='par_1_103' title="bbox 298 5111 1648 5187">
     <span class='ocr_line' id='line_1_103' title="bbox 298 5111 1648 5187; baseline -0.004 -15"><span class='ocrx_word' id='word_1_724' title='bbox 298 5115 506 5184; x_wconf 72' lang='grc' dir='ltr'>ἀγαθὸν</span> <span class='ocrx_word' id='word_1_725' title='bbox 535 5116 895 5187; x_wconf 72' lang='grc' dir='ltr'>ἐπιτηδεύειν,</span> <span class='ocrx_word' id='word_1_726' title='bbox 925 5115 1018 5169; x_wconf 71' lang='grc' dir='ltr'><strong>καὶ</strong></span> <span class='ocrx_word' id='word_1_727' title='bbox 1051 5114 1126 5186; x_wconf 83' lang='grc' dir='ltr'>μὴ</span> <span class='ocrx_word' id='word_1_728' title='bbox 1154 5114 1223 5168; x_wconf 82' lang='grc' dir='ltr'>δι’</span> <span class='ocrx_word' id='word_1_729' title='bbox 1256 5113 1451 5178; x_wconf 79' lang='grc' dir='ltr'>ἄλλους</span> <span class='ocrx_word' id='word_1_730' title='bbox 1474 5111 1648 5176; x_wconf 84' lang='grc' dir='ltr'>τινάς.</span> 
     </span>
    </p>
   </div>
   <div class='ocr_carea' id='block_1_104' title="bbox 1992 5108 3573 5182">
    <p class='ocr_par' dir='ltr' id='par_1_104' title="bbox 1992 5108 3573 5182">
     <span class='ocr_line' id='line_1_104' title="bbox 1992 5108 3573 5182; baseline -0.01 -12"><span class='ocrx_word' id='word_1_731' title='bbox 1992 5119 2346 5182; x_wconf 76' lang='lat' dir='ltr'><strong>conspectum</strong></span> <span class='ocrx_word' id='word_1_732' title='bbox 2376 5112 2461 5166; x_wconf 91' lang='lat' dir='ltr'><strong>sui</strong></span> <span class='ocrx_word' id='word_1_733' title='bbox 2502 5110 2763 5167; x_wconf 88' lang='lat' dir='ltr'><strong>omnibus</strong></span> <span class='ocrx_word' id='word_1_734' title='bbox 2800 5108 3025 5172; x_wconf 85' lang='lat' dir='ltr'><strong>ademit,</strong></span> <span class='ocrx_word' id='word_1_735' title='bbox 3067 5108 3462 5176; x_wconf 79' lang='lat' dir='ltr'><strong>ingressusque</strong></span> <span class='ocrx_word' id='word_1_736' title='bbox 3489 5116 3573 5155; x_wconf 68' lang='lat' dir='ltr'><strong>re»</strong></span> 
     </span>
    </p>
   </div>
   <div class='ocr_carea' id='block_1_105' title="bbox 298 5196 3575 5282">
    <p class='ocr_par' dir='ltr' id='par_1_105' title="bbox 298 5196 3575 5282">
     <span class='ocr_line' id='line_1_105' title="bbox 298 5196 3575 5282; baseline -0.003 -21"><span class='ocrx_word' id='word_1_737' title='bbox 298 5225 425 5282; x_wconf 72' lang='lat' dir='ltr'><strong>gem</strong></span> <span class='ocrx_word' id='word_1_738' title='bbox 491 5208 809 5269; x_wconf 80' lang='lat' dir='ltr'><strong>interfecit.</strong></span> <span class='ocrx_word' id='word_1_739' title='bbox 862 5220 1203 5278; x_wconf 70' lang='lat' dir='ltr'><strong>regnumque</strong></span> <span class='ocrx_word' id='word_1_740' title='bbox 1259 5205 1493 5275; x_wconf 85' lang='lat' dir='ltr'><strong>accepit.</strong></span> <span class='ocrx_word' id='word_1_741' title='bbox 1543 5201 1857 5260; x_wconf 82' lang='lat' dir='ltr'><strong>Herodotus</strong></span> <span class='ocrx_word' id='word_1_742' title='bbox 1904 5211 2089 5259; x_wconf 87' lang='lat' dir='ltr'><strong>tamen</strong></span> <span class='ocrx_word' id='word_1_743' title='bbox 2128 5202 2296 5275; x_wconf 79' lang='lat' dir='ltr'><strong>Gygis</strong></span> <span class='ocrx_word' id='word_1_744' title='bbox 2334 5202 2623 5258; x_wconf 85' lang='lat' dir='ltr'><strong>historiam</strong></span> <span class='ocrx_word' id='word_1_745' title='bbox 2677 5200 2838 5254; x_wconf 86' lang='lat' dir='ltr'><strong>aliter</strong></span> <span class='ocrx_word' id='word_1_746' title='bbox 2881 5198 3124 5269; x_wconf 73' lang='lat' dir='ltr'><strong>exponit.</strong></span> <span class='ocrx_word' id='word_1_747' title='bbox 3176 5196 3380 5259; x_wconf 83' lang='lat' dir='ltr'><strong>Scribit</strong></span> <span class='ocrx_word' id='word_1_748' title='bbox 3429 5197 3575 5251; x_wconf 80' lang='lat' dir='ltr'><strong>enim</strong></span> 
     </span>
    </p>
   </div>
   <div class='ocr_carea' id='block_1_106' title="bbox 302 5292 2991 5375">
    <p class='ocr_par' dir='ltr' id='par_1_106' title="bbox 302 5292 2991 5375">
     <span class='ocr_line' id='line_1_106' title="bbox 302 5292 2991 5375; baseline -0.006 -15"><span class='ocrx_word' id='word_1_749' title='bbox 302 5303 507 5375; x_wconf 67' lang='lat' dir='ltr'><strong>regina:</strong></span> <span class='ocrx_word' id='word_1_750' title='bbox 550 5299 807 5356; x_wconf 87' lang='lat' dir='ltr'><strong>mandato</strong></span> <span class='ocrx_word' id='word_1_751' title='bbox 855 5298 1195 5355; x_wconf 82' lang='lat' dir='ltr'><strong>Candaulem</strong></span> <span class='ocrx_word' id='word_1_752' title='bbox 1247 5297 1318 5352; x_wconf 85' lang='lat' dir='ltr'><strong>ab</strong></span> <span class='ocrx_word' id='word_1_753' title='bbox 1367 5311 1433 5352; x_wconf 91' lang='lat' dir='ltr'><strong>eo</strong></span> <span class='ocrx_word' id='word_1_754' title='bbox 1474 5297 1886 5368; x_wconf 87' lang='lat' dir='ltr'><strong>interemptum,</strong></span> <span class='ocrx_word' id='word_1_755' title='bbox 1963 5299 2256 5369; x_wconf 88' lang='lat' dir='ltr'><strong>ipsumque</strong></span> <span class='ocrx_word' id='word_1_756' title='bbox 2285 5296 2512 5365; x_wconf 89' lang='lat' dir='ltr'><strong>imperio</strong></span> <span class='ocrx_word' id='word_1_757' title='bbox 2540 5295 2772 5365; x_wconf 89' lang='lat' dir='ltr'><strong>potitum</strong></span> <span class='ocrx_word' id='word_1_758' title='bbox 2803 5292 2991 5349; x_wconf 75' lang='lat' dir='ltr'><strong>fuisse.</strong></span> 
     </span>
    </p>
   </div>
   <div class='ocr_carea' id='block_1_107' title="bbox 728 5434 1456 5508">
    <p class='ocr_par' dir='ltr' id='par_1_107' title="bbox 728 5434 1456 5508">
     <span class='ocr_line' id='line_1_107' title="bbox 728 5434 1456 5508; baseline -0.011 -14"><span class='ocrx_word' id='word_1_759' title='bbox 728 5446 836 5505; x_wconf 87' lang='grc' dir='ltr'>νς’.</span> <span class='ocrx_word' id='word_1_760' title='bbox 874 5438 1017 5508; x_wconf 78' lang='grc' dir='ltr'>Περὶ</span> <span class='ocrx_word' id='word_1_761' title='bbox 1038 5435 1158 5491; x_wconf 75' lang='grc' dir='ltr'><strong>τῶν</strong></span> <span class='ocrx_word' id='word_1_762' title='bbox 1180 5434 1456 5492; x_wconf 83' lang='grc' dir='ltr'>Λινδίων.</span> 
     </span>
    </p>
   </div>
   <div class='ocr_carea' id='block_1_108' title="bbox 379 5614 1892 5688">
    <p class='ocr_par' dir='ltr' id='par_1_108' title="bbox 379 5614 1892 5688">
     <span class='ocr_line' id='line_1_108' title="bbox 379 5614 1892 5688; baseline -0.008 -10"><span class='ocrx_word' id='word_1_763' title='bbox 379 5625 567 5687; x_wconf 80' lang='grc' dir='ltr'>Λίνδος</span> <span class='ocrx_word' id='word_1_764' title='bbox 588 5622 744 5684; x_wconf 74' lang='grc' dir='ltr'>πόλις</span> <span class='ocrx_word' id='word_1_765' title='bbox 767 5619 977 5675; x_wconf 83' lang='grc' dir='ltr'>παλαιὰ</span> <span class='ocrx_word' id='word_1_766' title='bbox 996 5619 1096 5688; x_wconf 84' lang='grc' dir='ltr'>τῆς</span> <span class='ocrx_word' id='word_1_767' title='bbox 1134 5616 1337 5670; x_wconf 77' lang='grc' dir='ltr'>Ῥόδουο</span> <span class='ocrx_word' id='word_1_768' title='bbox 1370 5616 1426 5667; x_wconf 79' lang='grc' dir='ltr'><strong>ὲν</strong></span> <span class='ocrx_word' id='word_1_769' title='bbox 1455 5614 1629 5685; x_wconf 83' lang='grc' dir='ltr'>ταύτῃ</span> <span class='ocrx_word' id='word_1_770' title='bbox 1653 5614 1729 5684; x_wconf 81' lang='grc' dir='ltr'>τῷ</span> <span class='ocrx_word' id='word_1_771' title='bbox 1758 5615 1892 5685; x_wconf 72' lang='grc' dir='ltr'>ἱερεῖ</span> 
     </span>
    </p>
   </div>
   <div class='ocr_carea' id='block_1_109' title="bbox 306 5705 1894 5787">
    <p class='ocr_par' dir='ltr' id='par_1_109' title="bbox 306 5705 1894 5787">
     <span class='ocr_line' id='line_1_109' title="bbox 306 5705 1894 5787; baseline -0.004 -20"><span class='ocrx_word' id='word_1_772' title='bbox 306 5713 386 5787; x_wconf 73' lang='grc' dir='ltr'><strong>τῷ</strong></span> <span class='ocrx_word' id='word_1_773' title='bbox 416 5713 597 5767; x_wconf 88' lang='grc' dir='ltr'>θύοντι</span> <span class='ocrx_word' id='word_1_774' title='bbox 618 5713 714 5765; x_wconf 69' lang='grc' dir='ltr'><strong>καὶ</strong></span> <span class='ocrx_word' id='word_1_775' title='bbox 744 5710 1056 5781; x_wconf 79' lang='grc' dir='ltr'>θοινωμένῳ</span> <span class='ocrx_word' id='word_1_776' title='bbox 1091 5709 1179 5762; x_wconf 74' lang='grc' dir='ltr'>τὸν</span> <span class='ocrx_word' id='word_1_777' title='bbox 1222 5705 1348 5779; x_wconf 75' lang='grc' dir='ltr'>βοῦν</span> <span class='ocrx_word' id='word_1_778' title='bbox 1369 5746 1383 5774; x_wconf 91' lang='grc'><strong>,</strong></span> <span class='ocrx_word' id='word_1_779' title='bbox 1433 5707 1482 5760; x_wconf 68' lang='grc' dir='ltr'>οἱ</span> <span class='ocrx_word' id='word_1_780' title='bbox 1512 5705 1732 5770; x_wconf 78' lang='grc' dir='ltr'>θύοντες</span> <span class='ocrx_word' id='word_1_781' title='bbox 1762 5724 1894 5763; x_wconf 87' lang='grc' dir='ltr'>κατ-</span> 
     </span>
    </p>
   </div>
   <div class='ocr_carea' id='block_1_110' title="bbox 2031 5429 3512 5553">
    <p class='ocr_par' dir='ltr' id='par_1_110' title="bbox 2031 5429 3512 5553">
     <span class='ocr_line' id='line_1_110' title="bbox 2031 5429 3512 5553; baseline -0.008 -59"><span class='ocrx_word' id='word_1_782' title='bbox 2031 5437 2118 5494; x_wconf 83' lang='grc'><strong>56.</strong></span> <span class='ocrx_word' id='word_1_783' title='bbox 2158 5435 2236 5493; x_wconf 87' lang='lat' dir='ltr'><strong>De</strong></span> <span class='ocrx_word' id='word_1_784' title='bbox 2267 5433 2492 5495; x_wconf 77' lang='lat' dir='ltr'><strong>Lindiis,</strong></span> <span class='ocrx_word' id='word_1_785' title='bbox 2515 5433 2604 5502; x_wconf 76' lang='lat' dir='ltr'><strong>qui</strong></span> <span class='ocrx_word' id='word_1_786' title='bbox 2629 5429 2945 5553; x_wconf 71' lang='lat' dir='ltr'><strong>Bdutlmenam</strong></span> <span class='ocrx_word' id='word_1_787' title='bbox 2976 5429 3119 5482; x_wconf 73' lang='lat' dir='ltr'><strong>omni</strong></span> <span class='ocrx_word' id='word_1_788' title='bbox 3148 5429 3512 5483; x_wconf 65' lang='lat' dir='ltr'><strong>exsecratione</strong></span> 
     </span>
     <span class='ocr_line' id='line_1_111' title="bbox 2692 5511 2921 5553; baseline 0 0"><span class='ocrx_word' id='word_1_789' title='bbox 2692 5511 2921 5553; x_wconf 82' lang='lat' dir='ltr'><strong>evorent.</strong></span> 
     </span>
    </p>
   </div>
   <div class='ocr_carea' id='block_1_111' title="bbox 2692 5511 2921 5555">
    <p class='ocr_par' dir='ltr' id='par_1_111' title="bbox 2692 5511 2921 5555">
     <span class='ocr_line' id='line_1_112' title="bbox 2692 5511 2921 5555; baseline 0.004 -1"><span class='ocrx_word' id='word_1_790' title='bbox 2692 5518 2781 5554; x_wconf 85' lang='lat' dir='ltr'><strong>evo</strong></span> <span class='ocrx_word' id='word_1_791' title='bbox 2789 5511 2898 5553; x_wconf 76' lang='grc' dir='ltr'>ιἐηι</span> <span class='ocrx_word' id='word_1_792' title='bbox 2909 5542 2921 5555; x_wconf 85' lang='lat'><strong>.</strong></span> 
     </span>
    </p>
   </div>
   <div class='ocr_carea' id='block_1_112' title="bbox 2065 5611 3574 5685">
    <p class='ocr_par' dir='ltr' id='par_1_112' title="bbox 2065 5611 3574 5685">
     <span class='ocr_line' id='line_1_113' title="bbox 2065 5611 3574 5685; baseline -0.004 -12"><span class='ocrx_word' id='word_1_793' title='bbox 2065 5616 2275 5673; x_wconf 84' lang='lat' dir='ltr'><strong>Lindus</strong></span> <span class='ocrx_word' id='word_1_794' title='bbox 2308 5617 2535 5685; x_wconf 86' lang='lat' dir='ltr'><strong>antiqua</strong></span> <span class='ocrx_word' id='word_1_795' title='bbox 2567 5613 2742 5670; x_wconf 79' lang='lat' dir='ltr'><strong>Rhodi</strong></span> <span class='ocrx_word' id='word_1_796' title='bbox 2786 5615 2919 5669; x_wconf 89' lang='lat' dir='ltr'><strong>urbs</strong></span> <span class='ocrx_word' id='word_1_797' title='bbox 2961 5622 3047 5668; x_wconf 86' lang='lat' dir='ltr'><strong>est</strong></span> <span class='ocrx_word' id='word_1_798' title='bbox 3077 5633 3088 5666; x_wconf 89' lang='lat'><strong>:</strong></span> <span class='ocrx_word' id='word_1_799' title='bbox 3124 5615 3178 5669; x_wconf 88' lang='lat' dir='ltr'><strong>in</strong></span> <span class='ocrx_word' id='word_1_800' title='bbox 3214 5630 3277 5668; x_wconf 87' lang='lat' dir='ltr'><strong>ea</strong></span> <span class='ocrx_word' id='word_1_801' title='bbox 3319 5611 3574 5668; x_wconf 87' lang='lat' dir='ltr'><strong>sacerdo-</strong></span> 
     </span>
    </p>
   </div>
   <div class='ocr_carea' id='block_1_113' title="bbox 1996 5706 3577 5768">
    <p class='ocr_par' dir='ltr' id='par_1_113' title="bbox 1996 5706 3577 5768">
     <span class='ocr_line' id='line_1_114' title="bbox 1996 5706 3577 5768; baseline -0.004 -2"><span class='ocrx_word' id='word_1_802' title='bbox 1996 5719 2106 5768; x_wconf 90' lang='lat' dir='ltr'><strong>tem</strong></span> <span class='ocrx_word' id='word_1_803' title='bbox 2147 5709 2548 5768; x_wconf 85' lang='lat' dir='ltr'><strong>sacrilicantem</strong></span> <span class='ocrx_word' id='word_1_804' title='bbox 2572 5723 2634 5764; x_wconf 80' lang='lat' dir='ltr'><strong>ac</strong></span> <span class='ocrx_word' id='word_1_805' title='bbox 2665 5708 2859 5764; x_wconf 84' lang='lat' dir='ltr'><strong>bovem</strong></span> <span class='ocrx_word' id='word_1_806' title='bbox 2907 5708 3289 5767; x_wconf 79' lang='lat' dir='ltr'><strong>comedentcm</strong></span> <span class='ocrx_word' id='word_1_807' title='bbox 3323 5706 3577 5765; x_wconf 71' lang='lat' dir='ltr'><strong>sacriﬁcii</strong></span> 
     </span>
    </p>
   </div>
  </div>
