3856 6220
274 224 406 286 ιοις

1638 220 1918 278 NONNUS
1950 221 2183 277 ABBAS

3422 210 3576 267 τωο

276 347 404 398 .tiris
433 344 692 400 omnibus
720 344 1078 408 devovebant,
1127 343 1507 416 conviciisque
1549 353 1603 401 et
1635 343 1862 399 nefariis

1996 344 2199 416 ἰρῶντο,
2242 344 2335 398 καὶ
2368 339 2935 413 διελοιδοροῦντο,.καϊ
2974 337 3199 409 ὕϐριζον
3233 335 3426 408 ὕϐρεις
3462 339 3567 406 οὐχ

271 434 567 490 verborum
594 437 942 491 contumeliis
987 437 1432 506 proseindehant.

549 526 636 582 57.
669 526 744 580 De
773 528 1038 595 hospitum
1063 526 1205 581 atde
1230 527 1371 598 apud
1402 527 1629 583 Tauros.

345 617 513 672 Tauri
567 616 806 688 Scythiae
841 620 1025 689 populi
1059 629 1205 684 sunt,
1238 619 1400 688 cujus
1437 629 1649 676 montes
1699 618 1866 674 Tauri

274 723 562 772 vocantur,
621 721 715 765 aut
763 713 930 766 etiam
980 713 1152 768 urbes
1191 713 1464 783 quaedam.
1523 713 1680 783 Apud
1725 713 1867 767 hanc

275 810 491 866 gentem
537 802 704 856 Diana
756 804 977 858 colitur.
1039 804 1287 874 Cumque
1330 819 1397 860 eo
1440 804 1874 873 Agamemnonis

281 894 388 945 tilia
418 892 697 964 Iphigenia
730 909 758 946 a
795 894 964 948 Diana
1000 895 1180 950 delata
1219 895 1436 962 fuisset,
1469 897 1724 968 hospites
1744 915 1866 952 om-

282 999 376 1038 nes
413 987 750 1048 mactabam,
776 1003 843 1041 ne
871 987 1124 1042 videlicet
1153 988 1255 1058 ipsi
1285 989 1340 1043 in
1389 991 1626 1059 patriam
1660 993 1866 1048 reversi

279 1077 628 1145 perspicuum
665 1077 909 1132 facerent
937 1079 1028 1134 ubi
1056 1089 1204 1135 esset
1238 1078 1538 1151 Iphigenia.

279 1249 367 1302 88.
413 1248 492 1303 De
534 1249 859 1316 Laconibus,
882 1256 974 1322 qui
1021 1255 1094 1327 ad,
1137 1272 1293 1310 aram
1327 1259 1487 1327 virgis
1526 1276 1638 1313 sese
1682 1271 1866 1314 mutuo

933 1325 1228 1379 cwdebant.

351 1409 756 1468 Lacedaemonii
790 1423 848 1468 ut
879 1415 1084 1471 liberos
1113 1432 1244 1472 suos
1266 1415 1440 1474 fortes
1471 1434 1534 1473 ac
1566 1421 1865 1476 tolerantes

283 1503 594 1570 redderent,
637 1514 800 1576 atque
837 1508 904 1560 ad
951 1507 1172 1564 dolores
1220 1518 1517 1580 perpetuos
1555 1515 1860 1578 erudirent,

1971 437 2144 497 ὁσίας.

2146 523 2242 590 νζ.
2274 525 2410 592 Περὶ
2437 523 2548 592 τῆς
2578 525 2647 577 ἐν
2690 527 2734 578 Τ
2728 525 2932 592 αι’νροις
2967 519 3379 585 ξενοκτονίας.

2045 618 2184 687 Ἤδη
2220 617 2469 689 εἴπομεν,
2503 619 2586 670 ὃτι
2631 616 2785 680 ἔθνος
2814 615 2966 667 ἐστὶν
3007 617 3040 684 ἠ
3091 610 3328 673 Σκυθία,
3369 627 3465 664 και
3495 607 3573 661 τὰ

1968 709 2068 780 ὅρη
2121 709 2290 780 αὐτῆς
2336 707 2629 764 καλοῦνται
2669 708 2899 779 Ταῦροι,
2946 697 3064 777 ἦτοι
3096 705 3251 767 πόλις
3290 703 3566 772 λεγομένη

1968 803 2172 876 Ταῦροι
2199 802 2297 872 (2).
2345 804 2432 855 Ἐν
2481 802 2654 874 ταύτῃ
2702 801 2984 871 τιμᾶταιή
3015 801 3300 869 Ἄρτεμις.
3333 796 3445 864 Τῆς
3468 789 3568 848 οὖν

1982 895 2300 964 Ἰφιγενείας
2360 894 2628 964 θυγατρὸς
2696 893 2788 945 τοῦ
2849 891 3260 961 Ἀγαμέμνονος
3323 885 3574 940 ἐνταῦθα

1967 986 2072 1039 ὑπὸ
2113 987 2214 1056 τῆς
2274 985 2592 1056 Ἀρτέμιδος
2631 983 2945 1054 ἐνεχθείσης
2970 1023 2987 1045 ,
3024 984 3154 1046 τοὺς
3193 979 3578 1050 ἀφικομένους

1969 1075 2151 1140 ξένους
2188 1076 2367 1140 ἔθυον,
2410 1077 2547 1146 πρὸς
2585 1075 2649 1128 τὸ
2699 1074 2775 1144 μὴ
2829 1073 3134 1144 κατάδηλον
3167 1071 3424 1141 γενέσθαι
3461 1069 3570 1140 τὴν

1980 1171 2300 1239 Ἰφιγένειαν
2342 1169 2482 1240 μετὰ
2506 1170 2605 1242 τὴν
2633 1169 2890 1222 ἐπάνοδον
2912 1167 3021 1220 τῶν
3053 1167 3243 1232 ξένωνι

2084 1261 2185 1332 νη’.
2221 1263 2361 1332 Περὶ
2388 1263 2688 1316 Λακώνων
2715 1260 3088 1329 ξαινομὲνων
3108 1256 3188 1323 τῷ
3209 1259 3434 1327 αἵματι.

2045 1420 2301 1489 Ῥηθεῖσα
2341 1420 2439 1489 μὲν
2485 1418 2582 1471 καὶ
2612 1417 2710 1488 ήδη
2744 1417 3033 1488 πρότερον,
3065 1415 3162 1467 καὶ
3196 1413 3298 1485 ἤδη
3347 1411 3567 1478 λελέξεο

1963 1529 2050 1565 ται
2073 1531 2082 1537 ·
2115 1513 2176 1564 Oi
2202 1509 2624 1578 Λακεδαιμόνιοι
2655 1507 3018 1577 καρτερικοὺς
3039 1507 3168 1568 τοὺς
3199 1503 3411 1556 ἑαυτῶν
3436 1507 3574 1555 παῖ’

283 1596 455 1664 plagis
501 1610 596 1651 eos
651 1597 720 1651 ad
768 1599 964 1652 altaria
1019 1600 1356 1668 lacerabant,
1400 1603 1558 1673 eique
1603 1610 1694 1675 qui
1752 1623 1860 1660 non

1996 1619 2057 1664 ας
2087 1597 2232 1653 εἶναι
2264 1599 2695 1661 ἐκδιδάσκοντες,
2742 1595 3149 1666 μαστιγώσεσιν
3184 1593 3444 1666 ἐχρῶντο,
3474 1595 3570 1646 ἐκ-

283 1687 472 1754 ignave
501 1695 554 1742 et
578 1690 832 1754 molliter,
863 1690 959 1746 sed
1003 1703 1226 1748 strenue
1267 1708 1331 1748 ac
1373 1710 1642 1766 generose
1673 1697 1862 1769 plagas

1997 1693 2303 1755 ιδὰσκοντες
2330 1691 2528 1754 αὐτοὺς
2569 1689 2916 1760 ὑπονητικῶς
2959 1689 3036 1758 (5)
3075 1688 3220 1759 ἔχειν
3265 1691 3386 1751 ταῖς
3455 1689 3570 1758 μά-

281 1780 619 1847 pertulisset,
653 1783 936 1850 praemium
970 1784 1406 1841 constituebant.

651 2063 741 2118 59.
786 2061 863 2118 De
894 2061 1166 2136 Phrygum
1201 2069 1485 2122 excisione.

351 2174 509 2244 Apud
551 2174 794 2247 Phryges
844 2177 997 2231 Rhea
1041 2177 1270 2234 deorum
1317 2189 1491 2236 mater
1530 2182 1861 2239 colebatur:

282 2272 445 2337 cujus
489 2283 616 2323 cum
665 2269 866 2324 festum
915 2269 1280 2338 celebrarent,
1328 2275 1589 2342 quoniam
1637 2277 1742 2345 ipsi
1795 2277 1866 2330 ob

285 2361 457 2414 multa
511 2362 632 2428 ejus
684 2373 868 2416 scorta
914 2379 944 2417 a
995 2363 1405 2435 Corybantibus
1449 2368 1632 2422 vesica
1679 2369 1866 2425 excisa

285 2459 479 2518 fuerat,
526 2457 731 2511 idcirco
776 2458 878 2528 ipsi
931 2459 1090 2514 deam
1142 2476 1298 2517 suam
1352 2463 1598 2518 colentes
1655 2463 1865 2520 femora

284 2565 379 2602 sua
411 2551 792 2621 humerosque-
812 2554 1198 2608 concidebant.
1230 2555 1336 2608 Alii
1377 2565 1556 2611 autem
1594 2558 1744 2614 tibiis
1779 2561 1866 2613 luo

281 2641 507 2706 «lebant,
543 2645 812 2700 amasium
859 2647 1032 2717 ipsius
1075 2647 1219 2718 Atyn
1267 2649 1606 2706 honorantes
1649 2669 1661 2704 :
1701 2655 1865 2707 simul

283 2734 444 2786 etiam
471 2745 527 2788 ut
559 2735 704 2790 tibia:
726 2738 994 2794 suavitate
1025 2754 1222 2794 sensus
1244 2739 1452 2796 doloris
1471 2756 1634 2810 quem
1661 2744 1868 2800 exeisio

283 2823 564 2892 adferebat,
595 2827 932 2886 eluderetur.

353 2938 443 2995 ϐοὶ
479 2939 553 2994 De
581 2943 801 3011 δραι-ἥδ,
825 2943 915 3014 qui
943 2943 999 2997 in
1027 2943 1360 3017 Cynosarges
1385 2947 1795 3017 abjiciebantur.

351 3035 698 3107 Cynosarges
725 3038 880 3094 locus
912 3048 1026 3093 erat
1075 3041 1329 3106 Athenis,
1359 3041 1413 3095 in
1443 3057 1553 3112 quo
1580 3042 1648 3098 de
1681 3044 1868 3098 nothis

1894 1766 1936 1822 Β
1967 1782 2106 1848 στιξι
2126 1801 2140 1815 ο
2170 1783 2265 1836 καὶ
2296 1781 2520 1844 τούτους
2571 1780 2783 1846 ἔξαινον
2831 1782 2955 1842 ταῖς
2981 1779 3222 1849 πληγαῖς
3255 1777 3409 1848 παρὰ
3436 1780 3568 1842 τοὺς

1967 1874 2187 1946 βωμούς
2210 1891 2223 1905 ο
2259 1874 2353 1927 καὶ
2399 1872 2478 1943 τῷ
2526 1872 2600 1944 μὴ
2653 1872 3086 1943 ὀλιγωρήσαντι,
3122 1871 3257 1924 ἀλλὰ
3295 1870 3575 1939 γενναίως

1968 1966 2268 2034 ἐνεγκόντι,
2300 1961 2463 2018 ἆθλον
2490 1964 2753 2018 ἐδίδοσαν.

2071 2079 2168 2132 νθ’.
2201 2078 2335 2146 Περὶ
2369 2076 2476 2130 τοῦ
2503 2076 2977 2145 κατατέμνεσθαι
3003 2077 3146 2142 τοὺς
3173 2077 3436 2146 Φρύνας.

2036 2192 2196 2264 Παρὰ
2247 2195 2358 2255 τοῖς
2395 2191 2596 2263 Φρυξὶν
2623 2192 2854 2261 ἐτιμᾶτο
2878 2193 2911 2260 ἡ
2969 2190 3098 2243 Ῥέα
3139 2193 3172 2260 ἡ
3233 2193 3422 2261 μήτηρ
3455 2191 3572 2245 τῶν

1965 2285 2124 2338 θεῶν.
2156 2285 2340 2357 Ταύτῃ
2381 2285 2456 2354 (4)
2489 2283 2958 2356 πανηγυρίζοντες
2978 2326 2992 2345 ,
3022 2284 3220 2338 καθότι
3263 2285 3568 2356 ἀπετμήθη

1965 2375 2102 2446 αὑτὴ
2119 2374 2269 2446 παρὰ
2289 2373 2396 2428 τῶν
2417 2374 2784 2446 Κορυϐάντων
2803 2373 2903 2445 τὴν
2919 2374 3112 2427 κύστιν
3130 2375 3218 2427 διὰ
3238 2375 3339 2439 τὰς
3358 2375 3580 2438 πολλὰς

1965 2468 2137 2537 αὐτῆς
2191 2468 2470 2538 πορνείας,
2540 2466 2940 2538 θεραπεύοντες
2992 2465 3154 2537 δῆθεν
3211 2467 3310 2537 τὴν
3351 2468 3570 2520 ἑαυτῶν

1966 2560 2088 2613 θεὸν
2130 2559 2229 2631 (5),
2268 2558 2841 2630 κατέτεμνοντέαυτῶν
2908 2561 3038 2621 τοὺς
3075 2560 3281 2630 μηροὺς
3313 2560 3408 2612 καὶ
3435 2561 3578 2624 toi»;

1965 2651 2171 2723 ὤμους.
2215 2652 2398 2705 ’Ἄλλοι
2426 2653 2484 2705 δέ
2512 2651 2735 2722 ηὔλουν,
2764 2652 2858 2705 τὸν
2885 2650 3122 2722 ἐραστὴν
3155 2651 3329 2720 αὐτῆς
3356 2653 3576 2721 τιμῶν-

1966 2762 2055 2808 τες
2106 2746 2308 2798 ¹’Λττυν
2333 2767 2345 2776 ·
2384 2745 2502 2814 ἅμα
2540 2744 2598 2797 δὲ
2637 2745 2725 2797 ἵνα
2764 2744 3173 2815 ύποκλέπτηται
3211 2743 3300 2797 διὰ
3330 2745 3432 2816 τῆς
3455 2745 3580 2798 τῶν

1968 2836 2146 2889 αὐλῶν
2179 2836 2375 2907 ἡδονῆς
2403 2837 2435 2906 ἡ
2475 2837 2577 2908 τῆς
2609 2835 2930 2907 κατατομῆς
2951 2835 3138 2905 ὀδύνη.

2336 2952 2400 3018 ξ’.
2442 2951 2584 3020 Περὶ
2609 2951 2716 3006 τοῦ
2748 2950 3193 3021 Κυνοσάργεος.

2043 3044 2118 3096 Τό
2150 3045 2503 3116 Κυνόσαργες
2531 3045 2696 3108 τόπος
2729 3041 2796 3117 ἦν
2822 3045 2879 3097 ἐν
2931 3045 3204 3117 ’Δθήναις,
3237 3047 3296 3098 ἐν
3319 3037 3364 3113 ᾧ
3391 3047 3442 3098 oi
3475 3046 3570 3100 v6"—

281 3127 547 3196 judicium
581 3129 881 3197 ferebatur,
915 3132 1152 3200 hujusne
1195 3149 1263 3188 an
1313 3111 1476 3190 illius
1510 3134 1606 3190 lilii
1655 3145 1861 3192 essent.

1996 3153 2051 3189 Ιοι
2079 3111 2388 3208 ἐκρίνοντο,
2417 3111 2466 3189 εἰ
2493 3136 2643 3190 τοῦδε
2675 3111 2848 3200 ὅντως
2872 3111 3100 3206 γέγονεν
3128 3138 3264 3201 υἱός.
3303 3111 3581 3192 Ἐκάλουν-

285 3217 493 3275 Vocant
520 3232 699 3276 autem
737 3223 890 3292 apud
933 3223 1298 3280 Athenienses
1325 3225 1619 3280 libertinos
1649 3242 1868 3296 quoque

283 3314 506 3374 ιιωιιιοε,
540 3329 663 3367 nam
700 3313 801 3383 ipsi
832 3331 1050 3384 quoque
1095 3315 1248 3370 nothi
1294 3323 1446 3380 sunt,
1474 3315 1520 3370 si
1552 3331 1676 3370 cum
1715 3317 1869 3386 inge--

286 3405 413 3459 nuis
469 3407 846 3460 conferantur.
880 3405 983 3471 Qui
1033 3406 1197 3460 etiam
1247 3407 1351 3476 ipsi
1403 3409 1774 3464 censebantur
1813 3418 1868 3464 et

283 3498 736 3566 explorabantur,
762 3512 832 3551 an
863 3499 1090 3552 omnino
1115 3497 1370 3554 libertate
1391 3500 1582 3554 donati
1610 3501 1866 3556 fuissent.

283 3591 624 3659 Cynosarges
691 3599 870 3643 autem
940 3589 1031 3644 hic
1095 3589 1250 3645 locus
1316 3590 1458 3647 hanc
1521 3593 1592 3647 ob
1644 3609 1866 3648 causam

286 3689 512 3734 vocatus
541 3687 645 3734 est.
671 3679 809 3733 Cum
843 3695 954 3734 non
989 3681 1058 3735 ab
1088 3696 1154 3736 eo
1193 3682 1352 3752 longe
1381 3683 1502 3738 loco
1536 3684 1871 3740 sacriﬁcium

289 3773 342 3826 in
393 3773 605 3841 templo
649 3772 821 3836 fieret,
852 3773 1137 3843 ingressus
1183 3775 1340 3830 canis
1373 3790 1598 3830 carnem
1633 3778 1870 3833 victimae

288 3864 490 3934 rapuit,
512 3872 676 3932 atque
709 3866 763 3917 in
792 3864 939 3918 hunc
971 3865 1150 3918 locum
1179 3866 1326 3930 tulit,
1353 3867 1576 3937 illicque
1605 3871 1868 3940 templum

284 3963 627 4007 exstructum
675 3961 805 4008 est:
851 3963 1220 4024 vocatumque
1281 3955 1661 4028 Cynosarges,
1709 3962 1868 4030 quasi

283 4045 645 4115 Cynosarces,
689 4062 722 4097 a
767 4044 1018 4099 carnibus
1071 4047 1323 4102 videlicet
1368 4057 1422 4103 et
1474 4067 1620 4104 cane.
1674 4051 1870 4106 Postea

287 4146 466 4190 autem
501 4138 555 4189 in
593 4137 774 4191 locum
808 4155 844 4190 κ
873 4141 1147 4194 successit
1183 4157 1218 4208 γ
1253 4183 1267 4206 ,
1307 4158 1373 4196 ac
1416 4145 1648 4212 proinde
1684 4145 1871 4216 Cyno-

286 4245 473 4299 sarges
503 4237 759 4282 vocatur.

656 4322 746 4375 61.
788 4320 866 4376 De
898 4321 1124 4376 Xantho
1143 4335 1190 4377 et
1229 4323 1505 4380 Chalcide.

1967 3228 2025 3281 δὲ
2058 3228 2211 3299 παρὰ
2259 3227 2566 3298 Ἀθηναίοις
2605 3229 2700 3280 καὶ⁵
2734 3229 2862 3291 τοὺς
2908 3229 3315 3299 ἀπελευθέρους
3339 3229 3566 3293 νόθους·

1969 3319 2113 3372 νόθοι
2139 3319 2249 3389 γὰρ
2273 3320 2367 3372 καὶ
2393 3313 2538 3373 οὗτοι
2570 3317 2710 3388 πρὸς
2749 3321 2876 3382 τοὺς
2906 3322 2971 3371 ἐκ
3004 3319 3273 3390 γενντῃῆς
3299 3320 3377 3390 (6)
3419 3321 3574 3374 ἐλευ-

1969 3410 2161 3483 θέρους
2180 3427 2194 3440 ο
2229 3412 2324 3464 καὶ
2354 3402 2502 3463 οὗτοι
2527 3411 2583 3464 δέ
2613 3411 2917 3481 ἐκρίνοντο,
2942 3412 3038 3464 καὶ
3064 3412 3474 3482 ἐδοκιμὰςοντο,
3517 3413 3570 3464 εί

1969 3500 2105 3563 ὅλως
2135 3499 2599 3572 ἐλευθερώθησαν.
2625 3501 2979 3568 Κυνόσαργες
3008 3500 3066 3553 δέ
3096 3502 3328 3570 ἤκουσεν
3352 3503 3380 3554 ὁ
3400 3501 3579 3566 τόπος·

1969 3588 2078 3641 ἀπὸ
2114 3587 2302 3640 τούτου
2327 3605 2342 3616 ’
2372 3586 2575 3650 Θυσίας
2606 3587 2831 3656 πλησίον
2855 3589 2912 3640 ἐν
2945 3586 3074 3658 ἱερῷ
3102 3588 3424 3667 γενομένης,
3451 3591 3572 3642 εἰσ-

1970 3679 2140 3732 ελθὼν
2169 3678 2314 3732 κύων
2356 3680 2576 3750 ἥρπασε
2609 3679 2745 3750 κρέα
2774 3678 2870 3732 τοῦ
2902 3679 3179 3748 θύματος,
3221 3681 3316 3733 καὶ
3356 3682 3571 3752 ἢγαγεν

1971 3771 2030 3820 ἐν
2057 3768 2230 3837 τούτῳ
2254 3767 2331 3838 τῷ
2366 3769 2551 3840 τόπῳ’
2594 3769 2688 3820 καὶ
2729 3770 2849 3821 ἐκεῖ
2889 3769 3116 3840 ἐκτίσθη
3150 3787 3236 3834 τις
3273 3769 3440 3836 νεὼς,
3473 3775 3572 3827 καῖ

1971 3861 2176 3931 ἐκλήθη
2203 3861 2578 3932 Κυνόσαργες,
2613 3856 2726 3914 οἷον
2753 3862 2952 3915 κυνόσα
2965 3881 3118 3935 ρκες,
3145 3865 3255 3918 ἀπὸ
3287 3865 3397 3918 τῶν
3433 3883 3572 3938 σαρ-

1971 3953 2082 4006 κῶν
2110 3954 2205 4006 καὶ
2256 3953 2350 4006 τοῦ
2383 3954 2565 4016 κυνός.
2624 3954 2893 4025 ’Ύστερον
2928 3955 2986 4007 δέ
3027 3955 3121 4008 τοῦ
3151 3975 3186 4010 κ
3219 3957 3531 4022 ἐξελθόντος
3551 4000 3578 4023 ,

1971 4044 2186 4114 εἰσῆλθε
2222 4043 2284 4096 τὸ
2312 4061 2377 4112 γ’
2419 4044 2500 4097 διὸ
2529 4045 2623 4098 καὶ
2655 4045 3016 4118 Κυνόσαργες
3047 4049 3319 4104 καλεῖται.

2113 4334 2212 4399 ξα’.
2236 4335 2375 4400 Περὶ
2425 4335 2532 4389 τοῦ
2571 4335 2806 4391 Ξάνθου
2831 4338 2927 4393 καὶ
2963 4337 3073 4406 τῆς
3102 4339 3418 4407 Χαλκίδος.

355 4412 456 4486 [(1)
508 4413 766 4471 Xanthus
808 4415 1009 4472 ﬂuvius
1046 4427 1169 4472 erat
1214 4417 1451 4476 Troadis
1511 4421 1606 4492 qui
1673 4434 1864 4480 contra

2040 4425 2241 4490 Ξάνθος
2305 4428 2549 4497 ποταμδς
2603 4428 2704 4499 τῆς
2751 4429 2972 4501 Τροίας,
3036 4430 3095 4493 ὃς
3142 4433 3237 4484 καὶ
3293 4432 3578 4504 ἐπανέστηΔ

287 4509 550 4562 Achillem
581 4523 642 4563 se
668 4510 843 4564 erexit
871 4509 1142 4580 Trojanos
1167 4512 1488 4566 caedentem.
1521 4514 1743 4572 Chalcis
1779 4537 1870 4576 ve-

287 4615 386 4666 ro,
438 4610 497 4654 ut
548 4603 739 4663 aiunt,
787 4605 966 4672 puella
1004 4604 1251 4673 quaedam
1297 4604 1400 4658 fuit
1439 4621 1563 4676 qum
1610 4608 1870 4677 juvenem

287 4691 580 4761 quemdam
615 4692 924 4758 adamavit;
956 4695 1044 4747 cui
1089 4707 1214 4746 cum
1246 4691 1403 4764 jungi
1435 4709 1545 4749 non
1577 4699 1872 4766 potuisset,

289 4786 353 4838 in-
389 4785 646 4838 lamentis
678 4785 846 4838 vitam
879 4783 1039 4838 finiit.
1084 4783 1238 4840 Illius
1270 4785 1598 4844 miserentes
1641 4787 1718 4844 dii
1751 4807 1872 4846 eam

291 4880 351 4932 in
381 4877 525 4931 avim
561 4875 968 4948 mutaverant]

292 4969 563 5023 liornerus
577 5009 591 5033 ,

291 5066 459 5128 Quem
508 5056 786 5116 Xanthum
815 5065 992 5131 superi
1039 5063 1326 5184 aspellam,
1380 5063 1723 5132 hominesque
1745 5063 1871 5118 Sca-

939 5149 1061 5184 man
1106 5149 1239 5184 rum.

939 5149 1239 5185 manarum.

293 5223 358 5276 l-It
391 5223 503 5276 alio
539 5223 668 5276 loco
695 5241 710 5277 :

337 5313 594 5369 Chalcida
609 5314 688 5368 dii
701 5313 775 5368 de
784 5329 934 5369 more
946 5325 1154 5380 vocant,
1183 5316 1866 5392 hominesque-Cymindem.

292 5411 424 5474 Quae
449 5409 670 5479 quidem
707 5408 847 5463 ridet
877 5407 1198 5480 Gregorius.

364 5591 440 5653 (1)
477 5590 695 5645 Inclusa
727 5591 932 5647 omittit
967 5593 1182 5649 Billius.

467 5661 604 5735 Cod.
638 5661 773 5732 Reg.
805 5663 956 5735 ἔθνος
985 5666 1252 5719 Σκυθικὸν
1279 5667 1397 5735 ἦτοι
1425 5665 1741 5733 Βούλγαοοι.

363 5730 445 5801 (ὃ)
471 5729 546 5784 Id.
583 5729 1018 5803 ύπομῖονητικῶς.

2008 4519 2225 4590 Αχιλλεῖ
2235 4521 2499 4575 κτείνοντι
2514 4521 2638 4586 τοὺς
2656 4521 2871 4593 Τρῶας.
2888 4524 2953 4577 Ἦ
2975 4523 3030 4576 δέ
3058 4525 3286 4587 Χαλκὶς,
3312 4525 3388 4588 ῶς
3409 4544 3567 4594 φασι,

1979 4611 2115 4681 κόρη
2153 4629 2237 4675 τις
2261 4611 2476 4679 γέγονε·
2521 4612 2642 4666 νέου
2695 4613 2760 4666 δέ
2785 4631 2928 4676 τινος
2967 4615 3170 4686 ἐρῶσα,
3207 4616 3304 4670 καὶ
3354 4617 3428 4687 μὴ
3469 4635 3571 4671 τυ-

1978 4701 2169 4771 χοῦσα,
2221 4702 2422 4774 ἑαυτὴν
2481 4703 2802 4776 ὑπεξήγαγε
2851 4707 2948 4759 σὺν
3015 4707 3240 4779 ὀδυρμῷ
3293 4709 3388 4761 τοῦ
3423 4709 3566 4779 βίου·

1977 4796 2043 4863 ἦν
2078 4793 2400 4864 ἐλεήσαντες
2432 4797 2482 4848 οἱ
2511 4796 2625 4850 θεοὶ
2647 4800 2728 4862 είς
2751 4798 2902 4870 ὄρνιν
2932 4798 3247 4870 μετέϐαλον.
3279 4802 3533 4874 Ὅμηρος
3551 4822 3569 4835 ”

1983 5079 2092 5130 Ὃν
2106 5077 2335 5132 Ξάνθον
2352 5079 2641 5136 καλέουσι
2659 5082 2801 5147 θεοὶ,
2819 5083 3036 5152 ἄνδρες
3054 5085 3125 5139 δὲ
3144 5086 3564 5158 Σκάμανδρον.

1975 5233 2089 5286 Καὶ
2118 5232 2304 5297 πάλιν,

1976 5327 2244 5380 Χαλκίδα
2281 5327 2688 5394 κικλήσκουσι
2720 5331 2872 5391 Θεοί.
2912 5331 3131 5399 ἄνδρες
3168 5332 3237 5386 δὲ
3268 5335 3565 5405 Κύμη-δα.

1979 5416 2265 5482 Δια-παίζει
2290 5412 2383 5470 οὖν
2416 5418 2616 5482 αὐτοὺς
2645 5418 2720 5492 [ὁ]
2757 5420 2900 5485 θεῖος
2931 5421 3276 5488 διδάσκαλος.

2051 5596 2128 5664 (ι)
2152 5596 2227 5651 id.
2258 5599 2383 5652 add.
2410 5598 2488 5654 δε

2046 5669 2128 5733 (ὅ)
2162 5668 2236 5722 ld.
2271 5669 2416 5722 θεάν.

2046 5737 2123 5809 (6)
2152 5739 2231 5794 Id.
2261 5740 2326 5792 ἐκ
2351 5739 2597 5809 γενετῆς.
