3856 6220
155 224 293 282 IOII

529 337 630 413 ξβν.
662 341 802 410 Περὶ
829 341 936 396 τοῦ
975 340 1373 412 Παλαμήδου.

218 434 578 508 Παλαμήδης,
602 435 841 500 Εὐϐοεὺς
867 434 945 490 ὢν
966 437 1027 490 τὸ
1054 437 1212 506 γένος
1235 436 1460 508 (Εὗϐοια
1479 437 1558 501 δὲ,
1584 432 1749 507 νῆσος

150 529 464 601 ἀπαντικρὺ
519 528 619 599 τῆς
657 528 955 600 Ἀττικῆς),
1004 521 1160 593 οὗτος
1216 520 1344 602 εὗρε
1385 528 1447 584 τὸ
1497 527 1750 601 ἀριθμεῖν

151 622 243 675 καὶ
298 621 364 675 τὸ
415 619 715 686 ταϐλίζειν,
767 622 866 688 καὶ
908 620 1218 692 κεχρῆσθαι
1277 621 1356 693 (1)
1400 622 1496 676 καὶ
1559 620 1752 684 ἄλλαις

150 713 378 775 πολλαῖς
412 713 674 784 μεθόδοις.
706 709 876 777 Οὗτος
896 713 953 766 δὲ
974 716 1004 766 ὁ
1029 713 1363 786 Παλαμήδης
1393 708 1475 778 εἷς
1499 715 1613 768 ἐστι
1638 711 1749 766 τῶν

151 805 717 877 συστρατευσαμένων
744 807 837 858 ἐπὶ
863 805 926 859 τὸ
962 806 1146 860 Ἴλιον.
1196 805 1462 861 Ἀπέθανε
1505 806 1561 860 δὲ
1594 808 1653 859 ἐν
1680 808 1747 877 τῇ

151 898 324 969 Τροία
372 899 515 952 κατὰ
542 898 835 971 ἐπιϐουλὴν
863 899 960 954 τοῦ
1003 899 1323 963 Ὀδυσσέως.
1357 899 1616 954 Ὀδυσσέα
1640 899 1750 971 γὰρ

149 986 298 1061 εἶχεν
323 990 520 1062 ἐχθρὸν
548 990 636 1044 διὰ
666 992 925 1062 τοιαύτην
949 991 1128 1045 αἰτίαν
1146 1007 1159 1020 ·
1199 990 1306 1045 Τοῦ
1348 992 1753 1063 Ἀγαμέμνονος

150 1083 600 1152 προτρεπομένου
648 1084 739 1137 τὸν
799 1084 1062 1139 Ὀδυσσέα
1101 1084 1195 1137 ἐπὶ
1223 1082 1322 1155 τὴν
1371 1083 1499 1150 περὶ
1551 1083 1753 1155 Τροίαν

149 1172 353 1237 ἔξοδον,
396 1173 472 1245 μὴ
505 1173 683 1230 θέλων
708 1175 739 1228 ὁ
782 1170 1076 1239 Ὀδυσσεὺς
1112 1174 1350 1242 ἐξελθεῖν
1394 1175 1473 1247 (2)
1498 1215 1513 1236 ,
1553 1175 1753 1246 μανίαν

151 1267 599 1339 προσεποιήσατο
631 1269 710 1338 (5)
730 1288 743 1301 υ
797 1269 894 1322 καὶ
925 1267 1108 1339 βαλὼν
1127 1268 1248 1324 ὅνον
1276 1268 1372 1322 καὶ
1399 1266 1547 1338 βοῦν,
1580 1267 1755 1321 ἐδόκει

151 1361 419 1431 ἀροτριᾷν
449 1362 509 1412 ἐν
551 1361 747 1431 μανίας
809 1362 1194 1434 προσποιήσει.
1228 1362 1287 1414 Ὁ
1320 1362 1380 1416 δὲ
1420 1361 1756 1433 Παλαμήδης

149 1451 406 1521 ήλεγξεν,
443 1451 520 1523 (4)
554 1453 637 1506 ὅτι
695 1453 762 1524 δὴ
796 1454 859 1507 ού
913 1453 1187 1525 μαίνεταιο
1217 1453 1411 1527 ἤλεγξε
1449 1454 1507 1508 δὲ
1565 1454 1751 1518 αὐτὸν,

151 1542 481 1613 Τηλέμαχον
508 1544 600 1597 τὸν
644 1544 757 1597 υἱὸν
786 1544 953 1598 αὐτοῦ
984 1544 1210 1618 προθεὶς
1248 1544 1356 1616 πρὸ
1377 1544 1472 1598 τοῦ
1495 1545 1755 1618 ἀρότρου.

151 1633 292 1691 Εἶτα
356 1636 572 1706 φθάσας
599 1641 628 1692 ὁ
679 1638 967 1703 Ὀδυσσεὺς
1000 1638 1133 1711 περὶ
1179 1637 1243 1691 τὺ
1290 1637 1472 1692 πεδίον
1542 1639 1621 1708 (5)
1660 1638 1757 1692 καὶ

152 1697 448 1801 παρελθὼν
472 1733 534 1784 ὲν
553 1697 746 1802 μέρει,
776 1697 1038 1803 ἐπῆρεττδ
1066 1697 1322 1802 ἀροτρον,
1356 1730 1444 1784 ἵνα
1468 1697 1558 1801 μὴ,
1579 1697 1759 1802 aitEn
1788 1697 1832 1753 Β

152 1820 213 1872 τὸ
275 1819 524 1873 παιδίον·
554 1822 651 1875 καὶ
688 1819 940 1891 ἐγνώσθη
993 1822 1077 1874 ὅτι
1134 1823 1519 1892 προσεποιεῖτο
1557 1820 1633 1888 (6)
1659 1823 1760 1892 τὴν

154 1911 382 1981 μανίαν.
436 1911 652 1985 Ταύτην
692 1908 792 1966 οὖν
818 1912 922 1983 τὴν
947 1913 1112 1983 μῆνιν
1161 1912 1369 1983 μηνιῶν
1403 1915 1432 1967 ὁ
1471 1911 1759 1976 Ὀδυσσεὺς

152 2008 207 2058 ἐν
230 2008 303 2078 τῇ
332 2005 526 2078 Τροίᾳ,
557 2009 702 2060 ποιεῖ
730 2006 976 2078 πλαστὴν
998 2006 1313 2078 επιστολὴν,
1348 2006 1425 2072 ὡς
1456 2007 1565 2062 ἀπὸ
1592 2008 1763 2077 Πριά-

153 2112 258 2165 μου
291 2095 434 2167 πρὸς
466 2097 558 2149 τὸν
586 2096 919 2169 Παλαμήδην
946 2098 1073 2168 περὶ
1098 2096 1389 2167 προδοσίας
1420 2098 1532 2151 τῶν
1573 2097 1763 2169 Ἐλλή-

150 2188 415 2242 νωνοκαὶ
471 2188 793 2260 ὑποτίθησιν
839 2191 902 2244 ὲν
957 2191 1022 2261 τῇ
1069 2190 1164 2243 τοῦ
1196 2190 1532 2262 Παλαμήδου
1561 2193 1759 2262 σκηνῇ.

153 2283 435 2353 ’Υστερον
467 2281 524 2335 δὲ
564 2283 900 2354 κατηγορίας
948 2283 1043 2336 ὑπ’
1091 2282 1257 2336 αὐτοῦ
1289 2283 1591 2353 γενομένης
1622 2282 1764 2337 κατὰ

154 2374 493 2446 Παλαμήδου
536 2375 612 2437 ὡς
657 2374 942 2446 προδότου,
989 2375 1191 2447 εὑρέθη
1216 2375 1475 2445 ἐπιστολὴ
1500 2374 1766 2446 κατακρί-

152 2481 326 2517 νουσα
356 2464 558 2517 αὐτόν’
606 2466 701 2518 καὶ
750 2465 1016 2537 τέθνηκεν
1069 2465 1175 2519 ὑπὸ
1217 2464 1626 2537 Ἀγαμέμνονος
1670 2467 1767 2518 καὶ

154 2556 385 2611 πάντων
412 2555 522 2608 τῶν
562 2554 855 2626 Ἑλλήνων.

613 2645 712 2715 ξγ’.
742 2646 883 2716 Περὶ
920 2646 1027 2701 τοῦ
1048 2647 1319 2701 κολοιοῦ.

222 2740 425 2803 Μῦθός
446 2738 536 2802 τίς
559 2740 675 2792 ἐστι
703 2739 933 2792 τοιόσδεο
960 2740 1158 2812 Κρίσις
1184 2735 1275 2811 ἦν,
1305 2744 1461 2810 φησὶ,
1488 2739 1618 2811 περὶ
1634 2739 1770 2794 κάλ-

152 2833 285 2896 λους
327 2831 564 2904 ὀρνέωνο
601 2832 696 2884 καὶ
723 2833 754 2884 ὁ
781 2831 919 2895 Ζεὺς
950 2830 1231 2904 διαιτητὴς
1274 2832 1489 2904 ὑπῆρχε
1515 2834 1615 2903 τῆς
1647 2832 1772 2904 κρί·

156 2941 328 2988 σεως.
357 2920 472 2977 Ἦν
500 2922 560 2977 δὲ
585 2923 871 2995 ὁρισθείσα
901 2924 1085 2995 ἡμέρα
1116 2919 1233 2999 ὲνῇ
1268 2925 1377 2978 ἔδει
1407 2925 1771 2996 συναυλισθῆ-

967 223 1062 280 AD
1097 223 1157 279 S.
1196 219 1528 279 GBEGORII
1557 219 1770 278 ORAT.
1806 220 1828 277 Ι
1869 218 2153 278 CONTRA
2195 221 2562 280 JULIANUM

3306 218 3450 285 I018

2330 324 2335 331 ’
2365 343 2456 397 6‘2.
2506 343 2581 400 De
2615 326 2927 401 Palamede.

1927 434 2251 491 Palamedes
2300 435 2630 492 Eubmensis
2679 448 2822 492 eral.
2870 441 2963 495 Est
3010 446 3192 494 autem
3239 436 3451 496 Euboan

1853 526 2037 581 insula
2065 542 2101 583 e
2128 529 2353 599 regione
2373 527 2569 583 Attica:
2617 530 2743 584 sita.
2783 529 2885 583 Hic
2910 545 3175 585 numeros
3214 530 3449 591 invenit.

1855 634 2130 688 usumque
2163 628 2522 683 tesserarum,
2557 634 2623 675 ac
2669 622 2928 691 pleraque
2969 621 3075 676 alia
3125 621 3448 676 artiliciosa.

1856 711 1933 766 De
1964 727 2200 768 numero
2227 728 2419 768 eorum
2451 712 2580 776 luit,
2602 715 2698 784 qui
2729 715 2998 771 adversus
3028 714 3251 783 Trojam
3283 732 3453 784 expe-

1856 804 2122 860 ditionem
2155 814 2557 875 susceperunt:
2590 818 2751 876 atque
2796 805 3010 879 Ulyssis
3042 808 3262 864 insidiis
3302 808 3450 879 apud

1858 896 2080 967 Trojam
2110 913 2413 970 oppressus
2444 908 2549 954 est.
2592 897 2843 971 Ulyssem
2877 900 3023 955 enim
3057 901 3340 956 inimicum
3372 902 3446 956 ob

1857 988 2174 1059 hujusmodi
2237 1005 2462 1045 causam
2536 991 2823 1045 habebat:
2864 990 3002 1045 Cum
3066 991 3453 1062 Agamemnon

1860 1078 2112 1152 Ulyssem
2157 1081 2225 1136 ad
2272 1082 2475 1137 bellum
2528 1081 2826 1153 Trojanum
2876 1084 3213 1149 hortaretur,
3248 1100 3350 1141 nec
3381 1101 3456 1143 eo

1857 1174 2136 1244 proﬁcisci
2166 1175 2329 1231 vellet
2367 1173 2617 1247 Ulysses,
2649 1177 2721 1231 ob
2766 1177 2931 1245 idque
2980 1176 3222 1233 furorem
3274 1178 3451 1234 simu-

1858 1271 2016 1332 laret,
2050 1284 2114 1323 ac
2141 1271 2292 1324 velut
2329 1279 2512 1325 mente
2538 1280 2735 1339 captus
2777 1281 2980 1326 terram
3029 1279 3236 1336 araret,
3287 1270 3452 1327 Pala~

1858 1361 2048 1416 medes
2078 1360 2285 1416 furoris
2323 1360 2737 1416 simulationem
2779 1362 2855 1416 ita
2897 1361 3280 1433 deprehendit.
3312 1361 3448 1417 Nam

1859 1469 1985 1508 cum
2024 1453 2196 1507 [ilium
2237 1453 2416 1523 ipsius
2464 1451 2855 1509 Telemachum
2897 1463 3025 1510 ante
3059 1464 3302 1510 aratrum
3334 1456 3452 1510 col-

1859 1548 2141 1603 locasset:
2173 1547 2515 1618 simulatque
2552 1546 2775 1619 Ulysses
2829 1547 2897 1603 ad
2952 1548 3124 1604 ﬁlium
3178 1550 3458 1620 pervenit,

1860 1647 2107 1693 aratrum
2160 1639 2410 1704 sustulit,
2457 1655 2529 1695 ne
2578 1654 2812 1710 puerum
2872 1640 3113 1697 laederet.
3167 1640 3248 1695 Ita
3299 1640 3454 1696 fraus

1860 1731 2077 1786 detecta
2124 1738 2230 1795 est,
2260 1731 2547 1802 patuitque
2594 1747 2722 1785 eum
2774 1733 3002 1803 integra
3051 1733 3257 1789 mentis
3302 1749 3455 1788 esse.

1860 1823 2037 1890 Quam
2067 1822 2141 1878 ob
2169 1837 2394 1878 causam
2422 1823 2675 1878 infensus
2704 1822 2986 1879 Palamedi
3026 1822 3284 1896 Ulysses,
3325 1841 3461 1880 cum

1862 1913 1918 1967 in
1953 1912 2168 1967 Troade
2207 1921 2379 1975 esset,
2406 1913 2845 1968 commentitiam
2894 1914 3183 1984 epistolam
3232 1918 3462 1970 nomine

1860 2006 2068 2063 Priami
2124 2005 2192 2061 ad
2243 2004 2596 2061 Palamedem
2647 2005 2716 2061 de
2769 2006 3089 2062 Graecorum
3141 2007 3461 2078 proditione

1862 2100 2191 2162 conscribit,
2237 2114 2472 2167 eamque
2530 2098 2584 2152 in
2641 2097 2954 2154 Palamedis
3012 2099 3255 2154 tentorio
3313 2099 3456 2153 clam

1864 2193 2042 2264 liquit.
2097 2191 2407 2262 Posteaque
2458 2190 2712 2246 instituta
2762 2190 3032 2247 adversus
3100 2188 3457 2244 Palamedem

1865 2288 2015 2340 velut
2076 2283 2413 2355 proditorem
2488 2282 2870 2348 accusatione,
2928 2283 3155 2336 inventa
3222 2282 3460 2352 epistula

1865 2379 2268 2434 condemnatus
2307 2384 2413 2440 est,
2450 2382 2618 2444 atque
2661 2375 2732 2429 ab
2765 2375 3177 2445 Agamemnone
3221 2371 3462 2428 Gramis-

1866 2489 1974 2544 que
2007 2471 2266 2526 omnibus
2299 2477 2477 2524 morte
2504 2468 2792 2525 multatus.

2152 2646 2242 2702 65.
2284 2646 2362 2700 De
2390 2644 2612 2715 graculo
2654 2645 2942 2715 pennisque
2981 2644 3171 2712 ipsius.

1940 2741 2341 2812 Disceptabant
2383 2753 2512 2795 aves
2568 2737 2637 2793 de
2686 2736 3120 2807 pulchritudine,
3167 2749 3233 2790 ac
3290 2749 3460 2805 penes

1869 2828 2056 2885 Jovem
2115 2828 2284 2897 hujus
2335 2827 2733 2883 controversiae
2778 2826 3070 2881 arbitrium
3130 2833 3275 2880 erat.
3321 2821 3465 2879 Praa-

1872 2923 2115 2993 scriptus
2141 2928 2261 2977 erat
2300 2920 2447 2986 dies,
2481 2918 2550 2974 ad
2590 2934 2752 2989 quem
2793 2933 2922 2973 aves
2966 2932 3160 2973 omnes
3193 2919 3336 2988 apud
3369 2915 3464 2971 Jo-

154 3036 250 3072 ναι
304 3018 384 3089 (7)
408 3016 477 3071 τὰ
504 3017 666 3089 ὄρνεα
699 3016 853 3090 παρὰ
882 3017 974 3071 τὸν
1000 3018 1119 3071 Δία.
1151 3019 1230 3089 Τῇ
1265 3019 1567 3090 προτεραίᾳ
1590 3019 1649 3072 δὲ
1669 3019 1770 3089 τῆς
1797 3051 1838 3110 c

1875 3030 1993 3070 rem
2051 3012 2374 3084 congregari
2425 3025 2654 3066 necesse
2705 3010 2998 3065 habebant.
3046 3006 3233 3063 Pridie
3279 3017 3462 3062 autem

152 3111 482 3184 ὁρισθείσης
510 3110 751 3182 ἡμέρας,
782 3109 933 3183 παρὰ
967 3111 1095 3174 τοὺς
1128 3111 1408 3182 ποταμοὺς
1437 3112 1773 3182 φοιτήσαντα

155 3210 228 3261 τὰ
252 3208 450 3279 ὄρνεα,
484 3207 598 3267 τοῖς
668 3204 907 3273 νάμασιν
956 3203 1321 3257 ἁπενίπτοντο
1353 3204 1431 3275 (8)
1464 3203 1532 3257 τὰ
1573 3205 1771 3275 πτερὰ,

156 3302 253 3357 ἕνα
268 3299 338 3354 τὸ
361 3299 595 3370 φυσικὸν
615 3299 834 3365 ἑκάστῳ
852 3295 1141 3370 ’διαλάμψῃ
1172 3296 1385 3360 κάλλος*
1418 3299 1447 3351 ό
1471 3297 1528 3350 δὲ
1564 3296 1775 3360 κολοιὸς

157 3394 310 3462 (ἔστι
332 3392 393 3446 δὲ
418 3389 580 3445 τοῦτο
606 3391 668 3445 τὸ
686 3391 877 3462 ὄρνεον
900 3386 960 3444 εὖ
988 3390 1139 3460 μάλα
1159 3390 1356 3462 μικρὸν
1380 3390 1482 3461 μὲν
1504 3390 1565 3443 τὸ
1589 3388 1771 3460 σῶμα,

159 3484 408 3548 ἀκαλλὲς
459 3483 518 3537 δὲ
574 3484 637 3537 τὸ
696 3479 859 3552 εἶδος)
909 3481 1021 3536 τῶν
1081 3482 1427 3535 ἐκπεσόντων
1468 3483 1622 3553 παρὰ
1659 3484 1774 3545 τοῖς

160 3577 330 3633 ὕδασι
358 3574 579 3653 πτερῶν
596 3573 848 3646 περιθεὶς
870 3567 1194 3645 ὲαυτῷ,ἦκε
1223 3574 1318 3627 καὶ
1333 3572 1498 3636 αὐτὸς
1520 3572 1671 3644 παρὰ
1684 3573 1776 3627 τὸν

162 3671 308 3733 Δία,
362 3668 445 3733 ὡς
502 3668 813 3740 ληψόμενος
864 3666 960 3721 τοῦ
1032 3666 1266 3731 κάλλους
1313 3666 1374 3720 τὸ
1425 3668 1765 3738 νικητήριον.

175 3762 421 3833 Ἀνέμου
447 3759 505 3813 δὲ
538 3754 641 3814 ὦδε
689 3759 1027 3822 πνεύσαντος
1060 3758 1156 3811 καὶ
1197 3756 1672 3821 ἀποπεδάσαντος
1705 3758 1776 3811 τὰ

164 3855 459 3926 ἀλλόφυλα
483 3855 615 3908 τῶντ
631 3855 872 3926 πτερῶν,
916 3854 1123 3924 γυμνὸς
1158 3852 1368 3925 ηὑρέθη
1400 3852 1496 3906 τοῦ
1520 3852 1774 3915 κάλλους,

162 3949 316 4020 ἔχων
344 3946 409 4001 δὲ
446 3946 618 4018 μόνην
660 3944 762 4016 τὴν
807 3945 872 3997 ἐκ
918 3943 1137 4013 φύσεως
1178 3941 1330 4012 αύτῷ
1381 3939 1778 4013 περικειμένην

161 4040 480 4112 ἀμορφίαν,
508 4036 658 4091 οὕτω
685 4037 783 4108 τῆς
815 4033 1082 4106 αἰσχύνης
1110 4032 1421 4105 ἁπήλαυσε.

323 4216 416 4281 ξδ’.
447 4212 590 4284 Περὶ
619 4215 798 4285 γραὸς
824 4211 1280 4280 διασεισθείσης
1307 4210 1416 4266 τὸν
1451 4207 1637 4280 ὦμον.

240 4309 393 4379 Γυνή
413 4324 499 4371 τις
517 4306 852 4376 καλουμένη,
876 4304 953 4370 ὡς
971 4305 1071 4376 μέν
1086 4321 1231 4367 τινες
1250 4304 1493 4371 λέγουσι,
1522 4302 1776 4368 Σίϐυλλα,

1876 3107 1986 3163 diei
2028 3107 2176 3161 illius
2215 3120 2347 3160 aves
2371 3103 2438 3159 ad
2462 3101 2657 3157 ﬂuvios
2704 3101 3065 3157 convolantcs
3094 3115 3303 3172 pennas
3327 3116 3460 3153 suas

1878 3201 1934 3255 in
1965 3199 2128 3254 undis
2164 3196 2487 3264 abluebant,
2517 3205 2577 3251 ut
2605 3197 2879 3251 naturalis
2908 3195 3186 3265 cujusque
3215 3192 3457 3264 pulchri-

1876 3291 2013 3346 tudo
2044 3289 2321 3345 illustrius
2358 3288 2695 3360 splenderet.
2721 3288 2790 3341 At
2816 3286 3077 3355 graculus
3104 3283 3222 3339 avis
3255 3283 3473 3354 perexi-

1876 3399 1984 3455 guo
2005 3398 2239 3454 corpore
2262 3379 2554 3452 formaque
2574 3381 2802 3435 minime
2828 3378 3065 3449 eleganti
3094 3376 3291 3448 pennis
3333 3374 3471 3429 alia-

1876 3495 1998 3532 rum
2039 3478 2246 3543 avium,
2277 3492 2401 3548 qum
2430 3476 2589 3545 juxta
2629 3486 2803 3543 aquas
2849 3471 3192 3534 deciderant,
3234 3467 3339 3523 sibi
3374 3467 3477 3521 im-

1874 3572 2094 3643 positis,
2158 3570 2275 3640 ipse
2330 3584 2554 3640 quoque
2615 3564 2684 3621 ad
2739 3562 2931 3645 Jovem
2983 3578 3045 3619 se
3104 3561 3361 3623 contulit,
3414 3569 3473 3612 ut

1877 3664 2309 3735 pulchritudinis
2349 3662 2589 3732 palmam
2622 3665 2991 3728 accepturus;
3015 3653 3113 3710 sed
3142 3669 3266 3710 cum
3310 3653 3475 3708 obor-

1876 3767 1969 3813 tus
1993 3764 2193 3811 ventus
2219 3755 2432 3810 alienas
2457 3766 2689 3823 pennas,
2723 3749 2930 3820 quibus
2957 3747 3201 3817 seipsum
3235 3757 3477 3800 ornave-

1876 3853 1962 3899 rat
2012 3843 2375 3903 excussisset,
2425 3845 2653 3910 repente
2705 3846 2937 3894 externa
2986 3844 3042 3891 et
3070 3835 3310 3890 ascititia
3348 3835 3477 3904 pul-

1877 3932 2193 3991 chritudinc
2247 3934 2525 3994 nudatus,
2582 3927 2873 3993 deformis,
2928 3935 2989 3981 ut
3060 3933 3256 3981 natura
3317 3933 3476 3987 erat,

1879 4029 2137 4083 inventus
2192 4035 2298 4087 cst,
2351 4038 2417 4079 ac
2472 4037 2575 4094 pro
2634 4028 2853 4093 sperata
2898 4018 3074 4091 gloria
3116 4016 3476 4089 ignominiam

1878 4121 2091 4178 retulit.

1913 4213 2004 4269 64.
2047 4211 2123 4266 De
2154 4227 2282 4275 anu,
2312 4224 2430 4281 qua:
2465 4207 2685 4261 humero
2716 4203 2949 4275 impulsa
2974 4212 3024 4259 et
3057 4218 3317 4256 concussa
3341 4209 3438 4254 est.

1954 4303 2151 4359 Mulier
2177 4302 2426 4373 quaedam
2457 4297 2610 4370 Bylla
2646 4298 2889 4360 nomine,
2913 4294 3020 4357 vel,
3049 4302 3107 4347 ut
3136 4292 3227 4345 alii
3259 4291 3472 4353 dicunt,

162 4403 248 4467 ὡς
281 4401 344 4454 δὲ
395 4398 568 4464 ἄλλοι,
609 4398 842 4470 Φιμόνη,
870 4399 947 4461 ὡς
976 4397 1034 4450 δὲ
1064 4398 1266 4467 ἕτεροι,
1292 4396 1521 4467 Φιλύρα,
1554 4396 1778 4466 ἐσείσθη
1810 4403 1838 4459 ι

1884 4397 2154 4456 Phinona,
2183 4393 2265 4448 vel
2309 4393 2501 4453 etiam,
2534 4397 2595 4444 ut
2634 4389 2730 4444 alii
2780 4386 3030 4448 tradunt,
3058 4382 3287 4454 Philyra
3322 4398 3352 4436 a
3385 4385 3477 4451 ju-

166 4499 337 4571 παρὰ
377 4513 522 4561 τινος
565 4495 874 4550 νεανίσκου.
912 4494 979 4547 Ἣ
1027 4493 1084 4547 δὲ
1131 4494 1270 4565 γυνὴ
1314 4492 1779 4565 ὑϐριστικώτερον

161 4589 520 4661 διενεχθεῖσα
564 4587 702 4659 πρὸς
725 4587 819 4643 τὸν
858 4587 1165 4652 νεανίσκον,
1193 4585 1417 4655 ὕϐρισεν
1455 4584 1641 4640 αὐτόν.
1672 4580 1780 4637 Ἦν

162 4686 228 4738 δὲ
259 4686 299 4755 ή
328 4681 489 4748 ὓϐρις
508 4681 546 4752 ἡ
568 4679 824 4750 λεχθεῖσα
844 4678 1118 4750 ἔμμετρος
1136 4679 1341 4748 στίχος·
1366 4679 1460 4731 καὶ
1486 4676 1587 4747 τῆς
1602 4678 1780 4748 ἁρμο-

163 4780 301 4841 νίας
324 4775 422 4829 τοῦ
448 4775 611 4843 λόγου
638 4774 738 4846 τῆς
786 4773 958 4846 γραὸς
990 4772 1272 4843 ἀρεσάσης
1295 4773 1407 4834 τοῖς
1437 4768 1781 4842 παρισταμέ-

163 4889 317 4935 νοις,
340 4869 403 4923 τὺ
446 4868 646 4941 μέτρον
692 4867 790 4921 τοῦ
848 4866 1034 4936 στίχου
1089 4863 1282 4918 ἔλαϐον
1303 4882 1319 4895 ο
1349 4865 1444 4918 καὶ
1468 4862 1641 4928 οὕτως
1664 4864 1782 4916 ἐτε-

164 4963 368 5039 χνώθη
397 4963 467 5016 τὰ
499 4962 629 5035 περὶ
652 4962 780 5024 τοὺς
804 4960 1025 5030 στίχους
1046 4958 1146 5031 (9).

645 5051 738 5119 ξε’.
765 5053 905 5122 Περὶ
951 5051 1319 5106 Κυκλώπων.

271 5152 370 5205 Ἦν
401 5150 467 5218 τῇ
502 5145 723 5218 Σικελίᾳ
763 5149 830 5216 τῇ
859 5146 1009 5217 νήσῳ
1031 5145 1161 5217 περὶ
1186 5143 1253 5198 τὰ
1276 5142 1466 5215 ὀρεινὰ
1492 5141 1664 5212 αὐτῆς
1691 5139 1784 5192 λέ-

167 5261 384 5318 γονται
399 5240 655 5311 γενέσθαι
685 5239 794 5311 (10)
818 5240 867 5293 οί
887 5237 1204 5303 Κύκλωπες,
1220 5234 1538 5307 ποιμενικὸν
1557 5234 1657 5304 μὲν
1669 5232 1784 5303 βίον

167 5336 628 5410 ἔπιτηδεύοντες,
684 5332 889 5399 ζῶντες
926 5330 986 5385 δὲ
1041 5330 1365 5402 βιαιότερον.
1411 5328 1676 5398 Λέγονται
1729 5325 1784 5379 δὲ

365 5481 788 5574 (ξοᾶῇρςκιῇαὶ
830 5478 980 5551 αὐτῷ
1006 5477 1086 5551 τῷ
1117 5475 1401 5542 ταϐλίζειν
1424 5474 1752 5548 κεχρῆσθαι.

259 5552 348 5626 ('2)
381 5554 460 5609 Id.
509 5552 810 5606 ’Λπελθεῖν.

258 5627 349 5698 (ὃ)
374 5624 452 5698 ω,
482 5619 1021 5698 nummariae;-

262 5676 352 5777 ζῇ
385 5676 465 5777 εἰς.
486 5676 648 5777 ,ξιτεδ
686 5676 1004 5777 μάλαξξήδεὶ
1026 5690 1290 5765 menon.

384 5764 460 5822 Id.
486 5765 622 5836 Περὶ
653 5761 717 5818 τὸ
736 5761 966 5817 παιδίον.

1886 4504 2025 4544 vene
2064 4485 2308 4557 quodam
2357 4497 2655 4543 concussa,
2686 4481 2741 4535 in
2774 4494 2900 4535 eum
2931 4476 3273 4547 petulantius
3319 4484 3477 4544 rapta

1884 4591 1993 4649 est,
2021 4581 2321 4651 ipsumque
2352 4574 2779 4630 contumeliosis
2826 4569 3016 4627 verbis
3050 4569 3328 4624 insectata
3368 4577 3475 4623 est.

1887 4675 2019 4730 Erat
2049 4686 2214 4744 porro
2248 4671 2361 4725 haec
2400 4667 2735 4724 contumelia
2782 4678 3007 4721 carmen
3039 4661 3384 4717 modulatum
3416 4674 3480 4712 ac

1886 4780 2247 4824 numerosum
2273 4784 2286 4820 :
2312 4763 2405 4835 qui
2433 4761 2729 4819 verborum
2753 4765 3060 4815 concentus
3084 4769 3209 4810 cum
3238 4755 3483 4809 circum-

1887 4861 2164 4919 stantibus
2216 4856 2525 4920 arrisisset,
2565 4852 2835 4910 carminis
2882 4862 3201 4904 mensuram
3255 4860 3484 4914 accepe-

1779 4980 1791 4987 ·
1887 4963 2041 5021 runt,
2070 4961 2237 5023 atque
2262 4951 2337 5005 ita
2371 4949 2562 5021 poesin
2597 4948 2653 5002 in
2684 4953 2858 5001 artem
2893 4942 3247 5013 redegerunt.

2397 5041 2488 5098 65.
2532 5038 2610 5095 De
2648 5035 2991 5110 Cyclapibus.

1961 5143 2019 5197 In
2058 5138 2248 5196 Sicilia
2285 5137 2469 5193 insula
2518 5133 2671 5187 circa
2703 5138 2966 5184 montana
3001 5127 3178 5196 ipsius
3215 5128 3335 5180 loca
3374 5122 3482 5194 Cy-

1890 5236 2080 5305 clopes
2123 5230 2405 5287 exstitisse
2457 5226 2735 5285 feruntur.
2772 5221 3108 5293 pastoralem
3141 5217 3364 5289 quidem
3404 5214 3486 5268 vi-

1892 5337 2003 5383 tam
2054 5324 2325 5385 colentes,
2364 5326 2628 5374 caeterum
2698 5315 3004 5371 insolenter
3057 5319 3114 5367 et
3172 5310 3489 5380 importune

1986 5472 2043 5536 6)
2070 5469 2150 5525 Id.
2205 5469 2328 5522 Ὅτι
2352 5465 2619 5537 νηφάλιός
2656 5466 2796 5519 ἐστι.

1990 5542 2042 5612 7)
2069 5541 2121 5612 l_d
2134 5580 2147 5593 .
2182 5536 2595 5612 συναλισθῆναι.

1967 5608 2046 5679 (8)
2081 5610 2159 5665 Id.
2188 5608 2526 5672 ἀπενίζοντο.

1960 5676 2154 5765 ene.
2184 5680 2310 5765 περὶ
2332 5679 2425 5765 τεῦ
2450 5676 2658 5749 στίχου·

1964 5749 2078 5825 (Ill)
2099 5751 2177 5809 Id.
2208 5749 2477 5821 γίνεσθαι.
