3856 6220
397 237 541 295 1019
1755 232 2041 291 NONNCS
2074 232 2294 288 ABBAS
2853 230 2870 244 °
3533 226 3681 283 10Ξο

397 353 662 406 viventes.
696 349 760 405 lli
789 350 951 405 etiam
982 349 1240 405 humanis
1279 348 1543 405 carnibus
1576 349 1783 405 vixisse
1815 358 1920 418 atqi

2156 365 2230 400 τοι
2272 346 2697 418 ἀνθρωποφάγοι
2736 342 2899 410 εἶναι,
2948 341 3503 412 καὶκατεδηδοκέναι
3551 349 3679 404 τοὺς

404 442 613 514 Ulyssis
671 443 852 498 socios
917 443 1221 497 comedisse
1277 441 1557 495 dicuntur.
1604 439 1811 495 [lorum
1863 448 1927 493 tri

2156 440 2173 494 Ξ
2207 439 2505 503 Ὀδυσσέως
2546 440 2816 509 ἑταίρους.
2846 438 3006 509 Τρεῖς
3037 437 3095 491 δέ
3125 435 3307 489 αὐτῶν
3332 434 3589 503 λέγονται¹
3626 432 3679 486 oi

400 516 711 603 praecipuos
741 542 1035 587 numerant
1087 531 1349 595 Bronten,
1382 532 1649 601 Steropen
1683 538 1738 586 et
1773 532 1923 601 Argei

2160 530 2421 601 ιχὼτατοι,
2477 531 2735 611 Βροντης,
2773 529 3078 601 Στερόπης,
3124 529 3357 599 Ἀργης.
3407 527 3683 594 Λέγοντσι

398 638 514 679 arte
544 624 848 679 fabricandi
874 625 1106 679 eximios
1132 633 1185 679 et
1212 625 1572 686 excellentes,
1603 624 1696 694 qui
1728 631 1846 679 arte
1877 639 1921 678 si

2171 616 2316 676 οῦτοι
2351 623 2502 676 αὐτοὶ
2546 625 2643 677 καὶ
2696 621 3025 692 ἐξοχώτατοι
3056 618 3278 690 χαλκεῖς
3309 616 3407 687 τὴν
3436 616 3641 688 τέχνην
3662 633 3677 647 ⁸

399 718 605 769 tonitru
638 727 691 771 et
726 716 909 787 fulgur
940 714 1058 771 Jovi
1093 716 1470 771 elaborarunt.
1497 717 1764 786 Cyclopes
1795 722 1922 769 aute

2159 731 2275 778 ινες
2299 712 2388 768 διὰ
2418 716 2518 786 τῆς
2549 714 2756 778 οἰκείας
2798 713 3016 784 τέχνης,
3050 710 3148 783 τὴν
3179 710 3411 782 βροντὴν
3440 708 3537 762 καὶ
3580 707 3682 780 τὴν

398 807 750 872 dicebantur,
797 808 844 864 si
886 806 1124 863 Hesiodo
1167 808 1465 873 credimus,
1500 809 1761 876 quoniam
1811 825 1919 862 unu

2158 807 2366 878 τραπὴν
2414 806 2489 878 τῷ
2533 808 2617 860 Διὶ
2647 804 3081 860 κατεσκεύασαν.
3121 801 3428 864 Κύκλωπες
3457 799 3516 852 δέ
3557 799 3681 851 ἐλέ-

397 900 453 952 in
511 899 646 954 facie
697 900 993 954 orbiculari
1048 899 1223 952 forma
1279 900 1500 954 oculum
1560 900 1863 965 habebant;
1919 919 1920 922 η

2158 913 2260 957 ντο,
2310 896 2385 959 ὠς
2433 896 2532 966 μὲν
2574 894 2851 959 Ἡσίοδος,
2885 897 2968 949 ὅτι
3025 894 3123 947 ἕνα
3169 888 3312 963 εἶχον
3367 890 3681 961 κυκλοτερῆ

399 1001 581 1046 autem
634 990 946 1061 Paltephato
993 991 1199 1061 placet,
1228 993 1356 1062 quia
1398 993 1667 1047 rotundas
1711 992 1918 1046 ouasda

2159 988 2357 1058 θαλμὸν
2383 990 2441 1041 ἐν
2473 990 2540 1059 τῇ
2570 987 2691 1057 ὄψει
2713 1004 2726 1018 ο
2757 987 2834 1051 ὡς
2865 987 2924 1041 δὲ
2956 986 3327 1048 Παλαίφατος,
3359 984 3444 1037 ὅτι
3478 982 3682 1036 κυκλο-

400 1084 558 1133 sedes
592 1080 927 1135 incolebant.

2080 1082 2212 1154 τεοῆ
2241 1098 2361 1135 τινα
2393 1081 2555 1151 νῆσον
2594 1079 2792 1150 ᾤκουν.

949 1170 1040 1226 66.
1082 1170 1162 1226 De
1195 1187 1450 1240 purpura.

2511 1173 2619 1240 ξς’-
2665 1173 2806 1241 Περὶ
2864 1168 3242 1239 ἀλουργίδος.

467 1258 524 1313 In
557 1259 701 1332 Tyro
740 1262 921 1317 insula
955 1265 1109 1318 canis
1140 1264 1364 1333 quidam
1402 1265 1698 1334 pastoralis
1724 1264 1790 1319 ad
1823 1265 1977 1320 littus

2167 1268 2256 1321 Ἐν
2304 1267 2467 1338 Τύρῳ
2521 1265 2676 1337 παρὰ
2718 1265 2810 1319 τὸν
2862 1263 3111 1332 αἰγιαλὸν
3171 1262 3320 1316 κύων
3376 1259 3681 1331 ποιμενική

396 1350 680 1424 profectus
706 1353 982 1408 inventam
1011 1356 1279 1409 concham
1306 1357 1439 1420 edit,
1466 1357 1752 1427 ipsiusque
1781 1373 1917 1412 eruo

2161 1359 2447 1431 ρευομένη,
2504 1355 2745 1429 εὑροῦσα
2810 1356 3098 1428 κογχύλιον
3167 1355 3389 1423 ἔξαγεν.
3438 1349 3580 1406 Εἶτα
3622 1353 3684 1405 τὸ

394 1428 456 1498 os
484 1460 645 1498 suum
673 1444 883 1500 infecit.
913 1444 1110 1501 Pastor
1134 1449 1319 1518 itaque
1342 1463 1535 1503 canem
1565 1465 1725 1505 suum
1758 1451 1917 1505 vulne

2163 1428 2330 1504 ιατοῦ
2355 1428 2647 1520 κογχυλίου
2675 1448 2846 1519 ἔϐαψε
2894 1449 2997 1518 τῆς
3028 1446 3188 1509 κυνὸς
3218 1446 3279 1499 τὸ
3312 1445 3491 1517 στόμα
3510 1463 3524 1475 ’
3560 1441 3686 1500 εἶτα

396 1534 653 1590 alfectum
681 1554 805 1594 esse
832 1540 1178 1607 existimans,
1207 1550 1432 1613 accepta
1465 1544 1587 1596 lana
1628 1560 1878 1599 cruorem
1913 1564 1919 1595 ι

2162 1544 2338 1614 εοιμὴν
2362 1541 2602 1612 νομίζων
2654 1540 2969 1611 πεπλῆχθαι
2996 1541 3095 1611 τὴν
3125 1539 3284 1601 κύνα,
3316 1537 3498 1591 λαϐὼν
3532 1537 3685 1608 ἔριον

396 1630 573 1699 ipsius
616 1646 712 1686 ore
758 1632 1128 1703 abstergebat.
1170 1634 1249 1689 Ac
1280 1650 1469 1690 canem
1506 1637 1726 1705 quidem
1768 1638 1918 1692 nullu

2162 1634 2366 1705 έμασσε
2385 1634 2447 1687 τὸ
2462 1628 2601 1704 αἷμα
2624 1634 2717 1691 τοῦ
2742 1634 3011 1704 στόματος
3040 1632 3140 1702 τῆς
3162 1632 3345 1696 κυνός.
3372 1632 3485 1684 Καὶ
3514 1631 3685 1702 εῦρη-

400 1723 600 1777 vulnus
640 1724 920 1794 accepisse
953 1725 1176 1793 reperit,
1203 1734 1462 1779 caeterum
1493 1726 1671 1780 lanam
1704 1743 1923 1797 purpuri

2162 1743 2169 1777 ι
2202 1725 2299 1795 μὲν
2322 1726 2355 1795 ὴ
2383 1722 2531 1777 κύων
2559 1723 2761 1794 ἔχουσα
2813 1723 2980 1795 μηδὲν
3009 1724 3095 1795 (l)
3127 1723 3352 1793 φαῦλον,
3367 1723 3431 1777 τὸ
3451 1724 3510 1777 δέ
3534 1723 3685 1795 ἔριον

396 1815 639 1868 tinctura
662 1815 925 1869 imbutam
950 1813 1338 1882 fuisse.Quare
1359 1832 1482 1870 eum
1505 1827 1691 1891 pastor
1711 1820 1919 1873 concha

2162 1834 2180 1869 ν
2211 1818 2308 1889 τῆς
2336 1818 2625 1890 πορφύρας
2658 1817 3088 1888 ἀναδεδεγμένον
3122 1816 3321 1888 βαφήν.
3347 1812 3483 1870 Εἶτα
3510 1818 3685 1886 ἐγνω-

396 1913 596 1959 natura
638 1921 738 1961 sua
784 1907 1031 1977 tingendi
1069 1908 1327 1963 facultate
1363 1912 1545 1965 valere
1590 1913 1919 1980 perspexissi

2167 1924 2195 1970 ς
2222 1910 2251 1961 ὁ
2290 1909 2496 1980 ποιμὴν
2552 1910 2635 1963 ὅτι
2667 1909 2727 1961 τὸ
2757 1907 3048 1978 κογχύλιον
3072 1907 3331 1978 τοιαύτην
3368 1907 3482 1977 ἔχει
3516 1906 3686 1976 φύσιν

395 2010 515 2046 eam
549 2009 661 2046 rem
694 1997 1057 2064 pervulgavit.
1093 1999 1274 2067 Atque
1315 1999 1463 2055 hunc
1499 2002 1555 2055 in
1596 2003 1819 2058 modum
1863 2020 1918 2059 cc

2161 1998 2373 2070 πτικὴν,
2425 2000 2810 2069 ἐδημοσίευσεν
2852 1998 2985 2053 αὐτὸ
3013 1997 3173 2051 τοῦτο
3198 2017 3212 2028 ·
3246 1998 3342 2051 καὶ
3367 1998 3512 2052 οῦτω
3554 2013 3684 2051 σενα

399 2084 557 2139 leCtis
586 2085 641 2138 in
675 2088 810 2141 mari
841 2089 1147 2163 conchyliis
1178 2092 1429 2147 nomines
1460 2110 1760 2167 purpuram
1797 2098 1922 2153 cont

2159 2107 2267 2157 εγον
2300 2091 2365 2144 ἐκ
2390 2091 2492 2160 τῆς
2512 2090 2789 2162 θαλάσσης
2814 2091 2884 2144 τὰ
2912 2091 3197 2162 κογχύλια,
3220 2091 3313 2144 καὶ
3342 2091 3682 2146 κατεσκεύα-

398 2185 613 2229 rerum.
1838 2258 1839 2261 η
2084 2197 2184 2234 σαν
2242 2180 2319 2251 (2)
2348 2181 2448 2252 τὴν
2492 2180 2813 2254 πορφύραν·
2852 2182 2917 2234 ἐκ
2949 2181 3007 2235 δέ
3048 2181 3276 2252 ταύτης,
3322 2183 3421 2246 τὰς
3474 2182 3682 2256 ἁλουρ-

2125 2271 2256 2327 ίδας.

398 2358 488 2414 (S7.
534 2358 611 2413 De
657 2360 984 2431 agricultura
1021 2371 1071 2416 et
1116 2362 1557 2432 [lbricandarum
1596 2367 1811 2421 navium
1848 2382 1921 2422 art

2125 2289 2205 2326 ιοα
2243 2312 2256 2327 .

2083 2289 2117 2340 γ
2210 2290 2324 2430 ςξξ.
2363 2365 2504 2434 Περὶ
2541 2364 2653 2433 τῆς
2700 2364 2988 2435 γεωργίας
3033 2364 3134 2418 καὶ
3174 2366 3538 2434 ναυπηγίας.

469 2449 658 2517 Ceres,
692 2462 753 2507 ut
780 2462 866 2507 est
898 2453 953 2508 in
1002 2451 1225 2521 fabulis,
1256 2455 1645 2527 Proserpinam
1681 2457 1846 2512 ﬁliam
1882 2461 1981 2513 ha-

2163 2453 2350 2517 Καθὼς
2386 2453 2700 2526 μυθεύεται,
2738 2457 3069 2526 ήΔημήτηρ
3102 2450 3217 2526 εἶχε
3262 2457 3543 2528 θυγατέρα
3583 2459 3686 2531 τὴν

400 2544 540 2611 buit,
589 2563 753 2614 quam
810 2546 970 2601 Pluto
1020 2550 1222 2619 rapuit.
1270 2547 1397 2603 Hzec
1449 2566 1578 2621 ergo
1630 2566 1756 2605 cum
1814 2551 1923 2607 lilia

2167 2545 2453 2615 ρσειρόνην.
2475 2543 2692 2617 Ταύτην
2717 2547 2967 2616 ἥρπασεν
2995 2547 3069 2619 (5)
3095 2549 3124 2600 ὁ
3152 2547 3426 2601 Πλούτων.
3515 2549 3686 2621 Περι-

398 2652 653 2706 quaerens
687 2639 838 2693 varia
891 2640 1009 2694 loca
1061 2652 1427 2712 peragrasset,
1464 2643 1517 2696 in
1575 2645 1810 2699 Atticam
1860 2661 1921 2714 pr

2162 2641 2253 2696 Ξσα
2268 2642 2376 2712 δὲὴ
2406 2639 2673 2710 Δημήτηρ
2703 2639 2797 2692 καὶ
2821 2639 3059 2710 ζητοῦσα
3095 2640 3193 2711 τὴν
3227 2640 3505 2712 θυγατέρα
3540 2643 3685 2712 Περ-

401 2732 543 2785 fecta
572 2739 677 2795 est,
709 2742 885 2803 atque
928 2749 958 2787 a
1002 2733 1335 2805 Triptolemo
1369 2736 1604 2807 quodam
1643 2739 1695 2792 in
1727 2737 1924 2793 Eleusii

2161 2729 2339 2801 ρόνην,
2363 2725 2524 2800 ἦλθεν
2556 2732 2635 2792 εἰς
2658 2734 2757 2800 τὴν
2802 2730 3074 2802 Ἀττικὴν,
3107 2733 3203 2786 καὶ
3231 2732 3494 2786 καταλύει
3526 2734 3684 2803 παρὰ

403 2823 643 2893 hospitio
689 2833 916 2894 accepta
968 2825 1038 2880 ab
1084 2842 1151 2880 eo
1196 2827 1399 2881 certior
1440 2827 1581 2881 facta
1618 2836 1722 2892 est,
1755 2827 1921 2884 Prose

2163 2820 2451 2891 νιπτολέμῳ
2502 2821 2610 2873 τινὶ
2669 2822 2727 2875 ἐν
2780 2821 2943 2894 κώμῃ
2992 2823 3266 2895 Ἐλευσίνῃ
3301 2824 3448 2877 οὕτω
3480 2825 3686 2879 καλου-

403 2915 585 2982 pinam
619 2928 650 2967 a
686 2913 917 2970 Plutone
960 2929 1169 2986 raptam
1220 2917 1413 2974 fuisse.
1444 2918 1551 2974 Pro
1580 2936 1690 2990 quo
1720 2920 1926 2975 benefic

2164 2931 2247 2984 νῃ.
2292 2912 2570 2966 Μανθάνει
2628 2910 2721 2967 οὖν
2768 2915 2906 2985 αῦτη
2937 2915 3090 2986 παρὰ
3108 2915 3511 2987 Τριπτολέμου,
3539 2919 3625 2972 ὅτι
3656 2923 3687 2973 ὁ

401 3005 508 3074 ipsi
539 3005 747 3059 semina
788 3005 959 3071 dedit,
992 3008 1098 3062 hoc
1151 3018 1237 3063 est
1289 3011 1530 3066 triticum
1583 3020 1638 3065 et
1693 3010 1924 3067 hordeut

2163 3002 2340 3056 ,ούτων
2364 3004 2581 3073 ἥρπασε
2617 3004 2714 3074 τὴν
2758 3006 3108 3076 Περσεφόνην
3134 3025 3147 3037 ο
3182 3007 3278 3062 καὶ
3304 3009 3447 3081 ὑπὲρ
3473 3009 3686 3082 ταύτης

404 3097 795 3169 mandavitque
846 3101 893 3154 ei
945 3116 1013 3154 ne
1069 3102 1398 3158 mortalibus
1449 3120 1513 3158 ea
1568 3101 1854 3169 invideret,
1893 3120 1927 3160 84

2160 3112 2186 3157 ς
2216 3095 2535 3165 εὐεργεσίας
2562 3096 2744 3149 δίδωσι
2783 3097 2861 3168 τῷ
2886 3099 3243 3170 Τριπτολέμῳ
3262 3102 3330 3154 τὰ
3362 3104 3682 3174 σπέρματα,

404 3190 661 3246 omnibus
715 3201 1018 3263 spargeret,
1057 3206 1117 3248 ut
1167 3194 1444 3251 discerent
1489 3206 1666 3251 terras
1709 3213 1891 3253 serere

2160 3202 2232 3254 γω
2259 3184 2323 3255 δὴ
2355 3187 2497 3238 σῖτον
2521 3187 2615 3238 καὶ
2637 3185 2853 3257 κριθὴν,
2885 3187 3239 3259 ἐντειλαμένη
3281 3192 3357 3262 μὴ
3392 3193 3683 3264 φθονῆσαι.

403 3283 608 3351 colere,
669 3300 734 3339 ac
788 3284 1003 3341 fructus
1064 3287 1256 3343 dulces
1312 3299 1365 3343 et
1419 3290 1629 3345 sativos
1685 3290 1926 3345 comedet

2165 3277 2226 3330 λὰ
2271 3274 2574 3347 περιελθεῖν
2630 3278 2724 3331 καὶ
2758 3279 3053 3348 σκορπίσαι
3081 3281 3151 3333 τὰ
3190 3283 3482 3354 σπέρματα
3518 3288 3688 3339 πᾶσιν

404 3374 549 3427 Olim
578 3376 724 3429 enim
779 3379 970 3433 rustici
1012 3377 1151 3447 {agis
1193 3381 1535 3435 viititabant.
1567 3381 1721 3438 Unde
1765 3382 1927 3435 etiam

2169 3366 2395 3436 θρώποις
2413 3383 2427 3397 ε
2460 3367 2548 3419 ἵνα
2581 3366 2794 3438 μάθωσι
2820 3368 2881 3422 τὸ
2908 3370 3154 3442 σπείρειν
3183 3374 3277 3425 καὶ
3297 3378 3570 3445 γεωργεῖν
3593 3379 3692 3431 καὶ

408 3467 530 3535 fago
560 3470 777 3535 φαγεῖν,
808 3468 861 3522 id
913 3479 1020 3533 cst,
1050 3472 1340 3525 comedere
1380 3472 1586 3526 dictum
1622 3480 1727 3527 est.
1771 3470 1931 3540 Tripti

2167 3459 2292 3511 Βίειν
2316 3461 2441 3523 τοὺς
2464 3458 2704 3531 ἡμέρους
2735 3460 3003 3530 καρπούς.
3024 3461 3203 3516 Πάλαι
3231 3461 3340 3534 γὰρ
3361 3468 3409 3517 οί
3435 3467 3690 3535 ἄγροικοι

409 3556 587 3609 lemus
614 3556 803 3625 igitur,
833 3568 1080 3628 accepto,
1107 3571 1163 3614 ut
1195 3561 1369 3623 aiunt,
1395 3560 1693 3617 draconum
1723 3563 1932 3615 alatoru

2166 3547 2277 3600 θιον
2308 3548 2431 3610 τοὺς
2464 3547 2726 3618 βαλάνους
2750 3551 2814 3602 ἐκ
2843 3549 2953 3602 τῶν
2987 3551 3180 3621 φηγῶν
3204 3569 3217 3582 °
3257 3552 3408 3606 ἐνθεν
3442 3554 3558 3608 ἀπὸ
3586 3558 3689 3628 τῆς

409 3660 600 3710 curru,
629 3646 903 3716 Celeoque
952 3650 1248 3704 comitatus
1281 3652 1387 3704 huc
1422 3651 1666 3720 illucque
1695 3650 1932 3720 vagabatl

2172 3639 2268 3709 γοῦ
2296 3639 2356 3693 τὸ
2388 3641 2600 3710 φαγεῖν
2627 3641 2860 3711 εἴρηται.
2895 3643 3129 3710 Λέγεται
3156 3644 3235 3707 δέ,
3266 3647 3350 3699 ὅτι
3381 3647 3411 3698 ὁ
3445 3647 3692 3718 Τριπτό-

410 3740 621 3792 semina
652 3743 977 3796 mortalibus
1002 3742 1233 3796 libenter
1259 3742 1601 3813 impertiens.
1627 3742 1785 3810 Quod
1809 3751 1933 3798 aute

2172 3748 2253 3793 to;
2285 3729 2464 3783 λαϐὼν
2498 3732 2651 3802 ἅρμα
2681 3732 2992 3801 δρακόντων
3039 3735 3358 3804 πτερωτῶν,
3395 3753 3695 3811 συμπαρα-

408 3829 552 3899 apud
570 3831 939 3888 Athenienses
964 3833 1198 3902 primum
1222 3834 1494 3888 inventam
1523 3833 1693 3897 fuisse
1712 3844 1931 3889 exstrue

2173 3819 2273 3873 5th
2305 3822 2400 3874 καὶ
2419 3822 2509 3874 τὸν
2542 3821 2762 3888 Κελεὸν,
2795 3823 2971 3887 οὕτως
3000 3824 3271 3879 ἐπλανᾶτο
3301 3826 3696 3899 φιλοτιμούμε-

409 3920 605 3974 darum
648 3922 871 3976 navium
919 3931 1092 3978 artem
1149 3924 1281 3978 dicit
1325 3922 1644 3995 Gregorius,
1691 3932 1822 3995 puto
1866 3939 1932 3979 eu

2173 3930 2183 3974 ς
2224 3914 2292 3966 τὰ
2339 3913 2655 3985 σπέρματα.
2690 3914 2855 3984 Λέγει
2903 3915 2959 3967 δὲ
2994 3915 3188 3980 ὀοεῑος
3222 3917 3549 3991 Γρηγὸριος,
3609 3921 3696 3975 ὃτι

412 4006 748 4063 intellexisse
772 4010 839 4064 de
872 4010 1000 4066 belli
1030 4012 1242 4069 navalis
1263 4022 1401 4069 arte.
1429 4013 1564 4068 Nam
1593 4014 1796 4084 alioqui
1826 4012 1935 4069 Pho

2174 4013 2187 4057 ι
2236 4007 2283 4074 ὴ.
2324 4005 2604 4076 ναυπηγία
2662 4007 2813 4074 παρὰ
2856 4007 3167 4077 Ἀθηναίοις
3223 4009 3478 4082 εὓρηται.
3520 4010 3697 4085 Οἶμαι

411 4098 566 4154 uices
592 4100 750 4169 primi
778 4118 969 4157 navem
991 4102 1296 4159 aediﬁcasse
1322 4104 1606 4167 dicuntur,
1631 4112 1685 4159 et
1712 4104 1934 4160 trireme

2177 4097 2333 4151 αὑτὸν
2358 4097 2539 4165 λέγειν
2572 4101 2701 4169 περὶ
2727 4100 2826 4169 τῆς
2859 4102 3205 4173 ναυμαχικῆς
3235 4102 3452 4174 τέχνης
3477 4106 3700 4176 ναύμα-

413 4191 762 4249 δρηιίιοαηιίε.
2095 4206 2179 4258 χοι
2208 4188 2285 4258 (4)
2347 4189 2469 4242 κατ’
2519 4189 2687 4260 ἄκρον
2745 4191 3057 4261 Ἀθηναῖοι·
3098 4192 3231 4247 ναῦν
3268 4193 3376 4265 γὰρ
3440 4194 3700 4264 λέγονται

2096 4281 2143 4332 οἱ
2175 4279 2380 4349 πρῶτοι
2402 4281 2647 4344 Φοίνικες
2682 4283 3033 4353 ναυπηγῆσαι
3060 4300 3073 4313 ·
3114 4289 3319 4359 τριήρη
3344 4287 3421 4350 δὲ,
3456 4290 3491 4358 ἠ
3524 4289 3700 4360 Σεμίο

2030 4367 2070 4420 D
2103 4391 2287 4446 ραμις.

852 4464 941 4522 68.
993 4467 1063 4523 De
1091 4466 1245 4522 Celeo
1272 4479 1322 4523 et
1357 4468 1555 4524 Icario.
2324 4462 2375 4529 ξτ

2324 4462 2427 4534 ξη⁹.
2460 4462 2601 4533 Περὶ
2629 4462 2736 4516 τοῦ
2777 4465 3003 4520 Κελεοῦ
3036 4468 3132 4521 καὶ
3178 4467 3446 4535 Ἰκαρίου.

488 4553 576 4610 De
612 4555 774 4611 Celeo
827 4559 1114 4629 superiore
1175 4560 1358 4614 fabula
1417 4562 1679 4627 diximus,
1732 4563 1991 4619 nimirum

2178 4556 2307 4627 Περὶ
2332 4555 2431 4626 μὲν
2457 4554 2553 4609 τοῦ
2609 4556 2814 4610 Κελεοῦ
2870 4558 3100 4628 εἴπομεν
3134 4560 3194 4611 ἐν
3239 4563 3303 4630 τῇ
3349 4560 3459 4631 πρὸ
3490 4563 3701 4634 ταύτης

410 4664 538 4703 eum
573 4663 700 4704 cum
754 4649 1095 4722 Triptolemo
1135 4651 1203 4706 ad
1256 4653 1618 4724 impertienda
1673 4657 1933 4711 mortalibi

2178 4648 2337 4719 τορίᾳ,
2365 4649 2447 4701 ὃτι
2478 4648 2620 4719 μετὰ
2644 4649 2738 4702 τοῦ
2792 4650 3169 4722 Τριπτολέμου
3219 4654 3492 4707 ἐπλανᾶτο
3517 4657 3701 4720 διδοὺς

413 4738 624 4791 semina
656 4738 965 4796 oberrasse.
995 4741 1149 4808 Quod
1189 4752 1371 4798 autem
1402 4744 1470 4798 ad
1512 4745 1741 4800 Icarium
1776 4748 1936 4802 atline

2193 4742 2505 4815 σπέρματα.
2538 4743 2676 4813 Περὶ
2701 4743 2759 4797 δέ
2788 4762 2883 4798 του
2933 4747 3168 4817 Ἰκαρίου
3205 4748 3352 4802 ἐστὶν
3384 4749 3527 4820 αῦτη
3550 4768 3564 4781 ·
3593 4753 3701 4804 Λέ-

415 4829 688 4885 Bacchum
728 4832 840 4886 vini
884 4833 1223 4888 inventorem
1268 4836 1549 4892 exstitisse
1591 4838 1744 4893 aiunt
1770 4855 1834 4895 ac
1868 4858 1938 4911 pri

2178 4854 2269 4899 ται,
2298 4837 2379 4890 ὅτι
2425 4838 2455 4889 ὁ
2508 4830 2649 4899 οἶνος
2685 4838 2837 4908 παρὰ
2874 4839 2968 4891 τοῦ
3011 4840 3266 4893 Διονύσου
3298 4840 3538 4913 ηὕρηται
3565 4859 3581 4872 ο
3616 4843 3701 4898 διὸ

417 4923 544 4977 inde
589 4923 720 4980 vitis
771 4925 1063 4995 praesidem
1103 4942 1227 4981 eum
1273 4943 1394 4983 esse
1438 4939 1685 4986 censent.
1719 4930 1818 4988 Hic
1866 4948 1940 5004 ert

2175 4927 2402 4996 ίὲφορον
2425 4927 2525 4996 τῆς
2558 4927 2806 4998 ἀμπέλου
2840 4928 3094 4996 λέγουσιν
3128 4927 3267 4984 εἶναι
3294 4932 3384 4985 τὸν
3412 4934 3698 4990 Διόνυσον.

424 5015 669 5072 Athenas
693 5017 996 5085 profectus,
1018 5026 1183 5088 atque
1206 5018 1436 5075 Icarium
1462 5023 1752 5093 quemdam
1776 5026 1937 5081 obvin

2176 5038 2261 5083 τος
2311 5016 2404 5073 οὖν
2462 5022 2492 5074 ὁ
2547 5020 2801 5084 Διόνυσος
2826 5020 2996 5075 ἐλθὼν
3038 5025 3096 5074 ἐν
3143 5025 3415 5094 Ἀθήναις,
3470 5026 3699 5098 Ἰκαρίῳ

421 5108 649 5172 habens,
696 5110 975 5179 palmitem
1029 5112 1155 5167 vitis
1217 5114 1320 5183 ipsi
1373 5118 1773 5172 conserendum
1830 5118 1944 5173 dedi

2177 5111 2204 5161 υἱ
2230 5107 2558 5181 περιτυχὼν,
2626 5108 2859 5162 δέδωκεν
2901 5109 3053 5178 αὐτῷ
3094 5110 3281 5180 κλῆμα
3318 5111 3568 5181 ἀμπέλου
3591 5128 3700 5182 φυ-

417 5194 590 5264 Quem
617 5215 740 5253 cum
770 5201 887 5270 ipse
909 5203 1253 5258 eonsevisset
1278 5211 1332 5257 et
1360 5205 1715 5270 excoluisset,
1745 5221 1939 5274 expres

2176 5202 2322 5255 5σαι’
2357 5203 2386 5254 ὁ
2417 5200 2473 5253 δέ
2500 5201 2595 5254 καὶ
2642 5200 2928 5269 ἐφύτευσε,
2984 5202 3080 5255 καὶ
3128 5201 3481 5274 ἐγεώργησεν
3524 5200 3699 5268 οἶνον,

420 5286 637 5342 tandem
666 5303 796 5354 uva,
823 5289 960 5344 bibit
988 5294 1106 5361 ipse
1131 5306 1195 5345 ac
1220 5292 1540 5360 pastoribus
1571 5292 1906 5362 prepinavit.
1938 5332 1943 5344 .

2183 5295 2200 5346 ἱ
2223 5292 2365 5355 ἐπιε,
2396 5291 2494 5345 καὶ
2523 5291 2723 5344 δέδωκε
2751 5291 2850 5344 καὶ
2878 5292 3102 5362 ποιμέσι
3130 5295 3296 5346 πιεῖν.
3329 5294 3391 5347 Οἱ
3419 5294 3477 5347 δέ
3501 5296 3706 5366 ποιμέ-

420 5376 497 5432 illi
528 5379 807 5447 inebriati,
854 5396 952 5437 nec
999 5383 1145 5437 enim
1175 5393 1300 5437 ante
1331 5381 1518 5436 vinum
1547 5384 1864 5446 hauserant,
1888 5398 1943 5437 es

2182 5403 2193 5449 ;
2226 5383 2606 5456 μεθυσθέντες,
2648 5383 2735 5435 διὰ
2788 5383 2850 5436 τὸ
2882 5385 2947 5436 ὲκ
2986 5383 3082 5436 τοῦ
3122 5382 3425 5455 παραδόξου
3476 5386 3705 5457 πρῶτον

344 5542 347 5545 _
419 5471 711 5529 stimantes
755 5487 816 5530 se
863 5474 932 5530 ab
973 5472 1146 5530 Icario
1188 5475 1517 5531 intoxicatos
1564 5473 1755 5539 fuisse,
1810 5489 1861 5527 m

2179 5477 2621 5546 εἰν,.νομίσαντες
2668 5460 3062 5544 φαρμαέίθῆναι
3113 5476 3264 5546 παρὰ
3307 5475 3403 5530 τοῦ
3455 5479 3702 5549 Ἰκαρίου

496 5656 574 5737 ς
607 5659 744 5737 god.
778 5674 887 5737 reg.
914 5662 1108 5737 ἔχουσα
1139 5664 1236 5736 μὲν
1260 5664 1432 5720 οὐδέν.

2183 5665 2259 5734 (5)
2394 5663 2597 5737 ταύτην
2626 5665 2693 5732 ἣν
2718 5665 2782 5734 (Ῑ.
2813 5661 2927 5736 οὖν)
2954 5666 3220 5737 ἥρπασεν,

495 5728 574 5797 (³)
607 5729 684 5782 Μ’
717 5728 1059 5819 κατέμὲἰίαν·
1140 5728 1150 5736 Ι
2285 5735 2357 5791 Id.
2390 5728 2678 5805 ναυμάχοέ.
