  <div class='ocr_page' id='page_1' title='image "/cluster/home/n/w/nwhite01/storage/ocr_20150623/36/nnc1.0022377409/552.png"; bbox 0 0 3856 6220; ppageno 0'>
   <div class='ocr_carea' id='block_1_1' title="bbox 156 287 296 348">
    <p class='ocr_par' dir='ltr' id='par_1_1' title="bbox 156 287 296 348">
     <span class='ocr_line' id='line_1_1' title="bbox 156 287 296 348; baseline -0.014 0"><span class='ocrx_word' id='word_1_1' title='bbox 156 287 296 348; x_wconf 64' lang='grc'><strong>⁸021</strong></span> 
     </span>
    </p>
   </div>
   <div class='ocr_carea' id='block_1_2' title="bbox 1031 291 2590 366">
    <p class='ocr_par' dir='ltr' id='par_1_2' title="bbox 1031 291 2590 366">
     <span class='ocr_line' id='line_1_2' title="bbox 1031 291 2590 366; baseline 0.008 -12"><span class='ocrx_word' id='word_1_2' title='bbox 1031 296 1120 354; x_wconf 80' lang='lat' dir='ltr'><strong>AD</strong></span> <span class='ocrx_word' id='word_1_3' title='bbox 1147 297 1207 354; x_wconf 91' lang='lat' dir='ltr'><strong>S.</strong></span> <span class='ocrx_word' id='word_1_4' title='bbox 1240 299 1578 357; x_wconf 73' lang='lat' dir='ltr'><strong>GREGOBII</strong></span> <span class='ocrx_word' id='word_1_5' title='bbox 1607 299 1820 360; x_wconf 78' lang='grc' dir='ltr'><strong>οιιΑτ.</strong></span> <span class='ocrx_word' id='word_1_6' title='bbox 1853 304 1874 360; x_wconf 83' lang='lat' dir='ltr'><strong>l</strong></span> <span class='ocrx_word' id='word_1_7' title='bbox 1915 291 2197 362; x_wconf 68' lang='lat' dir='ltr'><strong>CONTRA</strong></span> <span class='ocrx_word' id='word_1_8' title='bbox 2226 307 2590 366; x_wconf 70' lang='lat' dir='ltr'><strong>JUIJANUM.</strong></span> 
     </span>
    </p>
   </div>
   <div class='ocr_carea' id='block_1_3' title="bbox 3301 314 3442 370">
    <p class='ocr_par' dir='ltr' id='par_1_3' title="bbox 3301 314 3442 370">
     <span class='ocr_line' id='line_1_3' title="bbox 3301 314 3442 370; baseline -0.007 0"><span class='ocrx_word' id='word_1_9' title='bbox 3301 314 3442 370; x_wconf 72' lang='grc'><strong>1029.</strong></span> 
     </span>
    </p>
   </div>
   <div class='ocr_carea' id='block_1_4' title="bbox 156 409 1778 502">
    <p class='ocr_par' dir='ltr' id='par_1_4' title="bbox 156 409 1761 492">
     <span class='ocr_line' id='line_1_4' title="bbox 156 409 1761 492; baseline 0.009 -27"><span class='ocrx_word' id='word_1_10' title='bbox 156 409 583 468; x_wconf 63' lang='grc' dir='ltr'><strong>ἀποκτείνουσιν</strong></span> <span class='ocrx_word' id='word_1_11' title='bbox 603 415 816 470; x_wconf 60' lang='lat' dir='ltr'><strong>&quot;adadv&quot;</strong></span> <span class='ocrx_word' id='word_1_12' title='bbox 838 417 873 489; x_wconf 80' lang='grc' dir='ltr'><strong>ἡ</strong></span> <span class='ocrx_word' id='word_1_13' title='bbox 896 418 954 472; x_wconf 80' lang='grc' dir='ltr'><strong>δὲ</strong></span> <span class='ocrx_word' id='word_1_14' title='bbox 996 421 1255 492; x_wconf 80' lang='grc' dir='ltr'><strong>Ἦριγδνη</strong></span> <span class='ocrx_word' id='word_1_15' title='bbox 1289 423 1324 492; x_wconf 79' lang='grc' dir='ltr'><strong>ἡ</strong></span> <span class='ocrx_word' id='word_1_16' title='bbox 1365 422 1559 478; x_wconf 88' lang='grc' dir='ltr'><strong>τούτου</strong></span> <span class='ocrx_word' id='word_1_17' title='bbox 1589 423 1761 492; x_wconf 79' lang='grc' dir='ltr'><strong>θυγά-</strong></span> 
     </span>
    </p>
   </div>
   <div class='ocr_carea' id='block_1_5' title="bbox 1865 409 3443 502">
    <p class='ocr_par' dir='ltr' id='par_1_5' title="bbox 1865 427 3443 502">
     <span class='ocr_line' id='line_1_5' title="bbox 1865 427 3443 502; baseline 0.003 -22"><span class='ocrx_word' id='word_1_18' title='bbox 1865 427 1968 496; x_wconf 88' lang='lat' dir='ltr'><strong>ipsi</strong></span> <span class='ocrx_word' id='word_1_19' title='bbox 2016 428 2345 484; x_wconf 89' lang='lat' dir='ltr'><strong>attulerunt.</strong></span> <span class='ocrx_word' id='word_1_20' title='bbox 2395 430 2532 498; x_wconf 86' lang='lat' dir='ltr'><strong>Ejus</strong></span> <span class='ocrx_word' id='word_1_21' title='bbox 2574 430 2764 500; x_wconf 98' lang='lat' dir='ltr'><strong>itaque</strong></span> <span class='ocrx_word' id='word_1_22' title='bbox 2810 430 2918 485; x_wconf 80' lang='lat' dir='ltr'><strong>ﬁlia</strong></span> <span class='ocrx_word' id='word_1_23' title='bbox 2964 429 3203 502; x_wconf 79' lang='lat' dir='ltr'><strong>Erigone</strong></span> <span class='ocrx_word' id='word_1_24' title='bbox 3238 447 3304 486; x_wconf 77' lang='lat' dir='ltr'><strong>ex</strong></span> <span class='ocrx_word' id='word_1_25' title='bbox 3342 447 3443 501; x_wconf 83' lang='lat' dir='ltr'><strong>pa-</strong></span> 
     </span>
    </p>
   </div>
   <div class='ocr_carea' id='block_1_6' title="bbox 158 503 1760 584">
    <p class='ocr_par' dir='ltr' id='par_1_6' title="bbox 158 503 1760 584">
     <span class='ocr_line' id='line_1_6' title="bbox 158 503 1760 584; baseline 0.011 -29"><span class='ocrx_word' id='word_1_26' title='bbox 158 519 294 574; x_wconf 87' lang='grc' dir='ltr'><strong>τηρ,</strong></span> <span class='ocrx_word' id='word_1_27' title='bbox 345 503 438 560; x_wconf 72' lang='grc' dir='ltr'><strong>διὰ</strong></span> <span class='ocrx_word' id='word_1_28' title='bbox 481 505 585 576; x_wconf 86' lang='grc' dir='ltr'><strong>τῆς</strong></span> <span class='ocrx_word' id='word_1_29' title='bbox 627 509 790 574; x_wconf 78' lang='grc' dir='ltr'><strong>κυνὸς</strong></span> <span class='ocrx_word' id='word_1_30' title='bbox 826 509 924 564; x_wconf 82' lang='grc' dir='ltr'><strong>τοῦ</strong></span> <span class='ocrx_word' id='word_1_31' title='bbox 978 513 1212 584; x_wconf 77' lang='grc' dir='ltr'><strong>Ἰκαρίου</strong></span> <span class='ocrx_word' id='word_1_32' title='bbox 1261 515 1489 583; x_wconf 77' lang='grc' dir='ltr'><strong>γνοῦσα,</strong></span> <span class='ocrx_word' id='word_1_33' title='bbox 1535 517 1618 571; x_wconf 80' lang='grc' dir='ltr'><strong>ὅτι</strong></span> <span class='ocrx_word' id='word_1_34' title='bbox 1651 520 1760 572; x_wconf 81' lang='grc' dir='ltr'><strong>ὰπ-</strong></span> 
     </span>
    </p>
   </div>
   <div class='ocr_carea' id='block_1_7' title="bbox 161 593 1758 676">
    <p class='ocr_par' dir='ltr' id='par_1_7' title="bbox 161 593 1758 676">
     <span class='ocr_line' id='line_1_7' title="bbox 161 593 1758 676; baseline 0.009 -30"><span class='ocrx_word' id='word_1_35' title='bbox 161 593 382 661; x_wconf 87' lang='grc' dir='ltr'><strong>έθανεν,</strong></span> <span class='ocrx_word' id='word_1_36' title='bbox 415 595 705 651; x_wconf 74' lang='grc' dir='ltr'><strong>ἐποτνιᾶτο</strong></span> <span class='ocrx_word' id='word_1_37' title='bbox 729 600 823 652; x_wconf 84' lang='grc' dir='ltr'><strong>καὶ</strong></span> <span class='ocrx_word' id='word_1_38' title='bbox 847 600 1045 672; x_wconf 78' lang='grc' dir='ltr'><strong>ἧσχαλ)</strong></span> <span class='ocrx_word' id='word_1_39' title='bbox 1057 619 1105 666; x_wconf 91' lang='grc' dir='ltr'><strong>ε,</strong></span> <span class='ocrx_word' id='word_1_40' title='bbox 1141 604 1257 668; x_wconf 72' lang='grc' dir='ltr'><strong>καὶ,</strong></span> <span class='ocrx_word' id='word_1_41' title='bbox 1287 603 1469 668; x_wconf 85' lang='grc' dir='ltr'><strong>καθὼς</strong></span> <span class='ocrx_word' id='word_1_42' title='bbox 1489 605 1758 676; x_wconf 78' lang='grc' dir='ltr'><strong>μυθεύουο</strong></span> 
     </span>
    </p>
   </div>
   <div class='ocr_carea' id='block_1_8' title="bbox 163 687 1758 768">
    <p class='ocr_par' dir='ltr' id='par_1_8' title="bbox 163 687 1758 768">
     <span class='ocr_line' id='line_1_8' title="bbox 163 687 1758 768; baseline 0.009 -30"><span class='ocrx_word' id='word_1_43' title='bbox 163 703 251 740; x_wconf 82' lang='grc' dir='ltr'><strong>ειν</strong></span> <span class='ocrx_word' id='word_1_44' title='bbox 303 689 358 740; x_wconf 80' lang='grc' dir='ltr'><strong>οι</strong></span> <span class='ocrx_word' id='word_1_45' title='bbox 405 687 750 761; x_wconf 82' lang='grc' dir='ltr'><strong>πλανώμενοι</strong></span> <span class='ocrx_word' id='word_1_46' title='bbox 785 691 1069 764; x_wconf 84' lang='grc' dir='ltr'><strong>Ἕλληνες,</strong></span> <span class='ocrx_word' id='word_1_47' title='bbox 1112 695 1318 768; x_wconf 88' lang='grc' dir='ltr'><strong>ταύτην</strong></span> <span class='ocrx_word' id='word_1_48' title='bbox 1357 696 1681 766; x_wconf 73' lang='grc' dir='ltr'><strong>ἐλεήσαντες</strong></span> <span class='ocrx_word' id='word_1_49' title='bbox 1708 701 1758 752; x_wconf 82' lang='lat' dir='ltr'><strong>oi</strong></span> 
     </span>
    </p>
   </div>
   <div class='ocr_carea' id='block_1_9' title="bbox 162 777 1758 859">
    <p class='ocr_par' dir='ltr' id='par_1_9' title="bbox 162 777 1758 859">
     <span class='ocr_line' id='line_1_9' title="bbox 162 777 1758 859; baseline 0.008 -29"><span class='ocrx_word' id='word_1_50' title='bbox 162 777 281 830; x_wconf 78' lang='grc' dir='ltr'><strong>θεοὶ</strong></span> <span class='ocrx_word' id='word_1_51' title='bbox 308 778 401 834; x_wconf 76' lang='grc' dir='ltr'><strong>διὰ</strong></span> <span class='ocrx_word' id='word_1_52' title='bbox 423 781 486 834; x_wconf 85' lang='grc' dir='ltr'><strong>τὸ</strong></span> <span class='ocrx_word' id='word_1_53' title='bbox 537 781 729 846; x_wconf 82' lang='grc' dir='ltr'><strong>πάθος,</strong></span> <span class='ocrx_word' id='word_1_54' title='bbox 757 783 1066 855; x_wconf 87' lang='grc' dir='ltr'><strong>μετέθηκαν</strong></span> <span class='ocrx_word' id='word_1_55' title='bbox 1104 787 1185 849; x_wconf 80' lang='grc' dir='ltr'><strong>είς</strong></span> <span class='ocrx_word' id='word_1_56' title='bbox 1226 787 1322 841; x_wconf 80' lang='grc' dir='ltr'><strong>τὸν</strong></span> <span class='ocrx_word' id='word_1_57' title='bbox 1369 788 1628 859; x_wconf 69' lang='grc' dir='ltr'><strong>ούρανόψ</strong></span> <span class='ocrx_word' id='word_1_58' title='bbox 1662 791 1758 843; x_wconf 76' lang='grc' dir='ltr'><strong>καὶ</strong></span> 
     </span>
    </p>
   </div>
   <div class='ocr_carea' id='block_1_10' title="bbox 163 871 1756 954">
    <p class='ocr_par' dir='ltr' id='par_1_10' title="bbox 163 871 1756 954">
     <span class='ocr_line' id='line_1_10' title="bbox 163 871 1756 954; baseline 0.008 -30"><span class='ocrx_word' id='word_1_59' title='bbox 163 871 262 926; x_wconf 79' lang='grc' dir='ltr'><strong>νῦν</strong></span> <span class='ocrx_word' id='word_1_60' title='bbox 291 875 445 927; x_wconf 76' lang='grc' dir='ltr'><strong>ἐστιν</strong></span> <span class='ocrx_word' id='word_1_61' title='bbox 475 876 535 928; x_wconf 83' lang='grc' dir='ltr'><strong>ὲν</strong></span> <span class='ocrx_word' id='word_1_62' title='bbox 579 879 694 942; x_wconf 84' lang='grc' dir='ltr'><strong>τοῖς</strong></span> <span class='ocrx_word' id='word_1_63' title='bbox 739 877 961 950; x_wconf 83' lang='grc' dir='ltr'><strong>ἄστροις</strong></span> <span class='ocrx_word' id='word_1_64' title='bbox 989 881 1022 951; x_wconf 80' lang='grc' dir='ltr'><strong>ἡ</strong></span> <span class='ocrx_word' id='word_1_65' title='bbox 1070 881 1350 954; x_wconf 78' lang='grc' dir='ltr'><strong>Ἦριγὸνη.</strong></span> <span class='ocrx_word' id='word_1_66' title='bbox 1383 881 1456 936; x_wconf 87' lang='grc' dir='ltr'>Τὸ</span> <span class='ocrx_word' id='word_1_67' title='bbox 1479 883 1535 936; x_wconf 81' lang='grc' dir='ltr'><strong>δὲ</strong></span> <span class='ocrx_word' id='word_1_68' title='bbox 1557 881 1756 952; x_wconf 84' lang='grc' dir='ltr'><strong>λέγειν.</strong></span> 
     </span>
    </p>
   </div>
   <div class='ocr_carea' id='block_1_11' title="bbox 163 965 1757 1048">
    <p class='ocr_par' dir='ltr' id='par_1_11' title="bbox 163 965 1757 1048">
     <span class='ocr_line' id='line_1_11' title="bbox 163 965 1757 1048; baseline 0.008 -31"><span class='ocrx_word' id='word_1_69' title='bbox 163 965 485 1036; x_wconf 80' lang='grc' dir='ltr'><strong>Μυστήριον</strong></span> <span class='ocrx_word' id='word_1_70' title='bbox 516 967 643 1038; x_wconf 82' lang='grc' dir='ltr'><strong>ὑμῖν</strong></span> <span class='ocrx_word' id='word_1_71' title='bbox 677 970 901 1042; x_wconf 82' lang='grc' dir='ltr'><strong>αἰσχρὸν</strong></span> <span class='ocrx_word' id='word_1_72' title='bbox 927 971 1101 1025; x_wconf 78' lang='grc' dir='ltr'><strong>ταῦτα</strong></span> <span class='ocrx_word' id='word_1_73' title='bbox 1143 974 1390 1044; x_wconf 74' lang='grc' dir='ltr'><strong>εποίησε,</strong></span> <span class='ocrx_word' id='word_1_74' title='bbox 1420 975 1482 1026; x_wconf 86' lang='grc' dir='ltr'><strong>οὐ</strong></span> <span class='ocrx_word' id='word_1_75' title='bbox 1513 976 1757 1048; x_wconf 73' lang='grc' dir='ltr'><strong>περὶτοῦ</strong></span> 
     </span>
    </p>
   </div>
   <div class='ocr_carea' id='block_1_12' title="bbox 174 1055 1757 1139">
    <p class='ocr_par' dir='ltr' id='par_1_12' title="bbox 174 1055 1757 1139">
     <span class='ocr_line' id='line_1_12' title="bbox 174 1055 1757 1139; baseline 0.009 -32"><span class='ocrx_word' id='word_1_76' title='bbox 174 1055 421 1127; x_wconf 88' lang='grc' dir='ltr'><strong>Ἰκαρίου</strong></span> <span class='ocrx_word' id='word_1_77' title='bbox 445 1057 613 1126; x_wconf 85' lang='grc' dir='ltr'><strong>λέγει,</strong></span> <span class='ocrx_word' id='word_1_78' title='bbox 662 1061 798 1114; x_wconf 82' lang='grc' dir='ltr'><strong>ἀλλὰ</strong></span> <span class='ocrx_word' id='word_1_79' title='bbox 850 1064 981 1134; x_wconf 83' lang='grc' dir='ltr'><strong>περὶ</strong></span> <span class='ocrx_word' id='word_1_80' title='bbox 1009 1063 1112 1135; x_wconf 85' lang='grc' dir='ltr'><strong>τῆς</strong></span> <span class='ocrx_word' id='word_1_81' title='bbox 1148 1065 1291 1119; x_wconf 84' lang='grc' dir='ltr'><strong>κατά</strong></span> <span class='ocrx_word' id='word_1_82' title='bbox 1327 1067 1427 1136; x_wconf 85' lang='grc' dir='ltr'><strong>τὴν</strong></span> <span class='ocrx_word' id='word_1_83' title='bbox 1461 1069 1757 1139; x_wconf 86' lang='grc' dir='ltr'><strong>Δήμητραν</strong></span> 
     </span>
    </p>
   </div>
   <div class='ocr_carea' id='block_1_13' title="bbox 167 1148 1758 1228">
    <p class='ocr_par' dir='ltr' id='par_1_13' title="bbox 167 1148 1758 1228">
     <span class='ocr_line' id='line_1_13' title="bbox 167 1148 1758 1228; baseline 0.007 -26"><span class='ocrx_word' id='word_1_84' title='bbox 167 1148 770 1220; x_wconf 82' lang='grc' dir='ltr'><strong>μυθολογίας.Λέγεται</strong></span> <span class='ocrx_word' id='word_1_85' title='bbox 819 1153 877 1206; x_wconf 77' lang='grc' dir='ltr'><strong>δὲ</strong></span> <span class='ocrx_word' id='word_1_86' title='bbox 926 1153 1088 1226; x_wconf 74' lang='grc' dir='ltr'><strong>αὕτη,</strong></span> <span class='ocrx_word' id='word_1_87' title='bbox 1145 1157 1206 1208; x_wconf 85' lang='grc' dir='ltr'><strong>οὐ</strong></span> <span class='ocrx_word' id='word_1_88' title='bbox 1267 1157 1429 1228; x_wconf 87' lang='grc' dir='ltr'><strong>μόνον</strong></span> <span class='ocrx_word' id='word_1_89' title='bbox 1466 1157 1758 1213; x_wconf 76' lang='grc' dir='ltr'><strong>δεδωκέναι</strong></span> 
     </span>
    </p>
   </div>
   <div class='ocr_carea' id='block_1_14' title="bbox 163 1239 1758 1322">
    <p class='ocr_par' dir='ltr' id='par_1_14' title="bbox 163 1239 1758 1322">
     <span class='ocr_line' id='line_1_14' title="bbox 163 1239 1758 1322; baseline 0.008 -31"><span class='ocrx_word' id='word_1_90' title='bbox 163 1239 357 1304; x_wconf 75' lang='grc' dir='ltr'><strong>αὐτοῖς</strong></span> <span class='ocrx_word' id='word_1_91' title='bbox 393 1242 462 1296; x_wconf 78' lang='grc' dir='ltr'><strong>τὰ</strong></span> <span class='ocrx_word' id='word_1_92' title='bbox 513 1243 826 1316; x_wconf 82' lang='grc' dir='ltr'><strong>σπέρματα,</strong></span> <span class='ocrx_word' id='word_1_93' title='bbox 862 1245 999 1301; x_wconf 80' lang='grc' dir='ltr'><strong>ἀλλὰ</strong></span> <span class='ocrx_word' id='word_1_94' title='bbox 1041 1247 1136 1302; x_wconf 78' lang='grc' dir='ltr'><strong>καὶ</strong></span> <span class='ocrx_word' id='word_1_95' title='bbox 1165 1247 1364 1320; x_wconf 81' lang='grc' dir='ltr'><strong>θεσμόν</strong></span> <span class='ocrx_word' id='word_1_96' title='bbox 1390 1267 1512 1303; x_wconf 89' lang='grc' dir='ltr'><strong>τινα</strong></span> <span class='ocrx_word' id='word_1_97' title='bbox 1552 1268 1758 1322; x_wconf 83' lang='grc' dir='ltr'><strong>μυστη-</strong></span> 
     </span>
    </p>
   </div>
   <div class='ocr_carea' id='block_1_15' title="bbox 167 1323 1759 1414">
    <p class='ocr_par' dir='ltr' id='par_1_15' title="bbox 167 1323 1759 1414">
     <span class='ocr_line' id='line_1_15' title="bbox 167 1323 1759 1414; baseline 0.009 -31"><span class='ocrx_word' id='word_1_98' title='bbox 167 1332 306 1400; x_wconf 89' lang='grc' dir='ltr'><strong>ρίων</strong></span> <span class='ocrx_word' id='word_1_99' title='bbox 335 1333 627 1400; x_wconf 81' lang='grc' dir='ltr'><strong>διδάσκειν,</strong></span> <span class='ocrx_word' id='word_1_100' title='bbox 651 1335 810 1392; x_wconf 68' lang='grc' dir='ltr'><strong>ἅτινα</strong></span> <span class='ocrx_word' id='word_1_101' title='bbox 832 1339 1110 1394; x_wconf 81' lang='grc' dir='ltr'><strong>τελοῦνται</strong></span> <span class='ocrx_word' id='word_1_102' title='bbox 1133 1343 1182 1394; x_wconf 87' lang='grc' dir='ltr'><strong>οί</strong></span> <span class='ocrx_word' id='word_1_103' title='bbox 1212 1341 1496 1413; x_wconf 84' lang='grc' dir='ltr'><strong>Ἕλληνες.</strong></span> <span class='ocrx_word' id='word_1_104' title='bbox 1535 1323 1624 1402; x_wconf 75' lang='grc' dir='ltr'><strong>Ὧς</strong></span> <span class='ocrx_word' id='word_1_105' title='bbox 1651 1345 1759 1414; x_wconf 75' lang='grc' dir='ltr'><strong>γὰρ</strong></span> 
     </span>
    </p>
   </div>
   <div class='ocr_carea' id='block_1_16' title="bbox 164 1423 1758 1507">
    <p class='ocr_par' dir='ltr' id='par_1_16' title="bbox 164 1423 1758 1507">
     <span class='ocr_line' id='line_1_16' title="bbox 164 1423 1758 1507; baseline 0.008 -33"><span class='ocrx_word' id='word_1_106' title='bbox 164 1423 323 1492; x_wconf 84' lang='grc' dir='ltr'><strong>παρά</strong></span> <span class='ocrx_word' id='word_1_107' title='bbox 343 1425 456 1488; x_wconf 80' lang='grc' dir='ltr'><strong>τοῖς</strong></span> <span class='ocrx_word' id='word_1_108' title='bbox 480 1425 838 1492; x_wconf 69' lang='grc' dir='ltr'><strong>θεοδιδᾶκτοις</strong></span> <span class='ocrx_word' id='word_1_109' title='bbox 854 1430 1201 1501; x_wconf 84' lang='grc' dir='ltr'><strong>Χριστιανοῖς</strong></span> <span class='ocrx_word' id='word_1_110' title='bbox 1237 1435 1354 1484; x_wconf 82' lang='grc' dir='ltr'><strong>ἐστι</strong></span> <span class='ocrx_word' id='word_1_111' title='bbox 1375 1432 1438 1485; x_wconf 85' lang='grc' dir='ltr'><strong>τὺ</strong></span> <span class='ocrx_word' id='word_1_112' title='bbox 1459 1433 1614 1507; x_wconf 79' lang='grc' dir='ltr'><strong>ἅγιον</strong></span> <span class='ocrx_word' id='word_1_113' title='bbox 1643 1432 1758 1502; x_wconf 67' lang='lat' dir='ltr'><strong>:pr-</strong></span> 
     </span>
    </p>
   </div>
   <div class='ocr_carea' id='block_1_17' title="bbox 161 1514 1760 1595">
    <p class='ocr_par' dir='ltr' id='par_1_17' title="bbox 161 1514 1760 1595">
     <span class='ocr_line' id='line_1_17' title="bbox 161 1514 1760 1595; baseline 0.009 -31"><span class='ocrx_word' id='word_1_114' title='bbox 161 1530 362 1584; x_wconf 85' lang='grc' dir='ltr'><strong>τισμα,</strong></span> <span class='ocrx_word' id='word_1_115' title='bbox 415 1514 558 1571; x_wconf 74' lang='grc' dir='ltr'><strong>οὕτω</strong></span> <span class='ocrx_word' id='word_1_116' title='bbox 620 1519 714 1572; x_wconf 74' lang='grc' dir='ltr'><strong>καὶ</strong></span> <span class='ocrx_word' id='word_1_117' title='bbox 759 1523 891 1593; x_wconf 83' lang='grc' dir='ltr'><strong>παρ’</strong></span> <span class='ocrx_word' id='word_1_118' title='bbox 948 1523 1182 1588; x_wconf 77' lang='grc' dir='ltr'><strong>ἐκείνοις</strong></span> <span class='ocrx_word' id='word_1_119' title='bbox 1247 1527 1281 1595; x_wconf 82' lang='grc' dir='ltr'><strong>ἡ</strong></span> <span class='ocrx_word' id='word_1_120' title='bbox 1330 1523 1532 1578; x_wconf 86' lang='grc' dir='ltr'><strong>τοιάδε.</strong></span> <span class='ocrx_word' id='word_1_121' title='bbox 1589 1525 1656 1578; x_wconf 84' lang='grc' dir='ltr'><strong><em>Ἦ</em></strong></span> <span class='ocrx_word' id='word_1_122' title='bbox 1703 1525 1760 1579; x_wconf 82' lang='grc' dir='ltr'><strong>δὲ</strong></span> 
     </span>
    </p>
   </div>
   <div class='ocr_carea' id='block_1_18' title="bbox 161 1606 1687 1691">
    <p class='ocr_par' dir='ltr' id='par_1_18' title="bbox 161 1606 1687 1691">
     <span class='ocr_line' id='line_1_18' title="bbox 161 1606 1687 1691; baseline 0.011 -34"><span class='ocrx_word' id='word_1_123' title='bbox 161 1606 395 1677; x_wconf 87' lang='grc' dir='ltr'><strong>τοιαύτη</strong></span> <span class='ocrx_word' id='word_1_124' title='bbox 415 1607 526 1661; x_wconf 85' lang='grc' dir='ltr'><strong>τῶν</strong></span> <span class='ocrx_word' id='word_1_125' title='bbox 557 1609 828 1683; x_wconf 78' lang='grc' dir='ltr'><strong>Ἑλλήνων</strong></span> <span class='ocrx_word' id='word_1_126' title='bbox 851 1613 1012 1686; x_wconf 82' lang='grc' dir='ltr'><strong>ἑορτὴ</strong></span> <span class='ocrx_word' id='word_1_127' title='bbox 1047 1615 1262 1685; x_wconf 85' lang='grc' dir='ltr'><strong>λέγεται</strong></span> <span class='ocrx_word' id='word_1_128' title='bbox 1283 1619 1570 1690; x_wconf 81' lang='grc' dir='ltr'><strong>Δημήτρια</strong></span> <span class='ocrx_word' id='word_1_129' title='bbox 1587 1619 1687 1691; x_wconf 81' lang='grc'><strong>(1).</strong></span> 
     </span>
    </p>
   </div>
   <div class='ocr_carea' id='block_1_19' title="bbox 339 1699 1590 1779">
    <p class='ocr_par' dir='ltr' id='par_1_19' title="bbox 339 1699 1590 1779">
     <span class='ocr_line' id='line_1_19' title="bbox 339 1699 1590 1779; baseline 0.012 -28"><span class='ocrx_word' id='word_1_130' title='bbox 339 1699 439 1766; x_wconf 82' lang='grc' dir='ltr'><strong>ξθ’.</strong></span> <span class='ocrx_word' id='word_1_131' title='bbox 471 1701 610 1770; x_wconf 75' lang='grc' dir='ltr'><strong>Περὶ</strong></span> <span class='ocrx_word' id='word_1_132' title='bbox 637 1703 744 1758; x_wconf 85' lang='grc' dir='ltr'><strong>τοῦ</strong></span> <span class='ocrx_word' id='word_1_133' title='bbox 773 1707 1132 1774; x_wconf 79' lang='grc' dir='ltr'><strong>θρησκεύειν</strong></span> <span class='ocrx_word' id='word_1_134' title='bbox 1167 1709 1267 1766; x_wconf 80' lang='grc' dir='ltr'><strong>καὶ</strong></span> <span class='ocrx_word' id='word_1_135' title='bbox 1286 1711 1590 1779; x_wconf 82' lang='grc' dir='ltr'><strong>μυεῖσθαι.</strong></span> 
     </span>
    </p>
   </div>
   <div class='ocr_carea' id='block_1_20' title="bbox 1861 519 3442 592">
    <p class='ocr_par' dir='ltr' id='par_1_20' title="bbox 1861 519 3442 592">
     <span class='ocr_line' id='line_1_20' title="bbox 1861 519 3442 592; baseline 0.001 -20"><span class='ocrx_word' id='word_1_136' title='bbox 1861 519 2002 574; x_wconf 86' lang='lat' dir='ltr'><strong>terni</strong></span> <span class='ocrx_word' id='word_1_137' title='bbox 2038 521 2194 576; x_wconf 85' lang='lat' dir='ltr'><strong>canis</strong></span> <span class='ocrx_word' id='word_1_138' title='bbox 2229 521 2426 575; x_wconf 88' lang='lat' dir='ltr'><strong>latratu</strong></span> <span class='ocrx_word' id='word_1_139' title='bbox 2463 531 2693 576; x_wconf 87' lang='lat' dir='ltr'><strong>mortem</strong></span> <span class='ocrx_word' id='word_1_140' title='bbox 2741 521 2917 592; x_wconf 86' lang='lat' dir='ltr'><strong>ipsius</strong></span> <span class='ocrx_word' id='word_1_141' title='bbox 2947 523 3282 592; x_wconf 76' lang='lat' dir='ltr'><strong>intelligens,</strong></span> <span class='ocrx_word' id='word_1_142' title='bbox 3317 523 3442 592; x_wconf 87' lang='lat' dir='ltr'><strong>qui-</strong></span> 
     </span>
    </p>
   </div>
   <div class='ocr_carea' id='block_1_21' title="bbox 1860 610 3444 682">
    <p class='ocr_par' dir='ltr' id='par_1_21' title="bbox 1860 610 3444 682">
     <span class='ocr_line' id='line_1_21' title="bbox 1860 610 3444 682; baseline 0.003 -18"><span class='ocrx_word' id='word_1_143' title='bbox 1860 610 2153 676; x_wconf 84' lang='lat' dir='ltr'><strong>ritabatur,</strong></span> <span class='ocrx_word' id='word_1_144' title='bbox 2177 619 2231 666; x_wconf 86' lang='lat' dir='ltr'><strong>et</strong></span> <span class='ocrx_word' id='word_1_145' title='bbox 2263 613 2315 666; x_wconf 91' lang='lat' dir='ltr'><strong>in</strong></span> <span class='ocrx_word' id='word_1_146' title='bbox 2353 627 2570 668; x_wconf 85' lang='lat' dir='ltr'><strong>summo</strong></span> <span class='ocrx_word' id='word_1_147' title='bbox 2603 626 2841 668; x_wconf 82' lang='lat' dir='ltr'><strong>mcerore</strong></span> <span class='ocrx_word' id='word_1_148' title='bbox 2885 612 3236 668; x_wconf 79' lang='lat' dir='ltr'><strong>versabatur.</strong></span> <span class='ocrx_word' id='word_1_149' title='bbox 3266 613 3444 682; x_wconf 74' lang='lat' dir='ltr'><strong>Atque</strong></span> 
     </span>
    </p>
   </div>
   <div class='ocr_carea' id='block_1_22' title="bbox 1861 701 3441 775">
    <p class='ocr_par' dir='ltr' id='par_1_22' title="bbox 1861 701 3441 775">
     <span class='ocr_line' id='line_1_22' title="bbox 1861 701 3441 775; baseline 0.001 -21"><span class='ocrx_word' id='word_1_150' title='bbox 1861 711 1920 756; x_wconf 90' lang='lat' dir='ltr'><strong>ut</strong></span> <span class='ocrx_word' id='word_1_151' title='bbox 1945 702 2220 772; x_wconf 85' lang='lat' dir='ltr'><strong>opinionis</strong></span> <span class='ocrx_word' id='word_1_152' title='bbox 2243 717 2428 758; x_wconf 86' lang='lat' dir='ltr'><strong>errore</strong></span> <span class='ocrx_word' id='word_1_153' title='bbox 2453 703 2560 760; x_wconf 87' lang='lat' dir='ltr'><strong>sibi</strong></span> <span class='ocrx_word' id='word_1_154' title='bbox 2583 703 2796 775; x_wconf 73' lang='lat' dir='ltr'><strong>lingunt</strong></span> <span class='ocrx_word' id='word_1_155' title='bbox 2817 703 3070 774; x_wconf 83' lang='lat' dir='ltr'><strong>gentiles,</strong></span> <span class='ocrx_word' id='word_1_156' title='bbox 3093 701 3267 773; x_wconf 91' lang='lat' dir='ltr'><strong>ipsius</strong></span> <span class='ocrx_word' id='word_1_157' title='bbox 3287 702 3441 756; x_wconf 84' lang='lat' dir='ltr'><strong>luctu</strong></span> 
     </span>
    </p>
   </div>
   <div class='ocr_carea' id='block_1_23' title="bbox 1858 793 3444 864">
    <p class='ocr_par' dir='ltr' id='par_1_23' title="bbox 1858 793 3444 864">
     <span class='ocr_line' id='line_1_23' title="bbox 1858 793 3444 864; baseline 0.002 -17"><span class='ocrx_word' id='word_1_158' title='bbox 1858 793 1936 848; x_wconf 91' lang='lat' dir='ltr'><strong>dii</strong></span> <span class='ocrx_word' id='word_1_159' title='bbox 1967 795 2197 864; x_wconf 89' lang='lat' dir='ltr'><strong>permoti</strong></span> <span class='ocrx_word' id='word_1_160' title='bbox 2227 795 2284 850; x_wconf 89' lang='lat' dir='ltr'><strong>in</strong></span> <span class='ocrx_word' id='word_1_161' title='bbox 2320 795 2517 850; x_wconf 73' lang='lat' dir='ltr'><strong>cmlum</strong></span> <span class='ocrx_word' id='word_1_162' title='bbox 2562 810 2680 851; x_wconf 87' lang='lat' dir='ltr'><strong>eam</strong></span> <span class='ocrx_word' id='word_1_163' title='bbox 2721 795 3120 850; x_wconf 89' lang='lat' dir='ltr'><strong>transtulerunt</strong></span> <span class='ocrx_word' id='word_1_164' title='bbox 3150 814 3165 848; x_wconf 89' lang='lat'><strong>:</strong></span> <span class='ocrx_word' id='word_1_165' title='bbox 3192 811 3256 848; x_wconf 92' lang='lat' dir='ltr'><strong>ac</strong></span> <span class='ocrx_word' id='word_1_166' title='bbox 3293 811 3444 850; x_wconf 91' lang='lat' dir='ltr'><strong>nunc</strong></span> 
     </span>
    </p>
   </div>
   <div class='ocr_carea' id='block_1_24' title="bbox 1861 885 3439 958">
    <p class='ocr_par' dir='ltr' id='par_1_24' title="bbox 1861 885 3439 958">
     <span class='ocr_line' id='line_1_24' title="bbox 1861 885 3439 958; baseline 0 -18"><span class='ocrx_word' id='word_1_167' title='bbox 1861 887 2004 941; x_wconf 91' lang='lat' dir='ltr'><strong>inter</strong></span> <span class='ocrx_word' id='word_1_168' title='bbox 2029 900 2174 941; x_wconf 84' lang='lat' dir='ltr'><strong>astra</strong></span> <span class='ocrx_word' id='word_1_169' title='bbox 2198 893 2286 943; x_wconf 88' lang='lat' dir='ltr'><strong>est</strong></span> <span class='ocrx_word' id='word_1_170' title='bbox 2317 887 2572 958; x_wconf 81' lang='lat' dir='ltr'><strong>Erigone.</strong></span> <span class='ocrx_word' id='word_1_171' title='bbox 2603 885 2758 954; x_wconf 88' lang='lat' dir='ltr'><strong>Quod</strong></span> <span class='ocrx_word' id='word_1_172' title='bbox 2789 897 2968 940; x_wconf 90' lang='lat' dir='ltr'><strong>autem</strong></span> <span class='ocrx_word' id='word_1_173' title='bbox 3008 887 3086 940; x_wconf 87' lang='lat' dir='ltr'><strong>ait</strong></span> <span class='ocrx_word' id='word_1_174' title='bbox 3121 885 3439 956; x_wconf 74' lang='lat' dir='ltr'><strong>Gregorius,</strong></span> 
     </span>
    </p>
   </div>
   <div class='ocr_carea' id='block_1_25' title="bbox 1860 976 3438 1051">
    <p class='ocr_par' dir='ltr' id='par_1_25' title="bbox 1860 976 3438 1051">
     <span class='ocr_line' id='line_1_25' title="bbox 1860 976 3438 1051; baseline -0.002 -19"><span class='ocrx_word' id='word_1_175' title='bbox 1860 977 2044 1049; x_wconf 86' lang='lat' dir='ltr'><strong>Turpe</strong></span> <span class='ocrx_word' id='word_1_176' title='bbox 2083 979 2238 1035; x_wconf 81' lang='lat' dir='ltr'><strong>vobis</strong></span> <span class='ocrx_word' id='word_1_177' title='bbox 2273 981 2592 1051; x_wconf 82' lang='lat' dir='ltr'><strong>mysterium</strong></span> <span class='ocrx_word' id='word_1_178' title='bbox 2627 979 2776 1043; x_wconf 75' lang='lat' dir='ltr'><strong>fecit,</strong></span> <span class='ocrx_word' id='word_1_179' title='bbox 2809 978 2924 1033; x_wconf 81' lang='lat' dir='ltr'><strong>haec</strong></span> <span class='ocrx_word' id='word_1_180' title='bbox 2965 993 3073 1032; x_wconf 86' lang='lat' dir='ltr'><strong>non</strong></span> <span class='ocrx_word' id='word_1_181' title='bbox 3105 977 3172 1031; x_wconf 87' lang='lat' dir='ltr'><strong>ad</strong></span> <span class='ocrx_word' id='word_1_182' title='bbox 3205 976 3438 1032; x_wconf 84' lang='lat' dir='ltr'><strong>Icarium</strong></span> 
     </span>
    </p>
   </div>
   <div class='ocr_carea' id='block_1_26' title="bbox 1861 1067 3444 1140">
    <p class='ocr_par' dir='ltr' id='par_1_26' title="bbox 1861 1067 3444 1140">
     <span class='ocr_line' id='line_1_26' title="bbox 1861 1067 3444 1140; baseline -0.002 -15"><span class='ocrx_word' id='word_1_183' title='bbox 1861 1079 2130 1140; x_wconf 86' lang='lat' dir='ltr'><strong>spectant,</strong></span> <span class='ocrx_word' id='word_1_184' title='bbox 2181 1070 2278 1126; x_wconf 89' lang='lat' dir='ltr'><strong>sed</strong></span> <span class='ocrx_word' id='word_1_185' title='bbox 2329 1071 2398 1124; x_wconf 87' lang='lat' dir='ltr'><strong>ad</strong></span> <span class='ocrx_word' id='word_1_186' title='bbox 2453 1070 2670 1126; x_wconf 89' lang='lat' dir='ltr'><strong>Cereris</strong></span> <span class='ocrx_word' id='word_1_187' title='bbox 2724 1069 2987 1124; x_wconf 82' lang='lat' dir='ltr'><strong>fabulam.</strong></span> <span class='ocrx_word' id='word_1_188' title='bbox 3038 1068 3236 1124; x_wconf 88' lang='lat' dir='ltr'><strong>Fertur</strong></span> <span class='ocrx_word' id='word_1_189' title='bbox 3290 1067 3444 1123; x_wconf 87' lang='lat' dir='ltr'><strong>enim</strong></span> 
     </span>
    </p>
   </div>
   <div class='ocr_carea' id='block_1_27' title="bbox 1858 1159 3438 1234">
    <p class='ocr_par' dir='ltr' id='par_1_27' title="bbox 1858 1159 3438 1234">
     <span class='ocr_line' id='line_1_27' title="bbox 1858 1159 3438 1234; baseline -0.006 -14"><span class='ocrx_word' id='word_1_190' title='bbox 1858 1163 2049 1229; x_wconf 87' lang='lat' dir='ltr'><strong>Ceres,</strong></span> <span class='ocrx_word' id='word_1_191' title='bbox 2083 1178 2194 1218; x_wconf 92' lang='lat' dir='ltr'><strong>non</strong></span> <span class='ocrx_word' id='word_1_192' title='bbox 2237 1163 2413 1219; x_wconf 91' lang='lat' dir='ltr'><strong>solum</strong></span> <span class='ocrx_word' id='word_1_193' title='bbox 2446 1163 2584 1234; x_wconf 84' lang='lat' dir='ltr'><strong>ipsis</strong></span> <span class='ocrx_word' id='word_1_194' title='bbox 2622 1163 2832 1218; x_wconf 84' lang='lat' dir='ltr'><strong>semina</strong></span> <span class='ocrx_word' id='word_1_195' title='bbox 2874 1161 3112 1225; x_wconf 87' lang='lat' dir='ltr'><strong>dedisse,</strong></span> <span class='ocrx_word' id='word_1_196' title='bbox 3140 1159 3237 1216; x_wconf 86' lang='lat' dir='ltr'><strong>sed</strong></span> <span class='ocrx_word' id='word_1_197' title='bbox 3271 1159 3438 1214; x_wconf 85' lang='lat' dir='ltr'><strong>etiam</strong></span> 
     </span>
    </p>
   </div>
   <div class='ocr_carea' id='block_1_28' title="bbox 1862 1249 3439 1326">
    <p class='ocr_par' dir='ltr' id='par_1_28' title="bbox 1862 1249 3439 1326">
     <span class='ocr_line' id='line_1_28' title="bbox 1862 1249 3439 1326; baseline -0.004 -17"><span class='ocrx_word' id='word_1_198' title='bbox 1862 1257 2031 1326; x_wconf 81' lang='lat' dir='ltr'><strong>legem</strong></span> <span class='ocrx_word' id='word_1_199' title='bbox 2059 1253 2353 1324; x_wconf 87' lang='lat' dir='ltr'><strong>quamdam</strong></span> <span class='ocrx_word' id='word_1_200' title='bbox 2381 1255 2788 1326; x_wconf 84' lang='lat' dir='ltr'><strong>mysteriorum,</strong></span> <span class='ocrx_word' id='word_1_201' title='bbox 2821 1253 3023 1322; x_wconf 85' lang='lat' dir='ltr'><strong>quibus</strong></span> <span class='ocrx_word' id='word_1_202' title='bbox 3057 1250 3288 1322; x_wconf 76' lang='lat' dir='ltr'><strong>gentiles</strong></span> <span class='ocrx_word' id='word_1_203' title='bbox 3309 1249 3439 1303; x_wconf 86' lang='lat' dir='ltr'><strong>ini-</strong></span> 
     </span>
    </p>
   </div>
   <div class='ocr_carea' id='block_1_29' title="bbox 1860 1341 3440 1416">
    <p class='ocr_par' dir='ltr' id='par_1_29' title="bbox 1860 1341 3440 1416">
     <span class='ocr_line' id='line_1_29' title="bbox 1860 1341 3440 1416; baseline -0.003 -16"><span class='ocrx_word' id='word_1_204' title='bbox 1860 1348 2088 1401; x_wconf 89' lang='lat' dir='ltr'><strong>tiantur.</strong></span> <span class='ocrx_word' id='word_1_205' title='bbox 2113 1344 2182 1401; x_wconf 87' lang='lat' dir='ltr'><strong>Ut</strong></span> <span class='ocrx_word' id='word_1_206' title='bbox 2205 1346 2351 1401; x_wconf 90' lang='lat' dir='ltr'><strong>enim</strong></span> <span class='ocrx_word' id='word_1_207' title='bbox 2380 1345 2525 1416; x_wconf 88' lang='lat' dir='ltr'><strong>apud</strong></span> <span class='ocrx_word' id='word_1_208' title='bbox 2551 1345 2816 1400; x_wconf 84' lang='lat' dir='ltr'><strong>divinitus</strong></span> <span class='ocrx_word' id='word_1_209' title='bbox 2841 1344 3066 1398; x_wconf 91' lang='lat' dir='ltr'><strong>edoctos</strong></span> <span class='ocrx_word' id='word_1_210' title='bbox 3090 1341 3440 1396; x_wconf 82' lang='lat' dir='ltr'><strong>Christianos</strong></span> 
     </span>
    </p>
   </div>
   <div class='ocr_carea' id='block_1_30' title="bbox 1859 1428 3442 1504">
    <p class='ocr_par' dir='ltr' id='par_1_30' title="bbox 1859 1428 3442 1504">
     <span class='ocr_line' id='line_1_30' title="bbox 1859 1428 3442 1504; baseline -0.007 -12"><span class='ocrx_word' id='word_1_211' title='bbox 1859 1446 1942 1492; x_wconf 84' lang='lat' dir='ltr'><strong>est</strong></span> <span class='ocrx_word' id='word_1_212' title='bbox 1973 1443 2202 1490; x_wconf 89' lang='lat' dir='ltr'><strong>sanctus</strong></span> <span class='ocrx_word' id='word_1_213' title='bbox 2234 1435 2540 1504; x_wconf 85' lang='lat' dir='ltr'><strong>baptismus</strong></span> <span class='ocrx_word' id='word_1_214' title='bbox 2566 1450 2582 1486; x_wconf 90' lang='lat'><strong>:</strong></span> <span class='ocrx_word' id='word_1_215' title='bbox 2608 1434 2690 1490; x_wconf 91' lang='lat' dir='ltr'><strong>sic</strong></span> <span class='ocrx_word' id='word_1_216' title='bbox 2717 1434 2886 1488; x_wconf 87' lang='lat' dir='ltr'><strong>etiam</strong></span> <span class='ocrx_word' id='word_1_217' title='bbox 2916 1429 3062 1502; x_wconf 89' lang='lat' dir='ltr'><strong>apud</strong></span> <span class='ocrx_word' id='word_1_218' title='bbox 3091 1429 3216 1484; x_wconf 88' lang='lat' dir='ltr'><strong>illos</strong></span> <span class='ocrx_word' id='word_1_219' title='bbox 3245 1428 3442 1498; x_wconf 84' lang='lat' dir='ltr'><strong>hujus-</strong></span> 
     </span>
    </p>
   </div>
   <div class='ocr_carea' id='block_1_31' title="bbox 1861 1520 3438 1598">
    <p class='ocr_par' dir='ltr' id='par_1_31' title="bbox 1861 1520 3438 1598">
     <span class='ocr_line' id='line_1_31' title="bbox 1861 1520 3438 1598; baseline -0.004 -16"><span class='ocrx_word' id='word_1_220' title='bbox 1861 1529 2008 1584; x_wconf 91' lang='lat' dir='ltr'><strong>modi</strong></span> <span class='ocrx_word' id='word_1_221' title='bbox 2046 1529 2244 1583; x_wconf 79' lang='lat' dir='ltr'><strong>festum</strong></span> <span class='ocrx_word' id='word_1_222' title='bbox 2273 1527 2482 1582; x_wconf 78' lang='lat' dir='ltr'><strong>dieitur</strong></span> <span class='ocrx_word' id='word_1_223' title='bbox 2505 1533 2560 1582; x_wconf 84' lang='lat' dir='ltr'><strong>et</strong></span> <span class='ocrx_word' id='word_1_224' title='bbox 2595 1526 2940 1598; x_wconf 85' lang='lat' dir='ltr'><strong>mysterium.</strong></span> <span class='ocrx_word' id='word_1_225' title='bbox 2970 1523 3254 1578; x_wconf 86' lang='lat' dir='ltr'><strong>Vocantur</strong></span> <span class='ocrx_word' id='word_1_226' title='bbox 3289 1520 3438 1578; x_wconf 85' lang='lat' dir='ltr'><strong>enim</strong></span> 
     </span>
    </p>
   </div>
   <div class='ocr_carea' id='block_1_32' title="bbox 1861 1617 3012 1693">
    <p class='ocr_par' dir='ltr' id='par_1_32' title="bbox 1861 1617 3012 1693">
     <span class='ocr_line' id='line_1_32' title="bbox 1861 1617 3012 1693; baseline -0.005 -17"><span class='ocrx_word' id='word_1_227' title='bbox 1861 1621 1980 1676; x_wconf 82' lang='lat' dir='ltr'><strong>bace</strong></span> <span class='ocrx_word' id='word_1_228' title='bbox 2011 1637 2169 1677; x_wconf 89' lang='lat' dir='ltr'><strong>sacra</strong></span> <span class='ocrx_word' id='word_1_229' title='bbox 2200 1622 2508 1693; x_wconf 81' lang='grc' dir='ltr'><strong>Δημήτρια,</strong></span> <span class='ocrx_word' id='word_1_230' title='bbox 2532 1618 2585 1674; x_wconf 94' lang='lat' dir='ltr'><strong>id</strong></span> <span class='ocrx_word' id='word_1_231' title='bbox 2619 1630 2705 1673; x_wconf 90' lang='lat' dir='ltr'><strong>est</strong></span> <span class='ocrx_word' id='word_1_232' title='bbox 2741 1617 3012 1674; x_wconf 84' lang='lat' dir='ltr'><strong>Cerealia.</strong></span> 
     </span>
    </p>
   </div>
   <div class='ocr_carea' id='block_1_33' title="bbox 2087 1708 3210 1782">
    <p class='ocr_par' dir='ltr' id='par_1_33' title="bbox 2087 1708 3210 1782">
     <span class='ocr_line' id='line_1_33' title="bbox 2087 1708 3210 1782; baseline -0.003 -16"><span class='ocrx_word' id='word_1_233' title='bbox 2087 1711 2176 1768; x_wconf 85' lang='lat'><strong>69.</strong></span> <span class='ocrx_word' id='word_1_234' title='bbox 2218 1711 2298 1765; x_wconf 88' lang='lat' dir='ltr'><strong>De</strong></span> <span class='ocrx_word' id='word_1_235' title='bbox 2331 1711 2604 1782; x_wconf 77' lang='lat' dir='ltr'><strong>religionis</strong></span> <span class='ocrx_word' id='word_1_236' title='bbox 2635 1709 2782 1764; x_wconf 76' lang='lat' dir='ltr'><strong>cultu</strong></span> <span class='ocrx_word' id='word_1_237' title='bbox 2813 1718 2862 1764; x_wconf 85' lang='lat' dir='ltr'><strong>et</strong></span> <span class='ocrx_word' id='word_1_238' title='bbox 2890 1708 3210 1763; x_wconf 78' lang='lat' dir='ltr'><strong>initiatione.</strong></span> 
     </span>
    </p>
   </div>
   <div class='ocr_carea' id='block_1_34' title="bbox 237 1777 1778 1875">
    <p class='ocr_par' dir='ltr' id='par_1_34' title="bbox 237 1777 1757 1870">
     <span class='ocr_line' id='line_1_34' title="bbox 237 1777 1757 1870; baseline 0.009 -25"><span class='ocrx_word' id='word_1_239' title='bbox 237 1793 496 1860; x_wconf 77' lang='grc' dir='ltr'><strong>Λέγεται,</strong></span> <span class='ocrx_word' id='word_1_240' title='bbox 521 1795 602 1848; x_wconf 85' lang='grc' dir='ltr'><strong>δτι</strong></span> <span class='ocrx_word' id='word_1_241' title='bbox 635 1797 664 1847; x_wconf 89' lang='grc' dir='ltr'><strong>ὀ</strong></span> <span class='ocrx_word' id='word_1_242' title='bbox 699 1797 932 1867; x_wconf 78' lang='grc' dir='ltr'><strong>Ὀρφεὺς</strong></span> <span class='ocrx_word' id='word_1_243' title='bbox 965 1798 1114 1870; x_wconf 78' lang='grc' dir='ltr'><strong>Θρᾲξ</strong></span> <span class='ocrx_word' id='word_1_244' title='bbox 1141 1799 1217 1854; x_wconf 77' lang='grc' dir='ltr'><strong>ὢν</strong></span> <span class='ocrx_word' id='word_1_245' title='bbox 1235 1777 1299 1854; x_wconf 79' lang='grc' dir='ltr'><strong>τδ</strong></span> <span class='ocrx_word' id='word_1_246' title='bbox 1322 1802 1497 1870; x_wconf 87' lang='grc' dir='ltr'><strong>γένος,</strong></span> <span class='ocrx_word' id='word_1_247' title='bbox 1521 1805 1618 1858; x_wconf 78' lang='grc' dir='ltr'><strong>καὶ</strong></span> <span class='ocrx_word' id='word_1_248' title='bbox 1641 1803 1757 1858; x_wconf 75' lang='grc' dir='ltr'><strong>θεοο</strong></span> 
     </span>
    </p>
   </div>
   <div class='ocr_carea' id='block_1_35' title="bbox 1865 1777 3442 1875">
    <p class='ocr_par' dir='ltr' id='par_1_35' title="bbox 1929 1777 3442 1875">
     <span class='ocr_line' id='line_1_35' title="bbox 1929 1777 3442 1875; baseline -0.005 -15"><span class='ocrx_word' id='word_1_249' title='bbox 1929 1802 2180 1874; x_wconf 87' lang='lat' dir='ltr'><strong>Orpbeus</strong></span> <span class='ocrx_word' id='word_1_250' title='bbox 2223 1777 2471 1875; x_wconf 77' lang='lat' dir='ltr'><strong>quidam,</strong></span> <span class='ocrx_word' id='word_1_251' title='bbox 2523 1811 2585 1857; x_wconf 90' lang='lat' dir='ltr'><strong>ut</strong></span> <span class='ocrx_word' id='word_1_252' title='bbox 2629 1801 2836 1862; x_wconf 76' lang='lat' dir='ltr'><strong>ferunt,</strong></span> <span class='ocrx_word' id='word_1_253' title='bbox 2881 1815 3084 1871; x_wconf 73' lang='lat' dir='ltr'><strong>genere</strong></span> <span class='ocrx_word' id='word_1_254' title='bbox 3133 1798 3340 1860; x_wconf 77' lang='lat' dir='ltr'><strong>Thrax,</strong></span> <span class='ocrx_word' id='word_1_255' title='bbox 3371 1797 3442 1852; x_wconf 86' lang='lat' dir='ltr'><strong>de</strong></span> 
     </span>
    </p>
   </div>
   <div class='ocr_carea' id='block_1_36' title="bbox 162 1883 1763 1963">
    <p class='ocr_par' dir='ltr' id='par_1_36' title="bbox 162 1883 1763 1963">
     <span class='ocr_line' id='line_1_36' title="bbox 162 1883 1763 1963; baseline 0.01 -28"><span class='ocrx_word' id='word_1_256' title='bbox 162 1883 410 1953; x_wconf 80' lang='grc' dir='ltr'><strong>λογὴσας</strong></span> <span class='ocrx_word' id='word_1_257' title='bbox 474 1885 544 1938; x_wconf 75' lang='grc' dir='ltr'><strong>τὰ</strong></span> <span class='ocrx_word' id='word_1_258' title='bbox 583 1885 853 1958; x_wconf 76' lang='grc' dir='ltr'><strong>Ἑλλήνων</strong></span> <span class='ocrx_word' id='word_1_259' title='bbox 907 1893 1200 1963; x_wconf 83' lang='grc' dir='ltr'><strong>μυστήρια,</strong></span> <span class='ocrx_word' id='word_1_260' title='bbox 1251 1893 1458 1962; x_wconf 75' lang='grc' dir='ltr'><strong>ἐδίδαξε</strong></span> <span class='ocrx_word' id='word_1_261' title='bbox 1515 1895 1633 1960; x_wconf 82' lang='grc' dir='ltr'><strong>πῶς</strong></span> <span class='ocrx_word' id='word_1_262' title='bbox 1683 1897 1763 1951; x_wconf 91' lang='grc' dir='ltr'><strong>δεῖ</strong></span> 
     </span>
    </p>
   </div>
   <div class='ocr_carea' id='block_1_37' title="bbox 164 1975 1760 2057">
    <p class='ocr_par' dir='ltr' id='par_1_37' title="bbox 164 1975 1760 2057">
     <span class='ocr_line' id='line_1_37' title="bbox 164 1975 1760 2057; baseline 0.013 -32"><span class='ocrx_word' id='word_1_263' title='bbox 164 1977 336 2046; x_wconf 78' lang='grc' dir='ltr'><strong>τιμᾷν</strong></span> <span class='ocrx_word' id='word_1_264' title='bbox 400 1975 576 2041; x_wconf 84' lang='grc' dir='ltr'><strong>θεούς.</strong></span> <span class='ocrx_word' id='word_1_265' title='bbox 625 1977 798 2034; x_wconf 80' lang='grc' dir='ltr'><strong>Τοῦτο</strong></span> <span class='ocrx_word' id='word_1_266' title='bbox 855 1977 950 2036; x_wconf 86' lang='grc' dir='ltr'><strong>οὖν</strong></span> <span class='ocrx_word' id='word_1_267' title='bbox 1029 1983 1092 2037; x_wconf 83' lang='grc' dir='ltr'><strong>τὸ</strong></span> <span class='ocrx_word' id='word_1_268' title='bbox 1159 1977 1326 2057; x_wconf 84' lang='grc' dir='ltr'><strong>τιμᾷν</strong></span> <span class='ocrx_word' id='word_1_269' title='bbox 1368 1987 1525 2051; x_wconf 84' lang='grc' dir='ltr'><strong>θεοὺς</strong></span> <span class='ocrx_word' id='word_1_270' title='bbox 1567 1989 1760 2044; x_wconf 80' lang='grc' dir='ltr'><strong>ἐκάλε-</strong></span> 
     </span>
    </p>
   </div>
   <div class='ocr_carea' id='block_1_38' title="bbox 167 2069 1760 2152">
    <p class='ocr_par' dir='ltr' id='par_1_38' title="bbox 167 2069 1760 2152">
     <span class='ocr_line' id='line_1_38' title="bbox 167 2069 1760 2152; baseline 0.009 -32"><span class='ocrx_word' id='word_1_271' title='bbox 167 2085 272 2121; x_wconf 84' lang='grc' dir='ltr'><strong>σαν</strong></span> <span class='ocrx_word' id='word_1_272' title='bbox 303 2069 382 2138; x_wconf 69' lang='grc' dir='ltr'><strong>(ξ)</strong></span> <span class='ocrx_word' id='word_1_273' title='bbox 423 2069 770 2140; x_wconf 81' lang='grc' dir='ltr'><strong>θρησκεύειν,</strong></span> <span class='ocrx_word' id='word_1_274' title='bbox 823 2072 899 2138; x_wconf 82' lang='grc' dir='ltr'><strong>ὡς</strong></span> <span class='ocrx_word' id='word_1_275' title='bbox 951 2073 1196 2146; x_wconf 68' lang='grc' dir='ltr'><strong>Θρᾳκίας</strong></span> <span class='ocrx_word' id='word_1_276' title='bbox 1246 2077 1416 2148; x_wconf 79' lang='grc' dir='ltr'><strong>οὖσης</strong></span> <span class='ocrx_word' id='word_1_277' title='bbox 1476 2081 1574 2150; x_wconf 81' lang='grc' dir='ltr'><strong>τῆς</strong></span> <span class='ocrx_word' id='word_1_278' title='bbox 1610 2082 1760 2152; x_wconf 78' lang='grc' dir='ltr'><strong>εὐρέ-</strong></span> 
     </span>
    </p>
   </div>
   <div class='ocr_carea' id='block_1_39' title="bbox 169 2158 1759 2241">
    <p class='ocr_par' dir='ltr' id='par_1_39' title="bbox 169 2158 1759 2241">
     <span class='ocr_line' id='line_1_39' title="bbox 169 2158 1759 2241; baseline 0.008 -30"><span class='ocrx_word' id='word_1_279' title='bbox 169 2175 314 2222; x_wconf 82' lang='grc' dir='ltr'><strong>σεως</strong></span> <span class='ocrx_word' id='word_1_280' title='bbox 337 2158 436 2228; x_wconf 77' lang='grc'><strong>(5).</strong></span> <span class='ocrx_word' id='word_1_281' title='bbox 473 2159 659 2213; x_wconf 80' lang='grc' dir='ltr'><strong>’Δλλοι</strong></span> <span class='ocrx_word' id='word_1_282' title='bbox 683 2161 742 2214; x_wconf 82' lang='grc' dir='ltr'><strong>δὲ</strong></span> <span class='ocrx_word' id='word_1_283' title='bbox 794 2164 1234 2236; x_wconf 74' lang='grc' dir='ltr'><strong>ὴτυμολόγησαν,</strong></span> <span class='ocrx_word' id='word_1_284' title='bbox 1252 2167 1414 2222; x_wconf 82' lang='grc' dir='ltr'><strong>ὅτιτὸ</strong></span> <span class='ocrx_word' id='word_1_285' title='bbox 1437 2168 1759 2241; x_wconf 79' lang='grc' dir='ltr'><strong>θρησκεύειν</strong></span> 
     </span>
    </p>
   </div>
   <div class='ocr_carea' id='block_1_40' title="bbox 168 2250 1759 2327">
    <p class='ocr_par' dir='ltr' id='par_1_40' title="bbox 168 2250 1759 2327">
     <span class='ocr_line' id='line_1_40' title="bbox 168 2250 1759 2327; baseline 0.008 -26"><span class='ocrx_word' id='word_1_286' title='bbox 168 2251 455 2320; x_wconf 77' lang='grc' dir='ltr'><strong>παρῆκται</strong></span> <span class='ocrx_word' id='word_1_287' title='bbox 485 2250 595 2304; x_wconf 81' lang='grc' dir='ltr'><strong>ἀπὸ</strong></span> <span class='ocrx_word' id='word_1_288' title='bbox 615 2250 710 2304; x_wconf 79' lang='grc' dir='ltr'><strong>τοῦ</strong></span> <span class='ocrx_word' id='word_1_289' title='bbox 737 2253 900 2305; x_wconf 80' lang='grc' dir='ltr'><strong>οἱονεὶ</strong></span> <span class='ocrx_word' id='word_1_290' title='bbox 927 2254 1316 2327; x_wconf 86' lang='grc' dir='ltr'><strong>θεοδερκεύειν,</strong></span> <span class='ocrx_word' id='word_1_291' title='bbox 1350 2259 1595 2312; x_wconf 79' lang='grc' dir='ltr'><strong>τουτέστι</strong></span> <span class='ocrx_word' id='word_1_292' title='bbox 1627 2259 1759 2312; x_wconf 74' lang='grc' dir='ltr'><strong>Θεὸν</strong></span> 
     </span>
    </p>
   </div>
   <div class='ocr_carea' id='block_1_41' title="bbox 164 2337 1760 2420">
    <p class='ocr_par' dir='ltr' id='par_1_41' title="bbox 164 2337 1760 2420">
     <span class='ocr_line' id='line_1_41' title="bbox 164 2337 1760 2420; baseline 0.009 -32"><span class='ocrx_word' id='word_1_293' title='bbox 164 2339 323 2408; x_wconf 76' lang='grc' dir='ltr'><strong>ὀρᾷν.</strong></span> <span class='ocrx_word' id='word_1_294' title='bbox 367 2338 440 2391; x_wconf 85' lang='grc' dir='ltr'>Τὸ</span> <span class='ocrx_word' id='word_1_295' title='bbox 467 2337 524 2392; x_wconf 83' lang='grc' dir='ltr'><strong>δὲ</strong></span> <span class='ocrx_word' id='word_1_296' title='bbox 556 2339 812 2410; x_wconf 81' lang='grc' dir='ltr'><strong>μυεῖσθαι</strong></span> <span class='ocrx_word' id='word_1_297' title='bbox 861 2343 1101 2414; x_wconf 78' lang='grc' dir='ltr'><strong>εἴρηται,</strong></span> <span class='ocrx_word' id='word_1_298' title='bbox 1138 2345 1172 2417; x_wconf 76' lang='grc' dir='ltr'>ἢ</span> <span class='ocrx_word' id='word_1_299' title='bbox 1205 2347 1358 2416; x_wconf 79' lang='grc' dir='ltr'><strong>παρὰ</strong></span> <span class='ocrx_word' id='word_1_300' title='bbox 1394 2349 1456 2401; x_wconf 85' lang='grc' dir='ltr'><strong>τὸ</strong></span> <span class='ocrx_word' id='word_1_301' title='bbox 1482 2351 1760 2420; x_wconf 84' lang='grc' dir='ltr'><strong>μυστήρια</strong></span> 
     </span>
    </p>
   </div>
   <div class='ocr_carea' id='block_1_42' title="bbox 168 2430 1760 2512">
    <p class='ocr_par' dir='ltr' id='par_1_42' title="bbox 168 2430 1760 2512">
     <span class='ocr_line' id='line_1_42' title="bbox 168 2430 1760 2512; baseline 0.008 -30"><span class='ocrx_word' id='word_1_302' title='bbox 168 2431 266 2482; x_wconf 80' lang='grc' dir='ltr'><strong>καὶ</strong></span> <span class='ocrx_word' id='word_1_303' title='bbox 287 2430 576 2500; x_wconf 70' lang='grc' dir='ltr'><strong>ἀπόρρητα</strong></span> <span class='ocrx_word' id='word_1_304' title='bbox 605 2433 898 2498; x_wconf 85' lang='grc' dir='ltr'><strong>τελεῖσθαι,</strong></span> <span class='ocrx_word' id='word_1_305' title='bbox 932 2435 966 2506; x_wconf 84' lang='grc' dir='ltr'>ἢ</span> <span class='ocrx_word' id='word_1_306' title='bbox 993 2435 1083 2490; x_wconf 74' lang='grc' dir='ltr'><strong>διὰ</strong></span> <span class='ocrx_word' id='word_1_307' title='bbox 1105 2436 1167 2491; x_wconf 79' lang='grc' dir='ltr'><strong>τὸ</strong></span> <span class='ocrx_word' id='word_1_308' title='bbox 1193 2437 1426 2509; x_wconf 85' lang='grc' dir='ltr'><strong>μύοντας</strong></span> <span class='ocrx_word' id='word_1_309' title='bbox 1444 2440 1544 2503; x_wconf 81' lang='grc' dir='ltr'><strong>τὰς</strong></span> <span class='ocrx_word' id='word_1_310' title='bbox 1571 2440 1760 2512; x_wconf 82' lang='grc' dir='ltr'><strong>αἰσθή-</strong></span> 
     </span>
    </p>
   </div>
   <div class='ocr_carea' id='block_1_43' title="bbox 170 2521 1757 2598">
    <p class='ocr_par' dir='ltr' id='par_1_43' title="bbox 170 2521 1757 2598">
     <span class='ocr_line' id='line_1_43' title="bbox 170 2521 1757 2598; baseline 0.004 -25"><span class='ocrx_word' id='word_1_311' title='bbox 170 2537 288 2584; x_wconf 84' lang='grc' dir='ltr'><strong>σεις</strong></span> <span class='ocrx_word' id='word_1_312' title='bbox 341 2523 438 2573; x_wconf 74' lang='grc' dir='ltr'><strong>καὶ</strong></span> <span class='ocrx_word' id='word_1_313' title='bbox 503 2521 764 2576; x_wconf 77' lang='grc' dir='ltr'><strong>ἐπέκεινα</strong></span> <span class='ocrx_word' id='word_1_314' title='bbox 823 2525 1147 2594; x_wconf 76' lang='grc' dir='ltr'><strong>γινομένους</strong></span> <span class='ocrx_word' id='word_1_315' title='bbox 1199 2526 1381 2598; x_wconf 84' lang='grc' dir='ltr'><strong>πάσης</strong></span> <span class='ocrx_word' id='word_1_316' title='bbox 1439 2527 1757 2598; x_wconf 69' lang='grc' dir='ltr'><strong>σωματικῆς</strong></span> 
     </span>
    </p>
   </div>
   <div class='ocr_carea' id='block_1_44' title="bbox 167 2615 1754 2693">
    <p class='ocr_par' dir='ltr' id='par_1_44' title="bbox 167 2615 1754 2693">
     <span class='ocr_line' id='line_1_44' title="bbox 167 2615 1754 2693; baseline 0.004 -25"><span class='ocrx_word' id='word_1_317' title='bbox 167 2615 493 2684; x_wconf 76' lang='grc' dir='ltr'><strong>φαντασίας,</strong></span> <span class='ocrx_word' id='word_1_318' title='bbox 523 2615 696 2681; x_wconf 79' lang='grc' dir='ltr'><strong>οὕτως</strong></span> <span class='ocrx_word' id='word_1_319' title='bbox 741 2617 1076 2688; x_wconf 77' lang='grc' dir='ltr'><strong>εἰσδέχεσθαι</strong></span> <span class='ocrx_word' id='word_1_320' title='bbox 1111 2621 1209 2683; x_wconf 72' lang='grc' dir='ltr'><strong>τὰς</strong></span> <span class='ocrx_word' id='word_1_321' title='bbox 1252 2621 1404 2685; x_wconf 82' lang='grc' dir='ltr'><strong>θείας</strong></span> <span class='ocrx_word' id='word_1_322' title='bbox 1435 2621 1754 2693; x_wconf 75' lang='grc' dir='ltr'><strong>ὲλλάμψεις.</strong></span> 
     </span>
    </p>
   </div>
   <div class='ocr_carea' id='block_1_45' title="bbox 381 2797 1544 2869">
    <p class='ocr_par' dir='ltr' id='par_1_45' title="bbox 381 2797 1544 2869">
     <span class='ocr_line' id='line_1_45' title="bbox 381 2797 1544 2869; baseline 0.007 -21"><span class='ocrx_word' id='word_1_323' title='bbox 381 2805 441 2848; x_wconf 88' lang='lat' dir='ltr'><strong>o&#39;.</strong></span> <span class='ocrx_word' id='word_1_324' title='bbox 473 2798 611 2864; x_wconf 75' lang='grc' dir='ltr'><strong>Περὶ</strong></span> <span class='ocrx_word' id='word_1_325' title='bbox 643 2797 750 2851; x_wconf 86' lang='grc' dir='ltr'><strong>τοῦ</strong></span> <span class='ocrx_word' id='word_1_326' title='bbox 777 2799 944 2853; x_wconf 84' lang='grc' dir='ltr'><strong>θύειν</strong></span> <span class='ocrx_word' id='word_1_327' title='bbox 986 2799 1087 2852; x_wconf 82' lang='grc' dir='ltr'><strong>καί</strong></span> <span class='ocrx_word' id='word_1_328' title='bbox 1126 2800 1544 2869; x_wconf 73' lang='grc' dir='ltr'><strong>ἀστρονομεῖν.</strong></span> 
     </span>
    </p>
   </div>
   <div class='ocr_carea' id='block_1_46' title="bbox 239 2887 1756 2964">
    <p class='ocr_par' dir='ltr' id='par_1_46' title="bbox 239 2887 1756 2964">
     <span class='ocr_line' id='line_1_46' title="bbox 239 2887 1756 2964; baseline 0.003 -24"><span class='ocrx_word' id='word_1_329' title='bbox 239 2887 474 2953; x_wconf 72' lang='grc' dir='ltr'><strong>Λέγεται</strong></span> <span class='ocrx_word' id='word_1_330' title='bbox 517 2887 574 2939; x_wconf 79' lang='grc' dir='ltr'><strong>δὲ</strong></span> <span class='ocrx_word' id='word_1_331' title='bbox 619 2889 701 2941; x_wconf 72' lang='grc' dir='ltr'><strong>ὅτι</strong></span> <span class='ocrx_word' id='word_1_332' title='bbox 745 2889 807 2940; x_wconf 68' lang='grc' dir='ltr'><strong>τὸ</strong></span> <span class='ocrx_word' id='word_1_333' title='bbox 854 2887 1004 2942; x_wconf 86' lang='grc' dir='ltr'><strong>θύειν</strong></span> <span class='ocrx_word' id='word_1_334' title='bbox 1051 2889 1192 2954; x_wconf 82' lang='grc' dir='ltr'><strong>θεοῖς</strong></span> <span class='ocrx_word' id='word_1_335' title='bbox 1233 2891 1484 2945; x_wconf 81' lang='grc' dir='ltr'><strong>Χαλδαῖοι</strong></span> <span class='ocrx_word' id='word_1_336' title='bbox 1514 2891 1756 2964; x_wconf 75' lang='grc' dir='ltr'><strong>ἐξεῦρον,</strong></span> 
     </span>
    </p>
   </div>
   <div class='ocr_carea' id='block_1_47' title="bbox 169 2977 1758 3055">
    <p class='ocr_par' dir='ltr' id='par_1_47' title="bbox 169 2977 1758 3055">
     <span class='ocr_line' id='line_1_47' title="bbox 169 2977 1758 3055; baseline 0.005 -23"><span class='ocrx_word' id='word_1_337' title='bbox 169 2977 352 3032; x_wconf 84' lang='grc' dir='ltr'><strong>εῖτουν</strong></span> <span class='ocrx_word' id='word_1_338' title='bbox 373 2979 650 3050; x_wconf 80' lang='grc' dir='ltr'><strong>Κύπριοι·</strong></span> <span class='ocrx_word' id='word_1_339' title='bbox 679 2980 1020 3050; x_wconf 77' lang='grc' dir='ltr'><strong>διαφορεῖται</strong></span> <span class='ocrx_word' id='word_1_340' title='bbox 1046 2981 1206 3054; x_wconf 86' lang='grc' dir='ltr'><strong>γὰρὴ</strong></span> <span class='ocrx_word' id='word_1_341' title='bbox 1244 2984 1474 3055; x_wconf 85' lang='grc' dir='ltr'><strong>ἱστορία·</strong></span> <span class='ocrx_word' id='word_1_342' title='bbox 1507 2986 1758 3040; x_wconf 79' lang='grc' dir='ltr'><strong>Χαλδαῖοι</strong></span> 
     </span>
    </p>
   </div>
   <div class='ocr_carea' id='block_1_48' title="bbox 1859 1889 3440 1968">
    <p class='ocr_par' dir='ltr' id='par_1_48' title="bbox 1859 1889 3440 1968">
     <span class='ocr_line' id='line_1_48' title="bbox 1859 1889 3440 1968; baseline -0.006 -16"><span class='ocrx_word' id='word_1_343' title='bbox 1859 1895 2175 1952; x_wconf 61' lang='lat' dir='ltr'><strong>Gram-orum</strong></span> <span class='ocrx_word' id='word_1_344' title='bbox 2223 1896 2504 1968; x_wconf 87' lang='lat' dir='ltr'><strong>mysteriis</strong></span> <span class='ocrx_word' id='word_1_345' title='bbox 2538 1895 2912 1966; x_wconf 85' lang='lat' dir='ltr'><strong>pertractavit,</strong></span> <span class='ocrx_word' id='word_1_346' title='bbox 2947 1893 3269 1962; x_wconf 87' lang='lat' dir='ltr'><strong>cultumque</strong></span> <span class='ocrx_word' id='word_1_347' title='bbox 3306 1889 3440 1946; x_wconf 82' lang='lat' dir='ltr'><strong>deo-</strong></span> 
     </span>
    </p>
   </div>
   <div class='ocr_carea' id='block_1_49' title="bbox 1859 1981 3442 2052">
    <p class='ocr_par' dir='ltr' id='par_1_49' title="bbox 1859 1981 3442 2052">
     <span class='ocr_line' id='line_1_49' title="bbox 1859 1981 3442 2052; baseline -0.006 -9"><span class='ocrx_word' id='word_1_348' title='bbox 1859 2005 1980 2044; x_wconf 89' lang='lat' dir='ltr'><strong>rum</strong></span> <span class='ocrx_word' id='word_1_349' title='bbox 2028 1988 2276 2042; x_wconf 81' lang='lat' dir='ltr'><strong>tradidit.</strong></span> <span class='ocrx_word' id='word_1_350' title='bbox 2329 1987 2484 2042; x_wconf 88' lang='lat' dir='ltr'><strong>Hunc</strong></span> <span class='ocrx_word' id='word_1_351' title='bbox 2529 1995 2713 2041; x_wconf 87' lang='lat' dir='ltr'><strong>autem</strong></span> <span class='ocrx_word' id='word_1_352' title='bbox 2765 1985 2991 2041; x_wconf 90' lang='lat' dir='ltr'><strong>deorum</strong></span> <span class='ocrx_word' id='word_1_353' title='bbox 3043 1983 3252 2037; x_wconf 88' lang='lat' dir='ltr'><strong>cultum</strong></span> <span class='ocrx_word' id='word_1_354' title='bbox 3305 1981 3442 2052; x_wconf 85' lang='grc' dir='ltr'><strong>θρη-</strong></span> 
     </span>
    </p>
   </div>
   <div class='ocr_carea' id='block_1_50' title="bbox 1861 2073 3442 2150">
    <p class='ocr_par' dir='ltr' id='par_1_50' title="bbox 1861 2073 3442 2150">
     <span class='ocr_line' id='line_1_50' title="bbox 1861 2073 3442 2150; baseline -0.005 -16"><span class='ocrx_word' id='word_1_355' title='bbox 1861 2079 2096 2144; x_wconf 86' lang='grc' dir='ltr'><strong>σκεύειν,</strong></span> <span class='ocrx_word' id='word_1_356' title='bbox 2137 2080 2372 2146; x_wconf 87' lang='lat' dir='ltr'><strong>vocavit,</strong></span> <span class='ocrx_word' id='word_1_357' title='bbox 2422 2080 2585 2150; x_wconf 83' lang='lat' dir='ltr'><strong>quasi</strong></span> <span class='ocrx_word' id='word_1_358' title='bbox 2636 2077 2924 2150; x_wconf 81' lang='grc' dir='ltr'><strong>θρησκεία,</strong></span> <span class='ocrx_word' id='word_1_359' title='bbox 2968 2075 3024 2130; x_wconf 87' lang='lat' dir='ltr'><strong>id</strong></span> <span class='ocrx_word' id='word_1_360' title='bbox 3099 2083 3205 2135; x_wconf 82' lang='lat' dir='ltr'><strong>cst,</strong></span> <span class='ocrx_word' id='word_1_361' title='bbox 3245 2073 3442 2145; x_wconf 74' lang='lat' dir='ltr'><strong>religio</strong></span> 
     </span>
    </p>
   </div>
   <div class='ocr_carea' id='block_1_51' title="bbox 1859 2167 3440 2242">
    <p class='ocr_par' dir='ltr' id='par_1_51' title="bbox 1859 2167 3440 2242">
     <span class='ocr_line' id='line_1_51' title="bbox 1859 2167 3440 2242; baseline -0.005 -16"><span class='ocrx_word' id='word_1_362' title='bbox 1859 2172 2025 2242; x_wconf 89' lang='lat' dir='ltr'><strong>hujus</strong></span> <span class='ocrx_word' id='word_1_363' title='bbox 2065 2171 2340 2227; x_wconf 80' lang='lat' dir='ltr'><strong>inventrix</strong></span> <span class='ocrx_word' id='word_1_364' title='bbox 2385 2179 2556 2226; x_wconf 88' lang='lat' dir='ltr'><strong>esset.</strong></span> <span class='ocrx_word' id='word_1_365' title='bbox 2585 2170 2692 2224; x_wconf 84' lang='lat' dir='ltr'><strong>Alii</strong></span> <span class='ocrx_word' id='word_1_366' title='bbox 2734 2170 3028 2224; x_wconf 81' lang='lat' dir='ltr'><strong>deductam</strong></span> <span class='ocrx_word' id='word_1_367' title='bbox 3074 2167 3224 2222; x_wconf 87' lang='lat' dir='ltr'><strong>hanc</strong></span> <span class='ocrx_word' id='word_1_368' title='bbox 3247 2179 3440 2220; x_wconf 85' lang='lat' dir='ltr'><strong>vocem</strong></span> 
     </span>
    </p>
   </div>
   <div class='ocr_carea' id='block_1_52' title="bbox 1861 2257 3441 2335">
    <p class='ocr_par' dir='ltr' id='par_1_52' title="bbox 1861 2257 3441 2335">
     <span class='ocr_line' id='line_1_52' title="bbox 1861 2257 3441 2335; baseline -0.005 -17"><span class='ocrx_word' id='word_1_369' title='bbox 1861 2271 2074 2335; x_wconf 87' lang='lat' dir='ltr'><strong>putant,</strong></span> <span class='ocrx_word' id='word_1_370' title='bbox 2103 2265 2262 2334; x_wconf 90' lang='lat' dir='ltr'><strong>quasi</strong></span> <span class='ocrx_word' id='word_1_371' title='bbox 2311 2277 2344 2316; x_wconf 90' lang='lat' dir='ltr'><strong>a</strong></span> <span class='ocrx_word' id='word_1_372' title='bbox 2387 2263 2556 2318; x_wconf 87' lang='lat' dir='ltr'><strong>verbo</strong></span> <span class='ocrx_word' id='word_1_373' title='bbox 2601 2257 2994 2332; x_wconf 85' lang='grc' dir='ltr'><strong>θεοδερκεύειν.</strong></span> <span class='ocrx_word' id='word_1_374' title='bbox 3029 2259 3082 2314; x_wconf 92' lang='lat' dir='ltr'><strong>id</strong></span> <span class='ocrx_word' id='word_1_375' title='bbox 3127 2270 3231 2321; x_wconf 88' lang='lat' dir='ltr'><strong>est.</strong></span> <span class='ocrx_word' id='word_1_376' title='bbox 3277 2257 3441 2312; x_wconf 70' lang='lat' dir='ltr'><strong>Deum</strong></span> 
     </span>
    </p>
   </div>
   <div class='ocr_carea' id='block_1_53' title="bbox 1859 2349 3443 2428">
    <p class='ocr_par' dir='ltr' id='par_1_53' title="bbox 1859 2349 3443 2428">
     <span class='ocr_line' id='line_1_53' title="bbox 1859 2349 3443 2428; baseline -0.003 -18"><span class='ocrx_word' id='word_1_377' title='bbox 1859 2354 2064 2422; x_wconf 80' lang='lat' dir='ltr'><strong>videre;</strong></span> <span class='ocrx_word' id='word_1_378' title='bbox 2099 2355 2354 2428; x_wconf 82' lang='grc' dir='ltr'><strong>μυεῖσθαι</strong></span> <span class='ocrx_word' id='word_1_379' title='bbox 2389 2363 2570 2410; x_wconf 87' lang='lat' dir='ltr'><strong>autem</strong></span> <span class='ocrx_word' id='word_1_380' title='bbox 2609 2355 2814 2408; x_wconf 84' lang='lat' dir='ltr'><strong>dictum</strong></span> <span class='ocrx_word' id='word_1_381' title='bbox 2847 2362 2952 2416; x_wconf 89' lang='lat' dir='ltr'><strong>est,</strong></span> <span class='ocrx_word' id='word_1_382' title='bbox 2979 2351 3126 2422; x_wconf 87' lang='lat' dir='ltr'><strong>quod</strong></span> <span class='ocrx_word' id='word_1_383' title='bbox 3163 2349 3443 2422; x_wconf 78' lang='lat' dir='ltr'><strong>mysteriis</strong></span> 
     </span>
    </p>
   </div>
   <div class='ocr_carea' id='block_1_54' title="bbox 1860 2441 3443 2518">
    <p class='ocr_par' dir='ltr' id='par_1_54' title="bbox 1860 2441 3443 2518">
     <span class='ocr_line' id='line_1_54' title="bbox 1860 2441 3443 2518; baseline -0.003 -17"><span class='ocrx_word' id='word_1_384' title='bbox 1860 2457 2024 2518; x_wconf 80' lang='lat' dir='ltr'><strong>atque</strong></span> <span class='ocrx_word' id='word_1_385' title='bbox 2065 2449 2286 2504; x_wconf 89' lang='lat' dir='ltr'><strong>arcanis</strong></span> <span class='ocrx_word' id='word_1_386' title='bbox 2329 2447 2506 2504; x_wconf 90' lang='lat' dir='ltr'><strong>sacris</strong></span> <span class='ocrx_word' id='word_1_387' title='bbox 2547 2447 2946 2511; x_wconf 81' lang='lat' dir='ltr'><strong>imbuerentur,</strong></span> <span class='ocrx_word' id='word_1_388' title='bbox 2985 2444 3068 2498; x_wconf 85' lang='lat' dir='ltr'><strong>vel</strong></span> <span class='ocrx_word' id='word_1_389' title='bbox 3112 2445 3275 2498; x_wconf 89' lang='lat' dir='ltr'><strong>etiam</strong></span> <span class='ocrx_word' id='word_1_390' title='bbox 3311 2441 3443 2510; x_wconf 84' lang='lat' dir='ltr'><strong>quia</strong></span> 
     </span>
    </p>
   </div>
   <div class='ocr_carea' id='block_1_55' title="bbox 1863 2535 3438 2606">
    <p class='ocr_par' dir='ltr' id='par_1_55' title="bbox 1863 2535 3438 2606">
     <span class='ocr_line' id='line_1_55' title="bbox 1863 2535 3438 2606; baseline -0.003 -18"><span class='ocrx_word' id='word_1_391' title='bbox 1863 2535 2109 2606; x_wconf 83' lang='grc' dir='ltr'><strong>μύοντες,</strong></span> <span class='ocrx_word' id='word_1_392' title='bbox 2144 2537 2199 2590; x_wconf 89' lang='lat' dir='ltr'><strong>id</strong></span> <span class='ocrx_word' id='word_1_393' title='bbox 2234 2544 2339 2598; x_wconf 85' lang='lat' dir='ltr'><strong>est,</strong></span> <span class='ocrx_word' id='word_1_394' title='bbox 2371 2535 2692 2590; x_wconf 84' lang='lat' dir='ltr'><strong>claudentes</strong></span> <span class='ocrx_word' id='word_1_395' title='bbox 2729 2549 2948 2596; x_wconf 89' lang='lat' dir='ltr'><strong>sensus,</strong></span> <span class='ocrx_word' id='word_1_396' title='bbox 2984 2548 3050 2588; x_wconf 92' lang='lat' dir='ltr'><strong>ac</strong></span> <span class='ocrx_word' id='word_1_397' title='bbox 3098 2546 3266 2602; x_wconf 89' lang='lat' dir='ltr'><strong>supra</strong></span> <span class='ocrx_word' id='word_1_398' title='bbox 3321 2546 3438 2586; x_wconf 81' lang='lat' dir='ltr'><strong>om-</strong></span> 
     </span>
    </p>
   </div>
   <div class='ocr_carea' id='block_1_56' title="bbox 1859 2622 3445 2699">
    <p class='ocr_par' dir='ltr' id='par_1_56' title="bbox 1859 2622 3445 2699">
     <span class='ocr_line' id='line_1_56' title="bbox 1859 2622 3445 2699; baseline -0.002 -18"><span class='ocrx_word' id='word_1_399' title='bbox 1859 2644 1982 2682; x_wconf 85' lang='lat' dir='ltr'><strong>nem</strong></span> <span class='ocrx_word' id='word_1_400' title='bbox 2011 2643 2330 2699; x_wconf 83' lang='lat' dir='ltr'><strong>corpoream</strong></span> <span class='ocrx_word' id='word_1_401' title='bbox 2367 2630 2604 2698; x_wconf 75' lang='lat' dir='ltr'><strong>speciem</strong></span> <span class='ocrx_word' id='word_1_402' title='bbox 2633 2627 2830 2692; x_wconf 86' lang='lat' dir='ltr'><strong>evecti,</strong></span> <span class='ocrx_word' id='word_1_403' title='bbox 2869 2627 2942 2680; x_wconf 88' lang='lat' dir='ltr'><strong>ita</strong></span> <span class='ocrx_word' id='word_1_404' title='bbox 2972 2624 3192 2680; x_wconf 89' lang='lat' dir='ltr'><strong>demum</strong></span> <span class='ocrx_word' id='word_1_405' title='bbox 3224 2622 3445 2678; x_wconf 80' lang='lat' dir='ltr'><strong>divinas</strong></span> 
     </span>
    </p>
   </div>
   <div class='ocr_carea' id='block_1_57' title="bbox 1861 2717 2699 2773">
    <p class='ocr_par' dir='ltr' id='par_1_57' title="bbox 1861 2717 2699 2773">
     <span class='ocr_line' id='line_1_57' title="bbox 1861 2717 2699 2773; baseline 0.004 -3"><span class='ocrx_word' id='word_1_406' title='bbox 1861 2717 2294 2772; x_wconf 86' lang='lat' dir='ltr'><strong>illuminationes</strong></span> <span class='ocrx_word' id='word_1_407' title='bbox 2325 2717 2699 2773; x_wconf 87' lang='lat' dir='ltr'><strong>admitterent.</strong></span> 
     </span>
    </p>
   </div>
   <div class='ocr_carea' id='block_1_58' title="bbox 1981 2804 3318 2878">
    <p class='ocr_par' dir='ltr' id='par_1_58' title="bbox 1981 2804 3318 2878">
     <span class='ocr_line' id='line_1_58' title="bbox 1981 2804 3318 2878; baseline -0.003 -16"><span class='ocrx_word' id='word_1_408' title='bbox 1981 2809 2068 2862; x_wconf 52' lang='lat'><strong>7&quot;).</strong></span> <span class='ocrx_word' id='word_1_409' title='bbox 2107 2808 2187 2862; x_wconf 85' lang='lat' dir='ltr'><strong>De</strong></span> <span class='ocrx_word' id='word_1_410' title='bbox 2218 2809 2526 2878; x_wconf 74' lang='lat' dir='ltr'><strong>sacriﬁciis,</strong></span> <span class='ocrx_word' id='word_1_411' title='bbox 2557 2808 2885 2862; x_wconf 80' lang='lat' dir='ltr'><strong>astronomia</strong></span> <span class='ocrx_word' id='word_1_412' title='bbox 2922 2816 2972 2861; x_wconf 86' lang='lat' dir='ltr'><strong>et</strong></span> <span class='ocrx_word' id='word_1_413' title='bbox 3007 2804 3318 2876; x_wconf 85' lang='lat' dir='ltr'><strong>geometria.</strong></span> 
     </span>
    </p>
   </div>
   <div class='ocr_carea' id='block_1_59' title="bbox 1933 2892 3442 2968">
    <p class='ocr_par' dir='ltr' id='par_1_59' title="bbox 1933 2892 3442 2968">
     <span class='ocr_line' id='line_1_59' title="bbox 1933 2892 3442 2968; baseline 0.001 -18"><span class='ocrx_word' id='word_1_414' title='bbox 1933 2897 2045 2954; x_wconf 84' lang='lat' dir='ltr'><strong>Diis</strong></span> <span class='ocrx_word' id='word_1_415' title='bbox 2096 2899 2416 2954; x_wconf 82' lang='lat' dir='ltr'><strong>sacriﬁcare</strong></span> <span class='ocrx_word' id='word_1_416' title='bbox 2462 2900 2684 2968; x_wconf 85' lang='lat' dir='ltr'><strong>quidam</strong></span> <span class='ocrx_word' id='word_1_417' title='bbox 2733 2895 3282 2960; x_wconf 67' lang='lat' dir='ltr'><strong>Chaldazorum,._alii</strong></span> <span class='ocrx_word' id='word_1_418' title='bbox 3332 2892 3442 2966; x_wconf 79' lang='lat' dir='ltr'><strong>Cy-</strong></span> 
     </span>
    </p>
   </div>
   <div class='ocr_carea' id='block_1_60' title="bbox 1860 2987 3443 3062">
    <p class='ocr_par' dir='ltr' id='par_1_60' title="bbox 1860 2987 3443 3062">
     <span class='ocr_line' id='line_1_60' title="bbox 1860 2987 3443 3062; baseline -0.001 -18"><span class='ocrx_word' id='word_1_419' title='bbox 1860 2992 2106 3062; x_wconf 86' lang='lat' dir='ltr'><strong>priorum</strong></span> <span class='ocrx_word' id='word_1_420' title='bbox 2147 2993 2427 3046; x_wconf 86' lang='lat' dir='ltr'><strong>inventum</strong></span> <span class='ocrx_word' id='word_1_421' title='bbox 2469 3007 2594 3046; x_wconf 88' lang='lat' dir='ltr'><strong>esse</strong></span> <span class='ocrx_word' id='word_1_422' title='bbox 2632 2993 2826 3044; x_wconf 85' lang='lat' dir='ltr'><strong>aiunt:</strong></span> <span class='ocrx_word' id='word_1_423' title='bbox 2860 3005 2961 3044; x_wconf 81' lang='lat' dir='ltr'><strong>nec</strong></span> <span class='ocrx_word' id='word_1_424' title='bbox 2995 2989 3142 3044; x_wconf 87' lang='lat' dir='ltr'><strong>enim</strong></span> <span class='ocrx_word' id='word_1_425' title='bbox 3191 2987 3301 3042; x_wconf 86' lang='lat' dir='ltr'><strong>utri</strong></span> <span class='ocrx_word' id='word_1_426' title='bbox 3335 2987 3443 3042; x_wconf 73' lang='lat' dir='ltr'><strong>hac</strong></span> 
     </span>
    </p>
   </div>
   <div class='ocr_carea' id='block_1_61' title="bbox 168 3069 1778 3172">
    <p class='ocr_par' dir='ltr' id='par_1_61' title="bbox 168 3069 1759 3154">
     <span class='ocr_line' id='line_1_61' title="bbox 168 3069 1759 3154; baseline 0.007 -30"><span class='ocrx_word' id='word_1_427' title='bbox 168 3071 228 3124; x_wconf 81' lang='grc' dir='ltr'><strong>δὲ</strong></span> <span class='ocrx_word' id='word_1_428' title='bbox 253 3069 407 3135; x_wconf 75' lang='grc' dir='ltr'><strong>ἔθνος</strong></span> <span class='ocrx_word' id='word_1_429' title='bbox 432 3071 722 3140; x_wconf 86' lang='grc' dir='ltr'><strong>Περσικόν.</strong></span> <span class='ocrx_word' id='word_1_430' title='bbox 744 3073 854 3144; x_wconf 82' lang='grc' dir='ltr'><strong>Τὴν</strong></span> <span class='ocrx_word' id='word_1_431' title='bbox 875 3073 931 3126; x_wconf 82' lang='grc' dir='ltr'><strong>δὲ</strong></span> <span class='ocrx_word' id='word_1_432' title='bbox 957 3075 1318 3148; x_wconf 79' lang='grc' dir='ltr'><strong>ἀστρονομίαν</strong></span> <span class='ocrx_word' id='word_1_433' title='bbox 1342 3077 1588 3147; x_wconf 87' lang='grc' dir='ltr'><strong>λέγονται</strong></span> <span class='ocrx_word' id='word_1_434' title='bbox 1611 3081 1759 3154; x_wconf 78' lang='grc' dir='ltr'><strong>πρῶ-</strong></span> 
     </span>
    </p>
   </div>
   <div class='ocr_carea' id='block_1_62' title="bbox 1865 3069 3442 3172">
    <p class='ocr_par' dir='ltr' id='par_1_62' title="bbox 1865 3079 3442 3164">
     <span class='ocr_line' id='line_1_62' title="bbox 1865 3079 3442 3164; baseline -0.003 -26"><span class='ocrx_word' id='word_1_435' title='bbox 1865 3084 2172 3139; x_wconf 83' lang='lat' dir='ltr'><strong>invenerint</strong></span> <span class='ocrx_word' id='word_1_436' title='bbox 2213 3085 2354 3164; x_wconf 78' lang='lat' dir='ltr'><strong>satis</strong></span> <span class='ocrx_word' id='word_1_437' title='bbox 2401 3091 2642 3138; x_wconf 86' lang='lat' dir='ltr'><strong>constat.</strong></span> <span class='ocrx_word' id='word_1_438' title='bbox 2693 3081 2934 3137; x_wconf 77' lang='lat' dir='ltr'><strong>Chaldaei</strong></span> <span class='ocrx_word' id='word_1_439' title='bbox 2981 3089 3164 3135; x_wconf 88' lang='lat' dir='ltr'><strong>autem</strong></span> <span class='ocrx_word' id='word_1_440' title='bbox 3221 3079 3442 3135; x_wconf 84' lang='lat' dir='ltr'><strong>Persica</strong></span> 
     </span>
    </p>
   </div>
   <div class='ocr_carea' id='block_1_63' title="bbox 169 3162 1758 3246">
    <p class='ocr_par' dir='ltr' id='par_1_63' title="bbox 169 3162 1758 3246">
     <span class='ocr_line' id='line_1_63' title="bbox 169 3162 1758 3246; baseline 0.007 -30"><span class='ocrx_word' id='word_1_441' title='bbox 169 3180 253 3216; x_wconf 83' lang='grc' dir='ltr'><strong>τοι</strong></span> <span class='ocrx_word' id='word_1_442' title='bbox 288 3162 583 3234; x_wconf 78' lang='grc' dir='ltr'><strong>εὑρηκέναι</strong></span> <span class='ocrx_word' id='word_1_443' title='bbox 620 3163 953 3218; x_wconf 81' lang='grc' dir='ltr'><strong>Βαϐυλώνιοι</strong></span> <span class='ocrx_word' id='word_1_444' title='bbox 1001 3165 1091 3218; x_wconf 73' lang='grc' dir='ltr'><strong>διὰ</strong></span> <span class='ocrx_word' id='word_1_445' title='bbox 1121 3167 1484 3241; x_wconf 80' lang='grc' dir='ltr'><strong>Ζοροὰστρου·</strong></span> <span class='ocrx_word' id='word_1_446' title='bbox 1517 3173 1758 3246; x_wconf 85' lang='grc' dir='ltr'><strong>δεύτεροι</strong></span> 
     </span>
    </p>
   </div>
   <div class='ocr_carea' id='block_1_64' title="bbox 170 3252 1760 3338">
    <p class='ocr_par' dir='ltr' id='par_1_64' title="bbox 170 3252 1760 3338">
     <span class='ocr_line' id='line_1_64' title="bbox 170 3252 1760 3338; baseline 0.009 -33"><span class='ocrx_word' id='word_1_447' title='bbox 170 3254 230 3306; x_wconf 80' lang='grc' dir='ltr'><strong>δὲ</strong></span> <span class='ocrx_word' id='word_1_448' title='bbox 290 3252 600 3320; x_wconf 81' lang='grc' dir='ltr'><strong>διεδέξαντο</strong></span> <span class='ocrx_word' id='word_1_449' title='bbox 639 3255 953 3324; x_wconf 75' lang='grc' dir='ltr'><strong>Αἰγύπτιοι.</strong></span> <span class='ocrx_word' id='word_1_450' title='bbox 1009 3257 1120 3328; x_wconf 74' lang='grc' dir='ltr'><strong>Τὴν</strong></span> <span class='ocrx_word' id='word_1_451' title='bbox 1175 3257 1232 3312; x_wconf 82' lang='grc' dir='ltr'><strong>δὲ</strong></span> <span class='ocrx_word' id='word_1_452' title='bbox 1281 3263 1624 3332; x_wconf 84' lang='grc' dir='ltr'><strong>γεωμετρίαν</strong></span> <span class='ocrx_word' id='word_1_453' title='bbox 1684 3268 1760 3338; x_wconf 70' lang='grc' dir='ltr'><strong>(ι)</strong></span> 
     </span>
    </p>
   </div>
   <div class='ocr_carea' id='block_1_65' title="bbox 171 3338 1762 3429">
    <p class='ocr_par' dir='ltr' id='par_1_65' title="bbox 171 3338 1762 3429">
     <span class='ocr_line' id='line_1_65' title="bbox 171 3338 1762 3429; baseline 0.006 -29"><span class='ocrx_word' id='word_1_454' title='bbox 171 3338 334 3416; x_wconf 83' lang='grc' dir='ltr'><strong>εὗρον</strong></span> <span class='ocrx_word' id='word_1_455' title='bbox 363 3345 652 3414; x_wconf 73' lang='grc' dir='ltr'><strong>Αἰγύπτιοι</strong></span> <span class='ocrx_word' id='word_1_456' title='bbox 677 3347 765 3400; x_wconf 79' lang='grc' dir='ltr'><strong>διὰ</strong></span> <span class='ocrx_word' id='word_1_457' title='bbox 790 3347 852 3400; x_wconf 89' lang='grc' dir='ltr'><strong>τὸ</strong></span> <span class='ocrx_word' id='word_1_458' title='bbox 879 3347 972 3401; x_wconf 83' lang='grc' dir='ltr'><strong>τὸν</strong></span> <span class='ocrx_word' id='word_1_459' title='bbox 1005 3347 1196 3401; x_wconf 84' lang='grc' dir='ltr'><strong>Νεῖλον</strong></span> <span class='ocrx_word' id='word_1_460' title='bbox 1222 3349 1322 3420; x_wconf 73' lang='grc' dir='ltr'><strong>τὴν</strong></span> <span class='ocrx_word' id='word_1_461' title='bbox 1354 3353 1534 3408; x_wconf 82' lang='grc' dir='ltr'><strong>αὐτῶν</strong></span> <span class='ocrx_word' id='word_1_462' title='bbox 1561 3359 1762 3429; x_wconf 74' lang='grc' dir='ltr'><strong>καταρ-</strong></span> 
     </span>
    </p>
   </div>
   <div class='ocr_carea' id='block_1_66' title="bbox 168 3437 1759 3512">
    <p class='ocr_par' dir='ltr' id='par_1_66' title="bbox 168 3437 1759 3512">
     <span class='ocr_line' id='line_1_66' title="bbox 168 3437 1759 3512; baseline 0.006 -22"><span class='ocrx_word' id='word_1_463' title='bbox 168 3438 331 3491; x_wconf 86' lang='grc' dir='ltr'><strong>δοντα</strong></span> <span class='ocrx_word' id='word_1_464' title='bbox 367 3437 572 3511; x_wconf 82' lang='grc' dir='ltr'><strong>χώραν,</strong></span> <span class='ocrx_word' id='word_1_465' title='bbox 608 3439 860 3510; x_wconf 86' lang='grc' dir='ltr'><strong>συγχέειν</strong></span> <span class='ocrx_word' id='word_1_466' title='bbox 897 3441 966 3494; x_wconf 78' lang='grc' dir='ltr'><strong>τὰ</strong></span> <span class='ocrx_word' id='word_1_467' title='bbox 1019 3443 1120 3512; x_wconf 80' lang='grc' dir='ltr'><strong>τῆς</strong></span> <span class='ocrx_word' id='word_1_468' title='bbox 1163 3443 1482 3510; x_wconf 82' lang='grc' dir='ltr'><strong>δεσποτείας</strong></span> <span class='ocrx_word' id='word_1_469' title='bbox 1531 3447 1759 3502; x_wconf 78' lang='grc' dir='ltr'><strong>ἑκάστου</strong></span> 
     </span>
    </p>
   </div>
   <div class='ocr_carea' id='block_1_67' title="bbox 171 3531 1757 3612">
    <p class='ocr_par' dir='ltr' id='par_1_67' title="bbox 171 3531 1757 3612">
     <span class='ocr_line' id='line_1_67' title="bbox 171 3531 1757 3612; baseline 0.008 -29"><span class='ocrx_word' id='word_1_470' title='bbox 171 3531 564 3603; x_wconf 75' lang='grc' dir='ltr'><strong>γνωρίσματαο</strong></span> <span class='ocrx_word' id='word_1_471' title='bbox 633 3532 973 3604; x_wconf 79' lang='grc' dir='ltr'><strong>διαιροῦντες</strong></span> <span class='ocrx_word' id='word_1_472' title='bbox 1020 3533 1113 3590; x_wconf 79' lang='grc' dir='ltr'><strong>οὖν</strong></span> <span class='ocrx_word' id='word_1_473' title='bbox 1155 3537 1414 3602; x_wconf 77' lang='grc' dir='ltr'><strong>πολλάκις</strong></span> <span class='ocrx_word' id='word_1_474' title='bbox 1478 3539 1577 3612; x_wconf 77' lang='grc' dir='ltr'><strong>τὴν</strong></span> <span class='ocrx_word' id='word_1_475' title='bbox 1635 3541 1757 3612; x_wconf 81' lang='grc' dir='ltr'><strong>γῆν,</strong></span> 
     </span>
    </p>
   </div>
   <div class='ocr_carea' id='block_1_68' title="bbox 175 3623 1762 3703">
    <p class='ocr_par' dir='ltr' id='par_1_68' title="bbox 175 3623 1762 3703">
     <span class='ocr_line' id='line_1_68' title="bbox 175 3623 1762 3703; baseline 0.006 -27"><span class='ocrx_word' id='word_1_476' title='bbox 175 3623 272 3676; x_wconf 63' lang='grc' dir='ltr'><strong>καὶ⁵</strong></span> <span class='ocrx_word' id='word_1_477' title='bbox 302 3623 566 3687; x_wconf 83' lang='grc' dir='ltr'><strong>ποικίλοις</strong></span> <span class='ocrx_word' id='word_1_478' title='bbox 609 3629 1012 3696; x_wconf 79' lang='grc' dir='ltr'><strong>σχηματισμοῖς</strong></span> <span class='ocrx_word' id='word_1_479' title='bbox 1053 3627 1347 3700; x_wconf 83' lang='grc' dir='ltr'><strong>χρώμενοι,</strong></span> <span class='ocrx_word' id='word_1_480' title='bbox 1387 3631 1619 3702; x_wconf 79' lang='grc' dir='ltr'><strong>ἀρχηγοὶ</strong></span> <span class='ocrx_word' id='word_1_481' title='bbox 1660 3633 1762 3703; x_wconf 78' lang='grc' dir='ltr'><strong>τῆς</strong></span> 
     </span>
    </p>
   </div>
   <div class='ocr_carea' id='block_1_69' title="bbox 172 3715 1762 3794">
    <p class='ocr_par' dir='ltr' id='par_1_69' title="bbox 172 3715 1762 3794">
     <span class='ocr_line' id='line_1_69' title="bbox 172 3715 1762 3794; baseline 0.005 -26"><span class='ocrx_word' id='word_1_482' title='bbox 172 3715 488 3786; x_wconf 83' lang='grc' dir='ltr'><strong>ἐπιστήμης</strong></span> <span class='ocrx_word' id='word_1_483' title='bbox 525 3716 802 3782; x_wconf 84' lang='grc' dir='ltr'><strong>γεγόνασι.</strong></span> <span class='ocrx_word' id='word_1_484' title='bbox 833 3717 945 3788; x_wconf 79' lang='grc' dir='ltr'><strong>Τὴν</strong></span> <span class='ocrx_word' id='word_1_485' title='bbox 977 3717 1035 3771; x_wconf 80' lang='grc' dir='ltr'><strong>δὲ</strong></span> <span class='ocrx_word' id='word_1_486' title='bbox 1081 3723 1334 3788; x_wconf 83' lang='grc' dir='ltr'><strong>μαγείαν,</strong></span> <span class='ocrx_word' id='word_1_487' title='bbox 1376 3724 1562 3788; x_wconf 75' lang='grc' dir='ltr'><strong>φασὶν,</strong></span> <span class='ocrx_word' id='word_1_488' title='bbox 1606 3719 1762 3794; x_wconf 69' lang='grc' dir='ltr'><strong>εὗρον</strong></span> 
     </span>
    </p>
   </div>
   <div class='ocr_carea' id='block_1_70' title="bbox 172 3800 1760 3880">
    <p class='ocr_par' dir='ltr' id='par_1_70' title="bbox 172 3800 1760 3880">
     <span class='ocr_line' id='line_1_70' title="bbox 172 3800 1760 3880; baseline 0.003 -21"><span class='ocrx_word' id='word_1_489' title='bbox 172 3804 374 3874; x_wconf 81' lang='grc' dir='ltr'><strong>Μῆδοι,</strong></span> <span class='ocrx_word' id='word_1_490' title='bbox 401 3800 520 3858; x_wconf 77' lang='grc' dir='ltr'><strong>εἶτα</strong></span> <span class='ocrx_word' id='word_1_491' title='bbox 579 3804 808 3877; x_wconf 78' lang='grc' dir='ltr'><strong>Πέρσαι.</strong></span> <span class='ocrx_word' id='word_1_492' title='bbox 839 3807 1101 3876; x_wconf 55' lang='grc' dir='ltr'><strong>Διαχιέρει</strong></span> <span class='ocrx_word' id='word_1_493' title='bbox 1149 3807 1205 3860; x_wconf 83' lang='grc' dir='ltr'><strong>δὲ</strong></span> <span class='ocrx_word' id='word_1_494' title='bbox 1253 3809 1456 3878; x_wconf 80' lang='grc' dir='ltr'><strong>μαγεία</strong></span> <span class='ocrx_word' id='word_1_495' title='bbox 1485 3810 1760 3880; x_wconf 82' lang='grc' dir='ltr'><strong>γοητείας,</strong></span> 
     </span>
    </p>
   </div>
   <div class='ocr_carea' id='block_1_71' title="bbox 173 3885 1760 3972">
    <p class='ocr_par' dir='ltr' id='par_1_71' title="bbox 173 3885 1760 3972">
     <span class='ocr_line' id='line_1_71' title="bbox 173 3885 1760 3972; baseline 0.003 -22"><span class='ocrx_word' id='word_1_496' title='bbox 173 3897 271 3972; x_wconf 77' lang='grc' dir='ltr'><strong>καὶ</strong></span> <span class='ocrx_word' id='word_1_497' title='bbox 295 3895 518 3966; x_wconf 88' lang='grc' dir='ltr'><strong>γοητεία</strong></span> <span class='ocrx_word' id='word_1_498' title='bbox 541 3897 890 3966; x_wconf 79' lang='grc' dir='ltr'><strong>φαρμακείας</strong></span> <span class='ocrx_word' id='word_1_499' title='bbox 925 3885 1175 3960; x_wconf 71' lang='grc' dir='ltr'><strong>τούτοις·</strong></span> <span class='ocrx_word' id='word_1_500' title='bbox 1211 3899 1294 3951; x_wconf 81' lang='grc' dir='ltr'><strong>δτι</strong></span> <span class='ocrx_word' id='word_1_501' title='bbox 1329 3901 1361 3970; x_wconf 79' lang='grc' dir='ltr'><strong>ἠ</strong></span> <span class='ocrx_word' id='word_1_502' title='bbox 1397 3901 1496 3970; x_wconf 85' lang='grc' dir='ltr'><strong>μὲν</strong></span> <span class='ocrx_word' id='word_1_503' title='bbox 1538 3903 1760 3970; x_wconf 83' lang='grc' dir='ltr'><strong>μαγεία,</strong></span> 
     </span>
    </p>
   </div>
   <div class='ocr_carea' id='block_1_72' title="bbox 173 3979 1762 4062">
    <p class='ocr_par' dir='ltr' id='par_1_72' title="bbox 173 3979 1762 4062">
     <span class='ocr_line' id='line_1_72' title="bbox 173 3979 1762 4062; baseline 0.003 -20"><span class='ocrx_word' id='word_1_504' title='bbox 173 3979 466 4057; x_wconf 77' lang='grc' dir='ltr'><strong>ἐπίκλησίς</strong></span> <span class='ocrx_word' id='word_1_505' title='bbox 501 3989 618 4042; x_wconf 76' lang='grc' dir='ltr'><strong>ἐστι</strong></span> <span class='ocrx_word' id='word_1_506' title='bbox 669 3989 943 4060; x_wconf 61' lang='grc' dir='ltr'><strong>δαιμόνων</strong></span> <span class='ocrx_word' id='word_1_507' title='bbox 997 3989 1366 4058; x_wconf 85' lang='grc' dir='ltr'><strong>ἀγαθοποιῶν,</strong></span> <span class='ocrx_word' id='word_1_508' title='bbox 1393 3992 1529 4062; x_wconf 85' lang='grc' dir='ltr'><strong>πρὸς</strong></span> <span class='ocrx_word' id='word_1_509' title='bbox 1555 3991 1762 4060; x_wconf 74' lang='grc' dir='ltr'><strong>ἁγαθοῦ</strong></span> 
     </span>
    </p>
   </div>
   <div class='ocr_carea' id='block_1_73' title="bbox 1861 3171 3442 3244">
    <p class='ocr_par' dir='ltr' id='par_1_73' title="bbox 1861 3171 3442 3244">
     <span class='ocr_line' id='line_1_73' title="bbox 1861 3171 3442 3244; baseline -0.003 -13"><span class='ocrx_word' id='word_1_510' title='bbox 1861 3186 1947 3232; x_wconf 75' lang='lat' dir='ltr'><strong>est</strong></span> <span class='ocrx_word' id='word_1_511' title='bbox 1992 3177 2170 3230; x_wconf 86' lang='lat' dir='ltr'><strong>natio.</strong></span> <span class='ocrx_word' id='word_1_512' title='bbox 2213 3175 2284 3229; x_wconf 81' lang='lat' dir='ltr'><strong>At</strong></span> <span class='ocrx_word' id='word_1_513' title='bbox 2329 3190 2460 3230; x_wconf 87' lang='lat' dir='ltr'><strong>vero</strong></span> <span class='ocrx_word' id='word_1_514' title='bbox 2507 3175 2900 3230; x_wconf 88' lang='lat' dir='ltr'><strong>astronomiam</strong></span> <span class='ocrx_word' id='word_1_515' title='bbox 2942 3174 3101 3244; x_wconf 88' lang='lat' dir='ltr'><strong>primi</strong></span> <span class='ocrx_word' id='word_1_516' title='bbox 3155 3171 3442 3244; x_wconf 83' lang='lat' dir='ltr'><strong>Babylonii</strong></span> 
     </span>
    </p>
   </div>
   <div class='ocr_carea' id='block_1_74' title="bbox 1861 3265 3443 3340">
    <p class='ocr_par' dir='ltr' id='par_1_74' title="bbox 1861 3265 3443 3340">
     <span class='ocr_line' id='line_1_74' title="bbox 1861 3265 3443 3340; baseline -0.005 -15"><span class='ocrx_word' id='word_1_517' title='bbox 1861 3287 1956 3340; x_wconf 89' lang='lat' dir='ltr'><strong>per</strong></span> <span class='ocrx_word' id='word_1_518' title='bbox 1997 3269 2356 3324; x_wconf 86' lang='lat' dir='ltr'><strong>Zoroastrum</strong></span> <span class='ocrx_word' id='word_1_519' title='bbox 2399 3269 2681 3324; x_wconf 81' lang='lat' dir='ltr'><strong>invenisse</strong></span> <span class='ocrx_word' id='word_1_520' title='bbox 2725 3268 3007 3322; x_wconf 81' lang='lat' dir='ltr'><strong>dicuntur.</strong></span> <span class='ocrx_word' id='word_1_521' title='bbox 3036 3265 3278 3320; x_wconf 78' lang='lat' dir='ltr'><strong>Proximi</strong></span> <span class='ocrx_word' id='word_1_522' title='bbox 3318 3281 3443 3320; x_wconf 85' lang='lat' dir='ltr'><strong>eam</strong></span> 
     </span>
    </p>
   </div>
   <div class='ocr_carea' id='block_1_75' title="bbox 1859 3358 3443 3434">
    <p class='ocr_par' dir='ltr' id='par_1_75' title="bbox 1859 3358 3443 3434">
     <span class='ocr_line' id='line_1_75' title="bbox 1859 3358 3443 3434; baseline -0.008 -14"><span class='ocrx_word' id='word_1_523' title='bbox 1859 3370 2192 3434; x_wconf 83' lang='lat' dir='ltr'><strong>exceperunt</strong></span> <span class='ocrx_word' id='word_1_524' title='bbox 2209 3361 2477 3432; x_wconf 63' lang='lat' dir='ltr'><strong>Egyptii,</strong></span> <span class='ocrx_word' id='word_1_525' title='bbox 2503 3376 2568 3417; x_wconf 82' lang='lat' dir='ltr'><strong>ex</strong></span> <span class='ocrx_word' id='word_1_526' title='bbox 2595 3361 2966 3415; x_wconf 88' lang='lat' dir='ltr'><strong>immensitate</strong></span> <span class='ocrx_word' id='word_1_527' title='bbox 3007 3367 3170 3414; x_wconf 74' lang='lat' dir='ltr'><strong>terra:</strong></span> <span class='ocrx_word' id='word_1_528' title='bbox 3201 3365 3254 3412; x_wconf 89' lang='lat' dir='ltr'><strong>et</strong></span> <span class='ocrx_word' id='word_1_529' title='bbox 3293 3358 3443 3411; x_wconf 80' lang='lat' dir='ltr'><strong>loco-</strong></span> 
     </span>
    </p>
   </div>
   <div class='ocr_carea' id='block_1_76' title="bbox 1864 3449 3441 3524">
    <p class='ocr_par' dir='ltr' id='par_1_76' title="bbox 1864 3449 3441 3524">
     <span class='ocr_line' id='line_1_76' title="bbox 1864 3449 3441 3524; baseline -0.004 -15"><span class='ocrx_word' id='word_1_530' title='bbox 1864 3471 1982 3509; x_wconf 91' lang='lat' dir='ltr'><strong>rum</strong></span> <span class='ocrx_word' id='word_1_531' title='bbox 2025 3453 2400 3509; x_wconf 84' lang='lat' dir='ltr'><strong>divisionibus</strong></span> <span class='ocrx_word' id='word_1_532' title='bbox 2447 3453 2602 3524; x_wconf 91' lang='lat' dir='ltr'><strong>prius</strong></span> <span class='ocrx_word' id='word_1_533' title='bbox 2644 3453 2844 3517; x_wconf 76' lang='lat' dir='ltr'><strong>edocti,</strong></span> <span class='ocrx_word' id='word_1_534' title='bbox 2874 3460 3040 3522; x_wconf 82' lang='lat' dir='ltr'><strong>atque</strong></span> <span class='ocrx_word' id='word_1_535' title='bbox 3068 3451 3142 3504; x_wconf 88' lang='lat' dir='ltr'><strong>ita</strong></span> <span class='ocrx_word' id='word_1_536' title='bbox 3183 3449 3252 3503; x_wconf 86' lang='lat' dir='ltr'><strong>ad</strong></span> <span class='ocrx_word' id='word_1_537' title='bbox 3297 3449 3441 3504; x_wconf 88' lang='lat' dir='ltr'><strong>scri-</strong></span> 
     </span>
    </p>
   </div>
   <div class='ocr_carea' id='block_1_77' title="bbox 1862 3543 3440 3617">
    <p class='ocr_par' dir='ltr' id='par_1_77' title="bbox 1862 3543 3440 3617">
     <span class='ocr_line' id='line_1_77' title="bbox 1862 3543 3440 3617; baseline -0.006 -14"><span class='ocrx_word' id='word_1_538' title='bbox 1862 3547 2100 3603; x_wconf 79' lang='lat' dir='ltr'><strong>bendum</strong></span> <span class='ocrx_word' id='word_1_539' title='bbox 2154 3547 2402 3602; x_wconf 88' lang='lat' dir='ltr'><strong>adducti.</strong></span> <span class='ocrx_word' id='word_1_540' title='bbox 2451 3545 2571 3601; x_wconf 75' lang='lat' dir='ltr'><strong>lam</strong></span> <span class='ocrx_word' id='word_1_541' title='bbox 2622 3547 2856 3617; x_wconf 78' lang='lat' dir='ltr'><strong>magiam</strong></span> <span class='ocrx_word' id='word_1_542' title='bbox 2898 3543 3041 3599; x_wconf 79' lang='lat' dir='ltr'><strong>Medi</strong></span> <span class='ocrx_word' id='word_1_543' title='bbox 3092 3543 3440 3598; x_wconf 85' lang='lat' dir='ltr'><strong>invenerunt.</strong></span> 
     </span>
    </p>
   </div>
   <div class='ocr_carea' id='block_1_78' title="bbox 1865 3635 3434 3710">
    <p class='ocr_par' dir='ltr' id='par_1_78' title="bbox 1865 3635 3434 3710">
     <span class='ocr_line' id='line_1_78' title="bbox 1865 3635 3434 3710; baseline -0.001 -20"><span class='ocrx_word' id='word_1_544' title='bbox 1865 3637 2054 3694; x_wconf 80' lang='lat' dir='ltr'><strong>Dil&#39;fert</strong></span> <span class='ocrx_word' id='word_1_545' title='bbox 2077 3645 2260 3692; x_wconf 87' lang='lat' dir='ltr'><strong>autem</strong></span> <span class='ocrx_word' id='word_1_546' title='bbox 2287 3639 2464 3708; x_wconf 79' lang='lat' dir='ltr'><strong>magia</strong></span> <span class='ocrx_word' id='word_1_547' title='bbox 2489 3653 2518 3692; x_wconf 91' lang='lat' dir='ltr'><strong>a</strong></span> <span class='ocrx_word' id='word_1_548' title='bbox 2540 3638 2741 3710; x_wconf 78' lang='lat' dir='ltr'><strong>goetia,</strong></span> <span class='ocrx_word' id='word_1_549' title='bbox 2758 3645 2812 3691; x_wconf 89' lang='lat' dir='ltr'><strong>et</strong></span> <span class='ocrx_word' id='word_1_550' title='bbox 2835 3638 3014 3708; x_wconf 80' lang='lat' dir='ltr'><strong>goetia</strong></span> <span class='ocrx_word' id='word_1_551' title='bbox 3042 3651 3072 3690; x_wconf 89' lang='lat' dir='ltr'><strong>a</strong></span> <span class='ocrx_word' id='word_1_552' title='bbox 3097 3635 3434 3706; x_wconf 85' lang='lat' dir='ltr'><strong>pharmacia.</strong></span> 
     </span>
    </p>
   </div>
   <div class='ocr_carea' id='block_1_79' title="bbox 1863 3727 3447 3800">
    <p class='ocr_par' dir='ltr' id='par_1_79' title="bbox 1863 3727 3447 3800">
     <span class='ocr_line' id='line_1_79' title="bbox 1863 3727 3447 3800; baseline -0.004 -16"><span class='ocrx_word' id='word_1_553' title='bbox 1863 3730 2038 3800; x_wconf 82' lang='lat' dir='ltr'><strong>Magia</strong></span> <span class='ocrx_word' id='word_1_554' title='bbox 2072 3730 2218 3786; x_wconf 87' lang='lat' dir='ltr'><strong>enim</strong></span> <span class='ocrx_word' id='word_1_555' title='bbox 2261 3739 2347 3786; x_wconf 83' lang='lat' dir='ltr'><strong>est</strong></span> <span class='ocrx_word' id='word_1_556' title='bbox 2391 3730 2662 3783; x_wconf 85' lang='lat' dir='ltr'><strong>bonorum</strong></span> <span class='ocrx_word' id='word_1_557' title='bbox 2703 3729 3013 3783; x_wconf 64' lang='lat' dir='ltr'><strong>daemonum</strong></span> <span class='ocrx_word' id='word_1_558' title='bbox 3061 3729 3126 3782; x_wconf 86' lang='lat' dir='ltr'><strong>ad</strong></span> <span class='ocrx_word' id='word_1_559' title='bbox 3170 3727 3298 3782; x_wconf 91' lang='lat' dir='ltr'><strong>boni</strong></span> <span class='ocrx_word' id='word_1_560' title='bbox 3346 3741 3447 3780; x_wconf 85' lang='lat' dir='ltr'><strong>ett-</strong></span> 
     </span>
    </p>
   </div>
   <div class='ocr_carea' id='block_1_80' title="bbox 1859 3819 3442 3894">
    <p class='ocr_par' dir='ltr' id='par_1_80' title="bbox 1859 3819 3442 3894">
     <span class='ocr_line' id='line_1_80' title="bbox 1859 3819 3442 3894; baseline -0.002 -17"><span class='ocrx_word' id='word_1_561' title='bbox 1859 3823 2100 3894; x_wconf 87' lang='lat' dir='ltr'><strong>jnspiam</strong></span> <span class='ocrx_word' id='word_1_562' title='bbox 2117 3823 2560 3878; x_wconf 83' lang='lat' dir='ltr'><strong>conciliationem</strong></span> <span class='ocrx_word' id='word_1_563' title='bbox 2579 3829 2634 3877; x_wconf 90' lang='lat' dir='ltr'><strong>et</strong></span> <span class='ocrx_word' id='word_1_564' title='bbox 2650 3821 3126 3876; x_wconf 82' lang='lat' dir='ltr'><strong>conservationem</strong></span> <span class='ocrx_word' id='word_1_565' title='bbox 3149 3819 3442 3875; x_wconf 82' lang='lat' dir='ltr'><strong>invocatio:</strong></span> 
     </span>
    </p>
   </div>
   <div class='ocr_carea' id='block_1_81' title="bbox 1863 3911 3448 3985">
    <p class='ocr_par' dir='ltr' id='par_1_81' title="bbox 1863 3911 3448 3985">
     <span class='ocr_line' id='line_1_81' title="bbox 1863 3911 3448 3985; baseline -0.001 -17"><span class='ocrx_word' id='word_1_566' title='bbox 1863 3914 2324 3985; x_wconf 86' lang='lat' dir='ltr'><strong>quemadmodum</strong></span> <span class='ocrx_word' id='word_1_567' title='bbox 2370 3913 2645 3984; x_wconf 82' lang='lat' dir='ltr'><strong>Apollonii</strong></span> <span class='ocrx_word' id='word_1_568' title='bbox 2695 3911 2901 3985; x_wconf 86' lang='lat' dir='ltr'><strong>Tyanei</strong></span> <span class='ocrx_word' id='word_1_569' title='bbox 2938 3912 3198 3966; x_wconf 86' lang='lat' dir='ltr'><strong>vaticinia</strong></span> <span class='ocrx_word' id='word_1_570' title='bbox 3234 3912 3307 3966; x_wconf 91' lang='lat' dir='ltr'><strong>ob</strong></span> <span class='ocrx_word' id='word_1_571' title='bbox 3345 3912 3448 3966; x_wconf 81' lang='lat' dir='ltr'><strong>bo-</strong></span> 
     </span>
    </p>
   </div>
   <div class='ocr_carea' id='block_1_82' title="bbox 1867 4002 3444 4062">
    <p class='ocr_par' dir='ltr' id='par_1_82' title="bbox 1867 4002 3444 4062">
     <span class='ocr_line' id='line_1_82' title="bbox 1867 4002 3444 4062; baseline -0.003 0"><span class='ocrx_word' id='word_1_572' title='bbox 1867 4023 1996 4062; x_wconf 90' lang='lat' dir='ltr'><strong>num</strong></span> <span class='ocrx_word' id='word_1_573' title='bbox 2043 4008 2392 4062; x_wconf 77' lang='lat' dir='ltr'><strong>exstiterunt.</strong></span> <span class='ocrx_word' id='word_1_574' title='bbox 2441 4003 2631 4060; x_wconf 88' lang='lat' dir='ltr'><strong>Goetia</strong></span> <span class='ocrx_word' id='word_1_575' title='bbox 2677 4012 2860 4060; x_wconf 88' lang='lat' dir='ltr'><strong>autem</strong></span> <span class='ocrx_word' id='word_1_576' title='bbox 2903 4013 2990 4060; x_wconf 80' lang='lat' dir='ltr'><strong>est</strong></span> <span class='ocrx_word' id='word_1_577' title='bbox 3030 4003 3302 4057; x_wconf 87' lang='lat' dir='ltr'><strong>malorum</strong></span> <span class='ocrx_word' id='word_1_578' title='bbox 3331 4002 3444 4057; x_wconf 68' lang='lat' dir='ltr'><strong>da:-</strong></span> 
     </span>
    </p>
   </div>
   <div class='ocr_carea' id='block_1_83' title="bbox 172 4063 1778 4165">
    <p class='ocr_par' dir='ltr' id='par_1_83' title="bbox 172 4063 1768 4152">
     <span class='ocr_line' id='line_1_83' title="bbox 172 4063 1768 4152; baseline 0.002 -17"><span class='ocrx_word' id='word_1_579' title='bbox 172 4098 322 4144; x_wconf 84' lang='grc' dir='ltr'><strong>τινος</strong></span> <span class='ocrx_word' id='word_1_580' title='bbox 353 4081 613 4134; x_wconf 85' lang='grc' dir='ltr'><strong>σύστασιν</strong></span> <span class='ocrx_word' id='word_1_581' title='bbox 641 4099 654 4111; x_wconf 88' lang='grc'><strong>·</strong></span> <span class='ocrx_word' id='word_1_582' title='bbox 687 4063 876 4152; x_wconf 71' lang='grc' dir='ltr'><strong>ὥσπερ</strong></span> <span class='ocrx_word' id='word_1_583' title='bbox 906 4081 974 4136; x_wconf 80' lang='grc' dir='ltr'><strong>τὰ</strong></span> <span class='ocrx_word' id='word_1_584' title='bbox 993 4082 1089 4135; x_wconf 82' lang='grc' dir='ltr'><strong>τοῦ</strong></span> <span class='ocrx_word' id='word_1_585' title='bbox 1127 4083 1485 4137; x_wconf 86' lang='grc' dir='ltr'><strong>Ἀπολλωνίου</strong></span> <span class='ocrx_word' id='word_1_586' title='bbox 1511 4085 1768 4150; x_wconf 77' lang='grc' dir='ltr'><strong>Τυανέως</strong></span> 
     </span>
    </p>
   </div>
   <div class='ocr_carea' id='block_1_84' title="bbox 1865 4063 3446 4165">
    <p class='ocr_par' dir='ltr' id='par_1_84' title="bbox 1865 4091 3446 4165">
     <span class='ocr_line' id='line_1_84' title="bbox 1865 4091 3446 4165; baseline -0.005 -13"><span class='ocrx_word' id='word_1_587' title='bbox 1865 4113 2088 4152; x_wconf 85' lang='lat' dir='ltr'><strong>menum</strong></span> <span class='ocrx_word' id='word_1_588' title='bbox 2126 4096 2274 4152; x_wconf 87' lang='lat' dir='ltr'><strong>circa</strong></span> <span class='ocrx_word' id='word_1_589' title='bbox 2321 4095 2573 4165; x_wconf 86' lang='lat' dir='ltr'><strong>sepulcra</strong></span> <span class='ocrx_word' id='word_1_590' title='bbox 2615 4110 2743 4150; x_wconf 86' lang='lat' dir='ltr'><strong>sese</strong></span> <span class='ocrx_word' id='word_1_591' title='bbox 2782 4093 3146 4148; x_wconf 88' lang='lat' dir='ltr'><strong>volutantium</strong></span> <span class='ocrx_word' id='word_1_592' title='bbox 3193 4091 3262 4146; x_wconf 87' lang='lat' dir='ltr'><strong>ad</strong></span> <span class='ocrx_word' id='word_1_593' title='bbox 3317 4091 3446 4145; x_wconf 89' lang='lat' dir='ltr'><strong>mali</strong></span> 
     </span>
    </p>
   </div>
   <div class='ocr_carea' id='block_1_85' title="bbox 174 4161 1778 4260">
    <p class='ocr_par' dir='ltr' id='par_1_85' title="bbox 174 4161 1762 4246">
     <span class='ocr_line' id='line_1_85' title="bbox 174 4161 1762 4246; baseline 0.004 -21"><span class='ocrx_word' id='word_1_594' title='bbox 174 4172 530 4242; x_wconf 85' lang='grc' dir='ltr'><strong>θεσπίσματα</strong></span> <span class='ocrx_word' id='word_1_595' title='bbox 555 4171 624 4226; x_wconf 87' lang='grc' dir='ltr'><strong>δι’</strong></span> <span class='ocrx_word' id='word_1_596' title='bbox 677 4161 883 4241; x_wconf 71' lang='grc' dir='ltr'><strong>ἀγαθὸν</strong></span> <span class='ocrx_word' id='word_1_597' title='bbox 922 4173 1206 4242; x_wconf 85' lang='grc' dir='ltr'><strong>γεγόνασι.</strong></span> <span class='ocrx_word' id='word_1_598' title='bbox 1253 4175 1484 4246; x_wconf 87' lang='grc' dir='ltr'><strong>Γοητεία</strong></span> <span class='ocrx_word' id='word_1_599' title='bbox 1512 4175 1571 4230; x_wconf 86' lang='grc' dir='ltr'><strong>δέ</strong></span> <span class='ocrx_word' id='word_1_600' title='bbox 1615 4179 1762 4231; x_wconf 80' lang='grc' dir='ltr'><strong>ἐστιν</strong></span> 
     </span>
    </p>
   </div>
   <div class='ocr_carea' id='block_1_86' title="bbox 1865 4161 3444 4260">
    <p class='ocr_par' dir='ltr' id='par_1_86' title="bbox 1867 4183 3444 4260">
     <span class='ocr_line' id='line_1_86' title="bbox 1867 4183 3444 4260; baseline -0.004 -17"><span class='ocrx_word' id='word_1_601' title='bbox 1867 4189 2101 4260; x_wconf 73' lang='lat' dir='ltr'><strong>alicujus</strong></span> <span class='ocrx_word' id='word_1_602' title='bbox 2155 4187 2600 4258; x_wconf 87' lang='lat' dir='ltr'><strong>procurationem</strong></span> <span class='ocrx_word' id='word_1_603' title='bbox 2656 4186 2956 4257; x_wconf 87' lang='lat' dir='ltr'><strong>invocatio.</strong></span> <span class='ocrx_word' id='word_1_604' title='bbox 3005 4183 3202 4238; x_wconf 87' lang='lat' dir='ltr'><strong>Goetia</strong></span> <span class='ocrx_word' id='word_1_605' title='bbox 3261 4191 3444 4238; x_wconf 89' lang='lat' dir='ltr'><strong>autem</strong></span> 
     </span>
    </p>
   </div>
   <div class='ocr_carea' id='block_1_87' title="bbox 175 4265 3444 4354">
    <p class='ocr_par' dir='ltr' id='par_1_87' title="bbox 175 4265 3444 4354">
     <span class='ocr_line' id='line_1_87' title="bbox 175 4265 3444 4354; baseline -0.001 -25"><span class='ocrx_word' id='word_1_606' title='bbox 175 4265 469 4338; x_wconf 74' lang='grc' dir='ltr'><strong>ἐπίκλησις</strong></span> <span class='ocrx_word' id='word_1_607' title='bbox 505 4265 776 4354; x_wconf 61' lang='grc' dir='ltr'><strong>δαιμόνων</strong></span> <span class='ocrx_word' id='word_1_608' title='bbox 803 4266 1150 4331; x_wconf 80' lang='grc' dir='ltr'><strong>κακοποιῶν,</strong></span> <span class='ocrx_word' id='word_1_609' title='bbox 1213 4269 1342 4340; x_wconf 74' lang='grc' dir='ltr'><strong>περὶ</strong></span> <span class='ocrx_word' id='word_1_610' title='bbox 1385 4269 1512 4332; x_wconf 80' lang='grc' dir='ltr'><strong>τοὺς</strong></span> <span class='ocrx_word' id='word_1_611' title='bbox 1537 4269 1764 4354; x_wconf 63' lang='grc' dir='ltr'><strong>¹τάφους</strong></span> <span class='ocrx_word' id='word_1_612' title='bbox 1866 4281 2012 4336; x_wconf 85' lang='lat' dir='ltr'><strong>dicta</strong></span> <span class='ocrx_word' id='word_1_613' title='bbox 2041 4290 2126 4335; x_wconf 86' lang='lat' dir='ltr'><strong>est.</strong></span> <span class='ocrx_word' id='word_1_614' title='bbox 2158 4278 2267 4332; x_wconf 77' lang='grc' dir='ltr'><strong>ἀπὸ</strong></span> <span class='ocrx_word' id='word_1_615' title='bbox 2307 4275 2420 4332; x_wconf 83' lang='grc' dir='ltr'><strong>τῶν</strong></span> <span class='ocrx_word' id='word_1_616' title='bbox 2457 4277 2600 4346; x_wconf 84' lang='grc' dir='ltr'><strong>γόων</strong></span> <span class='ocrx_word' id='word_1_617' title='bbox 2641 4275 2738 4328; x_wconf 75' lang='grc' dir='ltr'><strong>καὶ</strong></span> <span class='ocrx_word' id='word_1_618' title='bbox 2775 4274 2882 4328; x_wconf 85' lang='grc' dir='ltr'><strong>τῶν</strong></span> <span class='ocrx_word' id='word_1_619' title='bbox 2927 4275 3160 4345; x_wconf 80' lang='grc' dir='ltr'><strong>θρήνων,</strong></span> <span class='ocrx_word' id='word_1_620' title='bbox 3193 4272 3245 4326; x_wconf 91' lang='lat' dir='ltr'><strong>id</strong></span> <span class='ocrx_word' id='word_1_621' title='bbox 3275 4279 3380 4335; x_wconf 85' lang='lat' dir='ltr'><strong>est,</strong></span> <span class='ocrx_word' id='word_1_622' title='bbox 3413 4287 3444 4325; x_wconf 84' lang='lat' dir='ltr'><strong>a</strong></span> 
     </span>
    </p>
   </div>
   <div class='ocr_carea' id='block_1_88' title="bbox 174 4353 1765 4434">
    <p class='ocr_par' dir='ltr' id='par_1_88' title="bbox 174 4353 1765 4434">
     <span class='ocr_line' id='line_1_88' title="bbox 174 4353 1765 4434; baseline 0.003 -23"><span class='ocrx_word' id='word_1_623' title='bbox 174 4353 558 4427; x_wconf 82' lang='grc' dir='ltr'><strong>είλουμένων,⁶</strong></span> <span class='ocrx_word' id='word_1_624' title='bbox 585 4359 679 4411; x_wconf 76' lang='grc' dir='ltr'><strong>ἐπὶ</strong></span> <span class='ocrx_word' id='word_1_625' title='bbox 718 4357 890 4412; x_wconf 88' lang='grc' dir='ltr'><strong>κακοῦ</strong></span> <span class='ocrx_word' id='word_1_626' title='bbox 938 4376 1081 4423; x_wconf 86' lang='grc' dir='ltr'><strong>τινος</strong></span> <span class='ocrx_word' id='word_1_627' title='bbox 1143 4361 1430 4414; x_wconf 70' lang='grc' dir='ltr'><strong>σύστασιν*</strong></span> <span class='ocrx_word' id='word_1_628' title='bbox 1461 4353 1683 4434; x_wconf 86' lang='grc' dir='ltr'><strong>γοητεία</strong></span> <span class='ocrx_word' id='word_1_629' title='bbox 1709 4363 1765 4416; x_wconf 83' lang='grc' dir='ltr'><strong>δὲ</strong></span> 
     </span>
    </p>
   </div>
   <div class='ocr_carea' id='block_1_89' title="bbox 1867 4365 3443 4438">
    <p class='ocr_par' dir='ltr' id='par_1_89' title="bbox 1867 4365 3443 4438">
     <span class='ocr_line' id='line_1_89' title="bbox 1867 4365 3443 4438; baseline -0.003 -14"><span class='ocrx_word' id='word_1_630' title='bbox 1867 4371 2206 4426; x_wconf 82' lang='lat' dir='ltr'><strong>clamoribus</strong></span> <span class='ocrx_word' id='word_1_631' title='bbox 2227 4379 2283 4426; x_wconf 87' lang='lat' dir='ltr'><strong>et.</strong></span> <span class='ocrx_word' id='word_1_632' title='bbox 2305 4370 2571 4435; x_wconf 89' lang='lat' dir='ltr'><strong>luctibus,</strong></span> <span class='ocrx_word' id='word_1_633' title='bbox 2595 4367 2688 4438; x_wconf 91' lang='lat' dir='ltr'><strong>qui</strong></span> <span class='ocrx_word' id='word_1_634' title='bbox 2721 4367 2868 4422; x_wconf 87' lang='lat' dir='ltr'><strong>circa</strong></span> <span class='ocrx_word' id='word_1_635' title='bbox 2895 4366 3146 4434; x_wconf 88' lang='lat' dir='ltr'><strong>sepulcra</strong></span> <span class='ocrx_word' id='word_1_636' title='bbox 3180 4365 3443 4419; x_wconf 87' lang='lat' dir='ltr'><strong>eduntur.</strong></span> 
     </span>
    </p>
   </div>
   <div class='ocr_carea' id='block_1_90' title="bbox 174 4449 1778 4526">
    <p class='ocr_par' dir='ltr' id='par_1_90' title="bbox 174 4449 1765 4526">
     <span class='ocr_line' id='line_1_90' title="bbox 174 4449 1765 4526; baseline 0.004 -24"><span class='ocrx_word' id='word_1_637' title='bbox 174 4449 414 4521; x_wconf 75' lang='grc' dir='ltr'><strong>ηκουσεν</strong></span> <span class='ocrx_word' id='word_1_638' title='bbox 463 4451 572 4502; x_wconf 82' lang='grc' dir='ltr'><strong>ἀπὸ</strong></span> <span class='ocrx_word' id='word_1_639' title='bbox 633 4449 741 4503; x_wconf 85' lang='grc' dir='ltr'><strong>τῶν</strong></span> <span class='ocrx_word' id='word_1_640' title='bbox 793 4449 936 4519; x_wconf 80' lang='grc' dir='ltr'><strong>γόων</strong></span> <span class='ocrx_word' id='word_1_641' title='bbox 977 4452 1072 4504; x_wconf 74' lang='grc' dir='ltr'><strong>καὶ</strong></span> <span class='ocrx_word' id='word_1_642' title='bbox 1107 4451 1216 4505; x_wconf 83' lang='grc' dir='ltr'><strong>τῶν</strong></span> <span class='ocrx_word' id='word_1_643' title='bbox 1257 4451 1471 4524; x_wconf 84' lang='grc' dir='ltr'><strong>θρήνων</strong></span> <span class='ocrx_word' id='word_1_644' title='bbox 1493 4453 1603 4508; x_wconf 87' lang='grc' dir='ltr'><strong>τῶν</strong></span> <span class='ocrx_word' id='word_1_645' title='bbox 1639 4458 1765 4526; x_wconf 69' lang='grc' dir='ltr'><strong>περὶ</strong></span> 
     </span>
    </p>
   </div>
   <div class='ocr_carea' id='block_1_91' title="bbox 1865 4449 3447 4526">
    <p class='ocr_par' dir='ltr' id='par_1_91' title="bbox 1866 4453 3447 4524">
     <span class='ocr_line' id='line_1_91' title="bbox 1866 4453 3447 4524; baseline -0.004 -9"><span class='ocrx_word' id='word_1_646' title='bbox 1866 4461 2190 4515; x_wconf 79' lang='lat' dir='ltr'><strong>Pliarmacia</strong></span> <span class='ocrx_word' id='word_1_647' title='bbox 2247 4467 2429 4514; x_wconf 89' lang='lat' dir='ltr'><strong>autem</strong></span> <span class='ocrx_word' id='word_1_648' title='bbox 2487 4463 2592 4522; x_wconf 87' lang='lat' dir='ltr'><strong>est,</strong></span> <span class='ocrx_word' id='word_1_649' title='bbox 2645 4471 2769 4512; x_wconf 93' lang='lat' dir='ltr'><strong>cum</strong></span> <span class='ocrx_word' id='word_1_650' title='bbox 2825 4455 3117 4510; x_wconf 80' lang='lat' dir='ltr'><strong>exitiosum</strong></span> <span class='ocrx_word' id='word_1_651' title='bbox 3172 4453 3447 4524; x_wconf 79' lang='lat' dir='ltr'><strong>quoddam</strong></span> 
     </span>
    </p>
   </div>
   <div class='ocr_carea' id='block_1_92' title="bbox 174 4541 1764 4614">
    <p class='ocr_par' dir='ltr' id='par_1_92' title="bbox 174 4541 1764 4614">
     <span class='ocr_line' id='line_1_92' title="bbox 174 4541 1764 4614; baseline 0.003 -21"><span class='ocrx_word' id='word_1_652' title='bbox 174 4541 309 4605; x_wconf 63' lang='grc' dir='ltr'><strong>τοὶς</strong></span> <span class='ocrx_word' id='word_1_653' title='bbox 331 4541 536 4607; x_wconf 80' lang='grc' dir='ltr'><strong>τάφους</strong></span> <span class='ocrx_word' id='word_1_654' title='bbox 560 4542 880 4613; x_wconf 86' lang='grc' dir='ltr'><strong>γινομένων.</strong></span> <span class='ocrx_word' id='word_1_655' title='bbox 893 4543 1217 4614; x_wconf 83' lang='grc' dir='ltr'><strong>Φαρμακεία</strong></span> <span class='ocrx_word' id='word_1_656' title='bbox 1249 4543 1328 4610; x_wconf 80' lang='grc' dir='ltr'><strong>δὲ,</strong></span> <span class='ocrx_word' id='word_1_657' title='bbox 1356 4545 1485 4600; x_wconf 82' lang='grc' dir='ltr'><strong>ὅταν</strong></span> <span class='ocrx_word' id='word_1_658' title='bbox 1505 4545 1594 4600; x_wconf 83' lang='grc' dir='ltr'><strong>διά</strong></span> <span class='ocrx_word' id='word_1_659' title='bbox 1619 4564 1764 4610; x_wconf 83' lang='grc' dir='ltr'><strong>τινος</strong></span> 
     </span>
    </p>
   </div>
   <div class='ocr_carea' id='block_1_93' title="bbox 178 4630 1767 4710">
    <p class='ocr_par' dir='ltr' id='par_1_93' title="bbox 178 4630 1767 4710">
     <span class='ocr_line' id='line_1_93' title="bbox 178 4630 1767 4710; baseline 0.005 -26"><span class='ocrx_word' id='word_1_660' title='bbox 178 4630 478 4695; x_wconf 83' lang='grc' dir='ltr'><strong>σκευασίας</strong></span> <span class='ocrx_word' id='word_1_661' title='bbox 517 4631 916 4704; x_wconf 80' lang='grc' dir='ltr'><strong>θανατηφόρου,</strong></span> <span class='ocrx_word' id='word_1_662' title='bbox 949 4634 982 4704; x_wconf 80' lang='grc' dir='ltr'><strong>ἢ</strong></span> <span class='ocrx_word' id='word_1_663' title='bbox 1022 4637 1157 4706; x_wconf 73' lang='grc' dir='ltr'><strong>πρδς</strong></span> <span class='ocrx_word' id='word_1_664' title='bbox 1189 4636 1412 4708; x_wconf 83' lang='grc' dir='ltr'><strong>φίλτρον</strong></span> <span class='ocrx_word' id='word_1_665' title='bbox 1440 4637 1578 4703; x_wconf 87' lang='grc' dir='ltr'><strong>δοίη,</strong></span> <span class='ocrx_word' id='word_1_666' title='bbox 1615 4639 1767 4710; x_wconf 76' lang='grc' dir='ltr'><strong>ἢκαὶ</strong></span> 
     </span>
    </p>
   </div>
   <div class='ocr_carea' id='block_1_94' title="bbox 175 4724 1380 4800">
    <p class='ocr_par' dir='ltr' id='par_1_94' title="bbox 175 4724 1380 4800">
     <span class='ocr_line' id='line_1_94' title="bbox 175 4724 1380 4800; baseline 0.003 -20"><span class='ocrx_word' id='word_1_667' title='bbox 175 4724 359 4788; x_wconf 69' lang='grc' dir='ltr'><strong>ἄλλως</strong></span> <span class='ocrx_word' id='word_1_668' title='bbox 381 4742 498 4788; x_wconf 82' lang='grc' dir='ltr'><strong>πως</strong></span> <span class='ocrx_word' id='word_1_669' title='bbox 521 4725 806 4797; x_wconf 79' lang='grc' dir='ltr'><strong>προσαχθῇ</strong></span> <span class='ocrx_word' id='word_1_670' title='bbox 845 4743 954 4780; x_wconf 87' lang='grc' dir='ltr'><strong>τινι</strong></span> <span class='ocrx_word' id='word_1_671' title='bbox 973 4725 1063 4780; x_wconf 81' lang='grc' dir='ltr'><strong>διὰ</strong></span> <span class='ocrx_word' id='word_1_672' title='bbox 1093 4729 1380 4800; x_wconf 78' lang='grc' dir='ltr'><strong>πόματος.</strong></span> 
     </span>
    </p>
   </div>
   <div class='ocr_carea' id='block_1_95' title="bbox 495 4817 1446 4890">
    <p class='ocr_par' dir='ltr' id='par_1_95' title="bbox 495 4817 1446 4890">
     <span class='ocr_line' id='line_1_95' title="bbox 495 4817 1446 4890; baseline 0.007 -20"><span class='ocrx_word' id='word_1_673' title='bbox 495 4823 596 4870; x_wconf 84' lang='grc' dir='ltr'><strong>οα⁸.</strong></span> <span class='ocrx_word' id='word_1_674' title='bbox 633 4819 774 4884; x_wconf 78' lang='grc' dir='ltr'><strong>Περὶ</strong></span> <span class='ocrx_word' id='word_1_675' title='bbox 807 4817 917 4886; x_wconf 85' lang='grc' dir='ltr'><strong>τῆς</strong></span> <span class='ocrx_word' id='word_1_676' title='bbox 949 4820 1446 4890; x_wconf 76' lang='grc' dir='ltr'><strong>ὀνειρομαντείας.</strong></span> 
     </span>
    </p>
   </div>
   <div class='ocr_carea' id='block_1_96' title="bbox 252 4912 1764 4989">
    <p class='ocr_par' dir='ltr' id='par_1_96' title="bbox 252 4912 1764 4989">
     <span class='ocr_line' id='line_1_96' title="bbox 252 4912 1764 4989; baseline 0.005 -26"><span class='ocrx_word' id='word_1_677' title='bbox 252 4912 577 4982; x_wconf 76' lang='grc' dir='ltr'><strong>Τελμισσδς,</strong></span> <span class='ocrx_word' id='word_1_678' title='bbox 623 4913 778 4978; x_wconf 80' lang='grc' dir='ltr'><strong>πόλις</strong></span> <span class='ocrx_word' id='word_1_679' title='bbox 816 4913 934 4966; x_wconf 73' lang='grc' dir='ltr'><strong>ἐστὶ</strong></span> <span class='ocrx_word' id='word_1_680' title='bbox 978 4914 1306 4984; x_wconf 81' lang='grc' dir='ltr'><strong>Παμφυλίας</strong></span> <span class='ocrx_word' id='word_1_681' title='bbox 1331 4934 1344 4948; x_wconf 89' lang='grc'><strong>·</strong></span> <span class='ocrx_word' id='word_1_682' title='bbox 1390 4915 1529 4989; x_wconf 78' lang='grc' dir='ltr'><strong>αὕτη</strong></span> <span class='ocrx_word' id='word_1_683' title='bbox 1560 4916 1618 4969; x_wconf 81' lang='grc' dir='ltr'><strong>δὲ</strong></span> <span class='ocrx_word' id='word_1_684' title='bbox 1655 4935 1764 4970; x_wconf 84' lang='grc' dir='ltr'><strong>πα-</strong></span> 
     </span>
    </p>
   </div>
   <div class='ocr_carea' id='block_1_97' title="bbox 171 4995 1768 5084">
    <p class='ocr_par' dir='ltr' id='par_1_97' title="bbox 171 4995 1768 5084">
     <span class='ocr_line' id='line_1_97' title="bbox 171 4995 1768 5084; baseline 0.004 -24"><span class='ocrx_word' id='word_1_685' title='bbox 171 5007 443 5076; x_wconf 70' lang='grc' dir='ltr'><strong>)αιοτάτη</strong></span> <span class='ocrx_word' id='word_1_686' title='bbox 475 5007 650 5070; x_wconf 83' lang='grc' dir='ltr'><strong>πόλις·</strong></span> <span class='ocrx_word' id='word_1_687' title='bbox 676 4995 745 5078; x_wconf 76' lang='grc' dir='ltr'><strong>ἦν</strong></span> <span class='ocrx_word' id='word_1_688' title='bbox 771 5008 830 5062; x_wconf 78' lang='grc' dir='ltr'><strong>δὲ</strong></span> <span class='ocrx_word' id='word_1_689' title='bbox 863 5009 960 5062; x_wconf 78' lang='grc' dir='ltr'><strong>καὶ</strong></span> <span class='ocrx_word' id='word_1_690' title='bbox 987 5011 1081 5063; x_wconf 70' lang='grc' dir='ltr'><strong>ἐπὶ</strong></span> <span class='ocrx_word' id='word_1_691' title='bbox 1107 5010 1217 5064; x_wconf 85' lang='grc' dir='ltr'><strong>τῶν</strong></span> <span class='ocrx_word' id='word_1_692' title='bbox 1245 5011 1451 5083; x_wconf 83' lang='grc' dir='ltr'><strong>χρόνων</strong></span> <span class='ocrx_word' id='word_1_693' title='bbox 1479 5011 1573 5066; x_wconf 81' lang='grc' dir='ltr'><strong>τοῦ</strong></span> <span class='ocrx_word' id='word_1_694' title='bbox 1601 5013 1768 5084; x_wconf 82' lang='grc' dir='ltr'><strong>Κροί-</strong></span> 
     </span>
    </p>
   </div>
   <div class='ocr_carea' id='block_1_98' title="bbox 177 5092 1769 5172">
    <p class='ocr_par' dir='ltr' id='par_1_98' title="bbox 177 5092 1769 5172">
     <span class='ocr_line' id='line_1_98' title="bbox 177 5092 1769 5172; baseline 0.003 -22"><span class='ocrx_word' id='word_1_695' title='bbox 177 5115 301 5150; x_wconf 80' lang='grc' dir='ltr'><strong>σου.</strong></span> <span class='ocrx_word' id='word_1_696' title='bbox 327 5092 487 5152; x_wconf 80' lang='grc' dir='ltr'><strong>Οὗτοι</strong></span> <span class='ocrx_word' id='word_1_697' title='bbox 515 5096 766 5167; x_wconf 84' lang='grc' dir='ltr'><strong>λέγονται</strong></span> <span class='ocrx_word' id='word_1_698' title='bbox 788 5097 997 5170; x_wconf 87' lang='grc' dir='ltr'><strong>πρῶτοι</strong></span> <span class='ocrx_word' id='word_1_699' title='bbox 1026 5101 1150 5162; x_wconf 78' lang='grc' dir='ltr'><strong>τοὺς</strong></span> <span class='ocrx_word' id='word_1_700' title='bbox 1174 5101 1418 5172; x_wconf 75' lang='grc' dir='ltr'><strong>ὀνείρους</strong></span> <span class='ocrx_word' id='word_1_701' title='bbox 1439 5101 1640 5172; x_wconf 83' lang='grc' dir='ltr'><strong>εὑρεῖν,</strong></span> <span class='ocrx_word' id='word_1_702' title='bbox 1673 5103 1769 5155; x_wconf 77' lang='grc' dir='ltr'><strong>καὶ</strong></span> 
     </span>
    </p>
   </div>
   <div class='ocr_carea' id='block_1_99' title="bbox 176 5187 1768 5264">
    <p class='ocr_par' dir='ltr' id='par_1_99' title="bbox 176 5187 1768 5264">
     <span class='ocr_line' id='line_1_99' title="bbox 176 5187 1768 5264; baseline 0.002 -22"><span class='ocrx_word' id='word_1_703' title='bbox 176 5187 485 5260; x_wconf 87' lang='grc' dir='ltr'><strong>διακρίνειν</strong></span> <span class='ocrx_word' id='word_1_704' title='bbox 527 5189 595 5243; x_wconf 77' lang='grc' dir='ltr'><strong>τὰ</strong></span> <span class='ocrx_word' id='word_1_705' title='bbox 639 5189 864 5260; x_wconf 86' lang='grc' dir='ltr'><strong>τέρατα.</strong></span> <span class='ocrx_word' id='word_1_706' title='bbox 915 5189 1144 5259; x_wconf 85' lang='grc' dir='ltr'><strong>Ἔλεγον</strong></span> <span class='ocrx_word' id='word_1_707' title='bbox 1181 5189 1324 5264; x_wconf 72' lang='grc' dir='ltr'><strong>γὰρ,</strong></span> <span class='ocrx_word' id='word_1_708' title='bbox 1367 5193 1416 5246; x_wconf 88' lang='grc' dir='ltr'><strong>εί</strong></span> <span class='ocrx_word' id='word_1_709' title='bbox 1470 5193 1664 5262; x_wconf 83' lang='grc' dir='ltr'><strong>γέγονέ</strong></span> <span class='ocrx_word' id='word_1_710' title='bbox 1713 5211 1768 5247; x_wconf 89' lang='grc' dir='ltr'><strong>τι</strong></span> 
     </span>
    </p>
   </div>
   <div class='ocr_carea' id='block_1_100' title="bbox 179 5277 1768 5352">
    <p class='ocr_par' dir='ltr' id='par_1_100' title="bbox 179 5277 1768 5352">
     <span class='ocr_line' id='line_1_100' title="bbox 179 5277 1768 5352; baseline 0.004 -20"><span class='ocrx_word' id='word_1_711' title='bbox 179 5277 508 5348; x_wconf 81' lang='grc' dir='ltr'><strong>παράδοξον,</strong></span> <span class='ocrx_word' id='word_1_712' title='bbox 552 5280 635 5332; x_wconf 78' lang='grc' dir='ltr'><strong>ὅτι</strong></span> <span class='ocrx_word' id='word_1_713' title='bbox 677 5281 793 5334; x_wconf 71' lang='grc' dir='ltr'><strong>τάδε</strong></span> <span class='ocrx_word' id='word_1_714' title='bbox 841 5281 1132 5352; x_wconf 84' lang='grc' dir='ltr'><strong>σημαίνει.</strong></span> <span class='ocrx_word' id='word_1_715' title='bbox 1179 5285 1274 5338; x_wconf 74' lang='grc' dir='ltr'><strong>καὶ</strong></span> <span class='ocrx_word' id='word_1_716' title='bbox 1325 5285 1542 5349; x_wconf 81' lang='grc' dir='ltr'><strong>πάντως</strong></span> <span class='ocrx_word' id='word_1_717' title='bbox 1587 5285 1663 5348; x_wconf 84' lang='grc' dir='ltr'><strong>ὡς</strong></span> <span class='ocrx_word' id='word_1_718' title='bbox 1703 5285 1768 5339; x_wconf 79' lang='grc' dir='ltr'><strong>ἂν</strong></span> 
     </span>
    </p>
   </div>
   <div class='ocr_carea' id='block_1_101' title="bbox 179 5365 1163 5446">
    <p class='ocr_par' dir='ltr' id='par_1_101' title="bbox 179 5365 1163 5446">
     <span class='ocr_line' id='line_1_101' title="bbox 179 5365 1163 5446; baseline 0.007 -25"><span class='ocrx_word' id='word_1_719' title='bbox 179 5365 338 5429; x_wconf 74' lang='grc' dir='ltr'><strong>εἷπον</strong></span> <span class='ocrx_word' id='word_1_720' title='bbox 365 5370 678 5425; x_wconf 77' lang='grc' dir='ltr'><strong>συνέϐαινεν</strong></span> <span class='ocrx_word' id='word_1_721' title='bbox 713 5372 1028 5443; x_wconf 80' lang='grc' dir='ltr'><strong>ἐξέρχεσθαι</strong></span> 
     </span>
    </p>
   </div>
   <div class='ocr_carea' id='block_1_102' title="bbox 258 5635 1522 5715">
    <p class='ocr_par' dir='ltr' id='par_1_102' title="bbox 258 5635 1522 5715">
     <span class='ocr_line' id='line_1_102' title="bbox 258 5635 1522 5715; baseline -0.001 -17"><span class='ocrx_word' id='word_1_722' title='bbox 258 5639 336 5715; x_wconf 67' lang='grc' dir='ltr'><strong>(υ</strong></span> <span class='ocrx_word' id='word_1_723' title='bbox 474 5641 584 5715; x_wconf 71' lang='lat' dir='ltr'><strong>add</strong></span> <span class='ocrx_word' id='word_1_724' title='bbox 635 5642 730 5696; x_wconf 72' lang='grc' dir='ltr'><strong>καὶ</strong></span> <span class='ocrx_word' id='word_1_725' title='bbox 761 5641 1044 5700; x_wconf 83' lang='grc' dir='ltr'><strong>Ἐλευσῖνα</strong></span> <span class='ocrx_word' id='word_1_726' title='bbox 1081 5635 1145 5708; x_wconf 82' lang='grc' dir='ltr'><strong>(Ῑ.</strong></span> <span class='ocrx_word' id='word_1_727' title='bbox 1177 5644 1522 5715; x_wconf 75' lang='grc' dir='ltr'><strong>Ἐλευσίνια).</strong></span> 
     </span>
    </p>
   </div>
   <div class='ocr_carea' id='block_1_103' title="bbox 261 5710 720 5768">
    <p class='ocr_par' dir='ltr' id='par_1_103' title="bbox 261 5710 720 5768">
     <span class='ocr_line' id='line_1_103' title="bbox 261 5710 720 5768; baseline 0 -2"><span class='ocrx_word' id='word_1_728' title='bbox 261 5711 338 5768; x_wconf 71' lang='lat'><strong>(‘2)</strong></span> <span class='ocrx_word' id='word_1_729' title='bbox 364 5710 440 5766; x_wconf 91' lang='lat' dir='ltr'><strong>Id.</strong></span> <span class='ocrx_word' id='word_1_730' title='bbox 470 5713 720 5766; x_wconf 79' lang='grc' dir='ltr'><strong>ἐκάλεσε.</strong></span> 
     </span>
    </p>
   </div>
   <div class='ocr_carea' id='block_1_104' title="bbox 259 5781 1064 5854">
    <p class='ocr_par' dir='ltr' id='par_1_104' title="bbox 259 5781 1064 5854">
     <span class='ocr_line' id='line_1_104' title="bbox 259 5781 1064 5854; baseline 0.007 -21"><span class='ocrx_word' id='word_1_731' title='bbox 259 5782 336 5850; x_wconf 72' lang='lat'><strong>(5)</strong></span> <span class='ocrx_word' id='word_1_732' title='bbox 367 5781 466 5836; x_wconf 67' lang='lat' dir='ltr'><strong>Hs.</strong></span> <span class='ocrx_word' id='word_1_733' title='bbox 499 5798 612 5854; x_wconf 78' lang='lat' dir='ltr'><strong>reg.</strong></span> <span class='ocrx_word' id='word_1_734' title='bbox 639 5784 747 5839; x_wconf 75' lang='lat'><strong>9.56</strong></span> <span class='ocrx_word' id='word_1_735' title='bbox 777 5785 1064 5854; x_wconf 78' lang='grc' dir='ltr'><strong>αἱρέσεως.</strong></span> 
     </span>
    </p>
   </div>
   <div class='ocr_carea' id='block_1_105' title="bbox 1863 4543 3448 4616">
    <p class='ocr_par' dir='ltr' id='par_1_105' title="bbox 1863 4543 3448 4616">
     <span class='ocr_line' id='line_1_105' title="bbox 1863 4543 3448 4616; baseline -0.006 -8"><span class='ocrx_word' id='word_1_736' title='bbox 1863 4551 2324 4608; x_wconf 75' lang='lat' dir='ltr'><strong>medicamentum</strong></span> <span class='ocrx_word' id='word_1_737' title='bbox 2351 4548 2434 4602; x_wconf 88' lang='lat' dir='ltr'><strong>vel</strong></span> <span class='ocrx_word' id='word_1_738' title='bbox 2461 4547 2790 4602; x_wconf 90' lang='lat' dir='ltr'><strong>amatorium</strong></span> <span class='ocrx_word' id='word_1_739' title='bbox 2820 4545 3074 4616; x_wconf 90' lang='lat' dir='ltr'><strong>poculum</strong></span> <span class='ocrx_word' id='word_1_740' title='bbox 3107 4545 3270 4598; x_wconf 90' lang='lat' dir='ltr'><strong>alicui</strong></span> <span class='ocrx_word' id='word_1_741' title='bbox 3307 4543 3448 4598; x_wconf 88' lang='lat' dir='ltr'><strong>hau-</strong></span> 
     </span>
    </p>
   </div>
   <div class='ocr_carea' id='block_1_106' title="bbox 1861 4641 2478 4712">
    <p class='ocr_par' dir='ltr' id='par_1_106' title="bbox 1861 4641 2478 4712">
     <span class='ocr_line' id='line_1_106' title="bbox 1861 4641 2478 4712; baseline -0.013 -10"><span class='ocrx_word' id='word_1_742' title='bbox 1861 4643 2115 4702; x_wconf 85' lang='lat' dir='ltr'><strong>riendum</strong></span> <span class='ocrx_word' id='word_1_743' title='bbox 2152 4641 2478 4712; x_wconf 74' lang='lat' dir='ltr'><strong>porrigitur.</strong></span> 
     </span>
    </p>
   </div>
   <div class='ocr_carea' id='block_1_107' title="bbox 1967 4817 3336 4896">
    <p class='ocr_par' dir='ltr' id='par_1_107' title="bbox 1967 4817 3336 4896">
     <span class='ocr_line' id='line_1_107' title="bbox 1967 4817 3336 4896; baseline -0.01 -12"><span class='ocrx_word' id='word_1_744' title='bbox 1967 4830 2060 4884; x_wconf 81' lang='lat' dir='ltr'><strong>7i.</strong></span> <span class='ocrx_word' id='word_1_745' title='bbox 2105 4827 2182 4883; x_wconf 83' lang='lat' dir='ltr'><strong>De</strong></span> <span class='ocrx_word' id='word_1_746' title='bbox 2215 4835 2332 4882; x_wconf 85' lang='lat' dir='ltr'><strong>arte</strong></span> <span class='ocrx_word' id='word_1_747' title='bbox 2357 4826 2677 4896; x_wconf 75' lang='lat' dir='ltr'><strong>conjectum</strong></span> <span class='ocrx_word' id='word_1_748' title='bbox 2709 4837 2776 4878; x_wconf 75' lang='lat' dir='ltr'><strong>ea:</strong></span> <span class='ocrx_word' id='word_1_749' title='bbox 2809 4821 3028 4876; x_wconf 81' lang='lat' dir='ltr'><strong>somniis</strong></span> <span class='ocrx_word' id='word_1_750' title='bbox 3055 4817 3336 4890; x_wconf 64' lang='lat' dir='ltr'><strong>facienda.</strong></span> 
     </span>
    </p>
   </div>
   <div class='ocr_carea' id='block_1_108' title="bbox 1937 4909 3444 4988">
    <p class='ocr_par' dir='ltr' id='par_1_108' title="bbox 1937 4909 3444 4988">
     <span class='ocr_line' id='line_1_108' title="bbox 1937 4909 3444 4988; baseline -0.011 -12"><span class='ocrx_word' id='word_1_751' title='bbox 1937 4921 2252 4976; x_wconf 86' lang='lat' dir='ltr'><strong>Telmessus</strong></span> <span class='ocrx_word' id='word_1_752' title='bbox 2313 4917 2701 4988; x_wconf 86' lang='lat' dir='ltr'><strong>antiquissima</strong></span> <span class='ocrx_word' id='word_1_753' title='bbox 2759 4912 3090 4984; x_wconf 65' lang='lat' dir='ltr'><strong>Pamphyliae</strong></span> <span class='ocrx_word' id='word_1_754' title='bbox 3145 4909 3278 4964; x_wconf 91' lang='lat' dir='ltr'><strong>urbs</strong></span> <span class='ocrx_word' id='word_1_755' title='bbox 3335 4915 3444 4970; x_wconf 77' lang='lat' dir='ltr'><strong>est,</strong></span> 
     </span>
    </p>
   </div>
   <div class='ocr_carea' id='block_1_109' title="bbox 1867 5001 3444 5086">
    <p class='ocr_par' dir='ltr' id='par_1_109' title="bbox 1867 5001 3444 5086">
     <span class='ocr_line' id='line_1_109' title="bbox 1867 5001 3444 5086; baseline -0.011 -16"><span class='ocrx_word' id='word_1_756' title='bbox 1867 5030 1990 5086; x_wconf 66' lang='lat' dir='ltr'><strong>quae</strong></span> <span class='ocrx_word' id='word_1_757' title='bbox 2026 5013 2202 5069; x_wconf 70' lang='lat' dir='ltr'><strong>Crmsi</strong></span> <span class='ocrx_word' id='word_1_758' title='bbox 2241 5019 2565 5080; x_wconf 67' lang='lat' dir='ltr'><strong>tempestate</strong></span> <span class='ocrx_word' id='word_1_759' title='bbox 2589 5005 2838 5062; x_wconf 78' lang='lat' dir='ltr'><strong>ﬂorebat.</strong></span> <span class='ocrx_word' id='word_1_760' title='bbox 2870 5003 2933 5058; x_wconf 90' lang='lat' dir='ltr'><strong>Hi</strong></span> <span class='ocrx_word' id='word_1_761' title='bbox 2980 5002 3144 5074; x_wconf 89' lang='lat' dir='ltr'><strong>primi</strong></span> <span class='ocrx_word' id='word_1_762' title='bbox 3177 5001 3444 5056; x_wconf 82' lang='lat' dir='ltr'><strong>rationem</strong></span> 
     </span>
    </p>
   </div>
   <div class='ocr_carea' id='block_1_110' title="bbox 1866 5089 3447 5168">
    <p class='ocr_par' dir='ltr' id='par_1_110' title="bbox 1866 5089 3447 5168">
     <span class='ocr_line' id='line_1_110' title="bbox 1866 5089 3447 5168; baseline -0.009 -10"><span class='ocrx_word' id='word_1_763' title='bbox 1866 5103 2142 5158; x_wconf 90' lang='lat' dir='ltr'><strong>invenisse</strong></span> <span class='ocrx_word' id='word_1_764' title='bbox 2197 5100 2481 5163; x_wconf 91' lang='lat' dir='ltr'><strong>dicuntur,</strong></span> <span class='ocrx_word' id='word_1_765' title='bbox 2527 5111 2637 5168; x_wconf 89' lang='lat' dir='ltr'><strong>qua</strong></span> <span class='ocrx_word' id='word_1_766' title='bbox 2714 5094 2988 5150; x_wconf 90' lang='lat' dir='ltr'><strong>insomnia</strong></span> <span class='ocrx_word' id='word_1_767' title='bbox 3047 5089 3322 5160; x_wconf 85' lang='lat' dir='ltr'><strong>explorari</strong></span> <span class='ocrx_word' id='word_1_768' title='bbox 3381 5104 3447 5144; x_wconf 84' lang='lat' dir='ltr'><strong>ac</strong></span> 
     </span>
    </p>
   </div>
   <div class='ocr_carea' id='block_1_111' title="bbox 1869 5179 3447 5261">
    <p class='ocr_par' dir='ltr' id='par_1_111' title="bbox 1869 5179 3447 5261">
     <span class='ocr_line' id='line_1_111' title="bbox 1869 5179 3447 5261; baseline -0.01 -13"><span class='ocrx_word' id='word_1_769' title='bbox 1869 5192 2157 5261; x_wconf 75' lang='lat' dir='ltr'><strong>diiudicari</strong></span> <span class='ocrx_word' id='word_1_770' title='bbox 2191 5197 2449 5260; x_wconf 89' lang='lat' dir='ltr'><strong>possent;</strong></span> <span class='ocrx_word' id='word_1_771' title='bbox 2481 5188 2526 5242; x_wconf 90' lang='lat' dir='ltr'><strong>si</strong></span> <span class='ocrx_word' id='word_1_772' title='bbox 2560 5184 2694 5254; x_wconf 89' lang='lat' dir='ltr'><strong>quid</strong></span> <span class='ocrx_word' id='word_1_773' title='bbox 2725 5185 2872 5240; x_wconf 90' lang='lat' dir='ltr'><strong>enim</strong></span> <span class='ocrx_word' id='word_1_774' title='bbox 2920 5189 3120 5252; x_wconf 63' lang='lat' dir='ltr'><strong>praeter</strong></span> <span class='ocrx_word' id='word_1_775' title='bbox 3149 5194 3356 5234; x_wconf 89' lang='lat' dir='ltr'><strong>morem</strong></span> <span class='ocrx_word' id='word_1_776' title='bbox 3389 5179 3447 5232; x_wconf 88' lang='lat' dir='ltr'><strong>in</strong></span> 
     </span>
    </p>
   </div>
   <div class='ocr_carea' id='block_1_112' title="bbox 1877 5273 3444 5350">
    <p class='ocr_par' dir='ltr' id='par_1_112' title="bbox 1877 5273 3444 5350">
     <span class='ocr_line' id='line_1_112' title="bbox 1877 5273 3444 5350; baseline -0.01 -10"><span class='ocrx_word' id='word_1_777' title='bbox 1877 5285 2086 5341; x_wconf 89' lang='lat' dir='ltr'><strong>somnis</strong></span> <span class='ocrx_word' id='word_1_778' title='bbox 2120 5283 2436 5346; x_wconf 87' lang='lat' dir='ltr'><strong>accidisset,</strong></span> <span class='ocrx_word' id='word_1_779' title='bbox 2455 5281 2586 5350; x_wconf 82' lang='lat' dir='ltr'><strong>quid</strong></span> <span class='ocrx_word' id='word_1_780' title='bbox 2613 5279 2746 5332; x_wconf 87' lang='lat' dir='ltr'><strong>illud</strong></span> <span class='ocrx_word' id='word_1_781' title='bbox 2773 5273 3142 5347; x_wconf 86' lang='lat' dir='ltr'><strong>portenderet,</strong></span> <span class='ocrx_word' id='word_1_782' title='bbox 3161 5273 3444 5328; x_wconf 88' lang='lat' dir='ltr'><strong>dicebant:</strong></span> 
     </span>
    </p>
   </div>
   <div class='ocr_carea' id='block_1_113' title="bbox 1873 5366 3451 5448">
    <p class='ocr_par' dir='ltr' id='par_1_113' title="bbox 1873 5366 3451 5448">
     <span class='ocr_line' id='line_1_113' title="bbox 1873 5366 3451 5448; baseline -0.007 -15"><span class='ocrx_word' id='word_1_783' title='bbox 1873 5394 1940 5433; x_wconf 89' lang='lat' dir='ltr'><strong>ac</strong></span> <span class='ocrx_word' id='word_1_784' title='bbox 1989 5375 2258 5448; x_wconf 88' lang='lat' dir='ltr'><strong>quidquid</strong></span> <span class='ocrx_word' id='word_1_785' title='bbox 2309 5375 2602 5436; x_wconf 72' lang='lat' dir='ltr'><strong>dixissent,</strong></span> <span class='ocrx_word' id='word_1_786' title='bbox 2645 5381 2845 5428; x_wconf 88' lang='lat' dir='ltr'><strong>eventu</strong></span> <span class='ocrx_word' id='word_1_787' title='bbox 2907 5370 3026 5440; x_wconf 87' lang='lat' dir='ltr'><strong>ipso</strong></span> <span class='ocrx_word' id='word_1_788' title='bbox 3083 5367 3229 5424; x_wconf 79' lang='lat' dir='ltr'><strong>haud</strong></span> <span class='ocrx_word' id='word_1_789' title='bbox 3285 5366 3451 5422; x_wconf 82' lang='lat' dir='ltr'><strong>dubie</strong></span> 
     </span>
    </p>
   </div>
   <div class='ocr_carea' id='block_1_114' title="bbox 1871 5467 2350 5538">
    <p class='ocr_par' dir='ltr' id='par_1_114' title="bbox 1871 5467 2350 5538">
     <span class='ocr_line' id='line_1_114' title="bbox 1871 5467 2350 5538; baseline -0.006 -17"><span class='ocrx_word' id='word_1_790' title='bbox 1871 5483 1990 5526; x_wconf 90' lang='lat' dir='ltr'><strong>com</strong></span> <span class='ocrx_word' id='word_1_791' title='bbox 1999 5467 2350 5538; x_wconf 81' lang='lat' dir='ltr'><strong>probabatur.</strong></span> 
     </span>
    </p>
   </div>
   <div class='ocr_carea' id='block_1_115' title="bbox 1947 5643 2880 5714">
    <p class='ocr_par' dir='ltr' id='par_1_115' title="bbox 1947 5643 2880 5714">
     <span class='ocr_line' id='line_1_115' title="bbox 1947 5643 2880 5714; baseline -0.004 -15"><span class='ocrx_word' id='word_1_792' title='bbox 1947 5647 2023 5712; x_wconf 70' lang='grc' dir='ltr'><strong>(ί)</strong></span> <span class='ocrx_word' id='word_1_793' title='bbox 2047 5646 2182 5700; x_wconf 82' lang='lat' dir='ltr'><strong>Cod.</strong></span> <span class='ocrx_word' id='word_1_794' title='bbox 2217 5661 2330 5714; x_wconf 68' lang='lat' dir='ltr'><strong>reg.</strong></span> <span class='ocrx_word' id='word_1_795' title='bbox 2363 5643 2488 5699; x_wconf 82' lang='lat' dir='ltr'><strong>add.</strong></span> <span class='ocrx_word' id='word_1_796' title='bbox 2524 5645 2880 5714; x_wconf 71' lang='grc' dir='ltr'><strong>γεωμετρεῖν.</strong></span> 
     </span>
    </p>
   </div>
   <div class='ocr_carea' id='block_1_116' title="bbox 1945 5715 2575 5786">
    <p class='ocr_par' dir='ltr' id='par_1_116' title="bbox 1945 5715 2575 5786">
     <span class='ocr_line' id='line_1_116' title="bbox 1945 5715 2575 5786; baseline -0.003 -16"><span class='ocrx_word' id='word_1_797' title='bbox 1945 5717 2021 5786; x_wconf 74' lang='lat'><strong>(5)</strong></span> <span class='ocrx_word' id='word_1_798' title='bbox 2055 5717 2209 5772; x_wconf 66' lang='lat' dir='ltr'><strong>Coll».</strong></span> <span class='ocrx_word' id='word_1_799' title='bbox 2238 5717 2271 5770; x_wconf 77' lang='grc'><strong>5</strong></span> <span class='ocrx_word' id='word_1_800' title='bbox 2305 5715 2575 5784; x_wconf 76' lang='grc' dir='ltr'><strong>γενέσθαι.</strong></span> 
     </span>
    </p>
   </div>
  </div>
