3856 6220
402 305 546 364 i093

846 413 936 466 72.
983 411 1056 467 De
1094 412 1372 468 divinandi
1410 422 1546 464 arte.

474 507 780 562 Divinatrix
827 505 1057 562 scientia
1104 506 1302 576 partim
1358 502 1826 575 ὀρνεοσκοπητική
1876 512 1980 564 est,

401 614 567 669 quam
615 597 856 669 Phryges
911 599 1260 662 invenerunt,
1294 597 1492 666 partim
1526 593 1982 664 οἰκοσκοπητική,

403 687 876 763 ρεπιὶηιένόδιος,
909 692 1110 762 partim
1162 691 1542 761 χειροσκόπος,
1591 688 1790 758 partim
1844 686 1984 740 παλ-

404 782 629 852 ματική.
674 781 1172 852 Ὀρνεοσκοπητική
1207 789 1314 845 est,
1343 795 1468 834 cum
1499 780 1719 832 volante
1764 778 1866 831 hac
1901 777 1984 831 vel

400 874 493 927 illa
543 888 663 936 ave,
694 881 819 926 ante
867 873 949 927 vel
1005 886 1175 937 retro,
1204 873 1554 926 dextrorsum
1589 873 1671 925 vel
1700 869 1988 925 sinistror-

400 980 546 1025 sum,
575 963 706 1033 quid
767 964 869 1016 hoc
928 963 1224 1033 signiticet,
1258 963 1526 1028 dicimus,
1565 976 1730 1030 quam
1773 960 1988 1013 divina-

399 1056 568 1110 tionis
608 1064 819 1124 partem
860 1043 1187 1124 'Telegonus
1239 1055 1519 1108 invenisse
1559 1053 1784 1107 dicitur.
1827 1054 1987 1104 οἱκο-

401 1150 709 1219 σκοπητική
734 1188 746 1212 ,
788 1164 912 1201 eiiin
949 1148 1074 1218 quis
1105 1162 1167 1202 ea
1196 1162 1318 1217 qua:
1350 1147 1404 1200 in
1439 1145 1602 1200 domo
1635 1144 1984 1212 contingunt,

398 1247 642 1303 enarrat,
692 1239 933 1310 quidque
994 1243 1096 1293 hoc
1161 1238 1472 1308 portendat,
1517 1235 1760 1306 exponit.
1821 1232 1986 1288 Verbi

399 1347 594 1394 causa,
625 1332 889 1402 quoniam
941 1331 995 1384 in
1055 1338 1199 1385 tecto
1252 1329 1398 1392 felis,
1451 1337 1547 1381 aut
1600 1341 1851 1398 serpens,
1893 1333 1993 1379 aut.

399 1437 526 1476 mus
563 1424 838 1492 apparuit,
868 1430 962 1476 aut
991 1424 1320 1476 exhaustum
1364 1430 1448 1475 est
1499 1420 1701 1481 oleum,
1733 1427 1828 1473 aut
1858 1419 1986 1480 mel,

401 1522 496 1568 aut
527 1516 736 1578 vinum,
763 1522 853 1568 aut
885 1531 1047 1584 aqua,
1079 1523 1172 1566 aut
1200 1514 1366 1575 cinis,
1389 1520 1484 1565 aut
1517 1513 1663 1566 aliud
1701 1510 1986 1580 quiddam,

401 1609 506 1662 hoc
557 1608 852 1678 significat.
885 1606 961 1662 De
1009 1622 1119 1676 quo
1165 1621 1363 1677 genere
1404 1621 1542 1674 opus
1586 1603 1762 1657 edidit
1806 1601 1987 1657 Xeno-

399 1708 600 1755 crates.
621 1700 851 1764 Ἐνόδιος
868 1708 1073 1762 autem,
1095 1715 1220 1752 cum
1241 1713 1302 1754 ea
1326 1712 1447 1767 qua:
1473 1698 1525 1750 iii
1552 1697 1636 1748 via
1662 1703 1988 1760 occurrunt,

1742 291 2024 348 NONNUS
2062 291 2289 346 ABBAS

2019 413 2066 469 Α

3542 281 3690 332 1021

2465 407 2564 478 οβ’.
2599 403 2742 474 Περὶ
2770 400 2876 469 τῆς
2908 394 3311 464 οἱωνιστικῆς.

2155 501 2266 571 Τῆς
2293 499 2351 552 δὲ
2378 496 2749 566 οἰωνιστικῆς,
2776 493 2838 547 τὸ
2872 493 2971 563 μὲν
2994 491 3142 544 ἐστιν
3163 483 3691 558 ὀρνεοσκοπητικέν,

2083 594 2215 647 τοδέ
2243 591 2717 662 οἱκοσκοπητικὸν,
2740 589 2800 641 τδ
2825 586 2883 639 δέ
2904 585 3124 648 ἐνόδιον,
3148 581 3211 635 τὸ
3236 579 3296 634 δέ
3319 592 3688 650 χειροσκοπηο

2085 684 2256 744 τικὸν,
2279 683 2342 735 τὸ
2365 682 2422 734 δὲ
2449 677 2847 748 παλμαστικόν.
2887 668 3409 744 Ὀρνεοσκοπητικὸν
3430 667 3490 720 δέ
3515 667 3694 724 ἐστιν,

2085 779 2213 830 ὅταν
2244 772 2541 844 πετομένου
2570 771 2725 824 τοῦδε
2755 769 2790 840 ἢ
2812 766 2964 821 τοῦδε
2989 763 3225 837 ὄρνιθος,
3249 761 3284 832 ἢ
3307 757 3631 832 ἔμπροσθεν
3661 757 3698 811 ἦ

2085 865 2499 939 ὀπίσω,ᾓδεξιὰ
2518 864 2552 936 ἢ
2571 861 2857 934 ἀριστερὰ,
2877 859 3145 928 εἴπωμεν,
3162 858 3247 910 ὅτι
3265 854 3386 908 τόδε
3408 851 3695 923 σημαίνει·

2086 961 2304 1030 λέγεται
2318 959 2373 1014 δέ
2389 957 2747 1030 ἐξευρηκέναι
2767 952 2980 1025 πρῶτος
3001 949 3327 1021 Τηλέγονος.
3348 948 3676 1012 Οἰκοσκοπη

2087 1054 2236 1108 τικὺν
2265 1052 2322 1106 δέ
2357 1054 2536 1112 ἐστιν,
2582 1049 2711 1102 ὅταν
2747 1045 2814 1099 τὰ
2847 1048 2904 1098 ἐν
2936 1043 3015 1114 τῷ
3039 1042 3174 1112 οἴκῳ
3208 1039 3581 1111 συμϐαίνοντα
3606 1037 3681 1100 ἐξ·

2085 1149 2362 1218 ηγήσηται
2399 1144 2492 1197 καὶ
2511 1142 2661 1214 εἴπῃ,
2694 1141 2776 1192 ὅτι
2811 1137 2931 1191 τόδε
2972 1135 3248 1206 σημαίνει.
3283 1131 3508 1202 Ἐπειδὴ
3538 1132 3603 1184 ἐν
3624 1133 3694 1198 τῇ

2091 1238 2256 1308 στέγῃ
2278 1239 2452 1307 ἐφάνη
2481 1235 2642 1306 γαλῆ,
2666 1234 2699 1303 ἢ
2724 1233 2866 1301 ὄφις.
2891 1230 2925 1302 ἢ
2955 1228 3082 1301 μῦς,
3107 1228 3141 1299 ἢ
3165 1225 3406 1296 ἐκενώθη
3435 1225 3640 1286 ἔλαιον,
3660 1224 3697 1294 ἢ

2093 1331 2249 1401 μέλι,
2285 1330 2319 1400 ἢ
2358 1324 2530 1390 οἶνος,
2572 1325 2605 1396 ἢ
2635 1324 2802 1396 ὕδωρ,
2832 1321 2864 1391 ἦ
2890 1321 3091 1391 τέφρα,
3121 1319 3156 1389 ἢ
3190 1318 3320 1373 ἄλλο
3348 1335 3426 1380 τι,
3458 1319 3541 1370 ὅτι
3573 1315 3694 1368 τόδε

2091 1421 2368 1494 σημαίνει’
2401 1417 2574 1471 ταῦτα
2614 1415 2672 1467 δέ
2717 1411 3100 1484 συνεγράψατο
3143 1408 3513 1484 Ξενοκράτης.
3571 1407 3684 1458 Ἑν-

2088 1515 2228 1568 όδιον
2261 1512 2318 1564 δέ
2347 1515 2514 1572 ἐστιν,
2557 1509 2686 1561 ὅταν
2715 1505 3054 1576 ἐξηγήσηται
3085 1501 3156 1554 τὰ
3193 1503 3251 1554 ἐν
3283 1504 3348 1571 τῇ
3379 1499 3485 1570 ὁδῷ
3513 1500 3697 1551 ὑπαν-

2088 1606 2288 1658 τῶντα·
2325 1605 2454 1656 ὅταν
2483 1601 2564 1654 ὅτι
2601 1601 2727 1653 Ἐάν
2778 1615 2859 1650 σοι
2892 1597 3182 1669 ὑπαντήσῃ
3214 1609 3298 1656 τις
3325 1593 3445 1646 τόδε
3483 1591 3697 1662 βαστά-

2093 1699 2220 1763 ζων,
2253 1697 2371 1749 τόδε
2403 1711 2486 1748 σοι
2527 1692 2870 1764 συμϐήσεται
2891 1709 2904 1722 ·
2941 1689 3038 1743 ἐὰν
3067 1690 3095 1741 6
3136 1689 3288 1741 δεῖνα
3310 1727 3324 1747 ,
3354 1687 3475 1739 τόδε
3501 1701 3516 1716 ’
3551 1686 3700 1755 ὅπερ

399 1801 751 1848 enarrantur.
786 1792 854 1847 Ut
888 1794 934 1848 si
959 1793 1265 1846 oecurrerit
1302 1791 1576 1860 quispiam
1611 1790 1714 1843 hoc
1745 1799 1987 1860 gestans,

2110 1759 2473 1861 raw/sypilum
2536 1759 2748 1855 Πέλλης
2774 1785 2872 1855 (ί).
2908 1781 3412 1854 Χειροσκοπητικὺν
3438 1781 3496 1833 δέ
3517 1781 3696 1842 ἐστιν,

403 1885 507 1938 hoc
543 1884 640 1938 tibi
676 1885 924 1949 accidet;
973 1883 1019 1936 si
1061 1891 1245 1935 autem
1299 1883 1412 1946 ille,
1441 1881 1545 1935 hoc
1601 1881 1699 1934 tibi
1754 1881 1989 1936 eveniet.

403 1976 479 2030 De
494 1992 603 2046 quo
618 1991 815 2046 genere
837 1973 1027 2028 Pollux
1054 1975 1429 2044 pertractavit.
1457 1972 1823 2044 Χειροσκόπος
1841 1987 1990 2036 vero,

403 2086 528 2122 cum
557 2084 622 2124 ex
657 2084 918 2122 manuum
956 2068 1281 2122 extensione
1315 2083 1379 2121 ac
1412 2067 1565 2136 rugis
1609 2067 1846 2120 dicimus
1878 2081 1991 2120 rem

405 2161 548 2214 hanc
601 2161 754 2214 illiini
807 2175 1052 2219 manere,
1087 2159 1171 2213 vel
1206 2157 1353 2228 quod
1407 2159 1583 2227 ipsius
1631 2157 1833 2226 nuptiae
1879 2171 1996 2208 ani-

405 2253 652 2315 biuntur,
677 2253 756 2306 vel
790 2252 935 2321 quod
966 2251 1170 2306 liberos
1197 2249 1533 2320 procreahit,
1555 2251 1638 2303 vel
1676 2249 1991 2317 hujuSnioili

406 2345 609 2414 aliquid
656 2361 670 2396 :
719 2345 786 2398 de
838 2362 949 2414 quo
1005 2344 1264 2398 volumen
1327 2343 1662 2412 conscripsit
1725 2341 1988 2397 Helenus.

404 2436 732 2507 Παλματική
767 2436 1026 2504 denique,
1055 2450 1180 2489 cum
1234 2450 1299 2488 ex
1348 2435 1601 2504 corporis
1637 2435 1998 2504 palpitatione

2089 1885 2216 1936 ὅταν
2260 1883 2346 1936 διά
2399 1882 2475 1951 (2)
2533 1879 2810 1940 ἐκτάσεως
2862 1877 2971 1928 τῶν
3025 1873 3225 1944 χειρῶν
3281 1877 3376 1926 καὶ
3441 1871 3531 1924 διὰ
3584 1873 3695 1925 τῶς.

2095 1976 2322 2048 ῥυτίδων
2360 1973 2624 2043 εἴπωμεν,
2657 1973 2740 2025 ὅτι
2777 1970 2897 2023 τόδε
2929 1968 2962 2039 ἦ
3000 1966 3117 2020 τόδε
3148 1965 3310 2018 αὑτὸν
3349 1965 3528 2035 μένει,
3553 1964 3586 2033 ἦ
3613 1965 3697 2017 ὅτι

2093 2065 2319 2136 γαμεῖῆ
2350 2063 2676 2122 παιδοποιεῖ,
2707 2061 2742 2130 ἦ
2763 2078 2814 2111 τι
2843 2057 3104 2111 τοιού-εον·
3134 2056 3272 2125 ὅπερ
3311 2053 3699 2125 συνεγράψατο

2099 2157 2339 2220 Ἕλενος.
2368 2152 2755 2225 Παλμαστικὸν
2781 2152 2837 2204 δέ
2860 2153 2998 2214 ἐστι,
3021 2149 3084 2202 τὸ
3105 2147 3192 2202 διὰ
3206 2149 3305 2218 τῆς
3322 2147 3578 2210 πάλσεως
3597 2146 3697 2200 τοῦ

2101 2247 2353 2320 σώματος
2375 2247 2795 2318 γνωριζόμενον·
2832 2237 2965 2305 οἷον,
2990 2241 3203 2310 ἐπάλθη
3231 2242 3259 2292 6
3287 2239 3464 2304 δεξιὸς
3493 2239 3699 2308 ότρθαλ⁸

2103 2344 2222 2413 μὺς,
2265 2343 2386 2396 τόδε
2431 2341 2708 2412 σημαίνει’
2753 2341 2785 2412 ἢ
2834 2340 2862 2392 6
2893 2333 3064 2408 ὦμος,
3096 2333 3128 2402 ἢ
3160 2333 3188 2384 ὁ
3235 2331 3434 2403 μηρὸς,
3481 2336 3626 2390 τόδε·
3672 2335 3704 2387 6

2106 2435 2486 2505 συνεγράψατο
2522 2433 2876 2498 Ποσειδώνιος
2905 2436 3002 2488 καὶ
3030 2436 3180 2490 ἄλλοι
3216 2435 3414 2491 πολλοί.

403 2530 611 2599 aliquid
658 2529 1033 2600 cognoscitur.
1072 2526 1160 2592 Ut,
1211 2529 1256 2583 si
1297 2529 1524 2599 palpitet
1558 2530 1754 2584 oculus
1787 2530 1998 2593 dexter,
2037 2530 2141 2584 hoc
2194 2530 2425 2594 indicat,
2475 2540 2571 2584 aut
2615 2532 2660 2585 si
2696 2532 2983 2594 humerus,
3033 2543 3127 2586 aut
3165 2534 3374 2602 reliqua
3411 2545 3543 2600 pars
3571 2543 3702 2584 cor-

405 2625 578 2694 poris.
609 2624 685 2680 De
713 2641 825 2696 quo
852 2639 1052 2696 genere
1089 2640 1232 2694 opus
1258 2625 1602 2679 elucubravit
1631 2623 1983 2680 Posidonius.

407 2735 494 2790 75.
535 2737 608 2791 De
635 2735 866 2808 Scythis,
891 2739 981 2808 qui
1012 2737 1265 2791 adversus
1296 2738 1451 2792 heros
1483 2754 1608 2791 suos
1639 2737 1988 2792 rebellarunt.

476 2849 710 2916 Quidam
747 2867 810 2905 ex
861 2851 1190 2905 nomadibus
1242 2849 1464 2922 Scythis
1509 2852 1717 2907 relictis
1769 2850 1992 2906 l‘amiilis

2379 2745 2478 2807 ογ¹.
2517 2739 2658 2807 Περὶ
2688 2739 2806 2792 τῶν
2827 2741 3129 2795 Σκυθικῶν
3151 2740 3410 2794 δούλων.

2173 2849 2294 2902 Τῶν
2321 2851 2569 2920 νομάδων
2592 2853 2816 2907 Σκυθῶν
2843 2855 3009 2924 μέρος
3027 2871 3080 2906 τι
3108 2851 3333 2925 ἐξῆλθεν
3355 2855 3420 2906 ἐκ
3435 2852 3540 2922 τῆς
3561 2853 3703 2905 Σκυο

408 2944 524 2998 suis
573 2958 604 2997 e
657 2942 880 3014 Scythia
949 2943 1313 2997 latrocinandi
1373 2959 1543 2998 causa
1607 2949 1990 2998 excesserunt.

2110 2939 2218 3003 δίας
2262 2939 2612 3012 πλανώμενον
2641 2945 2734 2997 ἐπὶ
2759 2943 3003 3016 ληστεῖᾳ.
3026 2943 3234 2997 Εῖασαν
3273 2943 3331 2996 δὲ
3370 2938 3521 2998 οὑτοι
3559 2944 3702 2997 οἰκέ-

409 3029 569 3086 Prius
607 3041 789 3087 tamen
823 3049 918 3088 eos
965 3043 1335 3098 excaecarunt,
1372 3050 1436 3089 ac
1487 3043 1674 3106 postea
1721 3035 1824 3087 hoc
1874 3048 1994 3086 mu-

410 3125 562 3181 neris
611 3125 745 3197 ipsis
797 3129 1177 3198 injuuxerunt,
1214 3140 1274 3184 iit
1317 3144 1442 3182 cum
1488 3145 1676 3183 eorum
1731 3128 1997 3184 uxoribus

411 3222 495 3274 Iac
536 3223 912 3290 coagiilarent.
945 3219 1196 3292 Cumque
1242 3222 1475 3275 multum
1516 3222 1784 3291 temporis
1829 3222 1998 3275 inter-

410 3313 680 3375 lluxisset,
717 3330 816 3368 nec
871 3314 1087 3386 Scythae
1137 3315 1367 3384 patriam
1420 3321 1754 3384 repeterent,
1798 3328 1998 3369 uxores

409 3421 597 3459 eorum
629 3423 754 3459 cum
798 3410 1089 3460 exerceatis
1120 3407 1295 3461 servis
1328 3407 1506 3474 stupri
1535 3405 1994 3461 consuetudinem

412 3497 743 3556 habuerunt.
769 3513 832 3552 ex
866 3499 1111 3568 ipsisque
1139 3507 1509 3568 conceperunt
1540 3512 1603 3551 ac
1633 3507 1995 3568 pepererunt;

413 3598 576 3657 atque
621 3591 690 3641 ita
739 3606 834 3659 pro
882 3588 1104 3662 Scythis
1133 3593 1226 3660 qui
1276 3592 1662 3646 abscesserant
1704 3591 1861 3644 liberi
1900 3608 2000 3646 na-

411 3687 665 3744 scuntur,
691 3681 874 3736 servili
905 3691 1084 3735 tamen
1123 3683 1330 3735 semine
1363 3685 1656 3752 procreati.
1696 3681 1834 3751 [Ergo
1872 3699 2000 3737 cum

416 3771 634 3843 Scytha:
664 3772 764 3838 illi,
787 3775 877 3843 qui
907 3775 1032 3828 oliin
1058 3775 1235 3845 patria
1265 3775 1470 3845 egressi
1507 3773 1744 3838 fuerant,
1775 3775 1828 3829 in
1867 3775 2002 3847 Scy-

415 3866 585 3919 thiam
628 3865 943 3932 rediissem,
987 3867 1089 3923 hos
1130 3885 1197 3924 ex
1244 3870 1421 3925 servis
1471 3869 1793 3938 progenitos
1839 3877 2002 3925 actate

413 3958 672 4014 ﬂorentes
702 3968 1046 4029 repererunt,
1072 3968 1238 4032 atque
1259 3961 1474 4016 obviam
1506 3962 1642 4032 ipsis
1669 3977 1794 4016 cum
1833 3962 2002 4017 armis

415 4058 630 4106 i-iiiites.
667 4052 746 4106 Ac
791 4059 1053 4107 conserto
1089 4053 1234 4108 inter
1273 4069 1370 4110 eos
1415 4057 1720 4110 certamine
1769 4055 2004 4110 reduces

419 4141 496 4194 illi
531 4140 748 4213 Scytha:
778 4145 883 4198 lusi
910 4153 964 4198 et
995 4147 1241 4215 superati
1274 4155 1422 4202 sunt.
1449 4146 1569 4213 Qua
1595 4146 1752 4202 clade
1781 4157 2004 4217 accepta

2095 3051 2193 3097 τας
2214 3034 2316 3104 (5),
2352 3035 2494 3089 ὥστε
2541 3037 2677 3106 μετὰ
2730 3039 2839 3091 τῶν
2868 3038 3142 3107 γυναικῶν
3167 3039 3416 3110 τυρεύειν
3436 3039 3500 3092 τὸ
3531 3042 3698 3109 γάλα.

2097 3125 2234 3189 Τοὺς
2254 3127 2310 3178 δὲ
2336 3130 2551 3190 οἰκέτας
2583 3129 2763 3183 αὐτῶν
2783 3129 3110 3200 ἐξετύφλουν
3164 3132 3214 3183 οἱ
3243 3130 3448 3185 Σκύθαι
3470 3132 3702 3204 ζηλοτυ-

2099 3219 2356 3284 ποῦντες,
2382 3221 2477 3273 καὶ
2498 3220 2642 3274 οὑτω
2669 3225 2931 3294 παρεῖχον
2952 3224 3139 3287 αὑτοῖς
3168 3223 3420 3294 τυρεύειν
3440 3225 3504 3277 τὸ
3533 3225 3698 3294 γάλα.

2099 3313 2305 3381 Χρόνου
2329 3314 2384 3367 δέ
2409 3315 2728 3386 γενομένου,
2752 3315 2846 3368 καὶ
2861 3316 2971 3367 τῶν
2998 3315 3219 3370 Σκυθῶν
3242 3316 3350 3369 τῶν
3372 3315 3704 3381 ἐξελθόντων

2103 3407 2175 3476 μὴ
2192 3407 2664 3477 ὑποστρεψάντων,
2685 3409 2741 3461 αἱ
2763 3411 3021 3476 γυναῖκες
3041 3409 3266 3479 φοιτῶσι
3284 3410 3422 3482 πρὸς
3441 3413 3568 3475 τοὺς
3585 3411 3703 3465 δούς

2098 3498 2222 3562 λους
2243 3500 2371 3562 τοὺς
2399 3500 2842 3569 ὲκτυερλωθέντας
2878 3502 2972 3554 καὶ
3005 3502 3350 3570 συγγίνονται
3378 3504 3587 3567 αὐτοῖς,
3608 3507 3704 3558 καὶ

2103 3589 2561 3659 συλλαμϐάνουσι,
2584 3592 2679 3643 καὶ
2699 3591 2952 3658 γεννῶσιο
2973 3593 3067 3644 καὶ
3089 3592 3331 3659 γίνονται
3351 3594 3548 3658 παῖδες
3577 3595 3704 3649 ἀντὶ

2099 3682 2208 3734 τῶν
2235 3681 2560 3746 ἐξελθόντων
2595 3683 2837 3738 Σκυθῶν.
2889 3679 3071 3737 Ἦσαν
3105 3685 3164 3738 δέ
3189 3683 3368 3737 δοῦλοι
3393 3687 3442 3738 οί
3473 3685 3698 3756 τεχθέν-

2099 3787 2192 3836 τες
2211 3771 2350 3826 κατὰ
2377 3772 2437 3825 τὸ
2465 3773 2706 3844 σπέρμα.
2740 3775 2804 3827 Οἱ
2835 3769 2927 3827 οὖν
2958 3774 3125 3828 πάλαι
3153 3775 3465 3840 ἐξελθόντες
3489 3776 3703 3831 Σκύθαι

2103 3864 2565 3935 ὑποστρέψαντες,
2606 3861 2764 3935 εὖρον
2797 3866 3020 3930 τούτους
3068 3870 3193 3931 τοὺς
3241 3868 3604 3940 γεννηθέντας
3636 3873 3704 3925 ἐκ

2101 3957 2211 4009 τῶν
2255 3956 2456 4011 δούλων
2492 3957 2807 4029 ἡϐήσαντας
2828 4001 2842 4023 ,
2875 3961 2969 4012 καὶ
2997 3961 3448 4032 ἐναντιουμένους·
3488 3963 3699 4026 αὑτοῖς·

2105 4049 2200 4100 καὶ
2224 4049 2519 4119 γενομένου
2553 4050 2792 4119 πολέμου
2819 4051 3023 4122 μεταξὺ
3056 4053 3168 4106 τῶν
3198 4053 3582 4126 δουλοσπὸρων
3608 4058 3704 4112 καὶ

2104 4137 2212 4192 τῶν
2245 4139 2653 4193 ἐπανελθόντων
2682 4141 2927 4207 Σκυθῶν,
2958 4142 3232 4212 ἡττῶνται
3263 4147 3404 4199 πάνυ
3437 4147 3486 4198 oi
3532 4147 3702 4200 ἐπαν·

415 4243 610 4291 auctor
636 4240 767 4304 ipsis
791 4237 891 4293 l'uit
919 4239 1216 4311 quispiam,
1241 4257 1308 4295 ne
1340 4242 1530 4306 armis,
1555 4242 1649 4296 sed
1679 4241 1995 4299 verberibus

2110 4230 2377 4294 ἐλθόντες.
2410 4231 2638 4294 Τούτοις
2664 4227 2756 4284 οὖν
2795 4232 3126 4304 ἡττηθεῖσιν,
3180 4230 3260 4298 εἷς
3306 4234 3704 4291 συνεϐούλευε-ἀ

419 4345 542 4382 cum
579 4331 716 4400 ipsis
750 4340 1078 4401 pugnarent.
1114 4333 1298 4390 Armis
1332 4335 1480 4389 enim
1522 4350 1770 4404 pugnare
1803 4334 1874 4388 iis
1908 4335 2004 4390 de-

420 4436 570 4474 mum
601 4423 895 4477 convenire
926 4463 942 4488 ,
987 4424 1188 4493 quibus
1233 4439 1358 4480 cum
1389 4425 1504 4496 pari
1541 4425 1858 4481 conditione
1906 4426 2005 4481 ho-

419 4515 598 4570 stibus
633 4530 722 4570 res
747 4524 927 4572 esset:
959 4523 1015 4570 at
1043 4518 1227 4589 virgas
1250 4520 1386 4589 ipsis
1409 4520 1681 4573 intentare
1714 4533 2006 4587 argumen-

419 4614 538 4658 tum
573 4621 694 4660 esse
715 4607 908 4664 herilis
931 4612 1199 4666 adversus
1227 4625 1418 4664 servos
1443 4609 1752 4679 potestatis.
1789 4608 1868 4663 Illi
1902 4611 2006 4664 ita-

417 4715 549 4766 que,
585 4702 760 4756 servis
784 4701 1035 4771 patribus
1059 4702 1196 4766 nati,
1228 4717 1353 4756 cum
1379 4711 1591 4757 veteres
1617 4702 1853 4773 Scythas
1877 4717 2004 4756 cum

419 4793 1046 4862 virgisconspexissent,
1078 4795 1227 4849 velut
1245 4795 1484 4848 dominis
1507 4796 1626 4850 suis
1656 4810 1778 4850 sese
1795 4794 2005 4850 submi-

417 4891 615 4936 serunt
646 4901 660 4936 ε
689 4883 880 4952 sicque
902 4883 1179 4938 sublatum
1204 4891 1258 4939 et
1285 4886 1621 4939 exstinctum
1659 4896 1744 4941 est
1775 4886 2002 4942 bellum.

494 5018 582 5073 74.
617 5017 698 5073 De
725 5017 985 5074 Thessala
1011 5037 1145 5092 aqua
1171 5032 1220 5075 et
1249 5021 1468 5076 metiare
1499 5020 1932 5076 Lacedamom’a.

490 5133 649 5189 Nulla
679 5143 762 5190 est
789 5137 941 5201 urbs,
973 5152 1093 5207 qua:
1128 5152 1237 5190 non
1285 5136 1546 5192 eximium
1586 5137 1810 5208 aliquod
1844 5151 2007 5191 orna-

419 5237 663 5296 mentum
701 5229 920 5291 haheat,
952 5238 1010 5282 ut
1045 5227 1330 5286 Thessalia
1359 5245 1551 5301 equos.
1583 5231 1764 5285 Attica
1793 5231 2004 5300 argenti

421 5322 664 5381 metalla.
700 5319 849 5377 India
889 5337 1112 5378 auream
1152 5338 1399 5378 arenam.
1439 5322 1796 5379 Consimilem
1839 5325 2002 5378 etiam

421 5414 479 5466 in
531 5415 752 5468 modum
807 5413 1206 5470 Lacedaemonii
1252 5415 1568 5470 venatorios
1608 5430 1775 5471 canes
1818 5416 2006 5484 primae

424 5503 706 5567 bonitatis,
728 5511 782 5558 ct
816 5505 1072 5559 mulieres
1097 5512 1351 5558 strenuas
1375 5513 1430 5560 et
1452 5505 1775 5574 intrepidas.
1804 5503 2006 5560 Habuit

421 5594 592 5648 etiam
652 5595 841 5649 Sicilia
891 5594 1098 5650 i‘ontein
1157 5596 1377 5652 nomine
1441 5596 1789 5654 Arethusam.
1840 5599 2000 5668 cuius

497 5705 574 5769 (ll
602 5704 734 5758 Cod.
769 5722 882 5774 reg.
907 5707 1062 5762 Colh.
1096 5707 1286 5772 Πόλλις

505 5774 585 5844 (2)
615 5781 741 5845 ltcg.
783 5777 904 5830 add.
945 5780 1063 5847 τῆς.

2105 4338 2190 4384 τις
2219 4324 2293 4392 μὴ
2321 4322 2508 4386 ὅπλοις
2534 4323 2730 4386 αὑτοὺς
2757 4323 3084 4394 πολεμῆσαι,
3115 4324 3252 4378 ἀλλὰ
3282 4324 3369 4378 διά
3393 4326 3700 4395 μαστίγων.

2108 4416 2181 4468 Τὸ
2213 4416 2322 4486 γὰρ
2353 4415 2418 4468 δι’
2453 4416 2655 4479 ὃπλων,
2704 4419 2857 4487 φησι,
2901 4417 3204 4488 πολεμῆσαί
3238 4436 3414 4482 τινας,
3460 4418 3538 4484 ὡς
3590 4421 3704 4475 ἀπὺ

2107 4508 2238 4562 ἴσων
2270 4509 2408 4579 πρὸς
2443 4509 2592 4573 ἴσους
2635 4511 2784 4565 ἐστὶν
2815 4513 2844 4564 6
2879 4511 3135 4582 πόλεμοςο
3167 4512 3230 4565 τὸ
3266 4513 3324 4565 δέ
3355 4514 3465 4567 ἀπὸ
3500 4515 3705 4582 μαστί-

2105 4613 2219 4664 γων
2252 4599 2434 4662 αὑτοῖς
2477 4599 2743 4665 ἐπελθεῖν,
2782 4600 2859 4664 ὼς
2901 4601 3008 4654 ἀπὸ
3055 4601 3332 4656 δεσποτῶν
3364 4604 3445 4667 εἰς
3475 4603 3704 4669 δούλους

2107 4689 2276 4744 ἐστίν.
2313 4693 2376 4744 Οἱ
2409 4688 2502 4746 οὖν
2543 4692 2934 4764 δουλόσποροι,
2964 4693 3294 4765 θεασάμενοι
3323 4698 3452 4761 τοὺς
3485 4696 3704 4762 Σκύθας

2109 4783 2248 4851 μετὰ
2267 4783 2375 4836 τῶν
2402 4784 2704 4854 μαστίγων,
2734 4785 3020 4856 ὑπέκυψαν
3041 4788 3114 4850 ὡς
3139 4789 3362 4852 οἰκείοις
3381 4787 3701 4854 δεσπόταις,

2107 4879 2203 4931 καὶ
2235 4876 2378 4930 οὑτω
2417 4877 2684 4950 κατελύθη
2715 4880 2744 4931 6
2766 4879 3019 4950 πόλεμος.

2445 5014 2536 5070 οδ⁴.
2578 5015 2719 5083 Περὶ
2751 5018 3115 5070 Θετταλικοτῖ
3144 5020 3354 5074 ἵππου.

2179 5127 2338 5182 Πᾶσα
2379 5127 2532 5192 πόλις
2557 5171 2571 5192 ,
2608 5129 2642 5200 ῆ
2687 5129 2841 5201 χώρα
2879 5129 2994 5200 ἔχει
3040 5149 3095 5183 τι
3146 5131 3428 5203 ἐξαίρετον
3462 5133 3696 5205 ἰδίωμαο

2106 5213 2238 5280 οἷον,
2277 5223 2309 5292 ή
2351 5221 2634 5275 Θετταλῶν
2681 5222 2835 5294 χώρα
2868 5222 2994 5293 ἔσχε
3026 5225 3151 5288 τοὺς
3185 5225 3416 5286 ἵππους·
3461 5226 3495 5294 ἡ
3539 5227 3701 5297 Ἀθη-

2107 5313 2294 5373 ναίων,
2328 5313 2395 5366 τὰ
2432 5313 2672 5383 μέταλλα
2700 5315 2795 5367 τοῦ
2823 5315 3066 5388 ἀργύρου
3089 5333 3103 5347 ·
3140 5318 3172 5387 ἡ
3213 5315 3390 5379 Ἰνδία,
3434 5318 3531 5388 τὴν
3563 5337 3702 5390 χρυ-

2109 5406 2284 5460 σίτιδα
2329 5405 2575 5474 ψάμμον·
2611 5405 2814 5476 ὁμοίως
2843 5409 2936 5460 καὶ
2969 5411 3000 5478 ἡ
3037 5409 3503 5480 Λακεδαιμονίων,
3529 5412 3700 5476 κύνας

2107 5500 2436 5570 θηρευτικάς
2482 5498 2668 5568 (ἐνθεν
2717 5499 2811 5552 καὶ
2854 5501 2903 5552 οἱ
2949 5501 3260 5555 Λακωνικοὶ
3311 5501 3539 5568 κύνες),
3603 5508 3699 5556 καὶ

2105 5598 2374 5664 γυναῖκας
2413 5592 2664 5665 ἀνδρείας
2703 5595 2798 5646 καὶ
2833 5593 3158 5664 ἀπτοήτους.
3210 5595 3378 5664 Ἔσχε
3416 5596 3474 5648 δὲ
3525 5599 3619 5649 καὶ
3665 5603 3699 5670 η

2176 5709 2254 5763 (3i
2292 5707 2372 5762 lii.
2411 5707 2669 5772 ἐάσαντες
2695 5709 2823 5772 τοὺς
2852 5709 3068 5772 οἰκέτας
3101 5709 3259 5764 οἴκοι.
