3856 6220
144 279 294 337 10ξό

972 271 1064 326 AD
1102 271 1162 327 S.
1191 267 1527 327 GBEGORII
1565 261 1776 322 ORAT.
1823 263 1842 316 1
1871 262 2155 321 CONTRA
2186 265 2539 323 JUIJANUM

3281 274 3418 344 ιοεο

144 394 372 450 Σικελία
409 392 594 466 πηγὴν
621 391 813 455 ὕδατος
850 389 1179 462 ’Δρέθουσαν
1196 388 1340 443 οὕτω
1370 385 1735 455 καλουμένηνο

1847 396 2028 441 amore
2053 392 2275 455 captum
2306 383 2479 441 fuisse
2523 384 2792 456 Alpheum
2833 401 3049 442 amnem
3084 385 3420 445 fabulantur.

140 484 215 560 ἦς
248 484 552 559 ἐρασθῆναι
577 484 669 538 τὸν
714 482 959 552 Ἀλφειὸν
992 481 1233 553 ποταμὸν
1263 478 1574 552 μυθεύουσι·
1597 475 1658 530 τὸ
1679 475 1739 530 δὲ

142 582 292 655 ὕδωρ
320 580 424 650 τῆς
457 576 806 650 Ἀρεθούσης,
837 575 1138 646 ἀκραιφνές
1162 589 1222 626 τε
1250 572 1346 625 καὶ
1370 570 1611 651 καθαρὸν
1644 570 1740 624 καὶ

140 671 349 740 γλυκύ.
384 671 550 739 Λέγει
577 664 670 723 οὖν
699 669 728 721 6
757 666 900 732 θεῖος
928 665 1251 738 Γρηγόριος,
1276 666 1357 719 ὅτι
1388 663 1577 734 ῶσπερ
1596 662 1738 716 ἔνιαι

141 763 329 836 χῶραι
378 763 473 816 καὶ
504 761 691 824 πόλεις
740 758 897 829 ἔσχον
936 774 989 811 τι
1024 758 1143 810 κατ’
1196 754 1475 826 ἐξαίρετον
1519 754 1735 823 ἰδίωμα,

140 852 294 908 οὕτω
322 852 383 906 τὸ
405 851 583 922 δόγμα
607 850 715 904 τῶν
738 845 1083 919 Χριστιανῶν
1126 838 1303 899 πάντα
1340 843 1536 905 ταῦτα.
1566 844 1738 916 ὀρφα-

139 948 469 1017 νοτροφεία,
505 942 759 1009 ξενῶνας,
792 941 1138 1012 νοσοκομεία,
1179 938 1610 1009 πτωχοτροφεϊα,
1642 936 1739 989 καὶ

142 1039 330 1092 πάντα
354 1039 424 1092 τὰ
449 1036 673 1090 τοιαῦτα
697 1033 898 1103 ἀγαθά.

288 1136 384 1184 σε’.
422 1128 565 1198 Περὶ
602 1127 714 1195 τῆς
738 1126 845 1180 τοῦ
877 1124 1200 1188 Πλάτωνος
1224 1121 1560 1188 Πολιτείας.

218 1223 450 1277 Πλάτων
494 1221 523 1273 6
577 1219 868 1288 φιλόσοφος
921 1215 1301 1287 συνεγράψατο
1343 1213 1626 1284 σύνταγμα
1649 1252 1665 1277 ,
1708 1210 1739 1264 6

141 1314 471 1369 Πολιτείαν
520 1310 850 1382 ἐπέγραψεν.
915 1310 1005 1362 Ἐν
1047 1309 1224 1380 τούτῳ
1265 1307 1345 1378 τῷ
1400 1307 1738 1377 συντάγματι

142 1407 327 1476 λέγει,
359 1405 549 1460 ὁποίαν
584 1405 664 1457 δεῖ
696 1401 950 1472 γενέσθαι
997 1401 1174 1466 πόλιν,
1206 1403 1299 1455 atati.
1340 1402 1404 1453 ὲκ
1437 1398 1606 1452 ποίων
1644 1398 1738 1451 ἅν-

140 1496 296 1569 δρῶν
324 1494 711 1567 συγκειμένην,
745 1495 841 1548 καὶ
880 1494 1056 1557 ποίοις
1097 1492 1242 1546 ἔθεσι
1291 1492 1385 1544 καὶ
1413 1491 1601 1560 νόμοις
1642 1506 1740 1541 πο-

140 1588 526 1660 λιτευομένην.
556 1586 706 1657 Αὕτη
735 1586 792 1640 δὲ
820 1585 1023 1656 αὑτῷἡ
1052 1585 1227 1648 πόλις,
1257 1583 1402 1653 λόγῳ
1433 1583 1580 1652 μόνῳ
1611 1598 1738 1633 συν⁶

140 1681 283 1751 ἐστη
302 1698 314 1712 ·
340 1679 488 1752 ἔργῳ
513 1678 589 1740 δὲ,
616 1677 740 1732 οὔτε
770 1679 1020 1748 συνέστη,
1050 1674 1175 1729 οὔτε
1205 1674 1612 1739 ἐπολιτεύσατο.
1651 1672 1739 1725 Ἐν

1845 472 2019 529 Porro
2070 474 2240 531 fontis
2281 476 2430 531 illius
2477 492 2622 547 aqua
2665 493 2802 548 pura
2834 486 2920 533 est
2953 487 3008 533 ct
3044 479 3289 549 limpida,
3321 482 3424 534 mi-

1845 580 2030 636 raeque
2066 566 2373 622 suavitatis.
2406 566 2497 622 Ait
2528 583 2660 639 ergo
2688 567 2985 640 Gregorius
3012 585 3026 622 :
3056 569 3425 635 Quemadmo-

1844 656 1973 710 dum
2019 657 2299 711 nonnullm
2341 659 2616 728 regiones.
2648 660 2813 716 urbes
2850 670 2907 715 et
2945 660 3096 715 cives
3142 663 3424 731 proprium

1845 758 2009 820 atque
2039 750 2301 804 eximium
2333 751 2552 820 aliquod
2581 751 2751 806 decus
2785 752 2989 807 habent
3020 771 3033 806 :
3064 752 3147 808 sic
3173 753 3425 809 doctrina

1843 841 2159 897 Christiana
2205 843 2319 898 haec
2364 844 2571 909 omnia,
2609 844 2981 913 orphanorum
3038 855 3202 916 atque
3241 825 3426 900 atra-

1845 946 2072 986 neorum
2107 931 2406 997 domicilia,
2435 934 2850 997 valetudinaria,
2882 950 2946 988 ac
2986 935 3102 990 loca
3136 936 3191 991 in
3223 938 3427 1006 quibus

1846 1039 2117 1095 pauperes
2147 1027 2389 1087 alantur,
2423 1037 2589 1097 atque
2617 1028 2803 1081 omnia
2836 1028 3153 1096 hujusinodi
3185 1029 3352 1084 bona.

2224 1118 2310 1172 75.
2356 1117 2432 1171 De
2460 1117 2702 1173 Platonis
2735 1117 3045 1187 Republica.

1915 1207 2288 1280 Philosophus
2340 1208 2500 1264 Plato
2558 1226 2698 1281 Opus
2742 1213 3095 1280 composuit,
3126 1210 3299 1281 ,quod
3350 1210 3425 1267 De

1846 1298 2131 1368 Republica
2164 1301 2466 1370 inscripsit.
2502 1302 2558 1355 ln
2589 1316 2655 1356 eo
2685 1302 2847 1356 docet
2885 1302 3104 1371 qualem
3135 1318 3259 1357 esse
3293 1304 3401 1357 civi

1846 1401 2037 1454 tatem,
2070 1408 2290 1462 quoque
2321 1409 2387 1447 ex
2419 1393 2701 1447 hominum
2739 1408 2970 1447 numero
3002 1402 3279 1459 constare,
3310 1405 3424 1449 tum

1845 1486 2048 1555 quibus
2110 1486 2360 1542 moribus
2421 1487 2744 1557 legibusque
2796 1486 3086 1557 gubernari
3149 1494 3425 1558 Oporteat.

1847 1576 1973 1632 llmc
2003 1592 2167 1648 porro
2189 1577 2386 1633 civitas
2414 1580 2669 1634 sermone
2697 1580 2817 1633 solo
2848 1579 2916 1634 ab
2950 1594 3015 1633 eo
3043 1587 3423 1649 coagmentata

1845 1676 1969 1724 est:
2006 1686 2065 1725 re
2095 1671 2212 1739 ipsa
2246 1678 2427 1725 autem
2461 1685 2562 1724 nec
2587 1677 2927 1734 constructa,
2965 1685 3066 1724 nec
3098 1672 3422 1741 gubernata.

139 1745 478 1840 castaneti}
519 1767 599 1838 τῷ
651 1745 996 1838 συντάγματι
1037 1766 1196 1819 τοῦτο
1238 1764 1299 1818 τὸ
1351 1763 1614 1835 ρησίδιον,
1659 1764 1740 1817 ὅτι

1849 1760 1904 1815 ln
1934 1762 2036 1815 hoc
2076 1762 2354 1818 volumine
2382 1763 2468 1816 his
2502 1763 2688 1816 verbis
2743 1762 2918 1816 utitur
2950 1781 2963 1816 :
2996 1761 3296 1829 Fingamus
3344 1762 3422 1832 (4)

155 1855 611 1910 ’Υποκείσθωσαν
656 1857 789 1927 ἡμῖν
821 1856 872 1908 οἱ
916 1855 1132 1908 πολῖται
1176 1852 1306 1907 τάδε
1338 1853 1738 1923 φθεγγόμενοι,

140 1949 218 2004 ῐν⁹
249 1948 452 2020 ἴδωμεν
486 1946 667 2001 αὐτῶν
695 1947 1028 2017 κινουμένην
1056 1946 1157 2017 τὴν
1189 1945 1453 1999 ἐπίνοιαν.

332 2130 438 2191 ος’.
466 2122 607 2192 Περὶ
636 2119 747 2189 τῆς
770 2121 877 2176 τοῦ
917 2120 1190 2175 Ἡσιόδου
1218 2120 1559 2190 Θεογονίας.

229 2216 479 2279 Ἡσίοδος
507 2211 589 2280 εἷς
616 2217 731 2268 ἐστι
750 2213 862 2267 τῶν
885 2212 1146 2284 ποιητῶν·
1179 2203 1239 2265 οὗ
1264 2211 1595 2282 πράττονται
1614 2210 1741 2281 τρία

140 2312 469 2383 1ποιήματα·
510 2311 545 2380 η
590 2307 898 2379 καλουμένη
951 2305 1269 2375 Θεογονία,
1309 2305 1379 2358 τά
1431 2303 1742 2375 καλούμενα

149 2404 337 2472 Ἔργα
350 2400 451 2455 καί
478 2399 710 2471 ἡμέραι,
734 2400 832 2454 καὶ
857 2402 891 2470 ἡ
923 2398 1235 2469 καλουμένη
1279 2397 1512 2462 Ἀσπίς.
1556 2394 1645 2448 Ἐν
1672 2397 1739 2466 τῇ

145 2490 245 2547 οὖν
267 2490 582 2564 καλουμένῂ
625 2492 911 2561 Θεογονίᾳ
937 2492 966 2543 6
1005 2489 1246 2552 Ἡσίοδος
1266 2489 1343 2559 (1)
1374 2488 1601 2558 ἄρχεται
1661 2486 1739 2555 (2)

145 2583 613 2657 καταριθμεῖσθαι
645 2582 747 2647 τὰς
792 2585 1037 2652 γενέσεις
1068 2580 1179 2635 τῶν
1221 2580 1380 2634 θεῶν·
1426 2580 1509 2633 ὃτι
1549 2579 1615 2632 ὲκ
1646 2577 1740 2631 τοῦ

145 2680 322 2750 χάους
378 2677 477 2732 καὶ
526 2680 591 2731 ὲκ
638 2675 734 2730 τοῦ
787 2676 1007 2749 αἰθέρος
1058 2675 1326 2746 ἐγεννήθη
1377 2676 1407 2728 6
1454 2673 1626 2727 δεῖνα·
1675 2674 1741 2726 ὲκ

142 2771 208 2825 δὲ
252 2770 351 2825 τοῦ
388 2770 622 2842 οὐρανοῦ
659 2770 754 2824 καὶ
802 2770 902 2838 τῆς
928 2769 1054 2839 γῆς,
1099 2770 1128 2822 ὁ
1165 2768 1401 2840 Κρόνος·
1439 2768 1504 2821 ὲκ
1545 2766 1603 2820 δὲ
1645 2763 1740 2818 τοῦ

144 2865 389 2937 Κρόνου,
432 2866 462 2918 ὁ
513 2865 670 2928 Ζεὺς,
716 2864 746 2916 6
771 2860 1065 2926 Ποσειδὼν,
1094 2863 1124 2915 6
1156 2860 1430 2915 Πλούτων.
1474 2854 1609 2913 Εἶτα
1646 2876 1745 2912 κα-

143 2954 383 3026 ταφέρει
451 2952 638 3027 σειρὰς
679 2952 853 3022 γενῶν
909 2953 1003 3006 καὶ
1064 2950 1203 3007 θεῶν
1245 2952 1578 3024 καινοτέρων
1628 2951 1743 3005 ὀνό-

150 3059 340 3115 ματα·
369 3045 466 3098 καὶ
494 3045 576 3099 ὅτι
603 3043 711 3097 οἵδε
751 3046 801 3098 οἱ
830 3044 966 3110 θεοὶ,
1002 3043 1140 3115 μετὰ
1164 3043 1333 3097 τῶνδε
1367 3045 1739 3116 ἐπολέμησαν·
1771 3096 1813 3116 ,η

145 3139 247 3190 καὶ
274 3137 385 3190 οἵδε
414 3136 697 3207 ἐνίκησαν,
731 3136 840 3189 οἶδε
868 3135 1202 3208 ἡττήθησαν,
1243 3137 1339 3190 καὶ
1372 3136 1480 3190 οἵδε
1516 3136 1743 3191 διεσπά-

146 3228 326 3299 ραξαν
368 3228 582 3299 τόνδεῆ
617 3228 786 3282 τόνδε.
825 3230 887 3283 Ol
936 3227 1045 3300 γὰρ
1083 3230 1312 3294 Τιτᾶνες
1344 3228 1592 3299 λέγονται
1627 3231 1744 3284 δια-

147 3320 435 3391 σπαράξαι
453 3320 545 3374 τὸν
566 3321 840 3377 Διόνυσον.
872 3321 955 3374 Τὰ
968 3321 1025 3374 δὲ
1048 3321 1290 3394 ὀνόματα
1312 3322 1505 3385 ταῦτα,
1531 3321 1567 3375 ἃ
1593 3322 1741 3393 λέγει

146 3410 388 3466 ἐνταῦθα
425 3413 455 3465 6
494 3412 829 3486 Γρηγόριος,
879 3406 989 3466 οἷον
1028 3412 1221 3467 Κῶτον
1273 3415 1368 3467 καὶ
1413 3414 1683 3486 Βριάρεω,
1713 3417 1743 3469 6

160 3506 411 3569 Ἠσίοδος
440 3504 588 3574 λέγει
619 3504 872 3574 γενέσθαι
898 3505 1048 3568 τινὰς
1072 3504 1393 3577 ἀνθρώπους
1418 3506 1527 3559 ἀπὸ
1548 3506 1741 3561 ἑκατὸν

147 3596 356 3670 χειρῶν
386 3597 645 3669 ἔχοντας,
677 3597 875 3661 οἵτινες
910 3596 1052 3668 μετὰ
1081 3597 1190 3650 τῶν
1228 3596 1368 3652 θεῶν
1394 3598 1741 3672 ἐπολέμησαν

146 3691 283 3753 τοὺς
308 3689 564 3754 Τιτᾶνας.
605 3692 667 3744 Ol
695 3691 805 3760 γὰρ
837 3691 1066 3754 Τιτᾶνες
1103 3690 1426 3761 μυθεύονται
1460 3692 1602 3746 κατὰ
1632 3691 1742 3745 τῶν

151 3780 299 3834 θεῶν
342 3781 735 3853 ἐπαναστῆναι,
779 3781 886 3845 ἓως
931 3774 993 3835 οὗ
1039 3781 1416 3854 ἐκεραύνωσεν
1469 3782 1667 3846 αὐτοὺς
1715 3785 1743 3837 6

150 3870 312 3934 Ζεύς.
353 3871 588 3943 Ὁμοίως
612 3871 669 3924 δὲ
695 3873 789 3926 καὶ
809 3871 1067 3944 περὶτῶν
1094 3872 1536 3945 δρακοντοπόδων
1565 3873 1744 3928 Ἠσίο-

147 3963 246 4026 δος
287 3961 435 4032 λέγει
455 4004 472 4028 ,
511 3964 595 4017 ὃτι
647 3963 1017 4036 ἐγεννήθησαν
1063 3964 1340 4037 ἄνθρωποι
1377 3966 1738 4036 δρακοντόπο-

146 4058 263 4120 δες.
315 4057 772 4130 Κεραυνοφόρους
823 4058 881 4111 δὲ
918 4058 1065 4129 Λέγει
1125 4059 1221 4115 νῦν
1263 4060 1441 4127 θεοὺς,
1505 4060 1741 4132 ἢαύτὸν

147 4149 247 4201 τὸν
290 4149 424 4216 Δία,
473 4149 550 4213 ὡς
592 4150 859 4222 κεραυνὸν
909 4152 1194 4220 ὲπαφέντα
1254 4154 1367 4217 τοῖς
1403 4153 1650 4223 Γίγασιν,
1704 4154 1737 4227 ἢ

147 4239 438 4311 Στεροπὴν
492 4239 568 4311 (5)
612 4240 647 4313 ἢ
703 4241 941 4316 Βρόντην
998 4242 1126 4307 τοὺς
1181 4242 1593 4314 χαλκεύσαντας
1660 4245 1741 4316 τῷ

147 4332 242 4386 Διὶ
279 4330 507 4405 βροντὴν
534 4334 628 4387 καὶ
656 4332 755 4406 τὴν
782 4335 1093 4407 ἀστραπὴν,
1122 4337 1216 4391 καὶ
1239 4339 1368 4402 τοὺς
1400 4339 1699 4410 κεραυνούς
1720 4353 1734 4366 '

149 4425 358 4496 νήσους
395 4423 454 4476 δὲ
502 4424 599 4477 καὶ
635 4424 764 4496 βέλη
808 4426 905 4479 καί
955 4425 1162 4496 τάφους
1204 4426 1355 4497 λέγει
1408 4428 1736 4499 ὲπαφεῑσθαι

149 4519 274 4580 τοῖς
316 4515 511 4584 Γίγασι
572 4516 725 4587 παρὰ
764 4516 873 4570 τῶν
932 4517 1091 4573 θεῶν.
1161 4518 1348 4575 Ταῦτα
1407 4517 1503 4575 οὖν
1568 4521 1738 4593 μυθοο

150 4610 327 4680 λογεῑ.
352 4608 435 4663 Τὰ
457 4609 514 4663 δὲ
542 4608 719 4680 πικρὰ
752 4610 958 4666 τούτων
1005 4612 1320 4685 γεννήματα
1364 4613 1544 4683 λέγει,
1577 4615 1659 4668 ὅτι
1681 4616 1749 4669 ἐκ

150 4700 255 4756 τοῦ
283 4702 515 4772 αἵματος
537 4701 647 4756 τῶν
663 4702 942 4771 Γιγάντων
969 4702 1145 4758 ταῦτα
1167 4705 1236 4760 τὰ
1257 4705 1611 4778 θανατηφόρα
1634 4704 1749 4772 ζῶα

151 4791 473 4861 γεγόνασιν,
487 4791 523 4845 ἃ
543 4792 708 4856 αὐτὸς
735 4793 1180 4865 καταριθμεῖται,
1200 4790 1311 4850 οἷον
1327 4797 1426 4870 τὴν
1446 4797 1746 4869 Χίμαιραν,

150 4882 249 4935 τὸν
272 4880 573 4952 Κέρϐερον,
594 4882 723 4953 περὶ
739 4875 814 4935 ὧν
837 4882 1142 4951 φθάσαντες
1165 4885 1414 4955 εἴπομεν.
1444 4885 1516 4939 Τὸ
1540 4884 1600 4938 δὲ
1616 4885 1748 4957 περὶ

151 4971 255 5034 τὰς
276 4969 568 5043 Γοργόνας,
594 4971 832 5025 τοιοῦτόν
852 4990 905 5026 τι
939 4969 1026 5043 ἦν’
1059 4974 1142 5028 ὅτι
1158 4976 1308 5046 τρεῖς
1323 4971 1465 5047 ἦσαν
1489 4979 1747 5045 γυναῖκες

151 5062 370 5133 φοϐερὰ
389 5063 644 5116 τοσοῦτον
670 5062 891 5134 ἔχουσαι
914 5063 985 5117 τά
1007 5063 1446 5136 πρόσωπα,ῶστε
1467 5068 1593 5131 τοὺς
1613 5068 1748 5122 θεωο

1843 1854 1992 1909 cives
2022 1854 2338 1924 hujusmodi
2373 1854 2941 1921 orationemhabere,
2976 1861 3036 1907 ut
3064 1869 3256 1909 eorum
3287 1870 3426 1908 con-

1844 1947 2031 2001 silium
2091 1948 2374 2017 animique
2424 1948 2705 2003 solertiam
2752 1962 2863 2000 non
2906 1947 3136 2002 inertem
3187 1961 3250 2001 ac
3288 1961 3423 2002 mor-

1843 2048 2014 2107 tuam,
2050 2038 2147 2094 sed
2172 2039 2351 2093 vivam
2400 2048 2664 2107 motuque
2697 2038 2980 2093 incitatam
3018 2036 3318 2093 videamus.

2210 2129 2300 2182 76.
2347 2128 2426 2183 De
2460 2127 2688 2183 Hesiodi
2725 2129 3047 2197 Theogonia.

1912 2218 2137 2275 Hesiodi
2167 2230 2419 2292 poemata
2460 2221 2564 2275 tria
2610 2230 2850 2284 exstant,
2886 2222 3211 2293 Tlieogonia,
3251 2225 3428 2297 Opera

1840 2321 1892 2367 et
1920 2312 2055 2375 dies,
2085 2321 2140 2366 et
2176 2310 2401 2367 Scutum
2441 2311 2709 2365 Herculis.
2758 2310 2816 2366 ln
2851 2312 3153 2383 Theogonia
3197 2317 3425 2371 deorum

1842 2412 2001 2460 ortus
2029 2419 2355 2460 enumerare
2386 2404 2604 2474 incipit,
2636 2404 2896 2458 nimirum
2925 2404 3072 2473 quod
3102 2421 3167 2461 ex
3198 2407 3338 2462 chao
3371 2416 3428 2463 et

1841 2495 2045 2549 aethere
2076 2502 2239 2549 natus
2270 2494 2342 2549 sit
2374 2495 2485 2558 ille,
2511 2511 2577 2550 ex
2610 2495 2752 2550 caelo
2777 2504 2831 2549 et
2852 2503 3000 2550 terra
3030 2497 3327 2567 Saturnus,
3359 2517 3427 2555 ex

1843 2587 2086 2640 Saturno
2108 2584 2346 2656 Jupiter,
2387 2584 2675 2657 Neptunus
2724 2595 2780 2641 et
2831 2585 3014 2641 Pluto.
3050 2588 3246 2645 Postea
3277 2601 3427 2647 cate-

1843 2691 1969 2731 nam
2023 2674 2318 2746 quamdam
2381 2690 2645 2746 generum
2696 2675 3037 2747 deorumque
3095 2680 3427 2736 recentioris

1844 2768 2087 2824 nominis
2116 2769 2338 2823 deducit
2371 2777 2711 2838 :narratque
2747 2769 3205 2839 quemadmodum
3240 2771 3295 2825 hi
3348 2772 3425 2827 dii

1844 2875 1969 2915 cum
2008 2860 2118 2915 illis
2159 2860 2499 2921 dimicarint,
2535 2868 2700 2928 atque
2742 2860 2795 2913 hi
2840 2860 2993 2914 illum
3031 2872 3124 2915 aut
3154 2861 3278 2917 illos
3310 2862 3427 2918 dis-

1845 2957 2171 3024 cerpserint.
2224 2951 2450 3008 Titanes
2497 2953 2645 3007 enim
2680 2952 2954 3008 Bacchum
2998 2955 3301 3011 dilaniasse
3343 2956 3427 3011 fe-

1845 3052 2065 3099 runtur.
2108 3043 2233 3099 Haec
2266 3060 2433 3115 porro
2478 3046 2703 3100 nomina
2744 3061 2866 3117 quae
2908 3046 3015 3101 hoc
3063 3047 3184 3102 loco
3221 3047 3428 3117 profert

1844 3136 2161 3206 Gregorius,
2209 3138 2362 3190 velut
2410 3135 2632 3215 cottum
2682 3144 2738 3193 et
2787 3137 3095 3203 Briareum,
3153 3120 3427 3195 Hesiodus

1841 3230 2384 3301 hominesqnosdam
2408 3231 2755 3287 centimanos
2778 3231 2952 3288 fuisse
2968 3232 3123 3299 dicit,
3144 3237 3237 3301 qui
3262 3234 3427 3289 simul

1843 3338 1971 3377 cum
2001 3323 2109 3378 diis
2136 3322 2405 3377 adversus
2436 3322 2687 3394 gigantes
2716 3323 2932 3378 bellum
2968 3333 3278 3394 gesserunt.
3314 3324 3428 3381 llos

1843 3415 1991 3470 enim
2037 3413 2309 3470 adversus
2353 3413 2487 3469 deos
2536 3413 2908 3471 insurrexisse
2949 3415 3180 3487 lingunt,
3214 3418 3428 3486 quoad-

1845 3522 2021 3577 usque
2054 3506 2273 3561 tandem
2304 3504 2457 3560 Jovis
2491 3504 2720 3562 fulmine
2765 3508 3017 3577 oppressi
3054 3516 3202 3562 sunt.
3234 3508 3429 3564 Consi-

1844 3601 1961 3654 mili
1987 3616 2210 3671 quoque
2245 3599 2410 3654 modo
2437 3600 2687 3656 homines
2716 3599 2984 3670 quosdam
3014 3601 3298 3657 exstitisse
3330 3604 3426 3667 ait,

1844 3692 1941 3762 qui
1964 3692 2267 3747 draconum
2308 3691 2476 3762 pedes
2510 3691 2797 3746 haberent.
2825 3690 3212 3747 Fulminiferos
3245 3700 3429 3748 autem

1843 3786 1979 3842 deos
2022 3791 2206 3849 vocat,
2240 3785 2329 3838 vel
2373 3782 2563 3839 Jovem
2605 3784 2809 3854 ipsum,
2862 3791 2924 3838 ut
2969 3785 3063 3855 qui
3113 3786 3428 3856 gigantibus

1845 3877 2053 3933 fulmen
2099 3876 2413 3937 immiserit,
2445 3876 2531 3930 vel
2560 3879 2724 3930 etiam
2763 3876 3029 3947 Steropen
3064 3885 3118 3931 et
3157 3875 3422 3939 Bronten,

1843 3971 1939 4041 qui
1977 3970 2188 4024 tonitru
2236 3977 2292 4024 et
2338 3968 2522 4039 fulgur
2553 3967 2675 4023 Jovi
2724 3968 2978 4024 fabricati
3021 3977 3168 4024 sunt.
3206 3967 3422 4023 Insulas

1845 4077 2009 4135 porro
2035 4071 2151 4117 tum
2176 4076 2275 4132 pro
2300 4060 2519 4131 sagittis
2540 4068 2656 4115 tum
2689 4075 2791 4129 pro
2816 4060 3088 4130 sepulcris
3111 4060 3424 4130 gigantibus

1844 4156 2123 4210 immissas
2156 4168 2188 4206 a
2221 4152 2331 4206 diis
2362 4150 2535 4206 fuisse
2578 4151 2862 4221 contingit.
2916 4150 3116 4206 Acerbi
3149 4158 3332 4205 autem
3374 4157 3431 4205 et

1843 4246 2168 4303 amarulenti
2189 4244 2451 4310 fetus.qui
2479 4259 2541 4298 ex
2569 4243 2849 4314 gigantum
2871 4257 3067 4296 cruore
3082 4240 3429 4311 prodierunt,

1843 4338 2126 4395 mortifera
2180 4337 2296 4392 haec
2349 4335 2652 4389 animantia
2689 4333 3057 4396 exstiterunt,
3109 4334 3261 4387 velut
3307 4347 3430 4402 qua:

1845 4435 1965 4504 ipse
1989 4439 2302 4497 enumerat,
2339 4428 2573 4501 hydram
2617 4441 2816 4496 nempe
2845 4427 2990 4495 (qua:
3026 4425 3305 4495 centiceps
3337 4425 3432 4481 ille

1846 4539 2076 4592 serpens
2114 4529 2256 4588 erat,
2298 4536 2461 4591 quem
2510 4518 2778 4573 Hercules
2826 4516 3148 4578 interfecit),
3200 4517 3431 4571 chima-

1845 4632 1987 4678 ram,
2014 4629 2201 4686 quam,
2233 4629 2359 4669 cum
2401 4612 2471 4667 de
2501 4627 2564 4666 ea
2600 4610 2756 4681 prius
2786 4609 2953 4665 verba
2992 4609 3323 4673 faceremus,
3358 4610 3430 4663 ab

1845 4709 2127 4766 anteriore
2157 4714 2315 4779 parte
2340 4706 2578 4766 leonem,
2609 4718 2639 4757 a
2676 4703 2985 4773 posteriore
3010 4702 3330 4766 draconem,
3363 4715 3430 4755 ac

1846 4801 2030 4858 medio
2065 4813 2297 4869 corpore
2331 4796 2650 4852 chimaeram
2675 4796 2853 4865 ignem
2890 4793 3147 4849 faucibus
3174 4808 3431 4849 evomen-

1844 4902 1956 4949 tem
1994 4907 2120 4949 esse
2163 4890 2427 4952 diximus,
2471 4903 2501 4942 a
2542 4887 2969 4958 Bellerophonte
3008 4900 3329 4956 oppressam
3371 4891 3430 4939 et

1844 4984 2193 5042 exstinctam.
2226 4981 2709 5049 Consimiliterque
2745 4979 2813 5033 de
2842 4978 3082 5034 Cerbero
3112 4992 3422 5033 sermonem

1845 5076 2165 5136 habuimus,
2211 5072 2473 5127 nimirum
2514 5085 2708 5124 canem
2760 5068 3057 5137 tricipitem
3104 5066 3296 5131 fuisse,
3329 5065 3425 5135 qui

157 5155 359 5226 μένους
377 5155 549 5217 αὑτὰς
572 5154 888 5227 παραυτίκα
906 5154 1538 5225 άποθνήσκειν.Λέγεται
1559 5159 1638 5223 δὲ,
1664 5160 1746 5213 ὅτι

1849 5171 2152 5224 inferorum
2189 5175 2377 5237 portas
2404 5163 2596 5218 sedqu
2632 5160 2958 5228 custodiret,
2994 5174 3058 5213 ac
3082 5156 3391 5213 descendent
3413 5188 3425 5196 -

150 5249 183 5300 ὀ
206 5248 454 5319 Περσεὺς
480 5248 581 5317 τὴν
614 5248 745 5319 μίαν
769 5246 976 5301 τούτων
997 5247 1175 5301 ἀνεῖλε
1201 5247 1282 5318 τῷ
1304 5249 1743 5324 λογχοδρεπάνῳ.

1847 5269 1930 5316 tes
1982 5255 2203 5327 quidem
2258 5255 2327 5308 ad
2370 5252 2579 5306 inferos
2627 5252 2913 5313 mulceret,
2966 5265 3062 5304 eos
3112 5255 3294 5301 autem
3331 5245 3428 5316 qui

154 5340 462 5396 ascendere
503 5340 868 5402 conabantur,
911 5338 1171 5394 dentibus
1204 5347 1415 5410 peteret
1470 5359 1534 5398 ac
1581 5348 1917 5409 devoraret:
1969 5362 2132 5418 quem
2172 5343 2437 5399 Hercules
2488 5341 2860 5398 obtruncavit.
2914 5337 3070 5407 Quod
3119 5346 3302 5392 autem
3361 5333 3432 5387 ad

154 5431 447 5502 Gorgones
490 5432 706 5495 attinet,
746 5439 860 5487 tres
903 5441 1062 5487 crant
1094 5433 1354 5488 mulieres
1391 5437 1528 5493 adeo
1562 5446 1874 5501 truculento
1917 5450 2083 5512 atque
2132 5437 2385 5515 horribili
2422 5444 2672 5506 aspectu,
2709 5442 2769 5487 ut
2815 5431 3069 5502 quisquis
3105 5446 3198 5486 cas
3249 5430 3434 5484 intus-

157 5526 345 5588 batur,
405 5523 592 5579 statim
635 5533 941 5580 moreretur
971 5542 984 5577 :
1022 5539 1257 5594 quarum
1313 5541 1479 5582 unam
1535 5530 1725 5589 lancea
1760 5551 1859 5590 sua
1889 5532 2124 5588 Perseus
2159 5528 2468 5583 trucidasse
2496 5525 2718 5581 dicitur.

1923 5706 2002 5785 is)
2042 5714 2121 5785 ω.
2166 5712 2519 5785 ’δετερόπην-
2604 5676 2609 5681 ”

342 5709 721 5789 τερατρδη
746 5712 841 5765 καὶ
875 5710 1054 5783 μάχας
1082 5709 1192 5764 τῶν
1221 5710 1360 5765 θεῶν
1382 5710 1674 5783 διηγεῖται.
1923 5709 2002 5789 ἐξ)
2166 5712 2519 5789 ’.δστερόπην
2622 5780 2647 5789 η
2730 5779 2740 5789 .

632 5780 719 5836 δέ.
876 5780 885 5782 ἡ
954 5780 986 5783 ’“
1458 5780 1495 5783 ⁷⁷
1926 5780 2003 5858 (4)
2048 5783 2172 5841 llacc
2201 5780 2431 5839 Nonnus
2452 5780 2582 5853 ipse
2618 5780 2790 5851 tingit.

232 5778 312 5858 (ε)
349 5781 426 5836 Id.
464 5778 590 5837 add.
632 5781 709 5836 δέ.
