3856 6220
448 273 582 327 ιρι]

1045 471 1147 510 sua
1190 454 1420 507 cithara.

514 542 771 615 Orpheus
797 545 1043 601 musicus
1073 555 1285 600 tantum
1311 546 1581 601 suavitate
1611 552 1810 599 cantus
1841 544 2029 608 valuit,

450 646 511 689 ut
527 652 614 699 eo.
657 637 742 692 vel
779 639 954 707 magia
987 638 1171 706 potius
1209 652 1307 691 sua
1336 652 1574 706 quercus
1615 638 2032 703 animantesque

448 728 682 781 rationis
713 737 971 797 expertes
998 737 1164 797 atque
1212 727 1348 781 adeo
1379 742 1512 780 saxa
1552 735 1606 781 et
1641 726 1837 781 fluvios
1869 726 1938 779 ad
1974 742 2033 780 se

450 819 811 886 pertraheret.
860 816 1035 885 Hujus
1078 824 1327 886 poemata
1375 816 1866 881 circumferuntur,
1912 831 2034 886 qua:

448 926 550 981 pro
581 911 850 980 theologia
895 910 1131 981 gentiles
1188 908 1414 962 habent.
1452 906 1507 961 In
1550 907 1637 961 his
1674 909 1902 961 deorum
1951 923 2035 961 or-

448 1002 607 1057 dines
638 1002 950 1071 seriemque
980 1018 1045 1055 ac
1069 1003 1459 1056 nonnullorum
1490 1001 1734 1054 facinora
1760 1001 2031 1069 quadam,

447 1109 680 1164 qumque
736 1094 1099 1163 quorumdam
1155 1093 1499 1147 caeremoniae
1558 1099 1723 1160 atque
1782 1090 2035 1144 initiandi

447 1186 614 1248 ritus,
646 1194 699 1239 et
730 1186 825 1256 qui
864 1201 1047 1240 rerum
1085 1184 1395 1253 aliquarum
1435 1191 1691 1253 parentes
1719 1182 2036 1237 effectores-

447 1293 556 1346 que
596 1277 705 1331 sint
742 1286 1007 1330 recenset.
1066 1274 1243 1342 Hujus
1292 1274 1461 1344 igitur
1510 1273 1714 1343 Orphei
1770 1272 2036 1326 nonnulla

449 1354 704 1445 producit
755 1367 1059 1438 Gregorius
1101 1383 1224 1438 qua:
1270 1366 1339 1421 de
1370 1364 1504 1420 Jove
1549 1375 1603 1419 et
1636 1366 1840 1419 Cerere
1881 1364 2033 1417 dicta

449 1468 598 1513 Sltlll.
626 1458 816 1513 Priora
847 1460 993 1514 enim
1034 1458 1100 1512 de
1135 1457 1270 1512 Jove
1301 1459 1457 1520 dicit,
1491 1460 1799 1529 posteriora
1838 1459 1905 1510 de
1935 1456 2033 1510 Cc-

449 1564 591 1601 rerc.
644 1547 722 1603 Ac
772 1564 969 1604 sensus
1013 1551 1232 1618 quidem
1283 1548 1478 1602 borum
1531 1564 1788 1603 versuum
1827 1548 1919 1618 qui
1968 1548 2034 1600 ad

450 1637 642 1693 Jovem
677 1649 948 1708 spectant,
973 1650 1057 1695 est
1088 1641 1211 1693 talis
1242 1658 1256 1694 :
1292 1638 1336 1693 Ο
1365 1638 1576 1709 Jupiter
1606 1640 1865 1710 gloriose,
1901 1639 2035 1693 deo-

1803 265 2033 322 NONNU
2047 265 2084 318 S
2113 266 2153 317 Α
2165 263 2288 317 ιιιιλ
2300 262 2339 315 S

446 382 535 437 77.
578 384 655 437 De
685 400 745 437 eo
771 383 909 454 quod
936 385 1013 438 ait
1035 382 1343 453 Gregorius.
1377 382 1615 449 Orpheus
1643 390 1881 436 transeat
1904 396 2023 433 cum
2054 383 2102 437 Λ

3568 250 3734 303 .1023

2364 414 2367 419 λ
2428 375 2524 437 0;".
2574 373 2710 439 Περὶ
2761 367 3011 437 Ὀρφέως
3040 365 3136 418 καὶ
3171 359 3437 430 κιθάρας.

2218 531 2449 602 Ὀρφεὺς
2476 525 2667 595 γέγονε
2708 521 2986 592 μουσικὸς,
3013 516 3166 590 Θρᾲξ
3190 517 3254 571 τὸ
3277 516 3450 584 γένος·
3486 516 3549 575 ὃς
3574 513 3737 583 λέγει·

2132 644 2219 679 ται
2239 624 2382 677 οὕτω
2417 615 2704 691 προσηνῶς
2728 614 2823 669 καὶ⁸
2838 611 3089 684 ἐκμελῶς
3125 611 3202 674 (ί)
3236 605 3389 680 ᾆσαι,
3426 607 3505 669 ὡς
3529 608 3739 659 ἐπακο-

2133 718 2341 771 λουθεῖν
2360 717 2425 785 τῇ
2447 712 2557 784 ᾡδῇ
2586 708 2774 769 αὐτοῦ,
2806 702 3006 778 μῖἄλλον
3025 704 3082 757 δὲ
3102 705 3169 772 τῇ
3197 700 3421 771 μαγείᾳ,
3450 699 3553 762 τὰς
3576 698 3737 768 δρῦς,

2134 812 2229 863 καὶ
2257 808 2365 861 τῶν
2406 806 2561 869 ζώων
2606 796 2673 855 τὰ
2702 798 2895 869 ἄλογα,
2931 796 3027 850 καὶ
3065 796 3194 857 τοὺς
3233 792 3438 854 λίθους,
3476 791 3575 844 καὶ
3608 791 3739 851 τοὺς

2135 901 2433 971 ποταμούς.
2473 895 2676 949 Τούτου
2709 893 2767 945 δὲ
2804 891 3061 960 φέρονται
3106 888 3411 956 ποιήματα,
3457 883 3623 936 ἆτινα
3664 883 3742 943 ὡς

2136 994 2412 1060 θεολογίας
2436 989 2649 1058 ἔχουσιν
2674 984 2955 1052 Ἕλληνες.
2994 979 3084 1032 Ἐν
3107 978 3163 1030 δὲ
3196 976 3409 1039 τούτοις
3434 978 3550 1038 τοῖς
3580 974 3745 1040 ποιῆ-

2141 1103 2292 1154 μασι,
2322 1083 2408 1135 διὰ
2445 1079 2689 1151 μυθικῶν
2717 1074 3003 1145 συμόὀλων
3039 1070 3118 1141 (2)
3154 1068 3304 1138 λέγει
3339 1067 3441 1130 τὰς
3463 1068 3573 1120 τῶν
3594 1067 3743 1119 θεῶν

2136 1177 2317 1241 τάξεις
2364 1176 2459 1228 καὶ
2499 1171 2719 1241 σειρὰς,
2766 1169 2862 1221 καὶ
2899 1167 3061 1219 τίνων
3092 1164 3217 1216 τίνα
3247 1161 3423 1233 ἔργα,
3471 1161 3568 1213 καὶ
3605 1161 3743 1212 ποῖα

2137 1271 2297 1322 τίνων
2326 1266 2662 1334 τελέσματα,
2700 1261 2793 1314 καὶ
2828 1259 2975 1321 τίνες
3011 1256 3175 1309 τίνων
3211 1253 3562 1326 δημιουργοί.
3591 1251 3740 1305 Τού-

2136 1379 2230 1415 του
2274 1360 2455 1413 τοίνυν
2501 1353 2594 1409 τοῦ
2652 1352 2901 1425 Ὀρφέως
2950 1350 3069 1405 ἔνια
3119 1348 3227 1418 ἔπη
3289 1343 3668 1417 παρατίθησιν
3710 1343 3745 1395 ὁ

2139 1453 2282 1517 θεῖος
2316 1450 2638 1521 Γρηγόριος,
2676 1446 2712 1500 ἆ
2742 1447 2847 1497 είσι
2889 1444 3017 1514 περὶ
3043 1440 3137 1494 τοῦ
3161 1440 3283 1502 Διὸς
3315 1437 3608 1508 εἰρημένα,
3646 1439 3747 1490 καὶ

2136 1546 2237 1614 τῆς
2276 1545 2582 1619 Δήμητρος.
2624 1538 2705 1591 Τὰ
2751 1537 2849 1607 μὲν
2888 1534 3000 1604 γὰρ
3054 1531 3251 1603 πρῶτα
3296 1531 3423 1601 περὶ
3471 1528 3568 1582 τοῦ
3616 1529 3746 1590 Διὸς

2138 1639 2309 1706 λέγει,
2336 1637 2405 1690 τὰ
2445 1635 2502 1688 δὲ
2533 1633 2738 1703 ὕστερα
2768 1629 2897 1700 περὶ
2937 1629 3035 1698 τῆς
3068 1627 3380 1696 Δήμητρος.
3410 1624 3522 1678 Καὶ
3554 1626 3582 1675 ὁ
3614 1622 3747 1683 νοῦς

452 1747 572 1783 rum
621 1732 865 1784 omnium
921 1732 1191 1796 maxime,
1229 1732 1320 1800 qui
1366 1732 1494 1784 timo
1537 1732 1687 1784 ouuti
1729 1731 2033 1785 contineris

2176 1732 2238 1782 ἐν
2266 1728 2374 1781 τῶν
2400 1727 2530 1796 περὶ
2556 1723 2652 1777 τοῦ
2679 1721 2799 1783 Διὸς
2827 1718 2994 1780 ἐπῶν,
3023 1710 3179 1777 οὗτός
3213 1717 3384 1767 ἐστιν·
3421 1714 3505 1766 ὅτι
3531 1710 3606 1763 Ὃ
3637 1711 3746 1765 Ζεῦ

449 1830 561 1874 tam
611 1822 820 1885 ovium,
870 1838 1031 1890 quam
1086 1836 1377 1890 equorum,
1410 1835 1683 1889 quamque
1733 1819 2027 1874 mulormn.

449 1916 572 1978 Quo
608 1913 861 1968 videlicet
886 1914 1131 1967 carmine
1160 1912 1413 1982 Orpheus
1440 1910 1628 1965 Jovem
1661 1927 1835 1979 usque
1867 1913 2031 1965 etiam

450 2007 515 2059 ad
542 2008 808 2076 pecudum
839 2022 905 2059 ac
931 2007 1304 2075 iumentorum
1339 2013 1553 2060 stercus
1581 2005 1855 2057 viviticam
1879 2020 2033 2058 suam

451 2095 773 2150 facultatem
824 2098 1079 2150 emittere
1120 2096 1487 2165 signiﬁcabat.
1535 2096 1812 2149 Carminis
1854 2104 2034 2150 autem

449 2189 520 2243 de
565 2189 765 2243 Cerere
813 2189 901 2241 hic
948 2199 1030 2243 est
1087 2187 1517 2247 sensuszneam
1544 2187 1764 2242 sublato
1809 2202 2038 2257 corpore

451 2283 660 2338 femora
699 2299 796 2336 sua
834 2282 1113 2337 detexisse
1155 2292 1213 2336 ut
1249 2282 1475 2335 amasiis
1515 2283 1632 2335 suis
1672 2282 1923 2351 corporis
1952 2282 2037 2336 sui

449 2376 667 2443 copiam
691 2374 918 2430 faceret.
953 2374 1167 2440 Quibus
1192 2373 1376 2427 verbis
1405 2370 1656 2442 Orpbeus
1680 2372 1895 2427 Cereris
1926 2374 2036 2426 vim

453 2481 519 2519 ac
562 2466 879 2520 facultatem
914 2466 980 2519 iis
1027 2482 1056 2518 a
1109 2466 1310 2534 quibus
1353 2464 1649 2534 expetitur,
1692 2465 1747 2517 in
1780 2471 2037 2533 promptu

452 2574 579 2613 esse
614 2559 821 2619 innuit,
871 2574 1102 2626 eamque
1149 2566 1397 2626 paratam
1448 2555 1515 2607 ad
1566 2571 1687 2609 sese
1735 2556 1872 2625 ipsis
1902 2557 2038 2609 dan-

452 2652 607 2716 dam,
656 2666 860 2720 eosque
914 2649 1236 2719 explendas.
1293 2647 1460 2702 Divus
1509 2648 1693 2717 itaque
1741 2646 2035 2718 Gregorius

454 2745 556 2796 hoc
585 2742 730 2797 velut
751 2740 955 2795 ftedum
980 2749 1145 2810 atque
1167 2743 1490 2802 obscenum,
1520 2749 1682 2806 atque
1711 2738 1841 2791 il!ud
1869 2742 2033 2793 etiam

451 2831 602 2889 Jovis
641 2840 700 2885 ut
730 2835 1005 2902 impurum
1041 2829 1298 2893 traducit,
1348 2829 1655 2898 meritoque
1686 2830 1922 2899 sugillat.

2132 1820 2308 1886 ἕνδοξε
2344 1819 2439 1873 καὶ
2482 1817 2708 1887 μέγιστε
2747 1812 2855 1865 τῶν
2899 1812 3118 1864 πάντων
3166 1806 3328 1868 θεῶν,
3373 1805 3748 1876 περιεχόμενε

2132 1916 2198 1984 τῇ
2231 1912 2421 1983 κόπρῳ
2445 1909 2618 1981 πάσῃ,
2651 1908 2751 1976 ὅση
2780 1922 2838 1957 τε
2866 1902 3178 1974 προϐάτων,
3202 1900 3304 1968 ὃοη
3338 1915 3400 1950 τε
3429 1897 3620 1949 ἵππων
3648 1896 3748 1949 καὶ

2134 2003 2395 2074 ἡμιόνων.
2434 1997 2647 2067 Μηλείη
2690 1996 2747 2048 δὲ
2781 1995 2989 2063 κόπρος
3021 1991 3171 2045 ἐστὶν
3195 1991 3228 2059 ἡ
3268 1988 3379 2040 τῶν
3406 1988 3707 2058 προϐάτων
3728 2003 3742 2014 ·

2139 2096 2283 2166 μῆλα
2312 2093 2421 2162 γὰρ
2459 2091 2528 2143 τὰ
2556 2088 2825 2160 πρόϐατα.
2860 2086 2957 2137 Διὰ
3000 2082 3157 2135 τοῦδε
3190 2080 3284 2133 τοῦ
3320 2080 3486 2143 ἔπους
3517 2080 3686 2149 δῆθεν
3716 2083 3747 2132 ὁ

2152 2187 2381 2258 Ὀρφεὺς
2411 2183 2710 2252 ἐσήμανεν,
2739 2179 2821 2231 ὅτι
2854 2178 2882 2228 ὁ
2913 2176 3048 2238 Ζεὺς
3081 2175 3212 2244 ἄχρι
3245 2173 3342 2224 καὶ
3384 2172 3485 2241 τῆς
3529 2171 3750 2241 κτηνῶ-

2137 2279 2260 2340 δους
2292 2276 2422 2346 ὖλης
2455 2272 2734 2343 ἐκπέμπει
2768 2269 2867 2332 τὰς
2902 2265 3099 2320 ἑαυτοῦ
3132 2264 3436 2332 ζωογόνους
3454 2264 3748 2331 δυνάμεις.

2142 2370 2185 2422 Τ
2188 2370 2250 2422 οὗ
2277 2369 2335 2422 δὲ
2373 2368 2506 2436 περὶ
2530 2365 2630 2434 τῆς
2664 2364 2952 2431 Δήμητρος
2980 2358 3146 2419 ἔπους
3176 2359 3203 2409 ὁ
3224 2355 3350 2419 νοῦς
3378 2356 3531 2407 ἐστιν
3562 2349 3745 2415 οὗτος

2136 2464 2218 2515 ὃτι
2260 2457 2633 2529 Ἐπαιρομένη
2664 2458 2698 2524 ἡ
2738 2452 2856 2517 θεὰ,
2896 2451 3023 2512 τοὺς
3072 2448 3274 2516 ἑαυτῆς
3305 2448 3517 2518 μηροὺς
3548 2445 3751 2497 ἁνεςύος

2149 2569 2279 2625 ρατο
2304 2550 2488 2622 (λέγει
2527 2548 2584 2600 δὲ
2618 2545 2746 2617 περὶ
2786 2543 2894 2595 τῶν
2936 2540 3223 2611 ἱματίων),
3269 2538 3377 2593 ἵνα.
3427 2538 3585 2605 φησι,
3618 2538 3755 2597 τους

2145 2644 2391 2717 ἐρῶντας
2422 2641 2591 2710 αὐτῆς
2626 2635 2835 2709 ἀξιώσῃ
2859 2634 2955 2703 τῆς
2996 2631 3303 2693 συνουσίας.
3332 2628 3433 2682 Διὰ
3454 2630 3513 2682 δὲ
3537 2628 3752 2681 τούτων

2144 2741 2172 2790 ὁ
2219 2737 2452 2808 Ὀρφεὺς
2484 2733 2815 2789 αἰνίττεται,
2847 2728 2929 2781 ὃτι
2970 2726 3005 2796 ἡ
3048 2723 3168 2777 θεία
3195 2722 3424 2792 δύναμις
3464 2725 3582 2785 τοῖς
3629 2723 3757 2773 ἐπιο

2145 2828 2408 2900 θυμοῦσιν
2438 2825 2608 2894 αὐτῆς
2627 2862 2642 2885 ,
2673 2821 2891 2890 ἕτοιμος
2928 2816 3140 2885 γίνεται
3168 2812 3262 2867 τοῦ
3305 2811 3591 2866 ἐπιδοῦναι
3623 2814 3757 2866 ἐαυ-

452 2927 550 2998 τὴν
577 2927 671 2979 καὶ
704 2928 908 2996 μυῆσαι
942 2924 1159 2989 αὐτούς.
1197 2925 1255 2977 Ὀ
1282 2920 1374 2977 οὖν
1413 2923 1554 2985 θεῖος
1593 2924 1913 2995 Γρηγόριος,
1948 2926 2021 2990 ὡς
2061 2928 2156 2980 καὶ
2191 2925 2380 2978 τούτου
2406 2923 2559 2984 ὄντος
2586 2916 2836 2989 αἰσχροῦ,
2862 2916 2955 2969 καὶ
2974 2914 3069 2966 τοῦ
3101 2914 3228 2984 περὶ
3254 2910 3347 2963 τὸν
3369 2909 3469 2962 Δία
3495 2910 3754 2981 ἀκαθάρ-

452 3037 567 3083 του,
598 3019 843 3089 διασύρει
883 3019 974 3072 καὶ
1004 3017 1233 3088 διαγελᾷ
1260 3017 1457 3079 αὐτοὺς
1489 3016 1676 3082 ἀξίως.

794 3110 886 3163 78.
929 3108 1007 3162 De
1039 3108 1279 3162 Pltauete
1308 3117 1357 3161 et
1394 3105 1696 3175 Ericapazo.

526 3198 581 3252 ln
602 3198 856 3269 Orphicis
894 3200 1162 3268 poematis
1192 3198 1306 3251 haec
1327 3196 1438 3250 duo
1473 3197 1705 3250 nomina
1733 3194 1896 3250 simul
1914 3210 2037 3249 cum

453 3294 577 3348 aliis
604 3293 789 3348 multis
812 3293 1167 3346 inducuntur.
1193 3289 1267 3343 Ex
1286 3289 1490 3359 quibus
1511 3287 1805 3343 Pltanetem
1834 3286 2043 3341 inducit

455 3399 650 3456 penem
688 3393 836 3439 retro
862 3383 1012 3437 circa
1059 3390 1217 3436 nates
1252 3382 1545 3435 habentem
1580 3382 1881 3448 :aiuutque
1915 3393 2040 3432 eum

456 3474 690 3529 viviticte
719 3474 1003 3529 facultatis
1042 3470 1329 3542 praesidem
1366 3479 1535 3540 atque
1565 3470 1871 3525 antistitem
1896 3484 2041 3524 esse.

456 3567 750 3622 Gonsimili
788 3566 955 3621 modo
997 3564 1343 3633 Ericapmum
1392 3563 1483 3616 alii
1523 3562 1763 3630 cuipiam
1797 3560 2044 3615 facultati

461 3674 698 3729 praeesse
726 3666 982 3713 narrant.
1012 3654 1172 3722 Quod
1205 3663 1388 3709 autem
1430 3654 1497 3709 de
1523 3670 1609 3719 eo,
1643 3653 1735 3723 qui
1764 3652 1897 3707 deos
1927 3668 2045 3706 om-

458 3768 559 3808 nes
600 3751 918 3816 devorabat,
955 3750 1222 3819 loquitur,
1256 3763 1362 3801 non
1396 3745 1734 3815 Erirapaeum
1767 3744 2042 3815 intelligit,

460 3845 557 3901 sed
600 3844 924 3899 Saturnum.
956 3841 1057 3896 Hic
1088 3841 1234 3896 enim
1264 3840 1410 3895 filios
1448 3837 1588 3893 duos
1624 3853 1764 3907 quos
1790 3851 2048 3907 procrea-

459 3944 568 3999 rat,
624 3935 943 3994 devorasse,
998 3948 1063 3986 ac
1112 3932 1407 3985 devoratus
1458 3929 1769 3983 evomuisse
1816 3926 2042 3980 dicitur.

458 4024 597 4080 Nam
627 4041 750 4078 cum
780 4022 932 4079 Jovis
961 4022 1084 4076 loco
1115 4036 1311 4075 saxum
1349 4019 1690 4082 devorasset,
1728 4017 2046 4073 subsidente

462 4134 599 4174 saxo
627 4126 859 4171 cunctos
889 4115 1157 4170 evomuit.

1021 4251 1107 4307 79.
1152 4250 1229 4304 De
1265 4248 1519 4303 "autem.

534 4392 807 4447 llomerus
858 4391 913 4443 in
960 4390 1077 4444 suis
1108 4387 1379 4458 poematis
1415 4400 1634 4441 sursum
1680 4384 2051 4453 deorsumque

2070 3113 2118 3173 C

2358 3107 2457 3171 οη’.
2504 3098 2644 3165 Περὶ
2678 3096 2950 3163 Φάιυητος
2983 3092 3077 3147 καὶ
3117 3090 3530 3160 Ἥρικαπαίου.

2233 3195 2324 3247 Ἐν
2364 3193 2479 3253 τοῖς
2536 3190 2813 3259 Ὀρφικοῖς
2861 3184 3165 3254 ποιήμασιν
3207 3178 3502 3251 εἰσηνέχθη
3553 3179 3622 3232 τὰ
3660 3180 3754 3233 δύο

2147 3286 2322 3342 ταῦτα
2353 3284 2596 3354 ὀνόματα
2636 3279 2774 3351 μετὰ
2808 3278 2903 3331 καὶ
2932 3276 3108 3331 ἄλλων
3133 3273 3363 3328 πολλῶν·
3396 3268 3493 3334 ὧν,
3527 3272 3622 3325 τον
3645 3273 3753 3326 Φά-

2150 3397 2288 3450 νητα
2315 3376 2560 3447 εἰσφέρει
2594 3374 2792 3426 αἰδοῖον
2819 3370 3013 3441 ἔχοντα
3041 3369 3219 3421 ὀπίσω
3246 3369 3378 3438 περὶ
3414 3366 3514 3436 τὴν
3543 3369 3752 3436 πυγήν.

2151 3474 2384 3541 Λέγουσι
2425 3471 2483 3523 δὲ
2517 3467 2683 3521 αὐτὸν
2721 3464 2921 3537 ἔφορον
2957 3458 3100 3516 εἶναι
3145 3462 3245 3532 τῆς
3284 3461 3558 3530 ζωογονου
3592 3461 3756 3516 δυνά-

2155 3582 2302 3638 μεως
2321 3582 2334 3595 ·
2362 3562 2563 3634 ὁμοίως
2601 3560 2659 3612 δὲ
2689 3560 2785 3612 καὶ
2816 3556 2908 3609 τὸν
2946 3555 3315 3626 Ἦρικαπαῖον
3352 3556 3610 3622 λέγουσιν
3640 3554 3758 3607 ὲτέο

2159 3675 2261 3733 ρας
2292 3656 2490 3727 ἔφορον
2522 3647 2660 3706 εἶναι
2688 3649 2994 3719 δυνάμεως.
3029 3646 3167 3718 Περὶ
3199 3646 3257 3699 δὲ
3290 3644 3408 3707 τοῦ,
3455 3645 3514 3698 '0
3546 3646 3757 3708 πάντας

2154 3747 2468 3803 καταπίνων
2494 3743 2687 3805 θεοὺς,
2730 3742 2792 3794 οὐ
2843 3740 2994 3808 λέγει
3031 3736 3161 3810 περὶ
3195 3735 3291 3789 τοῦ
3344 3737 3758 3807 Ἡρικαπαίου,

2154 3841 2290 3896 ἀλλὰ
2316 3834 2560 3910 περὶτοῦ
2590 3835 2824 3907 Κρόνου.
2852 3833 3084 3900 Λέγεται
3111 3829 3221 3901 γὰρ
3245 3822 3422 3891 οὗτος,
3445 3826 3539 3891 οὓς
3566 3827 3760 3883 ἔτεκεν

2155 3935 2328 3997 υἱοὺς,
2365 3930 2529 3984 πάλιν
2561 3927 2871 3986 καταπιεῖν,
2900 3924 2995 3977 καὶ
3023 3922 3223 3992 ἐμέσαι
3246 3919 3338 3983 οὓς
3368 3920 3471 3991 ἥδη
3499 3919 3758 3973 κατέπιε.

2157 4027 2388 4095 Λέγεται
2428 4023 2573 4076 λίθον
2606 4020 2896 4073 καταπιεῖν
2940 4016 3061 4069 ἀντὶ
3094 4012 3187 4067 τοῦ
3227 4014 3372 4078 Διὸς,
3404 4015 3500 4066 καὶ
3542 4012 3640 4066 τοῦ
3682 4013 3759 4066 li-

2157 4118 2251 4170 θου
2284 4113 2636 4185 κατελθόντος
2666 4110 2863 4180 ἐμέσαι
2894 4107 3124 4169 πάντας.

2583 4268 2592 4278 ~
2652 4243 2765 4297 σθ’.
2783 4240 2925 4310 Περὶ
2965 4239 3250 4309 Ὀμήρου.

2224 4367 2339 4420 Καὶ
2385 4368 2418 4435 ἡ
2466 4362 2595 4437 περὶ
2633 4358 2820 4413 τοῦτον
2864 4353 3303 4426 πολυθρύλλητος
3359 4351 3596 4424 ἱστορέα.
3668 4353 3758 4406 Ἑν

463 4480 766 4538 Saturnum
792 4488 846 4534 et
870 4478 1059 4534 Jovem
1090 4444 1340 4532 fabulose
1358 4476 1552 4547 jactat,
1577 4473 1849 4530 Junonem
1883 4474 2038 4528 etiam

2176 4460 2267 4529 (ip
2294 4459 2404 4519 τοῖς
2437 4455 2739 4524 ποιήμασιν
2768 4446 2935 4504 αὐτοῦ
2966 4447 3076 4501 ἄνω
3111 4462 3171 4497 τε
3199 4445 3292 4498 καὶ
3331 4445 3502 4508 κάτω,
3541 4444 3757 4515 Κρόνον

463 4587 519 4630 ct
547 4574 813 4630 Venerem
842 4581 896 4626 et
926 4569 1205 4625 Palladem
1237 4584 1302 4623 ac
1337 4569 1543 4623 multos
1567 4567 1707 4622 alios
1728 4566 1884 4629 deos,
1911 4581 2054 4637 quos

464 4686 532 4724 ex
579 4668 731 4739 poesi
775 4666 1027 4735 cognitos
1054 4665 1344 4719 habemus.
1381 4660 1663 4717 Comicum
1710 4671 1889 4713 autem
1927 4673 2050 4712 eum

466 4770 630 4816 vocat
666 4760 989 4830 Gregorius,
1023 4758 1171 4828 quod
1220 4755 1482 4812 nonnulla
1524 4753 1737 4808 comice
1770 4767 1834 4805 ac
1862 4752 2055 4822 jocose

467 4857 537 4910 de
574 4856 683 4910 diis
730 4853 1044 4924 protulerit.
1107 4860 1167 4905 ut
1213 4849 1360 4921 quod
1411 4847 1555 4902 Juno
1610 4844 1846 4916 eleganti
1897 4851 2053 4897 veste

469 4950 663 5004 induta
692 4946 1021 5018 egregieque
1046 4955 1241 4999 ornata
1293 4941 1361 4995 ad
1406 4940 1595 4995 Jovem
1625 4954 1684 4994 se
1729 4935 2047 4998 contulerit,

468 5057 706 5111 eumque
752 5046 814 5093 ut
845 5037 1255 5104 voluptuarium
1313 5033 1590 5096 fefellerit,
1645 5046 1710 5086 ac
1758 5046 1885 5086 cum
1931 5029 2051 5099 ipso

473 5131 784 5186 (Im-inierit.
826 5128 948 5194 Quo
997 5126 1129 5197 quid
1180 5125 1355 5193 magis
1394 5121 1692 5175 ridiculum
1748 5115 2052 5187 excogitari

472 5223 687 5295 possit?
710 5223 999 5289 Tragicum
1028 5234 1157 5275 vero
1179 5214 1429 5272 etnndem
1459 5213 1725 5276 nominat,
1748 5211 1891 5295 quod
1909 5222 2057 5278 quae—

477 5288 601 5373 dam
639 5288 920 5370 tristiaiet
970 5313 1221 5366 luctuosa
1262 5308 1331 5362 de
1377 5305 1485 5361 diis
1537 5288 1891 5358 commentus
1934 5301 2007 5354 sit
2041 5315 2055 5352 :

2156 4570 2216 4605 τε
2262 4549 2355 4603 καὶ
2394 4547 2495 4601 Δία
2536 4542 2865 4615 μυθολογεῖ,
2901 4538 2997 4593 καὶ
3026 4537 3210 4607 ’Ἥραν
3254 4537 3349 4588 καὶ
3406 4535 3755 4606 Ἀφροδίτην,

2169 4641 2402 4712 Ἀθηνᾶν
2433 4654 2491 4703 τε
2518 4636 2612 4688 ἐπὶ
2639 4634 2775 4686 πᾶσι
2802 4628 3015 4692 τούτοις
3035 4644 3048 4659 ·
3086 4628 3182 4680 καὶ
3208 4623 3396 4688 ἁπλῶς
3429 4623 3526 4688 οὓς
3556 4627 3622 4677 ἐκ
3650 4624 3755 4693 τῆς

2158 4718 2430 4803 ποιῄσεως
2470 4731 2653 4799 ἴσμεν.
2690 4720 3094 4794 Κωμῳδοποιὸν
3128 4719 3183 4772 δὲ
3208 4717 3300 4770 τδν
3334 4716 3589 4787 Ὅμηρον
3627 4717 3762 4769 ἐκά-

2162 4829 2319 4880 λεσεν
2343 4864 2358 4885 ,
2387 4824 2462 4886 ὡς
2485 4821 2604 4875 ἐνια
2632 4815 3056 4885 ἁποσκώμματα
3083 4813 3164 4875 εἰς
3203 4810 3361 4872 θεοὺς
3374 4808 3634 4879 εἰρηκότα
3655 4808 3758 4875 (5i.

2159 4910 2576 4988 Τραγῳδοποιὸν
2627 4908 2706 4973 δέ,
2746 4906 2828 4959 ὅτι
2879 4903 2994 4957 ἔνια
3043 4900 3283 4971 πένθιμα
3315 4897 3588 4969 περὶτῶν
3618 4894 3761 4948 θεῶν

2164 5009 2469 5081 μυθολογείο
2499 5001 2632 5064 οἷον,
2666 5002 2749 5054 ὅτι.
2776 4998 2866 5050 τὸν
2893 4998 3201 5065 Ἥφαιστον
3227 4990 3679 5061 κατεκρήμνισεν
3702 4990 3761 5038 ἑν

2161 5103 2364 5172 Λήμνῳ
2403 5102 2431 5152 ὁ
2470 5096 2623 5160 Ζεύς·
2650 5096 2743 5148 καὶ
2769 5094 2850 5147 ὃτι
2879 5088 3093 5162 ἐτρώθη
3130 5084 3480 5158 ήἊφροδίτη
3517 5082 3625 5135 ὑπὸ
3662 5082 3759 5135 τοῦ

2162 5193 2484 5264 Διομήδους.
2506 5187 2691 5242 Ταῦτα
2707 5186 2762 5239 δέ
2780 5185 2942 5254 δῆθεν
2964 5181 3217 5253 δακρύων
3238 5177 3384 5244 ἄξια.
3415 5177 3497 5245 Τῇ
3523 5175 3624 5245 μὲν
3650 5174 3783 5244 γὰρ,

2164 5285 2444 5360 τραγῳδίᾳ
2464 5282 2657 5336 ⁸ἐπεται
2679 5279 2746 5332 τὰ
2768 5279 2996 5349 δάκρυα·
3023 5276 3091 5345 τῇ
3112 5271 3168 5326 δέ
3193 5268 3477 5341 κωμῳδίᾳ,
3508 5270 3537 5320 ὁ
3562 5266 3754 5334 γέλως.

474 5362 626 5467 velut
662 5409 808 5477 quod
850 5403 1064 5476 Jupiter
1113 5401 1423 5456 Vulcanum
1464 5398 1520 5452 in
1557 5394 1824 5451 Lemnum
1870 5388 2202 5464 praecipitem
2226 5378 2485 5450 deiecerit
2518 5396 2530 5430 :
2564 5374 2709 5446 quod
2756 5371 2945 5426 Venus
2977 5383 3008 5422 a
3053 5362 3312 5421 Diomede
3357 5362 3559 5415 vulnus
3596 5373 3759 5414 acceo

554 5551 627 5618 fl)
664 5547 798 5602 God.
857 5541 1289 5618 I’?g.__tp.t1€l€t;.

550 5612 628 5681 ti}
669 5618 748 5673 Id.
781 5612 1081 5670 συλλαϐῶν.

553 5670 634 5751 ἰώ
669 5670 748 5742 id.
801 5686 925 5739 add.
1000 5684 1081 5736 ὅτι
1127 5685 1161 5751 ἡ
1209 5682 1356 5749 Ἥρα
1407 5676 1722 5751 φορεύσασα
1758 5672 1904 5751 (εἰς)
1959 5670 2053 5723 καὶ

480 5745 903 5828 καλλωπισμένη
934 5745 1160 5826 ἀπῆλθέ
1190 5745 1439 5822 παρὰτὸν
1469 5745 1581 5809 Ᾱεα,
1616 5751 1705 5802 καὶ
1750 5745 2051 5799 ὒσπὰτισεν

2160 5527 2222 5595 (f.
2246 5523 2529 5593 ἠπάτησεν
2555 5519 2574 5585 )
2598 5518 2762 5595 αὐτὸν
2796 5516 2894 5595 ὼς⁸
2917 5510 3135 5595 ὴδύξιον
3166 5508 3262 5563 καὶ
3288 5501 3761 5595 συνεκαθεύᾷησεν

2371 5575 2479 5647 καὶ
2509 5575 2567 5646 τί
2591 5589 2782 5643 τούτου
2812 5575 3373 5652 γέλοίωδέττερονπῑ
3403 5591 3469 5630 ea
3510 5575 3644 5644 legit
3670 5575 3753 5628 in-

2171 5678 2409 5736 terpres.
2752 5692 2755 5693 ν
