3856 6220
201 299 344 355 1029

1022 297 1116 353 ΑΙ)
1150 298 1207 353 S.
1243 294 1573 353 GREGORII
1612 293 1821 349 ORAT.
1856 293 1872 347 1
1906 291 2187 349 CONTRA
2213 290 2596 350 JULIANUM.

3351 297 3373 350 Ι
3384 296 3489 352 050

199 423 364 490 perit.
407 420 543 486 Quae
576 419 825 490 profecto
861 421 1013 476 luctu
1067 437 1132 476 ac
1182 422 1440 494 lacrymis
1496 419 1661 489 digna
1711 415 2251 487 sunt.‘Ti-agmdiam
2291 418 2494 488 quippe
2540 416 2799 485 lacrymm
2833 424 3162 485 sequuntur,
3220 417 3489 486 quemad-

200 512 437 569 modum
474 516 625 570 risus
656 514 1006 570 commdiam.

500 614 575 661 π’.
612 607 755 676 Περὶ
793 608 1078 664 Ὠκεανοῦ
1115 610 1214 662 καὶ
1252 607 1493 674 Τηθύος.

268 700 385 753 Καὶ
417 698 608 752 τοῦτον
640 701 697 755 δὲ
727 699 821 753 τὸν
857 700 1033 772 μῦθον
1075 699 1422 770 εἰσφέρουσιν
1459 699 1510 750 οἱ
1550 695 1790 766 ποιηταὶ,

196 791 284 845 ὅτι
318 794 348 844 6
391 793 646 854 Ὠκεανὸς
690 794 882 863 πατήρ
919 795 1037 846 ἐστι
1066 792 1288 846 πάντων
1331 790 1441 844 τῶν
1482 788 1641 852 θεῶν,
1672 791 1705 859 ὴ
1737 788 1795 842 δὲ

198 879 388 950 Τηθὺς
420 882 624 954 μήτηρ.
664 881 1019 955 Ἀνδρόγυνον
1051 882 1109 936 δὲ
1143 884 1172 935 6
1217 881 1468 944 Ὠκεανὸς
1497 880 1588 933 καὶ
1616 883 1648 950 ἡ
1684 880 1796 949 Τη-

202 970 303 1033 θύς
326 986 341 1000 '
385 973 482 1024 καὶ
514 972 597 1025 ὅτι
635 972 809 1026 πάλαι
841 972 1135 1046 διέστησαν
1181 973 1277 1026 ἀπ’
1309 971 1555 1042 ἀλλήλων
1574 987 1586 1000 ·
1621 969 1710 1023 διὰ
1737 968 1795 1022 δὲ

200 1062 575 1136 δυσωπήσεως
601 1066 701 1135 τῆς
731 1065 911 1137 Ἥρας
957 1064 1166 1134 γίνεται
1202 1063 1366 1119 πάλιν
1405 1063 1671 1130 συνάφεια
1700 1061 1796 1115 αύ-

201 1155 314 1209 τῶν
340 1157 438 1209 καὶ
464 1156 637 1226 φιλία.
677 1158 735 1209 Ὀ
762 1157 820 1212 δὲ
844 1156 1015 1229 μῦθος
1031 1157 1348 1218 αἰνίττεται,
1374 1156 1460 1209 ὅτι
1478 1157 1506 1207 6
1542 1153 1795 1217 Ὠκεανὸς

204 1245 309 1315 μὲν
344 1244 493 1299 ἔστιν
527 1249 562 1318 ἠ
602 1247 748 1318 ὑγρὰ
777 1245 971 1316 φύσις*
1002 1248 1036 1318 ἡ
1060 1246 1117 1300 δὲ
1148 1245 1330 1316 Τηθὺς
1360 1247 1395 1318 ἡ
1435 1243 1608 1317 ξηρὰ,
1638 1261 1794 1299 τουτ-

202 1336 380 1401 έστιν,
412 1338 445 1408 ἡ
482 1338 592 1407 γῆ’
633 1338 730 1393 καὶ
763 1339 846 1392 ὅτι
893 1337 1061 1393 πάλαι
1088 1338 1190 1408 τῆς
1233 1338 1408 1410 ὑγρᾶς
1458 1335 1676 1408 φύσεως
1719 1336 1795 1408 μὴ

204 1431 611 1501 συγγινομένης
636 1432 704 1501 τῇ
735 1433 806 1502 γῇ
830 1472 845 1496 ,
891 1430 1041 1484 οὐδὲν
1072 1428 1440 1499 ἐζωογονεῖτο,
1476 1428 1571 1481 καὶ
1611 1426 1798 1481 ἀπώλο

201 1520 367 1573 λυντο
392 1522 591 1576 πάντα.
622 1517 757 1576 Εἶτα
784 1523 818 1592 ἡ
849 1523 1021 1594 ’Ἥρα,
1060 1521 1136 1585 ὡς
1169 1521 1363 1592 ἔφορος
1400 1517 1536 1581 οὗθ’-τα
1567 1520 1666 1591 τῆς
1701 1537 1795 1572 συο

202 1612 464 1678 ζεύξεως.
494 1614 855 1668 καταλλάττει
881 1614 953 1667 τὰ
974 1613 1068 1667 δύο
1097 1615 1337 1685 στοιχεῖα
1359 1614 1440 1677 είς
1475 1612 1795 1682 συνάφειαν,

202 1707 303 1759 καὶ
340 1708 554 1777 γίνεται
582 1708 768 1762 λοιπὸν
801 1707 1088 1777 ζωογόνος.

591 2034 703 2079 πα¹.
736 2026 875 2093 Περὶ
898 2025 1033 2091 Διὸς
1064 2025 1164 2079 καὶ
1197 2026 1402 2094 Ἤρας.

286 2140 349 2194 ’0
390 2142 528 2206 Ζεὺς
567 2140 854 2212 ἐχαρίζετο
897 2138 1099 2210 μᾶλλον
1127 2141 1239 2202 τοῖς
1268 2139 1474 2209 Τρωσὶ,
1500 2139 1595 2192 καὶ
1623 2138 1794 2191 ὲποίει

197 2233 469 2304 ἡττᾶσθαι
498 2233 626 2295 τοὺς
659 2232 928 2304 Ἕλληνας
956 2231 1043 2285 διὰ
1066 2230 1168 2302 τὴν
1192 2230 1401 2284 ἱκεσίαν
1426 2232 1526 2302 τῆς
1554 2230 1791 2294 Θέτιδος,

196 2326 391 2379 ἕνεκεν
419 2323 515 2378 τοῦ
561 2324 870 2395 Ἀχιλλέως,
905 2326 997 2379 ἵνα
1028 2325 1340 2396 ζητήσωσιν
1371 2323 1534 2378 αὐτὸν
1572 2325 1620 2376 οἱ
1662 2323 1792 2376 Ἕλ-

194 2417 361 2489 ληνες
391 2417 716 2489 ἡττώμενοι.
758 2418 822 2470 Ἦ
853 2418 1001 2491 ’Ἦρα
1031 2417 1314 2488 ἐφρόντιζε
1360 2416 1469 2469 τῶν
1501 2416 1790 2488 Ἑλλήνωνο

198 2509 565 2580 φροντίζουσα
589 2511 666 2575 δὲ,
706 2510 1022 2581 βουλεύεται
1063 2511 1347 2581 ἀπατῆσαι
1382 2509 1475 2564 τὸν
1504 2509 1622 2574 Δία,
1655 2510 1794 2581 πρὸς

196 2600 350 2669 μίξιν
383 2601 546 2655 αὐτὸν
571 2603 667 2655 καὶ
696 2600 863 2655 ὕπνον
892 2600 1330 2672 ὲκὸακχεύουσα,
1357 2598 1467 2666 ἴνα,
1500 2599 1791 2654 καθεύδον-

190 2707 287 2756 τος
315 2691 412 2745 τοῦ
435 2692 580 2757 Διὸς,
620 2691 918 2764 ἀδοήθητοι
946 2694 996 2745 οἱ
1023 2691 1212 2763 Τρῶες
1237 2690 1520 2761 γενόμενοι
1544 2689 1794 2763 ἡττηθῶ-

196 2798 284 2835 σιν
335 2783 447 2836 ἀπὸ
491 2782 600 2836 τῶν
648 2783 942 2856 Ἑλλήνων.
996 2782 1184 2837 Ταῦτα
1222 2778 1317 2836 οὖν
1357 2781 1789 2853 βουλευσαμένη,

192 2873 468 2946 λαμϐάνει
500 2876 572 2930 τὰ
607 2878 842 2949 πορνικὰ
886 2876 1327 2948 καλλωπίσματα
1366 2877 1546 2932 πάντα
1579 2878 1645 2930 ὲκ
1694 2875 1791 2930 τοῦ

188 2967 394 3021 κεστοῦ
444 2969 545 3040 τῆς
611 2969 952 3042 Ἀφροδίτης.
1017 2971 1074 3024 '0
1135 2970 1192 3024 δὲ
1250 2970 1441 3034 κεστὸς
1496 2967 1792 3041 μυθεύεται

191 3059 472 3130 κάμψειόν
517 3078 571 3115 τι
604 3058 765 3127 εἶναι,
796 3065 853 3116 ὲν
885 3056 930 3131 ᾧ
958 3063 1138 3117 πάντα
1184 3062 1252 3118 τὰ
1294 3061 1432 3134 πρὸς
1475 3062 1671 3126 κάλλος
1697 3062 1793 3116 καί

191 3152 503 3223 εὐμορφίαν
536 3153 631 3207 καὶ
674 3156 906 3226 χάριτας
944 3154 1040 3209 καὶ
1082 3153 1448 3225 λαμπρότητα
1493 3151 1789 3224 προσώπου

190 3243 598 3301 ὲναπόκεινται.
650 3241 787 3300 Εἶτα
834 3247 1235 3318 κοσμησαμένη
1278 3247 1455 3300 ἄνεισι
1504 3245 1659 3318 παρὰ
1698 3245 1790 3299 τὸν

1821 614 1871 664 Α

2277 600 2368 656 80.
2405 599 2484 654 De
2526 599 2736 654 Oceano
2764 609 2812 652 et
2852 598 3092 653 Thetide.

1970 691 2123 746 Hanc
2145 707 2369 763 quoque
2393 692 2635 746 fabulam
2667 691 2941 745 inducunt
2973 702 3165 760 poetae.
3204 691 3486 748 Oceanum

1899 783 2150 838 videlicet
2170 783 2410 838 deorum
2426 782 2672 837 omnium
2698 790 2908 851 patrem
2934 797 3077 845 esse,
3107 797 3172 836 ac
3192 781 3484 839 Thetidem

1897 880 2151 938 matrem,
2189 873 2450 941 ipsosque
2478 869 2986 938 hermaphroditum
3019 868 3311 938 quemdam
3338 885 3484 925 esse.

1895 964 2068 1017 Aiunt
2116 962 2281 1018 etiam
2322 961 2615 1017 dissidium
2658 960 2790 1014 olim
2841 961 2985 1014 inter
3026 976 3124 1015 eos
3180 961 3483 1025 exstitisse,

1896 1064 2152 1110 ueterum
2185 1070 2348 1124 opera
2378 1053 2748 1124 precibusque
2781 1050 3018 1108 Junonis
3052 1052 3257 1108 coiisse
3289 1067 3489 1108 rursus

1899 1149 2041 1202 inter
2066 1163 2161 1203 eos
2184 1148 2480 1201 amicitiam
2510 1154 2675 1215 atque
2700 1145 3077 1200 concordiam.
3111 1146 3231 1210 Qua
3248 1170 3255 1175 -
3275 1144 3484 1211 fabula,

1899 1241 2191 1310 inquiunt,
2235 1238 2585 1309 signiﬁcatur
2636 1253 2732 1308 per
2777 1235 3059 1293 Oceanum
3108 1251 3342 1305 aquam,
3390 1252 3488 1305 per

1899 1331 2185 1388 Thetidem
2216 1342 2403 1387 autem
2437 1338 2645 1385 terram
2677 1330 3085 1401 intelligendam
3109 1344 3234 1385 esse
3261 1347 3274 1384 :
3312 1331 3490 1401 quod-

1898 1442 2005 1496 que
2033 1426 2161 1480 olim
2204 1440 2345 1495 aqua
2387 1425 2525 1477 nihil
2560 1423 2881 1478 commercii
2912 1437 3038 1477 cum
3065 1429 3214 1476 terra
3250 1421 3489 1477 habente

1898 1520 2049 1575 nulla
2093 1532 2184 1573 res
2243 1519 2300 1571 in
2350 1517 2519 1570 vitam
2562 1515 2994 1586 producebatur,
3034 1514 3128 1570 sed
3187 1514 3490 1570 interibant

1898 1612 2103 1665 omnia.
2157 1608 2358 1664 Postea
2401 1617 2583 1662 autem
2636 1604 2908 1662 Juuonem
2966 1607 3380 1675 eonjunctionis
3434 1616 3490 1662 ct

1900 1701 2239 1756 matrimonii
2271 1698 2559 1770 praesidem
2589 1698 2700 1753 duo
2734 1698 2849 1752 haec
2871 1697 3141 1752 elementa
3167 1698 3221 1752 in
3251 1690 3490 1753 concor-

1899 1795 2045 1849 diam
2104 1793 2437 1848 reduxisse:
2483 1802 2647 1861 atque
2706 1791 2781 1846 ita
2828 1791 3088 1861 deinceps
3132 1805 3317 1846 rerum
3363 1807 3491 1863 pro-

1901 1887 2242 1943 creationem
2276 1893 2633 1941 consecutam
2660 1882 2852 1939 fuisse.

2182 2021 2272 2076 81.
2318 2020 2393 2075 De
2427 2020 2716 2091 nubigrega
2747 2018 2877 2074 Jove
2902 2029 2950 2074 et
2971 2017 3206 2074 lunone.

1969 2131 2177 2186 Fabula
2221 2132 2337 2187 haec
2388 2131 2707 2202 hujusmodi
2747 2131 2815 2187 de
2867 2147 3037 2188 causa
3082 2133 3318 2188 conﬁcta
3360 2142 3486 2190 est:

1892 2223 2109 2295 Jupiter
2137 2226 2192 2279 in
2224 2224 2595 2295 Trojanorum
2629 2234 2839 2296 partem
2878 2229 3052 2296 magis
3086 2229 3485 2299 propendebal,

1894 2324 2059 2385 atque
2091 2316 2162 2369 ob
2201 2314 2453 2371 Thetidis
2501 2317 2950 2388 deprecationem
3001 2319 3056 2373 in
3099 2320 3331 2375 Achillis
3359 2336 3489 2391 gra-

1894 2407 2025 2461 tiam
2057 2407 2349 2463 inferiores
2394 2407 2620 2465 Graecos
2661 2410 2955 2475 eﬁiciebat,
2994 2418 3054 2464 ut
3092 2412 3345 2468 videlicet
3382 2414 3486 2484 ipsi

1894 2500 1963 2555 ab
2000 2501 2256 2556 hostibus
2284 2504 2529 2572 superati
2597 2504 2865 2557 Achillem
2901 2503 3182 2573 requirere
3226 2521 3491 2577 cogeren-

1894 2603 2003 2650 tur.
2036 2597 2105 2650 At
2134 2594 2279 2652 Juno
2321 2595 2536 2653 Graecis
2565 2597 2882 2652 consultum
2912 2597 3142 2668 cupiens
3185 2614 3284 2668 per
3321 2615 3488 2655 vene-

1896 2703 2048 2742 reum
2083 2702 2442 2758 congressum
2491 2689 2856 2760 imposturam
2883 2688 3001 2745 Jovi
3043 2690 3224 2745 facere
3257 2691 3487 2746 medita-

1892 2788 2003 2834 tur.
2044 2780 2125 2834 Ac
2183 2791 2542 2850 posteaquam
2605 2796 2729 2835 cum
2784 2781 2906 2852 ipso
2961 2782 3329 2852 perbacchata
3375 2793 3483 2846 est,

1894 2887 2151 2926 somnum
2180 2871 2231 2926 ei
2268 2872 2554 2937 conciliat,
2600 2880 2682 2937 ut,
2709 2872 2839 2926 dum
2874 2873 2965 2928 ille
2994 2873 3217 2935 dormit,
3256 2871 3485 2944 Troiani

1892 2961 2042 3017 omni
2075 2962 2280 3018 auxilio
2300 2962 2549 3017 destituti
2575 2978 2605 3015 a
2626 2960 2836 3017 Grazcis
2865 2963 3181 3018 vincantur.
3208 2961 3324 3018 Hoc
3351 2979 3490 3019 con--

1893 3054 2020 3109 silio
2053 3053 2210 3118 inito,
2260 3053 2576 3108 meretricia
2617 3063 2942 3109 ornamenta
2973 3070 3037 3109 ex
3072 3053 3304 3111 Veneris
3330 3065 3485 3113 cesto

1893 3147 2149 3201 assumit.
2200 3145 2424 3201 Cestum
2480 3161 2645 3217 porro
2697 3146 2916 3201 thecam
2961 3147 3258 3218 quamdam
3309 3148 3487 3205 fuisse

1894 3239 2072 3302 aiunt,
2131 3238 2187 3293 in
2223 3254 2331 3308 qua
2372 3238 2560 3292 omnia
2623 3236 2877 3293 fraudum
2933 3255 3138 3311 genera
3197 3243 3486 3300 recondita

190 3337 315 3402 Ma,
349 3337 446 3392 καὶ
480 3340 623 3391 κινεῖ
649 3336 813 3391 αὐτὸν
846 3339 911 3392 ἐκ
940 3306 1034 3391 τού
1080 3306 1401 3407 πλάσματος
1432 3306 1623 3390 τούτου
1653 3336 1792 3408 πρὸς
1818 3312 1829 3356 ⁴

1901 3341 2074 3397 erant,
2128 3347 2251 3403 quae
2297 3332 2365 3386 ad
2418 3330 2887 3402 pulchritudinem
2935 3342 2990 3389 et
3040 3335 3368 3407 elegantiam
3420 3354 3487 3392 ac

194 3426 392 3499 ἡδονὴν
414 3429 509 3483 καὶ
530 3427 792 3499 λαγνείαν
808 3444 821 3458 ’
849 3429 913 3483 ἐκ
936 3428 1044 3500 γῆς
1060 3427 1117 3482 δὲ
1135 3427 1492 3500 περιέϐαλλεν
1510 3429 1674 3499 ἑαυτῇ
1700 3428 1794 3483 καὶ

1901 3432 2235 3482 venustatem
2286 3427 2580 3495 vultusque
2631 3428 2982 3497 splendorem
3035 3429 3161 3485 usui
3206 3445 3331 3487 esse
3363 3446 3489 3504 pes-

192 3520 296 3590 τῆς
320 3519 431 3574 τῶν
467 3521 657 3593 μύρων
686 3521 937 3585 εὐωδίας.
961 3522 1073 3575 Καὶ
1103 3519 1267 3592 γὰρὴ
1302 3519 1397 3590 γῆ,
1423 3521 1609 3592 φησὶν,
1632 3519 1795 3574 ἐϐλά-

1901 3528 2044 3574 sunt.
2078 3516 2158 3571 Ita
2194 3524 2390 3571 ornata
2434 3514 2502 3570 ad
2528 3514 2718 3572 Jovem
2770 3520 3042 3582 ascendit,
3079 3528 3246 3592 atque
3295 3521 3490 3592 hujus-

195 3624 298 3679 στη
307 3625 368 3661 σε
381 3608 636 3679 βοτάνας,
655 3605 766 3664 οἷον
783 3609 977 3675 λῶτον,
992 3611 1214 3682 κρόκον,
1233 3611 1327 3665 καὶ
1348 3610 1623 3675 ὑάκινθον,
1642 3611 1791 3683 ῥόδα,

1901 3610 2041 3665 modi
2076 3609 2203 3664 fuco
2243 3624 2370 3663 eum
2403 3609 2469 3663 ad
2488 3609 2829 3680 voluptatem
2867 3619 2922 3666 et
2955 3611 3242 3669 libidinem
3274 3615 3491 3669 inﬂam-

192 3700 293 3752 καὶ
339 3701 409 3755 τὰ
437 3701 602 3756 λοιπὰ
630 3701 900 3775 ἀρώματα
929 3702 1066 3774 ἔργα
1126 3702 1410 3775 μυρεψῶν,
1446 3701 1542 3757 καὶ
1570 3706 1792 3775 μόσχον.

1901 3711 2009 3758 mat
2045 3720 2058 3756 :
2089 3702 2398 3772 quinetiam
2444 3717 2475 3757 e
2521 3711 2671 3757 terra
2725 3712 3136 3775 unguentorum
3186 3710 3492 3765 suavitates

191 3792 302 3850 sibi
347 3792 591 3863 undique
635 3792 848 3863 injecit.
886 3791 1068 3848 Terra
1111 3794 1279 3862 enim,
1333 3803 1392 3849 ut
1423 3795 1603 3866 inquit
1640 3806 1824 3866 poeta,
1882 3794 2085 3851 herbas
2127 3793 2381 3864 protulit,
2441 3800 2502 3847 ut
2540 3808 2786 3859 crocum,
2822 3811 3003 3865 rosas,
3037 3798 3234 3866 lotum,
3265 3801 3491 3873 hyacin-

194 3886 344 3950 thos,
382 3884 517 3951 lilia,
545 3884 807 3950 cassiam,
840 3884 1233 3951 cinamomum,
1264 3895 1501 3953 stacten,
1530 3889 1855 3960 reliquaque
1891 3891 2137 3942 aromata
2165 3885 2461 3956 unguentis
2491 3887 2929 3943 accommodata.

489 3999 601 4052 τπδ’.
640 3999 782 4071 Περὶ
806 3999 919 4071 τῆς
946 4003 1127 4071 Ἥρας
1155 4002 1501 4073 δεδεμένης.

1901 4019 1992 4075 82.
2034 4019 2112 4074 De
2139 4017 2353 4074 lunone
2383 4020 2438 4094 in
2470 4021 2663 4094 reticere
2692 4037 2756 4094 ac
2796 4022 3026 4078 nubibus
3065 4024 3339 4094 pendente,
3374 4030 3489 4083 vin-

2324 4092 2561 4161 culisque
2591 4092 2779 4152 ferreis
2814 4095 3062 4149 astricta.

278 4158 347 4211 Ἠ
386 4158 539 4229 Ἦρα
573 4157 837 4221 πολλάκις
866 4158 1192 4230 ἐζηλοτύπει
1220 4160 1312 4214 τὸν
1357 4158 1653 4233 Ἡρακλέα.
1701 4164 1791 4220 Ἐν

1970 4179 2137 4249 Juno,
2170 4190 2232 4237 ut
2263 4157 2483 4254 passim
2507 4183 2728 4255 legitur,
2758 4186 2951 4243 dolore
2976 4191 3263 4263 zelotypiaa
3291 4195 3487 4252 adver—

192 4247 275 4319 τῷ
320 4246 455 4316 γοῦν
506 4249 874 4320 ὑποστρέφειν
938 4251 1105 4305 αὐτὸν
1154 4253 1220 4306 ἐκ
1268 4252 1370 4323 τῆς
1409 4254 1641 4326 Τροίας,
1698 4258 1788 4312 ὅτε

204 4337 462 4358 ,___!__-_‘?
498 4337 824 4358 "I‘-\_-_,",,.-e
862 4339 983 4358 ,,,‘,1
1062 4341 1076 4358 Ω
1143 4340 1159 4358 9
1201 4339 1256 4358 Λε
1385 4342 1408 4358 ἢ
1510 4341 1522 4358 1
1608 4343 1632 4358 μ
1728 4345 1741 4358 ο

1901 4288 1995 4329 sus
2022 4273 2311 4330 llerculem
2343 4276 2553 4345 percita
2577 4287 2715 4332 erat.
2740 4277 2977 4336 Proinde
2999 4246 3245 4341 cumdirlle
3262 4285 3485 4358 Trojam

200 4337 343 4411 μετὰ
368 4337 465 4392 τοῦ
498 4337 826 4409 Τελαμῶνος
853 4339 1024 4410 αὐτὴν
1058 4339 1354 4410 ἐπόρθησε,
1382 4341 1663 4413 διετάραξε
1687 4345 1790 4416 τὴν

1901 4383 2024 4422 cum
2061 4365 2360 4423 Telamone
2399 4367 2714 4438 populatus,
2766 4387 2833 4426 ex
2878 4388 2941 4427 ea
2977 4375 3325 4443 expeditione
3361 4337 3484 4435 red-

193 4431 478 4486 θάλασσαν
496 4472 511 4493 ,
537 4431 634 4484 καὶ
672 4432 801 4495 τοὺς
825 4431 1064 4501 ἀνέμους
1094 4432 1339 4504 διήγειρε
1361 4450 1373 4463 ο
1407 4435 1502 4487 καὶ
1531 4436 1788 4507 ἐχείμαζε

1901 4458 2037 4525 iret,
2088 4457 2234 4516 Juno
2283 4474 2437 4516 mare
2480 4462 2850 4531 perturbavit,
2914 4431 3278 4538 excitatisque
3306 4474 3486 4528 ventis

194 4525 259 4577 τὸ
299 4523 512 4593 σκάφος
554 4525 622 4594 τῇ
666 4521 760 4594 βίᾳ
801 4522 896 4576 καὶ
929 4521 1006 4594 τῷ
1038 4523 1270 4579 κλύδωνι
1317 4525 1413 4579 τοῦ
1452 4525 1786 4598 Ἠρακλέως.

1901 4550 2262 4619 procellosum
2299 4560 2845 4625 tempestuosumque
2870 4557 3128 4614 reddidit.
3158 4521 3236 4617 lia
3269 4574 3325 4619 et
3351 4582 3487 4621 ven-

194 4615 304 4669 Τδν
335 4615 392 4670 δὲ
425 4614 593 4669 ὕπνον
626 4614 936 4686 μαγγανεία
966 4616 1073 4668 τινὶ
1109 4617 1432 4688 χρησαμένη
1474 4618 1791 4690 προσελθεῖν
1824 4644 1829 4698 3

1901 4614 2079 4697 torum
2111 4650 2166 4697 et
2190 4614 2463 4698 undarum
2511 4645 2716 4717 impetu
2754 4614 2919 4704 navis
2956 4614 3481 4724 Herculisﬂjactab—a-

193 4707 425 4777 ἐποίησε
461 4706 541 4777 τῷ
575 4707 682 4771 Διὶ,
710 4706 806 4760 καὶ
834 4706 1155 4776 ὲφύπνωσεν
1181 4709 1365 4772 αὐτὸν,
1395 4707 1482 4763 ἵνα
1517 4711 1592 4781 μὴ
1624 4712 1794 4782 ἐγρηο

1901 4743 2010 4788 tur.
2063 4733 2278 4791 Interea
2319 4706 2618 4808 praestigiis
2663 4740 2996 4810 quibusdam
3048 4706 3477 4806 adliibi‘tisﬂJo'vi

194 4797 374 4870 γορὼς
400 4797 644 4870 βοηθήσῃ
674 4797 753 4868 τῷ
786 4799 1049 4870 Ἠρακλεῖ
1066 4801 1470 4872 χειμαζομένῳ.
1504 4800 1709 4855 Μαθὼν
1733 4802 1794 4856 δὲ

1901 4841 2149 4881 somnum
2191 4830 2488 4885 accersivit
2521 4850 2535 4886 :
2569 4848 2659 4896 ne,
2696 4835 2740 4889 si
2769 4836 3041 4905 vigilaret,
3082 4837 3299 4897 Herculi
3342 4852 3480 4899 tem-

198 4890 341 4960 μετὰ
367 4891 461 4943 τὸν
486 4890 655 4944 ὓπνον
690 4891 719 4943 6
748 4892 885 4956 Ζεὺς
913 4891 976 4945 τὸ
999 4893 1432 4966 κατασκεύασμα
1452 4895 1552 4966 τῆς
1586 4895 1788 4968 Ἥρας,

1901 4925 2099 4983 pestate
2149 4918 2360 4987 jactato
2430 4937 2498 4977 ac
2564 4890 2902 4994 periclitanti
2956 4929 3222 4984 auxilium
3288 4930 3476 4989 ferret.

193 4984 523 5054 τιμωρεῖται
578 4982 749 5053 αὐτὴν
793 4982 965 5037 οὕτω·
1012 4983 1117 5038 Δύο
1149 4986 1397 5057 ἄκμονας
1435 4987 1607 5059 δήσας
1651 4987 1789 5060 αὐτῇ

1901 5009 2323 5079 Expergefactns
2394 4982 2581 5084 itaque
2635 5013 2851 5086 Jupiter
2913 5020 3193 5076 intellecta
3244 5021 3484 5080 Junonis

196 5077 330 5147 περὶ
354 5074 484 5139 τοὺς
514 5075 702 5139 πόδας,
733 5075 865 5148 περὶ
888 5076 947 5130 δὲ
990 5077 1090 5142 τὰς
1136 5081 1330 5149 χεῖρας
1357 5079 1526 5143 πέδας
1564 5080 1790 5134 ἀδιαλύ-

1901 5074 2102 5154 fraude
2125 5101 2231 5156 hoc
2258 5074 2531 5174 supplicio
2564 5107 2620 5161 in
2655 5074 2778 5163 eam
2810 5125 2948 5167 usus
2977 5122 3062 5167 est
3082 5074 3482 5173 “amab—utsii;-

192 5184 346 5231 τους,
391 5168 706 5240 ἐκρέμασεν
748 5167 919 5239 αὐτὴν
956 5169 1066 5224 ἀπὸ
1106 5170 1201 5224 τοῦ
1225 5170 1485 5243 ούρανοῦ,
1533 5173 1792 5244 τιμωρῶν

1901 5192 2128 5250 sudibus
2172 5167 2345 5265 pedes
2367 5167 2568 5268 Iipsius
2607 5202 2893 5269 astrinxit,
2934 5167 3478 5278 vinetisque—itidem

195 5260 390 5330 αυτήν.
492 5312 501 5319 ,
1893 5285 2148 5341 manibus
2209 5287 2541 5347 ﬁrmissimis
2611 5294 2942 5364 quibusdam
3004 5260 3215 5356 catenis
3273 5317 3394 5357 eam
3449 5319 3481 5357 e

1891 5374 2031 5427 cmlo
2057 5377 2366 5447 suspendit.

567 5488 679 5551 πγ’.
711 5482 854 5551 Περὶ
880 5485 1072 5552 φόϐου
1105 5483 1221 5538 τῶν
1246 5482 1417 5538 θεῶν.
1500 5544 1503 5549 ι

264 5586 407 5658 Παρ’
456 5584 686 5658 Ὁμήρῳ
737 5589 820 5651 είς
875 5588 974 5660 τὴν
1012 5588 1058 5642 Υ
1081 5589 1358 5661 ῥαψῳδίαν
1381 5628 1396 5652 ,
1444 5589 1538 5643 τοῦ
1605 5570 1783 5662 Ἀχιλ-

1967 5594 2103 5649 Cum
2158 5595 2402 5656 Achilles
2460 5601 2612 5657 omni
2661 5603 2828 5659 animi
2872 5608 3237 5680 corporisque
3278 5612 3480 5670 robore

195 5676 331 5740 λέως
350 5675 495 5731 κατὰ
525 5678 731 5749 κράτος
754 5677 1167 5750 ἀριστεύοντος,
1193 5681 1360 5749 φόὸος
1383 5681 1544 5736 ἔλασε
1568 5682 1662 5736 τὸν
1685 5683 1786 5737 Δία

1901 5702 2186 5760 pugnaret,
2231 5695 2618 5766 egregiamque
2646 5711 2870 5768 operam
2906 5675 3161 5766 navaret,
3186 5704 3359 5760 subii:
3385 5706 3480 5760 Jo-

198 5768 395 5840 μὴττως
426 5770 579 5840 παρὰ
612 5770 671 5825 τὸ
703 5772 1040 5845 εἱμαρμένον
1068 5774 1096 5825 6
1138 5773 1414 5851 ’Λχιλλεὺς
1445 5774 1696 5846 πορθήσῃ
1727 5775 1787 5830 τὸ

1901 5795 2016 5835 rem
2054 5790 2251 5849 metus,
2286 5799 2354 5840 ne
2383 5794 2584 5855 praeter
2614 5787 2787 5844 fatum
2821 5789 2912 5848 ille
2944 5789 3164 5882 Trojano
3193 5810 3476 5867 expugna-

2287 5491 2375 5545 85.
2419 5492 2498 5547 De
2518 5505 2715 5551 terrore
2737 5496 2842 5552 diis
2870 5499 3085 5570 injecto.
