3856 6220
406 272 538 326 1051

406 400 510 444 ret.
534 387 655 454 Quo
690 389 890 444 timore
923 389 1153 445 affectus
1179 388 1288 444 diis
1317 389 1558 443 liberum
1585 388 1738 452 facit,
1771 400 1829 443 ut
1867 387 1989 458 qui-

405 481 511 535 bus
533 480 767 550 quisque
794 482 976 545 vellet,
1001 497 1157 551 opem
1191 480 1374 542 ferret,
1407 489 1571 551 atque
1595 481 1685 533 alii
1712 479 1984 548 Trojanis.

1783 270 2069 328 NONNUS
2107 271 2329 327 ABBAS

3548 289 3691 344 ΙΟἹΞ

2099 389 2282 443 Ἴλιον.
2325 391 2496 445 Τοῦτο
2527 393 2583 446 δὲ
2613 395 2983 466 φοϐούμενος,
3031 400 3368 473 ἐξπι]τρέπει
3401 406 3513 467 τοῖς
3549 405 3693 467 θεοῖς

2095 484 2184 533 τὸν
2215 483 2541 555 βουλόμενον
2585 482 2631 556 ᾧ
2679 489 2932 558 βούλεται
2977 493 3233 546 ἀπελθεῖν
3263 497 3360 546 καὶ
3397 497 3692 566 βοηθῆσαι.

402 570 498 623 alii
525 568 733 625 Graecis
761 571 970 625 auxilio
997 550 1206 625 essent.
1241 569 1354 624 llac
1392 550 1663 640 potestate
1686 569 1820 638 ipsis
1853 569 1989 621 facta

2103 573 2218 626 Ἵνα
2247 577 2294 627 οἱ
2330 577 2428 646 μὲν
2459 581 2570 642 τοῖς
2612 581 2828 651 Τρωσὶν
2853 626 2867 648 ,
2898 587 2947 636 οἱ
2975 585 3030 637 δέ
3064 589 3176 650 τοῖς
3210 587 3437 658 Ἕλλησι
3486 588 3660 661 βοηθῇ
3680 621 3694 627 -

402 659 626 729 Jupiter
664 659 911 730 quidem,
960 669 1018 714 ut
1063 661 1274 730 fingunt
1315 669 1506 730 poetae.
1530 677 1560 714 e
1601 660 1742 714 cmlo
1773 660 1990 712 tonuit:

403 750 696 822 Neptunus
730 759 913 806 autem
952 768 1103 805 mare
1137 753 1421 805 concussit
1453 769 1466 804 :
1499 750 1660 804 Pluto
1686 765 1817 805 vero
1855 750 1996 802 οωίο

401 862 471 897 ac
518 845 656 899 mari
715 845 1010 899 commotis
1071 845 1390 914 pertimuit,
1441 861 1509 899 ne
1550 853 1730 898 emota
1779 860 1998 915 quoque

402 949 551 992 terra
599 939 633 993 ii
667 940 757 1008 qui
811 940 915 993 sub
948 949 1092 994 terra
1145 951 1324 1004 erant,
1375 946 1750 1008 erumperent,
1799 953 1863 992 ac
1908 953 1996 991 res

404 1031 623 1098 imperii
657 1031 740 1083 sui
781 1031 833 1083 in
869 1030 1044 1084 lucem
1085 1031 1491 1100 proferrentur.
1535 1029 1678 1084 Sunt
1709 1037 1892 1084 autem
1927 1030 1996 1083 de

407 1121 510 1175 hac
540 1136 599 1176 re
637 1123 689 1174 hi
729 1120 948 1175 Homeri
980 1137 1178 1176 versus
1209 1139 1222 1175 :

475 1236 642 1304 Atque
681 1233 836 1288 Erebi
871 1235 1118 1288 dominus
1146 1236 1312 1303 regali
1349 1235 1469 1288 sede
1491 1235 1678 1287 relicta

479 1304 699 1358 Exsiliit
732 1305 977 1372 pavidus,
1005 1318 1237 1358 metuens
1264 1321 1326 1360 ne
1355 1310 1492 1370 [orte
1513 1319 1734 1371 superne

475 1374 786 1430 Concuteret
814 1389 1014 1428 terram
1039 1375 1302 1427 tumidum
1323 1377 1410 1444 qui
1440 1385 1693 1442 temperat
1718 1390 1920 1443 wquor.

402 1484 490 1540 84.
535 1485 606 1540 De
634 1497 766 1538 nutu
807 1486 1216 1555 superciliorum
1263 1496 1310 1540 et
1354 1489 1708 1540 commotione
1735 1487 1989 1540 crinium.

478 1575 748 1630 llot'nerus
785 1577 977 1630 Jovem
1032 1577 1265 1641 inducit,
1301 1579 1755 1650 pollicitationem
1811 1581 1989 1642 hanc,

404 1683 512 1735 qua
546 1665 769 1721 Thetidi
795 1667 1032 1722 Achillis
1065 1667 1324 1737 injuriam
1356 1685 1479 1724 sese
1508 1670 1752 1722 ulturum
1777 1668 1991 1738 recepit

404 1760 827 1827 superciliorum
876 1760 1175 1830 agitatione
1223 1760 1664 1826 confirmantem,
1715 1774 1780 1813 ac
1824 1759 1989 1813 simul

2102 683 2258 720 σωσι.
2295 669 2512 723 Τούτων
2545 667 2640 724 οὖν
2672 675 3108 746 ἐπι-τραπέντων,
3140 680 3168 730 6
3206 680 3304 748 μὲν
3338 681 3511 743 Ζεὺς,
3548 686 3696 736 κατὰ

2097 756 2188 808 τὸν
2216 757 2404 826 μῦθον,
2430 759 2755 833 ἐόρὸντησεν
2783 767 2847 817 ἐκ
2877 767 2971 819 τοῦ
2995 768 3055 819 οὺ
3066 768 3227 837 ρανοῦ
3245 787 3256 797 ·
3281 772 3309 822 ὀ
3329 769 3388 823 δὲ
3418 773 3698 826 Ποσειδὼν

2101 839 2236 899 σείει
2270 849 2368 918 τὴν
2401 848 2708 904 θάλασσαν’
2741 856 2769 905 6
2799 855 2854 907 δὲ
2892 854 3080 925 ᾍδης,
3121 858 3447 911 σεισθέντων
3489 861 3594 929 τῆς
3635 877 3698 912 τε

2099 936 2374 1009 Θαλάσσης
2403 943 2497 994 καὶ
2530 942 2624 994 τοῦ
2657 943 2909 1014 οὐρανοῦ,
2940 947 3182 1018 ἐφοϐήθη
3215 951 3414 1019 μήπως
3454 951 3696 1004 σεισθεί-

2099 1044 2198 1097 σης
2241 1030 2340 1098 τῆς
2374 1031 2478 1099 γῆς
2519 1032 2817 1104 ἀνάρρηξις
2853 1037 3078 1108 γένηται
3112 1039 3224 1091 τῶν
3273 1042 3696 1112 καταχθονίων,

2095 1119 2534 1194 καὶδημοσιευθῇ
2563 1124 2630 1178 τὰ
2660 1128 2783 1178 κατ’
2809 1127 3159 1183 αὐτόν.Ἕστι
3181 1131 3238 1183 δὲ
3255 1132 3323 1185 τὰ
3351 1133 3458 1204 ἔπη
3485 1134 3694 1186 ταῦταο

2094 1234 2310 1300 Δείσας
2337 1235 2389 1287 δ’
2441 1237 2510 1288 ἐκ
2544 1239 2762 1305 θρόνου
2799 1233 2948 1295 ἆλτο
2981 1242 3080 1296 καὶ
3113 1244 3268 1312 ἴαχε,
3302 1245 3382 1314 μή
3423 1250 3480 1316 gl
3508 1248 3698 1316 ὕπερ-

2093 1371 2286 1427 Γαῖαν
2317 1375 2674 1444 ἀναρρήξειε
2701 1379 3048 1435 Ποσειδάων
3081 1313 3556 1454 ἐνοσίχθων-ἕθεν

2306 1482 2408 1538 πδ’.
2451 1487 2589 1553 Περὶ
2621 1492 3017 1557 συν-νεύσεως
3054 1491 3175 1546 τῶν
3207 1497 3475 1563 ὀφρύων.

2165 1574 2413 1646 Ὅμηρος
2445 1579 2690 1650 εἰσφέρει
2726 1581 2818 1634 τὸν
2863 1584 2963 1636 Δία
3001 1586 3140 1654 μετὰ
3189 1588 3288 1659 τὴν
3319 1590 3420 1659 τῆς
3467 1590 3697 1654 Θέτιδος

2095 1667 2306 1720 ἱκεσίαν
2335 1668 2434 1739 τὴν
2463 1673 2590 1742 περὶ
2621 1673 2717 1726 τοῦ
2761 1675 3070 1746 Ἀχιλλέως,
3102 1680 3496 1752 ὑποσχόμενον,
3530 1700 3696 1742 κεκι-

2093 1757 2297 1826 νηκότα
2331 1759 2429 1826 μὲν
2461 1761 2561 1823 τὰς
2581 1761 2791 1832 ὀφρύας
2820 1767 2877 1818 ἐν
2902 1770 2967 1837 τῇ
2995 1767 3310 1839 ὑποσχέσει,
3340 1771 3606 1826 σείσαντα
3633 1774 3697 1827 δὲ

403 1866 530 1902 cum
571 1851 772 1920 capitis
806 1859 941 1904 nutu
979 1851 1332 1921 crininmqne
1378 1853 1752 1907 commotione
1786 1851 1986 1905 caelum

2103 1849 2191 1910 τὰς
2239 1851 2435 1920 τρίχας
2479 1853 2572 1905 ἐπὶ
2612 1857 2676 1925 τῇ
2734 1859 3059 1912 κατανεύσει
3112 1863 3212 1931 τῆς
3255 1864 3538 1932 κεφαλῆς,
3596 1869 3698 1918 καὶ

405 1943 585 2008 ipsum
653 1952 1112 1996 commoventem.
1179 1945 1507 1998 Ambrosias
1573 1955 1754 1998 autem
1805 1944 1991 1997 crines

403 2029 582 2098 ipsius
612 2039 792 2093 vocat,
836 2040 1026 2100 utpote
1053 2047 1194 2102 quos
1221 2033 1407 2087 nullus
1436 2033 1750 2087 mortalium
1792 2032 1994 2085 habere

408 2129 605 2191 potest.

404 2238 494 2294 85.
522 2239 600 2293 De
628 2239 806 2294 Marte
829 2243 1072 2296 sauciata
1104 2253 1155 2297 et
1183 2246 1237 2298 in
1263 2243 1731 2300 Cltalcoceramum
1762 2247 1988 2303 incluso.

480 2351 708 2406 Martem
782 2366 810 2403 a
887 2350 1152 2408 Diomede
1214 2355 1566 2409 vulneratum
1634 2356 1808 2410 fuisse
1893 2358 1989 2412 lih.

407 2440 576 2496 Iliad.
613 2460 644 2496 v
693 2449 884 2497 narrat
921 2442 1208 2500 Homerus.
1245 2443 1394 2499 Idem
1431 2447 1487 2499 in
1521 2447 1744 2500 vincula
1804 2447 1994 2515 conje-

403 2546 530 2590 ctus
575 2546 659 2590 est
703 2535 771 2588 ab
816 2532 920 2588 Oto
959 2543 1012 2590 et
1039 2535 1296 2606 Ephialto
1330 2537 1485 2592 Alcis
1535 2539 1666 2593 ﬁliis
1700 2541 1988 2609 tyrannica

406 2637 607 2681 natura
643 2625 910 2694 praeditis,
944 2628 1039 2697 qui
1074 2629 1222 2682 circa
1266 2629 1606 2684 Thessaliam
1637 2633 1988 2694 exstiterunt,

402 2720 622 2788 iliisque
667 2720 866 2775 bellum
922 2718 1125 2772 inferre
1159 2719 1410 2774 meditati
1460 2729 1608 2775 sunt.
1661 2719 1809 2776 Mars
1859 2737 1990 2792 ergo

405 2809 616 2878 primus
648 2824 771 2862 cum
813 2808 947 2878 ipsis
977 2821 1312 2877 congressus
1346 2817 1454 2867 est,
1495 2815 1661 2876 atque
1703 2807 1771 2860 ab
1803 2807 1869 2860 iis
1898 2823 1991 2861 su-

406 2907 651 2964 peratos,
689 2898 743 2951 in
788 2897 1223 2951 Chalcoceramo
1270 2897 1489 2951 vinctus
1531 2905 1634 2951 est.
1675 2895 1772 2950 Est
1807 2905 1988 2951 autem

401 2989 866 3043 Chalcoceramus
921 2990 1059 3044 urbs
1105 2989 1209 3043 hoc
1250 2990 1476 3044 nomine
1533 2989 1810 3059 appellata
1856 2990 1988 3043 :vcl

401 3095 576 3147 genus
622 3088 707 3134 est
761 3081 965 3134 vinculi
1001 3079 1239 3135 difficilis
1293 3091 1459 3151 atque
1499 3081 1834 3136 insolubilis.
1882 3079 1988 3135 Fe-

403 3179 534 3226 runt
578 3187 744 3242 porro
790 3171 952 3227 Otum
986 3183 1038 3226 et
1077 3171 1389 3242 Ephialtem
1438 3188 1586 3227 nono
1634 3174 1812 3227 anatis
1842 3190 1988 3227 anno

403 3265 631 3334 triginta
668 3280 762 3320 sex
804 3264 1118 3318 altitudinis
1151 3263 1370 3318 cubitos
1419 3263 1704 3329 habuisse,
1755 3266 1995 3319 latitudi-

404 3357 491 3410 nis
526 3364 706 3411 autem
741 3372 940 3410 novem
973 3357 1214 3410 cubitos.

812 3446 880 3500 86
902 3489 914 3500 .
958 3445 1037 3500 De
1068 3461 1307 3499 amatore
1341 3445 1582 3500 Veneris.

469 3535 659 3594 Venus
691 3537 923 3593 Vulcani
975 3539 1114 3594 fabri
1151 3555 1290 3593 uxor
1317 3547 1459 3595 erat.
1497 3539 1648 3593 Hanc
1681 3539 1824 3595 Mars
1857 3542 1990 3595 ada-

402 3633 598 3692 mavit,
648 3646 883 3700 cmnque
921 3645 986 3684 ea
1032 3631 1368 3686 adulterium
1411 3632 1769 3702 perpetravit.
1821 3631 1993 3702 Cujus

406 3723 483 3776 rei
534 3723 738 3777 certior
793 3722 974 3778 lactus
1026 3723 1328 3788 Vulcanus,
1384 3734 1504 3778 arte
1561 3739 1662 3778 sua
1709 3723 1868 3778 Marti
1923 3724 1994 3778 ad

399 3814 827 3882 subagitandam
885 3814 1150 3870 Venerem
1202 3814 1482 3869 accedenti
1527 3815 1753 3885 laqueos
1800 3816 1990 3881 nectit,

401 3907 459 3960 in
505 3921 646 3976 quos
681 3908 1003 3977 imprudens
1050 3909 1143 3963 ille
1187 3907 1408 3972 incidit,
1461 3917 1626 3977 atque
1678 3923 1709 3961 a
1747 3907 1992 3962 Vulcano

393 3999 702 4066 detinetur,
737 4015 801 4054 ac
828 3999 1266 4070 deprehenditur
1293 3997 1559 4054 Venerem
1592 4007 1988 4079 constuprant.

400 4092 512 4146 Nec
565 4093 924 4148 miseratione
966 4107 1162 4148 eorum
1209 4091 1441 4147 allectus
1495 4091 1818 4148 Vulcanus:
1853 4093 1990 4163 quin

396 4185 585 4255 potius
622 4184 977 4256 utpublicam
1007 4183 1142 4253 ipsis
1166 4183 1527 4255 ignominiam
1561 4185 1832 4249 inureret,
1855 4185 1990 4240 deos

400 4278 622 4340 accivit,
673 4277 1066 4346 libidinemque
1109 4291 1302 4332 eorum
1351 4276 1422 4330 ob
1470 4277 1662 4332 oculos
1713 4276 1849 4346 ipsis
1891 4291 1990 4346 po—

398 4369 534 4424 suit.
566 4370 646 4423 Ac
679 4377 796 4424 tum
844 4368 1095 4424 videntes
1125 4367 1224 4432 dii,
1257 4367 1722 4438 quemadmodum
1775 4367 1990 4422 adulter

398 4457 494 4510 ille
539 4466 596 4510 et
634 4457 887 4512 adultera
927 4457 1085 4528 quasi
1135 4457 1192 4510 in
1247 4457 1589 4528 triumphum
1621 4459 1856 4527 expositi
1907 4459 1988 4510 la-

2099 1943 2502 2012 συγκινήσαντα
2524 1985 2538 2010 ,
2581 1947 2734 2016 φησὶ,
2787 1950 2878 2002 τὸν
2911 1951 3031 2005 ὅλον
3073 1955 3299 2024 οὐρανὸν
3343 1957 3438 2009 ἐπὶ
3475 1960 3542 2028 τῇ
3580 1958 3698 2010 τῶν

2094 2033 2296 2103 τριχῶν
2347 2038 2578 2105 κινήσει.
2627 2039 2959 2112 Ἀμϐροσίας
3010 2045 3068 2096 δὲ
3116 2050 3215 2110 τὰς
3267 2048 3458 2119 τρίχας
3510 2045 3695 2115 εἶπεν,

2091 2119 2227 2188 οἷον,
2255 2124 2320 2188 ἃς
2340 2126 2513 2190 οὐδεὶς
2537 2128 2746 2198 βροτῶν
2767 2131 2991 2185 δύναται
3015 2134 3183 2204 ἔχειν.

2272 2237 2374 2292 πί.
2423 2239 2563 2307 Περὶ
2604 2241 2711 2295 τοῦ
2757 2243 2968 2311 Ἄρεως
3003 2249 3502 2319 τιτρωσκομένου.

2163 2350 2324 2418 Λέγει
2357 2354 2385 2405 6
2418 2355 2669 2426 ποιητὴς,
2701 2356 2781 2410 ὅτι
2821 2359 3033 2432 ἐτρώθη
3083 2362 3189 2415 ὑπὸ
3219 2362 3310 2415 τοῦ
3341 2366 3647 2436 Διομήδους
3669 2385 3687 2399 ο

2092 2443 2261 2495 ταῦτα
2295 2443 2441 2511 λέγει
2481 2448 2540 2500 ἐν
2582 2451 2646 2518 τῇ
2693 2449 2940 2523 ῥαψῳδίᾳ
2977 2452 3037 2504 Ε.
3079 2453 3264 2525 Ἐδέθη
3309 2455 3367 2507 δὲ
3405 2457 3554 2526 παρὰ
3588 2458 3692 2510 τοῦ

2095 2536 2256 2587 Ὤτου
2305 2541 2398 2590 καὶ
2437 2539 2529 2592 τοῦ
2591 2541 2899 2610 Ἐφιάλτου.
2954 2539 3116 2598 Οὗτοι
3149 2547 3206 2600 δὲ
3261 2542 3405 2618 ἦσαν
3441 2550 3549 2602 υἱοὶ
3586 2553 3692 2622 μὲν

2105 2627 2370 2694 Ἀλωέως,
2405 2631 2501 2684 καὶ
2540 2633 2792 2706 τύραννοι
2821 2638 2920 2709 τὴν
2954 2637 3114 2707 φύσιν
3136 2654 3148 2666 ’
3180 2641 3429 2708 ἐγένοντο
3465 2643 3522 2695 δέ
3554 2647 3693 2714 περὶ

2090 2719 2409 2779 Θετταλίαν.
2461 2719 2620 2778 Οὗτοι
2667 2728 3007 2800 ἐμελέτησαν
3052 2732 3350 2803 ἀνταρσίαν
3393 2736 3536 2788 κατὰ
3572 2738 3690 2789 τῶν

2091 2809 2248 2865 θεῶν.
2291 2814 2348 2866 Ὀ
2379 2811 2472 2868 οὖν
2497 2818 2672 2887 Ἀρης
2701 2819 2918 2890 πρῶτος
2945 2821 3146 2893 ἐπῆλθε
3174 2826 3294 2878 κατ’
3331 2827 3534 2891 αὐτῶν,
3564 2826 3690 2883 εἶτα

2091 2905 2379 2976 ἡττηθεὶς,
2418 2908 2574 2979 ἐδέθη
2617 2912 2676 2963 ὲν
2707 2912 2892 2983 χαλκῷ
2918 2915 3181 2987 κεράμῳ⁸
3211 2919 3452 2987 χαλκοῦς
3495 2921 3554 2974 δὲ
3595 2925 3692 2976 κέ-

2091 3014 2302 3068 ραμος,
2337 3001 2368 3072 ἢ
2409 3002 2563 3065 πόλις
2602 3003 2751 3056 ἐστὶν
2784 3004 2926 3058 οὕτω
2972 3007 3284 3081 καλουμένη
3309 3051 3322 3074 ,
3358 3011 3390 3080 ἢ
3443 3008 3587 3076 εἶδός
3633 3032 3690 3067 τι

2089 3089 2294 3178 δεσμοῦ
2325 3091 2624 3164 δυσχεροῦς
2659 3097 2753 3149 καὶ
2778 3097 3061 3153 δυσλύτου.
3096 3102 3360 3169 Λέγονται
3390 3103 3447 3156 δὲ
3475 3108 3526 3157 οἱ
3556 3107 3692 3178 περὶ

2020 3228 2064 3285 C
2096 3177 2260 3234 ’Ὦτον
2293 3183 2389 3235 καὶ
2428 3184 2721 3258 Ἐφιάλτην
2755 3188 3026 3254 ἐνναέτεις
3060 3192 3246 3254 ὄντες,
3296 3191 3435 3248 εἶναι
3470 3177 3691 3270 ἐννεόρ-

2096 3289 2239 3341 γυιοι
2274 3276 2416 3328 κατὰ
2445 3276 2505 3329 τὸ
2546 3277 2722 3347 μῆκος
2737 3318 2760 3349 ,π
2779 3279 2924 3333 κατὰ
2955 3281 3012 3333 δὲ
3039 3281 3101 3334 τὸ
3133 3282 3336 3347 πλάτος
3355 3325 3370 3350 ,
3417 3288 3690 3360 ἐννεαπή-

2096 3380 2232 3432 χεις.
3647 3382 3651 3386 ⁴

2239 3465 2356 3523 πς’.
2398 3460 2541 3528 Περὶ
2583 3443 2978 3532 τοῦλέραστοῦ
3017 3465 3128 3534 τῆς
3172 3468 3540 3540 Ἀφροδίτης.

2177 3550 2463 3624 Ἀφροδίτη
2506 3554 2642 3624 γυνὴ
2689 3551 2757 3625 ἦν
2791 3556 2885 3609 τοῦ
2941 3557 3240 3628 Ἡφαίστου
3274 3560 3368 3613 τοῦ
3410 3563 3684 3632 χαλκέως.

2094 3639 2313 3710 Ταύτης
2345 3642 2560 3716 ἠράσθη
2599 3647 2628 3698 ὁ
2666 3647 2862 3718 Ἀρης,
2897 3649 2990 3702 καὶ
3031 3652 3350 3722 ἐμοίχευσεν
3381 3655 3577 3725 αὐτήν.
3626 3655 3689 3710 '0

2093 3728 2186 3784 οὖν
2211 3733 2514 3802 ’Ἥφαιστος
2544 3736 2733 3804 μαθὼν
2753 3738 2933 3803 τοῦτο,
2966 3743 3032 3811 τῇ
3067 3741 3231 3812 τέχνῃ
3263 3743 3430 3796 αὑτοῦ
3461 3747 3690 3816 ἐτεχνᾶ-

2095 3840 2228 3876 σατο
2259 3825 2360 3888 τὰς
2389 3826 2588 3895 πάγας,
2622 3829 2716 3881 καὶ
2749 3829 2930 3901 τίθησι
2962 3830 3037 3902 τῷ
3081 3834 3237 3903 "Aper.
3271 3836 3556 3907 ἐρχομένῳ
3590 3839 3689 3891 ἐπὶ

2092 3919 2158 3987 τῇ
2213 3919 2429 3989 μοιχείᾳ
2465 3921 2563 3989 τῆς
2619 3922 2971 3994 ’Δφροδίτης’
3016 3926 3110 3977 καὶ
3158 3927 3422 3995 ἐμπίπτει
3465 3931 3547 3993 είς
3583 3933 3688 3996 τὰς

2093 4009 2274 4076 πάγας
2296 4011 2391 4063 καὶ
2417 4013 2707 4082 κατέχεται
2733 4017 2761 4065 6
2792 4017 2984 4086 Ἀρης,
3012 4017 3104 4070 καὶ
3132 4021 3382 4088 φωρᾶται
3413 4024 3686 4092 μοιχεύων

2091 4101 2188 4172 τὴν
2221 4103 2561 4176 Ἀφροδίτην.
2592 4107 2701 4159 Καὶ
2724 4108 2824 4159 οὐκ
2854 4108 3042 4162 ἔλυσεν
3066 4110 3266 4173 αὐτοὺς
3290 4114 3318 4164 ὁ
3351 4113 3684 4182 ’Ἥφαιστος,

2091 4195 2207 4248 ἀλλ’
2224 4196 2407 4250 εἴασεν
2431 4199 2628 4261 αὐτοὺς
2651 4201 2730 4262 εἰς
2749 4202 3303 4274 παραδειγματισμὸν
3328 4206 3511 4259 αὐτῶν
3531 4246 3547 4269 ,
3576 4207 3688 4271 ἓως

2091 4282 2152 4341 οὗ
2186 4289 2408 4342 ἐκάλεσε
2438 4291 2565 4353 τοὺς
2591 4291 2747 4354 θεοὺς
2775 4293 2872 4346 καὶ
2906 4294 3293 4364 ἐδημοσίευσεν
3317 4298 3537 4360 αὐτούς.
3572 4301 3688 4354 Καὶ

2089 4379 2214 4432 τότε
2245 4383 2295 4433 οἱ
2331 4380 2443 4433 θεοὶ
2475 4382 2676 4446 εἰδότες
2705 4384 2766 4436 τὸ
2798 4383 2917 4447 πῶς
2953 4385 3417 4458 θριαμϐευόμενοι
3447 4392 3536 4458 (ἐν
3562 4394 3686 4454 ταῖς

2091 4472 2294 4539 πάγαις
2318 4474 2672 4544 κατεχόμενοι
2696 4471 2837 4546 ἦσαν
2857 4478 2906 4528 οἱ
2930 4476 3044 4542 δύο,
3060 4479 3156 4530 ὅτε
3181 4481 3368 4550 μοιχὸς
3388 4482 3481 4534 καὶ
3504 4485 3538 4551 ἡ
3563 4501 3687 4552 μοι-

397 4550 559 4619 queis
590 4557 930 4615 tenerentur,
961 4566 1161 4621 magno
1204 4551 1277 4606 ob
1310 4565 1407 4604 eos
1451 4550 1570 4604 risu
1609 4549 1794 4604 diffusi
1828 4557 1977 4604 sunt.

2103 4562 2242 4630 [αλὶς
2260 4563 2299 4632 ).
2333 4563 2501 4616 πολὺν
2529 4565 2614 4617 ἐπ’
2641 4567 2837 4631 αὐτοὺς
2860 4568 3120 4637 κατέχεον
3163 4549 3375 4637 γέλωτα
3397 4591 3409 4601 ·
3441 4549 3538 4626 καί
3562 4549 3687 4628 τότε

401 4643 478 4694 Ac
522 4648 711 4710 postea
755 4642 1035 4710 persoluta
1075 4641 1274 4712 exigua
1321 4641 1558 4712 pecunia
1593 4639 1844 4696 Vulcano
1886 4657 1984 4712 pro

327 4801 331 4805 .
401 4732 798 4802 redemptionis
834 4733 1011 4804 pretio
1041 4732 1188 4790 Mars
1223 4733 1442 4788 solutus
1471 4741 1576 4788 est.

986 4847 1076 4901 87.
1127 4846 1199 4900 De
1229 4846 1403 4901 bellis.

471 4936 651 4993 Pallas
683 4947 738 4992 et
770 4936 913 4993 Juno
943 4936 1153 4993 Graecis
1185 4938 1476 4993 studentes
1524 4953 1650 4991 cum
1688 4936 1899 4994 Venere
1931 4947 1986 4994 et

399 5025 595 5092 Marte,
631 5031 723 5099 qui
773 5030 1144 5100 Trojanorum
1192 5040 1382 5102 partes
1421 5031 1738 5094 tuebantur,
1777 5030 1981 5085 bellum

396 5117 682 5187 gerebant.
727 5117 971 5174 Possunt
1006 5120 1172 5175 etiam
1217 5119 1334 5174 haec
1373 5119 1515 5174 bella
1562 5119 1820 5187 intelligi,
1859 5135 1982 5188 qum

397 5211 482 5264 vel
509 5211 758 5282 gigantes
785 5227 908 5267 cum
943 5211 1073 5278 diis,
1106 5211 1193 5266 vel
1222 5208 1449 5265 Titanes
1478 5210 1577 5280 ipsi
1604 5226 1732 5265 cum
1766 5209 1983 5265 Baccho

400 5301 663 5358 inierunt.

665 5413 756 5469 88.
801 5412 881 5468 De
915 5413 1154 5470 Saturno
1183 5423 1232 5468 et
1261 5411 1394 5468 Caeli
1429 5415 1716 5468 excisione.

470 5521 651 5580 Poeta:
673 5523 884 5578 Caelum
919 5524 1146 5581 Saturni
1185 5532 1394 5594 patrem
1421 5521 1591 5578 fuisse
1618 5523 1850 5594 fingunt.
1885 5519 1985 5576 Sa-

397 5623 595 5671 turnus
622 5618 892 5688 itaquene
909 5617 1038 5689 quis
1055 5617 1198 5671 alius
1225 5632 1294 5675 ex
1325 5625 1486 5686 patre
1512 5623 1852 5677 nasceretur,
1891 5629 1985 5668 ac-

399 5717 554 5776 cepta
604 5709 744 5763 falce
791 5709 1083 5778 genitalem
1133 5709 1310 5778 patris
1353 5709 1438 5762 sui
1489 5716 1702 5779 partem
1753 5706 1982 5770 excidit,

401 5807 566 5869 atque
603 5799 658 5856 in
693 5816 843 5855 mare
882 5816 936 5870 ιη
953 5801 1112 5870 njccit
1155 5820 1167 5854 :
1203 5808 1367 5870 atque
1397 5810 1588 5857 exorta
1626 5817 1819 5872 spuma
1853 5808 1980 5856 nata

2087 4653 2273 4707 λύεται
2295 4658 2323 4707 ὁ
2340 4657 2533 4727 Ἄρης,
2558 4659 2647 4710 ὅτε
2673 4659 2847 4729 μικρά
2864 4677 2985 4713 τινα
3005 4660 3176 4732 λύτρα
3191 4662 3373 4716 δίδωσι
3389 4664 3468 4735 τῷ
3494 4666 3690 4735 Ἠφαί-

2089 4763 2219 4819 στῳ.
2257 4748 2565 4819 Ἀμφιγύην
2586 4749 2642 4802 δὲ
2659 4750 2749 4802 τὸν
2765 4752 3072 4820 ’Ἥφαιστον
3084 4753 3368 4818 ἐκάλεσεν,
3397 4755 3473 4819 ὡς
3485 4757 3683 4826 χωλόν.

2479 4841 2588 4905 πξ.
2638 4844 2780 4912 Περὶ
2824 4845 2944 4898 τῶν
2987 4847 3287 4918 πολέμων.

2171 4932 2374 5004 Ἀθηνᾶ
2403 4934 2503 5005 μὲν
2526 4937 2621 4988 καὶ
2647 4937 2795 5006 ’Ἥρα
2827 4941 3212 5009 φροντίζουσαι
3237 4943 3346 4996 τῶν
3385 4945 3684 5015 Ἑλλήνων,

2088 5023 2389 5092 ἐπολέμουν
2426 5027 2565 5096 πρὸς
2603 5028 2924 5099 Ἀφροδίτην
2959 5034 3055 5084 καὶ
3095 5035 3268 5106 ’Ἄρεα
3296 5039 3686 5107 φροντίζοντας

2090 5116 2199 5168 τῶν
2224 5117 2447 5188 Τρώων.
2480 5117 2671 5184 Εἴποις
2711 5120 2770 5173 δὲ
2811 5121 3104 5193 πολέμους,
3141 5127 3235 5179 καὶ
3263 5129 3390 5191 τοὺς
3433 5130 3544 5182 ἀπὸ
3574 5133 3685 5184 τῶν

2091 5209 2367 5276 Γιγάντων
2403 5211 2543 5281 πρὸς
2576 5213 2702 5275 τοὺς
2738 5213 2900 5281 δῆθεν
2938 5215 3116 5283 θεοὺς,
3153 5219 3247 5271 καὶ
3279 5221 3406 5284 τοὺς
3433 5221 3545 5274 ἀπὸ
3571 5223 3684 5276 τῶν

2088 5297 2334 5350 Τιτάνων
2367 5299 2503 5369 πρὸς
2529 5299 2623 5352 τὸν
2651 5301 2926 5355 Διόνυσον.

2290 5414 2403 5476 πη’.
2440 5407 2580 5476 Περὶ
2613 5411 2848 5478 Κρόνου
2889 5412 2988 5466 καὶ
3033 5413 3142 5467 τοῦ
3177 5417 3471 5484 Οέφανοῦ.

2160 5521 2316 5575 Κατὰ
2346 5523 2435 5575 τὸν
2469 5522 2659 5592 μῦθον,
2691 5527 2718 5578 6
2750 5526 3013 5598 Οὐρανὸς.
3043 5528 3198 5600 φησὶ,
3230 5531 3439 5599 γίνεται
3466 5533 3678 5604 Κρόνου

2095 5615 2296 5686 πατήρ.
2340 5617 2398 5667 ’0
2429 5617 2635 5688 Κρόνος
2668 5614 2761 5671 οὖν
2792 5619 2867 5690 μὴ
2899 5619 3222 5692 βουλόμενος
3246 5625 3498 5692 γενέσθαι
3527 5629 3681 5700 αὐτῷ

2087 5707 2274 5777 ἕτερον
2303 5709 2487 5765 παῖδα.
2514 5709 2696 5765 λαϐὼν
2721 5712 2988 5783 δρέπανον
3017 5715 3269 5786 ἐκτέμνει
3295 5717 3365 5771 τὰ
3383 5721 3559 5773 αἰδοία
3581 5721 3674 5775 τοῦ

2089 5801 2316 5870 πατρὸς,
2341 5804 2433 5856 καὶ
2457 5804 2638 5874 ῥίπτει
2664 5805 2801 5861 αὖτά
2825 5809 2903 5872 εἰς
2927 5809 3027 5880 τὴν
3045 5809 3338 5865 Θάλασσαν·
3371 5813 3467 5865 καὶ
3495 5813 3673 5884 ἀφροῦ
