3856 6220
176 303 309 362 1035

1011 297 1100 353 AD
1129 296 1189 355 S.
1229 293 1560 352 GREGORII
1597 294 1812 352 ORAT:
1847 296 1870 352 ι
1909 294 2190 353 CONTRA
2225 295 2599 354 JULIANUM.

3304 304 3327 357 I
3337 305 3446 360 οδι

164 411 466 484 γενομένου
505 411 773 483 ἐγεννήθη
812 411 847 482 ἡ
898 410 1218 482 ’Δφροδίτ-η·
1250 408 1403 476 ἔνθεν
1429 409 1522 462 καὶ
1559 408 1802 480 Ἀφροη

1879 418 1949 465 εει
1982 406 2188 473 Venus,
2220 410 2366 465 unde
2395 411 2561 466 etiam
2591 410 2879 483 Ἀφροδίτη
2917 410 3200 469 nominata
3238 425 3347 480 est,
3378 420 3446 470 ὲκ

163 505 287 576 δίτη
319 503 622 575 ὠνομάσθη
651 504 728 566 ὡς
751 504 816 556 ἐκ
839 501 936 556 τοῦ
964 501 1159 572 ἀφροῦ.

168 620 278 674 πθν.
312 620 458 688 Περὶ
494 616 607 687 τῆς
651 617 760 672 τοῦ
787 615 1098 703 Διὸς-,πρὸς
1133 615 1242 668 τὸν
1268 614 1500 682 Κρόνον
1530 614 1755 667 ἐπανα-

821 703 1113 753 στασεως.

249 804 315 862 ’0
347 807 485 870 Ζεὺς
515 803 733 875 μαθὼν,
766 805 848 857 ὅτι
872 803 1207 872 τεκνοφὰγος
1240 802 1387 854 ἐστὶν
1431 801 1460 853 ὁ
1495 798 1758 868 Κρόνοςὸ

161 897 355 970 πατὴρ
388 896 579 964 αὑτοῦ,
611 897 970 952 ἐπανίσταται
1013 895 1194 966 αὐτῷ,
1236 895 1333 947 καὶ
1369 891 1622 946 ἐκϐάλλει
1661 890 1758 943 αὐ-

159 988 260 1042 τὸν
287 991 390 1059 τῆς
417 988 718 1059 βασιλείας,
748 990 843 1041 καὶ
868 988 1275 1058 καταταρταροῖ
1298 984 1461 1038 αὐτὸν
1485 981 1624 1055 μετὰ
1648 980 1757 1034 τῶν

161 1080 437 1133 Τιτάνων.
470 1078 628 1134 Κατὰ
656 1079 893 1151 μίμησιν
922 1078 979 1131 δὲ
1008 1073 1132 1131 εἷπε
1163 1075 1258 1130 τοῦ
1289 1074 1518 1146 πατρὸς,
1546 1075 1628 1127 ὅτι
1663 1073 1758 1125 καὶ

158 1170 192 1222 ὁ
220 1170 436 1241 Κρόνος
472 1171 744 1240 ἐπανέστη
779 1170 859 1240 τῷ
889 1168 1150 1239 Οὐρανῷ,
1182 1169 1277 1221 καὶ
1304 1166 1561 1237 ἐξέτεμεν
1590 1160 1755 1234 αὑτοῦ

159 1260 235 1313 τὰ
276 1261 456 1315 αἰδοῖα
485 1261 579 1314 καὶ
618 1259 778 1314 ἔλαϐε
812 1261 913 1331 τὴν
949 1259 1247 1330 βασιλείαν.
1280 1258 1492 1311 Γλυκὺν
1527 1256 1584 1310 δὲ
1609 1250 1757 1309 λίθον

158 1355 261 1408 καὶ
290 1354 385 1408 τὸν
418 1353 581 1408 αὑτὸν
615 1355 812 1427 πικρὸν
845 1353 1269 1425 τυραννοκτόνον
1308 1351 1398 1405 τὸν
1432 1349 1530 1403 Δία
1568 1348 1779 1402 καλεῖο.

158 1446 315 1501 λίθον
346 1447 468 1518 μὲν,
493 1448 702 1519 ἐπειδὴ,
736 1448 812 1511 ὡς
838 1443 1014 1509 εἷπον,
1044 1449 1077 1519 ή
1121 1445 1249 1499 Ῥέα
1274 1443 1422 1498 λίθον
1454 1442 1654 1496 δέδωκε
1680 1440 1760 1511 τῷ

158 1538 367 1609 Κρόνῳ
411 1541 701 1592 καταπιεῖν
744 1539 867 1592 ἀντὶ⁸
898 1537 992 1592 τοῦ
1037 1537 1192 1598 Διός·
1236 1534 1659 1609 τυραννοκτόνον
1700 1532 1760 1585 δὲ

155 1631 346 1694 καλεῖ,
371 1632 404 1704 ἦ
434 1633 518 1685 ὅτι
547 1632 821 1703 ἐπανέστη
847 1632 926 1703 τῷ
955 1632 1150 1704 Κρόνῳ
1174 1633 1203 1684 ὁ
1231 1631 1385 1694 Ζεὺς,
1419 1629 1453 1701 ἢ
1477 1629 1559 1682 ὅτι
1586 1630 1617 1680 ὁ
1638 1625 1760 1680 τού-

160 1741 261 1778 του
305 1724 455 1789 λίΘος
485 1726 742 1798 ἐποίησεν
781 1726 943 1779 αὐτὸν
970 1725 1188 1795 ἐμέσαι,
1222 1724 1318 1778 καὶ
1357 1722 1452 1786 οὓς
1493 1722 1759 1794 πρότερον

157 1818 423 1872 κατέπιε.

1862 501 1958 556 τοῦ
1990 501 2190 575 ἀφροῦ,
2229 502 2333 557 hoc
2362 509 2448 556 est
2482 518 2511 556 a
2540 517 2755 573 spuma.

1937 617 2027 673 89.
2068 618 2146 672 De
2182 620 2564 674 insurrectione
2586 620 2733 673 Jovis
2762 620 3013 674 adversus
3052 619 3370 675 Saturnum.

1934 796 2153 867 Jupiter
2184 796 2485 853 Saturnum
2528 808 2737 869 patrem
2771 801 2910 856 adeo
2940 800 3225 855 crudelem
3282 809 3448 872 atque

1865 889 2161 943 immanem
2230 905 2353 945 esse
2405 890 2671 957 sentiens,
2724 904 2781 945 ut
2844 891 2986 947 filios
3034 908 3166 948 suos
3217 895 3449 950 devora-

1868 987 1973 1044 ret,
2007 981 2272 1052 impetum
2315 981 2582 1038 adversus
2640 1000 2764 1038 eum
2814 983 2966 1047 facit,
3007 1002 3347 1057 regnumque
3393 988 3446 1042 ei

1868 1073 2167 1138 abstrahit,
2202 1076 2603 1147 propriumque
2666 1085 2873 1146 patrem
2910 1078 3221 1148 principatu
3256 1087 3447 1134 extur-

1868 1166 1981 1220 bat.
2007 1167 2088 1221 Ad
2112 1167 2475 1233 imitationem
2505 1176 2683 1224 autem
2714 1172 2887 1241 patris
2915 1172 3018 1227 hoc
3047 1172 3115 1226 ab
3141 1187 3207 1225 eo
3240 1172 3447 1227 factum

1866 1272 1989 1312 esse
2015 1258 2090 1311 ait
2117 1256 2438 1328 Gregorius,
2467 1262 2730 1330 quoniam
2759 1262 2877 1332 ipse
2906 1277 3129 1334 quoque
3165 1262 3445 1319 Saturnus

1867 1350 2134 1405 adversus
2180 1350 2392 1406 Gallum
2452 1353 2846 1419 insurrexerat,
2892 1369 2956 1409 ac
3001 1356 3287 1425 pudendas
3338 1357 3447 1427 ipsi

1865 1449 2053 1511 partes
2084 1442 2419 1505 absciderat,
2456 1444 2861 1516 imperiumque
2888 1447 2955 1501 ad
2979 1463 3038 1503 se
3062 1449 3442 1504 transtulerat.

1867 1531 2093 1588 Dulcem
2130 1548 2298 1604 porro
2345 1535 2581 1604 lapidem
2619 1536 2812 1594 Jovem
2849 1547 3035 1604 vocat,
3079 1541 3448 1611 eumdemque

1868 1624 2127 1680 acerbum
2160 1628 2564 1699 tyrannicidam
2598 1648 2611 1683 :
2656 1631 2893 1700 lapidem
2923 1633 3143 1702 quidem
3185 1633 3447 1703 quoniam

1866 1715 2040 1778 Rhea,
2091 1724 2154 1771 ut
2204 1731 2236 1772 ιι
2274 1719 2435 1775 nobis
2489 1720 2694 1775 dictum
2751 1730 2857 1785 est,
2921 1722 3162 1778 Saturno
3209 1723 3446 1795 lapidem

1786 1795 1830 1854 Β
1857 1808 2011 1866 Jovis
2056 1811 2179 1866 loco
2229 1812 2606 1869 devorandum
2642 1825 2960 1884 porrexerat
2991 1836 3006 1871 :
3040 1817 3447 1889 tyrannicidam

157 1920 372 1972 autem,
421 1909 507 1966 vel
536 1909 663 1980 quia
709 1908 928 1980 Jupiter
963 1909 1229 1963 adversus
1256 1908 1556 1962 Saturnum
1595 1902 1908 1970 rebellavit,
1949 1903 2036 1958 vel
2071 1903 2200 1975 quia
2234 1904 2553 1976 hujusmodi
2608 1907 2844 1978 lapidem
2901 1924 2997 1965 eos
3027 1926 3268 1983 quoque,
3303 1925 3445 1982 quos

156 2004 322 2074 prius
342 2003 658 2069 devorarat,
688 2017 944 2058 evomere
973 2003 1177 2073 coegit.

595 2122 667 2185 ιιν.
705 2118 845 2189 Περὶ
882 2119 994 2173 τοῦ
1031 2118 1331 2188 Κερδῴου.

230 2227 494 2299 Κερδῷον
515 2228 636 2283 θεὸν
659 2228 917 2285 καλοῦσιν
941 2232 988 2283 οἱ
1016 2229 1279 2298 Ἕλληνες
1299 2229 1391 2283 τὸν
1429 2227 1661 2300 Ἑρμῆν,
1685 2227 1761 2291 ὡς

163 2320 399 2392 κέρδους
429 2322 871 2392 περιποιητικόν.
903 2322 994 2374 Διὸ
1023 2322 1119 2375 καὶ
1162 2321 1556 2393 Ἀριστοφάνης
1589 2323 1617 2374 ὁ
1653 2337 1762 2374 κω·-

162 2411 328 2482 μικὺς
358 2413 416 2465 ὲν
446 2411 524 2483 τῷ
552 2412 793 2484 δράματι
828 2413 911 2484 τῷ
949 2415 1217 2479 Πλούτῳ,
1251 2412 1494 2484 ἀπορῶν,
1530 2411 1653 2467 τίνα
1681 2410 1763 2464 δεῖ

162 2504 395 2557 καλέσαι
426 2504 518 2558 τὸν
555 2503 789 2576 Ἑρμῆν,
819 2507 982 2575 φησίν
1006 2524 1020 2538 ο
1069 2507 1392 2578 Ἐμπολαίον
1422 2505 1584 2559 αὑτὸν
1624 2505 1769 2572 ἰδρυ-

164 2595 415 2667 σώμεθα,
450 2597 720 2660 τουτέστι,
760 2597 987 2671 κέρδους
1019 2598 1232 2671 ἔφορον.

420 2714 527 2778 ῐπακ
574 2712 714 2781 Περὶ
751 2711 884 2778 Διὸς
921 2712 1120 2768 πάντα
1161 2710 1501 2782 γινομένου.

246 2823 309 2877 '0
354 2825 491 2889 Ζεὺς
535 2826 826 2897 γενόμενος
869 2826 1027 2890 ἀετὸς
1067 2825 1156 2879 διὰ
1212 2824 1548 2897 μαγγανείας
1593 2824 1759 2887 τινὸς,

165 2918 389 2991 ἥρπασε
424 2919 514 2972 τὸν
542 2920 904 2992 Γανυμήδην,
936 2920 1190 2990 ἐρασθεὶς
1229 2919 1396 2973 αὑτοῦ
1441 2919 1577 2989 πρὸς
1606 2918 1764 2972 παιδ-

164 3010 471 3083 εραστίαν’
500 3012 647 3085 Φρὺξ
687 3012 744 3066 δὲ
785 3015 814 3066 ὁ
851 3013 1192 3085 Γανυμήδης.
1241 3012 1298 3065 Ὀ
1324 3011 1380 3065 δὲ
1422 3010 1590 3081 μῦθος
1625 3010 1760 3082 ἔχει,

165 3104 254 3158 ’ότι
281 3105 534 3176 ἣρπασεν
560 3108 589 3160 ὁ
610 3106 745 3171 Ζεὺς
766 3106 858 3160 τὸν
884 3105 1230 3177 Γανυμήδην,
1258 3105 1348 3158 ἵνα
1370 3106 1574 3177 ποιήσῃ
1601 3104 1764 3157 αὐτὸν

167 3197 435 3269 οἰνοχόον,
459 3199 589 3253 ὅταν
619 3200 944 3270 ἀριστοποιῇ
980 3201 1094 3262 τοῖς
1121 3197 1283 3262 θεοῖς·
1313 3189 1468 3259 οὗτος
1490 3197 1547 3250 δὲ
1572 3199 1601 3250 ὁ
1629 3196 1765 3259 Ζεὺς

168 3288 398 3362 γοητείᾳ
424 3290 532 3343 τινὶ
565 3289 757 3359 γέγονε
787 3291 989 3361 χρυσὸς
1009 3331 1024 3355 ,
1055 3290 1151 3343 καὶ
1183 3289 1365 3361 Δανάῃ
1410 3288 1729 3357 συνεγένετο
1747 3304 1762 3319 ο

2356 2113 2446 2168 90.
2494 2113 2569 2169 De
2602 2113 2803 2171 Lucreo
2833 2118 2951 2173 deo.

1936 2225 2200 2280 Luerium
2246 2226 2407 2282 deum
2472 2227 2806 2285 Mercurium
2866 2228 3042 2288 Graeci
3099 2244 3320 2298 vocant,
3386 2246 3447 2293 ut

1864 2315 2010 2370 lucri
2048 2324 2351 2372 auctorem.
2391 2317 2547 2375 Unde
2587 2322 2755 2376 etiam
2779 2325 3024 2379 comicus
3047 2325 3448 2396 Aristophanes

1864 2408 1921 2462 in
1956 2407 2119 2463 Pluto
2152 2411 2487 2468 addubitans
2520 2429 2633 2483 quo
2665 2417 2892 2471 nomine
2924 2416 3232 2474 Mercurius
3257 2425 3442 2491 appelo

1862 2501 2061 2557 Iandus
2086 2504 2180 2566 sit,
2201 2501 2519 2560 Statuamus
2544 2523 2691 2572 eum,
2721 2508 2919 2578 inquit,
2945 2511 3261 2581 ἐμπολαῖον,
3289 2515 3342 2570 id
3362 2525 3449 2572 est

1872 2603 2120 2664 quaestus
2151 2603 2205 2651 et
2237 2597 2373 2652 lucri
2400 2600 2712 2669 praesidem.

1925 2705 2014 2760 9i.
2055 2706 2133 2761 De
2161 2724 2222 2762 eo
2255 2711 2344 2779 qui
2373 2722 2587 2781 propter
2624 2714 2869 2769 mulieres
2900 2714 3103 2785 quidvis
3126 2717 3379 2787 efﬁcitur.

1935 2817 2129 2875 Jovem
2176 2823 2458 2895 intelligit,
2508 2827 2602 2896 qui
2646 2829 2944 2899 praestigiis
2994 2831 3326 2900 quibusdam
3389 2834 3446 2888 in

1866 2912 2108 2981 aquilam
2140 2914 2590 2984 transformatus,
2629 2916 3002 2991 Ganymedem
3045 2923 3250 2991 rapuit,
3288 2935 3347 2978 ut
3380 2941 3448 2980 eo

1864 3002 1935 3055 ad
1967 3006 2272 3060 masculam
2309 3007 2589 3065 libidinem
2637 3010 2975 3069 abuteretur.
3035 3014 3216 3087 Phryx
3265 3027 3447 3073 autem

1865 3103 1985 3149 erat
2015 3095 2382 3168 Ganymedes,
2416 3101 2647 3166 idcirco,
2692 3111 2753 3158 ut
2794 3114 2969 3175 poetae
3013 3105 3352 3173 fabulantur,
3416 3125 3447 3163 a

1866 3186 2002 3244 Jove
2046 3201 2265 3261 raptus,
2316 3201 2376 3246 ut
2435 3193 2776 3264 pocillatoris
2818 3213 3046 3254 munere
3101 3198 3444 3270 fungeretur,

1869 3301 1994 3339 cum
2027 3285 2246 3357 Jupiter
2279 3288 2412 3344 deos
2444 3290 2675 3360 prandio
2704 3303 3040 3362 excepturus
3067 3304 3236 3350 esset.
3296 3294 3445 3350 Idem

170 3348 338 3433 πάλιν
365 3348 588 3453 ταῦρος,
622 3348 717 3434 καὶ
877 3348 1150 3453 Εὐρώπην
1180 3348 1400 3452 ἥρπασε
1424 3397 1438 3412 ·
1480 3348 1677 3442 κύκνος
1706 3377 1766 3433 δὲ
1792 3355 1802 3401 ί

1879 3377 2088 3449 Iupiter
2144 3382 2486 3451 prmstigiosa
2533 3384 2771 3451 quadam
2814 3394 2933 3439 arte
2978 3402 3173 3440 aurum
3221 3385 3447 3442 ell'ectus

171 3471 489 3543 γενόμενος,
528 3472 710 3543 Λήδαν
749 3473 1076 3544 ἐπόρνευσε·
1113 3473 1276 3527 πάλιν
1310 3471 1509 3544 ταῦρος
1542 3472 1766 3543 γενόμε-

1879 3469 2093 3526 Danaen
2134 3473 2487 3542 compressit.
2516 3471 2731 3529 Rursus
2761 3476 2865 3530 sub
2905 3476 3046 3530 tauri
3096 3477 3269 3530 forma
3300 3476 3448 3531 Euro

174 3581 284 3629 νος,
323 3565 423 3635 τὴν
452 3566 748 3638 Πασιφάην
774 3566 1070 3637 ἐπόρνευσε
1091 3582 1103 3595 ·
1137 3567 1369 3638 σάτυρος
1394 3564 1449 3618 δὲ
1474 3565 1766 3635 γενόμενος

1879 3577 1988 3630 eam
2024 3565 2227 3633 rapuit,
2249 3566 2710 3634 quemadmodum
2739 3568 2906 3623 etiam
2939 3571 2992 3624 in
3037 3586 3271 3641 cygnum
3296 3585 3448 3624 com—

172 3657 269 3710 καὶ
307 3656 477 3712 τᾶλλα
524 3658 694 3730 μυρία
739 3658 888 3713 κακὰ
931 3657 1145 3729 πράξας
1195 3658 1285 3713 διὰ
1324 3657 1631 3728 φιληδονίαν
1670 3654 1762 3711 καὶ

1879 3662 2107 3711 nutatus
2137 3655 2299 3711 Ledae
2330 3664 2581 3726 stuprum
2624 3660 2827 3727 intulit,
2859 3672 2911 3716 et
2952 3662 3007 3715 in
3041 3672 3285 3733 satyrum
3315 3677 3449 3717 con-

171 3746 449 3818 λαγνείαν.
1861 3760 2057 3801 versus
2101 3745 2417 3818 Nycteidem
2453 3749 2748 3819 nympham
2780 3753 2997 3822 aliaque
3033 3760 3291 3808 sexcenta
3347 3751 3448 3806 lla-

1859 3838 1994 3909 gitia
2033 3847 2258 3910 propter
2288 3844 2626 3913 voluptatem
2660 3842 3058 3915 libidinemque
3090 3845 3443 3915 perpetravit.

1352 3951 1465 4026 [92.
1497 3950 1608 4020 (5|)
1654 3949 1726 4004 De
1745 3950 1942 4006 Thestii
1980 3953 2222 4021 ﬁliabus.

241 4044 363 4100 Jam
402 4045 647 4101 diximus
675 4045 964 4101 Herculem
992 4061 1104 4100 una
1129 4052 1293 4100 nocte
1338 4059 1464 4098 cum
1509 4059 1539 4097 ι.
1584 4041 1798 4098 Thestii
1828 4043 2043 4100 ﬁliabus
2087 4060 2441 4118 congressum
2485 4049 2675 4116 fuisse,
2733 4066 2967 4121 eumque
2997 4049 3307 4121 Trivesperi
3345 4067 3447 4105 no-

171 4154 298 4195 men
324 4155 392 4195 ex
422 4155 490 4196 eo
522 4150 903 4205 consecutum,
938 4140 1084 4211 quod
1109 4140 1288 4195 tribus
1322 4137 1518 4194 diebus
1544 4146 1866 4207 procreatus
1894 4139 1987 4192 sit.

1408 4230 1498 4285 95.
1559 4230 1636 4284 De
1672 4229 1847 4283 Marte
1883 4231 1980 4285 irae
1996 4231 2241 4300 prwside.

243 4325 392 4382 Mars
432 4326 703 4381 bellorum
746 4338 948 4396 praeses
972 4324 1195 4387 dicitur,
1224 4331 1390 4393 atque
1425 4323 1561 4377 iram
1590 4322 1831 4392 spirans,
1859 4324 2120 4392 quoniam
2150 4338 2215 4380 ea
2249 4325 2304 4379 in
2331 4326 2487 4381 bellis
2520 4327 2831 4400 indigemus
2863 4333 2923 4381 ut
2953 4328 3284 4383 irascibilem
3316 4329 3440 4382 ani-

172 4435 276 4475 ma:
303 4427 507 4474 nostrae
538 4414 854 4472 facultatem
881 4422 1115 4470 moveat.

1416 4509 1502 4564 94.
1548 4507 1626 4563 De
1650 4508 1847 4564 Bacchi
1879 4511 2207 4571 temulentia.

243 4608 524 4664 Bacchum
559 4607 687 4662 vitis
721 4620 784 4660 ac
816 4605 928 4660 vini
962 4612 1128 4673 atque
1158 4604 1333 4674 ipsius
1364 4604 1528 4659 etiam
1554 4604 1839 4660 ebrietatis
1872 4607 2158 4675 praesidem
2203 4623 2326 4664 esse
2379 4609 2532 4662 aiunt
2575 4624 2589 4660 :
2642 4608 2931 4680 ipsumque
2972 4609 3135 4664 etiam
3188 4625 3338 4665 mero
3389 4626 3448 4664 se

173 4704 504 4759 obruentem
529 4702 762 4773 fingunt,
788 4699 1135 4768 consilioque
1154 4697 1386 4755 Junonis
1417 4698 1544 4754 huic
1569 4699 1705 4753 vitio
1731 4715 1854 4755 sese
1884 4702 2182 4768 addixisse,
2206 4703 2307 4759 hoc
2329 4703 2584 4759 videlicet
2610 4702 2843 4773 agentis,
2873 4710 2935 4756 ut
2967 4701 3057 4756 ille
3086 4700 3446 4756 immoderato

173 4806 308 4868 potu
335 4795 536 4851 mentis
564 4807 811 4849 errorem
846 4790 1218 4847 contraheret.
1245 4789 1351 4861 Ipsi
1380 4791 1526 4845 enim
1556 4797 1615 4844 ut
1644 4787 1797 4845 Jovis
1830 4789 1942 4845 lilio
1972 4791 2173 4847 infesta
2201 4801 2341 4847 erat.
2393 4790 2598 4849 Omnes
2628 4793 2771 4847 enim
2821 4807 2890 4847 ex
2942 4788 3077 4847 Jove
3133 4790 3448 4860 progenitus

176 4888 449 4957 zelotypia
477 4885 876 4940 insectabatur.

1266 4977 1356 5033 95.
1403 4976 1474 5032 De
1500 4976 1673 5031 Diana
1701 4977 1932 5047 hospites
1954 4978 2077 5032 odio
2112 4979 2349 5034 habente.

249 5077 325 5133 De
354 5075 553 5131 Tauris
587 5082 641 5131 et
670 5074 952 5145 Iphigenia
980 5073 1093 5143 jam
1125 5072 1294 5128 verba
1320 5071 1577 5128 fecimus.
1635 5070 1804 5126 Diana
1839 5072 1985 5127 enim
2038 5074 2199 5144 ‘apud
2264 5064 2673 5144 Tauroscythas
2696 5073 2982 5129 colebatur
3017 5092 3028 5126 :
3067 5070 3449 5140 habebantque

174 5166 256 5222 illi
286 5165 627 5237 Iphigeniam
658 5165 1087 5236 Agamemnonis
1119 5163 1289 5218 ﬁliam
1313 5162 1663 5218 sacerdotem
1702 5163 1946 5234 hospites
1973 5165 2076 5234 ipsi
2134 5165 2529 5221 immolantem.
2560 5164 2683 5235 Ipsa
2728 5165 2931 5236 quippe
2971 5163 3248 5233 hospitum
3300 5162 3450 5219 caede

178 5261 614 5336 oblectabatur.]

623 5379 740 5446 ιιςθ.
769 5375 909 5445 Περὶ
930 5374 1038 5429 τοῦ
1066 5374 1307 5440 Λοξίου.
1793 5357 1838 5414 Ῑ)

258 5492 319 5545 '0
361 5490 636 5545 Ἀπόλλων
667 5490 1091 5561 μαντευόμενος,
1122 5491 1184 5542 οὐ
1217 5489 1426 5559 σαφῶς,
1468 5490 1586 5544 οὐδέ
1614 5490 1762 5563 διαρ-

179 5585 351 5655 ρήδην
376 5585 506 5647 τοὺς
539 5583 823 5653 χρησμοὺς
858 5584 972 5645 τοῖς
1005 5581 1521 5654 χρησμῳδουμένοις
1554 5580 1760 5650 ἔλεγεν,

177 5676 294 5730 αλλ’
331 5674 559 5744 ἀσαφῶς
596 5674 692 5728 καὶ
728 5672 916 5741 λοξῶςο
951 5673 1030 5727 διὸ
1068 5674 1269 5744 ήκουσε
1309 5672 1525 5740 Λοξίας,
1564 5672 1638 5736 ὡς
1670 5674 1765 5726 τὰ·

2217 5373 2306 5431 96.
2343 5374 2421 5430 De
2452 5374 2623 5430 Loxia
2651 5374 2870 5430 oracula
2898 5374 3095 5427 edente.

1943 5487 2135 5558 Apollo
2162 5488 2475 5544 vaticinans
2506 5501 2855 5558 nequaquam
2891 5493 3082 5556 aperte
3133 5498 3197 5538 ac
3239 5484 3449 5553 perspi-

1870 5594 1974 5634 cue
1992 5580 2057 5635 iis
2079 5596 2107 5635 a
2132 5581 2333 5651 quibus
2369 5581 2787 5642 consulebatur,
2825 5578 3052 5632 oracula
3081 5575 3300 5636 edebat.
3356 5574 3451 5629 sed

1874 5668 2111 5725 obscure
2123 5681 2286 5741 atque
2303 5670 2549 5740 oblique.
2575 5668 2730 5724 Unde
2754 5668 2919 5723 etiam
2948 5666 3145 5723 Loxias
3162 5666 3344 5722 dictus
3370 5671 3452 5719 est

246 5805 364 5878 (5i)
400 5803 620 5860 Inclusa
656 5803 863 5858 omittit
890 5800 1140 5857 Nonnus.

514 5899 783 5960 ΡΑι-ιιοι.
820 5897 940 5958 (in.
971 5892 1269 5958 XXXVI.

3117 5884 3198 5948 33
