3856 6220
408 301 542 357 Π)δῦ

1728 322 1735 329 ⁸
1774 297 2056 358 NONNUS
2093 298 2314 357 ABBAS

3531 301 3558 355 1
3569 301 3683 356 (ἓῗῦ

408 429 466 474 ut
490 418 769 476 contraria
825 437 917 484 us,
995 428 1117 492 qua!
1175 433 1435 477 eventura
1494 432 1674 489 erant,
1729 424 1982 478 vaticinia

2098 422 2271 477 ναντῖα
2312 421 2421 475 τῶν
2462 422 2844 494 ἐκϐησομένων
2884 421 3243 493 χρησμῳδῶν.
3288 420 3400 475 Καὶ
3443 420 3506 473 ὲκ
3546 420 3683 474 τού-

404 512 659 578 ell‘erens,
692 512 763 567 ob
791 512 954 583 idque
1000 514 1203 568 multos
1252 512 1307 567 in
1358 513 1608 567 fraudem
1670 514 1999 584 impellens!

405 603 648 673 Quorum
683 606 737 660 in
767 621 1001 660 numero
1044 605 1273 661 Craasus
1314 621 1533 676 quoque
1577 604 1851 676 Lydorum
1887 620 1982 659 rex

407 694 528 750 fuit.
575 694 710 748 Nam
759 709 884 749 cum
932 694 1048 764 ipse
1080 696 1359 749 oraculum
1401 697 1746 765 accepisset:

407 805 615 861 Croesus
658 806 841 878 Halyn
872 819 1150 876 penetrans
1182 826 1397 881 regnum
1425 819 1676 880 pervertet
1705 812 1938 882 opimum
1967 828 1986 865 :

405 926 673 976 incertum
722 929 902 975 autem
938 931 1104 989 esset,
1133 923 1410 993 quodnam
1434 892 1663 995 regnum
1693 940 1987 981 eversurus

405 1020 570 1077 esset,
609 1013 932 1067 enstimans
974 1015 1065 1068 ille
1100 1013 1408 1083 Apollinem
1438 1016 1505 1069 de
1549 1016 1791 1070 hostium
1818 1031 1988 1087 regno

407 1111 567 1173 atque
612 1103 842 1173 imperio
874 1104 1044 1174 loqui,
1096 1104 1272 1175 Halyn
1320 1105 1542 1160 ﬂuvium
1586 1108 1826 1178 trajecit,
1859 1124 1987 1178 pro-

406 1198 695 1268 priumque
732 1196 1022 1266 imperium
1053 1197 1267 1251 evertit.

616 1310 708 1366 97.
778 1310 852 1365 De
889 1312 1237 1366 immoderato
1262 1321 1312 1366 et
1339 1312 1593 1383 effrenato
1632 1314 1765 1367 risu.

476 1424 653 1479 Simul
709 1435 874 1495 atque
936 1425 1216 1482 Vulcanus
1262 1426 1489 1482 Martem
1549 1428 1819 1483 adulterio
1859 1443 1985 1483 cum

406 1514 616 1573 Venere
641 1518 895 1589 junctum
931 1520 1142 1591 laqueis
1177 1521 1293 1576 suis
1327 1521 1566 1577 irrctivit
1607 1528 1661 1576 et
1698 1521 1982 1586 astrinxit,

405 1609 463 1663 ut
517 1609 585 1664 de
638 1610 771 1679 ipsis
819 1610 1216 1681 triumpharet,
1263 1611 1396 1667 deos
1443 1614 1768 1667 convocavit
1817 1629 1831 1665 :
1890 1612 1985 1683 qui

408 1714 526 1754 cum
570 1715 667 1756 eos
696 1701 994 1768 vidissent,
1030 1700 1421 1757 eﬂ‘usissimum
1459 1703 1632 1758 risum
1673 1702 1981 1759 ediderunt.

2085 532 2181 568 του
2220 513 2512 583 ἠπατῶντο
2545 513 2761 567 πολλοί’
2810 513 3045 584 μάλιστα
3082 513 3140 566 δὲ
3180 511 3399 564 πάντων
3432 513 3461 563 ὁ
3502 511 3682 581 Κροῖ-

2091 625 2182 672 σος
2230 609 2259 659 ὁ
2318 606 2509 669 Λυδός.
2574 601 2684 659 Ἦν
2740 604 2850 675 γὰρ
2903 603 3055 675 αὐτῷ
3108 607 3136 657 ὁ
3192 603 3371 665 δοθεὶς
3423 600 3682 673 χρησμὸς

2093 695 2280 763 οὗτος·

2087 812 2341 881 Κροῖσος
2358 811 2543 865 Ἅλυν
2560 810 2786 876 διαϐὰς,
2798 810 3074 879 μεγάλην
3093 808 3291 877 ἀρχὴν
3311 808 3678 861 καταλύσει.

2087 925 2202 977 Οὐκ
2238 920 2307 995 ἦν
2338 924 2395 976 δὲ
2439 925 2607 991 σαφὲς
2638 921 2798 975 ποίαν
2836 922 3011 994 ἀρχὴν
3058 921 3376 975 καταλύσει.
3420 918 3682 990 Νομίσας

2085 1013 2177 1071 οὖν
2204 1018 2233 1068 ὁ
2274 1018 2523 1088 Κροῖσος.
2573 1017 2655 1068 ὃτι
2702 1016 2799 1086 τὴν
2836 1015 2943 1068 τῶν
2973 1013 3232 1067 ἐναντίων
3278 1011 3455 1082 ἀρχὴν
3494 1009 3678 1078 λέγει,

2084 1109 2319 1179 ἐπέρασε
2360 1107 2450 1159 τὸν
2480 1108 2645 1160 ’Δλυν
2679 1109 2940 1177 ποταμὸν,
2974 1106 3069 1159 καὶ
3115 1105 3215 1175 τὴν
3248 1104 3459 1158 οἰκείαν
3491 1102 3680 1174 ἀρχὴν

2086 1198 2368 1251 κατέλυσε.

2425 1311 2528 1379 ι-,ζκ
2564 1311 2705 1381 Περὶ
2736 1310 2992 1382 γέλωτος
3023 1309 3325 1380 ἀμετρίας.

2159 1426 2483 1480 Χωλεύοντα
2511 1426 2632 1479 θεὸν
2670 1426 2818 1494 λέγει
2853 1425 2946 1478 τὸν
2980 1425 3321 1493 Ἥφαιστον
3353 1420 3525 1489 χωλὸς
3560 1419 3685 1490 γὰρ

2087 1512 2241 1582 οὗτος
2284 1519 2417 1591 παρ’
2460 1520 2664 1581 αὐτοῖς.
2717 1520 2815 1570 Ὃν
2866 1515 3103 1588 ὁρῶντες
3151 1511 3529 1584 ὑπηρετοῦντα
3578 1513 3685 1564 καὶ

2087 1610 2420 1680 χωλεύοντα,
2456 1610 2658 1678 ἐγέλων
2686 1611 2734 1662 οἱ
2771 1610 2915 1662 θεοί·
2946 1607 3043 1661 καὶ
3072 1607 3159 1659 ὅτε
3186 1608 3306 1667 ταῖς
3340 1603 3545 1671 πάγαις
3583 1603 3682 1654 τὸν

2089 1703 2262 1775 ’Δρεα
2283 1703 2630 1772 δ”Ηφαιστος
2662 1701 2749 1755 διὰ
2785 1700 2883 1773 τὴν
2921 1699 3165 1770 μοιχείαν
3195 1696 3507 1766 συνέδησεν,
3539 1696 3680 1748 ὲκὰ-

408 1790 821 1848 Claudieantem
888 1801 1073 1847 autem
1140 1794 1392 1849 eumdem
1446 1792 1753 1848 Vulcanum
1827 1803 1985 1849 vocat

2098 1804 2204 1849 tsas
2261 1798 2387 1860 τοὺς
2438 1794 2627 1861 θεοὺς,
2692 1794 2785 1847 καὶ
2829 1793 2997 1846 πολὺν
3056 1792 3267 1861 γέλωτα
3314 1791 3435 1842 κατ’
3501 1787 3677 1842 αὑτοῦ

405 1884 722 1955 Gregorius.
766 1884 1008 1940 Claudus
1051 1886 1198 1941 enim
1238 1893 1360 1940 erat
1401 1885 1494 1939 hic
1533 1886 1673 1941 deus
1710 1888 1787 1957 (1)
1834 1888 1981 1958 apud

2098 1889 2369 1963 ιατέχεονἶ

407 1996 573 2051 ῳεος.
606 1972 891 2035 Tenuibus
920 1994 1085 2050 porro
1109 1980 1261 2036 tibiis
1282 1980 1662 2037 oblectabatur
1679 1979 1980 2048 Vulcanus,
2012 1985 2273 2055 quoniam
2300 1985 2450 2040 tibiis
2479 1984 2730 2039 incidens
2756 1980 2903 2037 Mars
2931 1981 2986 2035 in
3015 1981 3136 2051 ejus
3170 1982 3419 2051 laqueos,
3447 1979 3682 2034 inutiles

409 2078 509 2131 Illae
538 2077 641 2145 ipsi
669 2076 1019 2131 exstiterunt.

539 2182 628 2237 98.
670 2181 746 2236 De
782 2180 912 2236 Jove
943 2183 1013 2236 ad
1040 2183 1230 2254 pingue
1260 2184 1553 2238 convivium
1582 2193 1842 2239 currente.

472 2295 686 2367 Jupiter
718 2295 774 2351 in
810 2288 1146 2366 Ethiopiam
1188 2302 1253 2350 ad
1296 2298 1490 2367 epulas
1544 2296 1829 2368 profectus
1877 2306 1981 2361 est,

409 2405 546 2461 quas
587 2380 876 2459 Ethiopes
918 2390 1319 2454 instruxerant,
1374 2389 1665 2459 ipsumque
1710 2403 1836 2444 cum
1878 2389 1985 2445 diis

408 2483 532 2537 aliis
563 2483 883 2537 invitarant.
909 2480 1095 2551 Epulaz
1124 2491 1306 2536 autem
1330 2482 1436 2536 illae
1453 2480 1799 2550 :Ethiopum.
1820 2488 1987 2552 atque

408 2589 592 2630 earum
619 2588 786 2629 causa
807 2574 1140 2629 sacriﬁcium
1172 2580 1312 2637 erat,
1333 2573 1477 2644 quod
1509 2570 1630 2629 «ιονί
1663 2572 1845 2629 ﬂebat.
1905 2571 1985 2630 De

407 2682 511 2739 qua
547 2682 607 2722 re
634 2668 750 2724 hme
786 2666 1009 2723 Homeri
1044 2667 1294 2722 carmina
1318 2675 1451 2723 sunt
1488 2686 1501 2722 :

541 2781 752 2854 Jupiter
788 2782 1032 2854 hesterna
1058 2793 1320 2838 eleuatum
1344 2784 1458 2839 luce
1488 2785 1741 2854 probatos

541 2853 652 2907 luit
680 2853 750 2907 ad
781 2852 1081 2923 xEtItiopes,
1117 2864 1273 2925 atque
1308 2852 1671 2909 omnis‘turba
1705 2854 1947 2911 deorum.

2246 2191 2353 2257 [ιη’.
2385 2184 2526 2253 Περὶ
2552 2184 2657 2238 τοῦ
2681 2182 2779 2237 ἐπὶ
2805 2181 2976 2235 δαῖτα
3003 2181 3235 2251 τρέχειν
3263 2180 3369 2235 τὸν
3400 2180 3524 2233 Δία.

2170 2300 2229 2355 Ὁ
2278 2302 2415 2365 Ζεὺς
2452 2299 2693 2371 ἀπῆλθεν
2729 2301 2787 2352 ἐν
2820 2301 2885 2369 τῇ
2919 2297 3178 2369 Αἰθιοπίᾳ⁵
3209 2296 3302 2349 ἐπὶ
3337 2295 3583 2367 ἄριστον.
3612 2296 3677 2347 Οἱ

2084 2390 2179 2450 οὖν
2226 2394 2483 2457 Αἰθίοπες
2524 2391 3071 2464 ἀριστοποιήσαντες,
3109 2389 3373 2446 ἐκάλεσαν
3404 2388 3566 2445 αὐτόν
3615 2404 3678 2443 τε

2086 2485 2183 2540 καὶ
2214 2486 2341 2548 τοὺς
2365 2483 2559 2548 ἄλλους
2603 2482 2760 2547 θεοὺς
2811 2487 2908 2537 σὺν
2949 2484 3121 2554 αὐτῷ.
3156 2485 3228 2537 Τὸ
3268 2485 3326 2537 δὲ
3363 2482 3589 2555 ἄριστον
3616 2484 3681 2535 τὸ

2089 2575 2407 2631 Αἰθιοπικὸν
2440 2577 2536 2630 καὶ
2562 2578 2594 2647 ὴ
2624 2576 2802 2629 δίαιτα
2830 2576 2992 2646 αὕτη,
3015 2576 3175 2629 θυσία
3205 2571 3274 2647 ἦν
3305 2576 3564 2646 γινομένη
3596 2574 3681 2645 τῷ

2088 2670 2173 2722 Διί
2196 2686 2211 2701 ’
2246 2668 2317 2722 τὰ
2345 2668 2404 2722 δὲ
2441 2668 2549 2738 ἔπη
2579 2669 2686 2723 εἰσὶ
2713 2667 2911 2722 ταῦτα·

2085 2781 2233 2846 Ζεὺς
2257 2782 2364 2851 γὰρ
2383 2782 2475 2835 ἐπ’
2511 2781 2798 2836 Ὠκεανὸν
2821 2781 2948 2851 μετ’
2982 2780 3298 2851 ἀμύμονας
3317 2779 3679 2851 Αἰθιοπῆας,

2087 2849 2287 2918 Χθιζὸζ-
2311 2849 2417 2921 ἔϐη
2448 2854 2592 2919 μετὰ
2615 2853 2805 2917 δαῖτα,
2823 2849 2952 2906 θεοί
2972 2849 3031 2907 0"
3046 2850 3165 2921 ἅμα
3187 2849 3410 2916 πάντες
3428 2850 3680 2907 ἕποντο.

474 2990 588 3064 (52)
618 2990 754 3049 Vide
785 2993 945 3050 linem
982 3011 998 3048 ι
1029 2992 1196 3049 Iliad.
1236 2994 1373 3050 Nam
1403 2997 1491 3051 hie
1526 2996 1709 3053 inanis
1740 3009 1826 3054 est
1860 2994 2042 3053 Nonni
2069 2994 2365 3066 expositio.

417 3186 3647 3216 ~————.—_.____—.___————-——_———_————_—-_‘

1016 3348 1483 3435 ΝΟΝΝΟΥ
1556 3349 2152 3437 ΣΥΝΑΓΩΓΗ
2229 3352 2425 3437 ΚΑΙ
2490 3343 3051 3445 ΕΞΗΓΗΣΙΣ

1618 3548 1710 3600 ΩΝ
1749 3548 2088 3603 ΕΜΝΗΣΘΗ
2127 3549 2448 3605 ΙΣΤοΡίοΝ

511 3740 625 3861 Ο
699 3741 898 3856 ΕΝ
974 3736 1495 3855 ΑΓΙΟΙΣ
1580 3740 2104 3855 ΠΑΤΗΡ
2169 3744 2619 3860 ΗΜΩΝ
2691 3746 3563 3865 ΓΡΗΓΟΡΙΟΣ

1032 3978 1135 4032 ειν
1166 3977 1250 4046 Ta
1278 3979 1467 4031 ΚΑΤΑ
1499 3976 1821 4030 ιοΥΑιΑΝ
1841 3976 1945 4028 or
1971 3978 1985 4029 λ

2098 3978 2269 4033 HAIT
2294 3978 2569 4051 arma)
2601 3979 2956 4051 ΔΕΥΤΕΡῼ.

592 4306 1045 4426 NONNI
1139 4303 1948 4422 COLLECTIO
2042 4310 2225 4425 ET
2309 4312 3481 4430 lNTERPRETATlO

1602 4543 2451 4637 HISTORIABUM

639 4735 943 4811 QUARUM
980 4738 1042 4797 S.
1081 4734 1144 4798 P.
1183 4739 1251 4795 N.
1286 4738 1689 4797 GREGORIUS
1730 4740 2020 4797 MEMINIT
2058 4743 2127 4798 IN
2166 4745 2539 4804 INVECTIVA
2577 4746 2619 4802 ll
2659 4746 3025 4805 ADVERSUS
3060 4747 3432 4807 JULIANUM.

841 5115 891 5169 1.
928 5114 1008 5170 De
1024 5114 1286 5171 Ariadnes
1322 5134 1539 5173 corona.

469 5220 710 5276 Ariadne
737 5219 934 5276 Minois
966 5220 1310 5277 Cretensium
1350 5225 1494 5296 regis
1524 5224 1653 5290 ﬁlia,
1690 5224 1886 5283 Thesei
1911 5229 1985 5282 A-

403 5312 768 5368 theniensium
805 5314 972 5383 regis,
1020 5313 1113 5383 qui
1143 5330 1208 5370 eo
1235 5315 1304 5369 ad
1334 5315 1773 5373 interﬁciendum
1812 5319 1985 5374 Mino-

403 5413 619 5460 taurum
662 5412 1001 5475 perrexerat,
1041 5421 1229 5463 amore
1262 5418 1421 5479 capta
1443 5417 1549 5466 est.
1593 5408 1746 5468 lianc
1764 5427 1931 5483 porro
1953 5427 1985 5466 a

413 5493 617 5550 l’heseo
653 5507 931 5565 acceptam
958 5496 1013 5549 iu
1047 5495 1241 5552 Naxon
1267 5498 1506 5555 insulam
1535 5501 1714 5567 duxit,
1745 5516 1983 5574 cumque

402 5599 465 5639 ea
499 5600 613 5640 rem
644 5586 858 5649 habuit,
885 5596 1049 5656 atque
1073 5588 1132 5642 in
1152 5589 1274 5659 ejus
1300 5591 1569 5650 honorem
1605 5608 1868 5650 coronam
1923 5595 1979 5649 in

391 5676 544 5730 ccelo
576 5677 751 5733 stellis
791 5679 1121 5749 quibusdam
1160 5681 1430 5753 depinxit.

2335 5134 2403 5181 α’.
2445 5127 2587 5195 Περὶ
2609 5128 2717 5182 τοῦ
2750 5126 3054 5196 Ἀριάδνης
3090 5127 3421 5198 στεφάνου.

2174 5233 2427 5304 Ἀριάδνη
2474 5232 2721 5304 θυγάτηρ
2770 5233 2986 5305 ὑπῆρχε
3033 5235 3251 5298 Μίνωος
3292 5234 3387 5287 τοῦ
3442 5237 3685 5306 Κρητῶν

2092 5325 2373 5396 βασιλέως.
2409 5324 2561 5395 Αὕτη
2590 5326 2805 5397 ἠράσθη
2851 5326 3076 5396 Θησέως
3103 5326 3197 5380 τοῦ
3240 5326 3481 5395 Ἀθηνῶν
3525 5328 3682 5396 βασι-

2088 5419 2245 5482 λέως,
2280 5417 2527 5481 ἐλθόντος
2573 5420 2660 5472 ἐπ’
2695 5417 2972 5489 ἀναιρέσει
3016 5418 3113 5471 τοῦ
3153 5418 3538 5489 Μινωταύρου.
3586 5419 3686 5473 Ἐκ

2087 5509 2182 5564 τοῦ
2234 5506 2326 5564 οὖν
2359 5509 2584 5579 Θησέως
2618 5509 2810 5562 ἔλαϐεν
2844 5510 3017 5581 αὐτὴν
3050 5511 3079 5562 ὁ
3123 5510 3394 5574 Διόνυσος,
3446 5511 3542 5563 καὶ
3589 5512 3684 5564 ἁν-

2087 5604 2296 5673 ήγαγεν
2334 5603 2392 5653 ἐν
2424 5604 2491 5673 τῇ
2521 5600 2707 5668 Νάξῳ,
2733 5600 2827 5652 καὶ
2874 5599 3141 5669 συνεμίγη
3191 5601 3328 5669 αὐτῇ
3351 5616 3364 5629 ·
3398 5599 3493 5653 καὶ
3542 5600 3684 5669 πρὸς

2088 5693 2255 5765 τιμὴν
2283 5693 2488 5761 αὐτῆς,
2530 5692 2795 5761 στέφανον
2852 5692 2911 5743 ἐν
2953 5691 3030 5761 τῷ
3074 5690 3285 5761 οὐρανῷ
3328 5690 3395 5743 δι’
3430 5693 3683 5765 ἀστέρων

2093 5784 2581 5857 ὑπεξωγράφησεν·
