3856 6220
220 310 366 370 ίοὸτ

648 421 714 493 β’.
747 419 886 490 Περὶ
913 419 1026 488 τῆς
1054 420 1400 488 Βερονίκης.

290 510 378 589 ’Ἠ
409 533 466 588 δέ
501 532 599 586 τοῦ
630 532 911 604 πλοκάμου
957 532 1054 602 τῆς
1096 530 1390 603 Βερονίκης
1435 529 1584 584 ἐστὶν
1624 528 1764 598 αὕτη
1787 546 1802 558 ·

221 624 492 696 Βερονίκη
545 624 681 693 γυνή
712 638 797 686 τις
834 617 911 692 ’ἦν
943 619 1037 674 τοῦ
1084 621 1141 672 ἐν
1182 619 1558 690 Ἀλεξανδρείᾳ
1610 618 1805 672 Πτολε-

226 718 395 788 μαίου
428 715 522 768 τοῦ
563 712 868 785 Εὐεργέτου
924 712 1279 780 καλουμένου.
1313 711 1420 764 Τοῦ
1467 707 1560 763 οὖν
1610 708 1805 779 ἀνδρὸς

1044 302 1135 357 AD
1180 303 1238 358 S.
1278 300 1609 359 GREGORII
1647 299 1856 362 ORAT.
1899 298 1941 353 ll
1979 299 2254 355 CONTRA
2311 300 2678 362 JULIANUM.

1834 427 1883 483 A

3340 307 3477 364 1038

2283 422 2337 474 2.
2382 420 2459 473 De
2483 421 2759 475 Berenices
2792 422 2935 474 crine
2962 420 3099 493 (5'5).

1986 529 2244 589 Berenice
2277 532 2557 588 Ptolemmi
2607 542 2971 603 cognomento
3012 533 3293 606 Eyergetis
3342 514 3483 590 uxor

1902 631 2024 675 erat
2062 642 2074 676 :
2112 640 2235 693 qua:
2275 627 2474 679 marito
2516 626 2719 680 bellum
2744 642 2969 698 peregre
2994 638 3218 699 gerente
3248 629 3352 683 hoc
3383 642 3484 683 vo-

1909 724 1965 769 to
1996 734 2056 773 se
2090 719 2387 773 obstrinxit
2416 728 2474 774 ιιι
2505 720 2549 775 si
2573 722 2779 777 illazsus
2810 731 2975 792 atque
3016 723 3312 777 incolumis
3388 724 3482 779 ille

222 809 400 878 αὐτῆς
429 806 521 859 τοῦ
544 805 879 876 Πτολεμαίου
908 804 1059 866 ὄντος
1080 807 1136 858 ἐν
1164 805 1440 874 πολέμοις,
1475 802 1698 874 ηὔξατο,
1720 805 1802 856 ὅτι

1920 807 2124 873 'ediret,
2160 810 2277 879 ipsa
2305 811 2567 867 delonsos
2599 814 2785 868 crines
2819 813 2873 867 in
2910 815 3117 884 templo
3139 814 3357 868 denarii
3390 830 3482 869 cu-

223 902 279 953 εί
312 898 640 971 ὑποστρέψει
675 897 937 969 ἄτρωτος,
978 895 1086 950 τῶν
1122 897 1418 967 πλοκάμων
1447 896 1555 948 τῶν
1602 897 1803 967 ἑαυτῆς

1920 900 2123 961 ,ιιειιιιιη
2166 902 2288 956 loco
2317 904 2671 972 appenderet.
2712 903 2834 970 Quo
2863 905 3028 960 etiam
3061 911 3189 959 voto
3216 904 3476 959 defuncta

223 989 529 1060 ἀπόκαρμα
556 987 815 1059 ἀναθήσει
836 986 1091 1057 ἀνάθημα
1119 988 1176 1039 ἐν
1194 986 1271 1058 τῷ
1303 986 1459 1058 ἱερῷ⁸
1490 988 1585 1040 καὶ
1617 986 1806 1059 ἀνέθη-

223 1097 327 1134 κεν
359 1082 393 1152 ἡ
421 1079 687 1152 Βερονίκη
716 1078 808 1132 τὸν
837 1078 1119 1149 πλόκαμον
1162 1078 1504 1149 ἀποκείρασα
1547 1079 1639 1131 τὸν
1681 1081 1808 1133 ἐαυ-

224 1176 363 1244 τῆς,
407 1171 846 1244 ὑποστρέψαντος
873 1170 968 1224 τοῦ
1008 1170 1367 1241 Πτολεμαίου.
1403 1170 1590 1223 Κόνων
1619 1171 1677 1223 δέ
1724 1188 1809 1235 τις

222 1260 299 1335 ἧν
323 1264 657 1336 ἀστρονόμος
684 1263 776 1316 ἐπὶ
806 1263 916 1316 τῶν
938 1263 1112 1333 αὐτῆς
1149 1262 1377 1333 χρόνων,
1403 1261 1461 1324 ὃς
1491 1262 1628 1332 πρὸς
1650 1262 1812 1315 κολα-

1909 1000 2015 1047 est.
2052 991 2184 1045 Erat
2209 1002 2387 1049 autem
2419 995 2593 1061 ipsius
2614 1001 2859 1064 tempore
2881 1005 3229 1051 astronomus
3255 996 3480 1064 quidam

1904 1080 2185 1137 Comonus
2213 1085 2459 1148 nomine,
2489 1083 2585 1153 qui
2621 1094 2680 1137 ut
2705 1085 2806 1153 ipsi
2839 1085 3175 1145 adularetur,
3233 1084 3366 1138 deos
3398 1085 3480 1154 ip-

1907 1173 2026 1227 sius
2059 1174 2268 1228 crinem
2311 1174 2455 1229 inter
2517 1182 2667 1230 astra
2716 1177 2976 1231 retulisse
3030 1174 3340 1230 allirmavit.
3403 1177 3481 1228 Ac

1907 1264 2138 1334 proinde
2167 1281 2314 1320 nunc
2344 1281 2517 1322 nexus
2546 1268 2768 1336 quidam
2806 1267 3089 1322 stellarum
3121 1269 3176 1322 in
3203 1268 3342 1323 caelo
3372 1274 3477 1330 est,

224 1354 386 1409 κείαν
414 1357 585 1426 αὐτῆς
612 1372 799 1426 φησιν,
834 1355 917 1408 ὅτι
952 1356 1000 1407 οί
1034 1354 1147 1407 θεοὶ
1177 1353 1271 1406 τὸν
1307 1352 1588 1423 πλόκαμον
1627 1353 1805 1407 τοῦτον

1920 1370 2072 1425 quem
2101 1356 2393 1413 Berenices
2416 1358 2623 1413 crinem
2655 1360 2950 1429 appellant.

223 1452 290 1504 ἐν
320 1451 538 1522 ἄστροις
560 1449 849 1518 ἀνέθηκαν.
869 1450 981 1502 Kal
1008 1447 1103 1502 νῦν
1129 1447 1244 1500 ἐστι
1262 1465 1347 1511 τις
1366 1447 1708 1518 βοτρυοειδὴς
1734 1445 1881 1510 θέσις
1919 1449 2159 1519 ἀστέρων
2188 1453 2245 1505 ἐν
2270 1451 2348 1522 τῷ
2387 1450 2626 1523 οὐρανῷ,
2656 1452 2685 1504 ὃ
2728 1452 2949 1506 καλοῦσι
2990 1452 3265 1523 πλόκαμον
3315 1453 3479 1523 Βερο-

222 1550 407 1619 νίκης.

677 1669 747 1731 γ’.
788 1661 928 1729 Περὶ
959 1660 1067 1715 τοῦ
1094 1663 1343 1715 κύκνου.

308 1772 373 1825 Ἦ
401 1772 459 1826 δέ
488 1773 617 1844 περὶ
643 1771 740 1826 τοῦ
777 1772 981 1826 κύκνου
1010 1772 1159 1825 ἐστὶν
1191 1768 1330 1843 αὕτη
1358 1788 1371 1801 ·
1412 1770 1470 1824 '0
1504 1769 1639 1833 Ζεὺς
1672 1771 1802 1840 ἐρα-

224 1864 403 1930 σθεὶς,
436 1864 511 1929 ὼς
557 1865 659 1935 μέν
708 1882 854 1928 τινες
891 1864 1128 1933 λέγουσι,
1149 1867 1251 1934 τῆς
1286 1861 1603 1934 Νεμέσεως,
1640 1860 1715 1922 ὡς
1747 1859 1805 1913 δέ

218 1957 441 2026 ἐτεροι,
496 1956 596 2028 τῆς
648 1956 871 2027 Λήδας,
932 1956 1028 2009 καὶ
1079 1955 1404 2026 βουλόμενος
1447 1951 1805 2021 συγγενέσθαι

223 2049 390 2121 αὐτῇ,
415 2049 509 2103 καὶ
537 2049 611 2120 μὴ
638 2048 988 2121 ὁρα[σ]θῆναι
1014 2047 1119 2102 ὑπὸ
1139 2047 1241 2117 τῆς
1257 2047 1456 2118 Ἥρας,
1487 2042 1805 2115 ἐξωμοιὼθη

221 2141 434 2211 κύκνῳ,
462 2140 558 2195 καὶ
585 2142 903 2210 συνεγένετο
939 2143 1005 2212 τῇ
1033 2141 1307 2213 ἐρωμένῃ.
1351 2137 1468 2192 Νῦν
1509 2133 1602 2191 οὖν
1649 2128 1806 2201 οὗτος

220 2235 253 2287 ὁ
298 2233 500 2295 κύκνος
542 2231 947 2302 κατεστηρίχθη
995 2232 1054 2283 ἐν
1100 2230 1179 2301 τῷ
1220 2229 1472 2301 οὐρανῷο
1514 2229 1608 2281 καὶ
1655 2227 1803 2288 ἐστι,

223 2327 415 2396 φησὶν,
438 2322 937 2396 ὑποζωγραφηθεὶς
971 2322 1065 2376 καὶ
1092 2323 1288 2391 ἄστρον
1322 2323 1350 2374 6
1387 2321 1604 2382 κύκνος.

682 2440 745 2495 δ’.
785 2437 923 2505 Περὶ
955 2438 1063 2492 τοῦ
1096 2441 1342 2501 ταύρου.

309 2551 376 2604 Ἦ
411 2550 468 2603 δὲ
507 2549 637 2621 περὶ
676 2549 771 2603 τοῦ
804 2551 1009 2621 ταύρου
1051 2548 1198 2603 ἐστὶν
1243 2545 1382 2617 αὕτη
1407 2561 1422 2576 ·
1463 2541 1677 2612 Ταῦρός
1714 2532 1808 2606 τις

226 2643 337 2698 ὑπὸ
355 2643 451 2696 τοῦ
481 2642 815 2706 Ποσειδῶνος
844 2640 1066 2711 ἀνεδόθη
1095 2640 1225 2711 περὶ
1247 2639 1344 2709 τὴν
1378 2637 1623 2691 Ἐλλάδα.
1641 2628 1810 2700 Οὗτος

226 2734 557 2804 ἐλυμαίνετο
578 2734 676 2806 τὴν
701 2733 884 2805 χώραν
908 2732 1002 2787 καὶ
1023 2731 1229 2784 ἐσίνετο
1258 2729 1449 2783 πολλά.
1479 2729 1601 2781 Ἐπὶ
1622 2727 1810 2781 τοῦτον

226 2821 395 2898 ἦλθεν
426 2828 454 2880 ὁ
489 2826 725 2897 Θησεὺς,
755 2826 850 2880 καὶ
885 2825 1094 2879 ἀνεῖλεν
1129 2824 1312 2879 αὐτόν.
1344 2824 1454 2875 Καὶ
1496 2822 1809 2893 βουλόμενοι

224 2920 282 2972 οἱ
311 2919 425 2973 θεοὶ
453 2919 596 2990 μέγα
621 2919 683 2972 τὸ
710 2918 870 2991 ἔργον
902 2916 997 2971 τοῦ
1036 2917 1257 2989 Θησέως
1282 2914 1476 2979 δεῖξαι,
1516 2915 1613 2967 καὶ
1642 2914 1807 2988 θερα-

2492 1658 2548 1710 '5.
2588 1657 2663 1710 De
2693 1674 2877 1727 cygno.

1973 1768 2208 1839 Jupiter,
2239 1778 2300 1823 ut
2328 1771 2550 1841 quidam
2583 1772 2830 1835 tradunt,
2864 1772 3178 1839 Nemeseos,
3211 1782 3270 1829 ut
3296 1784 3478 1831 autem

1907 1863 2023 1926 alii,
2056 1861 2215 1916 Ledae
2244 1878 2432 1918 amore
2466 1864 2863 1931 inﬂammatus,
2924 1884 3048 1922 cum
3088 1884 3261 1939 eaque
3301 1871 3476 1939 stupri

1907 1956 2295 2011 commercium
2332 1955 2531 2012 habere
2565 1959 2815 2029 cupiens,
2847 1977 2914 2015 ne
2945 1976 2974 2014 a
3007 1959 3221 2016 Iunone
3261 1964 3480 2035 perspi-

1906 2054 2148 2113 ceretur,
2188 2047 2349 2119 cygni
2382 2046 2612 2103 formam
2648 2050 2856 2106 subiit:
2889 2060 3055 2122 atque
3077 2053 3152 2108 ita
3179 2069 3304 2108 cum
3339 2053 3480 2107 ami-

1904 2151 1969 2191 ea
2009 2152 2341 2209 congressus
2372 2148 2476 2195 est.
2524 2139 2682 2196 Nunc
2714 2158 2843 2213 ergo
2871 2142 2959 2197 hic
3015 2159 3221 2216 cygnus
3244 2146 3300 2199 in
3340 2145 3480 2199 coelo
3523 2153 3527 2156 ’

1906 2230 2087 2299 pictus
2118 2238 2398 2302 est,atque
2429 2233 2573 2289 inter
2613 2242 2762 2289 astra
2797 2237 3123 2292 collocatus.

2502 2431 2555 2484 4.
2598 2431 2675 2485 De
2700 2441 2874 2486 tauro.

1980 2544 2198 2600 Taurus
2232 2546 2461 2616 quidam
2497 2561 2528 2600 a
2551 2544 2805 2618 Neptuno
2837 2547 2988 2602 circa
3015 2545 3277 2602 Graeciam
3305 2549 3476 2605 emis-

1910 2654 2006 2694 sus
2046 2647 2172 2694 est:
2223 2640 2315 2709 qui
2366 2654 2490 2694 cum
2553 2640 2833 2709 regionem
2888 2646 3058 2694 totam
3117 2649 3475 2710 pervastaret,

1910 2731 2318 2803 maximamque
2385 2732 2681 2802 perniciem
2742 2732 2848 2802 ipsi
2909 2732 3147 2800 aﬂ‘erret,
3196 2734 3413 2791 tandem
3446 2752 3479 2790 a

1910 2821 2124 2879 Theseo
2153 2824 2516 2894 interemptus
2555 2832 2661 2880 est.
2701 2824 2971 2892 Quocirca
3009 2826 3084 2882 dii
3120 2835 3182 2882 ut
3220 2843 3478 2898 magnum

1911 2916 2312 2984 alqueillustre
2345 2915 2541 2972 Thesei
2600 2916 2819 2973 facinus
2875 2919 3249 2984 ostenderent,
3311 2920 3479 2974 simul

229 3008 435 3064 πεῦσαι
466 3010 557 3064 τὸν
597 3009 928 3074 Ποσειδῶνα,
955 3005 1356 3079 κατεστήριξαν
1390 3005 1483 3058 τὸν
1522 3003 1721 3075 ταῦρον
1750 3006 1805 3058 ἐν

1920 3007 2073 3061 aliam
2103 3013 2163 3060 ut
2201 3008 2337 3061 iram
2364 3005 2603 3078 Neptuni
2634 3008 2890 3074 lenirent,
2911 3007 3154 3064 Taurum
3190 3012 3334 3065 inter
3366 3025 3479 3065 ca:-

228 3101 310 3173 τῷ
343 3101 595 3174 ούρανῷο
643 3103 739 3156 καὶ
778 3101 876 3155 νῦν
918 3102 1036 3154 ἐστι
1069 3099 1159 3153 διά
1190 3098 1438 3168 ἀστέρων
1474 3095 1805 3168 ὑποζωγρα-

228 3192 428 3264 φηθεὶς
451 3194 480 3246 6
503 3191 703 3263 ταῦρος
736 3193 794 3246 ἐν
823 3190 900 3263 τῷ
921 3189 1153 3263 οὐρανῷ.

687 3307 749 3355 ε’.
791 3299 931 3368 Περὶ
957 3299 1062 3354 τοῦ
1089 3297 1359 3365 λέοντος.

316 3412 383 3467 Ἦ
410 3413 467 3466 δὲ
498 3414 626 3485 περὶ
654 3412 749 3466 τοῦ
778 3413 995 3476 λέοντος
1027 3412 1237 3483 ἱστορία
1275 3409 1423 3463 ἐστὶν
1453 3408 1593 3479 αὕτη
1611 3425 1626 3440 ο
1657 3408 1810 3464 Λέων

232 3506 371 3572 ζῶον
394 3506 587 3576 ἄγριον
626 3500 697 3576 ἦν
731 3506 789 3559 ἐν
832 3508 899 3576 τῇ
950 3504 1179 3575 Νεμέςν
1223 3501 1377 3574 χώρα
1410 3502 1467 3556 δέ
1518 3501 1655 3572 αὕτη
1709 3502 1809 3572 τῆς

231 3599 666 3669 Πελοποννήσου.
694 3593 860 3661 Οὗτος
890 3592 983 3652 οὖν
1019 3599 1046 3649 ὁ
1072 3597 1208 3650 λέων
1247 3595 1568 3667 ἐλυμαίνετο
1592 3595 1717 3658 τοὺς
1749 3595 1808 3647 ἐν

232 3693 301 3761 τῇ
325 3691 498 3762 χώρᾳ.
541 3690 854 3759 Εὐρυσθεὺς
891 3686 985 3742 οὖν
1018 3687 1317 3758 βασιλεύων
1358 3687 1466 3740 τῶν
1509 3684 1806 3756 Μυκηνῶν,

232 3785 331 3837 καὶ
388 3781 596 3853 μηνιῶν
646 3780 722 3851 τῷ
786 3780 1078 3851 Ἰἰρακλεί,
1133 3779 1342 3848 πέμπει
1391 3776 1553 3830 αὑτὸν
1602 3776 1694 3829 ἐπὶ
1748 3773 1809 3829 τὸ

229 3872 445 3924 ἀνελεῖν
467 3872 559 3925 τὸν
581 3871 772 3923 λέοντα
795 3888 808 3901 ο
845 3871 938 3923 καὶ
973 3868 1068 3923 νῦν
1090 3870 1236 3922 ἐστιν
1262 3872 1290 3923 6
1315 3868 1450 3922 λέων
1480 3870 1538 3920 ἐν
1564 3867 1804 3938 ἄστροις.

1907 3099 2067 3154 lestia
2099 3106 2252 3156 astra
2282 3098 2610 3155 deﬁxerunt.

2508 3300 2563 3355 5.
2606 3299 2684 3354 De
2717 3302 2882 3355 leone.

1982 3408 2095 3466 Leo
2143 3409 2319 3467 ferum
2377 3425 2440 3466 ac
2495 3413 2867 3468 truculentum
2926 3414 3130 3468 animal
3154 3425 3272 3469 erat
3293 3416 3347 3469 in
3373 3414 3479 3471 Ne-

1907 3516 2048 3556 mea.
2100 3501 2198 3558 Est
2262 3512 2442 3559 autem
2488 3502 2689 3559 Nemea
2747 3504 3104 3576 Peloponnesi
3150 3508 3320 3577 regio.
3376 3510 3478 3562 Hic

1906 3591 2078 3661 igitur
2104 3594 2191 3649 leo
2223 3595 2477 3650 maximis
2505 3596 2849 3651 detrimentis
2880 3597 3155 3667 regionem
3184 3598 3472 3654 alliciebat.

1908 3684 2249 3756 Eurystheus
2302 3687 2508 3756 itaque,
2543 3687 2891 3758 Mycenarum
2950 3704 3068 3749 rex.
3111 3688 3217 3743 hoc
3271 3690 3479 3745 indicat

1906 3775 2149 3840 Herculi,
2176 3777 2336 3846 eique
2360 3780 2633 3848 negotium
2667 3778 2782 3841 dat,
2818 3786 2881 3832 ut
2924 3778 3137 3833 leonem
3186 3780 3254 3833 de
3299 3780 3478 3833 medio

1913 3868 2093 3941 tollat.
2133 3867 2527 3940 Profectusque
2593 3868 2853 3926 Hercules
2892 3871 3105 3926 leonem
3183 3870 3473 3926 interfecit.

226 3963 604 4031 Quamobrem
630 3964 705 4018 dii
731 3970 792 4018 ut
814 3961 1065 4018 Herculis
1085 3969 1359 4017 certamen
1382 3963 1591 4015 clarum
1614 3967 1779 4030 atque
1813 3958 2027 4015 illustre
2051 3960 2365 4026 redderent,
2397 3960 2571 4016 stellis
2625 3961 2682 4015 in
2738 3961 2879 4016 coelo
2935 3961 3146 4016 leonem
3217 3962 3479 4032 depinxe-

234 4065 370 4112 runt
409 4076 423 4110 :
462 4070 527 4110 ac
562 4071 710 4110 nunc
732 4056 818 4111 leo
850 4056 994 4111 inter
1020 4063 1168 4111 astra
1202 4061 1306 4109 est.

642 4175 714 4233 ς’.
760 4168 899 4236 Περὶ
926 4169 1032 4223 τοῦ
1066 4168 1406 4237 ὀφιούχου.

313 4280 380 4332 Ἦ
406 4280 465 4332 δέ
491 4280 621 4349 περὶ
647 4278 739 4333 τοῦ
761 4279 1016 4350 ὀφιούχου
1042 4280 1187 4332 ἐστὶν
1206 4278 1345 4350 αὕτη
1369 4295 1383 4308 ο
1414 4277 1644 4346 Λέγεται
1668 4273 1806 4332 εἶναι

228 4364 391 4436 οὗτος
418 4372 448 4423 6
474 4371 726 4443 ὀφιοῦχος
745 4373 774 4424 6
819 4371 1164 4443 Ἀσκληπιὸς,
1205 4374 1234 4424 6
1276 4371 1469 4443 ἔφορος
1500 4371 1601 4441 τῆς
1629 4373 1805 4442 ίατρι-

2453 4162 2505 4215 6.
2548 4160 2625 4215 De
2657 4159 2944 4231 Ophiucho.

1979 4274 2301 4345 Ophiuchus
2351 4274 2443 4328 hic
2487 4273 2723 4344 (Tullius
2783 4273 3235 4343 Anguitenentem
3297 4274 3474 4345 vertit)

1912 4365 2265 4435 Esculapius
2309 4381 2433 4420 esse
2465 4365 2690 4425 dicitur,
2750 4363 3034 4418 medicinae
3072 4380 3272 4434 praeses
3312 4384 3325 4418 :
3363 4382 3478 4420 ser-

230 4464 358 4534 κῆς.
394 4463 668 4534 Σύμϐολον
706 4464 763 4517 δέ
787 4466 816 4517 ὁ
862 4464 983 4530 ὄφις
1029 4463 1121 4517 τοῦ
1157 4465 1346 4534 ἀγήρω
1368 4476 1382 4492 ·
1429 4462 1645 4531 λέγεται
1699 4462 1805 4532 γὰρ

1920 4474 2046 4528 pens
2071 4459 2216 4514 enim
2248 4457 2622 4528 longissimam
2645 4454 2940 4525 quamdam
2992 4457 3160 4509 vitam
3206 4470 3271 4509 ac
3322 4473 3479 4511 sene-

224 4554 562 4609 ἀποδύεσθαι
588 4556 648 4608 τὺ
677 4555 854 4625 γῆρας
886 4558 915 4608 6
951 4555 1073 4624 ὄφις
1113 4555 1206 4609 καὶ
1235 4554 1611 4608 ἀνανεοῦσθαι.
1653 4553 1806 4606 Ἐπεὶ

227 4643 327 4700 οὖν
365 4647 394 4698 6
433 4645 759 4715 Ἀσκληπιὸς
795 4647 884 4700 διὰ
915 4647 1014 4717 τῆς
1055 4647 1307 4716 ἰατρικῆς
1348 4647 1562 4700 ἀνανεοί
1595 4645 1664 4698 τὰ
1713 4646 1807 4698 ἀν-

226 4737 480 4807 θρώπινα
509 4740 758 4807 σώματα,
792 4737 1037 4790 ποιοῦσιν
1068 4738 1228 4789 αὐτὸν
1272 4740 1410 4806 μετὰ
1449 4734 1542 4787 τοῦ
1579 4734 1805 4805 δράκον-

224 4846 344 4893 τος.
394 4828 658 4891 Θέλοντες
703 4824 797 4883 οὖν
829 4830 881 4881 οἱ
936 4828 1049 4880 θεοὶ
1103 4828 1224 4880 ἀντὶ
1282 4826 1596 4896 ἀγάλματος
1643 4826 1803 4878 αὑτὸν

227 4920 568 4991 ἀνιερῶσαι,
625 4919 692 4972 δι’
744 4919 990 4988 ἀστέρων
1056 4918 1219 4971 αὑτὸν
1272 4918 1575 4987 ἀνιέρωσαν
1616 4917 1673 4967 ἐν
1727 4914 1804 4986 τῷ

225 5011 468 5082 οὐρανῷ.

620 5123 684 5187 ζ’.
727 5121 868 5189 Περὶ
901 5120 1006 5175 τοῦ
1035 5118 1413 5188 Σαλμωνέως.

301 5215 632 5286 Σαλμωνεὺς
674 5215 865 5269 Αἰόλου
901 5214 998 5285 μὲν
1023 5209 1090 5283 ἦν
1123 5213 1258 5276 υἱὸς,
1299 5210 1552 5280 βασιλεὺς
1583 5210 1641 5263 δὲ
1669 5209 1803 5262 Θετ-

224 5307 430 5363 ταλῶν.
463 5302 631 5370 Οὗτος
677 5305 902 5376 ἀσεϐὴς,
947 5305 1110 5375 φησιν
1134 5344 1148 5364 ,
1180 5305 1260 5367 είς
1312 5302 1467 5364 θεοὺς
1492 5301 1801 5371 γενόμενος,

228 5402 567 5454 ποοσάπτων
609 5399 816 5471 ἅρματι
844 5398 1049 5470 βύρσας
1081 5397 1251 5467 ξηρὰς
1289 5411 1350 5447 τε
1373 5381 1488 5447 ’καὶ
1524 5393 1765 5464 σκληρὰς
1785 5435 1801 5457 9

228 5492 326 5544 καὶ
349 5491 583 5560 λέϐητάς
602 5507 754 5554 τινας
779 5491 917 5560 μετά
938 5489 1046 5543 τῶν
1078 5486 1311 5559 βυρσῶν,
1329 5487 1495 5557 ἤχους
1520 5486 1799 5538 ἀπετέλει·

231 5583 373 5653 μετά
406 5582 597 5653 χεῖράς
618 5599 679 5635 τε
711 5580 996 5652 βαστάζων
1024 5579 1317 5650 καιομένας
1354 5577 1643 5648 λαμπάδας
1673 5578 1803 5647 ἐμε-

229 5672 517 5741 γαλαύχει,
558 5671 808 5741 καθάπερ
851 5670 880 5721 6
912 5672 1045 5732 Ζεὺς
1096 5668 1323 5739 βροντᾷν
1356 5684 1415 5720 τε
1471 5668 1563 5719 καὶ
1600 5667 1802 5737 ἀστρά-

1911 4548 2082 4603 elutis
2108 4554 2385 4616 expertem
2418 4546 2689 4614 designat.
2717 4543 2922 4598 Ferunt
2957 4545 3100 4598 enim
3137 4560 3259 4598 eum
3318 4562 3479 4602 sene-

1910 4646 2111 4692 ctutem
2129 4652 2348 4703 exuere,
2369 4645 2532 4706 atque
2551 4636 2618 4690 ad
2636 4636 2975 4706 iuventutem
2998 4636 3473 4704 redire.Quoniam

1912 4731 2079 4802 igitur
2108 4728 2464 4799 Esculapius
2494 4731 2630 4784 artis
2663 4744 2777 4784 suae
2830 4744 2996 4798 opera
3050 4737 3104 4782 et
3157 4730 3475 4798 adjumento

1910 4837 2142 4894 corpora
2170 4821 2408 4875 humana
2439 4828 2688 4885 renovat,
2712 4820 2919 4876 idcirco
2936 4836 3058 4875 eum
3079 4836 3202 4875 cum
3237 4821 3476 4876 dracone

1910 4913 2223 4968 collocavit.
2256 4911 2341 4967 Dii
2374 4925 2553 4966 autem
2578 4928 2702 4967 eum
2750 4919 2945 4967 statua:
2987 4912 3108 4966 loco
3153 4926 3479 4968 consecrare

1910 5004 2216 5075 cupientes,
2247 5019 2344 5073 per
2369 5003 2554 5058 stellas
2584 5003 2760 5072 ipsum
2795 5004 2847 5056 in
2885 5003 3027 5056 emlo
3057 5013 3474 5059 consecrarunt.

2212 5117 2264 5172 τ.
2306 5115 2383 5170 De
2409 5116 2691 5171 Salmonea
2719 5132 2747 5170 e
2774 5116 2917 5169 corio
2953 5124 3187 5169 tonante.

1981 5207 2312 5263 Salmoneus
2336 5205 2484 5261 Αἰοιί
2511 5208 2658 5261 ﬁlius
2688 5222 2785 5261 rex
2818 5205 3210 5261 Thessalorum
3243 5214 3362 5261 erat
3392 5210 3477 5263 vir

1910 5301 1964 5354 in
1996 5301 2127 5355 deos
2149 5299 2351 5368 impius
2374 5314 2438 5353 ac
2465 5298 2734 5354 nefarius.
2773 5298 2871 5353 Hic
2906 5298 3056 5352 coria
3083 5298 3331 5368 quaedam
3368 5302 3478 5357 sic-

1907 5408 1970 5447 ca
1996 5399 2050 5446 et
2073 5393 2207 5445 dura
2230 5406 2505 5446 consuens
2528 5398 2690 5460 atque
2714 5389 3153 5454 accommodans,
3178 5405 3242 5444 ac
3273 5391 3479 5449 lebetes

1909 5485 2174 5553 quosdam
2205 5499 2329 5537 cum
2369 5483 2539 5537 curiis
2592 5483 2836 5552 pulsans,
2869 5471 3035 5537 sonos
3056 5481 3319 5551 quosdam
3350 5484 3480 5540 ede-

1911 5574 2022 5637 bat,
2050 5584 2216 5644 atque
2244 5574 2497 5629 ardentes
2529 5576 2676 5629 faces
2698 5573 2954 5628 manibus
2980 5581 3202 5643 gestans
3236 5574 3478 5631 insolen-

1909 5670 1993 5715 ter
2021 5662 2266 5731 jactabat
2296 5679 2355 5718 se
2392 5661 2543 5718 Jovis
2602 5644 2788 5717 instar
2824 5668 3019 5716 tonare
3054 5677 3119 5717 ac
3148 5660 3475 5733 fulgurare;

304 5784 419 5857 (53)
457 5783 580 5840 Ha-c
617 5794 672 5841 et
722 5799 842 5855 quae
889 5791 1195 5854 sequuntur
1247 5797 1421 5853 usque
1455 5781 1520 5835 ad
1555 5780 1698 5836 dicta
1749 5780 1817 5836 de
1850 5778 2139 5838 Salmoneo
2168 5783 2286 5838 sine
2311 5783 2667 5840 distinctione
2697 5783 2751 5838 in
2774 5780 2963 5838 Graeco
2989 5783 3332 5853 legebantur.
