3856 6220
364 338 497 398 1039

1712 327 1998 386 NONNUS
2034 330 2252 385 ABBAS

3496 326 3651 383 1050

364 453 540 526 quoad
572 450 791 505 tandem
836 464 864 501 a
898 448 1030 502 Jove
1073 446 1317 502 fulminis
1354 445 1463 499 ictu
1507 460 1801 515 oppressus
1834 454 1963 539 est.‘

2079 462 2224 507 :rsw,
2252 445 2357 507 ἓως
2386 443 2490 496 ὑπὸ
2517 442 2638 505 Διὸς
2668 439 3036 512 κεραυνωθεὶς
3062 438 3306 509 ἀνῃρέθη
3326 453 3341 468 ’
3370 440 3466 492 καὶ
3506 457 3650 502 κατ-

365 544 555 599 Filiam
606 549 790 595 autem
843 538 1185 608 impuberem
1248 536 1472 603 reliquit
1512 535 1732 588 nomine
1775 533 1939 604 Tyro,

366 653 484 709 quae
512 634 657 706 apud
683 643 938 704 patruum
977 631 1253 700 Cepheum
1281 628 1512 685 educata
1544 628 1728 697 Enipei
1760 627 1942 682 ﬂumi-

365 731 449 784 nis
488 727 649 797 patrii
674 739 862 779 amore
903 722 1134 791 ﬂagrare
1165 722 1353 791 cmpit.
1390 721 1548 786 Quod
1574 737 1697 774 cum
1741 718 1944 787 Neptu-

366 838 469 876 nus
510 816 1018 877 animadvertisset,
1067 813 1217 866 ﬂuvii
1264 812 1681 867 similitudinem
1739 809 1941 871 indunt,

366 925 531 985 atque
555 912 750 982 Enipei
788 911 912 964 loco
946 924 1006 962 ea
1045 908 1257 978 potitus
1312 914 1399 961 est
1444 924 1456 959 :
1508 920 1575 959 ex
1609 917 1784 972 eoque
1811 918 1946 956 con-

367 1021 561 1078 gressu
608 1002 818 1059 Peliam
851 1011 905 1057 et
936 998 1167 1055 Neleum
1219 998 1476 1067 concepit
1523 1008 1732 1063 eosque
1791 1000 1948 1046 utero

368 1099 608 1169 gerebat,
641 1111 672 1149 a
714 1094 899 1149 Criteo
931 1100 1120 1162 postea
1155 1092 1209 1145 in
1276 1087 1690 1142 matrimonium
1724 1093 1947 1152 accepta

368 1199 472 1253 est,
502 1187 832 1256 tandemque
866 1184 1099 1254 peperit,
1136 1193 1191 1237 ut
1216 1181 1437 1250 quidem
1491 1185 1611 1232 erat
1658 1177 1946 1231 hominum

370 1283 575 1354 Opinio,
607 1297 674 1338 ex
705 1279 916 1340 Criteo,
957 1291 1145 1332 revera
1166 1285 1348 1329 autem
1377 1289 1441 1326 ex
1466 1272 1736 1339 Neptuno.
1759 1267 1947 1334 Quan-

371 1390 532 1448 quam
564 1389 630 1428 ex
657 1373 777 1442 ipso
798 1384 1017 1441 quoque
1048 1367 1233 1421 Criteo
1268 1371 1458 1435 postea
1488 1364 1692 1417 liberos
1718 1359 1941 1414 extulit.

782 1504 835 1557 8.
874 1502 955 1555 De
985 1499 1277 1570 Babylonio
1314 1494 1543 1566 Zopyro.

440 1645 638 1700 Darius
657 1642 948 1697 Persarum
975 1651 1068 1690 rex
1087 1649 1208 1689 cum
1227 1632 1556 1703 Babylonem
1578 1618 1836 1682 diuturna
1855 1624 1953 1678 ob-

373 1740 583 1797 sidione
600 1736 834 1789 cinctam
855 1728 1140 1790 tenuisset,
1163 1741 1262 1779 nec
1280 1739 1398 1776 eam
1417 1734 1730 1790 expugnare
1748 1724 1951 1789 posset,

2046 534 2198 588 ἐλιπε
2242 533 2523 603 θυγατέρα
2574 530 2816 601 ἀφήλικα
2838 529 3064 599 ὀνόματι
3093 526 3276 599 Τυρώ.
3307 527 3458 598 seu;
3499 544 3649 597 τρα-

2046 632 2210 696 φεῖσα
2252 627 2379 679 ὑπδ
2408 628 2503 679 τοῦ
2547 627 2678 679 ἰδίου
2720 624 2865 677 θείου
2912 624 3050 694 πρὸς
3100 623 3309 691 πατρὸς
3353 622 3607 692 Κηφέως
3632 663 3649 686 ,

2046 720 2263 789 ἠράσθη
2287 718 2383 771 τοῦ
2426 717 2695 789 ἐγχωρίου
2743 713 2993 784 ποταμοῦ
3030 715 3310 777 Ἐνιπέως.
3348 713 3545 783 Τούτῳ
3587 712 3652 766 δὲ

2046 813 2122 882 τῷ
2158 810 2389 881 ποταμῷ
2418 810 2704 880 ὀμοιωθεὶς
2729 810 2758 861 6
2790 807 3062 862 Ποσειδὼν
3091 806 3409 870 συνεγένετο
3437 810 3505 877 τῇ
3538 806 3653 858 Τυ-

2053 908 2156 975 ροῖ,
2179 904 2274 958 καὶ
2299 902 2561 955 συνέλαϐε
2588 901 2681 954 τὸν
2707 900 2897 971 Νηλέα
2917 901 3010 953 καὶ
3033 898 3125 953 τὸν
3155 899 3375 952 Πελίαν.
3398 900 3650 965 Ἐγκυος

2047 996 2105 1051 δὲ
2137 991 2272 1049 οὖσα
2302 994 2557 1065 ἐγαμήθη
2588 992 2694 1046 ὑπὸ
2725 990 3015 1063 Κρηθέως,
3046 992 3141 1045 καὶ
3180 989 3406 1062 ὕστερον
3446 990 3653 1042 ἔτεκεν

2050 1090 2084 1159 η
2120 1087 2306 1159 Τυρὼ,
2338 1086 2416 1157 τῷ
2451 1087 2551 1156 μὲν
2589 1084 2768 1138 δοκεῖν
2811 1085 2876 1137 ὲκ
2901 1083 3186 1155 Κρηθέως,
3217 1086 3284 1153 τῇ
3314 1082 3372 1136 δὲ
3406 1081 3655 1153 ἀληθείᾳ

2051 1185 2116 1235 ὲκ
2162 1180 2529 1242 Ποσειδῶνοςο
2569 1178 2796 1249 ὕστερον
2828 1177 2887 1230 δὲ
2914 1178 3010 1231 καὶ
3057 1175 3119 1241 ἐξ
3160 1176 3327 1233 αὐτοῦ
3370 1176 3654 1246 Κρηθέως

2051 1274 2176 1345 ἔσχε
2205 1274 2370 1327 παῖδα
2398 1276 2431 1343 ἡ
2462 1271 2645 1343 Τυρώ.

2477 1496 2548 1568 η’.
2590 1497 2727 1565 Περὶ
2766 1495 2873 1549 τοῦ
2901 1496 3208 1563 Ζωπύρου.

2125 1636 2373 1707 Δαρεῖος,
2414 1636 2442 1687 6
2483 1632 2710 1703 Περσῶν
2747 1632 3023 1704 βασιλεὺς,
3068 1629 3373 1701 πολιορκῶν
3406 1629 3506 1701 τὴν
3540 1630 3663 1683 Βα-

2057 1726 2272 1779 ϐυλῶνα
2317 1726 2410 1779 ἐπὶ
2453 1725 2644 1796 χρόνον
2674 1724 2865 1786 πολὺν,
2913 1725 3007 1777 καὶ
3050 1723 3426 1795 δυσπορθήτου
3471 1722 3663 1795 οὔσης

373 1835 440 1888 ob
476 1831 640 1900 idque
678 1827 861 1880 animo
911 1827 1225 1892 angeretur,
1290 1816 1541 1885 Zopyrus
1593 1809 1954 1882 quidam,vir

2079 1819 2246 1885 ιύτῆς,
2284 1819 2380 1871 καὶ
2411 1817 2771 1900 ἁσχάλλοντος
2811 1818 2904 1869 ἐπὶ
2936 1817 3102 1869 πολὺν
3136 1816 3347 1887 καιρὸν,
3378 1815 3660 1887 Ζώπυρος

374 1935 630 1983 strenuus
672 1916 1161 1988 magnitudineque
1196 1910 1365 1965 animi
1394 1915 1685 1977 prastans,
1748 1914 1808 1958 ut
1859 1918 1950 1957 res

376 2031 492 2087 ipsa
528 2013 850 2075 declaravit,
884 2023 985 2062 nec
1010 2005 1232 2060 obscuri
1266 2001 1410 2073 apud
1436 2000 1658 2053 Darium
1686 1997 1947 2057 nominis.

375 2112 489 2165 haec
519 2107 900 2161 machinatur:
933 2101 1114 2154 lnciso
1150 2113 1287 2152 naso
1328 2103 1491 2165 atque
1518 2093 1771 2153 auribus,
1814 2091 1955 2143 mul-

377 2205 559 2272 tisque
592 2198 696 2255 sibi
720 2195 944 2251 inﬂictis
973 2191 1297 2246 verberibus
1321 2188 1387 2243 ad
1413 2185 1745 2256 Babylonios
1769 2194 1953 2237 trans-

377 2292 536 2362 fugit,
565 2287 790 2360 perinde
830 2300 893 2340 ac
930 2281 1278 2355 gravissimis
1335 2279 1557 2349 injuriis
1599 2291 1629 2329 a
1663 2275 1827 2328 Dario
1877 2272 1957 2327 af-

379 2382 573 2438 fectus.
603 2377 682 2431 lta
715 2376 986 2433 simulans
1019 2388 1078 2427 se
1107 2387 1236 2443 erga
1269 2368 1602 2440 Babylonios
1641 2366 1847 2437 optime
1882 2363 1958 2417 af-

379 2476 581 2530 fectum
615 2485 759 2535 esse,
793 2468 901 2522 dux
940 2467 1064 2521 belli
1097 2466 1167 2520 ab
1198 2464 1266 2518 iis
1290 2471 1534 2521 creatur,
1567 2475 1630 2513 ac
1656 2458 1957 2514 certamine

380 2563 620 2636 quodam
652 2562 813 2622 inito,
849 2572 1102 2628 magnam
1142 2557 1196 2610 in
1229 2554 1378 2609 Darii
1422 2552 1669 2608 exercitu
1721 2556 1957 2617 stragem

381 2658 570 2713 edidit.
593 2653 713 2720 Qua
744 2668 804 2707 re
840 2648 1235 2706 benevolentiae
1270 2645 1426 2699 fidem
1454 2642 1600 2712 apud
1639 2656 1735 2695 eos
1762 2648 1958 2695 nactus

381 2749 546 2804 Dario
573 2748 714 2802 diem
747 2743 1068 2815 praasmuit,
1102 2754 1210 2811 qua
1240 2737 1569 2805 Babylonem
1600 2740 1955 2804 oppugnaret.

381 2838 439 2894 In
469 2853 533 2894 ea
562 2838 744 2907 itaque
772 2832 1087 2904 Babyloniis
1108 2827 1405 2900 persuasit,
1446 2833 1507 2880 ut
1536 2823 1641 2877 sibi
1666 2822 1820 2877 urbis
1842 2823 1960 2875 cla-

384 2946 474 2984 ves
491 2928 767 2983 traderent
800 2944 814 2981 :
848 2923 1051 2994 quibus
1085 2921 1349 2989 acceptis,
1392 2926 1581 2987 portas
1619 2913 1853 2984 aperuit,
1897 2926 1960 2966 ac

384 3021 579 3076 Persas
601 3016 922 3072 introduxit.
955 3012 1106 3067 ltain
1134 3010 1280 3065 Darii
1336 3008 1625 3078 imperium
1672 3005 1963 3061 ditionem-

384 3129 489 3184 qne
542 3110 767 3167 redacta
817 3118 898 3161 est
931 3105 1196 3176 Babylon.
1265 3101 1391 3156 11ωο
1421 3098 1730 3158 Herodotus
1774 3097 1867 3153 lib.
1901 3110 1960 3150 tu

386 3202 596 3258 Hister.

724 3333 777 3387 9.
822 3332 896 3385 De
928 3329 1068 3399 Cyro
1112 3325 1453 3398 Parysatidis
1484 3323 1621 3392 ﬁlio.

459 3449 658 3504 Darius
695 3448 875 3501 minor
921 3444 1122 3498 Xerxis
1155 3443 1303 3496 ﬁlius
1350 3456 1414 3495 ex
1462 3439 1784 3510 Parysatide
1828 3436 1969 3492 ﬁlios

387 3544 529 3598 duos
558 3538 891 3612 procreavit.
938 3536 1142 3607 Cyrum
1205 3543 1260 3587 et
1306 3533 1693 3587 Artaxerxem.
1754 3529 1970 3584 Mortuo

388 3644 569 3692 autem
596 3632 759 3688 Dario
785 3630 853 3684 de
880 3626 1109 3696 imperio
1136 3624 1335 3679 fratres
1355 3622 1783 3682 contendebant,
1808 3628 1972 3689 atque

389 3726 688 3784 Artaxerxi
711 3722 931 3793 quidem
968 3731 1028 3772 ut
1077 3727 1207 3772 natu
1240 3716 1434 3785 majori
1461 3716 1553 3784 jus
1581 3714 1843 3784 temporis
1883 3727 1973 3766 re-

390 3834 557 3892 gnum
590 3814 867 3871 asserebat
893 3831 905 3864 :
938 3811 1137 3881 Cyrmn
1174 3818 1354 3862 autem
1375 3815 1435 3860 nt
1460 3808 1735 3875 juniorem
1762 3814 1815 3859 et
1840 3805 1974 3858 cha-

389 3912 592 3968 riorem
623 3914 798 3962 mater
829 3903 1156 3975 designabat
1192 3899 1480 3969 ;snperior
1526 3907 1707 3954 tamen
1750 3899 1972 3953 obaeta-

392 4011 501 4058 tem
534 4000 640 4055 fuit
671 3998 1024 4060 Artaxerxes,
1059 3994 1462 4062 imperiumque
1495 3992 1752 4045 obtinuit.
1796 3992 1973 4061 Cyrus

392 4097 576 4166 itaque
615 4089 905 4145 Artaxerxi
962 4088 1188 4142 subesse
1253 4085 1446 4138 nolens
1485 4100 1514 4136 a
1552 4085 1716 4136 fratre
1744 4097 1846 4136 suo
1885 4098 1973 4153 pe-

393 4191 478 4251 tit,
520 4196 577 4240 ut
608 4184 711 4240 sibi
743 4182 886 4236 Asia:
909 4181 1208 4249 satrapiam
1233 4193 1299 4231 ae
1325 4178 1479 4231 velut
1500 4175 1839 4244 provinciam
1877 4174 1973 4227 ad-

393 4272 827 4335 ministrandam
864 4270 1210 4326 concederet.
1248 4267 1402 4332 Quod
1443 4280 1568 4319 cum
1603 4264 1972 4332 impetrasset,

395 4370 452 4424 in
495 4366 701 4421 Ioniam
732 4361 1039 4422 descendit,
1070 4360 1292 4427 illicque
1329 4355 1667 4427 praefecturae
1708 4354 1836 4410 sede
1872 4356 1977 4408 lixa

396 4462 464 4519 de
485 4459 716 4529 imperio
749 4471 943 4510 rursus
975 4454 1219 4523 cogitare
1252 4450 1442 4520 coapit,
1475 4448 1832 4519 prllcctisque
1876 4448 1976 4500 La-

396 4544 748 4603 cedaemoniis
772 4542 1102 4614 quibusdam
1123 4541 1360 4611 aliisque
1385 4538 1593 4594 Graicis
1614 4553 1844 4593 numero
1866 4539 1973 4591 eir-

357 4675 377 4698 .
397 4640 537 4694 citer
562 4637 750 4692 decem
780 4635 1196 4705 mlllibus,ipsis
1221 4632 1520 4705 persuasit,
1556 4640 1612 4685 ut
1643 4630 1771 4687 belli
1796 4630 1976 4685 socie-

398 4737 565 4784 tatem
587 4742 711 4781 cum
743 4741 809 4781 eo
860 4726 1063 4779 inirent
1116 4726 1408 4795 ipsumque
1449 4732 1830 4792 sequerentur.
1883 4720 1980 4776 llis

400 4824 587 4892 itaque
638 4820 935 4875 comitatus
990 4818 1056 4871 ad
1122 4816 1403 4872 Persidem
1480 4831 1655 4884 usque
1734 4814 1982 4869 ascendit

398 4921 765 4982 consertoque
788 4911 933 4964 inter
973 4910 1295 4964 Artaxerxis
1334 4909 1572 4978 Cyrique
1605 4906 1793 4977 copias
1842 4922 1982 4975 prae-

399 5006 475 5060 lio
504 5003 793 5057 victoriam
840 5002 1085 5056 referunt
1129 5001 1256 5071 Cyri
1309 5001 1536 5065 milites,
1593 5002 1813 5056 tametsi
1861 5017 1983 5071 per-

397 5096 597 5166 exiguo
625 5107 878 5155 numero,
928 5096 974 5146 si
1006 5108 1131 5146 cum
1171 5092 1495 5147 Artaxerxis
1518 5093 1762 5147 exercitu
1795 5092 1984 5146 confe-

395 5192 611 5238 rantur.
650 5181 828 5237 Graaci
869 5183 1015 5236 enim
1080 5184 1216 5238 aciei
1275 5184 1612 5239 instruendae
1663 5184 1982 5254 peritissimi

400 5284 577 5345 erant,
616 5291 680 5331 ac
728 5275 856 5330 licet
914 5276 1198 5346 perpauci,
1245 5285 1365 5329 arte
1412 5285 1592 5330 tamen
1642 5291 1707 5330 ac
1762 5274 1985 5330 solertia

401 5371 677 5441 ingentem
725 5368 967 5423 hostium
1029 5367 1442 5423 multitudinem
1495 5368 1853 5435 superabant.
1915 5369 1985 5419 At

401 5460 581 5532 Cyrus
609 5462 760 5517 brevi
785 5460 1018 5516 victoria
1064 5461 1246 5516 elatus
1277 5470 1444 5532 atque
1498 5461 1741 5516 insolens
1778 5476 1809 5515 c
1850 5460 1983 5531 pha-

404 5551 564 5625 lange
583 5567 683 5609 sua
714 5554 769 5609 in
800 5554 1120 5611 Artaxerxis
1151 5554 1482 5626 phalangem
1512 5554 1776 5623 impetum
1827 5551 1982 5617 facit,

405 5650 467 5697 ut
497 5645 753 5702 videlicet
807 5646 1169 5703 Artaxerxem
1234 5647 1414 5718 ipsum
1466 5646 1847 5701 obtruncaret.
1907 5646 1984 5699 Ita

2055 1930 2140 1976 τις
2174 1911 2421 1983 ἀνδρεῖος
2450 1909 2549 1981 τὴν
2597 1898 2797 1980 ᾴυχὴν,
2836 1909 2911 1972 ὡς
2942 1907 3110 1972 ἔδειξε
3148 1909 3209 1961 τὸ
3262 1910 3515 1980 πρᾶγμα,
3550 1908 3663 1961 καὶ

2057 2005 2159 2058 οὐκ
2177 2003 2362 2069 ἄδοξος
2383 1988 2537 2072 παρᾶ
2565 2001 2645 2072 τῷ
2671 2001 2903 2073 Δαρείῳ,
2939 2000 3248 2070 μηχανᾶταί
3281 2016 3334 2051 τι
3372 1998 3655 2052 τοιοῦτον-

2059 2096 2245 2165 Κόψας
2286 2093 2481 2149 ἑαυτοῦ
2523 2094 2622 2166 τὴν
2656 2096 2776 2165 ῥῖνα
2817 2094 2912 2147 καὶ
2941 2093 3009 2145 τὰ
3058 2086 3201 2153 ὦτα,
3251 2093 3345 2145 καὶ
3391 2092 3662 2162 μάστιξιν

2061 2187 2253 2241 ἑαυτὸν
2289 2186 2621 2251 καταξάνας,
2661 2185 2821 2254 δῆθεν
2848 2185 3155 2255 ,αὐτομολεῖ
3190 2186 3325 2257 πρὸς
3369 2188 3495 2248 τοὺς
3538 2187 3662 2240 Ba-

2061 2276 2390 2339 ὄυλωνίους,
2428 2276 2503 2339 ὡς
2531 2275 2679 2328 δεινὰ
2729 2274 3015 2338 πεπονθὼς
3055 2276 3208 2347 παρὰ
3247 2274 3342 2329 τοῦ
3392 2276 3654 2347 Δαρείου.

2062 2366 2195 2423 Εἶτα
2228 2368 2514 2431 ἀπελθὼν,
2557 2371 2937 2439 προσποιεῖται
2985 2369 3189 2421 εὐνοεῖν
3230 2371 3344 2431 τοῖς
3392 2367 3665 2421 Βαϐυλω-

2062 2461 2216 2523 νίοις,
2246 2460 2339 2511 καὶ
2365 2458 2682 2512 ὑποτίθεται
2709 2460 2894 2522 αὐτοῖς
2939 2476 3060 2512 τινα
3091 2459 3231 2512 κατὰ
3257 2459 3351 2511 τοῦ
3380 2459 3613 2529 Δαρείου
3635 2477 3653 2488 ·

2057 2554 2158 2606 καὶ
2194 2551 2380 2615 ἁπλῶς
2420 2552 2605 2605 πίστιν
2634 2553 2865 2622 ὲγγεννᾷ
2888 2555 3002 2614 τοῖς
3047 2551 3433 2615 Βαϐυλωνίοις,
3483 2569 3661 2621 στρα-

2062 2642 2310 2712 τηγήσας
2341 2640 2482 2711 ὑπὲρ
2514 2639 2892 2701 Βαϐυλωνίων,
2939 2640 3033 2694 καὶ
3062 2639 3269 2694 ἀνελὼν
3297 2641 3525 2704 πολλοὺς
3552 2641 3661 2694 τοῦ

2064 2733 2315 2803 Δαρείου.
2350 2733 2575 2795 Συνθεὶς
2606 2732 2662 2785 δὲ
2696 2732 2948 2803 σύνθημα
2989 2733 3127 2804 μετὰ
3160 2734 3389 2804 Δαρείου
3434 2734 3665 2804 ἡμέραν

2064 2823 2399 2894 ὡρισμένην,
2423 2823 2482 2875 ὲν
2567 2821 2648 2874 δεῖ
2675 2821 2838 2875 αὑτὸν
2865 2822 3227 2892 πῳσδάλλειν
3246 2826 3312 2894 τῇ
3344 2824 3663 2887 Βαὸυλῶνι,

2066 2917 2124 2969 ὲν
2152 2915 2325 2987 ταύτῃ
2353 2914 2531 2968 πείθει
2565 2915 2694 2977 τοὺς
2736 2914 3113 2979 Βαϐυλωνίους
3141 2915 3327 2970 λαδεῖν
3363 2918 3463 2980 τὰς
3501 2916 3663 2981 κλεῖς

2066 3007 2175 3060 τῶν
2202 3006 2407 3062 πυλῶν.
2438 3002 2571 3060 Εἶτα
2599 3006 2804 3068 λαϐὼν,
2845 3008 3045 3078 ἤνοιξε,
3094 3009 3189 3062 καὶ
3218 3010 3483 3078 εἰσήγαγε
3523 3013 3664 3073 τοὺς

2069 3099 2322 3170 Πέρσας·
2380 3100 2474 3152 καὶ
2519 3098 2693 3162 οὕτως
2741 3099 3012 3171 ἐχειρώθη
3053 3102 3086 3171 ἡ
3140 3100 3421 3157 Βαϐυλών.
3467 3102 3665 3156 Ταῦτα

2080 3189 2362 3260 Ἡρόδοτός
2394 3206 2559 3260 φησιν
2589 3191 2648 3242 ὲν
2677 3192 2742 3260 τῇ
2769 3190 2931 3263 τρίτῃ
2960 3190 3068 3244 τῶν
3102 3190 3416 3260 Ἰστοριῶν.

2247 3325 2314 3379 θ’.
2355 3325 2497 3394 Περὶ
2527 3323 2637 3380 τοῦ
2673 3327 2867 3394 Κύρου
2900 3327 3008 3380 τοῦ
3042 3327 3473 3397 Παρυσάτιδος.

2141 3439 2364 3508 Δαρεῖος
2393 3438 2422 3490 ὁ
2453 3438 2672 3509 μικρὸς,
2714 3441 2743 3491 6
2771 3438 2886 3502 υίὸς
2940 3438 3166 3509 Ξέρξου,
3225 3441 3392 3510 γεννᾷ
3436 3441 3500 3492 ὲκ
3555 3441 3668 3512 τῆς

2073 3531 2448 3603 Παρυσάτιδος
2502 3530 2596 3583 δύο
2650 3531 2820 3594 υἱοὺς,
2871 3529 3055 3601 Κῦρον
3109 3533 3204 3584 καὶ
3263 3530 3662 3603 Ἀρταξέρξην.

2086 3622 2479 3685 Ἀποθανόντος
2525 3623 2580 3674 δὲ
2613 3622 2708 3675 τοῦ
2747 3622 3009 3693 Δαρείου,
3056 3622 3434 3693 ἡμφισϐήτουν
3470 3624 3519 3674 οί
3565 3623 3667 3677 δύο

2073 3717 2203 3787 περὶ
2248 3716 2351 3785 τῆς
2392 3715 2690 3785 βασιλείας.
2724 3716 2835 3770 Καὶ
2881 3716 2972 3768 τὸν
3005 3716 3103 3784 μὲν
3149 3714 3534 3787 Ἀρταξέρξην,
3582 3718 3666 3783 ὡς

2073 3807 2466 3879 πρεσϐύτερον,
2500 3803 2636 3878 ἦγεν
2668 3809 2696 3861 6
2736 3808 2926 3879 χρόνος
2956 3807 3048 3859 ἐπὶ
3089 3806 3151 3859 τὸ
3186 3806 3534 3876 βασιλεῦσαιο
3566 3808 3668 3863 τὸν

2073 3900 2130 3954 δὲ
2180 3900 2388 3971 Κῦρον,
2438 3900 2510 3964 ὡς
2540 3900 2807 3971 νεώτερον
2864 3901 2959 3954 καὶ
3000 3900 3356 3970 φιλούμενον,
3404 3902 3667 3975 ἡμή-τηρ

2076 3994 2456 4065 προεϐάλλετο.
2500 3994 2818 4064 Ἑπικρατεῖ
2855 3994 2911 4045 δὲ
2944 3996 2972 4046 6
3032 3992 3398 4064 Ἀρταξέρξης
3428 3993 3520 4046 διὰ
3566 3995 3667 4047 τὸν

2075 4091 2305 4162 χρόνον,
2367 4090 2463 4142 καὶ
2506 4087 2802 4158 βασιλεύει.
2864 4087 2923 4140 Ὀ
2983 4082 3076 4141 οὖν
3126 4087 3309 4159 Κῦρος
3365 4089 3437 4158 μὴ
3488 4087 3669 4142 θέλων

2077 4181 2325 4233 ὑπείκειν
2372 4178 2449 4249 τῷ
2503 4177 2868 4250 Ἀρταξέρξῃ,
2921 4179 3065 4230 αίτεῖ
3111 4177 3203 4230 τὸν
3249 4177 3377 4229 ἴδιον
3430 4176 3667 4245 ἀδελφὸν

2075 4270 2258 4324 δοῦναι
2292 4268 2442 4339 αὑτῷ
2471 4268 2571 4340 τὴν
2596 4269 2694 4339 τῆς
2736 4268 2920 4332 Ἀσίας
2950 4268 3309 4339 σατραπείαν,
3350 4262 3459 4321 οἷον
3490 4269 3670 4339 ὲπαρ·

2077 4365 2303 4434 χότητα,
2330 4365 2425 4417 καὶ
2446 4361 2628 4417 λαδὼν
2654 4362 2925 4432 κατῆλθεν
2944 4363 3039 4414 ἐπὶ
3060 4362 3161 4433 τὴν
3182 4362 3409 4416 Ἰωνίανυ
3434 4365 3672 4419 κάκεῖσε

2078 4457 2462 4527 καθεξόμενος,
2494 4458 2574 4519 είς
2604 4454 2811 4509 ἔννοιαν
2841 4454 3013 4508 ἐλθὼν
3045 4455 3206 4508 πάλιν
3228 4454 3328 4525 τῆς
3359 4454 3666 4525 βασιλείας,

2081 4550 2174 4602 καὶ
2207 4550 2399 4612 πείσας
2428 4548 2878 4619 Λακεδαιμονίων
2910 4547 3111 4617 ἄνδρας
3142 4546 3313 4609 τινὰς,
3344 4547 3439 4599 καὶ
3467 4546 3670 4610 ἄλλους

2078 4640 2375 4711 Ἕλληνας,
2405 4639 2480 4704 ὼς
2513 4640 2765 4711 μυρίους,
2801 4637 3217 4694 συνακολουθεῖν
3241 4637 3410 4707 αὐτῷ.
3441 4638 3671 4691 Τούτων

2077 4725 2172 4784 οὖν
2222 4730 2765 4785 συνακολουθούντων
2817 4729 3048 4800 ἀνῆλθεν
3078 4730 3183 4793 ἓως
3235 4729 3523 4799 Περσίδος·
3570 4729 3672 4782 καὶ

2083 4824 2361 4893 συμὸολῆς
2406 4824 2702 4894 γενομένης
2761 4821 2965 4895 μεταξὺ
3013 4822 3123 4876 τῶν
3159 4820 3517 4892 Ἀρταξέρξου
3571 4822 3673 4875 καὶ

2082 4916 2188 4970 τῶν
2217 4915 2424 4986 Κύρου,
2461 4915 2687 4970 νικῶσιν
2728 4918 2780 4969 οἱ
2803 4916 2899 4970 τοῦ
2928 4915 3137 4986 Κύρου,
3175 4915 3271 4968 καλ⁸
3309 4913 3479 4967 ταῦτα
3512 4914 3674 4979 ὄντες

2083 5007 2218 5060 πολὺ
2251 5006 2524 5076 ἐλάχιστοι
2555 5008 2689 5078 πρὸς
2721 5007 2822 5078 τὴν
2866 5006 3226 5079 Ἀρταξέρξου
3254 5006 3575 5079 στρατείαν·
3622 5008 3677 5061 οἱ

2083 5097 2193 5167 γὰρ
2230 5096 2494 5167 Ἕλληνες
2547 5097 2767 5167 ᾔδεισαν
2815 5096 2997 5159 καλῶς
3052 5094 3529 5168 παρατάττεσθαι·
3578 5095 3679 5147 καὶ

2083 5190 2258 5257 ὀλίγοι.
2300 5189 2456 5249 ὄντες
2510 5190 2676 5262 τέχνῃ
2718 5188 2913 5241 ἐνίκων
2964 5189 3093 5252 τοὺς
3145 5186 3393 5251 πολλούς.
3432 5187 3493 5240 '0
3541 5187 3681 5254 γοῦν

2085 5283 2271 5355 Κῦρος
2312 5283 2575 5355 ἐπαρθεὶς
2629 5286 2697 5354 τῇ
2746 5283 2903 5354 νίκῃ,
2946 5282 3167 5353 ἐφορμᾷ
3206 5281 3313 5334 ἀπὸ
3364 5280 3465 5349 τῆς
3510 5280 3682 5333 αὑτοῦ

2091 5372 2372 5440 φάλαγγος
2413 5372 2506 5425 ἐπὶ
2533 5373 2632 5441 τὴν
2685 5371 2945 5441 φάλαγγα
3000 5370 3097 5423 τοῦ
3158 5369 3552 5441 ’Λρταξέρξου,
3603 5370 3683 5431 ὡς

2090 5462 2252 5530 δῆθεν
2287 5462 2448 5516 αὐτὸν
2480 5462 2575 5516 τὸν
2625 5461 2988 5533 Ἀρταξέρξην
3022 5460 3406 5530 κατασφὰξων,
3435 5459 3530 5513 καὶ
3561 5458 3684 5512 δια-

2094 5553 2375 5625 φθείρεται
2406 5553 2565 5623 μόνος
2604 5552 2712 5606 ῶν·
2751 5554 2843 5606 καὶ
2881 5552 3026 5606 οὕτω
3050 5553 3277 5624 τελευτᾷ
3315 5554 3388 5624 μὴ
3428 5551 3684 5622 βασιλεύ-

2095 5662 2215 5709 σας.
2252 5645 2439 5699 Ταῦτα
2462 5646 2614 5713 λέγει
2636 5646 2664 5698 6
2694 5642 2946 5714 Ξενοφῶν
2980 5649 3038 5699 ἐν
3064 5647 3178 5710 τοῖς
3203 5643 3608 5714 Ἑλληνικοῖς.

408 5735 558 5790 solus
607 5751 637 5788 a
684 5734 872 5793 multis
937 5736 1248 5792 trucidatus
1299 5744 1404 5802 est,
1456 5736 1724 5808 regnique
1773 5752 1871 5806 spe
1918 5736 2216 5792 frustratus
2281 5737 2465 5807 periit.
2511 5736 2637 5792 Haec
2681 5735 2983 5807 Xenophon
3034 5738 3089 5792 in
3130 5752 3312 5794 rerum
3359 5734 3683 5794 Cnet-arum

408 5830 682 5887 Historiis.
