3856 6220
216 339 354 397 ιοιι

663 461 715 507 ι’.
757 455 893 523 Περὶ
926 455 1033 512 τοῦ
1066 455 1362 509 Ἰστιαίου.

299 583 553 648 Ἱστιαῖος
586 584 790 655 Σάμιος
826 586 925 654 μὲν
951 581 1020 656 ἦν
1051 585 1117 639 τδ
1140 585 1299 654 γένος
1318 602 1331 616 ·
1370 584 1523 653 φίλος
1563 584 1620 637 δὲ
1649 582 1802 653 γενό-

217 695 384 742 μενος
425 678 654 748 Δαρείου
704 678 799 731 τοῦ
850 678 1076 749 Περσῶν
1114 677 1408 747 βασιλέως,
1448 675 1658 747 ἐλήφθη
1706 676 1799 729 ὑπ’

218 769 387 823 αὑτοῦ
419 771 478 822 ὲν
531 770 776 841 Περσίδι.
823 770 970 823 Ἐκεῖ
1013 770 1069 822 δὲ
1101 768 1489 840 διαιτώμενος,
1533 768 1801 839 ἐπεθύμει

220 862 354 914 ἰδεῖν
388 862 485 933 τὴν
512 862 721 915 οἰκείαν
753 862 987 933 πατρίδα
1007 878 1022 893 ο
1060 861 1136 933 μὴ
1169 861 1535 931 ἀπολυόμενος
1558 860 1636 923 δὲ,
1666 858 1803 929 γρά-

218 970 313 1023 φει
341 952 419 1024 τῷ
447 954 562 1025 ἰδίῳ
591 952 795 1025 ἀνεψιῷ
828 953 907 1025 τῷ
940 953 1304 1025 Ἀρισταγόρᾳ
1334 952 1629 1023 μελετῆσαι
1660 953 1800 1006 ἀπο-

218 1047 450 1100 στασίαν
471 1063 485 1077 ’
530 1047 624 1100 καὶ
671 1045 848 1100 πείθει
878 1047 936 1099 δὲ
969 1046 1062 1099 καί
1090 1061 1245 1110 τινας
1278 1044 1385 1099 τῶν
1436 1042 1627 1098 ἰὡνων
1674 1060 1801 1096 συν-

216 1138 545 1209 ἀποστῆναι.
570 1138 777 1210 Γράφει
809 1138 888 1202 δὲ,
911 1137 986 1200 ὡς
1017 1137 1092 1208 μὴ
1114 1137 1454 1208 φωραθῆναι,
1486 1135 1577 1189 τὸν
1601 1136 1802 1208 τρόπον

215 1231 409 1285 τοῦτον
429 1246 442 1260 ο
480 1229 675 1284 Λασὼν
707 1230 901 1283 πιστὸν
930 1230 1180 1302 οἰκέτην,
1220 1230 1316 1284 καὶ
1351 1230 1542 1284 τούτου
1575 1230 1677 1295 τὴν
1710 1245 1802 1283 κε-

215 1323 398 1393 φαλὴν
451 1322 712 1395 ξυρήσας,
762 1324 1090 1393 ὲγχαράττει
1131 1326 1199 1395 τῇ
1232 1324 1444 1395 κεφαλῇ
1479 1324 1508 1376 ὃ
1548 1322 1802 1376 ἐϐούλετο

215 1411 487 1483 δηλῶσαι·
518 1409 645 1465 εἶτα·
670 1412 859 1483 μέλανι
890 1413 1179 1484 ἐγκαὺστῳ
1217 1414 1462 1484 μελαίνει
1497 1414 1597 1485 τὴν
1625 1414 1800 1485 χάραα-

216 1500 324 1566 ξιν,
380 1504 476 1557 καὶ
526 1503 737 1573 ἀφῆκεν
772 1507 1085 1572 ἀνενεγκεῖν
1131 1504 1232 1567 τὰς
1267 1506 1493 1578 τρίχαςο
1535 1506 1630 1558 καὶ
1662 1504 1800 1575 μετά

214 1595 278 1647 τὸ
303 1595 542 1667 κομάσαι
570 1596 752 1660 αὑτὸν,
776 1596 1100 1666 ἀποπέμπει
1124 1595 1298 1666 λέγων
1325 1596 1402 1668 τῷ
1427 1598 1614 1669 οἰκέτῃ
1637 1597 1797 1650 πάλιν

216 1688 397 1741 ἐκεῖσε
442 1689 852 1760 ἀποξυρηθῆναι
879 1729 895 1754 ,
946 1690 1038 1743 ἴνα
1088 1689 1203 1760 γνῷ
1258 1676 1659 1762 Ἀρισταγόρας
1728 1688 1795 1741 τά

1038 338 1127 393 AD
1168 338 1225 394 S.
1261 336 1591 395 GREGURll
1629 330 1843 391 ORA'I‘.
1886 327 1932 387 ll
1967 329 2249 388 CONTRA
2288 327 2655 387 JULIANUM.

3341 332 3476 391 5019

2260 446 2346 503 10.
2386 445 2462 500 De
2488 444 2792 500 Samiorum
2826 440 3125 512 tyrannide.

1973 585 2230 641 Histiaaus
2267 584 2545 639 Samiusa
2600 579 2764 634 Dario
2823 577 3115 633 Persarum
3174 593 3322 649 rege,
3387 579 3478 649 qui

1900 692 2024 733 eum
2057 692 2243 731 amore
2269 672 2757 745 complectebatur,
2787 671 2840 722 in
2862 668 3086 723 Perside
3108 679 3355 724 retentus
3373 679 3478 738 est,

1868 808 1871 817 .
1900 770 2121 839 illicque
2140 767 2344 838 degens
2362 765 2551 836 patria:
2573 763 2822 818 videnda:
2847 761 3152 831 cupiditate
3187 760 3479 831 ﬂagrabat.

1901 860 2148 931 Cumque
2170 865 2534 913 commeatum
2567 871 2597 909 a
2635 869 2760 925 rege
2792 856 3088 923 impetrare
3129 867 3237 906 non
3268 860 3478 921 posset.

1902 970 2029 1010 cum
2061 955 2381 1023 Aristagora
2415 950 2758 1006 consobrino
2788 962 2890 1004 suo
2942 962 3041 1018 per
3086 947 3299 1001 litteras
3341 946 3477 1015 egit.

1901 1055 1962 1102 ut
2001 1046 2362 1101 defectionem
2432 1042 2753 1105 moliretur,
2805 1048 2971 1110 atque
3059 1040 3249 1094 lonum
3309 1041 3477 1101 etiam

1901 1139 2166 1210 quosdam
2213 1138 2280 1193 ad
2335 1137 2477 1192 idem
2514 1134 2731 1189 facinus
2768 1133 3112 1188 sollicitaret.
3173 1128 3267 1185 Sic
3312 1145 3477 1200 porro

1902 1231 2129 1302 scripsit
2149 1244 2161 1281 :
2179 1228 2410 1284 Servum
2435 1226 2727 1297 quemdam
2759 1226 2920 1295 cujus
2957 1224 3115 1281 ﬁdem
3136 1225 3475 1295 exploratam

1901 1324 2159 1387 habebat,
2203 1321 2436 1391 accepit,
2486 1334 2722 1390 rasoque
2776 1319 2953 1389 ipsius
2999 1318 3200 1386 capite.
3232 1332 3295 1372 ea
3357 1332 3476 1387 qua

1899 1417 2232 1485 Aristagorae
2262 1413 2572 1483 signiﬁcare
2607 1412 2851 1475 volebat,
2887 1410 2995 1482 ipsi
3024 1409 3251 1469 inussit,
3314 1418 3475 1478 atque

1900 1507 1977 1561 ita
2018 1522 2141 1562 eum
2186 1506 2458 1574 tantisper
2513 1502 2657 1573 apud
2702 1517 2762 1559 se
2817 1503 3018 1566 tenuit,
3066 1500 3249 1574 quoad
3291 1502 3475 1558 crine:

1901 1601 2005 1671 ipsi
2035 1599 2206 1655 renati
2231 1606 2438 1656 essent.
2468 1611 2533 1651 ac
2561 1603 2675 1649 tum
2723 1596 2902 1665 ipsum
2944 1594 3167 1659 emittit,
3212 1594 3475 1664 jubetquc

1901 1703 1962 1749 ut
1999 1709 2125 1747 cum
2161 1692 2214 1745 in
2249 1690 2451 1745 Ioniam
2472 1690 2801 1758 pervenerit,
2833 1698 2998 1757 caput
3029 1686 3209 1751 radat,
3251 1695 3309 1740 ttt
3350 1686 3473 1740 Ari-

217 1782 539 1853 γράμματα.
581 1783 873 1850 Ἀναγνοὺς
906 1782 1085 1836 τοίνυν
1138 1785 1166 1836 6
1213 1783 1644 1854 Ἀρισταγόρας,
1699 1783 1790 1835 καὶ

1903 1795 2150 1856 stagoras
2180 1786 2390 1839 litteras
2420 1784 2584 1853 legat.
2622 1781 2969 1851 Aristagoras
3004 1782 3186 1850 itaque
3218 1779 3473 1849 perlectis

215 1870 409 1943 μαθὼν
431 1911 448 1935 ,
483 1873 706 1943 ἐποίησε
735 1872 833 1942 τὴν
862 1873 1197 1926 ἀποστασίαν
1225 1873 1406 1942 σχεδὸν
1441 1874 1657 1926 πάντων
1683 1872 1796 1926 τῶν

223 1961 443 2018 Ἰώνων.
479 1960 612 2018 Εἶτα
656 1963 917 2035 μανθάνει
959 1966 1017 2016 ὲν
1066 1964 1341 2035 Περσίδιό
1377 1963 1660 2033 βασιλεὺς,
1702 1965 1797 2017 καὶ

215 2053 520 2125 σύμϐουλος
553 2057 762 2122 γίνεται
803 2055 880 2126 τῷ
930 2056 1182 2126 Ἱστιαίῳ,
1222 2055 1299 2119 ὡς
1328 2056 1574 2126 Ἕλληνι,
1623 2056 1677 2109 τί
1716 2056 1799 2109 δεῖ

216 2147 475 2218 ποιῆσαι·
527 2150 624 2202 καὶ
675 2149 1100 2219 συμϐουλεύεται
1163 2151 1315 2220 παρά
1366 2147 1459 2202 τοῦ
1521 2149 1794 2213 Ἱστιαίου,

215 2239 380 2291 αὑτὸν
414 2239 628 2309 πέμψαι
671 2243 749 2302 είς
784 2240 883 2309 τὴν
919 2240 1124 2304 Ἀσίαν,
1145 2240 1220 2303 ὡς
1245 2238 1430 2292 ἱκανὸν
1458 2239 1588 2292 ὄντα
1607 2238 1796 2294 διαλῦ-

215 2348 306 2381 sat
332 2331 400 2384 τὰ
428 2331 560 2401 περὶ
588 2334 688 2409 τῆς
720 2332 1097 2395 ἀποστάσεως.
1140 2330 1341 2385 Ἐλθὼν
1366 2327 1460 2385 οὖν
1487 2333 1515 2384 6
1548 2332 1798 2395 Ἱστιαῖος

215 2424 270 2475 ὲν
302 2425 371 2495 τῇ
419 2424 605 2495 Ἀσίᾳ,
642 2424 734 2477 ml.
763 2423 840 2484 ὡς
891 2423 1134 2487 ὕποπτος
1185 2423 1479 2493 γενόμενος
1528 2423 1654 2476 ὅλου
1702 2423 1797 2476 τοῦ

216 2516 576 2585 πράγματος,
624 2515 776 2587 παρά
821 2514 917 2568 τοῦ
985 2514 1350 2586 Ἀρταφέρνου
1407 2513 1500 2566 τοῦ
1548 2512 1797 2585 ὑπάρχου

214 2606 465 2677 Σάρδεων
505 2609 708 2679 ἤκουσε
738 2608 945 2661 ταῦτα’
984 2605 1155 2661 Τοῦτο
1182 2607 1243 2660 τὸ
1296 2607 1554 2678 ὑπόδημα
1590 2605 1797 2679 ἔρραψε

214 2695 319 2766 μὲν
357 2697 628 2760 Ἱστιαῖος,
654 2698 963 2768 ὑπεδήσατο
993 2698 1049 2751 δὲ
1086 2697 1482 2768 Ἀρισταγόρας
1506 2714 1519 2727 ·
1545 2696 1798 2765 ὑπόδημα

213 2789 289 2852 δὲ,
325 2785 426 2860 τὴν
470 2790 600 2859 ὅλην
631 2791 979 2861 κατασκευὴν
1018 2790 1194 2857 ἔλεγε.
1233 2789 1418 2844 Ταῦτα
1446 2792 1475 2843 ό
1513 2788 1796 2860 Ἡρόδοτος

212 2881 363 2951 λέγει
385 2884 444 2937 ὲν
468 2885 535 2955 τῇ
561 2883 695 2955 ἕκτῃ
721 2883 829 2937 τῶν
876 2883 1190 2952 Ἱστοριῶν.

502 3214 590 3260 ια’.
631 3206 770 3274 Περὶ
812 3206 930 3259 τῶν
962 3206 1488 3275 ἐκατονταχείρων.

285 3325 410 3378 Ὅτι
451 3322 709 3393 γεγόνασι
744 3320 838 3374 δύο
869 3320 1044 3383 τινὲς.
1074 3322 1103 3373 6
1133 3320 1305 3384 Κότος
1335 3321 1429 3375 καὶ
1460 3321 1489 3373 6
1517 3318 1796 3391 Βριάρεως

212 3417 426 3487 ῐχοντες
453 3416 645 3469 ἑκατὸν
672 3417 861 3486 χεῖρας
882 3428 895 3441 ·
923 3413 1016 3466 καὶ
1029 3405 1173 3466 οὗτοι
1205 3413 1343 3483 μετά
1372 3412 1481 3466 τῶν
1503 3412 1642 3466 θεῶν
1664 3414 1795 3467 ὲπου

212 3509 455 3580 λὲμησαν
483 3507 622 3579 πρὸς
655 3506 780 3569 τοὺς
806 3504 1091 3573 Γίγαντας.

597 3639 686 3712 ιβ’.
731 3639 871 3709 Περὶ
905 3638 1015 3707 τῆς
1046 3638 1404 3710 ἀμπώτιδος.

284 3754 594 3824 "Annona,
627 3753 702 3816 ὼς
747 3753 848 3823 ήδη
884 3754 1014 3822 ἡμῖν
1042 3752 1287 3823 εἴρηται,
1326 3751 1544 3806 ἐναντία
1572 3754 1690 3806 ἐστὶ
1728 3756 1793 3824 τῇ

210 3843 395 3916 ῥαχίᾳ.
429 3842 614 3897 Ταῦτα
658 3843 715 3896 δὲ
746 3843 891 3911 πάθη
933 3844 1054 3897 ἐστὶ
1098 3843 1374 3914 θαλάσσης
1416 3845 1609 3916 στενῆς
1643 3863 1795 3917 περι-

211 3935 532 4004 κλειομένης
555 3936 588 4005 ἦ
616 3934 723 3987 ὑπὸ
747 3937 944 4005 νήσων,
968 3934 1000 4005 ἢ
1031 3936 1137 3989 ὑπὸ
1160 3936 1390 4005 γωνιῶν.
1426 3938 1710 4007 ΙΙἈμπ-ουιτις
1738 3938 1795 3991 δέ

210 4029 365 4080 ἐστιν
393 4027 555 4079 οἱονεὶ
580 4027 859 4089 ἀνάπωτις
897 4027 992 4080 καὶ
1019 4027 1439 4101 ἀναῤῥόφηίσις]
1475 4031 1795 4085 ὑποστελλο-

210 4119 378 4190 μένου
406 4118 501 4172 τοῦ
542 4117 732 4181 ὓδατος
768 4122 847 4183 είς
884 4120 1089 4191 μυχούς
1118 4138 1271 4185 τινας
1296 4123 1395 4194 τῆς
1429 4124 1796 4196 ὑποκειμένης

208 4216 337 4286 γῆς,
366 4215 463 4268 καὶ
495 4217 612 4286 μετ’
639 4215 820 4283 ὀλίγον
855 4215 1020 4268 πάλιν
1058 4216 1438 4284 ἐκφοιτῶντος.
1465 4217 1537 4270 Τὸ
1575 4218 1674 4288 μὲν
1701 4214 1795 4273 οὖν

208 4306 579 4378 ὕποσταλῆναι
606 4306 667 4360 τὸ
710 4306 855 4378 ὕδωρ
897 4306 1005 4360 ἔσω
1029 4310 1107 4371 είς
1139 4308 1207 4360 τὰ
1240 4307 1394 4362 κοῖλα
1429 4308 1527 4380 τῆς
1557 4309 1681 4379 γῆς,
1710 4309 1796 4363 λέ-

208 4415 368 4466 γεται
400 4399 654 4468 ἄμπωτις
678 4416 693 4430 ο
710 4399 773 4451 τὸ
798 4398 853 4452 δὲ
883 4399 1044 4453 πάλιν
1067 4399 1324 4470 ὲκρεῦσαι
1348 4399 1525 4466 τοῦτο,
1553 4401 1794 4456 καλεῖται

207 4491 399 4561 ῥαχία.
435 4489 651 4543 Γίνεται
678 4490 733 4544 δὲ
774 4490 932 4544 τοῦτο
966 4491 1225 4554 πολλάκις
1247 4491 1345 4561 τῆς
1371 4492 1601 4563 ἡμέρας,
1634 4492 1792 4562 μάλι-

1902 1877 2257 1948 cognitisque
2320 1873 2526 1929 Histiaﬁ
2586 1872 2786 1926 litteris
2837 1886 3029 1927 omnes
3083 1869 3473 1941 propemodum

1898 1967 2054 2024 Iones
2078 1968 2148 2023 ad
2176 1967 2536 2022 defectionem
2570 1964 2807 2035 impulit.
2848 1963 3003 2030 Quod
3037 1979 3161 2018 cum
3201 1964 3256 2017 in
3293 1960 3473 2018 Persi-

1897 2061 2021 2117 dem
2057 2061 2125 2114 ad
2188 2075 2369 2130 regem
2419 2059 2644 2112 allatum
2692 2064 2862 2120 esset,
2907 2057 3023 2127 ipse
3079 2056 3363 2111 llistiaeum
3419 2062 3473 2108 ut

1897 2154 2144 2209 Graecum
2181 2152 2458 2206 hominem
2495 2151 2548 2204 in
2589 2150 2883 2204 consilium
2939 2148 3185 2214 adhibet,
3228 2163 3472 2219 percun-

1899 2255 2189 2315 etaturque
2214 2243 2344 2314 quid
2370 2243 2514 2297 facto
2535 2258 2674 2312 opus
2696 2242 2788 2306 sit,
2818 2242 3014 2297 suadet
3042 2242 3134 2296 ille
3160 2242 3299 2311 regi,
3330 2250 3391 2295 ut
3418 2254 3473 2297 se

1896 2342 1952 2394 in
1982 2341 2166 2392 Asiam
2211 2339 2412 2392 mittat.
2455 2336 2691 2390 Tantum
2719 2335 2865 2390 enim
2897 2350 2957 2390 se
2980 2335 3093 2389 illic
3141 2334 3472 2388 auctoritate

1899 2447 1963 2486 ac
1994 2432 2238 2501 potentia
2273 2430 2487 2494 ﬂorere,
2522 2437 2582 2482 ut
2613 2434 2787 2481 totum
2829 2425 2964 2481 illud
2996 2425 3323 2481 defectionis
3350 2439 3472 2479 con-

1900 2524 2083 2578 silium
2108 2523 2269 2577 facile
2299 2521 2599 2591 infringere
2622 2527 2809 2589 queat.
2850 2518 3144 2574 Profectus
3196 2517 3364 2589 igitur
3416 2519 3474 2574 in

1897 2618 2108 2681 Asiam,
2143 2615 2288 2687 apud
2323 2615 2722 2684 Artaphernem
2746 2612 2840 2683 qui
2874 2611 3076 2666 Sardes
3099 2625 3224 2666 cum
3245 2610 3473 2681 imperio

1898 2711 2121 2767 tenebat
2149 2709 2203 2764 in
2232 2708 2610 2779 suSpicionem
2629 2704 2798 2768 venit,
2825 2705 2985 2775 quasi
3020 2704 3187 2758 totius
3215 2702 3471 2772 coniura-

1896 2803 2065 2857 tionis
2093 2802 2423 2857 architectus
2456 2804 2623 2853 esset.
2654 2798 2729 2850 Ae
2759 2796 2988 2865 proinde
3018 2795 3133 2849 haec
3159 2796 3227 2848 ab
3255 2808 3321 2850 eo
3370 2809 3472 2848 au-

1896 2895 2033 2949 divit
2068 2913 2081 2948 :
2117 2892 2269 2947 Hanc
2300 2896 2504 2946 vestem
2544 2888 2762 2942 consuit
2795 2886 3015 2956 quidem
3069 2884 3347 2946 Histiaeus.
3399 2884 3471 2939 in-

1895 2989 2015 3043 duit
2045 2994 2224 3042 autem
2248 2983 2629 3052 Aristagoras;
2663 2996 2759 3051 per
2779 2989 2985 3036 vestem
3018 2978 3272 3035 videlicet
3303 2986 3472 3034 totam

1898 3083 2044 3138 illam
2068 3078 2314 3135 fraudem
2350 3075 2783 3149 proditionisque
2818 3073 3107 3129 consilium
3141 3073 3470 3144 intelligens.

2400 3208 2484 3262 Η.
2533 3206 2610 3263 De
2646 3204 2976 3259 centimania.

1964 3326 2213 3382 Diximus
2260 3323 2315 3377 in
2347 3320 2646 3390 superioris
2693 3320 2963 3375 orationis
3020 3318 3270 3374 historiis
3335 3317 3473 3374 duo:

1896 3419 2163 3492 quosdam
2182 3415 2524 3471 centimanos
2539 3411 2844 3475 exstitisse,
2862 3411 3082 3465 Cottum
3098 3418 3153 3465 et
3168 3409 3472 3473 Briareum,

1898 3513 1989 3584 qui
2041 3526 2165 3567 cum
2196 3508 2305 3563 diis
2335 3506 2601 3560 adversus
2628 3505 2877 3575 gigantes
2910 3502 3114 3559 bellum
3157 3508 3472 3573 gesserunt.

2245 3644 2331 3699 12.
2363 3642 2440 3697 De
2468 3641 2883 3711 reciprocatione
2917 3638 3128 3709 Euripi.

1971 3762 2282 3831 Ἀμπωτις,
2309 3758 2501 3825 utjam
2537 3772 2566 3809 a
2608 3754 2769 3809 nobis
2808 3754 3013 3807 dictum
3048 3761 3153 3818 est,
3191 3750 3356 3825 ῥαχίᾳ
3388 3750 3473 3805 ad-

1897 3862 2149 3908 versatur
2178 3872 2190 3905 :
2216 3857 2347 3906 sunt
2367 3854 2548 3904 autem
2567 3848 2652 3901 hae
2673 3846 2842 3901 maris
2868 3845 3185 3900 aﬂ‘ectiones
3209 3844 3473 3898 eoarctati

1896 3961 1964 4002 ac
1992 3944 2345 4001 eireumclusi
2381 3944 2464 3998 vel
2499 3941 2567 3995 ab
2600 3940 2795 3996 insulis
2824 3939 2906 3994 vel
2940 3952 2969 3992 a
3000 3939 3196 4005 terris;
3222 3938 3474 4008 ἄμπωτις

1897 4044 2076 4090 autem
2104 4044 2188 4091 est
2213 4036 2361 4089 velut
2384 4033 2614 4088 ehihitio
2640 4016 2803 4101 atque
2831 4031 3152 4090 exsorbitio,
3185 4031 3475 4099 colligente

1895 4125 2149 4180 videlicet
2187 4140 2310 4180 sese
2348 4138 2487 4193 aqua
2539 4123 2593 4175 in
2626 4120 2894 4191 quosdam
2931 4129 3090 4174 terrae
3131 4119 3474 4185 subiacentis

1896 4232 2170 4281 recessus,
2206 4232 2270 4271 ac
2303 4215 2564 4286 paulatim
2600 4228 2797 4268 rursus
2825 4212 3137 4283 eﬂ'ugiente.
3177 4210 3310 4266 Cum
3342 4225 3472 4281 ergo

1896 4311 1952 4364 in
1977 4320 2137 4364 terra:
2162 4310 2425 4363 cavitates
2447 4322 2584 4374 aqua
2616 4322 2738 4361 sese
2770 4305 3006 4377 colligit,
3060 4304 3310 4375 ἄμπωτις
3336 4304 3473 4356 dici-

1897 4409 1987 4453 tur
2034 4419 2047 4454 :
2087 4416 2211 4454 cum
2254 4408 2436 4455 autem
2482 4413 2676 4453 rursus
2711 4396 2906 4462 efﬂuit,
2941 4396 3245 4467 appellatur
3283 4396 3469 4465 ραχία.
3544 4449 3551 4455 ,

1897 4490 2053 4557 Quod
2081 4492 2304 4562 quidem
2364 4491 2469 4546 diei
2512 4492 2678 4546 unius
2718 4491 2897 4559 spatio
2929 4488 3222 4543 identidem
3254 4488 3472 4542 contin-

353 4576 449 4631 ἐὰν
481 4579 585 4648 πνῇ
642 4578 861 4647 ἄνεμος.
909 4578 1114 4649 Πάσχει
1155 4579 1213 4632 δὲ
1255 4556 1317 4632 τό
1355 4556 1527 4644 «eos;
1573 4556 1731 4636 τούτο
1765 4586 1793 4637 6

1903 4584 1993 4654 git,
2033 4556 2114 4637 ac-
2133 4583 2436 4654 praesertim
2475 4582 2639 4638 ﬂante
2686 4556 2868 4637 vento.
2909 4582 3087 4650 Atque
3121 4582 3195 4634 ita
3236 4580 3472 4634 aﬂleitur

203 4668 450 4740 Εὔριπος
482 4670 612 4740 περὶ¹
644 4669 745 4739 τὴν
785 4670 1013 4724 Ἐλλάδα
1033 4684 1046 4696 ⁸
1067 4671 1150 4724 διὸ
1193 4674 1287 4725 καὶ
1312 4672 1553 4745 Εὔριπος
1580 4674 1794 4746 ὠνόμα-

203 4779 333 4814 σται
382 4761 545 4814 οἱονεὶ
582 4763 611 4814 ό
645 4761 942 4833 εὑτρεπτος
987 4762 1081 4814 καὶ
1129 4762 1369 4834 εὐχερῶς
1422 4766 1790 4834 περιπίπτων.

202 4854 302 4916 Et;
329 4852 517 4906 τοῦτον
549 4851 766 4921 λέγεται
810 4853 1187 4925 Ἀριστοτέλης
1212 4855 1405 4909 ἑαυτὸν
1438 4855 1794 4929 ῥίψαι.Εἱ’ρη-

203 4960 295 4995 ται
318 4942 377 4997 δὲ
403 4945 536 5014 ἡμῖν
560 4943 718 4997 τοῦτο
747 4945 839 4997 καὶ
868 4945 925 4997 ὲν
955 4943 1035 5015 τῷ
1064 4950 1112 4999 α’
1134 4944 1297 5017 λόγῳ.

479 5084 565 5147 ιγ’.
598 5080 739 5147 Περὶ
775 5078 895 5131 τῶν
956 5078 1252 5134 Ἦλυσίων
1280 5080 1518 5135 πεδίων.

282 5196 495 5265 Ὠσπερ
517 5195 546 5246 6
566 5193 948 5264 Χριστιανικὸς
972 5192 1132 5261 λόγος
1162 5194 1469 5265 ὑπογράφει
1504 5195 1625 5249 τινὰ
1651 5195 1790 5251 εἶναι

1895 4675 2154 4745 Euripus,
2184 4674 2276 4744 qui
2304 4674 2451 4728 circa
2477 4673 2743 4730 Graeciam
2779 4681 2881 4729 est.
2927 4672 3082 4727 Unde
3117 4672 3281 4727 etiam
3312 4668 3473 4725 Euri~

1893 4781 1996 4835 pus
2031 4772 2281 4827 vocatur,
2325 4766 2484 4835 quasi
2528 4764 2843 4837 εὔτρεπτος,
2881 4766 3151 4838 facileque
3188 4767 3243 4819 in
3282 4763 3469 4818 orbem

1893 4856 2172 4913 volubilis.
2193 4858 2249 4911 ln
2273 4874 2435 4927 quem
2458 4857 2780 4915 Aristoteles
2796 4875 2918 4915 sese
2934 4858 3269 4928 praecipitem
3292 4855 3472 4925 egisse

1891 4949 2086 5015 fertur,
2119 4959 2179 5005 ut
2206 4949 2547 5022 praecedente
2573 4952 2824 5006 oratione
2849 4951 3110 5006 diximus.

2339 5083 2422 5138 15.
2460 5083 2534 5137 De
2562 5083 2760 5154 Elysiis
2796 5086 3016 5154 campis.

1962 5197 2435 5264 Quemadmodum
2479 5197 2795 5252 Christiana
2831 5197 2963 5252 ﬂdes
3011 5206 3175 5268 atque
3214 5198 3467 5253 doctrina

206 5284 557 5358 παράδεισον,
588 5282 731 5336 οὑτω
763 5285 857 5336 καὶ¹
888 5285 939 5336 οἱ
969 5284 1234 5355 ’Έλληνες
1261 5286 1638 5355 ὑπογράφουσί
1669 5305 1790 5341 τινα

1903 5290 2207 5360 paradisum
2245 5289 2534 5359 quemdam
2567 5289 2858 5355 describit,
2894 5289 2966 5343 ita
2995 5290 3226 5359 gentiles
3251 5306 3470 5360 quoque

206 5376 408 5449 χῶρον,
438 5376 498 5429 δν
534 5375 757 5429 καλοῦσι
787 5376 1068 5449 Μακάρων
1095 5377 1309 5449 νήσους.
1344 5378 1583 5431 Καλοῦσι
1612 5379 1668 5432 δὲ
1693 5382 1791 5433 αὑ-

204 5469 302 5522 τὸν
328 5470 423 5524 καὶ
466 5468 717 5521 Ἠλύσιον
744 5468 948 5536 πεδίον,
983 5470 1133 5537 παρὰ
1171 5469 1233 5521 τὸ
1260 5469 1577 5524 ἐλεύσεσθαι
1609 5473 1789 5526 ἐκεῖσε

205 5562 334 5623 τοὺς
362 5559 542 5623 καλῶς
565 5556 916 5630 βεϐιωκότας.
943 5561 1002 5612 '0
1018 5560 1074 5613 δὲ
1110 5559 1484 5630 Ῥαδάμανθυς
1505 5563 1617 5625 υίὸς
1641 5561 1790 5631 λέγε-

1892 5381 2141 5435 fictilium
2170 5380 2460 5450 quemdam
2496 5382 2673 5433 locum
2704 5379 3047 5448 describunt,
3091 5396 3253 5451 quem
3273 5379 3469 5436 Fortu-

1892 5478 2144 5525 natorum
2181 5470 2388 5525 insulas
2422 5468 3290 5541 vocantsiveElysiumcampum,
3322 5472 3464 5540 quod

1887 5562 2140 5617 videlicet
2166 5577 2232 5617 eo
2253 5564 2496 5625 veniant,
2524 5562 2618 5631 qui
2654 5562 2776 5615 vitae
2804 5561 3138 5615 curriculum
3162 5562 3393 5617 honeste
3413 5573 3467 5617 et

204 5671 297 5706 ται
318 5648 460 5706 εἶναι
483 5652 578 5705 τοῦ
599 5652 740 5716 Διὸς,
768 5652 913 5723 ἔχειν
938 5652 996 5705 δὲ
1026 5653 1123 5722 τὴν
1144 5653 1464 5725 δικαστικὴν
1494 5654 1674 5720 ἀξίαν,
1694 5658 1789 5710 καὶ

1903 5670 2014 5709 eum
2042 5655 2239 5711 virtute
2265 5654 2641 5709 confecerunt.
2663 5656 2730 5708 At
2752 5652 3345 5712 veroRbadamantltus
3376 5653 3467 5711 Jo—

205 5744 447 5808 δικάζειν
483 5744 610 5805 τοὺς
654 5744 711 5795 ὲν
743 5743 906 5813 ᾌδου
927 5760 938 5771 ·
982 5744 1076 5795 καὶ
1112 5744 1238 5806 τοὺς
1282 5743 1380 5813 μὲν
1411 5743 1594 5808 ἀξίους
1624 5745 1785 5797 κολά-

208 5851 369 5899 σεως,
402 5833 642 5904 πέμπειν
680 5833 831 5904 παρά
866 5833 956 5887 τὸν
981 5834 1242 5888 Κωκυτὸν
1272 5835 1366 5888 καὶ
1394 5834 1484 5889 τὸν
1513 5837 1784 5908 Πυριφλε-

1888 5746 1969 5800 vis
2006 5745 2143 5801 ﬁlius
2177 5762 2318 5811 esse,
2347 5749 2898 5829 judicisquetnunere
2912 5747 3054 5815 apud
3084 5747 3289 5803 inferos
3316 5748 3463 5819 fungi

1889 5838 2086 5892 dicitur
2126 5858 2137 5893 :
2165 5846 2323 5909 atque
2346 5857 2438 5896 eos
2469 5840 2688 5910 quidem
2734 5839 2825 5911 qui
2852 5838 3122 5910 supplicio
3144 5840 3292 5911 digni
3315 5846 3464 5902 sunt.
