  <div class='ocr_page' id='page_1' title='image "/cluster/home/n/w/nwhite01/storage/ocr_20150623/36/nnc1.0022377409/563.png"; bbox 0 0 3856 6220; ppageno 0'>
   <div class='ocr_carea' id='block_1_1' title="bbox 320 292 509 351">
    <p class='ocr_par' dir='ltr' id='par_1_1' title="bbox 320 292 509 351">
     <span class='ocr_line' id='line_1_1' title="bbox 320 292 509 351; baseline 0.005 -5"><span class='ocrx_word' id='word_1_1' title='bbox 320 330 323 335; x_wconf 93' lang='grc'><strong><em>-</em></strong></span> <span class='ocrx_word' id='word_1_2' title='bbox 370 292 509 351; x_wconf 71' lang='grc' dir='ltr'><strong>10·ίῦ</strong></span> 
     </span>
    </p>
   </div>
   <div class='ocr_carea' id='block_1_2' title="bbox 1762 285 2299 344">
    <p class='ocr_par' dir='ltr' id='par_1_2' title="bbox 1762 285 2299 344">
     <span class='ocr_line' id='line_1_2' title="bbox 1762 285 2299 344; baseline 0.002 -3"><span class='ocrx_word' id='word_1_3' title='bbox 1762 285 2046 344; x_wconf 80' lang='lat' dir='ltr'><strong>NONNUS</strong></span> <span class='ocrx_word' id='word_1_4' title='bbox 2079 288 2299 343; x_wconf 77' lang='lat' dir='ltr'><strong>ABBAS</strong></span> 
     </span>
    </p>
   </div>
   <div class='ocr_carea' id='block_1_3' title="bbox 3502 288 3649 346">
    <p class='ocr_par' dir='ltr' id='par_1_3' title="bbox 3502 288 3649 346">
     <span class='ocr_line' id='line_1_3' title="bbox 3502 288 3649 346; baseline 0.007 -1"><span class='ocrx_word' id='word_1_5' title='bbox 3502 288 3649 346; x_wconf 73' lang='grc' dir='ltr'>ιομ</span> 
     </span>
    </p>
   </div>
   <div class='ocr_carea' id='block_1_4' title="bbox 370 399 1966 478">
    <p class='ocr_par' dir='ltr' id='par_1_4' title="bbox 370 399 1964 477">
     <span class='ocr_line' id='line_1_4' title="bbox 370 399 1964 477; baseline -0.003 -15"><span class='ocrx_word' id='word_1_6' title='bbox 370 408 437 462; x_wconf 85' lang='lat' dir='ltr'><strong>ad</strong></span> <span class='ocrx_word' id='word_1_7' title='bbox 458 406 725 477; x_wconf 74' lang='lat' dir='ltr'><strong>Cocytum</strong></span> <span class='ocrx_word' id='word_1_8' title='bbox 751 411 805 459; x_wconf 86' lang='lat' dir='ltr'><strong>et</strong></span> <span class='ocrx_word' id='word_1_9' title='bbox 824 399 1389 474; x_wconf 82' lang='lat' dir='ltr'><strong>Pyriphlegethontem</strong></span> <span class='ocrx_word' id='word_1_10' title='bbox 1415 403 1659 468; x_wconf 87' lang='lat' dir='ltr'><strong>mittere;</strong></span> <span class='ocrx_word' id='word_1_11' title='bbox 1677 418 1771 459; x_wconf 89' lang='lat' dir='ltr'><strong>eos</strong></span> <span class='ocrx_word' id='word_1_12' title='bbox 1784 410 1964 458; x_wconf 89' lang='lat' dir='ltr'><strong>autem</strong></span> 
     </span>
    </p>
   </div>
   <div class='ocr_carea' id='block_1_5' title="bbox 2089 399 3647 478">
    <p class='ocr_par' dir='ltr' id='par_1_5' title="bbox 2089 405 3647 478">
     <span class='ocr_line' id='line_1_5' title="bbox 2089 405 3647 478; baseline 0.001 -20"><span class='ocrx_word' id='word_1_13' title='bbox 2089 405 2331 471; x_wconf 64' lang='lat' dir='ltr'><strong>réOOvcz&#39;</strong></span> <span class='ocrx_word' id='word_1_14' title='bbox 2371 406 2496 469; x_wconf 76' lang='grc' dir='ltr'>τοὺς</span> <span class='ocrx_word' id='word_1_15' title='bbox 2532 406 2591 459; x_wconf 76' lang='grc' dir='ltr'>δὲ</span> <span class='ocrx_word' id='word_1_16' title='bbox 2639 405 2818 475; x_wconf 77' lang='grc' dir='ltr'>ἀγαθὰ</span> <span class='ocrx_word' id='word_1_17' title='bbox 2869 405 3297 476; x_wconf 77' lang='grc' dir='ltr'>ἐργασαμένους,</span> <span class='ocrx_word' id='word_1_18' title='bbox 3340 407 3492 478; x_wconf 67' lang='grc' dir='ltr'>παρὰ</span> <span class='ocrx_word' id='word_1_19' title='bbox 3542 423 3647 471; x_wconf 76' lang='grc' dir='ltr'><strong>τας</strong></span> 
     </span>
    </p>
   </div>
   <div class='ocr_carea' id='block_1_6' title="bbox 372 492 1950 566">
    <p class='ocr_par' dir='ltr' id='par_1_6' title="bbox 372 492 1950 566">
     <span class='ocr_line' id='line_1_6' title="bbox 372 492 1950 566; baseline 0 -16"><span class='ocrx_word' id='word_1_20' title='bbox 372 497 465 566; x_wconf 92' lang='lat' dir='ltr'><strong>qui</strong></span> <span class='ocrx_word' id='word_1_21' title='bbox 489 502 639 549; x_wconf 89' lang='lat' dir='ltr'><strong>recte</strong></span> <span class='ocrx_word' id='word_1_22' title='bbox 672 501 725 550; x_wconf 90' lang='lat' dir='ltr'><strong>et</strong></span> <span class='ocrx_word' id='word_1_23' title='bbox 741 508 866 548; x_wconf 90' lang='lat' dir='ltr'><strong>cum</strong></span> <span class='ocrx_word' id='word_1_24' title='bbox 884 492 1040 547; x_wconf 85' lang='lat' dir='ltr'><strong>laude</strong></span> <span class='ocrx_word' id='word_1_25' title='bbox 1052 493 1324 557; x_wconf 79' lang='lat' dir='ltr'><strong>vixerunt,</strong></span> <span class='ocrx_word' id='word_1_26' title='bbox 1342 492 1407 546; x_wconf 89' lang='lat' dir='ltr'><strong>ad</strong></span> <span class='ocrx_word' id='word_1_27' title='bbox 1424 494 1707 548; x_wconf 85' lang='lat' dir='ltr'><strong>beatorum</strong></span> <span class='ocrx_word' id='word_1_28' title='bbox 1722 494 1950 551; x_wconf 84' lang='lat' dir='ltr'><strong>insulas.</strong></span> 
     </span>
    </p>
   </div>
   <div class='ocr_carea' id='block_1_7' title="bbox 552 602 1782 674">
    <p class='ocr_par' dir='ltr' id='par_1_7' title="bbox 552 602 1782 674">
     <span class='ocr_line' id='line_1_7' title="bbox 552 602 1782 674; baseline -0.001 -15"><span class='ocrx_word' id='word_1_29' title='bbox 552 606 640 660; x_wconf 74' lang='grc'><strong>14.</strong></span> <span class='ocrx_word' id='word_1_30' title='bbox 674 604 763 659; x_wconf 79' lang='lat' dir='ltr'><strong>De</strong></span> <span class='ocrx_word' id='word_1_31' title='bbox 803 604 1011 674; x_wconf 76' lang='lat' dir='ltr'><strong>vocibus</strong></span> <span class='ocrx_word' id='word_1_32' title='bbox 1048 603 1262 673; x_wconf 81' lang='grc' dir='ltr'><strong>ἑταίρου</strong></span> <span class='ocrx_word' id='word_1_33' title='bbox 1308 612 1362 657; x_wconf 90' lang='lat' dir='ltr'><strong>et</strong></span> <span class='ocrx_word' id='word_1_34' title='bbox 1402 602 1687 674; x_wconf 78' lang='grc' dir='ltr'>προπίνειν</span> <span class='ocrx_word' id='word_1_35' title='bbox 1726 613 1782 658; x_wconf 89' lang='lat' dir='ltr'><strong>et</strong></span> 
     </span>
    </p>
   </div>
   <div class='ocr_carea' id='block_1_8' title="bbox 972 673 1345 744">
    <p class='ocr_par' dir='ltr' id='par_1_8' title="bbox 972 673 1345 744">
     <span class='ocr_line' id='line_1_8' title="bbox 972 673 1345 744; baseline 0.003 -20"><span class='ocrx_word' id='word_1_36' title='bbox 972 673 1345 744; x_wconf 75' lang='grc' dir='ltr'><strong>λαρυγγίζειν.</strong></span> 
     </span>
    </p>
   </div>
   <div class='ocr_carea' id='block_1_9' title="bbox 448 765 1956 836">
    <p class='ocr_par' dir='ltr' id='par_1_9' title="bbox 448 765 1956 836">
     <span class='ocr_line' id='line_1_9' title="bbox 448 765 1956 836; baseline -0.001 -14"><span class='ocrx_word' id='word_1_37' title='bbox 448 768 605 822; x_wconf 87' lang='lat' dir='ltr'><strong>Plato</strong></span> <span class='ocrx_word' id='word_1_38' title='bbox 632 768 835 836; x_wconf 81' lang='lat' dir='ltr'><strong>aliique</strong></span> <span class='ocrx_word' id='word_1_39' title='bbox 883 781 1074 820; x_wconf 91' lang='lat' dir='ltr'><strong>omnes</strong></span> <span class='ocrx_word' id='word_1_40' title='bbox 1107 765 1421 835; x_wconf 87' lang='lat' dir='ltr'><strong>philos0phi</strong></span> <span class='ocrx_word' id='word_1_41' title='bbox 1470 783 1586 829; x_wconf 88' lang='lat' dir='ltr'><strong>eos,</strong></span> <span class='ocrx_word' id='word_1_42' title='bbox 1617 768 1710 836; x_wconf 91' lang='lat' dir='ltr'><strong>qui</strong></span> <span class='ocrx_word' id='word_1_43' title='bbox 1744 768 1956 823; x_wconf 90' lang='lat' dir='ltr'><strong>littera-</strong></span> 
     </span>
    </p>
   </div>
   <div class='ocr_carea' id='block_1_10' title="bbox 378 856 1956 927">
    <p class='ocr_par' dir='ltr' id='par_1_10' title="bbox 378 856 1956 927">
     <span class='ocr_line' id='line_1_10' title="bbox 378 856 1956 927; baseline -0.001 -13"><span class='ocrx_word' id='word_1_44' title='bbox 378 876 501 915; x_wconf 91' lang='lat' dir='ltr'><strong>rum</strong></span> <span class='ocrx_word' id='word_1_45' title='bbox 564 858 937 927; x_wconf 52' lang='lat' dir='ltr'><strong>doctrinaeque</strong></span> <span class='ocrx_word' id='word_1_46' title='bbox 1005 856 1251 911; x_wconf 88' lang='lat' dir='ltr'><strong>studium</strong></span> <span class='ocrx_word' id='word_1_47' title='bbox 1304 858 1447 911; x_wconf 87' lang='lat' dir='ltr'><strong>serio</strong></span> <span class='ocrx_word' id='word_1_48' title='bbox 1512 857 1956 927; x_wconf 84' lang='lat' dir='ltr'><strong>profitebantur,</strong></span> 
     </span>
    </p>
   </div>
   <div class='ocr_carea' id='block_1_11' title="bbox 381 947 1960 1022">
    <p class='ocr_par' dir='ltr' id='par_1_11' title="bbox 381 947 1960 1022">
     <span class='ocr_line' id='line_1_11' title="bbox 381 947 1960 1022; baseline -0.001 -18"><span class='ocrx_word' id='word_1_49' title='bbox 381 951 656 1022; x_wconf 79' lang='grc' dir='ltr'>ἑταίρους,</span> <span class='ocrx_word' id='word_1_50' title='bbox 684 949 789 1004; x_wconf 87' lang='lat' dir='ltr'><strong>hoc</strong></span> <span class='ocrx_word' id='word_1_51' title='bbox 809 958 895 1005; x_wconf 91' lang='lat' dir='ltr'><strong>est</strong></span> <span class='ocrx_word' id='word_1_52' title='bbox 913 949 1119 1003; x_wconf 90' lang='lat' dir='ltr'><strong>amicos</strong></span> <span class='ocrx_word' id='word_1_53' title='bbox 1155 959 1210 1002; x_wconf 91' lang='lat' dir='ltr'><strong>et</strong></span> <span class='ocrx_word' id='word_1_54' title='bbox 1237 947 1456 1003; x_wconf 77' lang='lat' dir='ltr'><strong>sodales</strong></span> <span class='ocrx_word' id='word_1_55' title='bbox 1481 950 1767 1005; x_wconf 82' lang='lat' dir='ltr'><strong>vocabant.</strong></span> <span class='ocrx_word' id='word_1_56' title='bbox 1792 949 1960 1004; x_wconf 86' lang='lat' dir='ltr'><strong>Julia-</strong></span> 
     </span>
    </p>
   </div>
   <div class='ocr_carea' id='block_1_12' title="bbox 381 1041 1959 1115">
    <p class='ocr_par' dir='ltr' id='par_1_12' title="bbox 381 1041 1959 1115">
     <span class='ocr_line' id='line_1_12' title="bbox 381 1041 1959 1115; baseline -0.003 -15"><span class='ocrx_word' id='word_1_57' title='bbox 381 1061 490 1101; x_wconf 90' lang='lat' dir='ltr'><strong>nus</strong></span> <span class='ocrx_word' id='word_1_58' title='bbox 541 1045 747 1115; x_wconf 85' lang='lat' dir='ltr'><strong>itaque,</strong></span> <span class='ocrx_word' id='word_1_59' title='bbox 795 1051 855 1096; x_wconf 91' lang='lat' dir='ltr'><strong>ut</strong></span> <span class='ocrx_word' id='word_1_60' title='bbox 888 1042 981 1112; x_wconf 90' lang='lat' dir='ltr'><strong>qui</strong></span> <span class='ocrx_word' id='word_1_61' title='bbox 1021 1041 1385 1111; x_wconf 74' lang='lat' dir='ltr'><strong>philosophiae</strong></span> <span class='ocrx_word' id='word_1_62' title='bbox 1426 1058 1647 1111; x_wconf 85' lang='lat' dir='ltr'><strong>operam</strong></span> <span class='ocrx_word' id='word_1_63' title='bbox 1696 1042 1959 1107; x_wconf 84' lang='lat' dir='ltr'><strong>dedisset,</strong></span> 
     </span>
    </p>
   </div>
   <div class='ocr_carea' id='block_1_13' title="bbox 383 1133 1961 1204">
    <p class='ocr_par' dir='ltr' id='par_1_13' title="bbox 383 1133 1961 1204">
     <span class='ocr_line' id='line_1_13' title="bbox 383 1133 1961 1204; baseline -0.002 -14"><span class='ocrx_word' id='word_1_64' title='bbox 383 1137 557 1191; x_wconf 85' lang='lat' dir='ltr'><strong>nihilo</strong></span> <span class='ocrx_word' id='word_1_65' title='bbox 586 1151 645 1189; x_wconf 86' lang='lat' dir='ltr'><strong>se</strong></span> <span class='ocrx_word' id='word_1_66' title='bbox 674 1133 1087 1188; x_wconf 89' lang='lat' dir='ltr'><strong>insolentiorem</strong></span> <span class='ocrx_word' id='word_1_67' title='bbox 1123 1133 1195 1187; x_wconf 91' lang='lat' dir='ltr'><strong>ob</strong></span> <span class='ocrx_word' id='word_1_68' title='bbox 1228 1133 1518 1203; x_wconf 83' lang='lat' dir='ltr'><strong>imperium</strong></span> <span class='ocrx_word' id='word_1_69' title='bbox 1551 1134 1840 1204; x_wconf 82' lang='lat' dir='ltr'><strong>magisque</strong></span> <span class='ocrx_word' id='word_1_70' title='bbox 1868 1149 1961 1187; x_wconf 82' lang='lat' dir='ltr'><strong>ar-</strong></span> 
     </span>
    </p>
   </div>
   <div class='ocr_carea' id='block_1_14' title="bbox 383 1224 1963 1298">
    <p class='ocr_par' dir='ltr' id='par_1_14' title="bbox 383 1224 1963 1298">
     <span class='ocr_line' id='line_1_14' title="bbox 383 1224 1963 1298; baseline -0.004 -13"><span class='ocrx_word' id='word_1_71' title='bbox 383 1235 667 1298; x_wconf 80' lang='lat' dir='ltr'><strong>rogantem</strong></span> <span class='ocrx_word' id='word_1_72' title='bbox 694 1235 748 1281; x_wconf 89' lang='lat' dir='ltr'><strong>et</strong></span> <span class='ocrx_word' id='word_1_73' title='bbox 774 1233 1152 1281; x_wconf 87' lang='lat' dir='ltr'><strong>contumacem</strong></span> <span class='ocrx_word' id='word_1_74' title='bbox 1176 1225 1453 1294; x_wconf 75' lang='lat' dir='ltr'><strong>praebebat</strong></span> <span class='ocrx_word' id='word_1_75' title='bbox 1485 1244 1497 1278; x_wconf 88' lang='lat'><strong>:</strong></span> <span class='ocrx_word' id='word_1_76' title='bbox 1538 1240 1727 1279; x_wconf 77' lang='lat' dir='ltr'><strong>verum</strong></span> <span class='ocrx_word' id='word_1_77' title='bbox 1755 1232 1815 1279; x_wconf 91' lang='lat' dir='ltr'><strong>ut</strong></span> <span class='ocrx_word' id='word_1_78' title='bbox 1838 1224 1963 1279; x_wconf 86' lang='lat' dir='ltr'><strong>Pla—</strong></span> 
     </span>
    </p>
   </div>
   <div class='ocr_carea' id='block_1_15' title="bbox 384 1316 1986 1388">
    <p class='ocr_par' dir='ltr' id='par_1_15' title="bbox 384 1316 1986 1388">
     <span class='ocr_line' id='line_1_15' title="bbox 384 1316 1986 1388; baseline -0.005 -11"><span class='ocrx_word' id='word_1_79' title='bbox 384 1329 570 1377; x_wconf 87' lang='lat' dir='ltr'><strong>tonem</strong></span> <span class='ocrx_word' id='word_1_80' title='bbox 600 1321 877 1385; x_wconf 84' lang='lat' dir='ltr'><strong>videlicet,</strong></span> <span class='ocrx_word' id='word_1_81' title='bbox 902 1326 1241 1388; x_wconf 69' lang='lat' dir='ltr'><strong>caeterosque</strong></span> <span class='ocrx_word' id='word_1_82' title='bbox 1273 1316 1630 1387; x_wconf 89' lang='lat' dir='ltr'><strong>philosophos</strong></span> <span class='ocrx_word' id='word_1_83' title='bbox 1656 1318 1986 1385; x_wconf 83' lang='lat' dir='ltr'><strong>imitaretur,</strong></span> 
     </span>
    </p>
   </div>
   <div class='ocr_carea' id='block_1_16' title="bbox 386 1408 1967 1478">
    <p class='ocr_par' dir='ltr' id='par_1_16' title="bbox 386 1408 1967 1478">
     <span class='ocr_line' id='line_1_16' title="bbox 386 1408 1967 1478; baseline -0.004 -10"><span class='ocrx_word' id='word_1_84' title='bbox 386 1413 605 1468; x_wconf 80' lang='lat' dir='ltr'><strong>sodales</strong></span> <span class='ocrx_word' id='word_1_85' title='bbox 643 1426 833 1465; x_wconf 89' lang='lat' dir='ltr'><strong>omnes</strong></span> <span class='ocrx_word' id='word_1_86' title='bbox 880 1410 1113 1464; x_wconf 84' lang='lat' dir='ltr'><strong>vocabat</strong></span> <span class='ocrx_word' id='word_1_87' title='bbox 1156 1426 1170 1461; x_wconf 89' lang='lat'><strong>:</strong></span> <span class='ocrx_word' id='word_1_88' title='bbox 1215 1408 1378 1478; x_wconf 91' lang='lat' dir='ltr'><strong>idque</strong></span> <span class='ocrx_word' id='word_1_89' title='bbox 1421 1409 1659 1463; x_wconf 90' lang='lat' dir='ltr'><strong>nominis</strong></span> <span class='ocrx_word' id='word_1_90' title='bbox 1705 1408 1967 1478; x_wconf 80' lang='lat' dir='ltr'><strong>frequens</strong></span> 
     </span>
    </p>
   </div>
   <div class='ocr_carea' id='block_1_17' title="bbox 388 1500 1967 1571">
    <p class='ocr_par' dir='ltr' id='par_1_17' title="bbox 388 1500 1967 1571">
     <span class='ocr_line' id='line_1_17' title="bbox 388 1500 1967 1571; baseline -0.005 -10"><span class='ocrx_word' id='word_1_91' title='bbox 388 1505 500 1561; x_wconf 83' lang='lat' dir='ltr'><strong>illis</strong></span> <span class='ocrx_word' id='word_1_92' title='bbox 535 1504 589 1558; x_wconf 92' lang='lat' dir='ltr'><strong>in</strong></span> <span class='ocrx_word' id='word_1_93' title='bbox 616 1501 912 1571; x_wconf 91' lang='lat' dir='ltr'><strong>colloquiis</strong></span> <span class='ocrx_word' id='word_1_94' title='bbox 939 1509 1075 1555; x_wconf 88' lang='lat' dir='ltr'><strong>erat.</strong></span> <span class='ocrx_word' id='word_1_95' title='bbox 1107 1500 1264 1565; x_wconf 82' lang='lat' dir='ltr'><strong>Quod</strong></span> <span class='ocrx_word' id='word_1_96' title='bbox 1311 1508 1492 1554; x_wconf 89' lang='lat' dir='ltr'><strong>autem</strong></span> <span class='ocrx_word' id='word_1_97' title='bbox 1533 1500 1601 1553; x_wconf 89' lang='lat' dir='ltr'><strong>ad</strong></span> <span class='ocrx_word' id='word_1_98' title='bbox 1639 1501 1967 1571; x_wconf 86' lang='lat' dir='ltr'><strong>propinandi</strong></span> 
     </span>
    </p>
   </div>
   <div class='ocr_carea' id='block_1_18' title="bbox 389 1592 1969 1662">
    <p class='ocr_par' dir='ltr' id='par_1_18' title="bbox 389 1592 1969 1662">
     <span class='ocr_line' id='line_1_18' title="bbox 389 1592 1969 1662; baseline -0.002 -12"><span class='ocrx_word' id='word_1_99' title='bbox 389 1612 582 1653; x_wconf 77' lang='lat' dir='ltr'><strong>vocem</strong></span> <span class='ocrx_word' id='word_1_100' title='bbox 614 1596 834 1659; x_wconf 89' lang='lat' dir='ltr'><strong>attinet,</strong></span> <span class='ocrx_word' id='word_1_101' title='bbox 866 1593 1152 1648; x_wconf 82' lang='lat' dir='ltr'><strong>sciendum</strong></span> <span class='ocrx_word' id='word_1_102' title='bbox 1187 1599 1273 1647; x_wconf 90' lang='lat' dir='ltr'><strong>est</strong></span> <span class='ocrx_word' id='word_1_103' title='bbox 1303 1592 1503 1662; x_wconf 87' lang='lat' dir='ltr'><strong>priscis</strong></span> <span class='ocrx_word' id='word_1_104' title='bbox 1538 1593 1797 1648; x_wconf 90' lang='lat' dir='ltr'><strong>omnibus</strong></span> <span class='ocrx_word' id='word_1_105' title='bbox 1827 1595 1969 1662; x_wconf 91' lang='lat' dir='ltr'><strong>regi-</strong></span> 
     </span>
    </p>
   </div>
   <div class='ocr_carea' id='block_1_19' title="bbox 390 1683 1968 1752">
    <p class='ocr_par' dir='ltr' id='par_1_19' title="bbox 390 1683 1968 1752">
     <span class='ocr_line' id='line_1_19' title="bbox 390 1683 1968 1752; baseline -0.007 -7"><span class='ocrx_word' id='word_1_106' title='bbox 390 1691 496 1745; x_wconf 85' lang='lat' dir='ltr'><strong>bus</strong></span> <span class='ocrx_word' id='word_1_107' title='bbox 534 1689 681 1742; x_wconf 88' lang='lat' dir='ltr'><strong>huuc</strong></span> <span class='ocrx_word' id='word_1_108' title='bbox 727 1700 933 1738; x_wconf 87' lang='lat' dir='ltr'><strong>morem</strong></span> <span class='ocrx_word' id='word_1_109' title='bbox 975 1683 1171 1746; x_wconf 85' lang='lat' dir='ltr'><strong>fuisse,</strong></span> <span class='ocrx_word' id='word_1_110' title='bbox 1205 1691 1265 1736; x_wconf 92' lang='lat' dir='ltr'><strong>ut</strong></span> <span class='ocrx_word' id='word_1_111' title='bbox 1302 1699 1426 1738; x_wconf 89' lang='lat' dir='ltr'><strong>cum</strong></span> <span class='ocrx_word' id='word_1_112' title='bbox 1462 1683 1741 1752; x_wconf 90' lang='lat' dir='ltr'><strong>publicum</strong></span> <span class='ocrx_word' id='word_1_113' title='bbox 1770 1683 1968 1738; x_wconf 90' lang='lat' dir='ltr'><strong>festum</strong></span> 
     </span>
    </p>
   </div>
   <div class='ocr_carea' id='block_1_20' title="bbox 2057 498 2585 569">
    <p class='ocr_par' dir='ltr' id='par_1_20' title="bbox 2057 498 2585 569">
     <span class='ocr_line' id='line_1_20' title="bbox 2057 498 2585 569; baseline -0.002 -18"><span class='ocrx_word' id='word_1_114' title='bbox 2057 498 2337 568; x_wconf 83' lang='grc' dir='ltr'><strong>Μακάρων</strong></span> <span class='ocrx_word' id='word_1_115' title='bbox 2367 500 2585 569; x_wconf 80' lang='grc' dir='ltr'><strong>νήσους.</strong></span> 
     </span>
    </p>
   </div>
   <div class='ocr_carea' id='block_1_21' title="bbox 2265 610 3451 682">
    <p class='ocr_par' dir='ltr' id='par_1_21' title="bbox 2265 610 3451 682">
     <span class='ocr_line' id='line_1_21' title="bbox 2265 610 3451 682; baseline 0.003 -21"><span class='ocrx_word' id='word_1_116' title='bbox 2265 610 2347 662; x_wconf 69' lang='grc' dir='ltr'>ιδ’.</span> <span class='ocrx_word' id='word_1_117' title='bbox 2374 610 2511 677; x_wconf 78' lang='grc' dir='ltr'>Περὶ</span> <span class='ocrx_word' id='word_1_118' title='bbox 2544 610 2673 674; x_wconf 82' lang='grc' dir='ltr'>τοῦ,</span> <span class='ocrx_word' id='word_1_119' title='bbox 2719 611 2932 681; x_wconf 81' lang='grc' dir='ltr'>Ἑταῖρε</span> <span class='ocrx_word' id='word_1_120' title='bbox 2951 651 2967 677; x_wconf 98' lang='grc'><strong>,</strong></span> <span class='ocrx_word' id='word_1_121' title='bbox 3008 610 3107 664; x_wconf 79' lang='grc' dir='ltr'>καί</span> <span class='ocrx_word' id='word_1_122' title='bbox 3135 610 3451 682; x_wconf 85' lang='grc' dir='ltr'>Προπίνειν.</span> 
     </span>
    </p>
   </div>
   <div class='ocr_carea' id='block_1_22' title="bbox 2145 765 3656 838">
    <p class='ocr_par' dir='ltr' id='par_1_22' title="bbox 2145 765 3656 838">
     <span class='ocr_line' id='line_1_22' title="bbox 2145 765 3656 838; baseline 0 -19"><span class='ocrx_word' id='word_1_123' title='bbox 2145 766 2204 819; x_wconf 83' lang='grc'><strong>’0</strong></span> <span class='ocrx_word' id='word_1_124' title='bbox 2237 766 2463 820; x_wconf 85' lang='grc' dir='ltr'><strong>Πλάτων</strong></span> <span class='ocrx_word' id='word_1_125' title='bbox 2497 767 2589 819; x_wconf 80' lang='grc' dir='ltr'><strong>καὶ</strong></span> <span class='ocrx_word' id='word_1_126' title='bbox 2624 766 2825 837; x_wconf 83' lang='grc' dir='ltr'>πάντες</span> <span class='ocrx_word' id='word_1_127' title='bbox 2852 769 2900 820; x_wconf 81' lang='grc' dir='ltr'>οἱ</span> <span class='ocrx_word' id='word_1_128' title='bbox 2939 765 3215 836; x_wconf 86' lang='grc' dir='ltr'>φιλόσοφοι</span> <span class='ocrx_word' id='word_1_129' title='bbox 3243 767 3370 829; x_wconf 82' lang='grc' dir='ltr'>τοὺς</span> <span class='ocrx_word' id='word_1_130' title='bbox 3390 767 3656 838; x_wconf 75' lang='grc' dir='ltr'><strong>γνησίους</strong></span> 
     </span>
    </p>
   </div>
   <div class='ocr_carea' id='block_1_23' title="bbox 2062 857 3651 930">
    <p class='ocr_par' dir='ltr' id='par_1_23' title="bbox 2062 857 3651 930">
     <span class='ocr_line' id='line_1_23' title="bbox 2062 857 3651 930; baseline -0.003 -16"><span class='ocrx_word' id='word_1_131' title='bbox 2062 859 2298 930; x_wconf 82' lang='grc' dir='ltr'>ἐραστάς</span> <span class='ocrx_word' id='word_1_132' title='bbox 2316 859 2425 912; x_wconf 81' lang='grc' dir='ltr'><strong>τῶν</strong></span> <span class='ocrx_word' id='word_1_133' title='bbox 2444 859 2639 927; x_wconf 85' lang='grc' dir='ltr'>λόγων,</span> <span class='ocrx_word' id='word_1_134' title='bbox 2665 859 2914 930; x_wconf 82' lang='grc' dir='ltr'>ἑταίρους</span> <span class='ocrx_word' id='word_1_135' title='bbox 2941 858 3219 920; x_wconf 88' lang='grc' dir='ltr'>καλοῦσιν,</span> <span class='ocrx_word' id='word_1_136' title='bbox 3247 858 3412 910; x_wconf 72' lang='grc' dir='ltr'>οἱονεὶ</span> <span class='ocrx_word' id='word_1_137' title='bbox 3440 857 3651 925; x_wconf 79' lang='grc' dir='ltr'>φίλους.</span> 
     </span>
    </p>
   </div>
   <div class='ocr_carea' id='block_1_24' title="bbox 2073 947 3656 1021">
    <p class='ocr_par' dir='ltr' id='par_1_24' title="bbox 2073 947 3656 1021">
     <span class='ocr_line' id='line_1_24' title="bbox 2073 947 3656 1021; baseline -0.003 -15"><span class='ocrx_word' id='word_1_138' title='bbox 2073 950 2134 1006; x_wconf 83' lang='grc' dir='ltr'>Ὀ</span> <span class='ocrx_word' id='word_1_139' title='bbox 2163 947 2256 1005; x_wconf 77' lang='grc' dir='ltr'><strong>οὖν</strong></span> <span class='ocrx_word' id='word_1_140' title='bbox 2300 950 2581 1013; x_wconf 83' lang='grc' dir='ltr'>Ἰουλιανὸς</span> <span class='ocrx_word' id='word_1_141' title='bbox 2606 951 2681 1014; x_wconf 85' lang='grc' dir='ltr'>ὡς</span> <span class='ocrx_word' id='word_1_142' title='bbox 2726 951 3093 1021; x_wconf 74' lang='grc' dir='ltr'><strong>φιλοσοφήσας</strong></span> <span class='ocrx_word' id='word_1_143' title='bbox 3122 992 3138 1015; x_wconf 90' lang='grc'><strong>,</strong></span> <span class='ocrx_word' id='word_1_144' title='bbox 3171 951 3272 1003; x_wconf 83' lang='grc' dir='ltr'>ούκ</span> <span class='ocrx_word' id='word_1_145' title='bbox 3304 949 3656 1020; x_wconf 76' lang='grc' dir='ltr'>ἀπηυθαδιά-</span> 
     </span>
    </p>
   </div>
   <div class='ocr_carea' id='block_1_25' title="bbox 2064 1042 3660 1115">
    <p class='ocr_par' dir='ltr' id='par_1_25' title="bbox 2064 1042 3660 1115">
     <span class='ocr_line' id='line_1_25' title="bbox 2064 1042 3660 1115; baseline -0.001 -19"><span class='ocrx_word' id='word_1_146' title='bbox 2064 1044 2187 1108; x_wconf 82' lang='grc' dir='ltr'>ζετο</span> <span class='ocrx_word' id='word_1_147' title='bbox 2213 1045 2279 1113; x_wconf 82' lang='grc' dir='ltr'>τῇ</span> <span class='ocrx_word' id='word_1_148' title='bbox 2306 1042 2550 1115; x_wconf 76' lang='grc' dir='ltr'><strong>βασιλείᾳ</strong></span> <span class='ocrx_word' id='word_1_149' title='bbox 2568 1084 2582 1107; x_wconf 87' lang='grc'><strong>,</strong></span> <span class='ocrx_word' id='word_1_150' title='bbox 2614 1043 2728 1095; x_wconf 85' lang='grc' dir='ltr'>ἀλλ’</span> <span class='ocrx_word' id='word_1_151' title='bbox 2775 1044 3026 1113; x_wconf 75' lang='grc' dir='ltr'>ἐμιμεῖτο</span> <span class='ocrx_word' id='word_1_152' title='bbox 3056 1042 3217 1112; x_wconf 81' lang='grc' dir='ltr'>δῆθεν</span> <span class='ocrx_word' id='word_1_153' title='bbox 3251 1042 3516 1097; x_wconf 84' lang='grc' dir='ltr'>Πλάτωνα</span> <span class='ocrx_word' id='word_1_154' title='bbox 3560 1043 3660 1095; x_wconf 67' lang='grc' dir='ltr'>καὶ</span> 
     </span>
    </p>
   </div>
   <div class='ocr_carea' id='block_1_26' title="bbox 2062 1133 3661 1206">
    <p class='ocr_par' dir='ltr' id='par_1_26' title="bbox 2062 1133 3661 1206">
     <span class='ocr_line' id='line_1_26' title="bbox 2062 1133 3661 1206; baseline 0 -19"><span class='ocrx_word' id='word_1_155' title='bbox 2062 1136 2189 1197; x_wconf 76' lang='grc' dir='ltr'>τοὺς</span> <span class='ocrx_word' id='word_1_156' title='bbox 2209 1133 2401 1197; x_wconf 77' lang='grc' dir='ltr'>ἄλλους</span> <span class='ocrx_word' id='word_1_157' title='bbox 2427 1134 2658 1197; x_wconf 83' lang='grc' dir='ltr'><strong>πάντας,</strong></span> <span class='ocrx_word' id='word_1_158' title='bbox 2684 1134 2865 1187; x_wconf 84' lang='grc' dir='ltr'>καλῶν</span> <span class='ocrx_word' id='word_1_159' title='bbox 2903 1133 3152 1206; x_wconf 79' lang='grc' dir='ltr'>ἑταίρους</span> <span class='ocrx_word' id='word_1_160' title='bbox 3168 1174 3182 1197; x_wconf 88' lang='grc'><strong>,</strong></span> <span class='ocrx_word' id='word_1_161' title='bbox 3205 1134 3300 1187; x_wconf 79' lang='grc' dir='ltr'><strong>καὶ</strong></span> <span class='ocrx_word' id='word_1_162' title='bbox 3331 1134 3467 1188; x_wconf 80' lang='grc' dir='ltr'>πολὺ</span> <span class='ocrx_word' id='word_1_163' title='bbox 3492 1133 3661 1187; x_wconf 71' lang='grc' dir='ltr'>τοῦτο</span> 
     </span>
    </p>
   </div>
   <div class='ocr_carea' id='block_1_27' title="bbox 2064 1218 3657 1295">
    <p class='ocr_par' dir='ltr' id='par_1_27' title="bbox 2064 1218 3657 1295">
     <span class='ocr_line' id='line_1_27' title="bbox 2064 1218 3657 1295; baseline -0.002 -17"><span class='ocrx_word' id='word_1_164' title='bbox 2064 1225 2126 1278; x_wconf 84' lang='grc' dir='ltr'>τὺ</span> <span class='ocrx_word' id='word_1_165' title='bbox 2162 1224 2332 1295; x_wconf 73' lang='grc' dir='ltr'>ὄνομα</span> <span class='ocrx_word' id='word_1_166' title='bbox 2369 1226 2426 1278; x_wconf 81' lang='grc' dir='ltr'>ἐν</span> <span class='ocrx_word' id='word_1_167' title='bbox 2449 1226 2567 1288; x_wconf 82' lang='grc' dir='ltr'>ταῖς</span> <span class='ocrx_word' id='word_1_168' title='bbox 2595 1224 2901 1288; x_wconf 82' lang='grc' dir='ltr'>συνουσίαις</span> <span class='ocrx_word' id='word_1_169' title='bbox 2925 1223 3089 1277; x_wconf 77' lang='grc' dir='ltr'>αὐτοῦ</span> <span class='ocrx_word' id='word_1_170' title='bbox 3119 1218 3208 1293; x_wconf 82' lang='grc' dir='ltr'><strong>ἦν.</strong></span> <span class='ocrx_word' id='word_1_171' title='bbox 3239 1224 3312 1275; x_wconf 81' lang='grc' dir='ltr'><strong>Τὸ</strong></span> <span class='ocrx_word' id='word_1_172' title='bbox 3339 1222 3396 1276; x_wconf 77' lang='grc' dir='ltr'><strong>δὲ</strong></span> <span class='ocrx_word' id='word_1_173' title='bbox 3434 1222 3657 1291; x_wconf 74' lang='grc' dir='ltr'>προπί-</span> 
     </span>
    </p>
   </div>
   <div class='ocr_carea' id='block_1_28' title="bbox 2065 1314 3659 1388">
    <p class='ocr_par' dir='ltr' id='par_1_28' title="bbox 2065 1314 3659 1388">
     <span class='ocr_line' id='line_1_28' title="bbox 2065 1314 3659 1388; baseline -0.004 -16"><span class='ocrx_word' id='word_1_174' title='bbox 2065 1335 2207 1382; x_wconf 79' lang='grc' dir='ltr'>νων,</span> <span class='ocrx_word' id='word_1_175' title='bbox 2238 1316 2397 1370; x_wconf 85' lang='grc' dir='ltr'>τοῦτό</span> <span class='ocrx_word' id='word_1_176' title='bbox 2430 1318 2547 1370; x_wconf 71' lang='grc' dir='ltr'>ἐστι</span> <span class='ocrx_word' id='word_1_177' title='bbox 2580 1334 2594 1348; x_wconf 76' lang='grc' dir='ltr'><strong><em>ο</em></strong></span> <span class='ocrx_word' id='word_1_178' title='bbox 2626 1316 2837 1380; x_wconf 80' lang='grc' dir='ltr'>Πάντες</span> <span class='ocrx_word' id='word_1_179' title='bbox 2882 1318 2930 1369; x_wconf 88' lang='grc' dir='ltr'>οἱ</span> <span class='ocrx_word' id='word_1_180' title='bbox 2966 1318 3186 1388; x_wconf 82' lang='grc' dir='ltr'>ἀρχαῖοι</span> <span class='ocrx_word' id='word_1_181' title='bbox 3236 1314 3477 1385; x_wconf 85' lang='grc' dir='ltr'>βασιλεῖς</span> <span class='ocrx_word' id='word_1_182' title='bbox 3524 1315 3659 1365; x_wconf 79' lang='grc' dir='ltr'>ἐπι-</span> 
     </span>
    </p>
   </div>
   <div class='ocr_carea' id='block_1_29' title="bbox 2066 1399 3659 1479">
    <p class='ocr_par' dir='ltr' id='par_1_29' title="bbox 2066 1399 3659 1479">
     <span class='ocr_line' id='line_1_29' title="bbox 2066 1399 3659 1479; baseline -0.002 -19"><span class='ocrx_word' id='word_1_183' title='bbox 2066 1408 2348 1471; x_wconf 82' lang='grc' dir='ltr'>τελοῦντες</span> <span class='ocrx_word' id='word_1_184' title='bbox 2387 1409 2581 1479; x_wconf 73' lang='grc' dir='ltr'>ἑορτὴν</span> <span class='ocrx_word' id='word_1_185' title='bbox 2613 1408 2915 1479; x_wconf 88' lang='grc' dir='ltr'>πάνδημον,</span> <span class='ocrx_word' id='word_1_186' title='bbox 2946 1408 3004 1459; x_wconf 82' lang='grc' dir='ltr'>ἐν</span> <span class='ocrx_word' id='word_1_187' title='bbox 3033 1399 3254 1477; x_wconf 79' lang='grc' dir='ltr'>φιάλαις</span> <span class='ocrx_word' id='word_1_188' title='bbox 3283 1406 3316 1477; x_wconf 76' lang='grc' dir='ltr'>ἢ</span> <span class='ocrx_word' id='word_1_189' title='bbox 3349 1407 3583 1476; x_wconf 82' lang='grc' dir='ltr'>χρυσαῖς</span> <span class='ocrx_word' id='word_1_190' title='bbox 3618 1403 3659 1474; x_wconf 83' lang='grc' dir='ltr'>ἢ</span> 
     </span>
    </p>
   </div>
   <div class='ocr_carea' id='block_1_30' title="bbox 2068 1494 3670 1568">
    <p class='ocr_par' dir='ltr' id='par_1_30' title="bbox 2068 1494 3670 1568">
     <span class='ocr_line' id='line_1_30' title="bbox 2068 1494 3670 1568; baseline -0.003 -19"><span class='ocrx_word' id='word_1_191' title='bbox 2068 1498 2339 1568; x_wconf 82' lang='grc' dir='ltr'>ἀργυραῖς</span> <span class='ocrx_word' id='word_1_192' title='bbox 2389 1498 2714 1568; x_wconf 82' lang='grc' dir='ltr'>κιρνῶντες,</span> <span class='ocrx_word' id='word_1_193' title='bbox 2744 1497 2989 1567; x_wconf 77' lang='grc' dir='ltr'>ἐδέχοντο</span> <span class='ocrx_word' id='word_1_194' title='bbox 3031 1497 3129 1567; x_wconf 84' lang='grc' dir='ltr'>μὲν</span> <span class='ocrx_word' id='word_1_195' title='bbox 3182 1496 3330 1567; x_wconf 63' lang='grc' dir='ltr'>παρὰ</span> <span class='ocrx_word' id='word_1_196' title='bbox 3371 1494 3466 1547; x_wconf 82' lang='grc' dir='ltr'><strong>τοῦ</strong></span> <span class='ocrx_word' id='word_1_197' title='bbox 3512 1495 3670 1546; x_wconf 82' lang='grc' dir='ltr'>οἰνο-</span> 
     </span>
    </p>
   </div>
   <div class='ocr_carea' id='block_1_31' title="bbox 2071 1584 3672 1659">
    <p class='ocr_par' dir='ltr' id='par_1_31' title="bbox 2071 1584 3672 1659">
     <span class='ocr_line' id='line_1_31' title="bbox 2071 1584 3672 1659; baseline -0.001 -19"><span class='ocrx_word' id='word_1_198' title='bbox 2071 1587 2195 1656; x_wconf 84' lang='grc' dir='ltr'>χόου</span> <span class='ocrx_word' id='word_1_199' title='bbox 2228 1588 2385 1639; x_wconf 83' lang='grc' dir='ltr'>αύτοί</span> <span class='ocrx_word' id='word_1_200' title='bbox 2406 1604 2418 1615; x_wconf 90' lang='grc'><strong>·</strong></span> <span class='ocrx_word' id='word_1_201' title='bbox 2453 1587 2719 1641; x_wconf 81' lang='grc' dir='ltr'>ἀπέπινον</span> <span class='ocrx_word' id='word_1_202' title='bbox 2747 1587 2804 1641; x_wconf 82' lang='grc' dir='ltr'>δὲ</span> <span class='ocrx_word' id='word_1_203' title='bbox 2837 1588 3031 1659; x_wconf 81' lang='grc' dir='ltr'>μικρὸν</span> <span class='ocrx_word' id='word_1_204' title='bbox 3077 1589 3141 1639; x_wconf 86' lang='grc' dir='ltr'><strong>ὲκ</strong></span> <span class='ocrx_word' id='word_1_205' title='bbox 3174 1586 3275 1656; x_wconf 77' lang='grc' dir='ltr'>τῆς</span> <span class='ocrx_word' id='word_1_206' title='bbox 3304 1584 3552 1649; x_wconf 85' lang='grc' dir='ltr'>κύλικος,</span> <span class='ocrx_word' id='word_1_207' title='bbox 3585 1584 3672 1646; x_wconf 77' lang='grc' dir='ltr'>ὡς</span> 
     </span>
    </p>
   </div>
   <div class='ocr_carea' id='block_1_32' title="bbox 2073 1674 3675 1747">
    <p class='ocr_par' dir='ltr' id='par_1_32' title="bbox 2073 1674 3675 1747">
     <span class='ocr_line' id='line_1_32' title="bbox 2073 1674 3675 1747; baseline -0.002 -18"><span class='ocrx_word' id='word_1_208' title='bbox 2073 1675 2343 1746; x_wconf 90' lang='grc' dir='ltr'>συμϐόλου</span> <span class='ocrx_word' id='word_1_209' title='bbox 2363 1676 2516 1739; x_wconf 74' lang='grc' dir='ltr'>ὄντος</span> <span class='ocrx_word' id='word_1_210' title='bbox 2542 1677 2734 1730; x_wconf 74' lang='grc' dir='ltr'>τούτου</span> <span class='ocrx_word' id='word_1_211' title='bbox 2758 1677 2941 1747; x_wconf 87' lang='grc' dir='ltr'>φιλίας</span> <span class='ocrx_word' id='word_1_212' title='bbox 2978 1676 3203 1746; x_wconf 82' lang='grc' dir='ltr'>πολλῆς,</span> <span class='ocrx_word' id='word_1_213' title='bbox 3245 1676 3341 1729; x_wconf 75' lang='grc' dir='ltr'>καὶ</span> <span class='ocrx_word' id='word_1_214' title='bbox 3366 1674 3491 1727; x_wconf 85' lang='grc' dir='ltr'>τότε</span> <span class='ocrx_word' id='word_1_215' title='bbox 3514 1688 3675 1742; x_wconf 77' lang='lat' dir='ltr'><strong>mp-</strong></span> 
     </span>
    </p>
   </div>
   <div class='ocr_carea' id='block_1_33' title="bbox 393 1758 1966 1845">
    <p class='ocr_par' dir='ltr' id='par_1_33' title="bbox 393 1774 1966 1845">
     <span class='ocr_line' id='line_1_33' title="bbox 393 1774 1966 1845; baseline -0.004 -9"><span class='ocrx_word' id='word_1_216' title='bbox 393 1782 759 1842; x_wconf 88' lang='lat' dir='ltr'><strong>celebrarent,</strong></span> <span class='ocrx_word' id='word_1_217' title='bbox 794 1778 982 1830; x_wconf 88' lang='lat' dir='ltr'><strong>vinum</strong></span> <span class='ocrx_word' id='word_1_218' title='bbox 1026 1777 1081 1829; x_wconf 94' lang='lat' dir='ltr'><strong>in</strong></span> <span class='ocrx_word' id='word_1_219' title='bbox 1120 1775 1306 1829; x_wconf 85' lang='lat' dir='ltr'><strong>aureis</strong></span> <span class='ocrx_word' id='word_1_220' title='bbox 1338 1774 1423 1828; x_wconf 87' lang='lat' dir='ltr'><strong>vel</strong></span> <span class='ocrx_word' id='word_1_221' title='bbox 1456 1774 1736 1845; x_wconf 77' lang='lat' dir='ltr'><strong>argenteis</strong></span> <span class='ocrx_word' id='word_1_222' title='bbox 1772 1774 1966 1844; x_wconf 86' lang='lat' dir='ltr'><strong>phialis</strong></span> 
     </span>
    </p>
   </div>
   <div class='ocr_carea' id='block_1_34' title="bbox 2089 1758 3670 1845">
    <p class='ocr_par' dir='ltr' id='par_1_34' title="bbox 2089 1761 3670 1841">
     <span class='ocr_line' id='line_1_34' title="bbox 2089 1761 3670 1841; baseline -0.003 -19"><span class='ocrx_word' id='word_1_223' title='bbox 2089 1772 2224 1839; x_wconf 76' lang='grc' dir='ltr'>εἰχον</span> <span class='ocrx_word' id='word_1_224' title='bbox 2248 1761 2294 1836; x_wconf 82' lang='grc' dir='ltr'>ᾧ</span> <span class='ocrx_word' id='word_1_225' title='bbox 2320 1768 2387 1822; x_wconf 76' lang='grc' dir='ltr'>ἂν</span> <span class='ocrx_word' id='word_1_226' title='bbox 2418 1768 2710 1838; x_wconf 80' lang='grc' dir='ltr'>ἠϐούλοντο</span> <span class='ocrx_word' id='word_1_227' title='bbox 2730 1812 2744 1834; x_wconf 95' lang='grc'><strong>,</strong></span> <span class='ocrx_word' id='word_1_228' title='bbox 2773 1770 3120 1841; x_wconf 81' lang='grc' dir='ltr'>χαριζόμενοι</span> <span class='ocrx_word' id='word_1_229' title='bbox 3164 1769 3259 1822; x_wconf 70' lang='grc' dir='ltr'>καὶ</span> <span class='ocrx_word' id='word_1_230' title='bbox 3289 1767 3388 1838; x_wconf 81' lang='grc' dir='ltr'>τὴν</span> <span class='ocrx_word' id='word_1_231' title='bbox 3434 1765 3670 1819; x_wconf 82' lang='grc' dir='ltr'>κύλικα.</span> 
     </span>
    </p>
   </div>
   <div class='ocr_carea' id='block_1_35' title="bbox 394 1857 1966 1941">
    <p class='ocr_par' dir='ltr' id='par_1_35' title="bbox 394 1864 1966 1941">
     <span class='ocr_line' id='line_1_35' title="bbox 394 1864 1966 1941; baseline -0.007 -15"><span class='ocrx_word' id='word_1_232' title='bbox 394 1879 757 1941; x_wconf 78' lang='lat' dir='ltr'><strong>teniperatum</strong></span> <span class='ocrx_word' id='word_1_233' title='bbox 795 1884 825 1922; x_wconf 93' lang='lat' dir='ltr'><strong>a</strong></span> <span class='ocrx_word' id='word_1_234' title='bbox 876 1867 1198 1939; x_wconf 80' lang='lat' dir='ltr'><strong>pocillatore</strong></span> <span class='ocrx_word' id='word_1_235' title='bbox 1238 1864 1460 1934; x_wconf 85' lang='lat' dir='ltr'><strong>quidem</strong></span> <span class='ocrx_word' id='word_1_236' title='bbox 1495 1864 1598 1934; x_wconf 90' lang='lat' dir='ltr'><strong>ipsi</strong></span> <span class='ocrx_word' id='word_1_237' title='bbox 1640 1864 1966 1933; x_wconf 84' lang='lat' dir='ltr'><strong>acciperent,</strong></span> 
     </span>
    </p>
   </div>
   <div class='ocr_carea' id='block_1_36' title="bbox 2089 1857 3676 1941">
    <p class='ocr_par' dir='ltr' id='par_1_36' title="bbox 2089 1857 3676 1933">
     <span class='ocr_line' id='line_1_36' title="bbox 2089 1857 3676 1933; baseline -0.003 -20"><span class='ocrx_word' id='word_1_238' title='bbox 2089 1862 2191 1914; x_wconf 69' lang='grc' dir='ltr'>Καὶ</span> <span class='ocrx_word' id='word_1_239' title='bbox 2241 1861 2490 1914; x_wconf 77' lang='grc' dir='ltr'>ἐκαλεῖτο</span> <span class='ocrx_word' id='word_1_240' title='bbox 2549 1862 2649 1933; x_wconf 82' lang='grc' dir='ltr'><strong>μὲν</strong></span> <span class='ocrx_word' id='word_1_241' title='bbox 2703 1863 2837 1915; x_wconf 83' lang='grc' dir='ltr'>αὐτὸ</span> <span class='ocrx_word' id='word_1_242' title='bbox 2878 1863 3071 1926; x_wconf 86' lang='grc' dir='ltr'>τοῦτο,</span> <span class='ocrx_word' id='word_1_243' title='bbox 3123 1862 3439 1929; x_wconf 77' lang='grc' dir='ltr'>προπίνειν</span> <span class='ocrx_word' id='word_1_244' title='bbox 3478 1875 3492 1889; x_wconf 76' lang='grc' dir='ltr'><strong>ο</strong></span> <span class='ocrx_word' id='word_1_245' title='bbox 3530 1860 3569 1928; x_wconf 82' lang='grc' dir='ltr'><strong>ἡ</strong></span> <span class='ocrx_word' id='word_1_246' title='bbox 3613 1857 3676 1909; x_wconf 79' lang='grc' dir='ltr'>δὲ</span> 
     </span>
    </p>
   </div>
   <div class='ocr_carea' id='block_1_37' title="bbox 396 1952 1966 2033">
    <p class='ocr_par' dir='ltr' id='par_1_37' title="bbox 396 1957 1966 2033">
     <span class='ocr_line' id='line_1_37' title="bbox 396 1957 1966 2033; baseline -0.005 -16"><span class='ocrx_word' id='word_1_247' title='bbox 396 1972 565 2033; x_wconf 88' lang='lat' dir='ltr'><strong>atque</strong></span> <span class='ocrx_word' id='word_1_248' title='bbox 593 1963 646 2015; x_wconf 89' lang='lat' dir='ltr'><strong>in</strong></span> <span class='ocrx_word' id='word_1_249' title='bbox 684 1962 915 2016; x_wconf 70' lang='lat' dir='ltr'><strong>sincera:</strong></span> <span class='ocrx_word' id='word_1_250' title='bbox 943 1960 1200 2013; x_wconf 70' lang='lat' dir='ltr'><strong>amicitia:</strong></span> <span class='ocrx_word' id='word_1_251' title='bbox 1228 1958 1444 2028; x_wconf 89' lang='lat' dir='ltr'><strong>signum</strong></span> <span class='ocrx_word' id='word_1_252' title='bbox 1474 1957 1729 2012; x_wconf 87' lang='lat' dir='ltr'><strong>nonnihil</strong></span> <span class='ocrx_word' id='word_1_253' title='bbox 1760 1973 1791 2011; x_wconf 90' lang='lat' dir='ltr'><strong>e</strong></span> <span class='ocrx_word' id='word_1_254' title='bbox 1818 1970 1966 2026; x_wconf 87' lang='lat' dir='ltr'><strong>pocu-</strong></span> 
     </span>
    </p>
   </div>
   <div class='ocr_carea' id='block_1_38' title="bbox 2089 1952 3679 2033">
    <p class='ocr_par' dir='ltr' id='par_1_38' title="bbox 2089 1952 3679 2027">
     <span class='ocr_line' id='line_1_38' title="bbox 2089 1952 3679 2027; baseline -0.004 -18"><span class='ocrx_word' id='word_1_255' title='bbox 2089 1954 2280 2024; x_wconf 72' lang='grc' dir='ltr'>ἡμέρα,</span> <span class='ocrx_word' id='word_1_256' title='bbox 2305 1954 2651 2023; x_wconf 73' lang='grc' dir='ltr'>φιλοτήσια.</span> <span class='ocrx_word' id='word_1_257' title='bbox 2694 1956 2769 2008; x_wconf 84' lang='grc' dir='ltr'>Τὸ</span> <span class='ocrx_word' id='word_1_258' title='bbox 2791 1956 2848 2009; x_wconf 87' lang='grc' dir='ltr'>δὲ</span> <span class='ocrx_word' id='word_1_259' title='bbox 2878 1955 3251 2027; x_wconf 75' lang='grc' dir='ltr'>λαρυγγίζειν,</span> <span class='ocrx_word' id='word_1_260' title='bbox 3286 1952 3518 2025; x_wconf 86' lang='grc' dir='ltr'>μίμησίς</span> <span class='ocrx_word' id='word_1_261' title='bbox 3548 1953 3679 2003; x_wconf 71' lang='grc' dir='ltr'>ἐστι</span> 
     </span>
    </p>
   </div>
   <div class='ocr_carea' id='block_1_39' title="bbox 399 2040 1966 2120">
    <p class='ocr_par' dir='ltr' id='par_1_39' title="bbox 399 2048 1966 2120">
     <span class='ocr_line' id='line_1_39' title="bbox 399 2048 1966 2120; baseline -0.006 -11"><span class='ocrx_word' id='word_1_262' title='bbox 399 2054 453 2109; x_wconf 90' lang='lat' dir='ltr'><strong>lo</strong></span> <span class='ocrx_word' id='word_1_263' title='bbox 484 2053 790 2115; x_wconf 89' lang='lat' dir='ltr'><strong>haurirent,</strong></span> <span class='ocrx_word' id='word_1_264' title='bbox 822 2067 887 2105; x_wconf 89' lang='lat' dir='ltr'><strong>ac</strong></span> <span class='ocrx_word' id='word_1_265' title='bbox 920 2060 1111 2120; x_wconf 89' lang='lat' dir='ltr'><strong>postea</strong></span> <span class='ocrx_word' id='word_1_266' title='bbox 1140 2050 1228 2109; x_wconf 88' lang='lat' dir='ltr'><strong>cui</strong></span> <span class='ocrx_word' id='word_1_267' title='bbox 1253 2051 1433 2105; x_wconf 90' lang='lat' dir='ltr'><strong>visum</strong></span> <span class='ocrx_word' id='word_1_268' title='bbox 1460 2049 1594 2118; x_wconf 89' lang='lat' dir='ltr'><strong>ipsis</strong></span> <span class='ocrx_word' id='word_1_269' title='bbox 1631 2048 1848 2112; x_wconf 80' lang='lat' dir='ltr'><strong>fuisset,</strong></span> <span class='ocrx_word' id='word_1_270' title='bbox 1884 2062 1966 2116; x_wconf 78' lang='lat' dir='ltr'><strong>po</strong></span> 
     </span>
    </p>
   </div>
   <div class='ocr_carea' id='block_1_40' title="bbox 2089 2040 3680 2120">
    <p class='ocr_par' dir='ltr' id='par_1_40' title="bbox 2089 2040 3680 2118">
     <span class='ocr_line' id='line_1_40' title="bbox 2089 2040 3680 2118; baseline -0.003 -21"><span class='ocrx_word' id='word_1_271' title='bbox 2089 2044 2285 2114; x_wconf 71' lang='grc' dir='ltr'>φωνῆς,</span> <span class='ocrx_word' id='word_1_272' title='bbox 2312 2045 2441 2099; x_wconf 84' lang='grc' dir='ltr'>ὅταν</span> <span class='ocrx_word' id='word_1_273' title='bbox 2472 2063 2558 2109; x_wconf 91' lang='grc' dir='ltr'><strong>τις</strong></span> <span class='ocrx_word' id='word_1_274' title='bbox 2606 2048 3035 2118; x_wconf 81' lang='grc' dir='ltr'>ὲπιτερπόμενος</span> <span class='ocrx_word' id='word_1_275' title='bbox 3068 2040 3147 2109; x_wconf 77' lang='grc' dir='ltr'>οἷς</span> <span class='ocrx_word' id='word_1_276' title='bbox 3181 2045 3349 2114; x_wconf 82' lang='grc' dir='ltr'>λέγει,</span> <span class='ocrx_word' id='word_1_277' title='bbox 3373 2042 3680 2114; x_wconf 79' lang='grc' dir='ltr'>ἑπιϐήσ,σει</span> 
     </span>
    </p>
   </div>
   <div class='ocr_carea' id='block_1_41' title="bbox 398 2132 1966 2211">
    <p class='ocr_par' dir='ltr' id='par_1_41' title="bbox 398 2136 1966 2211">
     <span class='ocr_line' id='line_1_41' title="bbox 398 2136 1966 2211; baseline -0.008 -10"><span class='ocrx_word' id='word_1_278' title='bbox 398 2143 585 2201; x_wconf 82' lang='lat' dir='ltr'><strong>culum</strong></span> <span class='ocrx_word' id='word_1_279' title='bbox 611 2142 939 2211; x_wconf 60' lang='lat' dir='ltr'><strong>praberent.</strong></span> <span class='ocrx_word' id='word_1_280' title='bbox 972 2140 1139 2209; x_wconf 86' lang='lat' dir='ltr'><strong>quue</strong></span> <span class='ocrx_word' id='word_1_281' title='bbox 1161 2141 1454 2209; x_wconf 83' lang='lat' dir='ltr'><strong>propinare</strong></span> <span class='ocrx_word' id='word_1_282' title='bbox 1476 2138 1801 2199; x_wconf 82' lang='lat' dir='ltr'><strong>vocabatur,</strong></span> <span class='ocrx_word' id='word_1_283' title='bbox 1831 2136 1966 2206; x_wconf 78' lang='lat' dir='ltr'><strong>quod</strong></span> 
     </span>
    </p>
   </div>
   <div class='ocr_carea' id='block_1_42' title="bbox 2089 2132 3683 2211">
    <p class='ocr_par' dir='ltr' id='par_1_42' title="bbox 2089 2132 3683 2209">
     <span class='ocr_line' id='line_1_42' title="bbox 2089 2132 3683 2209; baseline -0.011 -9"><span class='ocrx_word' id='word_1_284' title='bbox 2089 2151 2198 2198; x_wconf 81' lang='grc' dir='ltr'><strong>πως</strong></span> <span class='ocrx_word' id='word_1_285' title='bbox 2241 2138 2307 2207; x_wconf 80' lang='grc' dir='ltr'><strong>τῇ</strong></span> <span class='ocrx_word' id='word_1_286' title='bbox 2340 2140 2495 2208; x_wconf 84' lang='grc' dir='ltr'>φωνῇ</span> <span class='ocrx_word' id='word_1_287' title='bbox 2540 2138 2635 2191; x_wconf 79' lang='grc' dir='ltr'>καὶ</span> <span class='ocrx_word' id='word_1_288' title='bbox 2671 2142 2846 2191; x_wconf 87' lang='grc' dir='ltr'>στενοῖ</span> <span class='ocrx_word' id='word_1_289' title='bbox 2877 2138 3067 2209; x_wconf 82' lang='grc' dir='ltr'>αὐτὴν,</span> <span class='ocrx_word' id='word_1_290' title='bbox 3105 2136 3247 2191; x_wconf 78' lang='grc' dir='ltr'>ὥστε</span> <span class='ocrx_word' id='word_1_291' title='bbox 3291 2136 3468 2190; x_wconf 85' lang='grc' dir='ltr'>δοκεῖν</span> <span class='ocrx_word' id='word_1_292' title='bbox 3498 2137 3563 2188; x_wconf 76' lang='grc' dir='ltr'>ὲν</span> <span class='ocrx_word' id='word_1_293' title='bbox 3591 2132 3683 2204; x_wconf 80' lang='grc' dir='ltr'><strong>τῷ</strong></span> 
     </span>
    </p>
   </div>
   <div class='ocr_carea' id='block_1_43' title="bbox 401 2218 1966 2302">
    <p class='ocr_par' dir='ltr' id='par_1_43' title="bbox 401 2218 1966 2302">
     <span class='ocr_line' id='line_1_43' title="bbox 401 2218 1966 2302; baseline -0.008 -14"><span class='ocrx_word' id='word_1_294' title='bbox 401 2249 503 2289; x_wconf 85' lang='lat' dir='ltr'><strong>nos</strong></span> <span class='ocrx_word' id='word_1_295' title='bbox 531 2231 867 2302; x_wconf 81' lang='grc' dir='ltr'>φιλοτησίαν,</span> <span class='ocrx_word' id='word_1_296' title='bbox 906 2230 959 2285; x_wconf 86' lang='lat' dir='ltr'><strong>id</strong></span> <span class='ocrx_word' id='word_1_297' title='bbox 1006 2218 1112 2291; x_wconf 80' lang='lat' dir='ltr'><strong>est,</strong></span> <span class='ocrx_word' id='word_1_298' title='bbox 1147 2228 1216 2282; x_wconf 86' lang='lat' dir='ltr'><strong>ad</strong></span> <span class='ocrx_word' id='word_1_299' title='bbox 1262 2229 1563 2297; x_wconf 83' lang='lat' dir='ltr'><strong>potandum</strong></span> <span class='ocrx_word' id='word_1_300' title='bbox 1600 2226 1966 2280; x_wconf 77' lang='lat' dir='ltr'><strong>invitationem</strong></span> 
     </span>
    </p>
   </div>
   <div class='ocr_carea' id='block_1_44' title="bbox 2089 2218 3028 2302">
    <p class='ocr_par' dir='ltr' id='par_1_44' title="bbox 2089 2223 3028 2299">
     <span class='ocr_line' id='line_1_44' title="bbox 2089 2223 3028 2299; baseline 0.009 -24"><span class='ocrx_word' id='word_1_301' title='bbox 2089 2223 2310 2295; x_wconf 71' lang='grc' dir='ltr'>λάρυγγι</span> <span class='ocrx_word' id='word_1_302' title='bbox 2333 2226 2502 2298; x_wconf 76' lang='grc' dir='ltr'>αὐτὴν</span> <span class='ocrx_word' id='word_1_303' title='bbox 2529 2228 3028 2299; x_wconf 84' lang='grc' dir='ltr'>παρακατέχεσθαι.</span> 
     </span>
    </p>
   </div>
   <div class='ocr_carea' id='block_1_45' title="bbox 402 2316 3684 2396">
    <p class='ocr_par' dir='ltr' id='par_1_45' title="bbox 402 2316 3684 2396">
     <span class='ocr_line' id='line_1_45' title="bbox 402 2316 3684 2396; baseline -0.003 -16"><span class='ocrx_word' id='word_1_304' title='bbox 402 2326 761 2396; x_wconf 81' lang='lat' dir='ltr'><strong>appellamus.</strong></span> <span class='ocrx_word' id='word_1_305' title='bbox 795 2324 865 2375; x_wconf 80' lang='lat' dir='ltr'><strong>At</strong></span> <span class='ocrx_word' id='word_1_306' title='bbox 900 2336 1032 2376; x_wconf 89' lang='lat' dir='ltr'><strong>vero</strong></span> <span class='ocrx_word' id='word_1_307' title='bbox 1075 2320 1428 2391; x_wconf 80' lang='grc' dir='ltr'>λαρυγγίζειν</span> <span class='ocrx_word' id='word_1_308' title='bbox 1456 2320 1690 2374; x_wconf 87' lang='lat' dir='ltr'><strong>imitatio</strong></span> <span class='ocrx_word' id='word_1_309' title='bbox 1737 2316 1983 2388; x_wconf 72' lang='lat' dir='ltr'><strong>quaedam</strong></span> <span class='ocrx_word' id='word_1_310' title='bbox 2024 2317 2173 2371; x_wconf 87' lang='lat' dir='ltr'><strong>vocis</strong></span> <span class='ocrx_word' id='word_1_311' title='bbox 2229 2328 2349 2383; x_wconf 87' lang='lat' dir='ltr'><strong>est,</strong></span> <span class='ocrx_word' id='word_1_312' title='bbox 2394 2336 2520 2375; x_wconf 89' lang='lat' dir='ltr'><strong>cum</strong></span> <span class='ocrx_word' id='word_1_313' title='bbox 2547 2322 2674 2390; x_wconf 87' lang='lat' dir='ltr'><strong>quis</strong></span> <span class='ocrx_word' id='word_1_314' title='bbox 2723 2321 2777 2374; x_wconf 89' lang='lat' dir='ltr'><strong>in</strong></span> <span class='ocrx_word' id='word_1_315' title='bbox 2818 2320 3001 2375; x_wconf 85' lang='lat' dir='ltr'><strong>verbis</strong></span> <span class='ocrx_word' id='word_1_316' title='bbox 3036 2320 3153 2375; x_wconf 89' lang='lat' dir='ltr'><strong>suis</strong></span> <span class='ocrx_word' id='word_1_317' title='bbox 3187 2318 3405 2374; x_wconf 88' lang='lat' dir='ltr'><strong>sibimet</strong></span> <span class='ocrx_word' id='word_1_318' title='bbox 3443 2316 3684 2387; x_wconf 80' lang='lat' dir='ltr'><strong>placens</strong></span> 
     </span>
    </p>
   </div>
   <div class='ocr_carea' id='block_1_46' title="bbox 401 2410 3233 2486">
    <p class='ocr_par' dir='ltr' id='par_1_46' title="bbox 401 2410 3233 2486">
     <span class='ocr_line' id='line_1_46' title="bbox 401 2410 3233 2486; baseline -0.003 -12"><span class='ocrx_word' id='word_1_319' title='bbox 401 2432 593 2474; x_wconf 87' lang='lat' dir='ltr'><strong>vocem</strong></span> <span class='ocrx_word' id='word_1_320' title='bbox 623 2414 1027 2486; x_wconf 88' lang='lat' dir='ltr'><strong>quodammodo</strong></span> <span class='ocrx_word' id='word_1_321' title='bbox 1054 2413 1281 2477; x_wconf 89' lang='lat' dir='ltr'><strong>claudit,</strong></span> <span class='ocrx_word' id='word_1_322' title='bbox 1324 2423 1490 2483; x_wconf 88' lang='lat' dir='ltr'><strong>atque</strong></span> <span class='ocrx_word' id='word_1_323' title='bbox 1516 2414 1571 2467; x_wconf 95' lang='lat' dir='ltr'><strong>in</strong></span> <span class='ocrx_word' id='word_1_324' title='bbox 1604 2422 1899 2483; x_wconf 84' lang='lat' dir='ltr'><strong>angustum</strong></span> <span class='ocrx_word' id='word_1_325' title='bbox 1929 2410 2231 2474; x_wconf 87' lang='lat' dir='ltr'><strong>contrahit,</strong></span> <span class='ocrx_word' id='word_1_326' title='bbox 2259 2425 2316 2467; x_wconf 89' lang='lat' dir='ltr'><strong>ut</strong></span> <span class='ocrx_word' id='word_1_327' title='bbox 2356 2414 2407 2467; x_wconf 92' lang='lat' dir='ltr'><strong>in</strong></span> <span class='ocrx_word' id='word_1_328' title='bbox 2430 2415 2677 2471; x_wconf 79' lang='lat' dir='ltr'><strong>faucibus</strong></span> <span class='ocrx_word' id='word_1_329' title='bbox 2703 2416 2935 2471; x_wconf 87' lang='lat' dir='ltr'><strong>detineri</strong></span> <span class='ocrx_word' id='word_1_330' title='bbox 2965 2414 3233 2469; x_wconf 85' lang='lat' dir='ltr'><strong>videatur.</strong></span> 
     </span>
    </p>
   </div>
   <div class='ocr_carea' id='block_1_47' title="bbox 861 2504 1966 2589">
    <p class='ocr_par' dir='ltr' id='par_1_47' title="bbox 861 2533 1543 2589">
     <span class='ocr_line' id='line_1_47' title="bbox 861 2533 1543 2589; baseline 0 0"><span class='ocrx_word' id='word_1_331' title='bbox 861 2535 950 2589; x_wconf 86' lang='lat'><strong>15.</strong></span> <span class='ocrx_word' id='word_1_332' title='bbox 987 2533 1063 2589; x_wconf 77' lang='lat' dir='ltr'><strong>De</strong></span> <span class='ocrx_word' id='word_1_333' title='bbox 1088 2533 1341 2589; x_wconf 78' lang='lat' dir='ltr'><strong>Minerva:</strong></span> <span class='ocrx_word' id='word_1_334' title='bbox 1376 2534 1543 2589; x_wconf 79' lang='lat' dir='ltr'><strong>tibiis.</strong></span> 
     </span>
    </p>
   </div>
   <div class='ocr_carea' id='block_1_48' title="bbox 2089 2504 3510 2589">
    <p class='ocr_par' dir='ltr' id='par_1_48' title="bbox 2247 2504 3510 2581">
     <span class='ocr_line' id='line_1_48' title="bbox 2247 2504 3510 2581; baseline -0.002 -20"><span class='ocrx_word' id='word_1_335' title='bbox 2247 2516 2326 2562; x_wconf 80' lang='grc' dir='ltr'>ιε’.</span> <span class='ocrx_word' id='word_1_336' title='bbox 2365 2512 2505 2580; x_wconf 80' lang='grc' dir='ltr'>Περὶ</span> <span class='ocrx_word' id='word_1_337' title='bbox 2551 2510 2664 2581; x_wconf 82' lang='grc' dir='ltr'>τῆς</span> <span class='ocrx_word' id='word_1_338' title='bbox 2702 2508 2961 2579; x_wconf 83' lang='grc' dir='ltr'>Ἀθηνᾶς</span> <span class='ocrx_word' id='word_1_339' title='bbox 2990 2509 3089 2563; x_wconf 79' lang='grc' dir='ltr'>καί</span> <span class='ocrx_word' id='word_1_340' title='bbox 3128 2506 3247 2562; x_wconf 74' lang='grc' dir='ltr'><strong>τῶν</strong></span> <span class='ocrx_word' id='word_1_341' title='bbox 3286 2504 3510 2560; x_wconf 76' lang='grc' dir='ltr'>αὐλῶν.</span> 
     </span>
    </p>
   </div>
   <div class='ocr_carea' id='block_1_49' title="bbox 476 2611 1966 2698">
    <p class='ocr_par' dir='ltr' id='par_1_49' title="bbox 476 2611 1966 2698">
     <span class='ocr_line' id='line_1_49' title="bbox 476 2611 1966 2698; baseline -0.001 -17"><span class='ocrx_word' id='word_1_342' title='bbox 476 2627 612 2681; x_wconf 82' lang='lat' dir='ltr'><strong>Cum</strong></span> <span class='ocrx_word' id='word_1_343' title='bbox 647 2625 888 2682; x_wconf 83' lang='lat' dir='ltr'><strong>Minerva</strong></span> <span class='ocrx_word' id='word_1_344' title='bbox 918 2626 1195 2697; x_wconf 88' lang='lat' dir='ltr'><strong>quondam</strong></span> <span class='ocrx_word' id='word_1_345' title='bbox 1223 2627 1375 2681; x_wconf 88' lang='lat' dir='ltr'><strong>tibiis</strong></span> <span class='ocrx_word' id='word_1_346' title='bbox 1406 2626 1600 2682; x_wconf 89' lang='lat' dir='ltr'><strong>ludens</strong></span> <span class='ocrx_word' id='word_1_347' title='bbox 1627 2611 1833 2681; x_wconf 83' lang='lat' dir='ltr'><strong>flumen</strong></span> <span class='ocrx_word' id='word_1_348' title='bbox 1863 2642 1966 2698; x_wconf 84' lang='lat' dir='ltr'><strong>per</strong></span> 
     </span>
    </p>
   </div>
   <div class='ocr_carea' id='block_1_50' title="bbox 2089 2611 3690 2698">
    <p class='ocr_par' dir='ltr' id='par_1_50' title="bbox 2173 2612 3690 2697">
     <span class='ocr_line' id='line_1_50' title="bbox 2173 2612 3690 2697; baseline -0.004 -19"><span class='ocrx_word' id='word_1_349' title='bbox 2173 2625 2375 2697; x_wconf 76' lang='grc' dir='ltr'>Ἀθηνᾶ</span> <span class='ocrx_word' id='word_1_350' title='bbox 2423 2642 2554 2679; x_wconf 91' lang='grc' dir='ltr'>ποτε</span> <span class='ocrx_word' id='word_1_351' title='bbox 2584 2626 2711 2687; x_wconf 81' lang='grc' dir='ltr'>τοὺς</span> <span class='ocrx_word' id='word_1_352' title='bbox 2755 2623 2955 2687; x_wconf 76' lang='grc' dir='ltr'>αὐλοὺς</span> <span class='ocrx_word' id='word_1_353' title='bbox 2993 2620 3268 2684; x_wconf 88' lang='grc' dir='ltr'>λαϐοῦσα,</span> <span class='ocrx_word' id='word_1_354' title='bbox 3301 2615 3449 2686; x_wconf 72' lang='grc' dir='ltr'>παρὰ</span> <span class='ocrx_word' id='word_1_355' title='bbox 3480 2612 3690 2684; x_wconf 82' lang='grc' dir='ltr'>πηγὴν</span> 
     </span>
    </p>
   </div>
   <div class='ocr_carea' id='block_1_51' title="bbox 406 2705 1966 2796">
    <p class='ocr_par' dir='ltr' id='par_1_51' title="bbox 406 2716 1966 2796">
     <span class='ocr_line' id='line_1_51' title="bbox 406 2716 1966 2796; baseline -0.001 -23"><span class='ocrx_word' id='word_1_356' title='bbox 406 2719 685 2781; x_wconf 83' lang='lat' dir='ltr'><strong>transiret,</strong></span> <span class='ocrx_word' id='word_1_357' title='bbox 710 2718 1070 2787; x_wconf 88' lang='lat' dir='ltr'><strong>umbramque</strong></span> <span class='ocrx_word' id='word_1_358' title='bbox 1113 2734 1269 2773; x_wconf 89' lang='lat' dir='ltr'><strong>suam</strong></span> <span class='ocrx_word' id='word_1_359' title='bbox 1317 2719 1628 2789; x_wconf 88' lang='lat' dir='ltr'><strong>buccasque</strong></span> <span class='ocrx_word' id='word_1_360' title='bbox 1674 2716 1893 2796; x_wconf 74' lang='lat' dir='ltr'><strong>inflatas</strong></span> <span class='ocrx_word' id='word_1_361' title='bbox 1933 2718 1966 2772; x_wconf 79' lang='lat' dir='ltr'><strong>it</strong></span> 
     </span>
    </p>
   </div>
   <div class='ocr_carea' id='block_1_52' title="bbox 2089 2705 3691 2796">
    <p class='ocr_par' dir='ltr' id='par_1_52' title="bbox 2092 2705 3691 2796">
     <span class='ocr_line' id='line_1_52' title="bbox 2092 2705 3691 2796; baseline -0.009 -24"><span class='ocrx_word' id='word_1_362' title='bbox 2092 2720 2360 2790; x_wconf 75' lang='grc' dir='ltr'>ισταμένη</span> <span class='ocrx_word' id='word_1_363' title='bbox 2410 2718 2598 2789; x_wconf 77' lang='grc' dir='ltr'>ηὖλισε</span> <span class='ocrx_word' id='word_1_364' title='bbox 2627 2735 2642 2749; x_wconf 78' lang='grc' dir='ltr'><strong>ο</strong></span> <span class='ocrx_word' id='word_1_365' title='bbox 2677 2716 2991 2787; x_wconf 81' lang='grc' dir='ltr'>θεασαμένη</span> <span class='ocrx_word' id='word_1_366' title='bbox 3046 2713 3103 2766; x_wconf 77' lang='grc' dir='ltr'>δὲ</span> <span class='ocrx_word' id='word_1_367' title='bbox 3151 2714 3208 2765; x_wconf 82' lang='grc' dir='ltr'>ὲν</span> <span class='ocrx_word' id='word_1_368' title='bbox 3250 2708 3327 2779; x_wconf 81' lang='grc' dir='ltr'>τῷ</span> <span class='ocrx_word' id='word_1_369' title='bbox 3370 2708 3540 2796; x_wconf 52' lang='grc' dir='ltr'>ὓδατιᾷ</span> <span class='ocrx_word' id='word_1_370' title='bbox 3571 2705 3691 2774; x_wconf 79' lang='grc' dir='ltr'>τὴν</span> 
     </span>
    </p>
   </div>
   <div class='ocr_carea' id='block_1_53' title="bbox 408 2794 1966 2880">
    <p class='ocr_par' dir='ltr' id='par_1_53' title="bbox 408 2794 1966 2880">
     <span class='ocr_line' id='line_1_53' title="bbox 408 2794 1966 2880; baseline 0.001 -18"><span class='ocrx_word' id='word_1_371' title='bbox 408 2810 569 2879; x_wconf 86' lang='lat' dir='ltr'><strong>aquis</strong></span> <span class='ocrx_word' id='word_1_372' title='bbox 595 2811 996 2880; x_wconf 80' lang='lat' dir='ltr'><strong>conspexisset,</strong></span> <span class='ocrx_word' id='word_1_373' title='bbox 1039 2811 1110 2864; x_wconf 93' lang='lat' dir='ltr'><strong>ob</strong></span> <span class='ocrx_word' id='word_1_374' title='bbox 1145 2811 1309 2878; x_wconf 89' lang='lat' dir='ltr'><strong>idque</strong></span> <span class='ocrx_word' id='word_1_375' title='bbox 1340 2810 1444 2863; x_wconf 88' lang='lat' dir='ltr'><strong>sibi</strong></span> <span class='ocrx_word' id='word_1_376' title='bbox 1474 2810 1592 2879; x_wconf 89' lang='lat' dir='ltr'><strong>ipsa</strong></span> <span class='ocrx_word' id='word_1_377' title='bbox 1623 2794 1803 2879; x_wconf 78' lang='lat' dir='ltr'><strong>turpis</strong></span> <span class='ocrx_word' id='word_1_378' title='bbox 1838 2809 1966 2864; x_wconf 87' lang='lat' dir='ltr'><strong>vide</strong></span> 
     </span>
    </p>
   </div>
   <div class='ocr_carea' id='block_1_54' title="bbox 2089 2794 3688 2880">
    <p class='ocr_par' dir='ltr' id='par_1_54' title="bbox 2091 2794 3688 2880">
     <span class='ocr_line' id='line_1_54' title="bbox 2091 2794 3688 2880; baseline -0.003 -17"><span class='ocrx_word' id='word_1_379' title='bbox 2091 2811 2292 2880; x_wconf 79' lang='grc' dir='ltr'>ἑαυτῆς</span> <span class='ocrx_word' id='word_1_380' title='bbox 2343 2811 2523 2874; x_wconf 74' lang='grc' dir='ltr'>σκιὰν,</span> <span class='ocrx_word' id='word_1_381' title='bbox 2572 2806 2963 2877; x_wconf 81' lang='grc' dir='ltr'>πεφυσημένας</span> <span class='ocrx_word' id='word_1_382' title='bbox 3010 2803 3240 2873; x_wconf 79' lang='grc' dir='ltr'>ἔχουσαν</span> <span class='ocrx_word' id='word_1_383' title='bbox 3273 2800 3372 2862; x_wconf 76' lang='grc' dir='ltr'>τὰς</span> <span class='ocrx_word' id='word_1_384' title='bbox 3415 2794 3688 2865; x_wconf 65' lang='grc' dir='ltr'>γνάθους,</span> 
     </span>
    </p>
   </div>
   <div class='ocr_carea' id='block_1_55' title="bbox 407 2885 1966 2973">
    <p class='ocr_par' dir='ltr' id='par_1_55' title="bbox 407 2898 1966 2971">
     <span class='ocr_line' id='line_1_55' title="bbox 407 2898 1966 2971; baseline -0.001 -17"><span class='ocrx_word' id='word_1_385' title='bbox 407 2909 562 2954; x_wconf 76' lang='lat' dir='ltr'><strong>retur</strong></span> <span class='ocrx_word' id='word_1_386' title='bbox 587 2917 599 2954; x_wconf 89' lang='lat'><strong>:</strong></span> <span class='ocrx_word' id='word_1_387' title='bbox 635 2900 821 2966; x_wconf 91' lang='lat' dir='ltr'><strong>tibias,</strong></span> <span class='ocrx_word' id='word_1_388' title='bbox 849 2912 908 2954; x_wconf 91' lang='lat' dir='ltr'><strong>ut</strong></span> <span class='ocrx_word' id='word_1_389' title='bbox 935 2899 1305 2956; x_wconf 79' lang='lat' dir='ltr'><strong>deformitatis</strong></span> <span class='ocrx_word' id='word_1_390' title='bbox 1334 2916 1561 2956; x_wconf 89' lang='lat' dir='ltr'><strong>causam</strong></span> <span class='ocrx_word' id='word_1_391' title='bbox 1595 2900 1818 2971; x_wconf 73' lang='lat' dir='ltr'><strong>abiecit.</strong></span> <span class='ocrx_word' id='word_1_392' title='bbox 1846 2898 1966 2954; x_wconf 87' lang='lat' dir='ltr'><strong>Cuu</strong></span> 
     </span>
    </p>
   </div>
   <div class='ocr_carea' id='block_1_56' title="bbox 2089 2885 3692 2973">
    <p class='ocr_par' dir='ltr' id='par_1_56' title="bbox 2093 2885 3692 2973">
     <span class='ocr_line' id='line_1_56' title="bbox 2093 2885 3692 2973; baseline -0.013 -16"><span class='ocrx_word' id='word_1_393' title='bbox 2093 2903 2186 2956; x_wconf 77' lang='grc' dir='ltr'>καὶ</span> <span class='ocrx_word' id='word_1_394' title='bbox 2221 2904 2490 2973; x_wconf 81' lang='grc' dir='ltr'>ἀπρεπεῖς</span> <span class='ocrx_word' id='word_1_395' title='bbox 2516 2903 2581 2954; x_wconf 84' lang='grc' dir='ltr'><strong>ὲκ</strong></span> <span class='ocrx_word' id='word_1_396' title='bbox 2612 2900 2804 2953; x_wconf 89' lang='grc' dir='ltr'>τούτου</span> <span class='ocrx_word' id='word_1_397' title='bbox 2828 2891 3390 2967; x_wconf 70' lang='grc' dir='ltr'>φαινομένας,ἐρῤιψε</span> <span class='ocrx_word' id='word_1_398' title='bbox 3420 2888 3546 2951; x_wconf 83' lang='grc' dir='ltr'>τοὺς</span> <span class='ocrx_word' id='word_1_399' title='bbox 3576 2885 3692 2939; x_wconf 78' lang='grc' dir='ltr'>αύ-</span> 
     </span>
    </p>
   </div>
   <div class='ocr_carea' id='block_1_57' title="bbox 408 2975 1966 3067">
    <p class='ocr_par' dir='ltr' id='par_1_57' title="bbox 408 2991 1965 3062">
     <span class='ocr_line' id='line_1_57' title="bbox 408 2991 1965 3062; baseline 0.001 -17"><span class='ocrx_word' id='word_1_400' title='bbox 408 2992 556 3045; x_wconf 89' lang='lat' dir='ltr'><strong>enim</strong></span> <span class='ocrx_word' id='word_1_401' title='bbox 589 2993 716 3062; x_wconf 91' lang='lat' dir='ltr'><strong>quis</strong></span> <span class='ocrx_word' id='word_1_402' title='bbox 755 2992 889 3045; x_wconf 85' lang='lat' dir='ltr'><strong>tibia</strong></span> <span class='ocrx_word' id='word_1_403' title='bbox 935 2992 1104 3059; x_wconf 87' lang='lat' dir='ltr'><strong>canit,</strong></span> <span class='ocrx_word' id='word_1_404' title='bbox 1156 2991 1319 3046; x_wconf 79' lang='lat' dir='ltr'><strong>ﬂatus</strong></span> <span class='ocrx_word' id='word_1_405' title='bbox 1372 2994 1625 3047; x_wconf 79' lang='lat' dir='ltr'><strong>maxillas</strong></span> <span class='ocrx_word' id='word_1_406' title='bbox 1681 2993 1965 3048; x_wconf 89' lang='lat' dir='ltr'><strong>tumefacit</strong></span> 
     </span>
    </p>
   </div>
   <div class='ocr_carea' id='block_1_58' title="bbox 2089 2975 3695 3067">
    <p class='ocr_par' dir='ltr' id='par_1_58' title="bbox 2093 2975 3695 3067">
     <span class='ocr_line' id='line_1_58' title="bbox 2093 2975 3695 3067; baseline -0.008 -21"><span class='ocrx_word' id='word_1_407' title='bbox 2093 2994 2240 3058; x_wconf 72' lang='grc' dir='ltr'>λοὺς.</span> <span class='ocrx_word' id='word_1_408' title='bbox 2270 2994 2344 3058; x_wconf 86' lang='grc' dir='ltr'>ὼς</span> <span class='ocrx_word' id='word_1_409' title='bbox 2377 2994 2654 3067; x_wconf 86' lang='grc' dir='ltr'>ἀμορφίας</span> <span class='ocrx_word' id='word_1_410' title='bbox 2699 2991 2923 3052; x_wconf 78' lang='grc' dir='ltr'>αἰτίους.</span> <span class='ocrx_word' id='word_1_411' title='bbox 2966 2988 3054 3041; x_wconf 86' lang='grc' dir='ltr'><strong>Ἐν</strong></span> <span class='ocrx_word' id='word_1_412' title='bbox 3101 2985 3212 3055; x_wconf 81' lang='grc' dir='ltr'>γὰρ</span> <span class='ocrx_word' id='word_1_413' title='bbox 3253 2981 3332 3052; x_wconf 83' lang='grc' dir='ltr'><strong>τῷ</strong></span> <span class='ocrx_word' id='word_1_414' title='bbox 3379 2979 3587 3038; x_wconf 79' lang='grc' dir='ltr'>αὐλεῖν.</span> <span class='ocrx_word' id='word_1_415' title='bbox 3618 2975 3695 3028; x_wconf 75' lang='grc' dir='ltr'><strong>τὸ</strong></span> 
     </span>
    </p>
   </div>
   <div class='ocr_carea' id='block_1_59' title="bbox 408 3069 1966 3171">
    <p class='ocr_par' dir='ltr' id='par_1_59' title="bbox 408 3084 1966 3155">
     <span class='ocr_line' id='line_1_59' title="bbox 408 3084 1966 3155; baseline 0.001 -18"><span class='ocrx_word' id='word_1_416' title='bbox 408 3084 759 3153; x_wconf 84' lang='lat' dir='ltr'><strong>lusoremque</strong></span> <span class='ocrx_word' id='word_1_417' title='bbox 790 3084 1089 3140; x_wconf 82' lang='lat' dir='ltr'><strong>deformem</strong></span> <span class='ocrx_word' id='word_1_418' title='bbox 1132 3084 1328 3139; x_wconf 90' lang='lat' dir='ltr'><strong>reddit.</strong></span> <span class='ocrx_word' id='word_1_419' title='bbox 1366 3084 1476 3141; x_wconf 89' lang='lat' dir='ltr'><strong>llas</strong></span> <span class='ocrx_word' id='word_1_420' title='bbox 1506 3100 1672 3155; x_wconf 91' lang='lat' dir='ltr'><strong>porro</strong></span> <span class='ocrx_word' id='word_1_421' title='bbox 1703 3085 1864 3141; x_wconf 87' lang='lat' dir='ltr'><strong>tibias</strong></span> <span class='ocrx_word' id='word_1_422' title='bbox 1904 3086 1966 3139; x_wconf 88' lang='lat' dir='ltr'><strong>in</strong></span> 
     </span>
    </p>
   </div>
   <div class='ocr_carea' id='block_1_60' title="bbox 2089 3069 3694 3171">
    <p class='ocr_par' dir='ltr' id='par_1_60' title="bbox 2097 3069 3694 3171">
     <span class='ocr_line' id='line_1_60' title="bbox 2097 3069 3694 3171; baseline -0.006 -31"><span class='ocrx_word' id='word_1_423' title='bbox 2097 3086 2313 3156; x_wconf 84' lang='grc' dir='ltr'>πνεῦμα</span> <span class='ocrx_word' id='word_1_424' title='bbox 2347 3086 2563 3154; x_wconf 80' lang='grc' dir='ltr'>ἐξογκοῖ</span> <span class='ocrx_word' id='word_1_425' title='bbox 2582 3084 2679 3147; x_wconf 83' lang='grc' dir='ltr'>τὰς</span> <span class='ocrx_word' id='word_1_426' title='bbox 2707 3080 2938 3152; x_wconf 83' lang='grc' dir='ltr'>γνάθους</span> <span class='ocrx_word' id='word_1_427' title='bbox 2959 3078 3053 3133; x_wconf 72' lang='grc' dir='ltr'><strong>καὶ</strong></span> <span class='ocrx_word' id='word_1_428' title='bbox 3076 3076 3368 3171; x_wconf 38' lang='grc' dir='ltr'>ἀμόρφους.</span> <span class='ocrx_word' id='word_1_429' title='bbox 3383 3072 3524 3171; x_wconf 62' lang='grc' dir='ltr'>ποιεῖ</span> <span class='ocrx_word' id='word_1_430' title='bbox 3549 3069 3694 3130; x_wconf 76' lang='grc' dir='ltr'>τοὺς</span> 
     </span>
    </p>
   </div>
   <div class='ocr_carea' id='block_1_61' title="bbox 410 3162 1966 3248">
    <p class='ocr_par' dir='ltr' id='par_1_61' title="bbox 410 3175 1966 3248">
     <span class='ocr_line' id='line_1_61' title="bbox 410 3175 1966 3248; baseline 0.001 -18"><span class='ocrx_word' id='word_1_431' title='bbox 410 3177 626 3232; x_wconf 88' lang='lat' dir='ltr'><strong>venisse</strong></span> <span class='ocrx_word' id='word_1_432' title='bbox 652 3175 923 3248; x_wconf 84' lang='lat' dir='ltr'><strong>Marsyam</strong></span> <span class='ocrx_word' id='word_1_433' title='bbox 948 3177 1151 3241; x_wconf 87' lang='lat' dir='ltr'><strong>ferunt,</strong></span> <span class='ocrx_word' id='word_1_434' title='bbox 1178 3186 1345 3247; x_wconf 83' lang='lat' dir='ltr'><strong>atque</strong></span> <span class='ocrx_word' id='word_1_435' title='bbox 1387 3176 1547 3230; x_wconf 91' lang='lat' dir='ltr'><strong>initio</strong></span> <span class='ocrx_word' id='word_1_436' title='bbox 1579 3192 1705 3231; x_wconf 78' lang='lat' dir='ltr'><strong>cum</strong></span> <span class='ocrx_word' id='word_1_437' title='bbox 1740 3177 1966 3247; x_wconf 30' lang='lat' dir='ltr'><strong>Apollin‘</strong></span> 
     </span>
    </p>
   </div>
   <div class='ocr_carea' id='block_1_62' title="bbox 2089 3162 3695 3248">
    <p class='ocr_par' dir='ltr' id='par_1_62' title="bbox 2095 3162 3695 3243">
     <span class='ocr_line' id='line_1_62' title="bbox 2095 3162 3695 3243; baseline -0.014 -10"><span class='ocrx_word' id='word_1_438' title='bbox 2095 3179 2413 3242; x_wconf 76' lang='grc' dir='ltr'>αὐλοῦντας.</span> <span class='ocrx_word' id='word_1_439' title='bbox 2446 3176 2679 3239; x_wconf 83' lang='grc' dir='ltr'>Τούτους</span> <span class='ocrx_word' id='word_1_440' title='bbox 2732 3175 2860 3237; x_wconf 80' lang='grc' dir='ltr'>τοὺς</span> <span class='ocrx_word' id='word_1_441' title='bbox 2916 3171 3173 3243; x_wconf 79' lang='grc' dir='ltr'>ῥιφέντας</span> <span class='ocrx_word' id='word_1_442' title='bbox 3223 3165 3418 3227; x_wconf 79' lang='grc' dir='ltr'>αὐλοὺς</span> <span class='ocrx_word' id='word_1_443' title='bbox 3459 3162 3695 3230; x_wconf 80' lang='grc' dir='ltr'>λέγεται</span> 
     </span>
    </p>
   </div>
   <div class='ocr_carea' id='block_1_63' title="bbox 412 3253 1966 3344">
    <p class='ocr_par' dir='ltr' id='par_1_63' title="bbox 412 3267 1964 3339">
     <span class='ocr_line' id='line_1_63' title="bbox 412 3267 1964 3339; baseline -0.001 -16"><span class='ocrx_word' id='word_1_444' title='bbox 412 3268 551 3331; x_wconf 86' lang='lat' dir='ltr'><strong>artis</strong></span> <span class='ocrx_word' id='word_1_445' title='bbox 581 3270 883 3324; x_wconf 87' lang='lat' dir='ltr'><strong>certamine</strong></span> <span class='ocrx_word' id='word_1_446' title='bbox 927 3268 997 3322; x_wconf 87' lang='lat' dir='ltr'><strong>ab</strong></span> <span class='ocrx_word' id='word_1_447' title='bbox 1040 3284 1106 3323; x_wconf 92' lang='lat' dir='ltr'><strong>eo</strong></span> <span class='ocrx_word' id='word_1_448' title='bbox 1152 3269 1380 3330; x_wconf 78' lang='lat' dir='ltr'><strong>victum,</strong></span> <span class='ocrx_word' id='word_1_449' title='bbox 1423 3276 1588 3339; x_wconf 92' lang='lat' dir='ltr'><strong>atque</strong></span> <span class='ocrx_word' id='word_1_450' title='bbox 1637 3268 1705 3322; x_wconf 88' lang='lat' dir='ltr'><strong>ad</strong></span> <span class='ocrx_word' id='word_1_451' title='bbox 1751 3267 1964 3323; x_wconf 83' lang='lat' dir='ltr'><strong>ﬂumini</strong></span> 
     </span>
    </p>
   </div>
   <div class='ocr_carea' id='block_1_64' title="bbox 2089 3253 3698 3344">
    <p class='ocr_par' dir='ltr' id='par_1_64' title="bbox 2095 3253 3698 3344">
     <span class='ocr_line' id='line_1_64' title="bbox 2095 3253 3698 3344; baseline -0.014 -16"><span class='ocrx_word' id='word_1_452' title='bbox 2095 3273 2363 3344; x_wconf 84' lang='grc' dir='ltr'>Μαρσύας</span> <span class='ocrx_word' id='word_1_453' title='bbox 2402 3270 2716 3343; x_wconf 80' lang='grc' dir='ltr'>εὑρηκέναι,</span> <span class='ocrx_word' id='word_1_454' title='bbox 2749 3268 2845 3322; x_wconf 78' lang='grc' dir='ltr'><strong>καὶ</strong></span> <span class='ocrx_word' id='word_1_455' title='bbox 2884 3265 3065 3337; x_wconf 78' lang='grc' dir='ltr'>ἐρίσαι</span> <span class='ocrx_word' id='word_1_456' title='bbox 3099 3261 3176 3332; x_wconf 84' lang='grc' dir='ltr'>τῷ</span> <span class='ocrx_word' id='word_1_457' title='bbox 3216 3253 3698 3344; x_wconf 81' lang='grc' dir='ltr'>Ἀπόλλωνι,</span> 
     </span>
    </p>
   </div>
   <div class='ocr_carea' id='block_1_65' title="bbox 414 3334 1966 3439">
    <p class='ocr_par' dir='ltr' id='par_1_65' title="bbox 414 3359 1965 3435">
     <span class='ocr_line' id='line_1_65' title="bbox 414 3359 1965 3435; baseline -0.001 -19"><span class='ocrx_word' id='word_1_458' title='bbox 414 3364 590 3434; x_wconf 91' lang='lat' dir='ltr'><strong>ripam</strong></span> <span class='ocrx_word' id='word_1_459' title='bbox 622 3361 967 3416; x_wconf 80' lang='lat' dir='ltr'><strong>excoriatum</strong></span> <span class='ocrx_word' id='word_1_460' title='bbox 1006 3362 1199 3422; x_wconf 81' lang='lat' dir='ltr'><strong>fuisse.</strong></span> <span class='ocrx_word' id='word_1_461' title='bbox 1239 3359 1392 3417; x_wconf 89' lang='lat' dir='ltr'><strong>Unde</strong></span> <span class='ocrx_word' id='word_1_462' title='bbox 1419 3361 1582 3413; x_wconf 87' lang='lat' dir='ltr'><strong>etiam</strong></span> <span class='ocrx_word' id='word_1_463' title='bbox 1617 3359 1862 3435; x_wconf 59' lang='lat' dir='ltr'><strong>Marsyas</strong></span> <span class='ocrx_word' id='word_1_464' title='bbox 1894 3361 1965 3414; x_wconf 86' lang='lat' dir='ltr'><strong>flu</strong></span> 
     </span>
    </p>
   </div>
   <div class='ocr_carea' id='block_1_66' title="bbox 2089 3334 3696 3439">
    <p class='ocr_par' dir='ltr' id='par_1_66' title="bbox 2096 3334 3696 3439">
     <span class='ocr_line' id='line_1_66' title="bbox 2096 3334 3696 3439; baseline -0.016 -20"><span class='ocrx_word' id='word_1_465' title='bbox 2096 3334 2419 3439; x_wconf 63' lang='grc' dir='ltr'>ἡττηθῆναι,</span> <span class='ocrx_word' id='word_1_466' title='bbox 2453 3334 2547 3420; x_wconf 55' lang='lat' dir='ltr'><strong>iui</strong></span> <span class='ocrx_word' id='word_1_467' title='bbox 2580 3360 2880 3431; x_wconf 76' lang='grc' dir='ltr'>ἐκδαρῆναι</span> <span class='ocrx_word' id='word_1_468' title='bbox 2910 3334 3061 3426; x_wconf 67' lang='grc' dir='ltr'>παρὰ</span> <span class='ocrx_word' id='word_1_469' title='bbox 3095 3354 3186 3406; x_wconf 69' lang='grc' dir='ltr'><strong>τὸν</strong></span> <span class='ocrx_word' id='word_1_470' title='bbox 3222 3346 3463 3419; x_wconf 82' lang='grc' dir='ltr'>ποταμόν</span> <span class='ocrx_word' id='word_1_471' title='bbox 3486 3362 3500 3376; x_wconf 77' lang='grc' dir='ltr'><strong>ο</strong></span> <span class='ocrx_word' id='word_1_472' title='bbox 3531 3342 3597 3408; x_wconf 75' lang='grc' dir='ltr'><strong>ἐξ</strong></span> <span class='ocrx_word' id='word_1_473' title='bbox 3622 3334 3696 3395; x_wconf 73' lang='grc' dir='ltr'>οὗ</span> 
     </span>
    </p>
   </div>
   <div class='ocr_carea' id='block_1_67' title="bbox 415 3451 1966 3524">
    <p class='ocr_par' dir='ltr' id='par_1_67' title="bbox 415 3454 885 3523">
     <span class='ocr_line' id='line_1_67' title="bbox 415 3454 885 3523; baseline -0.009 -10"><span class='ocrx_word' id='word_1_474' title='bbox 415 3457 537 3513; x_wconf 78' lang='lat' dir='ltr'><strong>vius</strong></span> <span class='ocrx_word' id='word_1_475' title='bbox 560 3454 885 3523; x_wconf 81' lang='lat' dir='ltr'><strong>appellatur.</strong></span> 
     </span>
    </p>
   </div>
   <div class='ocr_carea' id='block_1_68' title="bbox 2089 3451 2961 3524">
    <p class='ocr_par' dir='ltr' id='par_1_68' title="bbox 2099 3451 2961 3524">
     <span class='ocr_line' id='line_1_68' title="bbox 2099 3451 2961 3524; baseline -0.01 -14"><span class='ocrx_word' id='word_1_476' title='bbox 2099 3457 2363 3524; x_wconf 79' lang='grc' dir='ltr'>Μαρσύας</span> <span class='ocrx_word' id='word_1_477' title='bbox 2390 3458 2418 3508; x_wconf 81' lang='grc' dir='ltr'><strong>ό</strong></span> <span class='ocrx_word' id='word_1_478' title='bbox 2454 3454 2695 3524; x_wconf 81' lang='grc' dir='ltr'>ποταμὸς</span> <span class='ocrx_word' id='word_1_479' title='bbox 2724 3451 2961 3519; x_wconf 79' lang='grc' dir='ltr'>λέγεται.</span> 
     </span>
    </p>
   </div>
   <div class='ocr_carea' id='block_1_69' title="bbox 771 3556 1966 3636">
    <p class='ocr_par' dir='ltr' id='par_1_69' title="bbox 771 3564 1650 3636">
     <span class='ocr_line' id='line_1_69' title="bbox 771 3564 1650 3636; baseline 0.002 -17"><span class='ocrx_word' id='word_1_480' title='bbox 771 3567 859 3621; x_wconf 89' lang='grc'><strong>16.</strong></span> <span class='ocrx_word' id='word_1_481' title='bbox 898 3564 975 3621; x_wconf 88' lang='lat' dir='ltr'><strong>De</strong></span> <span class='ocrx_word' id='word_1_482' title='bbox 1004 3566 1301 3621; x_wconf 75' lang='lat' dir='ltr'><strong>dwmonum</strong></span> <span class='ocrx_word' id='word_1_483' title='bbox 1327 3567 1650 3636; x_wconf 80' lang='lat' dir='ltr'><strong>liguritione.</strong></span> 
     </span>
    </p>
   </div>
   <div class='ocr_carea' id='block_1_70' title="bbox 2089 3556 3395 3636">
    <p class='ocr_par' dir='ltr' id='par_1_70' title="bbox 2376 3556 3395 3634">
     <span class='ocr_line' id='line_1_70' title="bbox 2376 3556 3395 3634; baseline -0.016 -13"><span class='ocrx_word' id='word_1_484' title='bbox 2376 3569 2471 3633; x_wconf 73' lang='grc' dir='ltr'>ις’.</span> <span class='ocrx_word' id='word_1_485' title='bbox 2511 3567 2650 3634; x_wconf 80' lang='grc' dir='ltr'>Περὶ</span> <span class='ocrx_word' id='word_1_486' title='bbox 2686 3565 2805 3618; x_wconf 79' lang='grc' dir='ltr'><strong>τῶν</strong></span> <span class='ocrx_word' id='word_1_487' title='bbox 2826 3564 3055 3632; x_wconf 74' lang='grc' dir='ltr'>λίχνων</span> <span class='ocrx_word' id='word_1_488' title='bbox 3080 3556 3395 3625; x_wconf 77' lang='grc' dir='ltr'><strong>δαιμόνων.</strong></span> 
     </span>
    </p>
   </div>
   <div class='ocr_carea' id='block_1_71' title="bbox 490 3638 1966 3728">
    <p class='ocr_par' dir='ltr' id='par_1_71' title="bbox 490 3656 1966 3727">
     <span class='ocr_line' id='line_1_71' title="bbox 490 3656 1966 3727; baseline -0.002 -14"><span class='ocrx_word' id='word_1_489' title='bbox 490 3659 774 3713; x_wconf 75' lang='lat' dir='ltr'><strong>Dannones</strong></span> <span class='ocrx_word' id='word_1_490' title='bbox 821 3673 1013 3712; x_wconf 91' lang='lat' dir='ltr'><strong>omnes</strong></span> <span class='ocrx_word' id='word_1_491' title='bbox 1077 3656 1472 3711; x_wconf 88' lang='lat' dir='ltr'><strong>sacrificiorum</strong></span> <span class='ocrx_word' id='word_1_492' title='bbox 1524 3657 1812 3713; x_wconf 88' lang='lat' dir='ltr'><strong>nidoribus</strong></span> <span class='ocrx_word' id='word_1_493' title='bbox 1860 3672 1966 3727; x_wconf 85' lang='lat' dir='ltr'><strong>gau</strong></span> 
     </span>
    </p>
   </div>
   <div class='ocr_carea' id='block_1_72' title="bbox 2089 3638 3703 3728">
    <p class='ocr_par' dir='ltr' id='par_1_72' title="bbox 2165 3638 3703 3728">
     <span class='ocr_line' id='line_1_72' title="bbox 2165 3638 3703 3728; baseline -0.02 -11"><span class='ocrx_word' id='word_1_494' title='bbox 2165 3667 2284 3716; x_wconf 85' lang='grc' dir='ltr'>’Ότι</span> <span class='ocrx_word' id='word_1_495' title='bbox 2320 3661 2520 3723; x_wconf 87' lang='grc' dir='ltr'>πάντες</span> <span class='ocrx_word' id='word_1_496' title='bbox 2540 3661 2587 3711; x_wconf 78' lang='lat' dir='ltr'><strong>oi</strong></span> <span class='ocrx_word' id='word_1_497' title='bbox 2605 3658 2872 3728; x_wconf 85' lang='grc' dir='ltr'>δαίμονες,</span> <span class='ocrx_word' id='word_1_498' title='bbox 2907 3650 3154 3713; x_wconf 78' lang='grc' dir='ltr'>κνίσσαις</span> <span class='ocrx_word' id='word_1_499' title='bbox 3174 3647 3476 3719; x_wconf 80' lang='grc' dir='ltr'>χαίροντες,</span> <span class='ocrx_word' id='word_1_500' title='bbox 3510 3638 3703 3707; x_wconf 75' lang='grc' dir='ltr'>λίχνοι</span> 
     </span>
    </p>
   </div>
   <div class='ocr_carea' id='block_1_73' title="bbox 418 3728 1966 3825">
    <p class='ocr_par' dir='ltr' id='par_1_73' title="bbox 418 3749 1966 3822">
     <span class='ocr_line' id='line_1_73' title="bbox 418 3749 1966 3822; baseline 0.001 -19"><span class='ocrx_word' id='word_1_501' title='bbox 418 3751 629 3815; x_wconf 88' lang='lat' dir='ltr'><strong>dentes,</strong></span> <span class='ocrx_word' id='word_1_502' title='bbox 684 3751 999 3822; x_wconf 88' lang='lat' dir='ltr'><strong>liguritores</strong></span> <span class='ocrx_word' id='word_1_503' title='bbox 1077 3758 1205 3805; x_wconf 91' lang='lat' dir='ltr'><strong>sunt</strong></span> <span class='ocrx_word' id='word_1_504' title='bbox 1244 3769 1255 3803; x_wconf 94' lang='lat'><strong>:</strong></span> <span class='ocrx_word' id='word_1_505' title='bbox 1290 3749 1591 3820; x_wconf 66' lang='lat' dir='ltr'><strong>prmsertim</strong></span> <span class='ocrx_word' id='word_1_506' title='bbox 1656 3758 1837 3804; x_wconf 91' lang='lat' dir='ltr'><strong>autem</strong></span> <span class='ocrx_word' id='word_1_507' title='bbox 1891 3751 1966 3805; x_wconf 92' lang='lat' dir='ltr'><strong>ho</strong></span> 
     </span>
    </p>
   </div>
   <div class='ocr_carea' id='block_1_74' title="bbox 2089 3728 3701 3825">
    <p class='ocr_par' dir='ltr' id='par_1_74' title="bbox 2091 3728 3701 3825">
     <span class='ocr_line' id='line_1_74' title="bbox 2091 3728 3701 3825; baseline -0.019 -15"><span class='ocrx_word' id='word_1_508' title='bbox 2091 3755 2193 3810; x_wconf 86' lang='grc' dir='ltr'>είσί</span> <span class='ocrx_word' id='word_1_509' title='bbox 2218 3773 2229 3785; x_wconf 74' lang='grc' dir='ltr'><strong>ο</strong></span> <span class='ocrx_word' id='word_1_510' title='bbox 2262 3754 2493 3825; x_wconf 82' lang='grc' dir='ltr'>μάλιστα</span> <span class='ocrx_word' id='word_1_511' title='bbox 2520 3752 2576 3804; x_wconf 78' lang='grc' dir='ltr'>δὲ</span> <span class='ocrx_word' id='word_1_512' title='bbox 2610 3748 2956 3820; x_wconf 85' lang='grc' dir='ltr'>κωμῳδεῖται</span> <span class='ocrx_word' id='word_1_513' title='bbox 2984 3747 3012 3797; x_wconf 82' lang='grc' dir='ltr'>ὁ</span> <span class='ocrx_word' id='word_1_514' title='bbox 3063 3740 3270 3813; x_wconf 82' lang='grc' dir='ltr'>Ἐρμῆς</span> <span class='ocrx_word' id='word_1_515' title='bbox 3296 3754 3311 3768; x_wconf 89' lang='grc'><strong>·</strong></span> <span class='ocrx_word' id='word_1_516' title='bbox 3338 3734 3419 3788; x_wconf 87' lang='grc' dir='ltr'><strong>διδ</strong></span> <span class='ocrx_word' id='word_1_517' title='bbox 3595 3728 3701 3781; x_wconf 80' lang='grc' dir='ltr'><strong><em>λέ-</em></strong></span> 
     </span>
    </p>
   </div>
   <div class='ocr_carea' id='block_1_75' title="bbox 419 3822 1966 3916">
    <p class='ocr_par' dir='ltr' id='par_1_75' title="bbox 419 3840 1966 3913">
     <span class='ocr_line' id='line_1_75' title="bbox 419 3840 1966 3913; baseline -0.002 -17"><span class='ocrx_word' id='word_1_518' title='bbox 419 3843 641 3897; x_wconf 88' lang='lat' dir='ltr'><strong>nomine</strong></span> <span class='ocrx_word' id='word_1_519' title='bbox 692 3843 983 3913; x_wconf 89' lang='lat' dir='ltr'><strong>sugillatur</strong></span> <span class='ocrx_word' id='word_1_520' title='bbox 1038 3840 1365 3897; x_wconf 81' lang='lat' dir='ltr'><strong>Mercurius.</strong></span> <span class='ocrx_word' id='word_1_521' title='bbox 1416 3840 1572 3896; x_wconf 90' lang='lat' dir='ltr'><strong>Unde</strong></span> <span class='ocrx_word' id='word_1_522' title='bbox 1601 3850 1655 3897; x_wconf 91' lang='lat' dir='ltr'><strong>et</strong></span> <span class='ocrx_word' id='word_1_523' title='bbox 1687 3841 1966 3913; x_wconf 84' lang='grc' dir='ltr'>δηλακρίω</span> 
     </span>
    </p>
   </div>
   <div class='ocr_carea' id='block_1_76' title="bbox 2089 3822 3705 3916">
    <p class='ocr_par' dir='ltr' id='par_1_76' title="bbox 2090 3822 3705 3916">
     <span class='ocr_line' id='line_1_76' title="bbox 2090 3822 3705 3916; baseline -0.017 -15"><span class='ocrx_word' id='word_1_524' title='bbox 2090 3822 2433 3916; x_wconf 23' lang='grc' dir='ltr'>γεταινκρέα</span> <span class='ocrx_word' id='word_1_525' title='bbox 2481 3844 2623 3914; x_wconf 82' lang='grc' dir='ltr'>δήων</span> <span class='ocrx_word' id='word_1_526' title='bbox 2653 3839 2923 3911; x_wconf 83' lang='grc' dir='ltr'>Λακρίων.</span> <span class='ocrx_word' id='word_1_527' title='bbox 2965 3837 3054 3900; x_wconf 71' lang='grc' dir='ltr'>Ὦς</span> <span class='ocrx_word' id='word_1_528' title='bbox 3088 3828 3355 3899; x_wconf 77' lang='grc' dir='ltr'>ἀπατηλολ.</span> <span class='ocrx_word' id='word_1_529' title='bbox 3386 3825 3441 3879; x_wconf 71' lang='grc' dir='ltr'>δὲ</span> 
     </span>
    </p>
   </div>
   <div class='ocr_carea' id='block_1_77' title="bbox 420 3911 1966 4006">
    <p class='ocr_par' dir='ltr' id='par_1_77' title="bbox 420 3911 1966 4005">
     <span class='ocr_line' id='line_1_77' title="bbox 420 3911 1966 4005; baseline -0.005 -16"><span class='ocrx_word' id='word_1_530' title='bbox 420 3934 647 3998; x_wconf 88' lang='lat' dir='ltr'><strong>dicitur,</strong></span> <span class='ocrx_word' id='word_1_531' title='bbox 673 3911 819 4005; x_wconf 67' lang='grc' dir='ltr'>δήιον</span> <span class='ocrx_word' id='word_1_532' title='bbox 840 3933 997 4005; x_wconf 81' lang='grc' dir='ltr'>κρέα,</span> <span class='ocrx_word' id='word_1_533' title='bbox 1029 3935 1082 3989; x_wconf 92' lang='lat' dir='ltr'><strong>id</strong></span> <span class='ocrx_word' id='word_1_534' title='bbox 1101 3941 1206 3997; x_wconf 90' lang='lat' dir='ltr'><strong>est,</strong></span> <span class='ocrx_word' id='word_1_535' title='bbox 1241 3948 1436 3988; x_wconf 88' lang='lat' dir='ltr'><strong>carnes</strong></span> <span class='ocrx_word' id='word_1_536' title='bbox 1460 3911 1817 4003; x_wconf 85' lang='lat' dir='ltr'><strong>persequens,</strong></span> <span class='ocrx_word' id='word_1_537' title='bbox 1840 3911 1966 3998; x_wconf 73' lang='lat' dir='ltr'><strong>QUOt</strong></span> 
     </span>
    </p>
   </div>
   <div class='ocr_carea' id='block_1_78' title="bbox 2089 3911 3704 4006">
    <p class='ocr_par' dir='ltr' id='par_1_78' title="bbox 2090 3911 3704 4006">
     <span class='ocr_line' id='line_1_78' title="bbox 2090 3911 3704 4006; baseline -0.017 -15"><span class='ocrx_word' id='word_1_538' title='bbox 2090 3911 2142 3989; x_wconf 77' lang='grc' dir='ltr'>οἱ</span> <span class='ocrx_word' id='word_1_539' title='bbox 2172 3911 2423 4006; x_wconf 78' lang='grc' dir='ltr'>δαίμονες</span> <span class='ocrx_word' id='word_1_540' title='bbox 2443 3974 2456 3997; x_wconf 93' lang='grc'><strong>,</strong></span> <span class='ocrx_word' id='word_1_541' title='bbox 2487 3911 2776 4004; x_wconf 72' lang='grc' dir='ltr'>ἐξαιρέτως</span> <span class='ocrx_word' id='word_1_542' title='bbox 2790 3929 2846 3982; x_wconf 83' lang='grc' dir='ltr'>δὲ</span> <span class='ocrx_word' id='word_1_543' title='bbox 2876 3931 2905 3981; x_wconf 83' lang='grc' dir='ltr'><strong>ὁ</strong></span> <span class='ocrx_word' id='word_1_544' title='bbox 2945 3924 3235 3987; x_wconf 80' lang='grc' dir='ltr'>Ἀπόλλων,</span> <span class='ocrx_word' id='word_1_545' title='bbox 3265 3920 3348 3972; x_wconf 83' lang='grc' dir='ltr'>ὅτι</span> <span class='ocrx_word' id='word_1_546' title='bbox 3374 3911 3704 3983; x_wconf 81' lang='grc' dir='ltr'>ἀπατηλοὺς</span> 
     </span>
    </p>
   </div>
   <div class='ocr_carea' id='block_1_79' title="bbox 421 4022 1966 4101">
    <p class='ocr_par' dir='ltr' id='par_1_79' title="bbox 421 4022 1965 4097">
     <span class='ocr_line' id='line_1_79' title="bbox 421 4022 1965 4097; baseline -0.001 -18"><span class='ocrx_word' id='word_1_547' title='bbox 421 4034 603 4082; x_wconf 88' lang='lat' dir='ltr'><strong>autem</strong></span> <span class='ocrx_word' id='word_1_548' title='bbox 628 4027 852 4086; x_wconf 87' lang='lat' dir='ltr'><strong>fallaces</strong></span> <span class='ocrx_word' id='word_1_549' title='bbox 881 4038 933 4082; x_wconf 90' lang='lat' dir='ltr'><strong>et</strong></span> <span class='ocrx_word' id='word_1_550' title='bbox 960 4028 1292 4097; x_wconf 85' lang='lat' dir='ltr'><strong>impnstores</strong></span> <span class='ocrx_word' id='word_1_551' title='bbox 1350 4026 1572 4080; x_wconf 89' lang='lat' dir='ltr'><strong>eosdem</strong></span> <span class='ocrx_word' id='word_1_552' title='bbox 1605 4032 1765 4080; x_wconf 84' lang='lat' dir='ltr'><strong>vocat</strong></span> <span class='ocrx_word' id='word_1_553' title='bbox 1788 4022 1965 4094; x_wconf 81' lang='lat' dir='ltr'><strong>Grego</strong></span> 
     </span>
    </p>
   </div>
   <div class='ocr_carea' id='block_1_80' title="bbox 2089 4022 2591 4101">
    <p class='ocr_par' dir='ltr' id='par_1_80' title="bbox 2104 4028 2591 4101">
     <span class='ocr_line' id='line_1_80' title="bbox 2104 4028 2591 4101; baseline 0.006 -19"><span class='ocrx_word' id='word_1_554' title='bbox 2104 4029 2255 4097; x_wconf 79' lang='grc' dir='ltr'>ἔλεγε</span> <span class='ocrx_word' id='word_1_555' title='bbox 2287 4028 2591 4101; x_wconf 84' lang='grc' dir='ltr'>χρησμούς.</span> 
     </span>
    </p>
   </div>
   <div class='ocr_carea' id='block_1_81' title="bbox 424 4105 3698 4198">
    <p class='ocr_par' dir='ltr' id='par_1_81' title="bbox 424 4105 3698 4198">
     <span class='ocr_line' id='line_1_81' title="bbox 424 4105 3698 4198; baseline -0.004 -22"><span class='ocrx_word' id='word_1_556' title='bbox 424 4122 562 4182; x_wconf 87' lang='lat' dir='ltr'><strong>rius,</strong></span> <span class='ocrx_word' id='word_1_557' title='bbox 599 4136 911 4190; x_wconf 87' lang='lat' dir='ltr'><strong>quanquam</strong></span> <span class='ocrx_word' id='word_1_558' title='bbox 955 4121 1059 4175; x_wconf 89' lang='lat' dir='ltr'><strong>hoc</strong></span> <span class='ocrx_word' id='word_1_559' title='bbox 1090 4127 1311 4189; x_wconf 89' lang='lat' dir='ltr'><strong>propter</strong></span> <span class='ocrx_word' id='word_1_560' title='bbox 1339 4135 1532 4176; x_wconf 81' lang='lat' dir='ltr'><strong>omnes</strong></span> <span class='ocrx_word' id='word_1_561' title='bbox 1565 4120 1719 4186; x_wconf 91' lang='lat' dir='ltr'><strong>dicit,</strong></span> <span class='ocrx_word' id='word_1_562' title='bbox 1755 4119 2105 4189; x_wconf 88' lang='lat' dir='ltr'><strong>potissimum</strong></span> <span class='ocrx_word' id='word_1_563' title='bbox 2137 4133 2318 4181; x_wconf 89' lang='lat' dir='ltr'><strong>tamen</strong></span> <span class='ocrx_word' id='word_1_564' title='bbox 2358 4136 2579 4198; x_wconf 87' lang='lat' dir='ltr'><strong>propter</strong></span> <span class='ocrx_word' id='word_1_565' title='bbox 2611 4123 2939 4195; x_wconf 84' lang='lat' dir='ltr'><strong>Apollinem,</strong></span> <span class='ocrx_word' id='word_1_566' title='bbox 2990 4118 3084 4187; x_wconf 86' lang='lat' dir='ltr'><strong>qui</strong></span> <span class='ocrx_word' id='word_1_567' title='bbox 3130 4114 3298 4170; x_wconf 87' lang='lat' dir='ltr'><strong>dubia</strong></span> <span class='ocrx_word' id='word_1_568' title='bbox 3359 4118 3413 4165; x_wconf 87' lang='lat' dir='ltr'><strong>et</strong></span> <span class='ocrx_word' id='word_1_569' title='bbox 3466 4105 3698 4164; x_wconf 80' lang='lat' dir='ltr'><strong>fallacia</strong></span> 
     </span>
    </p>
   </div>
   <div class='ocr_carea' id='block_1_82' title="bbox 423 4214 897 4271">
    <p class='ocr_par' dir='ltr' id='par_1_82' title="bbox 423 4214 897 4271">
     <span class='ocr_line' id='line_1_82' title="bbox 423 4214 897 4271; baseline -0.004 0"><span class='ocrx_word' id='word_1_570' title='bbox 423 4215 648 4271; x_wconf 88' lang='lat' dir='ltr'><strong>oracula</strong></span> <span class='ocrx_word' id='word_1_571' title='bbox 680 4214 897 4269; x_wconf 87' lang='lat' dir='ltr'><strong>edebat.</strong></span> 
     </span>
    </p>
   </div>
   <div class='ocr_carea' id='block_1_83' title="bbox 1417 4303 2666 4378">
    <p class='ocr_par' dir='ltr' id='par_1_83' title="bbox 1417 4303 2666 4378">
     <span class='ocr_line' id='line_1_83' title="bbox 1417 4303 2666 4378; baseline 0.003 -19"><span class='ocrx_word' id='word_1_572' title='bbox 1417 4303 1528 4377; x_wconf 81' lang='lat'><strong>[17.</strong></span> <span class='ocrx_word' id='word_1_573' title='bbox 1557 4307 1632 4361; x_wconf 87' lang='lat' dir='ltr'><strong>De</strong></span> <span class='ocrx_word' id='word_1_574' title='bbox 1664 4307 2024 4378; x_wconf 76' lang='lat' dir='ltr'><strong>Triptolemis,</strong></span> <span class='ocrx_word' id='word_1_575' title='bbox 2059 4312 2229 4367; x_wconf 69' lang='lat' dir='ltr'><strong>Celei;</strong></span> <span class='ocrx_word' id='word_1_576' title='bbox 2255 4321 2301 4366; x_wconf 88' lang='lat' dir='ltr'><strong>et</strong></span> <span class='ocrx_word' id='word_1_577' title='bbox 2329 4311 2666 4365; x_wconf 78' lang='lat' dir='ltr'><strong>draconibus.</strong></span> 
     </span>
    </p>
   </div>
   <div class='ocr_carea' id='block_1_84' title="bbox 496 4387 3703 4469">
    <p class='ocr_par' dir='ltr' id='par_1_84' title="bbox 496 4387 3703 4469">
     <span class='ocr_line' id='line_1_84' title="bbox 496 4387 3703 4469; baseline -0.006 -16"><span class='ocrx_word' id='word_1_578' title='bbox 496 4398 746 4453; x_wconf 76' lang='lat' dir='ltr'><strong>Diximus</strong></span> <span class='ocrx_word' id='word_1_579' title='bbox 778 4398 832 4451; x_wconf 93' lang='lat' dir='ltr'><strong>in</strong></span> <span class='ocrx_word' id='word_1_580' title='bbox 857 4397 1200 4467; x_wconf 76' lang='lat' dir='ltr'><strong>praecedente</strong></span> <span class='ocrx_word' id='word_1_581' title='bbox 1226 4397 1495 4461; x_wconf 89' lang='lat' dir='ltr'><strong>oratione,</strong></span> <span class='ocrx_word' id='word_1_582' title='bbox 1523 4397 1918 4469; x_wconf 86' lang='lat' dir='ltr'><strong>Triptolemum</strong></span> <span class='ocrx_word' id='word_1_583' title='bbox 1947 4410 2002 4457; x_wconf 90' lang='lat' dir='ltr'><strong>et</strong></span> <span class='ocrx_word' id='word_1_584' title='bbox 2037 4402 2258 4460; x_wconf 82' lang='lat' dir='ltr'><strong>Celeum</strong></span> <span class='ocrx_word' id='word_1_585' title='bbox 2289 4405 2517 4467; x_wconf 78' lang='lat' dir='ltr'><strong>semina,</strong></span> <span class='ocrx_word' id='word_1_586' title='bbox 2557 4403 2661 4456; x_wconf 89' lang='lat' dir='ltr'><strong>hoc</strong></span> <span class='ocrx_word' id='word_1_587' title='bbox 2689 4407 2775 4454; x_wconf 89' lang='lat' dir='ltr'><strong>est</strong></span> <span class='ocrx_word' id='word_1_588' title='bbox 2805 4396 3047 4451; x_wconf 88' lang='lat' dir='ltr'><strong>triticum</strong></span> <span class='ocrx_word' id='word_1_589' title='bbox 3077 4402 3133 4447; x_wconf 91' lang='lat' dir='ltr'><strong>et</strong></span> <span class='ocrx_word' id='word_1_590' title='bbox 3159 4387 3425 4445; x_wconf 90' lang='lat' dir='ltr'><strong>hordeum</strong></span> <span class='ocrx_word' id='word_1_591' title='bbox 3487 4401 3518 4440; x_wconf 88' lang='lat' dir='ltr'><strong>a</strong></span> <span class='ocrx_word' id='word_1_592' title='bbox 3591 4387 3703 4443; x_wconf 83' lang='lat' dir='ltr'><strong>Ce-</strong></span> 
     </span>
    </p>
   </div>
   <div class='ocr_carea' id='block_1_85' title="bbox 427 4485 3703 4564">
    <p class='ocr_par' dir='ltr' id='par_1_85' title="bbox 427 4485 3703 4564">
     <span class='ocr_line' id='line_1_85' title="bbox 427 4485 3703 4564; baseline -0 -18"><span class='ocrx_word' id='word_1_593' title='bbox 427 4507 549 4547; x_wconf 75' lang='lat' dir='ltr'><strong>rere</strong></span> <span class='ocrx_word' id='word_1_594' title='bbox 576 4490 880 4560; x_wconf 89' lang='lat' dir='ltr'><strong>accepisse,</strong></span> <span class='ocrx_word' id='word_1_595' title='bbox 917 4499 1081 4560; x_wconf 86' lang='lat' dir='ltr'><strong>atque</strong></span> <span class='ocrx_word' id='word_1_596' title='bbox 1109 4491 1258 4544; x_wconf 88' lang='lat' dir='ltr'><strong>alato</strong></span> <span class='ocrx_word' id='word_1_597' title='bbox 1286 4490 1592 4547; x_wconf 88' lang='lat' dir='ltr'><strong>draconum</strong></span> <span class='ocrx_word' id='word_1_598' title='bbox 1628 4507 1796 4548; x_wconf 91' lang='lat' dir='ltr'><strong>curru</strong></span> <span class='ocrx_word' id='word_1_599' title='bbox 1828 4506 2011 4553; x_wconf 85' lang='lat' dir='ltr'><strong>vectos</strong></span> <span class='ocrx_word' id='word_1_600' title='bbox 2049 4500 2371 4555; x_wconf 86' lang='lat' dir='ltr'><strong>universum</strong></span> <span class='ocrx_word' id='word_1_601' title='bbox 2406 4507 2680 4554; x_wconf 88' lang='lat' dir='ltr'><strong>terrarum</strong></span> <span class='ocrx_word' id='word_1_602' title='bbox 2704 4495 2895 4550; x_wconf 89' lang='lat' dir='ltr'><strong>orbem</strong></span> <span class='ocrx_word' id='word_1_603' title='bbox 2950 4505 3297 4564; x_wconf 80' lang='lat' dir='ltr'><strong>peragrasse,</strong></span> <span class='ocrx_word' id='word_1_604' title='bbox 3352 4485 3703 4541; x_wconf 75' lang='lat' dir='ltr'><strong>frumentum</strong></span> 
     </span>
    </p>
   </div>
   <div class='ocr_carea' id='block_1_86' title="bbox 430 4581 1651 4653">
    <p class='ocr_par' dir='ltr' id='par_1_86' title="bbox 430 4581 1651 4653">
     <span class='ocr_line' id='line_1_86' title="bbox 430 4581 1651 4653; baseline -0.002 -13"><span class='ocrx_word' id='word_1_605' title='bbox 430 4582 753 4639; x_wconf 90' lang='lat' dir='ltr'><strong>mortalibus</strong></span> <span class='ocrx_word' id='word_1_606' title='bbox 790 4581 856 4635; x_wconf 91' lang='lat' dir='ltr'><strong>ad</strong></span> <span class='ocrx_word' id='word_1_607' title='bbox 888 4583 1181 4637; x_wconf 89' lang='lat' dir='ltr'><strong>serendum</strong></span> <span class='ocrx_word' id='word_1_608' title='bbox 1212 4582 1651 4653; x_wconf 80' lang='lat' dir='ltr'><strong>suppeditantes.</strong></span> 
     </span>
    </p>
   </div>
   <div class='ocr_carea' id='block_1_87' title="bbox 1201 4699 2927 4778">
    <p class='ocr_par' dir='ltr' id='par_1_87' title="bbox 1201 4699 2927 4778">
     <span class='ocr_line' id='line_1_87' title="bbox 1201 4699 2927 4778; baseline 0.001 -24"><span class='ocrx_word' id='word_1_609' title='bbox 1201 4702 1288 4756; x_wconf 89' lang='grc'><strong>18.</strong></span> <span class='ocrx_word' id='word_1_610' title='bbox 1313 4699 1390 4755; x_wconf 89' lang='lat' dir='ltr'><strong>De</strong></span> <span class='ocrx_word' id='word_1_611' title='bbox 1416 4700 1623 4771; x_wconf 83' lang='lat' dir='ltr'><strong>Orpheo</strong></span> <span class='ocrx_word' id='word_1_612' title='bbox 1654 4712 1704 4758; x_wconf 84' lang='lat' dir='ltr'><strong>et</strong></span> <span class='ocrx_word' id='word_1_613' title='bbox 1731 4705 1853 4774; x_wconf 76' lang='lat' dir='ltr'><strong>ejus</strong></span> <span class='ocrx_word' id='word_1_614' title='bbox 1882 4707 2247 4778; x_wconf 71' lang='lat' dir='ltr'><strong>nugacisst’ma</strong></span> <span class='ocrx_word' id='word_1_615' title='bbox 2279 4705 2343 4761; x_wconf 84' lang='lat' dir='ltr'><strong>de</strong></span> <span class='ocrx_word' id='word_1_616' title='bbox 2377 4704 2483 4758; x_wconf 81' lang='lat' dir='ltr'><strong>diis</strong></span> <span class='ocrx_word' id='word_1_617' title='bbox 2516 4701 2927 4771; x_wconf 77' lang='lat' dir='ltr'><strong>conscriptione.</strong></span> 
     </span>
    </p>
   </div>
   <div class='ocr_carea' id='block_1_88' title="bbox 505 4791 3705 4874">
    <p class='ocr_par' dir='ltr' id='par_1_88' title="bbox 505 4791 3705 4874">
     <span class='ocr_line' id='line_1_88' title="bbox 505 4791 3705 4874; baseline -0.005 -16"><span class='ocrx_word' id='word_1_618' title='bbox 505 4803 757 4873; x_wconf 91' lang='lat' dir='ltr'><strong>Orpheus</strong></span> <span class='ocrx_word' id='word_1_619' title='bbox 811 4815 1011 4869; x_wconf 78' lang='lat' dir='ltr'><strong>genere</strong></span> <span class='ocrx_word' id='word_1_620' title='bbox 1042 4796 1224 4853; x_wconf 80' lang='lat' dir='ltr'><strong>Thrax</strong></span> <span class='ocrx_word' id='word_1_621' title='bbox 1256 4814 1393 4854; x_wconf 89' lang='lat' dir='ltr'><strong>sono</strong></span> <span class='ocrx_word' id='word_1_622' title='bbox 1424 4799 1653 4856; x_wconf 73' lang='lat' dir='ltr'><strong>cithara:</strong></span> <span class='ocrx_word' id='word_1_623' title='bbox 1681 4816 1772 4859; x_wconf 87' lang='lat' dir='ltr'><strong>res</strong></span> <span class='ocrx_word' id='word_1_624' title='bbox 1801 4818 2023 4874; x_wconf 88' lang='lat' dir='ltr'><strong>quoque</strong></span> <span class='ocrx_word' id='word_1_625' title='bbox 2078 4803 2229 4874; x_wconf 83' lang='lat' dir='ltr'><strong>ipsas</strong></span> <span class='ocrx_word' id='word_1_626' title='bbox 2267 4802 2449 4856; x_wconf 90' lang='lat' dir='ltr'><strong>anima</strong></span> <span class='ocrx_word' id='word_1_627' title='bbox 2492 4807 2747 4855; x_wconf 89' lang='lat' dir='ltr'><strong>carentes</strong></span> <span class='ocrx_word' id='word_1_628' title='bbox 2791 4794 3158 4852; x_wconf 88' lang='lat' dir='ltr'><strong>demulcebat.</strong></span> <span class='ocrx_word' id='word_1_629' title='bbox 3195 4791 3373 4864; x_wconf 83' lang='lat' dir='ltr'><strong>Hujus</strong></span> <span class='ocrx_word' id='word_1_630' title='bbox 3441 4800 3705 4862; x_wconf 82' lang='lat' dir='ltr'><strong>poemata</strong></span> 
     </span>
    </p>
   </div>
   <div class='ocr_carea' id='block_1_89' title="bbox 433 4889 3708 4971">
    <p class='ocr_par' dir='ltr' id='par_1_89' title="bbox 433 4889 3708 4971">
     <span class='ocr_line' id='line_1_89' title="bbox 433 4889 3708 4971; baseline -0.004 -17"><span class='ocrx_word' id='word_1_631' title='bbox 433 4898 936 4959; x_wconf 86' lang='lat' dir='ltr'><strong>circumferuntur,</strong></span> <span class='ocrx_word' id='word_1_632' title='bbox 993 4895 1050 4950; x_wconf 90' lang='lat' dir='ltr'><strong>in</strong></span> <span class='ocrx_word' id='word_1_633' title='bbox 1108 4896 1308 4966; x_wconf 87' lang='lat' dir='ltr'><strong>quibus</strong></span> <span class='ocrx_word' id='word_1_634' title='bbox 1359 4912 1457 4965; x_wconf 84' lang='lat' dir='ltr'><strong>per</strong></span> <span class='ocrx_word' id='word_1_635' title='bbox 1503 4895 1754 4953; x_wconf 88' lang='lat' dir='ltr'><strong>fabulosa</strong></span> <span class='ocrx_word' id='word_1_636' title='bbox 1815 4901 2060 4971; x_wconf 89' lang='lat' dir='ltr'><strong>symbola</strong></span> <span class='ocrx_word' id='word_1_637' title='bbox 2118 4901 2345 4957; x_wconf 89' lang='lat' dir='ltr'><strong>deorum</strong></span> <span class='ocrx_word' id='word_1_638' title='bbox 2399 4898 2594 4954; x_wconf 89' lang='lat' dir='ltr'><strong>seriem</strong></span> <span class='ocrx_word' id='word_1_639' title='bbox 2649 4894 3013 4962; x_wconf 56' lang='lat' dir='ltr'><strong>essentianue</strong></span> <span class='ocrx_word' id='word_1_640' title='bbox 3077 4891 3305 4956; x_wconf 84' lang='lat' dir='ltr'><strong>modos,</strong></span> <span class='ocrx_word' id='word_1_641' title='bbox 3360 4889 3708 4956; x_wconf 83' lang='lat' dir='ltr'><strong>deorumque</strong></span> 
     </span>
    </p>
   </div>
   <div class='ocr_carea' id='block_1_90' title="bbox 434 4982 3705 5066">
    <p class='ocr_par' dir='ltr' id='par_1_90' title="bbox 434 4982 3705 5066">
     <span class='ocr_line' id='line_1_90' title="bbox 434 4982 3705 5066; baseline -0.004 -17"><span class='ocrx_word' id='word_1_642' title='bbox 434 4994 683 5049; x_wconf 86' lang='lat' dir='ltr'><strong>actiones</strong></span> <span class='ocrx_word' id='word_1_643' title='bbox 726 4990 1122 5060; x_wconf 87' lang='lat' dir='ltr'><strong>facultatesque</strong></span> <span class='ocrx_word' id='word_1_644' title='bbox 1170 4989 1453 5046; x_wconf 83' lang='lat' dir='ltr'><strong>describit.</strong></span> <span class='ocrx_word' id='word_1_645' title='bbox 1490 4989 1598 5046; x_wconf 86' lang='lat' dir='ltr'><strong>Has</strong></span> <span class='ocrx_word' id='word_1_646' title='bbox 1638 5000 1819 5047; x_wconf 91' lang='lat' dir='ltr'><strong>autem</strong></span> <span class='ocrx_word' id='word_1_647' title='bbox 1847 4993 2062 5050; x_wconf 87' lang='lat' dir='ltr'><strong>fabulas</strong></span> <span class='ocrx_word' id='word_1_648' title='bbox 2106 4993 2361 5066; x_wconf 88' lang='lat' dir='ltr'><strong>Orpheus</strong></span> <span class='ocrx_word' id='word_1_649' title='bbox 2419 4990 2653 5061; x_wconf 90' lang='lat' dir='ltr'><strong>turpiter</strong></span> <span class='ocrx_word' id='word_1_650' title='bbox 2717 4997 2882 5058; x_wconf 90' lang='lat' dir='ltr'><strong>atque</strong></span> <span class='ocrx_word' id='word_1_651' title='bbox 2922 4985 3161 5040; x_wconf 84' lang='lat' dir='ltr'><strong>obscene</strong></span> <span class='ocrx_word' id='word_1_652' title='bbox 3203 4982 3535 5054; x_wconf 87' lang='lat' dir='ltr'><strong>profaneque</strong></span> <span class='ocrx_word' id='word_1_653' title='bbox 3559 4997 3705 5036; x_wconf 77' lang='lat' dir='ltr'><strong>cou-</strong></span> 
     </span>
    </p>
   </div>
   <div class='ocr_carea' id='block_1_91' title="bbox 440 5078 786 5153">
    <p class='ocr_par' dir='ltr' id='par_1_91' title="bbox 440 5078 786 5153">
     <span class='ocr_line' id='line_1_91' title="bbox 440 5078 786 5153; baseline -0.003 -15"><span class='ocrx_word' id='word_1_654' title='bbox 440 5083 595 5152; x_wconf 73' lang='lat' dir='ltr'><strong>fingit</strong></span> <span class='ocrx_word' id='word_1_655' title='bbox 623 5078 786 5153; x_wconf 70' lang='lat'><strong>(54).]</strong></span> 
     </span>
    </p>
   </div>
   <div class='ocr_carea' id='block_1_92' title="bbox 543 5181 1928 5306">
    <p class='ocr_par' dir='ltr' id='par_1_92' title="bbox 543 5181 1928 5306">
     <span class='ocr_line' id='line_1_92' title="bbox 543 5181 1928 5306; baseline 0 -67"><span class='ocrx_word' id='word_1_656' title='bbox 543 5187 629 5240; x_wconf 87' lang='lat'><strong>19.</strong></span> <span class='ocrx_word' id='word_1_657' title='bbox 662 5184 740 5239; x_wconf 78' lang='lat' dir='ltr'><strong>De</strong></span> <span class='ocrx_word' id='word_1_658' title='bbox 783 5201 865 5251; x_wconf 85' lang='lat' dir='ltr'><strong>eo,</strong></span> <span class='ocrx_word' id='word_1_659' title='bbox 894 5183 1033 5254; x_wconf 81' lang='lat' dir='ltr'><strong>quod</strong></span> <span class='ocrx_word' id='word_1_660' title='bbox 1067 5184 1146 5306; x_wconf 49' lang='lat' dir='ltr'><strong>ai;</strong></span> <span class='ocrx_word' id='word_1_661' title='bbox 1169 5181 1478 5265; x_wconf 59' lang='lat' dir='ltr'><strong>Gregorius,</strong></span> <span class='ocrx_word' id='word_1_662' title='bbox 1511 5201 1761 5245; x_wconf 79' lang='lat' dir='ltr'><strong>quercum</strong></span> <span class='ocrx_word' id='word_1_663' title='bbox 1784 5186 1928 5256; x_wconf 78' lang='lat' dir='ltr'><strong>loqui</strong></span> 
     </span>
     <span class='ocr_line' id='line_1_93' title="bbox 1149 5270 1350 5306; baseline 0 0"><span class='ocrx_word' id='word_1_664' title='bbox 1149 5270 1350 5306; x_wconf 71' lang='lat' dir='ltr'><strong>errasse.</strong></span> 
     </span>
    </p>
   </div>
   <div class='ocr_carea' id='block_1_93' title="bbox 1149 5270 1350 5309">
    <p class='ocr_par' dir='ltr' id='par_1_93' title="bbox 1149 5270 1350 5309">
     <span class='ocr_line' id='line_1_94' title="bbox 1149 5270 1350 5309; baseline 0.015 -3"><span class='ocrx_word' id='word_1_665' title='bbox 1149 5270 1350 5309; x_wconf 69' lang='grc'><strong>8811888.</strong></span> 
     </span>
    </p>
   </div>
   <div class='ocr_carea' id='block_1_94' title="bbox 514 5346 2022 5420">
    <p class='ocr_par' dir='ltr' id='par_1_94' title="bbox 514 5346 2022 5420">
     <span class='ocr_line' id='line_1_95' title="bbox 514 5346 2022 5420; baseline 0.001 -19"><span class='ocrx_word' id='word_1_666' title='bbox 514 5347 739 5403; x_wconf 83' lang='lat' dir='ltr'><strong>Dodona</strong></span> <span class='ocrx_word' id='word_1_667' title='bbox 760 5346 894 5403; x_wconf 89' lang='lat' dir='ltr'><strong>urbs</strong></span> <span class='ocrx_word' id='word_1_668' title='bbox 913 5355 999 5403; x_wconf 87' lang='lat' dir='ltr'><strong>est</strong></span> <span class='ocrx_word' id='word_1_669' title='bbox 1027 5347 1083 5402; x_wconf 92' lang='lat' dir='ltr'><strong>in</strong></span> <span class='ocrx_word' id='word_1_670' title='bbox 1099 5346 1264 5418; x_wconf 87' lang='lat' dir='ltr'><strong>Epiro</strong></span> <span class='ocrx_word' id='word_1_671' title='bbox 1293 5348 1491 5413; x_wconf 89' lang='lat' dir='ltr'><strong>sita,in</strong></span> <span class='ocrx_word' id='word_1_672' title='bbox 1518 5363 1626 5418; x_wconf 90' lang='lat' dir='ltr'><strong>qua</strong></span> <span class='ocrx_word' id='word_1_673' title='bbox 1638 5355 1758 5405; x_wconf 91' lang='lat' dir='ltr'><strong>erat</strong></span> <span class='ocrx_word' id='word_1_674' title='bbox 1782 5363 2022 5420; x_wconf 87' lang='lat' dir='ltr'><strong>quercus</strong></span> 
     </span>
    </p>
   </div>
   <div class='ocr_carea' id='block_1_95' title="bbox 444 5405 1966 5511">
    <p class='ocr_par' dir='ltr' id='par_1_95' title="bbox 444 5440 1966 5511">
     <span class='ocr_line' id='line_1_96' title="bbox 444 5440 1966 5511; baseline -0.001 -16"><span class='ocrx_word' id='word_1_675' title='bbox 444 5440 563 5495; x_wconf 82' lang='lat' dir='ltr'><strong>Jovi</strong></span> <span class='ocrx_word' id='word_1_676' title='bbox 609 5455 790 5504; x_wconf 88' lang='lat' dir='ltr'><strong>sacra,</strong></span> <span class='ocrx_word' id='word_1_677' title='bbox 827 5440 885 5495; x_wconf 89' lang='lat' dir='ltr'><strong>in</strong></span> <span class='ocrx_word' id='word_1_678' title='bbox 928 5454 1103 5510; x_wconf 89' lang='lat' dir='ltr'><strong>eaque</strong></span> <span class='ocrx_word' id='word_1_679' title='bbox 1146 5440 1433 5495; x_wconf 87' lang='lat' dir='ltr'><strong>oraculum</strong></span> <span class='ocrx_word' id='word_1_680' title='bbox 1468 5441 1630 5511; x_wconf 88' lang='lat' dir='ltr'><strong>cujus</strong></span> <span class='ocrx_word' id='word_1_681' title='bbox 1679 5440 1966 5497; x_wconf 90' lang='lat' dir='ltr'><strong>muliercul</strong></span> 
     </span>
    </p>
   </div>
   <div class='ocr_carea' id='block_1_96' title="bbox 2089 5405 3709 5511">
    <p class='ocr_par' dir='ltr' id='par_1_96' title="bbox 2089 5405 3709 5511">
     <span class='ocr_line' id='line_1_97' title="bbox 2089 5405 3709 5511; baseline -0.009 -27"><span class='ocrx_word' id='word_1_682' title='bbox 2089 5411 2099 5455; x_wconf 67' lang='grc'><em>’</em></span> <span class='ocrx_word' id='word_1_683' title='bbox 2138 5433 2227 5486; x_wconf 85' lang='grc' dir='ltr'><strong>Ἐν</strong></span> <span class='ocrx_word' id='word_1_684' title='bbox 2260 5429 2434 5501; x_wconf 83' lang='grc' dir='ltr'>ταύτῃ</span> <span class='ocrx_word' id='word_1_685' title='bbox 2473 5405 2658 5481; x_wconf 77' lang='grc' dir='ltr'>ἵστατο</span> <span class='ocrx_word' id='word_1_686' title='bbox 2683 5423 2813 5496; x_wconf 83' lang='grc' dir='ltr'>δρῦς</span> <span class='ocrx_word' id='word_1_687' title='bbox 2841 5420 2965 5494; x_wconf 81' lang='grc' dir='ltr'>ἱερά</span> <span class='ocrx_word' id='word_1_688' title='bbox 2982 5418 3091 5486; x_wconf 65' lang='grc' dir='ltr'>τοῦς</span> <span class='ocrx_word' id='word_1_689' title='bbox 3113 5419 3255 5483; x_wconf 88' lang='grc' dir='ltr'>Διός.</span> <span class='ocrx_word' id='word_1_690' title='bbox 3298 5418 3410 5473; x_wconf 77' lang='grc' dir='ltr'>Καὶ</span> <span class='ocrx_word' id='word_1_691' title='bbox 3441 5416 3501 5469; x_wconf 82' lang='grc' dir='ltr'>ὲν</span> <span class='ocrx_word' id='word_1_692' title='bbox 3530 5412 3709 5511; x_wconf 57' lang='grc' dir='ltr'>ταύτῃ</span> 
     </span>
    </p>
   </div>
   <div class='ocr_carea' id='block_1_97' title="bbox 448 5504 1966 5604">
    <p class='ocr_par' dir='ltr' id='par_1_97' title="bbox 448 5504 1966 5604">
     <span class='ocr_line' id='line_1_98' title="bbox 448 5504 1966 5604; baseline 0.001 -19"><span class='ocrx_word' id='word_1_693' title='bbox 448 5534 809 5603; x_wconf 70' lang='lat' dir='ltr'><strong>prophetissa:</strong></span> <span class='ocrx_word' id='word_1_694' title='bbox 835 5504 1030 5589; x_wconf 53' lang='lat' dir='ltr'><strong>erant:</strong></span> <span class='ocrx_word' id='word_1_695' title='bbox 1054 5532 1233 5603; x_wconf 76' lang='lat' dir='ltr'><strong>Atque</strong></span> <span class='ocrx_word' id='word_1_696' title='bbox 1264 5534 1338 5589; x_wconf 93' lang='lat' dir='ltr'><strong>illi</strong></span> <span class='ocrx_word' id='word_1_697' title='bbox 1374 5534 1468 5604; x_wconf 88' lang='lat' dir='ltr'><strong>qui</strong></span> <span class='ocrx_word' id='word_1_698' title='bbox 1503 5504 1787 5590; x_wconf 73' lang='lat' dir='ltr'><strong>oraculum</strong></span> <span class='ocrx_word' id='word_1_699' title='bbox 1821 5549 1966 5590; x_wconf 72' lang='grc' dir='ltr'>οοηει</span> 
     </span>
    </p>
   </div>
   <div class='ocr_carea' id='block_1_98' title="bbox 2089 5504 3710 5604">
    <p class='ocr_par' dir='ltr' id='par_1_98' title="bbox 2124 5504 3710 5604">
     <span class='ocr_line' id='line_1_99' title="bbox 2124 5504 3710 5604; baseline -0.013 -26"><span class='ocrx_word' id='word_1_700' title='bbox 2124 5521 2192 5596; x_wconf 76' lang='grc' dir='ltr'>ἦν</span> <span class='ocrx_word' id='word_1_701' title='bbox 2231 5523 2292 5577; x_wconf 79' lang='grc' dir='ltr'><strong>τὸ</strong></span> <span class='ocrx_word' id='word_1_702' title='bbox 2339 5523 2588 5593; x_wconf 83' lang='grc' dir='ltr'>μαντεῖον</span> <span class='ocrx_word' id='word_1_703' title='bbox 2639 5515 2913 5586; x_wconf 84' lang='grc' dir='ltr'>γυναικῶν</span> <span class='ocrx_word' id='word_1_704' title='bbox 2959 5511 3135 5567; x_wconf 85' lang='grc' dir='ltr'>ούσῶν</span> <span class='ocrx_word' id='word_1_705' title='bbox 3176 5507 3524 5582; x_wconf 77' lang='grc' dir='ltr'>προφητίδων</span> <span class='ocrx_word' id='word_1_706' title='bbox 3553 5522 3567 5537; x_wconf 91' lang='grc'><strong>·</strong></span> <span class='ocrx_word' id='word_1_707' title='bbox 3608 5504 3710 5604; x_wconf 57' lang='grc' dir='ltr'>διαὶ</span> 
     </span>
    </p>
   </div>
   <div class='ocr_carea' id='block_1_99' title="bbox 414 5597 1966 5694">
    <p class='ocr_par' dir='ltr' id='par_1_99' title="bbox 414 5597 1966 5694">
     <span class='ocr_line' id='line_1_100' title="bbox 414 5597 1966 5694; baseline -0.001 -16"><span class='ocrx_word' id='word_1_708' title='bbox 414 5627 425 5649; x_wconf 90' lang='grc'><em>¹</em></span> <span class='ocrx_word' id='word_1_709' title='bbox 451 5597 657 5688; x_wconf 79' lang='lat' dir='ltr'><strong>lebant,</strong></span> <span class='ocrx_word' id='word_1_710' title='bbox 688 5639 952 5694; x_wconf 85' lang='lat' dir='ltr'><strong>quercum</strong></span> <span class='ocrx_word' id='word_1_711' title='bbox 970 5597 1444 5694; x_wconf 70' lang='lat' dir='ltr'><strong>ingrediebantur,</strong></span> <span class='ocrx_word' id='word_1_712' title='bbox 1471 5638 1535 5680; x_wconf 89' lang='lat' dir='ltr'><strong>ac</strong></span> <span class='ocrx_word' id='word_1_713' title='bbox 1559 5634 1675 5679; x_wconf 91' lang='lat' dir='ltr'><strong>tum</strong></span> <span class='ocrx_word' id='word_1_714' title='bbox 1704 5624 1966 5681; x_wconf 66' lang='lat' dir='ltr'><strong>movebat:</strong></span> 
     </span>
    </p>
   </div>
   <div class='ocr_carea' id='block_1_100' title="bbox 2089 5597 3715 5694">
    <p class='ocr_par' dir='ltr' id='par_1_100' title="bbox 2129 5597 3715 5689">
     <span class='ocr_line' id='line_1_101' title="bbox 2129 5597 3715 5689; baseline -0.011 -18"><span class='ocrx_word' id='word_1_715' title='bbox 2129 5617 2379 5689; x_wconf 76' lang='grc' dir='ltr'>εἰσῄεσαν</span> <span class='ocrx_word' id='word_1_716' title='bbox 2408 5616 2454 5667; x_wconf 82' lang='grc' dir='ltr'>οἱ</span> <span class='ocrx_word' id='word_1_717' title='bbox 2480 5610 2864 5684; x_wconf 77' lang='grc' dir='ltr'>μαντευόμενοι</span> <span class='ocrx_word' id='word_1_718' title='bbox 2892 5624 2965 5660; x_wconf 88' lang='grc' dir='ltr'><strong>πα</strong></span> <span class='ocrx_word' id='word_1_719' title='bbox 2975 5605 3041 5677; x_wconf 72' lang='grc' dir='ltr'><strong>ρὰ</strong></span> <span class='ocrx_word' id='word_1_720' title='bbox 3063 5605 3161 5677; x_wconf 75' lang='grc' dir='ltr'><strong>τὴν</strong></span> <span class='ocrx_word' id='word_1_721' title='bbox 3185 5602 3334 5677; x_wconf 89' lang='grc' dir='ltr'>δρῦν,</span> <span class='ocrx_word' id='word_1_722' title='bbox 3358 5602 3451 5656; x_wconf 63' lang='grc' dir='ltr'>καὶ</span> <span class='ocrx_word' id='word_1_723' title='bbox 3476 5597 3715 5653; x_wconf 63' lang='grc' dir='ltr'>ἐκινεῖτο</span> 
     </span>
    </p>
   </div>
   <div class='ocr_carea' id='block_1_101' title="bbox 2270 5167 3560 5248">
    <p class='ocr_par' dir='ltr' id='par_1_101' title="bbox 2270 5167 3560 5248">
     <span class='ocr_line' id='line_1_102' title="bbox 2270 5167 3560 5248; baseline -0.012 -11"><span class='ocrx_word' id='word_1_724' title='bbox 2270 5182 2354 5236; x_wconf 69' lang='grc' dir='ltr'>ιθν.</span> <span class='ocrx_word' id='word_1_725' title='bbox 2396 5181 2537 5248; x_wconf 79' lang='grc' dir='ltr'>Περὶ</span> <span class='ocrx_word' id='word_1_726' title='bbox 2578 5177 2685 5232; x_wconf 83' lang='grc' dir='ltr'><strong>τοῦ</strong></span> <span class='ocrx_word' id='word_1_727' title='bbox 2726 5175 2978 5243; x_wconf 71' lang='grc' dir='ltr'>λέϐητος</span> <span class='ocrx_word' id='word_1_728' title='bbox 3007 5170 3094 5242; x_wconf 81' lang='grc' dir='ltr'>μὴ</span> <span class='ocrx_word' id='word_1_729' title='bbox 3135 5167 3560 5241; x_wconf 70' lang='grc' dir='ltr'>φθεγγομένου.</span> 
     </span>
    </p>
   </div>
   <div class='ocr_carea' id='block_1_102' title="bbox 2208 5322 3706 5407">
    <p class='ocr_par' dir='ltr' id='par_1_102' title="bbox 2208 5322 3706 5407">
     <span class='ocr_line' id='line_1_103' title="bbox 2208 5322 3706 5407; baseline -0.014 -10"><span class='ocrx_word' id='word_1_730' title='bbox 2208 5342 2274 5396; x_wconf 78' lang='grc' dir='ltr'><strong>Ἦ</strong></span> <span class='ocrx_word' id='word_1_731' title='bbox 2314 5337 2544 5407; x_wconf 81' lang='grc' dir='ltr'>Δωδώνη</span> <span class='ocrx_word' id='word_1_732' title='bbox 2590 5335 2745 5398; x_wconf 89' lang='grc' dir='ltr'>πόλις</span> <span class='ocrx_word' id='word_1_733' title='bbox 2781 5333 2929 5387; x_wconf 79' lang='grc' dir='ltr'>ἐστὶν</span> <span class='ocrx_word' id='word_1_734' title='bbox 2963 5332 3023 5385; x_wconf 77' lang='grc' dir='ltr'>ἐν</span> <span class='ocrx_word' id='word_1_735' title='bbox 3065 5332 3131 5400; x_wconf 80' lang='grc' dir='ltr'>τῇ</span> <span class='ocrx_word' id='word_1_736' title='bbox 3174 5326 3415 5397; x_wconf 84' lang='grc' dir='ltr'>Ἠπείρῳ</span> <span class='ocrx_word' id='word_1_737' title='bbox 3448 5322 3706 5394; x_wconf 82' lang='grc' dir='ltr'>κειμένη.</span> 
     </span>
    </p>
   </div>
   <div class='ocr_carea' id='block_1_103' title="bbox 532 5754 1441 5827">
    <p class='ocr_par' dir='ltr' id='par_1_103' title="bbox 532 5754 1441 5827">
     <span class='ocr_line' id='line_1_104' title="bbox 532 5754 1441 5827; baseline -0.006 -14"><span class='ocrx_word' id='word_1_738' title='bbox 532 5756 644 5827; x_wconf 71' lang='lat'><strong>(51)</strong></span> <span class='ocrx_word' id='word_1_739' title='bbox 669 5754 882 5814; x_wconf 82' lang='lat' dir='ltr'><strong>inclusa</strong></span> <span class='ocrx_word' id='word_1_740' title='bbox 913 5756 1113 5811; x_wconf 86' lang='lat' dir='ltr'><strong>desunt</strong></span> <span class='ocrx_word' id='word_1_741' title='bbox 1138 5756 1191 5810; x_wconf 88' lang='lat' dir='ltr'><strong>in</strong></span> <span class='ocrx_word' id='word_1_742' title='bbox 1228 5754 1441 5811; x_wconf 65' lang='lat' dir='ltr'><strong>Graeco.</strong></span> 
     </span>
    </p>
   </div>
  </div>
