3856 6220
226 277 252 330 1
266 277 374 334 045

1069 281 1159 335 AD
1201 285 1259 338 S.
1307 283 1636 340 GREGOBII
1676 286 1891 343 OBAT.
1932 286 1981 342 ll‘
2018 286 2298 344 CONTRA
2336 285 2711 343 JULIANUM.

3350 289 3490 345 10-56

223 389 389 460 δῆθεν
418 391 452 460 ή
490 389 620 461 δρῦς
640 408 652 419 ·
675 390 768 444 καὶ
793 391 976 445 λοιπὸν
1010 393 1340 464 ἐφθέγγοντο
1364 399 1417 450 αἱ
1434 401 1688 466 γυναῖκες
1716 399 1800 451 λέ-

1911 399 2122 455 scilicet
2163 414 2425 470 quercus,
2458 407 2760 470 posteaque
2794 398 3159 469 loquebantur
3204 399 3487 464 mulieres,

222 499 445 549 γουσαι,
473 484 555 536 ὅτι
587 484 724 537 Τάδε
754 485 1007 555 προλέγει
1033 490 1062 540 6
1083 489 1235 553 Ζεύς..
1273 491 1345 542 Τὸ
1379 491 1434 544 δὲ
1465 490 1705 562 περὶτοῦ
1728 492 1815 545 λέ-

223 575 391 644 ϐητος
417 576 657 629 τοιοῦτόν
683 579 861 630 ἐστιν·
903 579 990 630 Ἐν
1014 579 1182 651 ταύτῃ
1210 583 1275 652 τῇ
1307 580 1534 655 Δωδώνῃ
1571 583 1811 651 λέγεται,

223 667 310 719 ὅτι
348 669 407 720 ἐν
441 668 562 738 ὕψει
596 670 703 722 τινὶ
749 670 934 723 ἵστατο
984 672 1208 742 ἀνδριὰς
1261 675 1544 743 βαστάζων
1595 677 1810 747 ῥάϐδον,

223 761 323 811 atii
371 758 503 829 παρ’
524 760 686 813 αὑτὸν
716 759 876 832 λέϐης
905 778 989 824 τις
1028 762 1229 817 ἵστατο.
1261 766 1321 818 Ol
1350 761 1442 819 οὖν
1474 767 1810 837 μαντευόμε-

223 865 309 900 νοι
333 891 348 912 ,
383 849 612 918 ἤρχοντο
658 851 808 920 παρὰ
844 852 936 904 τὸν
981 852 1142 906 τόπον
1170 853 1393 920 τοῦτον,
1431 856 1527 909 καὶ
1562 855 1806 928 ηὔχοντο.

225 937 359 990 Ὅτε
380 934 470 991 οὖν
493 939 650 1008 ἠθελε
679 942 1074 1013 χρησμῳδῆσαι
1111 945 1293 1009 αὐτοῖς
1317 948 1344 998 6
1366 946 1506 1010 Θεὸς,
1536 950 1564 1001 ὁ
1591 949 1811 1019 ἀνδριὰς

222 1032 433 1094 ἐκεῖνος
462 1032 616 1086 ἔπαιε
647 1038 714 1105 τῇ
749 1036 930 1107 ῥάϐδῳ
962 1038 1054 1092 τὸν
1083 1037 1283 1110 λέϐητα
1303 1058 1315 1070 ·
1344 1035 1460 1095 εἶτα
1505 1045 1626 1114 ῆχει
1662 1046 1690 1097 ὀ
1722 1045 1810 1098 λέ-

223 1122 349 1192 ϐης.
386 1126 478 1178 καὶ
521 1127 586 1178 ἐκ
624 1128 717 1181 τοῦ
757 1129 982 1200 λέϐητος
1019 1127 1150 1202 ἦχός
1177 1151 1262 1196 τις
1293 1136 1604 1189 ἀπετελεῖτο
1651 1139 1809 1210 ἐναρ·

226 1213 414 1282 μόνιος
439 1234 452 1246 ο
487 1217 579 1270 καὶ
610 1219 963 1290 ἐνεφοροῦντο
988 1226 1043 1276 αἱ
1071 1227 1430 1297 προφήτιδες,
1478 1229 1573 1282 καὶ
1623 1230 1809 1300 ἔλεγον

219 1303 259 1358 ἃ
294 1306 475 1371 αὐτοῖς
503 1310 532 1362 6
563 1309 771 1380 δαίμων
795 1312 1068 1370 ἐνέϐαλλε.

673 1511 742 1558 κ’.
775 1507 914 1577 Περὶ
956 1510 1066 1577 τῆς
1119 1515 1362 1580 Πυθίας.
1475 1511 1486 1518 ’

294 1591 491 1683 φωκὶς,
518 1592 670 1666 χώρα
703 1597 854 1650 ἐστὶν
885 1602 943 1652 ἐν
979 1605 1044 1671 τῇ
1097 1603 1328 1659 Ἑλλάδι.
1374 1608 1460 1660 Ἐν
1491 1609 1661 1683 ταύτῃ
1690 1612 1800 1668 ἐστὶ

1915 490 2156 561 quidque
2193 492 2402 546 diceret
2443 491 2686 561 Jupiter,
2736 490 3148 546 renuntiabant.
3197 488 3272 544 De
3315 489 3492 544 lebeto

1914 587 2098 638 autem
2128 583 2203 637 ita
2227 599 2287 638 se
2317 582 2481 636 habet
2511 583 2745 638 historia
2777 601 2789 636 :
2826 582 2886 636 ln
2913 580 3105 638 eadem
3135 581 3272 634 urbe
3306 587 3488 634 statua

1913 674 2163 742 quaadam
2204 681 2325 729 erat
2357 675 2412 728 in
2442 675 2666 729 sublimi
2691 675 2928 744 quodam
2963 675 3087 731 loco
3134 683 3336 740 erecta,
3370 673 3490 728 vir-

1910 779 2034 836 gam
2061 775 2304 835 gestans,
2340 766 2490 820 circa
2521 780 2687 835 quam
2729 766 2879 821 lebes
2915 763 3140 836 quidam
3172 765 3316 820 ﬁxus
3343 772 3484 820 erat.

1910 857 2052 926 Ergo
2082 859 2177 927 qui
2205 859 2492 912 oraculum
2521 857 2906 921 consulebant,
2930 857 2998 911 ad
3038 857 3186 909 hunc
3223 856 3404 910 locum
3426 870 3489 910 se

1910 946 2287 1015 conferebant,
2311 963 2616 1018 precesque
2651 946 2974 1002 fundebant.
2991 946 3129 1001 Cum
3159 946 3327 1017 igitur
3349 947 3486 1017 ipsis

1909 1055 2173 1109 responsa
2201 1041 2333 1096 dare
2361 1043 2523 1097 vellet
2553 1042 2710 1106 deus,
2745 1049 2927 1098 statua
2956 1042 3048 1095 illa
3073 1040 3304 1096 lebetem
3332 1041 3483 1111 ﬁrga

1907 1130 2164 1194 feriebat,
2208 1148 2271 1185 ac
2303 1133 2572 1188 tinniebat
2603 1134 2774 1200 lebes,
2805 1134 3220 1202 concinnusque
3261 1133 3482 1202 quidam

1908 1238 2084 1278 sonus
2116 1238 2184 1276 ex
2222 1239 2289 1278 eo
2316 1223 2604 1280 edebatur.
2639 1223 2777 1278 Tum
2806 1239 2939 1280 vero
2968 1225 3194 1279 numine
3222 1222 3484 1278 afﬂaban-

1909 1324 1998 1369 tur
2027 1315 2414 1384 prophetissa},
2457 1331 2689 1387 quaeque
2720 1317 2858 1386 ipsis
2887 1316 3102 1370 daemon
3133 1315 3480 1386 suggerebat,

1905 1403 2290 1477 loquebantur.

2463 1518 2556 1573 eo.
2588 1518 2665 1573 De
2700 1518 2916 1589 Pythia.

1976 1605 2036 1663 ln
2070 1607 2332 1672 Phocide,
2361 1625 2482 1678 quae
2501 1609 2725 1664 Graeciae
2759 1611 2915 1680 regio
2945 1621 3049 1674 est,
3082 1609 3483 1680 Delphos.urbs

219 1681 389 1772 apok?
419 1685 728 1759 καλουμένη
773 1691 986 1759 Δελφοί.
1025 1695 1111 1746 Ἐν
1143 1695 1315 1768 ταύτῃ
1341 1699 1488 1752 ἐστὶν
1529 1681 1671 1772 ίερδν
1708 1703 1800 1757 τοῦ

1913 1708 2056 1763 erat,
2093 1702 2150 1754 in
2175 1716 2349 1769 eaque
2392 1700 2660 1770 Apollinis
2696 1703 2980 1769 templum,
3022 1700 3244 1755 nomine
3281 1699 3476 1771 Pytho.

240 1767 598 1838 Ἀπόλλωνος,
626 1774 654 1828 ὃ
674 1777 918 1832 καλεῖται
951 1781 1129 1834 Πυθώ.
1158 1785 1244 1838 Ἐν
1275 1767 1450 1859 τούτῳ
1478 1791 1556 1861 τῷ
1579 1767 1716 1862 ’ἱερῷ
1736 1789 1800 1863 ἦν

1911 1792 1965 1846 In
1999 1793 2105 1846 hoc
2134 1767 2300 1860 porro
2329 1767 2530 1861 templo
2571 1793 2751 1862 tripus
2782 1767 2922 1860 erat,
2961 1793 3268 1863 calculique
3291 1767 3480 1847 vatici-

218 1865 523 1934 ὁτρίπους,
558 1870 652 1923 καὶ
705 1873 761 1924 αἱ
809 1872 980 1942 ψῆφοι
1029 1877 1084 1928 αἱ
1128 1881 1406 1946 μαντικαί.
1455 1883 1563 1935 Καὶ
1611 1886 1667 1936 αἱ
1704 1885 1802 1954 μὲν

222 1959 484 2024 μαντικαὶ
505 1959 674 2030 ψῆφοι
696 1959 838 2033 ἦσαν
859 1968 916 2018 ἐν
932 1970 997 2038 τῇ
1023 1971 1186 2042 φιάλῃ
1207 1972 1300 2024 τοῦ
1318 1975 1582 2043 τρίποδος.
1612 1977 1802 2030 Ἡνίκα

215 2044 315 2099 οὖν
346 2049 376 2100 6
407 2053 808 2124 μαντευόμενος
864 2059 1050 2129 ἠρώτα
1105 2064 1231 2133 περὶ
1285 2065 1386 2134 τῆς
1439 2068 1714 2135 μαντείας,
1745 2071 1801 2122 αἱ

216 2137 391 2207 ψῆφοι
425 2141 648 2210 ἥλλοντο
679 2147 770 2199 καὶ
804 2149 1078 2204 ἐκινοῦντο
1115 2154 1174 2205 ἐν
1212 2157 1275 2224 τῇ
1320 2156 1507 2228 φιάλη.
1545 2159 1678 2210 Τότε
1709 2157 1800 2213 οὖν

216 2232 252 2299 ἡ
290 2229 587 2304 [προφῆτις
637 2239 722 2292 vel
775 2239 968 2313 ἱέρεια]
1023 2246 1370 2317 ἐνεφορεῖτο,
1408 2251 1498 2301 καὶ
1552 2249 1800 2318 ἕλεγενδι

216 2320 410 2411 ῆθελεν
437 2325 466 2376 6
506 2326 782 2382 Ἀπόλλων
810 2347 823 2360 ο
858 2333 1104 2400 ἐκαλεῖτο
1140 2337 1196 2389 δὲ
1226 2340 1258 2408 ὴ
1294 2342 1566 2411 προφῆτις
1599 2343 1796 2397 Πυθία.

216 2410 436 2505 Ταύτην
467 2416 804 2488 πληροῦσθαι
856 2420 1009 2478 εἶπεν
1050 2428 1282 2482 ἐνταῦθα
1319 2433 1411 2484 καὶ
1444 2410 1800 2505 ἐμφορεῖσθαι

215 2503 312 2556 καὶ
332 2505 730 2566 ἐνθουσιᾶσθαι.

591 2631 696 2678 κα’.
732 2627 872 2697 Περὶ
903 2629 1012 2699 τῆς
1045 2634 1411 2702 Κασταλίας.

283 2712 443 2785 Πηγὴ
474 2709 541 2786 ἦν
566 2717 625 2767 ἐν
648 2718 833 2794 Δάφνῃ
859 2725 922 2794 τῇ
953 2725 1096 2777 κατὰ
1127 2727 1474 2797 Ἀντιόχειαν,
1503 2729 1560 2782 ἐν
1643 2729 1797 2798 λέγε-

217 2816 305 2852 ται
357 2803 449 2855 τὸν
501 2806 809 2862 Ἀπόλλωνα
862 2814 1218 2885 παρεδρεύειν
1245 2860 1256 2878 ,
1289 2818 1383 2870 καὶ
1421 2819 1678 2888 μαντείας
1705 2821 1799 2873 καὶ

214 2895 498 2963 χρησμοὺς
519 2902 633 2962 τοῖς
656 2902 989 2972 ἐρχομένοις,
1012 2907 1141 2976 περὶ
1156 2906 1216 2959 τὸ
1233 2906 1378 2978 ὕδωρ
1399 2907 1687 2976 λέγεσθαι·
1713 2911 1799 2963 λέ-

223 3000 372 3052 γεται
389 2988 466 3049 δέ,
485 2991 566 3043 ὅτι
596 2992 757 3061 ἡνίκα
780 2995 1105 3064 ἐμαντεύετό
1121 3015 1202 3060 τις
1220 3003 1276 3050 ἐν
1305 2999 1380 3070 τῷ
1410 3001 1558 3071 τόπῳ
1590 3002 1762 3072 τούτῳ
1780 3043 1794 3068 ,

1905 1885 1981 1938 nii
2011 1884 2067 1938 in
2108 1884 2343 1953 tripodis
2394 1885 2596 1954 phiala.
2643 1887 2779 1941 Cum
2816 1901 2946 1956 ergo
2978 1887 3025 1942 is
3056 1887 3150 1956 qui
3187 1885 3479 1944 oraculum

1904 1977 2110 2040 adibat,
2144 1992 2468 2046 responsum
2504 1979 2745 2046 petebat,
2781 1979 2978 2033 calculi
3023 1979 3382 2049 prosiliebant
3415 1994 3480 2033 ac

1903 2067 2262 2122 movebantur
2295 2085 2307 2118 :
2343 2081 2406 2120 ac
2451 2074 2566 2120 tum
2618 2068 2991 2137 pr0phetissa,
3021 2084 3186 2138 quam
3227 2067 3478 2139 Pythiam

1901 2161 2242 2213 sacerdotem
2274 2159 2568 2221 vocabant,
2607 2160 2832 2214 numine
2864 2160 3213 2230 implebatur,
3235 2159 3482 2215 dicebat-

1901 2265 2008 2319 que
2043 2249 2309 2320 quidquid
2340 2251 2578 2320 Apollini
2604 2252 2967 2307 collibuisset.
3005 2251 3161 2317 Quod
3207 2252 3351 2306 enim
3379 2254 3480 2305 hoc

1900 2343 2022 2396 loco
2053 2343 2354 2412 Gregorius
2386 2358 2506 2398 eam
2540 2344 2755 2414 impleri
2783 2345 2881 2407 ait,
2910 2343 3051 2399 idem
3087 2353 3175 2399 est
3203 2343 3350 2414 quod
3379 2360 3480 2398 nu-

1901 2434 2048 2488 mine
2078 2433 2274 2488 afﬂari.

2440 2635 2528 2690 2|.
2565 2633 2642 2688 De
2667 2633 2932 2688 Castalia.

1968 2729 2204 2783 Castalia
2252 2726 2374 2782 fons
2420 2735 2540 2783 erat
2572 2727 2628 2780 in
2671 2726 2982 2790 Antiochia,
3033 2724 3123 2778 cui
3164 2724 3474 2794 Apollinem

1899 2819 2145 2874 assidere
2179 2824 2393 2872 veteres
2417 2816 2696 2880 dicebant,
2737 2823 2899 2885 atque
2930 2815 3152 2868 oracula
3180 2814 3246 2868 ad
3278 2830 3482 2885 aquam

1897 2912 2079 2967 edere.
2112 2911 2360 2979 Cumque
2385 2923 2451 2964 eo
2469 2908 2691 2978 quidam
2721 2897 2933 2962 eraculi
2959 2907 3284 2961 consulendi
3309 2921 3477 2961 causa

1901 3019 1959 3059 se
1987 3001 2369 3064 conferebant,
2396 3015 2537 3070 aqua
2570 3000 2683 3064 illa,
2714 3010 2774 3054 ut
2802 2999 3006 3066 ferunt,
3041 3013 3206 3054 auras
3232 3008 3287 3054 et
3315 2998 3478 3055 ﬂatus

213 3073 389 3146 αὔρας
409 3077 562 3142 τινὰς
588 3082 683 3133 καὶ
715 3083 884 3147 πνοὰς
904 3085 964 3138 τὸ
981 3086 1123 3158 ὕδωρ
1147 3088 1407 3153 ἀνεδίδου,
1438 3092 1530 3144 καὶ
1562 3093 1800 3147 ἀναδιδο-

1911 3095 2190 3148 emittebat
2229 3111 2241 3145 :
2285 3107 2349 3146 ac
2401 3103 2514 3146 tum
2560 3092 2896 3156 sacerdotes,
2946 3091 3041 3160 qui
3075 3091 3223 3146 circa
3268 3090 3476 3147 fontem

215 3167 396 3237 μένων
424 3171 531 3224 τῶν
552 3174 810 3228 τοιούτων
839 3180 1185 3248 πνευμάτων,
1206 3183 1252 3234 οἱ
1285 3183 1450 3254 ἱερεῖς
1480 3186 1528 3238 οί
1553 3188 1679 3258 περί
1700 3189 1798 3260 τὴν

212 3261 398 3330 πηγὴν
422 3262 802 3329 ἐνθουσιῶντες
823 3267 1026 3336 ἔλεγον,
1058 3270 1094 3324 ἃ
1128 3271 1317 3342 ἤθελεν
1341 3276 1370 3326 6
1396 3274 1625 3346 δαίμων.

438 3373 539 3443 κβ’.
578 3376 718 3442 Περὶ
758 3379 865 3432 τοῦ
911 3380 1285 3449 Ἀπόλλωνος
1321 3384 1582 3452 ἀφώνου.

283 3465 419 3536 Περὶ
453 3466 643 3519 τούτου
683 3469 865 3522 τοίνυν
905 3471 999 3522 τοῦ
1030 3472 1343 3543 ἀνδριάντος
1382 3476 1484 3528 ποῦ
1517 3495 1575 3530 τε
1615 3477 1800 3532 ἵστατο

212 3557 308 3609 καὶ
341 3557 458 3620 πῶς
493 3559 810 3630 ἐφθέγγετο,
848 3565 1011 3633 ἡμεῖς
1048 3565 1146 3634 οὐχ
1194 3569 1578 3638 ἱστορήσαμεν.
1615 3573 1708 3624 Δεῖ
1741 3573 1797 3626 δὲ

211 3648 458 3719 νομίζειν
492 3647 632 3705 εἶναι
672 3653 763 3706 τὸν
799 3656 1091 3725 ἀνδριάντα
1127 3660 1186 3710 ἐν
1229 3659 1470 3726 Δελφοῖς,
1508 3663 1601 3715 καὶ
1634 3664 1796 3716 αὐτὸν

210 3742 399 3812 φωνὴν
453 3743 724 3814 ἄναρθρον
775 3746 1195 3817 ἀποπέμποντα.
1236 3751 1449 3806 Είδέναι
1488 3754 1596 3826 γὰρ
1655 3755 1792 3827 χρὴ,

210 3835 294 3886 ὅτι
329 3835 384 3886 αἱ
416 3835 526 3888 τῶν
566 3837 1041 3907 δαιμόνωνιφωναὶ
1080 3842 1338 3914 άναρθροί
1382 3848 1487 3898 εἰσι
1515 3847 1602 3900 διὰ
1633 3848 1694 3900 τὸ
1722 3849 1796 3919 μὴ

209 3923 359 3993 ἔχειν
400 3925 607 3996 ὄργανα
639 3930 952 3998 φωνητικὰ,
979 3932 1126 3997 ὅπως
1167 3934 1548 3991 διατυπώσωσι
1581 3939 1678 4010 τὴν
1713 3940 1798 4004 ἐξ·

209 4017 516 4088 ερχομένην
543 4023 745 4091 φωνήν.

633 4133 736 4202 κγ’.
785 4136 921 4202 Περὶ
965 4134 1072 4203 τῆς
1115 4139 1375 4207 Δάφνης.

277 4223 494 4292 Δάφνη,
530 4225 691 4291 φησὶ,
717 4225 852 4295 κόρη
895 4227 1162 4297 ὑπῆρχεν,
1200 4231 1264 4281 ἐκ
1298 4231 1546 4296 Λάδωνος
1571 4234 1663 4287 τοῦ
1695 4252 1793 4288 πο-

209 4311 388 4383 ταμοῦ
431 4315 526 4366 καὶ
562 4314 670 4383 Γῆς
702 4316 804 4385 γῆς
830 4316 928 4387 τὴν
969 4318 1181 4384 γένεσιν
1225 4323 1590 4394 εύτυχήσασα.
1623 4327 1794 4398 Αὕτη,

1900 3197 2076 3252 erant,
2113 3203 2232 3257 quae
2258 3185 2522 3241 daemonis
2560 3185 2818 3238 voluntas
2847 3185 3090 3251 tulisset,
3113 3183 3391 3239 dicebant.

2389 3381 2479 3433 ‘22.
2509 3380 2585 3434 De
2609 3388 2790 3434 statua
2807 3389 2976 3434 muta.

1970 3471 2046 3528 De
2086 3472 2187 3527 hac
2217 3483 2418 3538 statua,
2453 3489 2552 3527 nec
2581 3487 2690 3542 quo
2729 3479 3003 3542 tempore,
3039 3486 3141 3526 nec
3174 3471 3267 3526 ubi
3294 3479 3479 3527 erecta

1898 3565 2086 3629 fuerit,
2127 3581 2230 3620 nec
2259 3565 2536 3636 quomodo
2567 3565 2918 3636 loquebatur,
2950 3563 3252 3634 quidquam
3301 3563 3480 3619 histo-

1898 3657 1996 3713 riis
2029 3657 2305 3726 proditum
2339 3657 2664 3726 reperimus.
2699 3654 3144 3710 Existimandum
3182 3662 3268 3711 est
3292 3665 3478 3710 autem

1899 3747 2217 3818 Delphicam
2240 3762 2462 3818 quoque
2491 3755 2755 3810 statuam,
2793 3762 2916 3800 cum
2955 3745 3121 3801 verba
3141 3744 3368 3807 faceret.
3396 3745 3482 3799 in-

1898 3841 2218 3896 articulatas
2240 3855 2408 3895 voces
2426 3840 2715 3893 extulisse.
2746 3837 2921 3894 Voces
2948 3839 3151 3908 quippe
3172 3836 3480 3892 daamonum

1899 3935 2124 3988 minime
2154 3933 2456 4010 articulate:
2491 3940 2639 3996 sunt,
2665 3947 2731 3985 eo
2757 3930 2902 4000 quod
2930 3931 3215 3984 vocalibus
3232 3929 3480 4000 organis,

1898 4028 2098 4098 quibus
2126 4033 2392 4082 exeuntes
2427 4040 2593 4079 voces
2623 4023 3035 4094 imprimantur,
3060 4031 3305 4077 careant.

2473 4139 2565 4192 23.
2600 4137 2673 4190 De
2704 4137 2884 4191 Lauro
2899 4176 2911 4188 .

1970 4231 2220 4302 Daphne.
2256 4239 2315 4284 ut
2352 4230 2534 4286 lerunt
2571 4229 2790 4296 fabulae,
2822 4228 3064 4284 Ladonis
3083 4231 3264 4284 amnis
3290 4230 3400 4296 (55)
3429 4241 3483 4286 et

1898 4321 2080 4376 Terra:
2115 4320 2220 4376 ﬁlia
2251 4329 2391 4376 erat.
2434 4320 2561 4375 Haec
2594 4321 2792 4375 eximia
2831 4320 3018 4374 formae
3071 4320 3483 4390 pulchritudine

210 4405 376 4476 φησὶ,
415 4406 750 4478 περικαλλὴς
784 4425 839 4460 τε
872 4406 1004 4462 οὖσα
1038 4411 1114 4481 τῷ
1159 4412 1309 4478 εῖδει,
1337 4417 1428 4468 καὶ
1453 4416 1795 4489 ὡραῖζομένη

1911 4419 2064 4480 atque
2125 4410 2398 4479 elegantia
2464 4410 2775 4478 Apollinem
2853 4423 3040 4464 amore
3105 4407 3480 4472 inﬂammavit,

208 4503 331 4562 ταῖς
355 4497 512 4567 ὄψεσι
535 4538 548 4560 ,
585 4501 663 4563 εἰς
698 4501 877 4570 ἔρωτα
928 4503 1145 4574 ἐκίνησε
1181 4506 1274 4558 τὸν
1321 4508 1664 4562 Ἀπόλλωνα·
1693 4513 1799 4565 οδε

223 4590 503 4644 Ἀπόλλων
546 4592 865 4662 κινούμενος
888 4595 952 4646 ἐκ
999 4596 1093 4648 τοῦ
1139 4596 1340 4667 ἔρωτος
1361 4639 1375 4661 ,
1405 4601 1669 4656 ἐπεδίωκε
1700 4604 1798 4673 τὴν

209 4682 649 4750 Δάφνην,εἱ’πως
674 4683 882 4753 ἰσχύσει
913 4687 1267 4753 συγγενέσθαι
1289 4689 1448 4761 αὐτῇ.
1473 4692 1535 4744 Ἦ
1554 4689 1646 4745 οὖν
1664 4693 1798 4765 κόρη

209 4776 311 4844 τὴν
335 4775 632 4845 παρθενίαν
661 4776 923 4830 ἐθέλουσα
951 4778 1201 4845 φυλάξαι,
1237 4783 1302 4851 τῇ
1329 4783 1502 4854 οίκείᾳ
1543 4787 1711 4855 μητρὶ
1731 4790 1798 4858 τῇ

213 4865 290 4936 Γῇ
325 4863 671 4935 προσηύξατο
704 4866 970 4937 βοηθῆσαι
1002 4869 1162 4938 αὐτῇ.
1201 4871 1263 4921 Ἡ
1295 4869 1350 4922 δὲ
1378 4865 1450 4936 Γῆ
1483 4871 1797 4937 διανοίξασα

212 4960 341 5021 τοὺς
372 4960 569 5029 ἑαυτῆς
609 4959 841 5022 κόλπους
880 4959 1100 5023 ἐδέξατο
1147 4962 1246 5030 τὴν
1285 4961 1450 5014 παῖδα
1475 4980 1488 4992 °
1528 4965 1622 5016 καὶ
1657 4963 1795 5034 ψυχ-

213 5051 506 5120 αγωγῆσαι
540 5050 768 5103 θέλουσα
799 5051 890 5103 τὸν
925 5050 1064 5114 θεὸν,
1097 5053 1262 5119 φυτὸν
1290 5053 1490 5122 ἀνῆκεν
1511 5054 1799 5125 ὁμώνυμον

213 5147 281 5214 τῇ
313 5143 480 5215 κόρῃ·
507 5143 644 5214 ὅπερ
676 5142 854 5195 λαϐὼν
874 5145 902 5196 6
938 5143 1226 5207 Ἀπόλλων,
1247 5145 1499 5213 στέφεται
1531 5149 1680 5218 παρὰ
1710 5149 1799 5202 τὸν

215 5232 478 5303 τρίποδα,
507 5232 1007 5303 ψυχαγωγούμενος
1061 5236 1180 5287 ἀντὶ
1238 5234 1340 5304 τῆς
1396 5236 1676 5309 ἐρωμένης
1722 5239 1801 5310 τῷ

217 5327 370 5398 φυτῷ
396 5327 496 5395 τῆς
525 5325 758 5396 Δάφνης.

477 5439 574 5492 κδ’.
618 5440 759 5508 Περὶ
799 5441 1093 5494 Διονύσου
1137 5441 1530 5515 ἀνδρογύνου.

285 5533 389 5585 Τὸν
426 5533 679 5585 Διόνυσον
727 5532 946 5600 λέγουσι
988 5533 1084 5586 καὶ
1124 5533 1193 5586 τὰ
1231 5533 1439 5604 ἀνδρῶν
1473 5539 1666 5600 ποιεῖν,
1709 5537 1802 5590 καὶ

219 5623 287 5680 τὰ
313 5624 588 5691 γυναικῶν
639 5625 868 5694 πάσχειν
897 5641 912 5657 ·
945 5625 1037 5678 καὶ
1086 5624 1183 5688 τὰς
1217 5625 1432 5695 Βάκχας
1485 5629 1610 5697 περὶ
1641 5629 1802 5683 αὐτὸν

289 5760 405 5832 (55)
448 5762 622 5818 Penes
659 5761 807 5818 ﬂuvii
837 5761 944 5818 ﬂlia
974 5763 1175 5819 dicitur
1206 5764 1361 5820 Ovid.
1391 5763 1609 5820 Metam.

1899 4502 2093 4572 Apollo
2143 4508 2327 4556 autem
2381 4501 2588 4554 amoris
2644 4501 2885 4555 stimulis
2940 4501 3204 4556 incitatus
3245 4503 3481 4572 puellam

1899 4593 2353 4662 persequebatur,
2384 4599 2446 4644 ut
2471 4608 2534 4647 ea
2564 4593 2856 4661 potiretur.
2882 4595 2952 4646 At
2986 4595 3080 4648 illa
3111 4595 3484 4665 virginitatem

1898 4685 2042 4737 tueri
2076 4684 2326 4752 cupiens.
2359 4685 2606 4753 parentis
2633 4685 2820 4740 Terra:
2845 4701 3002 4757 opem
3026 4689 3257 4758 supplex
3290 4690 3484 4759 implo-

1897 4776 2057 4828 ravit.
2087 4774 2325 4830 Proinde
2352 4784 2527 4829 mater
2549 4784 2740 4846 aperto
2766 4779 2890 4833 sinu
2913 4795 3016 4834 suo
3040 4791 3226 4835 natam
3246 4783 3481 4851 excepit,

1899 4877 2061 4938 atque
2091 4868 2144 4921 in
2173 4868 2440 4937 Apollinis
2466 4869 2723 4924 solatium
2758 4872 3011 4926 arborem
3060 4874 3252 4942 puella:
3281 4889 3482 4944 cogno-

1889 4960 2100 5039 minem
2141 4960 2391 5029 protulit.
2426 4960 2601 5026 Ouam
2634 4977 2760 5016 cum
2784 4964 2873 5017 ille
2897 4965 3222 5034 accepisset,
3243 4982 3305 5020 ea
3334 4965 3481 5035 apud

1898 5051 2165 5120 tripodem
2199 5052 2416 5106 cinctus
2443 5059 2546 5115 est,
2581 5061 2640 5106 ut
2677 5054 2779 5109 hac
2807 5056 3024 5112 ratione
3055 5055 3325 5111 adamata:
3372 5057 3481 5111 Da—

1900 5144 2072 5213 phnes
2103 5143 2436 5199 desiderium
2469 5145 2682 5201 leniret.

2288 5445 2377 5498 ‘24.
2416 5445 2487 5498 De
2519 5446 2728 5501 Baccho
2762 5448 3092 5519 androgyno.

1977 5535 2249 5590 Bacchum
2310 5537 2492 5592 ferunt
2527 5548 2580 5592 et
2634 5541 2937 5594 masculam
2993 5541 3278 5598 libidinem
3319 5562 3482 5600 exere

1908 5646 2054 5696 cere,
2091 5637 2144 5684 et
2175 5628 2464 5686 femineam
2525 5633 2656 5702 pati,
2701 5649 2764 5689 ac
2801 5632 3138 5691 Maenadibus
3181 5650 3484 5695 Circumsev
3515 5679 3518 5682 -
