3856 6220
379 219 512 273 104⁸7

1720 219 2001 277 NONNUS
2035 221 2259 279 ABBAS

3502 232 3647 290 ιοιδ

372 339 527 400 ptum
564 343 708 384 esse.
746 328 1138 397 Smpenumcro
1177 329 1419 386 diximus
1448 346 1572 385 eum
1606 332 1718 386 vini
1760 342 1943 387 aucto-

2061 336 2321 406 μαινάδας
2354 338 2653 409 γενομένας
2685 342 3063 413 ἐκϐακχεύειν,
3088 342 3183 397 καὶ
3208 344 3339 408 τοὺς
3366 343 3647 418 Σατύρους

371 436 489 476 rem
523 435 587 474 ac
635 420 924 492 praesidem
956 435 1100 484 esse,
1134 421 1382 491 illudque
1417 431 1472 477 et
1511 422 1648 479 viris
1677 430 1731 477 et
1764 424 1959 478 mulie-

370 510 527 565 ribus
576 509 817 573 dedisse,
870 523 978 578 quo
1021 510 1340 579 ingurgitati
1388 522 1553 581 atque
1610 512 1793 566 obruti
1830 528 1956 584 pro-

370 605 583 657 miscue
605 601 838 658 choreas
865 611 1056 673 agunt.
1095 601 1322 673 Satyros
1343 612 1524 658 autem
1557 614 1803 675 pastores
1831 621 1957 661 esse

372 695 562 760 aiunt;
591 703 720 749 sunt
755 703 935 749 tamen
956 695 1048 765 qui
1090 710 1185 750 eos
1213 696 1488 752 daemones
1520 697 1789 766 quosdam
1817 696 1954 750 Bae-

371 786 460 839 elti
489 788 727 841 asseclas
757 801 882 841 esse
928 787 1267 841 existiment.
1319 786 1394 842 De
1432 787 1624 844 Phallo
1669 792 1956 859 superiore

372 879 625 932 oratione
643 877 908 942 diximus,
931 880 1190 933 nimirum
1214 881 1539 935 sceleratum
1563 896 1627 936 ac
1680 883 1953 939 nefarium

369 969 666 1038 quemdam
700 972 982 1025 hominem
1028 970 1201 1027 fuisse
1233 981 1392 1041 turpe
1441 980 1606 1043 atque
1650 975 1954 1030 obscenum

366 1071 647 1114 veretrum
670 1061 962 1116 habentem
996 1081 1009 1114 :
1044 1063 1111 1116 ad
1146 1065 1308 1133 cujus
1340 1065 1756 1120 similitudinem
1800 1066 1952 1120 mimi

368 1164 563 1220 penem
586 1166 650 1205 ex
676 1152 910 1222 pellibus
940 1152 1224 1223 effingunt,
1249 1164 1559 1225 vocantque
1614 1155 1954 1227 φαλητάριον

366 1256 602 1310 eumque
634 1242 688 1295 in
722 1242 1155 1299 bacchanalibus
1186 1260 1282 1316 per
1307 1246 1493 1300 ludum
1517 1245 1949 1301 circumierunt:

367 1335 423 1386 in
456 1348 631 1404 eoque
655 1336 784 1390 olim
821 1336 1021 1406 perditi
1060 1337 1141 1391 illi
1174 1338 1428 1393 homines
1460 1339 1840 1392 initiabantur.

749 1648 841 1701 25.
877 1647 951 1701 De
984 1647 1186 1703 Semele
1213 1658 1261 1699 et
1308 1650 1558 1701 tonitrua.

441 1759 658 1817 Semele
671 1759 865 1815 Cadmi
887 1760 996 1815 filia
1014 1776 1045 1814 a
1062 1759 1195 1816 Jove
1219 1771 1396 1815 amata
1423 1771 1588 1831 atque
1605 1776 1946 1831 compressa,

364 1852 643 1907 Bacchum
662 1867 731 1908 ex
761 1869 827 1908 eo
862 1856 1138 1923 concepit.
1169 1853 1291 1920 Quo
1324 1854 1546 1909 nomine
1574 1852 1718 1907 Juno
1740 1854 1948 1923 zeloty-

366 1945 469 2014 piae
503 1944 721 1999 facibus
764 1942 1104 1999 inﬂammata
1140 1945 1196 1999 in
1228 1944 1473 1999 Semeles
1505 1944 1780 2000 nutricem
1828 1960 1950 2001 sese

366 2035 815 2099 transformavit,
855 2037 1263 2106 petendumque
1310 2036 1414 2104 ipsi
1447 2051 1478 2089 a
1526 2033 1662 2091 Jove
1709 2037 1948 2100 censuit,

367 2139 426 2184 ut
456 2145 583 2183 cum
611 2143 675 2184 ea
704 2130 781 2182 ita
806 2127 1265 2186 consuetudinem
1304 2128 1551 2190 haberet,
1593 2128 1950 2198 quemadmo-

365 2221 497 2275 dum
531 2235 657 2275 cum
702 2219 921 2277 Junone
964 2222 1366 2279 consuevisset.
1408 2219 1713 2275 Consuevit
1764 2228 1949 2272 autem

365 2329 490 2367 cum
526 2314 774 2377 tonitruo
796 2322 850 2368 et
891 2313 1143 2367 fulmine.
1177 2311 1292 2366 Hoc
1335 2327 1500 2382 porro
1537 2311 1830 2367 concilium
1867 2310 1950 2364 id-

365 2406 517 2460 circo
560 2406 611 2460 ei
645 2404 789 2459 Juno
821 2405 992 2469 dedit,
1030 2412 1091 2458 ut
1119 2403 1255 2460 Jove
1284 2405 1353 2458 ad
1381 2419 1503 2459 eam
1543 2418 1671 2457 cum
1703 2404 1951 2457 tonitruo

365 2496 660 2552 accedente
692 2496 985 2551 confestim
1025 2496 1137 2557 illa,
1186 2507 1243 2550 ut
1294 2497 1569 2559 mortalis,
1603 2495 1947 2566 deflagraret,

366 2600 532 2662 atque
563 2591 639 2643 ita
662 2589 858 2659 pellice
891 2588 1307 2659 defungeretur,
1352 2589 1498 2658 quod
1524 2589 1689 2643 etiam
1722 2589 1945 2641 accidit.

365 2679 500 2734 Nam
533 2696 660 2734 cum
705 2679 918 2750 Jupiter
948 2679 1012 2735 ad
1066 2677 1338 2733 Setnelcm
1377 2680 1642 2742 venisset,
1675 2679 1949 2748 petiisset-

364 2789 470 2843 que
504 2772 618 2833 illa,
648 2785 704 2825 ut
733 2772 926 2826 eodem
959 2769 1122 2825 modo
1149 2786 1332 2826 secum
1357 2771 1808 2840 congrederetur,
1839 2786 1949 2838 quo

364 2882 495 2920 cum
529 2862 748 2919 Junone
798 2863 1012 2919 solebat
1066 2882 1080 2918 :
1133 2864 1490 2933 congreditur
1547 2863 1656 2927 ille,
1713 2878 1948 2933 eamque

365 2956 597 3011 fulmine
630 2955 907 3026 oppressit
938 2976 949 3012 :
982 2970 1047 3009 ac
1078 2964 1195 3009 tmn
1218 2964 1505 3025 acceptum
1529 2954 1831 3019 Bacchum,
1868 2955 1947 3010 fc-

2059 429 2153 482 καὶ
2182 430 2308 493 τοὺς
2335 430 2621 502 Σειληνοὺς
2646 432 3072 507 ἐξορχουμένους
3104 436 3233 506 περὶ
3262 437 3446 492 αὐτόν.
3479 439 3649 493 Εἴπο-

2062 535 2160 588 μεν
2187 519 2244 574 δὲ
2286 520 2545 586 πολλάκις
2566 564 2580 586 ,
2610 525 2691 577 ὅτι
2723 525 2886 578 αὐτὸν
2918 525 3168 594 λέγουσιν
3198 523 3341 581 εἶναι
3371 527 3467 581 τοῦ
3496 528 3646 583 οἴνου

2057 609 2388 683 δημιουργὸν
2417 616 2511 668 καὶ
2538 616 2762 687 ἔφορονο
2809 619 2903 671 καὶ
2932 620 3015 672 ὃτι
3052 618 3252 673 δέδωκε
3279 621 3376 673 καὶ
3398 624 3516 686 ταῖς
3542 639 3647 690 γυ-

2058 704 2201 768 ναιξὶ
2229 707 2456 770 καὶτοῖς
2482 707 2729 781 ἀνδράσι,
2769 713 2861 764 καὶ
2894 711 3065 776 ἔπιον,
3109 712 3205 764 καὶ
3235 712 3646 783 ἐμεθύσθησαν,

2058 799 2150 851 καὶ
2189 798 2547 869 μεθυσθέντες
2580 802 2720 871 μετὰ
2750 802 2856 855 τῶν
2889 802 3165 871 γυναικῶν
3192 803 3487 875 χορεύουσι
3520 806 3650 876 περὶ

2056 891 2238 945 αὐτόν.
2266 893 2405 957 Τοὺς
2443 893 2498 948 δὲ
2546 895 2818 967 Σατύρους
2865 895 3112 964 λέγουσιν
3151 894 3293 951 εἶναι
3332 897 3594 968 ποιμένας
3628 915 3646 926 ·

2056 982 2203 1037 ἄλλοι
2254 984 2333 1048 δὲ,
2360 985 2539 1049 θείους
2568 987 2719 1048 τινάς
2764 988 3026 1057 δαίμονας
3066 987 3197 1059 περὶ
3238 988 3331 1042 τὸν
3366 991 3645 1043 Διόνυσον.

2057 1079 2193 1151 Περὶ
2227 1079 2283 1133 δὲ
2327 1078 2421 1133 τοῦ
2478 1080 2678 1150 φαλλοῦ
2724 1081 2827 1152 ἤδη
2878 1083 3184 1153 εἰρήκαμεν
3224 1083 3282 1136 ὲν
3325 1082 3407 1153 τῷ
3445 1081 3651 1153 πρώτῳ

2055 1168 2219 1239 λόγῳ,
2255 1170 2337 1223 ὅτι
2371 1170 2681 1243 ἀκάθαρτος
2712 1190 2793 1234 τις
2823 1167 2892 1243 ἦν
2920 1172 3119 1225 αἰδοῖον
3150 1171 3292 1243 ἔχων
3321 1172 3571 1245 αἰσχρὸν,
3598 1165 3651 1238 ᾧ

2054 1259 2297 1330 ὁμοιοῦσι
2330 1260 2425 1313 νῦν
2454 1264 2504 1315 οἱ
2529 1265 2685 1333 μῖμοι
2714 1263 3059 1335 δερμάτινον,
3086 1263 3114 1315 ὃ
3146 1264 3374 1317 καλοῦσι
3403 1264 3653 1335 φαλητά-

2057 1369 2170 1423 ριον
2193 1368 2204 1380 ·
2239 1354 2331 1405 καὶ
2357 1335 2515 1405 τοῦτο
2536 1352 2748 1423 ἔχουσιν
2772 1357 2829 1407 ὲν
2857 1358 2971 1418 τοῖς
3000 1356 3313 1419 Διονυσίοις,
3350 1355 3649 1425 φοροῦντες

2054 1444 2112 1496 ἐν
2151 1444 2421 1511 παιγνίοίς
2479 1447 2573 1497 καὶ
2621 1447 3004 1516 ἑορτάζουσιν,
3064 1450 3120 1499 ὲν
3167 1441 3210 1515 ᾧ
3246 1447 3369 1500 τότε
3427 1447 3651 1502 ἐτέλουν

2054 1536 2269 1588 ἐκεῖνοι.
2360 1588 2367 1593 .

2545 1656 2643 1701 κε’.
2684 1649 2818 1717 Περὶ
2856 1648 3143 1717 Σεμέλης.

2124 1759 2369 1832 Σεμέλη,
2406 1760 2631 1832 Κάδμου
2668 1759 2736 1833 ἦν
2790 1763 3061 1835 θυγάτηρ.
3098 1763 3317 1833 Ταύτης
3369 1765 3592 1836 ἠράσθη
3619 1768 3654 1818 6

2050 1851 2205 1914 Ζεὺς,
2230 1851 2325 1904 καὶ
2356 1854 2668 1921 συγγίνεται
2705 1856 2874 1925 αὐτῇ·
2909 1857 2942 1926 ἢ
2972 1856 3066 1908 καὶ
3108 1854 3460 1910 συλλαϐοῦσα
3497 1854 3653 1926 εῖχεν

2048 1943 2112 2007 ἐξ
2144 1945 2310 1998 αὐτοῦ
2333 1946 2426 2000 τὸν
2451 1947 2725 2000 Διόνυσον.
2769 1949 2832 2000 Ἢ
2871 1947 2927 2000 δὲ
2956 1948 3109 2018 ’Ἡρα
3133 1947 3457 2016 ζηλοτύπως
3482 1965 3655 2019 φερο-

2053 2034 2211 2105 μένη,
2259 2037 2654 2107 σχηματίζεται
2698 2039 2991 2113 πρόσωπον
3039 2039 3245 2109 τροφοῦ
3282 2040 3653 2111 ἐγνωσμένης

2048 2128 2114 2194 τῇ
2143 2126 2374 2197 Σεμέλῃ,
2414 2129 2509 2180 καὶ
2544 2128 2902 2199 συμϐουλεύει
2928 2130 3068 2200 αὐτῇ
3098 2132 3169 2201 τῇ
3212 2128 3423 2200 Σεμέλη
3455 2130 3653 2201 ὲγκύῳ

2048 2217 2203 2288 οὔσῃ,
2252 2218 2333 2271 ὅτι
2370 2217 2602 2288 Αἴτησαι
2641 2221 2731 2273 τὸν
2771 2220 2869 2273 Δία
2920 2219 3280 2288 συγγενέσθαι
3314 2237 3397 2273 σοι
3449 2219 3652 2292 ὥσπερ

2051 2309 2364 2378 συγγίνεται
2407 2315 2475 2382 τῇ
2507 2312 2677 2383 ”Ηρᾳ.
2712 2313 3032 2380 Συνεγίνετο
3063 2313 3122 2366 δὲ
3162 2316 3191 2366 ὁ
3227 2315 3364 2377 Ζεὺς
3394 2316 3464 2384 τῇ
3492 2314 3651 2385 Ἥρᾳ

2053 2403 2191 2471 μετὰ
2218 2401 2458 2475 βροντῶν
2485 2406 2580 2459 καὶ
2623 2406 2926 2478 κεραυνῶν.
2944 2406 3132 2461 Ταῦτα
3158 2407 3215 2460 δὲ
3250 2407 3651 2460 συνεϐούλευεν

2047 2496 2079 2562 ἡ
2115 2494 2263 2565 ’Ἦρα
2319 2498 2385 2565 τῇ
2438 2496 2670 2570 Σεμέλῃ,
2702 2498 2789 2552 ἴνα
2842 2499 3139 2570 ἐρχομένου
3190 2498 3284 2552 τοῦ
3324 2498 3446 2562 Διὸς
3498 2499 3649 2568 μετὰ

2049 2585 2328 2653 κεραυνῶν
2364 2588 2499 2658 πρὸς
2527 2589 2695 2657 αὐτὴν
2714 2630 2729 2653 ,
2757 2589 2831 2652 ὡς
2878 2589 3046 2660 θνητὴ
3094 2589 3642 2659 καταφλεχθήσεται,

2048 2672 2142 2722 καὶ
2179 2672 2373 2741 μηκέτι
2402 2673 2515 2743 ἔχοι
2545 2675 2644 2745 τὴν
2663 2677 2976 2748 άντίζηλοψ
3001 2680 3030 2731 ὃ
3054 2678 3117 2750 δὴ
3156 2680 3253 2733 καὶ
3286 2680 3498 2747 γέγονε.
3527 2678 3643 2732 Τοῦ

2046 2760 2156 2831 γὰρ
2176 2762 2294 2827 Διὸς
2320 2764 2565 2831 ἐλθόντος
2600 2770 2763 2822 πάλιν
2792 2772 2928 2840 πρὸς
2970 2773 3070 2842 τὴν
3092 2773 3357 2843 Σεμέλην,
3379 2772 3586 2843 ᾔτησεν
3607 2775 3646 2844 ἡ

2048 2849 2256 2922 Σεμέλη
2293 2854 2466 2920 οὕτως
2506 2860 2643 2930 αὐτῇ
2694 2863 3079 2930 συγγενέσθαι,
3112 2864 3189 2927 ὡς
3223 2868 3292 2935 τῇ
3327 2865 3510 2935 Ἥρᾳο
3543 2866 3646 2918 καὶ

2047 2941 2121 3004 ὡς
2168 2947 2482 3014 συνεγένετο
2532 2954 2701 3023 αὐτῇ,
2730 2954 3091 3025 κεραυνοῦται
3140 2956 3234 3009 καὶ
3272 2956 3575 3010 ἀπόλλυται
3606 2959 3644 3029 ἡ

364 3060 482 3103 ιυιιι
512 3048 691 3103 adhuc
737 3050 1091 3105 immaturum
1130 3046 1324 3100 femori
1358 3062 1460 3101 suo
1505 3048 1695 3113 insuit,
1730 3055 1943 3116 postea-

2051 3033 2281 3106 Σεμέλη.
2306 3040 2414 3093 Καὶ
2439 3042 2557 3095 τότε
2591 3043 2772 3098 λαϐὼν
2797 3048 2826 3099 ὁ
2852 3048 2985 3109 Ζεὺς
3006 3047 3097 3100 τὸν
3122 3049 3376 3102 Διόνυσον
3397 3047 3645 3118 ἔμϐρυον

362 3156 471 3211 que
494 3140 727 3210 septimo
759 3154 947 3194 mense
968 3139 1241 3193 accedens
1269 3136 1577 3193 Mercurius
1590 3136 1744 3194 Jovis
1772 3140 1949 3193 femur

363 3234 570 3302 aperuit
602 3250 614 3285 :
650 3232 840 3301 sicque
875 3238 1036 3283 natus
1062 3237 1146 3284 est
1182 3229 1434 3284 Bacchus
1465 3232 1791 3300 accepitque
1820 3246 1945 3284 eum

362 3324 598 3396 Jupiter,
618 3332 785 3392 atque
806 3323 864 3375 ln
890 3320 1091 3392 Nysam
1109 3318 1359 3374 Thracia:
1395 3321 1586 3374 urbem
1611 3319 1945 3390 deportavit,

364 3418 731 3492 nymphisque
767 3416 911 3497 lacte
936 3412 1193 3469 alendum
1218 3412 1466 3466 tradidit.

570 3638 662 3694 26.
698 3638 772 3692 De
800 3646 1021 3706 utroque
1053 3634 1180 3705 pede
1229 3633 1422 3689 claudo
1474 3632 1732 3689 Vulcano.

434 3776 676 3833 Claudus
722 3781 842 3829 erat
870 3771 1173 3842 Vulcanus,
1208 3770 1354 3826 unde
1390 3780 1444 3825 et
1480 3773 1816 3842 ἀμφιγυήεις
1859 3772 1943 3825 di-

364 3879 487 3926 ctus
517 3876 601 3921 est
645 3867 793 3935 (γυῖα
821 3840 968 3919 enim
988 3862 1231 3916 membra
1252 3861 1425 3928 sunt),
1472 3840 1593 3915 arte
1630 3840 1784 3915 faber
1809 3877 1947 3915 aera-

364 3965 501 4019 rius.
528 3960 629 4015 Hic
655 3958 923 4013 Venerem
943 3957 997 4008 in
1024 3955 1375 4007 matrimonio
1398 3954 1780 4024 habebat,qua
1802 3953 1945 4008 Mars

365 4074 462 4130 per
496 4054 824 4111 adulterium
857 4050 1065 4105 abusus
1090 4056 1193 4103 est.
1225 4048 1405 4117 Atque
1442 4063 1537 4103 eos
1572 4048 1628 4101 in
1656 4048 1777 4118 ipso
1808 4050 1943 4103 faci-

364 4165 499 4205 nore
545 4145 879 4202 constitutos
916 4141 1127 4211 laqueis
1159 4140 1534 4210 deprehendit.
1566 4140 1735 4195 Deum
1764 4156 1943 4197 autem

362 4257 488 4299 eum
528 4246 685 4295 vocat
712 4236 939 4306 fuligine
967 4249 1032 4289 ac
1063 4235 1211 4287 fumo
1258 4233 1539 4297 obsitum;
1569 4232 1763 4303 αἱθάλη
1798 4236 1944 4288 enim

363 4347 535 4404 genus
562 4338 645 4385 est
676 4329 809 4382 fumi
834 4327 1145 4383 crassioris.
1181 4325 1357 4379 Fumo
1384 4340 1550 4394 porro
1582 4325 1673 4379 ille
1707 4325 1945 4381 infectus

361 4434 501 4489 erat,
545 4433 602 4479 ut
642 4423 812 4477 faber.
853 4419 973 4475 Jam
1007 4436 1133 4474 eum
1173 4427 1292 4473 arte
1333 4418 1546 4472 clarum
1580 4426 1635 4473 et
1664 4420 1937 4491 insignem

362 4518 641 4590 appellant
671 4525 866 4586 poetae,
896 4513 1158 4583 quoniam
1208 4512 1445 4567 illustris
1495 4519 1615 4567 erat
1645 4513 1787 4582 apud
1817 4514 1942 4568 illos

359 4625 455 4664 ars
474 4608 706 4663 fabrilis.
726 4604 1037 4660 Thersitem
1055 4612 1237 4658 autem
1257 4603 1569 4674 Olympium
1587 4603 1793 4658 idcirco
1815 4621 1938 4659 eum

359 4708 521 4755 vocat
540 4697 839 4768 Gregorius
855 4697 1148 4751 :ﬂomerus
1178 4695 1322 4750 enim
1345 4694 1635 4765 quemdam
1662 4696 1937 4753 hominem

360 4794 574 4849 inducit
602 4791 913 4846 Thersitem
952 4791 1194 4851 nomine.
1220 4790 1500 4853 claudum,
1524 4790 1769 4860 gibbum,
1798 4802 1939 4846 stra-

359 4888 580 4951 bonem,
620 4883 836 4939 calvum
880 4897 942 4935 ac
970 4897 1258 4952 procacem
1294 4892 1348 4936 et
1378 4882 1735 4952 petulantem,
1757 4886 1942 4955 aitque

359 4982 507 5036 hunc
570 4977 885 5032 Graecorum
919 4985 1102 5031 castra
1144 4984 1420 5041 secutum,
1468 4991 1579 5029 non
1624 4985 1684 5029 ut
1737 4977 1937 5032 bellum

360 5081 598 5145 gereret,
664 5069 760 5125 sed
817 5078 877 5123 ut
942 5068 1203 5123 omnibus
1260 5066 1501 5122 ludibrio
1580 5078 1751 5123 esset.
1799 5069 1940 5136 Quo-

358 5166 505 5220 niam
542 5164 708 5235 igitur
743 5160 1026 5216 Vulcanus
1051 5160 1281 5215 claudus
1307 5170 1446 5224 erat,
1497 5158 1757 5230 fumoque
1791 5163 1940 5218 obsi-

357 5268 467 5319 tus,
506 5255 649 5311 Deus
688 5263 893 5317 vester,
926 5253 1105 5323 inquit
1129 5253 1196 5307 ad
1234 5252 1508 5317 etlmicos,
1541 5252 1828 5310 Thersites
1852 5264 1936 5311 est

358 5348 660 5420 Olympius,
707 5348 937 5402 claudus
995 5346 1256 5399 nimirum
1302 5353 1361 5399 ut
1392 5347 1504 5410 ille,
1535 5361 1600 5400 ac
1652 5363 1855 5418 procax
1881 5359 1937 5405 et

358 5441 633 5511 petulans.
665 5438 820 5505 Quod
846 5448 1029 5494 autem
1062 5454 1190 5492 mox
1222 5439 1493 5508 sequitur,
1522 5437 1775 5508 Nonjam
1806 5456 1934 5508 pro-

360 5539 478 5601 pter
512 5531 840 5586 adulterium
886 5531 1127 5585 vincitur
1154 5530 1390 5593 Mavors.
1421 5544 1484 5584 ex
1511 5528 1701 5584 eadem
1750 5531 1933 5588 fabula

361 5625 576 5692 pendet.
610 5622 755 5678 Mars
784 5637 932 5677 enim
967 5620 1299 5677 adulterium
1329 5637 1456 5677 cum
1491 5619 1702 5677 Venere
1739 5639 1936 5695 perpe-

358 5721 511 5772 trans
543 5711 776 5771 Vulcani
807 5716 1017 5787 laqueis
1066 5715 1314 5773 irretitus
1342 5723 1450 5776 est.
1485 5714 1645 5780 Quod
1678 5731 1805 5774 vero
1827 5717 1924 5773 ad-

2050 3124 2199 3191 ὅντα,
2236 3129 2473 3201 ἔρραψεν
2511 3136 2569 3186 ὲν
2608 3135 2685 3205 τῷ
2718 3137 2911 3191 ἑαυτοῦ
2954 3139 3147 3211 μηρῷ-
3184 3142 3279 3193 καὶ
3327 3140 3556 3211 ὕστερον
3580 3143 3644 3194 ὲν

2049 3216 2127 3288 τῷ
2169 3220 2382 3292 ἑϐδόμῳ
2431 3226 2560 3296 μηνὶ
2602 3226 2776 3281 ἐλθὼν
2814 3230 2843 3281 ὁ
2878 3230 3085 3301 Ἐρμῆς
3109 3272 3123 3296 ,
3160 3232 3496 3285 ἀναπτύσσει
3543 3233 3645 3287 τὸν

2052 3311 2226 3380 μηρὸν
2258 3312 2349 3365 τοῦ
2378 3316 2527 3381 Διὸς,
2564 3321 2659 3371 καὶ
2687 3323 2959 3387 γεννᾶται,
2987 3322 3063 3386 ὦς
3095 3340 3280 3391 φασιν,
3307 3326 3336 3376 6
3359 3324 3640 3389 Διόνυσος·

2050 3405 2143 3455 καὶ
2178 3404 2442 3475 λαμϐάνει
2480 3410 2642 3463 αὑτὸν
2675 3416 2754 3477 εἰς
2791 3414 3011 3467 Νύσσαν
3043 3415 3144 3485 τῆς
3193 3416 3435 3489 Θρᾴκης,
3469 3419 3643 3472 κάκεῖ

2049 3495 2201 3567 παρὰ
2228 3497 2333 3551 τῶν
2362 3501 2588 3571 νυμφῶν
2614 3504 3154 3578 γαλακτοτροφεῖται.

2417 3642 2529 3701 κς·’.
2573 3637 2711 3705 Περὶ
2752 3638 2860 3692 τοῦ
2914 3640 3254 3708 Ἡφαίστου.

2120 3766 2302 3831 Χωλδς
2318 3765 2386 3839 ἦν
2402 3770 2431 3822 ὀ
2467 3770 2794 3839 Ἥφαιστος,
2809 3774 2889 3827 διὸ
2908 3777 3300 3849 καὶάμφιγύης
3318 3796 3331 3809 ”
3361 3782 3487 3849 γυῖα
3521 3781 3642 3853 γὰρ

2047 3860 2115 3912 τὰ
2138 3861 2294 3933 μέλη.
2312 3858 2420 3915 Ἦν
2434 3864 2488 3916 δὲ
2507 3866 2740 3934 χαλκεὺς
2768 3868 2867 3939 τὴν
2886 3870 3102 3940 τέχνην.
3127 3871 3330 3925 Τούτου
3347 3873 3484 3945 γυνὴ
3504 3868 3577 3944 ἦν
3599 3878 3636 3947 ἡ

2061 3952 2367 4023 Ἀφροδίτη,
2388 3956 2480 4007 καὶ
2504 3955 2706 4026 ταύτην
2733 3959 3049 4029 ἐμοιχεύετο
3083 3964 3111 4013 ὁ
3150 3963 3215 4014 ’Δ
3227 3980 3345 4033 ρης.
3370 3964 3639 4035 Εὑρίσκει

2045 4039 2138 4097 οῦν
2162 4047 2191 4098 ὁ
2226 4046 2527 4115 ’Ἥφαιστος
2558 4047 2657 4118 τὴν
2687 4050 2933 4120 μοιχείαν
2962 4052 3260 4123 γενομένην
3306 4056 3507 4126 στήσας
3532 4058 3641 4111 πά-

2045 4150 2166 4202 γας.
2197 4132 2330 4186 Θεὸν
2348 4134 2404 4186 δὲ
2428 4136 2590 4188 αὑτὸν
2608 4137 2756 4205 λέγει
2776 4139 3234 4212 κατῃθαλωμένον
3252 4145 3346 4198 καὶ
3365 4162 3639 4200 κεκαπνι-

2048 4226 2245 4295 σμένον
2266 4242 2280 4255 θ
2316 4226 2511 4297 αἱθάλη
2543 4228 2670 4299 γάρ,
2710 4226 2849 4295 εἶδος
2874 4234 3083 4287 καπνοῦ
3120 4237 3429 4310 παχυτέρου
3449 4256 3464 4270 ’
3508 4244 3639 4296 ὲκε-

2046 4323 2310 4377 κάπνιστο
2339 4323 2416 4382 δὲ.
2447 4324 2523 4387 ὡς
2554 4325 2809 4395 χαλκεύς.
2852 4327 3230 4402 κλυτοτέχνην
3260 4333 3316 4385 δὲ
3347 4334 3510 4387 αὑτὸν
3535 4354 3637 4391 κα-

2046 4416 2228 4471 λοῦσιν
2280 4418 2330 4470 οί
2381 4420 2631 4488 ποιηταὶ,
2682 4418 2770 4472 διὰ
2818 4421 2878 4474 τὸ
2933 4421 3143 4488 ἔνδοξον
3198 4420 3340 4480 εἶναι
3396 4429 3461 4481 ἐκ
3528 4430 3637 4502 τῆς

2043 4511 2404 4582 χαλκευτικῆς
2434 4512 2649 4581 τέχνης,
2679 4513 2712 4584 ἦ
2738 4514 2835 4566 καὶ
2861 4514 2949 4568 διὰ
2968 4516 3030 4569 τὸ
3059 4517 3276 4585 εὐφυῶς
3308 4520 3479 4591 αὐτὴν
3508 4540 3635 4593 μετ-

2045 4605 2199 4658 ιέναι.
2266 4605 2533 4675 Θερσίτην
2591 4605 2649 4658 δὲ
2700 4606 2862 4662 αὐτὸν
2931 4608 3229 4678 Ὀλύμπιον
3285 4611 3471 4678 καλεῖ,
3537 4613 3635 4669 διὰ

2039 4696 2297 4767 τοιαύτην
2332 4697 2548 4750 αἰτίαν
2602 4698 2662 4750 Ὁ
2691 4699 2939 4770 Ὅμηρος
2978 4701 3225 4774 εἰσφέρει
3259 4698 3379 4757 τινὰ
3422 4705 3632 4776 ἄνθρω-

2041 4807 2141 4843 πον
2187 4790 2413 4860 ὀνόματι
2460 4790 2744 4862 Θερσίτην,
2784 4793 2877 4846 καὶ
2906 4794 3081 4864 χωλὸν
3124 4798 3219 4849 καὶ
3264 4798 3495 4870 στραϐὸν
3530 4804 3632 4856 καὶ

2040 4883 2238 4953 κυρτὸν
2290 4882 2384 4936 καὶ
2435 4883 2674 4954 μαδαρὸν
2724 4885 2820 4938 καὶ
2863 4887 3148 4957 προπετῆ·
3203 4889 3317 4954 καὶ,
3370 4893 3557 4963 φησιν,
3600 4896 3631 4949 6

2038 4976 2277 5040 τοιοῦτος
2312 4976 2595 5046 ἠκολούθει
2637 4977 2716 5047 τῷ
2768 4980 3137 5051 στρατοπέδῳ,
3185 4982 3248 5034 οὐ
3297 4983 3385 5036 διὰ
3426 4984 3488 5037 τὸ
3523 5002 3631 5038 πο-

2038 5069 2245 5139 λεμεῖν,
2290 5068 2428 5121 ἀλλά
2462 5068 2553 5122 διὰ
2598 5069 2657 5121 τὺ
2696 5070 2979 5138 γελᾶσθαι.
3028 5073 3181 5126 Ἐπεί⁸
3217 5069 3312 5128 οῦν
3353 5077 3383 5128 6
3426 5075 3622 5146 Ἥφαι-

2041 5178 2164 5224 στος
2192 5159 2363 5231 χωλὸς
2406 5156 2474 5232 ἦν
2513 5162 2609 5215 καὶ
2641 5164 3098 5234 κεκαπνισμένος,
3148 5166 3297 5235 λέγει
3331 5168 3516 5232 αὐτὸς.
3539 5171 3629 5226 ὅτι

2037 5253 2113 5314 ὡς
2161 5253 2429 5325 Θερσίτης
2473 5248 2541 5324 ἦν
2574 5256 2603 5307 ὁ
2642 5255 2946 5324 ’Ἥφαιστος
2987 5257 3163 5328 ὑμῶν.
3226 5260 3516 5331 Ὀλύμπιον
3561 5261 3626 5315 δὲ

2037 5345 2199 5398 αὐτὸν
2237 5341 2412 5411 εἶπεν,
2465 5346 2627 5399 οἱονεὶ
2673 5348 2955 5419 οὐράνιον·
3011 5350 3294 5424 Ὄλυμπος
3324 5354 3435 5425 γάρ
3473 5356 3503 5408 6
3529 5355 3623 5408 06-

2041 5437 2219 5508 ρανός.
2278 5438 2350 5490 Ἦ
2402 5436 2564 5492 πάλιν
2627 5438 2922 5510 Ὀλύμπιον
2982 5442 3147 5497 αὐτὸν
3184 5443 3327 5510 εἶπε,
3374 5445 3506 5499 διότι
3559 5446 3628 5514 ἐξ

2048 5529 2325 5601 Ὀλύμπου
2365 5525 2456 5601 ἦν,
2510 5531 2632 5602 ἥτις
2670 5531 2784 5602 εχει
2822 5532 2884 5586 τὸ
2935 5535 3298 5608 ἐργαστήριον
3346 5536 3545 5591 αὐτοῦ’
3595 5538 3629 5593 ὅ

2036 5622 2131 5676 καὶ
2159 5622 2263 5685 ἕως
2301 5619 2395 5674 νῦν
2435 5624 2493 5675 ὲν
2525 5626 2592 5695 τῇ
2628 5625 2802 5696 Λυκίᾳ
2829 5625 3045 5693 λέγεται
3075 5626 3215 5682 εἶναι
3249 5631 3305 5682 ἐν
3339 5629 3490 5700 τόπῳ
3517 5634 3628 5684 τινὶ

2035 5716 2134 5788 τῆς
2184 5714 2482 5788 Ὀλύμπου,
2531 5717 2590 5772 ἐν
2693 5718 3001 5791 αὐτόματον
3039 5719 3152 5794 πῦρ
3186 5721 3493 5778 ἀναδίδοται
3528 5722 3629 5778 καὶ
