3856 6220
168 287 304 345 1049

981 283 1075 338 AD
1108 284 1169 340 S.
1202 281 1537 339 GREGORII
1574 278 1787 339 ORAT.
1829 279 1873 335 ll
1911 278 2197 338 CONTRA
2234 279 2603 337 JULIANUM.

3298 286 3439 342 1650

166 402 554 474 ἐπωνόμασται
584 400 965 470 Ἦφαίστειονσ
999 402 1058 455 ὲν
1082 394 1128 470 ᾧ
1154 401 1306 474 τόπῳ
1335 404 1431 457 καὶ
1458 401 1585 457 ναὸν
1610 399 1759 471 αὐτῷ

1869 400 2063 472 iungit,
2104 400 2240 455 Cum
2282 408 2513 464 terrore,
2543 402 2740 456 timore
2781 409 2836 456 et
2887 403 3148 466 tumultu,
3178 401 3283 458 hoc
3316 403 3441 460 ideo

168 498 216 548 οί
259 495 387 548 τότε
440 493 707 565 ’Έλληνες
750 494 1072 565 ἀνήγειραν.
1143 494 1395 567 Ἀντικρὺ
1440 495 1501 550 δὲ
1543 492 1678 551 οὖσα
1721 497 1756 568 ἡ

120 658 127 663 _
170 585 456 657 Ὄλυμπος
506 587 606 656 τῆς
649 583 899 654 Κύπρου,
942 584 1071 638 ἔνθα
1109 585 1418 659 φυγοῦσαή
1468 589 1753 661 Ἀφροδίτη

165 677 483 748 κατῴκησε,
512 676 768 730 κάκεῖθεν
802 675 1138 747 ἠκολούθησε
1171 678 1248 750 τῷ
1283 680 1461 751 Ἄρει,
1491 682 1585 734 καὶ
1622 681 1754 752 ἔφυ-

163 786 260 837 γον
292 769 376 829 εἰς
406 767 500 820 τὸν
547 767 797 829 Λίϐανον,
832 769 995 822 κάκεῖ
1029 770 1090 823 τὸ
1136 774 1383 843 πορνεῖον
1421 773 1594 844 αὐτῆς
1629 791 1753 829 συν-

164 860 457 930 εστήσατο,
484 858 577 911 καὶ
604 857 796 911 ἐλαϐεν
829 860 947 911 ἐκεῖ
976 858 1071 911 καὶ
1099 858 1190 913 τὸν
1219 861 1466 916 Ἄδωνιν.
1487 861 1757 934 Θερσίτης

164 948 259 1007 οὖν
301 951 603 1022 Ὀλύμπιος
635 952 730 1005 καὶ
767 952 795 1004 6
818 951 991 1022 χωλὸς
1023 953 1117 1006 καὶ
1145 954 1426 1026 προπετὴς
1451 954 1576 1020 θεὸς
1598 956 1755 1027 ὑμῶν

162 1047 405 1118 εἴρηται.
442 1043 517 1098 Τὸ
560 1045 637 1107 δὲ,
668 1043 966 1114 Δεσμώτης
1009 1045 1181 1116 Ἀρης
1216 1044 1305 1099 διὰ
1337 1047 1604 1118 μοιχείαν,
1652 1049 1754 1120 τῆς

163 1138 339 1210 αὐτῆς
377 1138 674 1210 ἐξήρτηται
726 1136 987 1208 ἱστορίας.
1032 1137 1318 1208 Μοιχεύων
1365 1138 1475 1211 γάρ
1511 1141 1541 1193 6
1576 1142 1750 1213 ’Ἄρης

162 1227 264 1298 τὴν
293 1224 798 1299 ’Λφροδίτην,ὲδέθη
813 1227 935 1288 ταῖς
957 1225 1164 1292 πάγαις
1183 1225 1395 1295 ὑπὸντοῦ
1422 1226 1740 1295 Ἡφαίστου.

1855 494 2015 557 dicit,
2056 494 2188 563 quia
2246 493 2302 546 hi
2359 491 2589 549 Pollidis
2634 492 2753 560 filii,
2786 493 2977 549 Martis
3046 494 3236 549 famuli
3295 510 3439 561 esse,

1853 586 2154 656 Martisque
2187 585 2363 638 vicem
2389 584 2575 639 dolere
2601 584 2862 639 dicuntur
2900 604 2913 639 :
2950 593 3066 639 tum
3107 586 3272 640 etiam
3312 587 3441 655 quia

1854 678 2135 734 Vulcanus
2163 692 2265 731 nec
2300 685 2591 738 terrorem,
2624 694 2724 732 nec
2744 686 2971 740 metum,
3006 692 3110 733 nec
3144 678 3440 730 tumultum

1854 772 2157 842 pertimuit.
2192 771 2273 824 Ad
2311 770 2424 824 haec
2454 771 2801 825 vulneratum
2828 770 3004 825 fuisse
3051 769 3277 823 Martem
3321 769 3443 823 sub-

1856 863 2060 935 iungit,
2093 863 2356 933 quoniam
2401 870 2606 918 temere
2648 877 2901 932 pugnans
2946 878 2975 915 a
3016 861 3275 915 Diomede
3313 876 3442 915 sau-

1860 957 2039 1011 ciatus
2073 964 2177 1009 est.
2204 953 2361 1021 Quod
2394 954 2631 1024 denique
2668 953 2936 1009 Venerem
2977 955 3323 1008 meretricem
3353 966 3444 1021 ap-

1860 1051 2047 1121 pellat,
2085 1066 2209 1104 cum
2239 1049 2431 1103 eadem
2484 1048 2669 1102 fabula
2702 1048 2940 1102 cohaeret
2972 1065 2984 1100 :
3023 1062 3052 1099 a
3083 1045 3254 1100 Marte
3292 1045 3439 1099 enim

1857 1150 2217 1214 constuprata
2239 1150 2342 1198 est.
2375 1140 2469 1196 Vel
2498 1141 2659 1197 etiam
2685 1141 3027 1196 meretricem
3052 1155 3172 1195 eam
3205 1138 3277 1193 ob
3298 1139 3442 1191 hanc

1854 1250 2080 1292 causam
2131 1241 2315 1297 vocat,
2345 1234 2604 1302 quoniam
2646 1233 2893 1288 libidinis
2927 1247 2990 1287 ac
3038 1232 3220 1286 coitus
3251 1227 3444 1300 praesi-

160 1317 235 1370 T6
268 1318 347 1381 δὲ,
387 1317 528 1388 μετά
551 1317 647 1372 τοῦ
694 1317 882 1389 δειμοῦ
940 1317 1031 1369 καὶ
1095 1316 1190 1369 τοῦ
1255 1317 1424 1386 φόϐου
1487 1321 1582 1374 καὶ
1644 1322 1738 1377 τοῦ

1869 1331 1971 1384 lem
2001 1343 2120 1383 eam
2145 1342 2270 1383 esse
2300 1328 2534 1398 gentiles
2568 1326 2839 1380 afﬁrmant

161 1411 448 1482 κυδοιμοῦ,
481 1408 649 1482 λέγει,
687 1415 768 1466 δτι
804 1405 949 1465 οὗτοι
970 1409 1299 1480 θεράποντες
1362 1406 1502 1466 εἶναι
1568 1415 1818 1487 λέγονται
1863 1424 1959 1477 τοῦ
1998 1424 2227 1492 ΙἌρεος,
2282 1422 2389 1474 υἱοὶ
2437 1421 2494 1474 δὲ
2552 1420 2647 1474 τοῦ
2690 1420 2964 1491 πολέμου·
3020 1419 3113 1473 καὶ
3163 1419 3246 1472 ὅτι
3290 1409 3440 1471 οὗτοι

163 1503 584 1574 συμπεπόνθασι
642 1502 719 1574 τῷ
794 1502 986 1573 Ἀρει’
1053 1501 1149 1553 καὶ
1207 1501 1289 1554 ὅτι
1356 1503 1387 1555 6
1446 1505 1756 1577 ’Ἥφαιστος
1813 1515 1914 1568 οὐκ
1982 1512 2222 1584 ἐφοϐήθη
2276 1512 2368 1565 τὸν
2422 1512 2585 1581 φόϐον
2645 1511 2740 1566 καὶ
2797 1513 2890 1565 τὸν
2964 1511 3151 1581 δειμὸν
3209 1509 3305 1564 καὶ
3352 1509 3443 1561 τὸν

162 1594 445 1662 κυδοιμόν.
501 1593 857 1664 Τραυματίαν
900 1591 958 1644 δὲ
995 1591 1155 1645 καλεῖ
1180 1591 1271 1644 τὸν
1324 1594 1751 1674 Ἀρεα,,ἐπειδὴ
1818 1605 2033 1677 ἐτρώθη
2076 1604 2181 1657 ὑπὸ
2228 1603 2323 1657 τοῦ
2397 1602 2717 1674 Διομήδους,
2769 1603 3285 1675 προπητευσόμενος
3327 1601 3442 1673 (56)

160 1691 222 1742 ἐν
263 1687 345 1759 τῷ
380 1688 639 1760 πολέμῳ·
683 1688 843 1760 καὶὴ
883 1687 1139 1759 περὶτῆς
1184 1688 1508 1761 Ἀφροδίτης
1582 1695 1796 1768 ἱστορία
1853 1699 2106 1753 ἐντεῦθεν
2140 1698 2457 1772 ἐξήρτηται,
2502 1699 2586 1751 ὅτι
2616 1699 2791 1768 πόρνη
2833 1694 2920 1768 ἦν.
2978 1695 3302 1767 Ἐμοιχεύθη
3332 1700 3441 1769 γὰρ

162 1780 271 1833 ὺτδ
307 1778 404 1832 τοῦ
437 1781 653 1851 Ἀρεοςι
705 1781 799 1835 καὶ
864 1780 947 1833 δτι
986 1779 1081 1832 καὶ
1146 1778 1247 1848 τῆς
1298 1778 1499 1850 μίξεως
1536 1785 1706 1859 αὐτὴν
1787 1789 2040 1859 λέγουσιν
2091 1789 2287 1861 ἔφορον
2335 1786 2472 1843 εἶναι
2519 1789 2570 1841 οἱ
2617 1788 2900 1858 Ἕλληνες.
2959 1786 3058 1838 Διά
3088 1784 3245 1838 τοῦτο
3291 1780 3446 1841 εἶπεν

161 1873 339 1943 αὐτὴν
369 1875 681 1934 ὑπηρετεῖν.

371 2012 474 2078 κζ’.
535 2013 674 2082 Περὶ
736 2011 992 2082 Ἀθηνᾶς
1043 2014 1141 2067 καὶ
1195 2013 1545 2083 δράκοντος.

245 2126 305 2181 Ὀ
317 2126 478 2193 Ζεὺς,
497 2124 816 2196 βουλόμενος
832 2125 1142 2196 ἀποκυῆσαι
1159 2127 1225 2179 ὲκ
1237 2127 1329 2180 rei
1347 2128 1651 2196 ἐγκεφάλου
1666 2131 1760 2184 αὖ·

161 2219 259 2273 τοῦ
272 2220 374 2291 τὴν
402 2218 655 2288 ’Λθηνᾶν,
677 2218 847 2271 ἐδεῖτο
875 2218 1138 2288 συνεργοῦ
1168 2218 1263 2272 τοῦ
1282 2219 1637 2285 συλλαϐόντος
1663 2222 1759 2275 καὶ

161 2309 461 2381 πλήξοντος
486 2307 582 2379 τὴν
607 2307 871 2378 κεφαλὴν,
891 2307 974 2360 ἵνα
1003 2306 1178 2379 κυηθῇ
1202 2324 1215 2337 ·
1256 2309 1349 2360 καὶ
1370 2307 1562 2377 λόγους
1592 2326 1760 2380 προσ-

162 2403 320 2472 φέρει
341 2400 473 2470 περί
490 2398 679 2452 τούτου
707 2397 786 2469 τῷ
833 2399 1109 2471 Ἡφαίστῳ
1128 2417 1142 2431 ο
1178 2402 1205 2453 6
1243 2400 1301 2452 δὲ
1324 2401 1626 2471 Ἥφαιστος
1657 2402 1758 2455 οὐκ

161 2492 345 2555 ἄλλως
374 2490 550 2544 εῑλετο
578 2489 759 2560 σχίσαι
784 2490 884 2559 τὴν
911 2491 1156 2561 κεφαλὴν
1185 2490 1280 2544 τοῦ
1315 2493 1456 2555 Διὸς,
1486 2494 1536 2544 εἰ
1566 2492 1640 2563 μὴ
1659 2493 1759 2563 τὴν

161 2582 515 2655 γεννωμένην
557 2580 1048 2653 ἀποπαρθενεύσηο
1099 2585 1193 2636 καὶ
1236 2584 1505 2655 ὑπέσχετο
1544 2586 1573 2636 6
1601 2583 1758 2647 Ζεύς.

161 2672 364 2730 Λαϐὼν
409 2668 503 2727 οὖν
545 2675 583 2726 6-
616 2672 920 2742 Ἥφαιστος
955 2672 1047 2725 τὸν
1097 2672 1397 2744 βουπλῆγα,
1435 2673 1623 2744 τέμνει
1661 2675 1762 2742 τὴν

162 2766 412 2838 κεφαλὴν
442 2765 537 2820 τοῦ
568 2763 710 2829 Διὸς,
738 2764 833 2818 καὶ
869 2764 1149 2836 ἐξέρχεται
1176 2766 1210 2834 ἡ
1257 2765 1478 2837 Ἀθηνᾶ,
1525 2765 1620 2818 καὶ
1659 2767 1761 2818 ὲπ-

162 2861 393 2913 εδίωκεν
431 2858 604 2928 αὐτὴν
647 2857 677 2909 6
721 2857 1049 2925 ”Ηφαιστος,
1098 2856 1184 2910 ἵνα
1234 2857 1373 2927 αὐτῇ
1406 2856 1759 2928 συγγένηται·

163 2953 261 3006 καὶ
319 2947 627 3003 ἐπιδιώκων
668 2946 1099 3017 ἀπεσπέρμηνεν
1154 2949 1236 3009 εἰς
1289 2947 1382 2999 τὸν
1441 2946 1615 3017 μηρὸν
1662 2947 1763 3016 τῆς

171 3042 434 3112 Ἀθηνᾶς.
493 3039 557 3091 Ἡ
600 3038 659 3090 δὲ
716 3035 921 3105 Ἀθηνᾶ
959 3034 1201 3089 λαϐοῦσα
1240 3034 1408 3106 ἔριον,
1456 3032 1763 3104 ὲξεμάξατο

164 3137 223 3190 τὺ
264 3134 512 3205 σπέρμα,
545 3131 643 3185 καὶ
678 3129 900 3202 ἔρριψεν
940 3132 999 3182 ἐν
1035 3132 1103 3202 τῇ
1153 3132 1257 3201 γῇ·
1300 3129 1395 3183 καὶ
1440 3128 1663 3195 ἐγένετο
1695 3128 1762 3181 ἐκ

164 3228 264 3300 τῆς
293 3226 402 3296 γῆς
447 3225 544 3279 καὶ
567 3223 666 3278 τοῦ
710 3222 858 3294 ἐρίου
907 3222 1197 3293 ἄνθρωπος
1232 3220 1656 3294 δρακοντόπους,
1700 3220 1760 3285 ὃς

165 3317 415 3371 ἐκαλεῖτο
466 3313 816 3385 Ἐριχθόνιος,
840 3312 950 3366 ἀπὸ
990 3311 1083 3365 τοῦ
1123 3311 1272 3384 ἐρίου
1306 3312 1404 3365 καὶ
1438 3310 1536 3382 τῆς
1571 3311 1760 3381 χθονὸς

166 3408 349 3464 λαϐὼν
378 3409 442 3462 τὸ
469 3406 660 3478 ὄνομα.

418 3656 524 3721 κη’.
567 3648 706 3717 Περὶ
739 3646 1102 3717 Ἡρακλέους
1124 3646 1514 3717 μαινομένου.

235 3785 473 3857 Μεγάρη
490 3783 636 3838 οὕτω
661 3782 995 3852 καλουμένη,
1022 3781 1290 3851 Κρέοντος
1318 3778 1412 3833 τοῦ
1442 3778 1636 3850 Θηϐῶν
1664 3777 1763 3847 βα-

171 3880 371 3942 σιλέως
390 3877 660 3947 θυγάτηρ,
692 3872 946 3945 ἐγαμήθη
981 3873 1061 3943 τῷ
1088 3873 1373 3945 Ἡρακλεῖ,
1407 3872 1503 3925 καὶ
1550 3870 1769 3925 ἐπαιδοο

169 3972 398 4043 ποίησεν
423 3969 483 4034 ἐξ
498 3967 687 4022 αύτοῦ.
704 3968 767 4020 Ἦ
785 3966 842 4019 δὲ
858 3967 1010 4037 ’Ἦρα
1039 3966 1293 4037 ἀπεχθῶς
1316 3967 1454 4038 πρὸς
1479 3965 1571 4019 τὸν
1606 3966 1767 4037 Ἡρα.

169 4068 303 4122 κλέα
319 4064 520 4135 ἔχουσα
533 4062 622 4116 διὰ
638 4059 1095 4123 πολλά,ὲνέϐαλεν
1121 4058 1272 4129 αὐτῷ
1299 4059 1517 4130 μανίαν,
1541 4059 1634 4112 καὶ
1658 4075 1764 4129 μα-

169 4159 282 4222 νεὶς
333 4156 623 4209 ἀπέκτεινε
659 4153 729 4206 τὰ
770 4150 965 4205 ἑαυτοῦ
1012 4152 1199 4217 τέκνα,
1257 4150 1295 4205 ἃ
1337 4151 1494 4221 ἔσχεν
1539 4152 1603 4203 ὲκ
1663 4152 1765 4222 τῆς

172 4253 464 4320 Μεγάρης.

409 4381 512 4436 κθν.
572 4379 716 4448 Περὶ
759 4381 892 4446 Διὸς
945 4378 1141 4433 πάντα
1196 4378 1536 4449 γινομένου.

242 4494 481 4564 Λέγεται
512 4494 542 4545 6
557 4493 712 4556 Ζεὺς,
731 4491 982 4562 ἐρασθεὶς
1002 4491 1102 4562 τῆς
1125 4491 1359 4561 Δανάης,
1376 4490 1575 4562 χρυσὸς
1606 4491 1764 4561 γενέ-

174 4587 323 4650 σθαι,
336 4588 433 4638 καὶ
451 4583 670 4656 ῥυῆναι,
686 4583 782 4636 καὶ
793 4581 966 4646 οὕτως
979 4584 1116 4654 αὐτῇ
1134 4582 1516 4652 συγγενέσθαι.
1533 4583 1765 4653 Ὁμοίως

170 4678 427 4751 ἐρασθεὶς
465 4678 559 4729 καὶ¹
592 4675 960 4747 Γανυμήδους,
1000 4676 1156 4738 ἀετὸς
1178 4676 1396 4744 ἐγένετο
1419 4695 1432 4708 ·
1474 4676 1568 4729 καὶ
1592 4673 1765 4738 οὕτως

173 4773 261 4826 ἀεὶ
304 4768 668 4842 μετεϐάλλετο
713 4767 1093 4838 μαγγανείαις,
1152 4767 1329 4821 πάντα
1367 4767 1652 4838 γινόμενος
1696 4766 1763 4819 δι’

174 4858 540 4931 ἀκαθαρσίαν,
559 4860 588 4912 6
618 4860 748 4929 παρ’
770 4858 954 4920 αὐτοῖς
976 4855 1310 4927 ἐξοχώτατος
1339 4857 1484 4923 θεὸς,
1505 4857 1602 4910 καὶ
1622 4855 1756 4910 πάν-

172 4972 275 5018 τας
295 4954 424 5017 τοὺς
450 4951 643 5016 ἄλλους
674 4950 830 5015 θεοὺς
862 4950 1104 5003 ἀνέλκων
1134 4950 1215 5013 εἰς
1241 4947 1527 5021 ούρανούς.

566 5262 631 5315 λ’.
674 5260 816 5329 Περὶ
843 5258 1035 5328 τάφου
1076 5256 1183 5311 τοῦ
1208 5256 1362 5322 Διός.

250 5375 486 5445 Λέγεται
527 5374 556 5426 6
604 5374 739 5435 Ζεὺς
779 5370 1051 5444 τραφῆναι
1099 5368 1194 5422 καὶ
1246 5365 1536 5420 ἀποθανεῖν
1584 5364 1645 5416 ὲν
1694 5364 1761 5434 τῇ

178 5469 397 5540 Κρήτῃ,
434 5466 532 5520 καὶ
553 5467 671 5519 ἐκεῖ
686 5459 826 5517 εἶναι
870 5460 1036 5517 αὐτοῦ
1074 5459 1167 5512 τὸν
1194 5459 1387 5528 τάφον,
1422 5459 1478 5510 ὲν
1513 5449 1558 5524 ᾧ
1585 5454 1767 5523 ἐπιγέ-

179 5574 425 5629 γραπται
439 5554 535 5610 τοῦ
559 5555 682 5620 Διὸς
706 5556 896 5624 τάφος,
914 5551 1056 5605 ὥστε
1076 5546 1215 5603 εἶναι
1236 5551 1398 5605 αὑτὸν
1420 5549 1641 5620 ἔλεγχον
1653 5546 1765 5602 τῶν

257 5736 371 5809 (56)
409 5734 472 5792 F.
521 5728 1058 5806 προπετευσάμενος.
1090 5726 1239 5782 Enn.

1993 2019 2085 2075 27.
2124 2018 2202 2073 De
2227 2016 2470 2072 Minerva
2502 2017 2700 2087 virgine
2729 2015 3017 2069 draconem
3044 2016 3300 2083 pariente.

1925 2134 2062 2190 Cum
2094 2132 2308 2203 Jupiter
2350 2131 2653 2186 Minervam
2672 2146 2737 2185 ex
2757 2130 2986 2184 cerebro
3018 2144 3122 2184 suo
3156 2144 3450 2199 procreare

1856 2227 2057 2290 vellet,
2111 2237 2495 2295 quaereretque
2539 2225 2802 2292 aliquem,
2838 2221 2932 2292 qui
2984 2221 3148 2276 facile
3192 2229 3249 2276 et
3279 2237 3450 2292 parvo

1855 2333 1984 2372 cum
2012 2317 2205 2371 dolore
2239 2322 2405 2384 caput
2435 2314 2613 2384 ipsius
2656 2312 2867 2379 feriret,
2890 2313 3063 2367 utilla
3087 2313 3143 2366 in
3171 2313 3336 2367 vitam
3361 2313 3448 2367 lu-

1856 2425 2090 2480 cemque
2119 2409 2387 2479 prodiret,
2411 2406 2478 2461 de
2507 2407 2612 2461 hac
2642 2421 2703 2461 re
2732 2420 2860 2460 cum
2888 2406 3132 2459 Vulcano
3165 2406 3333 2460 verba
3368 2404 3449 2461 fe-

1862 2500 1959 2555 cit.
1992 2499 2277 2555 Vulcanus
2309 2507 2492 2553 autem
2528 2499 2631 2552 hac
2662 2512 2771 2550 una
2805 2496 3127 2551 conditione
3151 2504 3318 2564 caput
3342 2495 3450 2565 ipsi

1861 2605 2051 2645 secare
2072 2591 2270 2655 voluit,
2310 2598 2370 2643 ut
2398 2604 2519 2643 eam
2551 2603 2673 2658 quae
2700 2602 2826 2640 mox
2856 2588 3138 2642 nascitura
3166 2598 3308 2649 erat,
3349 2587 3448 2641 dc-

1861 2684 2184 2751 virginaret.
2220 2681 2388 2753 quue
2428 2682 2685 2752 promisit
2717 2679 2957 2749 Jupiter.
2996 2678 3230 2748 Accepta
3265 2678 3451 2748 itaque

1862 2773 2046 2827 securi
2082 2770 2366 2829 Vulcanus
2404 2770 2557 2827 Jovis
2602 2778 2767 2837 caput
2820 2770 3047 2830 scindit,
3085 2769 3276 2838 sicque
3317 2769 3452 2822 exiit

1864 2865 2107 2921 Minerva
2145 2884 2158 2920 :
2187 2880 2352 2937 quam
2384 2866 2637 2935 protinus
2658 2863 2944 2918 Vulcanus
2974 2864 3226 2933 persequi
3257 2862 3449 2932 coepit,

1860 2965 1926 3010 ut
1946 2972 2074 3011 cum
2099 2971 2163 3011 ea
2186 2973 2300 3011 rem
2337 2957 2584 3012 haberet.
2608 2956 2789 3027 Atque
2810 2956 2905 3010 illa
2936 2956 3248 3010 insectione
3270 2955 3324 3008 in
3346 2954 3447 3008 Mi-

1857 3064 2041 3104 nerva
2077 3049 2258 3104 femur
2303 3065 2488 3105 semen
2533 3049 2697 3116 fudit,
2737 3048 2883 3120 quod
2935 3049 3159 3120 quidem
3206 3047 3451 3102 Minerva

1858 3141 1986 3196 lana
2018 3149 2245 3212 accepta
2277 3143 2528 3207 extersit,
2556 3150 2723 3213 atque
2752 3143 2809 3197 in
2856 3152 3061 3196 terram
3104 3139 3330 3211 abiecit.
3370 3139 3451 3193 lta

1857 3249 1889 3289 e
1916 3240 2069 3288 terra
2113 3249 2177 3289 ac
2228 3234 2353 3289 lana
2397 3235 2491 3288 illa
2540 3235 2753 3289 exstitit
2806 3234 2972 3288 homo
3004 3231 3266 3287 draconis
3286 3231 3454 3302 pech

1866 3328 2098 3392 habens,
2121 3327 2218 3397 qui
2253 3326 2487 3398 proinde
2507 3326 2906 3383 Erichthonius
2939 3336 3191 3389 vocatur,
3228 3324 3338 3379 ἀπὸ
3359 3322 3454 3377 τοῦ

1865 3419 2016 3491 ἐρίου
2044 3420 2138 3474 καὶ
2168 3420 2269 3491 τῆς
2293 3418 2505 3491 χθονός,
2537 3419 2592 3474 id
2622 3427 2729 3485 est,
2774 3434 2805 3473 a
2843 3420 2966 3473 lana
2996 3426 3051 3474 et
3074 3428 3222 3473 terra
3253 3431 3454 3472 nomen

1785 3526 1829 3583 ο
1861 3512 2093 3569 habens.

2185 3642 2278 3698 28.
2310 3642 2389 3698 De
2418 3642 2639 3714 Megara
2675 3644 2923 3700 Herculis
2954 3660 3140 3701 uxore.

1939 3781 2157 3848 Megara
2192 3778 2452 3834 Creontis
2502 3778 2817 3834 Thebarum
2865 3780 3013 3850 regis
3062 3779 3175 3834 filia
3228 3778 3454 3834 Herculi

1866 3874 2076 3944 nupsit,
2100 3889 2166 3927 ex
2205 3888 2381 3943 eoque
2412 3873 2616 3929 liberos
2651 3873 2865 3928 habuit.
2900 3872 2970 3926 At
2993 3871 3137 3928 Juno
3175 3874 3364 3928 multis
3384 3872 3456 3928 de

1865 3966 2049 4022 causis
2078 3964 2367 4020 Herculem
2406 3965 2609 4021 infesto
2638 3965 2766 4020 odio
2796 3980 3160 4035 persequens,
3200 3965 3448 4020 furorem

1866 4059 1971 4129 ipsi
1999 4057 2210 4127 injecit.
2247 4056 2367 4123 Quo
2405 4058 2655 4126 percitus
2698 4057 2791 4111 ille
2843 4055 3011 4122 lllios,
3043 4071 3183 4127 quos
3223 4071 3291 4111 ex
3339 4054 3455 4111 Me-

1865 4167 2000 4225 gara
2032 4152 2358 4216 sustulerat,
2389 4149 2764 4205 obtruncavit.

1900 4286 1990 4343 29.
2025 4286 2103 4342 De
2117 4303 2198 4352 eo,
2225 4288 2364 4357 quod
2391 4287 2469 4339 ait
2493 4282 3013 4357 GregoriugJovem
3038 4282 3110 4357 pb
3142 4282 3419 4336 libidinem

2238 4353 2288 4411 et
2319 4353 2658 4411 salacitatem
2690 4353 2895 4427 quidvis
2918 4354 3071 4423 efﬁci.

1933 4470 2145 4544 Jupiter
2193 4471 2406 4527 Danaes
2450 4485 2639 4525 amore
2683 4467 2922 4538 ﬂagrans
2971 4483 3169 4522 aurum
3219 4466 3457 4522 effectus

1865 4575 1971 4631 est,
2008 4580 2073 4620 ac
2119 4563 2358 4620 difﬂuxit
2409 4580 2423 4617 :
2460 4563 2653 4632 sicque
2685 4576 2810 4616 cum
2861 4575 2924 4614 ea
2957 4573 3294 4629 congressus
3343 4566 3451 4612 est.

1866 4660 2072 4715 Eodem
2114 4658 2275 4713 modo
2315 4656 2655 4728 Ganymedis
2698 4669 2885 4709 amore
2931 4663 3222 4723 correptus
3268 4650 3455 4721 aquila

1867 4751 2047 4807 factus
2080 4757 2188 4805 est.
2216 4749 2395 4819 Atque
2443 4749 2520 4802 ita
2569 4747 2816 4817 seipsum
2869 4744 3105 4799 subinde
3159 4743 3459 4813 praestigiis

1866 4842 2198 4914 quibusdam
2251 4840 2307 4895 in
2351 4839 2489 4895 alias
2551 4839 2798 4909 aliasque
2840 4837 3047 4891 formas
3107 4833 3454 4901 immutabat,

1864 4945 2030 5005 atque
2063 4935 2135 4989 ob
2163 4933 2437 5003 impuram
2473 4929 2757 4984 libidinem
2786 4928 2843 4983 in
2865 4927 3088 4998 quidvis
3116 4926 3458 4984 vertebatur.

1860 5028 1971 5095 ille,
2008 5027 2252 5098 inquam,
2291 5024 2782 5096 praestantissimus
2813 5021 2959 5092 apud
3000 5019 3254 5075 ethnicos
3295 5018 3457 5085 deus,

1862 5129 2027 5189 atque
2051 5134 2244 5175 omnes
2272 5117 2406 5174 deos
2430 5117 2484 5171 vi
2519 5118 2589 5171 ad
2623 5132 2684 5173 se
2711 5116 2767 5169 in
2799 5114 3000 5170 cmlum
3027 5115 3276 5167 trahens.

2175 5246 2264 5300 50.
2303 5244 2379 5298 De
2407 5242 2557 5298 Iovis
2596 5243 2836 5314 sepulcro
2864 5243 2921 5296 in
2960 5241 3140 5296 Creta.

1940 5358 2155 5430 Jupiter
2186 5356 2244 5412 in
2271 5357 2433 5414 Creta
2463 5357 2606 5413 diem
2641 5359 2770 5410 vitae
2815 5362 3126 5409 extremum
3183 5349 3457 5406 clausisse

1872 5459 2037 5522 atque
2069 5450 2238 5504 humo
2269 5449 2526 5505 conditus
2560 5448 2736 5504 fuisse
2759 5447 2966 5502 dicitur
2999 5463 3012 5499 :
3042 5444 3228 5523 ibique
3252 5458 3453 5497 monu-

1874 5552 2122 5600 mentum
2160 5542 2335 5614 ipsius
2364 5557 2511 5608 esse,
2535 5543 2591 5596 in
2613 5556 2723 5613 quo
2746 5538 2935 5595 Jovem
2968 5537 3082 5593 illic
3108 5534 3295 5606 jacere
3325 5549 3451 5591 cre-
