3856 6220
183 282 324 340 1055

1011 292 1104 346 AD
1142 291 1198 347 S.
1239 292 1572 350 GREGORII
1606 294 1814 350 ORAT.
1852 295 1898 352 ll
1940 298 2218 356 CONTRA
2250 304 2620 363 JULIANUM.

3304 312 3328 367 1
3338 314 3443 371 054

180 401 327 476 λόγῳ
365 401 582 477 εἴρηται
603 422 616 436 ·
653 406 770 461 Πὰν
802 406 857 460 δὲ
899 408 1125 481 ἐκλήθη,
1162 411 1349 482 ἐπειδὴ
1398 413 1504 465 ἀπὸ
1553 413 1769 469 πάντων

1884 419 2122 492 ipsisque
2164 426 2312 479 Pana
2340 427 2642 482 exstitisse.
2681 428 2858 498 Atque
2882 430 3088 485 idcirco
3121 431 3233 485 Pan
3259 432 3443 489 dictus

181 493 290 547 τῶν
341 497 671 568 μνηστήρων
721 499 1050 572 συνελήφθη.
1095 501 1331 569 Λέγουσι
1364 503 1421 556 δὲ
1460 504 1770 572 Αἰγύπτιοι,

184 584 360 654 αὐτῆς
385 586 491 656 τῆς
526 587 727 657 μίξεως
755 586 896 644 εἷναι
926 590 1122 662 ἔφορον
1147 593 1239 647 τὸν
1278 595 1463 648 Πᾶνα*
1500 595 1653 649 ἐνθεν
1680 598 1773 651 xai.

182 678 530 749 τραγοσκελῆ
566 679 728 732 αὐτὸν
763 681 999 746 ποιοῦσι,
1050 683 1140 738 διὰ
1187 685 1249 738 τὸ
1296 688 1588 759 κατωφερῆ
1632 684 1773 741 εἶναι

179 765 278 820 τὸν
321 768 529 838 τράγον
566 772 695 841 περὶ
739 772 839 835 τὰς
889 774 1101 844 μίξεις,
1142 776 1202 830 ὃν
1249 777 1343 830 καὶ
1381 778 1638 832 καλοῦσιν
1674 780 1773 831 Δία

180 856 408 925 γύτττιοι
450 860 724 931 Μένδητα.
768 865 834 917 Ἠ
881 865 940 918 δὲ
984 868 1114 938 περὶ
1159 869 1253 922 τὸν
1306 869 1573 940 Πρίαπον,
1626 873 1773 924 ἐστὶν

179 947 326 1021 αὕτη
349 966 364 980 ·
401 952 638 1020 Λέγεται
674 955 814 1025 μετὰ
840 959 901 1010 τὸ
939 958 1183 1014 ἀνελθεῖν
1211 961 1311 1031 τὴν
1358 962 1678 1032 Ἀφροδίτην
1709 964 1776 1016 ὲκ

178 1044 285 1114 τῆς
306 1043 615 1113 Αἰθιοπίας,
649 1047 847 1112 κάλλος
881 1050 1189 1121 ἀμέτρητον
1214 1051 1599 1124 ἐπιφέρεσθαι·
1631 1052 1774 1107 ὥστε

180 1136 280 1188 καὶ
306 1126 471 1189 αὐτὸν
499 1138 590 1190 τὸν
625 1139 724 1192 Δία
758 1140 1054 1211 ἐρασθῆναι
1095 1142 1285 1212 αὐτῆς,
1320 1144 1414 1196 καὶ
1443 1145 1775 1215 συγγενόμε-

181 1243 278 1279 νον
302 1228 464 1299 αὐτῇ,
496 1227 656 1299 ζῆλον
685 1231 911 1303 ἄπειρον
949 1236 1014 1303 τῇ
1046 1233 1197 1306 ’Ἥρᾳ
1221 1234 1563 1288 καταλιπεῖν.
1595 1235 1774 1298 Εὐθὺς

183 1315 284 1372 οὖν
312 1321 348 1390 ἡ
383 1320 531 1391 Ἥρα
557 1321 620 1374 τὸ
649 1322 839 1392 μέλλον
867 1327 1322 1395 προσκοπήσασα,
1350 1326 1441 1378 καὶ
1466 1325 1550 1377 ὅτι
1572 1324 1774 1395 ἤμελλε

182 1412 250 1465 τὺ
280 1411 598 1481 τικτόμενον
638 1414 701 1464 ἐκ
729 1412 932 1483 ταύτης
965 1413 1165 1485 βρέφος
1201 1415 1389 1468 κάλλει
1422 1415 1770 1486 ὑπερφέρειν,

182 1504 291 1557 καὶ·
327 1505 745 1574 κατακρατῆσαι
780 1505 996 1558 πάντων
1023 1506 1132 1558 τῶν
1182 1509 1249 1560 ὲκ
1289 1507 1412 1570 Διὸς
1453 1505 1773 1577 τεχθέντων,

182 1595 368 1666 ἧψατο
391 1595 489 1665 τῆς
520 1594 728 1658 κοιλίας
766 1596 866 1666 τῆς
904 1598 1246 1667 Ἀφροδίτης,
1271 1598 1365 1651 καὶ
1388 1597 1773 1670 παρεσκεύασε

185 1688 505 1757 μαγγανεία
549 1688 658 1740 τινὶ
711 1686 774 1739 τὸ
831 1686 1030 1758 βρέφος
1081 1689 1433 1759 κακόμορφον
1496 1686 1772 1758 τεχθῆναι.

1870 521 1974 577 est,
2012 516 2159 584 quod
2196 518 2263 571 ah
2293 519 2550 573 omnibus
2581 519 2765 588 procis
2794 530 3116 587 procreatus
3141 520 3325 577 fuerit.
3359 524 3437 578 Ac

1871 605 2060 658 dicunt
2089 605 2332 678 ngyptii
2378 624 2500 662 eum
2536 610 2715 664 coitus
2747 611 2920 680 ipsius
2948 613 3235 680 praesidem
3272 630 3396 668 esse
3427 633 3440 670 :

1873 699 2017 752 unde
2044 700 2208 753 etiam
2241 700 2471 755 hircinis
2503 704 2762 757 cruribus
2789 720 2911 756 eum
2934 705 3278 767 describunt,
3299 707 3446 775 quod

1874 789 2063 845 hircus
2122 790 2190 844 ad
2234 806 2491 846 venerem
2546 793 2809 863 proclivis
2857 794 2951 855 sit,
2997 810 3158 863 quem
3201 794 3444 867 JEgyptii

1873 878 2174 935 Mendetem
2206 891 2423 936 vocant.
2469 882 2594 937 Haec
2623 883 2690 938 de
2711 882 2860 937 Pane
2887 901 2900 937 :
2930 898 3078 937 nunc
3117 884 3185 938 de
3214 882 3437 954 Priapo.

1872 972 2041 1024 Aiunt
2079 969 2370 1036 Venerem,
2414 988 2539 1027 cum
2570 988 2637 1027 ex
2681 972 2963 1039 A‘JthiOpia
2994 973 3224 1036 veniret,
3266 973 3447 1027 incre-

1873 1062 2094 1116 dibilem
2127 1063 2419 1132 quamdam
2442 1062 2904 1132 pulchritudinem
2928 1077 3114 1117 secum
3148 1064 3400 1119 attulisse
3427 1079 3445 1116 :

1874 1155 2013 1210 adeo
2039 1162 2098 1209 ut
2126 1153 2342 1224 Jupiter
2370 1169 2590 1225 quoque
2623 1154 2740 1224 ipse
2761 1154 2883 1223 ejus
2910 1169 3095 1209 amore
3135 1154 3445 1208 inﬂamma-

1875 1251 1985 1309 tus,
2018 1258 2081 1298 ac
2121 1260 2246 1298 cum
2278 1259 2340 1298 ea
2381 1258 2712 1313 congressus
2751 1243 3019 1297 infinitam
3051 1243 3254 1298 Junoui
3299 1247 3448 1299 zelo-

1874 1335 2076 1403 typiam
2102 1333 2374 1403 injecerit.
2391 1332 2694 1387 Confestim
2710 1348 2839 1404 ergo
2868 1331 3013 1387 Juno
3039 1332 3282 1387 futurum
3304 1350 3445 1404 prm-

1874 1424 2595 1495 sentiens,prospiciensque
2631 1423 2746 1479 fore
2788 1433 2848 1477 ut
2877 1424 3092 1486 infans,
3153 1425 3247 1494 qui
3274 1441 3343 1480 ex
3382 1440 3447 1479 ea

1875 1514 2195 1584 proditurus
2240 1524 2392 1580 erat,
2447 1516 2701 1584 corporis
2746 1515 3017 1585 elegantia
3066 1515 3209 1570 filios
3258 1531 3450 1571 onmes

1874 1604 2023 1661 Jovis
2066 1606 2441 1670 antecelleret,
2483 1605 2778 1675 praestigiis
2823 1606 3156 1675 quibusdam
3196 1615 3449 1661 antever-

1877 1707 1999 1754 tens
2028 1697 2258 1753 Veneris
2288 1707 2533 1753 ventrem
2565 1699 2897 1762 attrectavit,
2934 1698 3224 1769 eﬂ'ecitque
3254 1708 3315 1752 ut
3358 1699 3446 1752 iu-

182 1778 485 1847 Τεχθέντος
540 1773 634 1831 οὖν
681 1778 777 1831 τοῦ
824 1779 1058 1850 βρέφους
1108 1779 1358 1850 ἀμόρφου
1414 1780 1510 1832 καὶ¹
1558 1779 1774 1850 ἀσήμου

1884 1789 1998 1845 fans
2046 1790 2313 1846 deformis
2366 1798 2676 1861 pareretur.
2727 1789 2866 1844 Cum
2929 1790 3096 1860 igitur
3135 1764 3330 1859 turpis
3383 1805 3448 1844 ac

182 1869 359 1932 πάνυ,
386 1868 615 1940 αἰσχροῦ
649 1886 710 1922 τε
744 1870 839 1922 καὶ
878 1871 1339 1942 περισσοσάρκου,
1377 1871 1472 1923 καὶ
1499 1870 1775 1940 ἑωρακυῖα

183 1958 327 2013 αὐτὸ
367 1961 401 2029 ἡ
437 1962 640 2031 μήτηρ,
677 1961 761 2013 ὅτι
801 1960 986 2031 μέλλει
1026 1961 1089 2013 τὸ
1115 1960 1306 2031 τεχθὲν
1348 1960 1599 2014 πλεῖστον
1634 1961 1773 2032 αὐτῇ

183 2048 358 2119 ψόγον
386 2049 687 2120 ἐπιφέρειν,
737 2050 929 2121 ἔρριψε
956 2050 1198 2105 λαϐοῦσα
1236 2054 1316 2113 είς
1357 2052 1500 2123 ὅρος.
1542 2053 1773 2124 Περιτυ-

184 2139 301 2211 χὼν
324 2139 383 2192 δέ
419 2156 504 2203 τις
541 2139 714 2211 τούτῳ
757 2141 978 2213 ποιμὴν,
1005 2141 1186 2196 λαϐὼν
1224 2142 1526 2214 ἀνέθρεψε·
1562 2144 1657 2198 καὶ
1697 2143 1774 2207 ὡς

186 2232 331 2305 πρὸς
378 2231 686 2303 εὐκαρπίαν
732 2234 832 2304 τῆς
864 2234 969 2303 γῆς
1016 2234 1113 2288 καὶ
1152 2234 1260 2288 τῶν
1306 2236 1520 2306 κτηνῶν
1559 2235 1655 2289 καὶ
1696 2252 1778 2289 τε·

185 2324 478 2395 τραπόδων
522 2324 751 2395 νομίσας
785 2320 923 2378 εἶναι
972 2324 1036 2378 τὸ
1080 2325 1275 2397 ἐκείνῳ
1317 2326 1561 2397 ὑπάρχον
1603 2326 1774 2390 πάθος

188 2414 360 2486 (λέγω
387 2414 445 2467 δὲ
474 2414 534 2467 τὸ
559 2414 654 2468 τοῦ
696 2415 929 2469 αἰδοίουο
953 2412 1067 2487 εἶχε
1106 2417 1215 2489 γὰρ
1255 2418 1416 2474 τοῦτο
1456 2421 1642 2472 ἐπάνω
1678 2419 1777 2489 τῆς

188 2506 419 2577 πυγῆς),
460 2506 640 2560 λαϐὼν
673 2506 948 2579 ἱδρύσατο,
980 2509 1075 2561 καὶ
1113 2509 1363 2581 ἐτίμησε,
1397 2511 1493 2564 καὶ
1525 2510 1775 2580 ὠνόμασε

191 2599 443 2669 Πρίαπον
462 2614 477 2629 ’
524 2599 721 2670 δηλῶν,
768 2600 909 2653 κατὰ
947 2600 1047 2670 τὴν
1079 2600 1189 2654 τῶν
1244 2602 1462 2655 Ἰταλῶν
1499 2601 1772 2671 γλῶσσαν,

189 2694 283 2748 τὸν
323 2696 390 2747 ὲκ
426 2693 638 2765 πλάνης
664 2695 792 2759 τούς
822 2697 881 2748 ἐν
914 2695 1092 2769 πλάνῃ
1127 2697 1222 2750 καὶ
1255 2697 1460 2768 ἐρημίᾳ
1502 2695 1773 2760 σώζοντα⁹

191 2786 288 2840 καὶ
321 2784 383 2850 ἐξ
401 2785 608 2839 ἐκείνου
637 2786 855 2855 λέγεται
878 2787 1028 2859 παρὰ
1058 2789 1171 2851 τοῖς
1191 2787 1444 2858 ποιμέσιν
1460 2787 1721 2858 τιμᾶσθαι
1748 2789 1776 2840 ό

193 2876 463 2948 Πρίαπος.
515 2878 620 2931 Τὸν
661 2878 718 2932 δὲ
766 2878 1217 2951 Ἑρμαφρόδιτον,
1255 2879 1623 2951 ἀῤῥενόθηλύν
1656 2896 1777 2933 τινα

192 2969 289 3022 καὶ
317 2968 641 3040 άνδρόγυνόν
670 2987 835 3037 φασιν
862 2964 1020 3034 εἶναι,
1046 2972 1142 3023 καὶ
1171 2970 1430 3039 γυναικὸς
1466 2970 1560 3023 καὶ
1586 2970 1778 3042 ἀνδρὸς

194 3061 396 3114 αἰδοῖον
426 3062 682 3133 φέροντα,
714 3062 809 3115 καὶ
841 3063 1073 3134 πάσχειν
1116 3064 1214 3117 μὲν
1240 3063 1310 3116 τὰ
1344 3061 1452 3116 τῶν
1479 3063 1774 3131 γυναικῶν,
1804 3095 1849 3158 C

194 3153 326 3224 δρᾷν
351 3152 410 3206 δὲ
432 3154 500 3206 τὰ
526 3152 634 3206 τῶν
668 3153 897 3226 ἀνδρῶν.

491 3286 585 3340 λε’.
626 3288 767 3356 Περὶ
802 3287 956 3343 θεῶν
994 3287 1481 3359 διεσπασμένων.

267 3423 593 3495 Περσεφόνη
616 3424 779 3494 γεννᾷ
792 3424 880 3476 τὸν
891 3426 1163 3495 Ζαγραῖον
1182 3424 1456 3490 Διόνυσον,
1471 3426 1535 3478 ἐκ
1553 3424 1647 3478 τοῦ
1663 3425 1783 3490 Διὸς

198 3514 542 3570 συλλαϐοῦσα
557 3514 740 3568 αὐτόν.
762 3514 965 3567 Τοῦτον
989 3513 1318 3584 γεννηθέντα
1338 3518 1386 3568 oi
1407 3517 1633 3580 Τιτᾶνες
1651 3517 1782 3588 (δαι-

200 3607 403 3680 μονίων
430 3605 488 3658 δὲ
518 3604 704 3671 τάξεις
723 3595 907 3675 αὗται)
939 3603 1301 3673 φθονήσαντες
1323 3603 1400 3674 τῷ
1419 3605 1676 3675 Διονύσῳ,
1709 3605 1785 3668 ὡς

199 3704 265 3754 ἐκ
295 3699 419 3762 Διὸς
439 3696 614 3768 ἔχοντι
643 3695 741 3767 τὴν
759 3695 1035 3766 γέννησιν,
1073 3694 1572 3767 διασπαράσσουσιν
1598 3696 1778 3750 αὐτόν.

203 3791 391 3844 Ἀλλοι
419 3789 477 3842 δὲ
503 3788 783 3857 λέγουσιν,
818 3788 898 3840 ὅτι
928 3786 1052 3839 καθ’
1082 3786 1340 3840 ὑπόθεσιν
1374 3787 1474 3857 τῆς
1507 3788 1683 3858 ’Ἡρας
1709 3785 1787 3840 δι-

200 3882 455 3953 εσπάσθη
489 3881 595 3934 ὑπὸ
623 3880 733 3934 τῶν
762 3879 1005 3932 Τιτάνων
1038 3880 1067 3932 ὁ
1099 3880 1371 3943 Διόνυσος.
1402 3881 1512 3932 Καὶ
1541 3882 1668 3950 περὶ
1688 3879 1786 3951 μὲν

199 3977 311 4030 τῶν
335 3973 749 4041 διεσπασμένων
771 3972 930 4037 θεῶν,
961 3972 1109 4026 ἐστὶν
1151 3971 1286 4043 αὐτη
1317 3974 1350 4042 ἡ
1372 3971 1468 4025 τοῦ
1507 3972 1782 4026 Διονύσου’

202 4068 333 4137 ’περὶ⁹
366 4065 422 4118 δὲ
452 4063 563 4116 τῶν
599 4062 1106 4133 περικεκομμένων,
1138 4062 1363 4130 οὐδεμία
1407 4078 1494 4124 τις
1538 4062 1786 4131 φαίνεται

202 4158 337 4226 ἡμῖν
386 4152 619 4224 ἱστορία,
664 4152 698 4223 ἢ
734 4154 768 4223 ἡ
812 4152 940 4222 περὶ
985 4148 1094 4203 τῶν
1128 4150 1422 4219 Γιγάντων.
1473 4145 1632 4204 Οὗτοι
1677 4149 1787 4222 γὰρ

203 4247 468 4316 πολεμεῖν
520 4244 702 4297 ἔθελον
751 4245 865 4306 τοῖς
914 4241 1078 4304 θεοῖς.
1109 4242 1173 4294 Οἱ
1192 4239 1249 4293 δὲ
1267 4241 1380 4295 θεοὶ
1401 4242 1787 4313 ἀντιστρατευ-

204 4338 454 4407 σάμενοι,
500 4333 878 4404 ἐπολέμησαν,
923 4332 1018 4385 καὶ
1061 4330 1370 4401 κατέκοψαν
1417 4332 1647 4397 αὐτοὺς,
1691 4330 1786 4385 τοῦ

1875 1885 2056 1941 foedus
2086 1886 2144 1939 in
2167 1883 2361 1954 primis
2416 1893 2473 1938 et
2531 1884 2804 1938 obscenus
2862 1882 3175 1952 obesusque
3222 1898 3360 1953 puer
3393 1882 3448 1935 in

1874 1977 2051 2031 lucem
2106 1975 2437 2045 prodiisset,
2483 1974 2832 2043 conSpicieus
2879 1983 3055 2027 mater
3110 1973 3208 2026 lilii
3265 1973 3451 2027 defor-

1875 2066 2121 2120 mitatem
2159 2080 2375 2119 summo
2418 2064 2523 2119 sibi
2565 2064 2824 2119 dedecori
2862 2078 2926 2117 ac
2960 2064 3163 2132 probro
3195 2061 3329 2128 fore,
3361 2076 3455 2117 ac-

1875 2162 2095 2223 ceptum
2124 2152 2389 2208 infantem
2410 2154 2463 2206 in
2495 2160 2735 2208 montem
2764 2152 3098 2223 projecit:in
3122 2168 3286 2223 quem
3322 2168 3450 2208 cum

1873 2250 2064 2311 pastor
2097 2241 2320 2311 quidam
2352 2239 2667 2303 incidisset,
2709 2240 2891 2310 ipsqu
2917 2240 3129 2309 accepit
3153 2248 3207 2295 et
3240 2240 3448 2294 educa-

1874 2334 1972 2388 vit.
2004 2333 2183 2402 Atque
2212 2341 2274 2386 ut
2307 2332 2373 2387 ad
2410 2332 2749 2386 fertilitatem
2794 2337 2958 2384 terra;
2989 2340 3044 2385 et
3075 2331 3451 2399 iumentorum

1875 2439 1941 2479 ac
1970 2423 2390 2495 quadrupedum
2428 2438 2553 2478 esse
2581 2423 2885 2477 arbitratus
2909 2422 3017 2476 hoc
3044 2423 3261 2485 vitium,
3299 2420 3449 2491 quod

1875 2511 1983 2581 ipsi
2017 2511 2349 2573 inerat,‘hoc
2376 2518 2460 2565 est
2496 2510 2724 2565 obsceni
2765 2510 2994 2565 membri
3052 2511 3264 2580 accepit
3308 2509 3443 2564 illud

1877 2603 2108 2672 ﬁxitque
2149 2609 2205 2657 et
2228 2602 2536 2665 honoravit,
2556 2600 2926 2671 Priapumque
2960 2602 3195 2665 vocavit,
3251 2602 3303 2655 id
3336 2608 3446 2666 est,

1874 2695 2030 2765 juxta
2061 2694 2313 2749 Latinam
2345 2695 2610 2764 linguam,
2651 2708 2774 2748 eum
2806 2693 2899 2761 qui
2932 2707 2998 2748 ex
3023 2708 3211 2748 errore
3245 2693 3449 2747 libera-

1878 2787 2052 2843 tusiis
2084 2786 2177 2856 qui
2213 2787 2268 2839 in
2303 2801 2492 2840 errore
2519 2800 2585 2841 ac
2615 2784 2915 2840 solitudine
2944 2794 3256 2847 versantur.
3303 2784 3454 2841 salu-

1880 2886 1988 2934 tem
2022 2878 2276 2933 illaturus
2314 2885 2397 2933 εει
2421 2876 2558 2948 (58).
2596 2877 2776 2946 Atque
2803 2892 2872 2932 ex
2903 2892 2971 2932 eo
3004 2885 3252 2947 tempore
3279 2891 3309 2930 a
3355 2890 3456 2947 pa-

1880 2970 2126 3026 storibus
2150 2971 2256 3025 coli
2287 2977 2500 3039 emptus
2534 2976 2619 3025 est
2641 2968 2896 3040 Priapus.
2926 2969 2940 3011 ε

2143 3292 2233 3348 55.
2279 3292 2352 3346 De
2371 3292 2597 3346 concisis
2635 3307 2697 3344 ac
2728 3289 3007 3360 discerptis
3057 3289 3183 3344 diis.

1954 3426 2286 3497 Proserpina
2312 3443 2380 3482 ex
2424 3425 2559 3481 Jove
2591 3425 2848 3480 Liberum
2891 3430 3101 3494 patrem
3152 3424 3446 3494 concepit,

1882 3537 2069 3592 quem,
2098 3521 2261 3575 simul
2309 3528 2470 3589 atque
2508 3522 2566 3575 in
2608 3519 2785 3574 lucem
2824 3517 3005 3573 editus
3052 3526 3158 3585 est,
3206 3516 3456 3583 Titanes,

1883 3612 1977 3682 qui
2034 3610 2354 3666 daemoniaci
2415 3609 2639 3679 quidam
2707 3609 2930 3664 ordines
2989 3608 3213 3680 quidam
3303 3616 3455 3672 sunt,

1886 3701 2108 3757 invidia:
2161 3708 2333 3756 uestro
2380 3699 2647 3754 adversus
2698 3712 2823 3753 eum
2879 3698 3096 3768 perciti,
3133 3697 3391 3766 quoniam
3426 3711 3458 3750 a

1884 3792 2014 3847 Jove
2038 3799 2360 3862 procreatus
2388 3800 2557 3855 esset,
2601 3788 2985 3844 crudelissime
3020 3789 3456 3859 discerpserunt.

1884 3883 1992 3938 Alii
2021 3881 2253 3937 Junonis
2284 3881 2519 3937 consilio
2550 3889 2713 3949 atque
2745 3879 3073 3949 impulsione
3096 3893 3223 3932 eum
3251 3893 3281 3930 a
3309 3875 3462 3930 Tita-

1885 3973 2050 4028 nibus
2104 3973 2407 4027 laceratum
2459 3969 2631 4024 fuisse
2676 3969 2973 4023 affirmant.
3016 3969 3195 4037 Atque
3231 3967 3345 4021 haec
3391 3966 3462 4020 de

1887 4065 2179 4134 discerptis
2208 4064 2337 4118 diis.
2373 4061 2530 4129 Quod
2557 4071 2742 4117 autem
2772 4062 2839 4116 ad
2872 4062 3129 4116 concisos
3160 4059 3293 4114 deos
3331 4060 3460 4112 atti-

1888 4166 2002 4225 net,
2032 4157 2170 4211 nihil
2216 4156 2283 4211 de
2325 4156 2431 4211 hac
2476 4170 2537 4210 re
2585 4155 2863 4208 memoriae
2906 4152 3182 4222 proditqu
3208 4159 3314 4216 est,
3351 4150 3460 4205 nisi

1890 4251 2033 4306 forte
2053 4251 2158 4305 hoc
2184 4251 2251 4305 de
2288 4249 2601 4321 gigantibus
2633 4246 3047 4317 intelligendum
3089 4251 3193 4310 est,
3217 4250 3461 4313 quicum

1888 4342 2091 4397 bellum
2118 4341 2225 4396 diis
2252 4340 2590 4406 intulissent,
2624 4340 2693 4394 ab
2728 4338 2863 4408 ipsis
2896 4337 3141 4407 superati
3167 4346 3221 4390 et
3245 4336 3460 4390 concisi

203 4430 328 4493 Διὸς
357 4428 451 4481 τὸν
476 4425 734 4496 κεραυνὸν
750 4422 1155 4495 ἐπιπέμψαντος
1176 4423 1360 4487 αὐτοῖς
1390 4423 1485 4477 καὶ
1515 4422 1778 4494 καταφλέ-

1890 4442 2037 4499 sunt,
2063 4440 2226 4502 atque
2260 4446 2290 4485 ιι
2311 4430 2442 4487 Jove
2473 4431 2720 4486 immisso
2752 4429 2982 4483 fulmine
3024 4426 3387 4482 concremati.

204 4526 398 4593 ξαντος
428 4519 643 4583 αὐτούς.

265 4672 376 4738 λς’.
417 4668 560 4738 Περὶ
582 4666 689 4722 τοῦ
716 4665 996 4722 Κωκυτοῦ
1023 4664 1122 4719 καὶ
1144 4662 1721 4734 Πυριφλεγέθοντος.

289 4807 351 4860 ὐ
378 4804 608 4860 Πλάτων
638 4803 695 4854 ὲν
724 4799 803 4872 τῷ
831 4798 1084 4854 Φαίδωνι
1138 4798 1266 4869 περὶ
1302 4797 1411 4850 τῶν
1450 4796 1648 4861 λέξεων
1690 4796 1787 4850 καὶ

203 4905 319 4961 τῶν
349 4899 788 4973 ἀποκληρώσεων
817 4898 926 4950 τῶν
952 4895 1139 4966 ψυχῶν
1165 4895 1335 4963 λέγει,
1374 4894 1456 4947 ὅτι
1494 4893 1545 4946 oi
1585 4891 1789 4955 ἀδίκως

209 4993 577 5068 βεὸιωκότες,
610 4991 928 5055 κολάζονται
970 4989 1028 5041 ὲν
1070 4986 1150 5057 τῷ
1194 4986 1442 5057 Κωκυτῷ
1484 4987 1578 5037 καὶ
1612 4985 1669 5036 έν
1713 4983 1792 5055 τῷ

206 5085 698 5159 Πυριφλεγέθοντι,
731 5083 828 5137 καὶ
870 5083 929 5135 ὲν
969 5079 1047 5151 τῷ
1098 5076 1389 5148 Ταρτάρῳ.
1440 5077 1685 5148 Ποταμοῖ
1733 5076 1792 5130 δὲ

208 5176 358 5238 οὗτοί
386 5180 557 5232 εἰσιν·
591 5179 620 5230 ὁ
653 5177 752 5247 μὲν
783 5172 1067 5236 Κωκυτὸς,
1090 5170 1428 5241 ψυχρότατος
1447 5185 1462 5200 ·
1489 5171 1519 5221 ὁ
1541 5169 1600 5222 δὲ
1630 5171 1795 5242 Πυρι-

210 5267 527 5341 φλεγέθων,
555 5266 924 5338 θερμότατος·
970 5265 999 5316 ό
1044 5262 1100 5315 δὲ
1143 5260 1458 5331 Τάρταρος,
1495 5257 1658 5325 μέσος
1708 5274 1793 5318 τις

206 5362 377 5426 τόπος
406 5359 502 5414 τοῦ
534 5358 753 5421 παντὸς,
780 5359 838 5411 ὲν
885 5350 930 5424 ᾧ
977 5354 1065 5408 ἀνί
1074 5351 1237 5423 μησίς
1268 5352 1416 5402 ἐστιν
1444 5348 1652 5401 ὑδάτων
1699 5349 1795 5402 καὶ

211 5455 517 5515 κατάποσις
544 5452 672 5522 ἄχρι
702 5448 798 5502 τοῦ
831 5447 1098 5518 τέλματος
1132 5440 1227 5496 τοῦ
1266 5440 1490 5503 παντὸς,
1519 5440 1792 5503 σκοτεινός

210 5561 298 5609 τις
342 5545 440 5599 καὶ
488 5544 766 5614 ἀφεγγής’
801 5539 896 5595 καὶ
933 5539 1015 5592 ὅτι
1060 5536 1152 5589 κοιλ⁸
1190 5535 1248 5587 ὲν
1301 5532 1379 5603 τῷ
1429 5531 1580 5601 τόπῳ
1617 5532 1792 5604 τούτῳ

290 5748 402 5822 (58)
440 5749 821 5805 Hallucinatur
838 5746 1065 5804 Nonnus
1105 5747 1157 5802 in
1196 5745 1297 5801 hac
1323 5742 1669 5816 etymologia.

2451 4664 2543 4720 56.
2593 4662 2672 4719 De
2706 4664 2893 4733 pwm‘s.

1955 4800 2109 4857 Plato
2138 4802 2193 4855 iu
2224 4798 2489 4855 Phwdone
2519 4799 2587 4855 de
2624 4799 2937 4855 animarum
2964 4798 3187 4856 sedibus
3229 4815 3293 4854 ac
3321 4812 3467 4869 prae-

1896 4894 2023 4949 miis
2050 4894 2339 4964 pinnisque
2368 4894 2536 4948 verba
2586 4891 2820 4956 faciens,
2875 4893 2952 4946 ait
2999 4906 3095 4947 eos
3136 4892 3228 4962 qui
3265 4889 3469 4960 injuste

1896 4994 1952 5041 et
1984 4986 2252 5042 scelerate
2297 4987 2578 5050 vixerunt,
2632 4985 2687 5039 in
2737 4984 2942 5056 Cocyto
2998 4992 3053 5041 et
3116 4983 3468 5055 Pyriphlege-

1896 5078 2088 5133 thonte
2117 5085 2281 5147 atque
2309 5078 2366 5131 in
2389 5076 2628 5132 Tartaro
2654 5093 2842 5147 pmnas
2867 5077 3036 5131 luere.
3067 5074 3245 5129 Fluvii
3286 5083 3469 5129 autem

1897 5180 2027 5225 sunt
2053 5171 2153 5237 illi,
2185 5186 2421 5240 quorum
2445 5171 2586 5225 alter
2608 5169 3000 5241 frigidissimus
3033 5176 3138 5233 est,
3168 5168 3306 5221 alter
3338 5166 3470 5220 cali-

1896 5260 2177 5317 dissimus.
2250 5259 2517 5317 Tartarus
2560 5276 2691 5316 vero
2741 5260 2952 5315 medius
2992 5257 3182 5313 mundi
3246 5256 3468 5327 quidam

1892 5353 2047 5408 locus
2066 5362 2150 5408 est
2178 5353 2451 5410 obscurus
2483 5362 2537 5407 et
2559 5354 2922 5424 caliginosus,
2960 5352 3015 5405 in
3046 5366 3157 5421 quo
3204 5345 3466 5418 ιιεεὶιίοεί

1898 5454 1952 5500 et
1974 5442 2173 5499 nefarii
2190 5443 2447 5498 homines
2476 5443 2890 5499 excruciantur.
2927 5441 2997 5496 At
3024 5455 3154 5496 vero
3189 5438 3468 5498 Acheron.

1893 5533 1988 5606 qui
2016 5532 2232 5590 medius
2258 5547 2477 5605 quoque
2511 5534 2917 5604 quodammodo
2953 5541 3061 5599 est,
3097 5529 3343 5585 lustralis
3378 5541 3474 5602 μοι
