3856 6220
424 260 566 318 4055

1811 260 2096 317 NONNUS
2132 259 2353 315 ABBAS

3548 256 3701 311 "356

425 382 543 434 tius
569 394 696 435 esse
748 380 987 447 videtur,
1024 396 1188 452 quam
1238 382 1508 437 scelerum
1540 382 1762 450 vindex,
1814 389 1992 453 utpote

2114 379 2424 444 κολάζονται
2453 379 2502 431 οἱ
2525 378 2733 432 ἄδικοι·
2765 379 2793 429 ό
2820 375 2878 429 δὲ
2917 374 3178 446 Ἀχέρων,
3209 376 3306 429 καὶ
3337 373 3499 436 αὐτὸς
3526 376 3699 442 μέσος

421 472 517 542 qui
551 471 835 527 hominum
864 483 1083 544 peccata
1106 476 1295 529 abluat
1327 482 1384 530 et
1422 474 1720 544 abstergat.

888 662 978 717 57.
1021 662 1099 717 De
1141 663 1371 717 Tantalo
1412 662 1550 734 (59).

492 750 756 808 Tantalus
783 754 936 811 Jovis
958 757 1100 810 filius
1126 765 1264 810 erat.
1299 756 1401 810 Hic
1439 772 1566 811 cum
1602 756 1834 811 deorum
1860 771 2005 811 men-

421 862 481 900 sa
508 847 708 915 dignus
759 848 984 902 habitus
1018 848 1235 912 fuisset,
1273 851 1522 920 ipsorum
1561 848 1823 920 mysteria
1876 864 2004 920 per-

419 939 662 1008 vulgavit
699 959 711 993 :
743 941 814 993 ob
842 941 1006 1009 idque
1045 940 1363 1009 hujusmodi
1425 957 1645 1012 poenam
1676 941 1869 1011 pendit
1898 954 1912 991 :
1944 940 2004 995 In

418 1029 796 1084 subterraneis
832 1032 1208 1088 tribunalibus
1243 1039 1455 1102 petram
1515 1033 1687 1104 capiti
1726 1033 2003 1102 superim-

416 1120 653 1188 positam
686 1121 870 1185 habet,
920 1132 1085 1192 atque
1137 1124 1280 1179 infra
1321 1140 1382 1180 se
1417 1139 1619 1194 aquam
1671 1125 1899 1180 uberem
1950 1133 2004 1179 et

416 1212 696 1279 copiosam
725 1220 780 1265 et
809 1211 1102 1282 frugiferas
1136 1217 1351 1284 plantas
1381 1232 1395 1266 :
1443 1215 1658 1287 ipsique
1706 1216 1894 1269 minax
1925 1216 2004 1267 la-

415 1301 828 1370 pisimpendet.
876 1313 1039 1372 atque
1087 1304 1143 1358 in
1192 1319 1257 1359 ea
1305 1305 1623 1359 calamitate
1666 1313 1790 1368 est,
1838 1314 1897 1359 ut
1955 1307 2000 1360 si

416 1393 705 1460 adjacente
760 1410 902 1463 aqua
937 1396 1085 1451 sitim
1120 1396 1314 1451 sedare
1372 1404 1566 1459 tentet,
1603 1397 1745 1466 lapis
1794 1399 2003 1454 cadens

413 1501 540 1539 cum
573 1488 887 1543 excruciet:
923 1489 997 1542 ita
1034 1490 1200 1545 miser
1231 1497 1287 1544 et
1337 1488 1481 1544 fame
1517 1497 1572 1543 et
1617 1490 1707 1544 siti
1739 1491 2003 1544 contabe-

414 1577 543 1638 scit,
576 1577 769 1632 videns
799 1578 1021 1647 quidem
1050 1595 1114 1633 ea
1138 1579 1341 1649 quibus
1375 1587 1430 1632 et
1462 1578 1591 1632 fami
1616 1587 1672 1633 et
1697 1578 1787 1634 siti
1815 1578 2000 1633 mede-

413 1670 460 1722 ri
485 1669 681 1739 possit,
698 1681 955 1725 caeterum
987 1686 1053 1725 eo
1075 1672 1409 1726 calamitatis
1445 1672 1724 1733 redactus,
1762 1678 1817 1725 ut
1844 1671 1912 1724 iis
1929 1673 2002 1725 ob

414 1762 817 1832 impendentem
848 1763 1023 1833 ipsius
1046 1764 1304 1818 cervibus
1335 1771 1570 1834 petram,
1602 1763 1709 1817 frui
1742 1772 1995 1833 nequeat.

977 1868 1067 1923 58.
1107 1868 1184 1922 De
1244 1868 1425 1939 Tityo.

485 1957 678 2028 Tityus
696 1957 918 2014 Latonae
951 1974 1140 2015 amore
1155 1970 1351 2031 captus
1376 1970 1482 2024 est,
1528 1976 1763 2030 eamque
1799 1960 1998 2025 capitis

413 2048 532 2103 velo
560 2051 756 2104 tenuit.
788 2050 987 2106 Postea
1018 2052 1188 2106 Diana
1219 2062 1273 2108 et
1304 2053 1497 2122 Apollo
1528 2051 1751 2106 Latonae
1776 2051 1871 2104 ﬁlii
1909 2067 1997 2106 sa-

412 2139 562 2207 gittis
601 2155 724 2193 eum
760 2141 1139 2203 confecerunt,
1185 2156 1249 2196 ac
1289 2144 1656 2196 sustulerunt.
1700 2142 1993 2211 Nuncque,

414 2240 472 2283 ut
502 2230 684 2285 ferunt
708 2232 928 2295 fabulae,
970 2233 1188 2304 sagittis
1218 2233 1513 2304 trajectum
1562 2243 1756 2304 pectus
1808 2234 1993 2301 habet,

412 2336 476 2376 ex
498 2338 674 2393 eoque
698 2323 1001 2378 cruciatur.

946 2568 947 2575 η
975 2517 1064 2572 59.
1114 2516 1186 2573 De
1208 2518 1420 2574 Ixione.

481 2604 632 2660 Ixion
662 2606 933 2663 Junnnem
962 2609 1285 2679 deperibat:
1321 2612 1553 2679 ejusque
1584 2610 1858 2665 nefariam
1894 2628 1992 2665 cu-

409 2695 692 2763 piditatem
732 2694 877 2750 Juno
909 2696 977 2751 ad
1002 2696 1192 2753 Jovem
1227 2699 1518 2754 detulerat.
1554 2697 1768 2768 Jupiter
1808 2701 1994 2768 itaque

410 2797 471 2842 ut
520 2789 862 2859 exploratum
923 2791 1170 2852 haberet,
1228 2809 1359 2847 num
1408 2808 1536 2847 vere
1588 2793 1680 2846 ille
1718 2791 1990 2845 Junouem

409 2884 707 2948 deamaret,
745 2883 980 2941 Junonis
1011 2886 1241 2940 formam
1270 2888 1483 2941 nebulze
1514 2888 1816 2955 impressit,
1852 2887 1990 2955 ipsi-

408 2987 517 3037 que
540 2974 844 3040 proposuit,
897 2975 1050 3029 lxion
1088 2983 1271 3030 autem
1326 2977 1500 3045 ipsam
1551 2974 1826 3029 Junonem
1872 2990 1994 3029 esse

2033 1730 2075 1790 Β

2105 489 2210 534 τις,
2244 470 2304 535 ὂς
2331 468 2618 541 καθαρσίῳ
2646 467 2811 533 ἔοικε,
2841 469 2935 522 καὶ
2966 469 3028 519 ού
3066 467 3436 537 κολαστηρίῳ,
3474 466 3701 535 ρύπτων

2105 564 2200 616 καὶ
2228 563 2454 634 σμήχων
2481 561 2548 615 τὰ
2573 562 2945 631 ἁμαρτήματα
2973 559 3083 612 τῶν
3111 558 3437 630 ἀνθρώπων.

2569 661 2668 727 λζ’.
2710 662 2849 729 Περὶ
2889 659 3215 714 Ταντάλου.

2186 755 2247 809 '0
2275 754 2372 825 μὲν
2396 753 2669 817 Τάνταλος
2689 753 2804 816 υἱὸς
2824 748 2892 825 ἦν
2916 752 3010 805 τοῦ
3033 753 3175 815 Διὸς.
3191 745 3382 815 Οὗτος,
3403 751 3480 814 ὤς
3503 767 3696 819 φασιν,

2105 845 2310 917 ἠξιώθη
2334 847 2435 917 τῆς
2458 846 2744 918 τραπέζης
2785 846 2894 898 τῶν
2924 846 3063 898 θεῶν
3085 863 3098 877 ·
3136 846 3231 898 καὶ
3260 843 3536 909 ἀξιωθεὶς,
3561 844 3699 909 ἐδηο

2108 935 2361 1007 μοσίευσε
2382 933 2453 987 τὰ
2491 935 2766 1006 μυστήρια
2792 934 2997 997 αὐτῶν,
3028 933 3125 987 καὶ
3148 932 3439 996 κολάζεται
3467 931 3699 985 κόλασιν

2104 1025 2190 1079 διὰ
2219 1025 2378 1081 τοῦτο
2408 1025 2619 1080 τοιάνδε
2640 1042 2654 1055 °
2683 1026 2873 1078 Ἔστιν
2899 1026 2957 1078 ὲν
2990 1029 3102 1085 τοῖς
3126 1025 3234 1077 ὑπὸ
3269 1024 3376 1094 γῆν
3397 1023 3699 1093 δικαιωτη-

2108 1116 2276 1185 ρίοις,
2327 1116 2467 1187 ἔχων
2505 1115 2715 1187 πέτραν
2745 1116 2933 1169 ἐπάνω
2966 1115 3154 1180 αὑτοῦ,
3203 1117 3299 1168 καὶ
3345 1116 3497 1169 κάτω
3547 1115 3701 1186 ὕδωρ

2105 1208 2241 1261 πολὺ
2291 1209 2384 1260 καὶ
2437 1208 2795 1279 βλαστήματα
2842 1210 3204 1280 καρποφόρα·
3251 1210 3346 1261 καὶ
3391 1209 3621 1281 ἢρτηται
3666 1211 3702 1260 ὀ

2103 1298 2249 1362 λίθος
2287 1301 2408 1352 κατ’
2436 1300 2620 1355 αὐτοῦ.
2661 1301 2788 1356 Ἐὰν
2816 1297 2930 1362 οῦν,
2960 1300 3116 1372 φησὶ,
3145 1300 3275 1372 θέλῃ
3307 1303 3455 1352 πιεῖν
3502 1301 3567 1352 ὲκ
3592 1300 3699 1352 τοῦ

2104 1393 2514 1464 παρακειμένου
2537 1393 2751 1459 ὓδατος,
2780 1395 2969 1448 πίπτει
2999 1396 3033 1465 ἡ
3073 1394 3248 1465 πέτρα
3276 1394 3465 1447 ἐπάνω
3497 1391 3699 1457 αὑτοῦ,

2103 1486 2199 1538 καὶ
2224 1489 2550 1557 τιμωρεῖται
2578 1487 2760 1541 αὐτόν.
2780 1487 2876 1539 Ἐκ
2898 1486 3090 1539 τούτου
3121 1485 3285 1556 φησὶν
3311 1485 3395 1538 ὅτι
3424 1484 3574 1555 λιμῷ
3595 1485 3701 1537 καὶ

2102 1576 2244 1645 δίψει
2268 1580 2531 1647 τήκεται·
2557 1579 2698 1650 ὁρῶν
2727 1579 2825 1649 μὲν
2848 1579 2939 1647 ἀφ’
2974 1572 3047 1633 ὧν
3073 1579 3155 1632 δεῖ
3182 1580 3376 1647 φαγεῖν
3396 1580 3492 1630 καὶ
3518 1580 3695 1636 πιεῖν.

2106 1668 2181 1739 μὴ
2201 1669 2497 1739 δυνάμενος
2520 1670 2577 1724 δὲ
2598 1673 2890 1740 μετασχεῖν
2913 1671 3000 1723 διὰ
3021 1669 3119 1741 τὴν
3146 1668 3541 1740 ἐπηρτημένην
3565 1670 3698 1723 κατ’

2104 1760 2269 1814 αὐτοῦ
2301 1762 2529 1834 πέτραν.
2549 1761 2608 1816 'H
2641 1762 2701 1817 δὲ
2730 1742 2860 1833 περὶ
2888 1761 2983 1815 τοῦ
3015 1761 3232 1827 Τιτυοῦ,
3264 1761 3415 1814 ἐστὶν
3445 1760 3614 1831 αῦτη·

2612 1867 2714 1938 λη’.
2760 1868 2897 1935 Περὶ
2939 1866 3165 1921 Τιτυοῦ.

2180 1961 2239 2013 '0
2274 1958 2464 2025 Τιτυὸς
2496 1959 2709 2031 ἠράσθη
2755 1960 2850 2030 τῆς
2876 1958 3108 2030 Λητοῦς,
3134 1959 3226 2011 καὶ
3246 1959 3500 2030 ἐρασθεὶς
3526 1959 3695 2029 Expi-

2096 2068 2260 2122 τησεν
2304 2051 2473 2122 αὐτὴν
2511 2052 2620 2107 ἀπὸ
2645 2050 2737 2104 τοῦ
2788 2051 3123 2123 κρηδέμνου,
3164 2049 3331 2102 θέλων
3378 2050 3519 2120 αὑτῇ
3562 2065 3699 2116 συγο

2097 2143 2377 2209 γενέσθαι-
2408 2139 2525 2196 εἶτα
2560 2144 2824 2214 ⁹Αρτεμις
2851 2144 2946 2195 καὶ
2978 2141 3273 2203 ’Δπόλλων,
3314 2141 3505 2203 παῖδες
3538 2141 3702 2202 ὄντες

2096 2234 2195 2304 τῆς
2212 2235 2444 2304 Λητοῦς,
2477 2233 2870 2298 κατετόξευσαν
2893 2233 3055 2287 αὑτὸν
3085 2234 3178 2285 καὶ
3202 2231 3429 2285 ἀνεῖλον·
3455 2232 3555 2285 καὶ
3573 2231 3699 2292 νῦν,

2098 2328 2253 2396 φησὶ,
2293 2324 2581 2389 κολάζεται
2610 2326 2667 2377 ἐν
2701 2323 2779 2393 τῷ
2811 2322 2935 2394 ᾅδῃ,
2963 2324 3100 2393 ἔχων
3132 2322 3201 2375 τὰ
3251 2322 3381 2392 βέλη
3404 2324 3701 2391 ἐμπεπαρ-

2101 2420 2237 2491 μένα
2260 2421 2317 2471 ἐν
2339 2416 2417 2488 τῷ
2445 2418 2638 2488 ἥπατι.
2655 2418 2720 2470 Ἠ
2745 2418 2800 2470 δὲ
2822 2418 2951 2488 περὶ
2979 2416 3070 2469 τὸν
3101 2415 3310 2482 Ἰξίωνα
3340 2415 3492 2467 ἐστὶν
3517 2414 3698 2484 αὕτη·

2582 2520 2684 2575 λθ’.
2725 2521 2866 2589 Περὶ
2921 2520 3196 2586 Ἰξίων-ος.

2184 2609 2352 2673 Ἰξίων
2396 2610 2613 2680 ἠράσθη
2640 2609 2737 2681 τῆς
2761 2610 2936 2681 Ἥρας
2958 2627 2970 2638 ·
3002 2610 3036 2678 ὴ
3076 2608 3133 2660 δὲ
3166 2610 3312 2680 ’Ἡρα
3351 2608 3701 2679 προσαγγέλ-

2096 2719 2176 2752 Αει
2222 2701 2300 2772 τῷ
2341 2701 2453 2753 Διί·
2501 2704 2530 2756 ὁ
2565 2702 2621 2754 δὲ
2664 2702 2800 2765 Ζεὺς
2842 2699 3124 2771 βουληθεὶς
3168 2699 3372 2770 γνῶναι
3422 2702 3471 2753 εἰ
3511 2700 3696 2762 ὅντως

2103 2792 2309 2863 ἠράσθη
2348 2793 2536 2863 αὐτῆς,
2570 2791 2809 2863 ἐξομοιοῖ
2832 2793 3059 2864 νεφέλην
3096 2796 3163 2863 τῇ
3206 2793 3373 2864 Ἥρᾳ,
3417 2794 3511 2845 καὶ
3543 2792 3699 2862 πέμ-

2096 2900 2188 2935 πει
2217 2883 2351 2954 πρὸς
2380 2883 2541 2936 αὐτόν
2557 2899 2571 2911 °
2622 2885 2650 2936 ό
2670 2882 2910 2948 δὲἸξίων
2935 2885 3164 2954 νομίσας
3191 2884 3359 2954 αὐτὴν
3380 2883 3479 2954 τὴν
3501 2883 3697 2953 Ἦραν

2097 2968 2257 3036 εἶναι,
2308 2971 2682 3041 συμμίγνυται
2721 2973 2858 3042 αὐτῇ
2888 2975 2954 3043 τῇ
3004 2971 3222 3043 νεφέλῃ.
3259 2972 3370 3024 Καὶ
3406 2969 3698 3043 ὀργισθεὶς

407 3061 850 3118 arbitratuscum
886 3080 950 3119 ea
992 3065 1369 3136 congreditur.
1413 3068 1535 3132 Quo
1579 3065 1826 3120 facinore
1865 3082 1991 3121 suc-

2114 3081 2121 3113 t
2150 3063 2303 3128 Ζεὺς,
2340 3062 2558 3126 κολάζει
2584 3062 2746 3115 αὐτὸν
2774 3061 2947 3116 οὔτιν’
2981 3063 3173 3133 Τροχῷ
3199 3062 3470 3126 διατείνας
3494 3064 3695 3127 αὑτὸν,

407 3152 837 3225 censusJupiter
866 3156 1183 3225 hujusmodi
1213 3158 1490 3227 supplicio
1527 3173 1653 3210 eum
1687 3155 1898 3211 affecit:
1926 3157 1984 3209 In

407 3254 528 3300 rota
554 3263 680 3302 eum
712 3248 976 3311 extendit,
1006 3248 1301 3319 effecitque
1337 3258 1397 3303 ut
1429 3258 1548 3302 rota
1595 3258 1856 3318 perpetua
1890 3265 1988 3300 vo-

407 3335 674 3390 lubilitate
698 3335 924 3392 feratur.
954 3337 1031 3391 Ita
1069 3338 1159 3392 ille
1206 3355 1426 3394 sursum
1456 3355 1677 3408 semper
1698 3339 1986 3393 deorsum—

405 3442 517 3497 que
540 3428 797 3491 volvitur,
845 3445 1022 3500 eoque
1056 3431 1308 3501 supplicii
1336 3446 1536 3501 genere
1558 3442 1809 3484 vexatur.

572 3533 664 3589 40.
708 3531 785 3588 De
814 3550 874 3588 eo
904 3536 1057 3605 cujus
1077 3536 1233 3605 jecur
1265 3537 1330 3590 ab
1361 3536 1544 3591 avibus
1583 3537 1814 3590 roditur.

476 3620 838 3678 Prometheus
886 3622 1067 3693 ignem
1104 3623 1212 3678 diis
1260 3622 1474 3678 furatus
1525 3641 1673 3689 esse,
1719 3632 1883 3694 atque
1922 3623 1988 3678 ad

405 3715 657 3771 homines
690 3716 955 3771 detulisse
988 3716 1180 3780 fertur,
1205 3716 1392 3772 Jovem
1425 3715 1988 3785 iusuperiucarnimn

406 3809 665 3866 sacrificii
690 3810 1080 3866 distributione
1101 3810 1626 3878 circuimcripsisse,
1660 3823 1725 3861 ac
1759 3808 1989 3878 proinde

401 3918 529 3957 eum
559 3902 627 3957 ad
662 3903 798 3956 iram
831 3902 1114 3956 incitasse.
1144 3900 1355 3971 Jupiter
1386 3902 1570 3970 itaque
1600 3899 1668 3954 ad
1696 3900 1844 3954 hunc
1865 3916 1986 3953 mo-

400 3996 534 4050 dum
572 3995 627 4049 in
649 4011 774 4050 eum
799 3994 1191 4048 animadvertit
1235 4009 1247 4043 :
1278 3994 1357 4048 Ad
1392 3993 1698 4048 Caucasum
1746 4000 1986 4046 montem

403 4102 528 4140 cum
558 4085 821 4155 alligavit,
855 4084 1068 4154 ipsique
1099 4083 1336 4153 aquilam
1372 4083 1620 4145 immisit,
1670 4098 1794 4152 quae
1828 4082 1989 4150 jecur

403 4175 582 4244 ipsius
600 4176 849 4245 quotidie
873 4190 1173 4229 renascens
1203 4173 1450 4243 quotidie
1497 4174 1907 4242 depasceretttr.

2100 3155 2355 3225 ἐποίησεν
2384 3156 2472 3208 ἀεὶ
2530 3154 2790 3225 φέρεσθαι
2847 3155 2938 3208 τὸν
2992 3156 3213 3226 τροχόνο
3278 3155 3374 3208 καὶ
3423 3155 3572 3208 ἔστιν
3601 3158 3700 3209 ἀεὶ

2098 3244 2252 3310 οὗτος
2304 3247 2776 3317 ἀνακυκλούμενος
2828 3246 2924 3299 καὶ
2987 3248 3424 3318 καταφερόμενος
3478 3249 3699 3318 ταύτην

2098 3340 2220 3391 τινὰ
2244 3340 2535 3409 τιμωρίαν.

2559 3536 2630 3601 μ’.
2670 3531 2810 3599 Περὶ
2851 3531 3220 3600 Προμηθέως.

2182 3624 2241 3678 Ὀ
2272 3623 2615 3697 Προμηθεὺς,
2648 3619 2803 3688 οὗτος
2825 3624 3046 3691 λέγεται
3074 3624 3271 3694 κλέψαι
3299 3624 3361 3677 τὸ
3384 3624 3494 3695 πῦρ
3530 3625 3696 3696 παρὰ

2098 3716 2207 3769 τῶν
2232 3715 2389 3781 θεῶν,
2423 3718 2517 3771 καὶ
2542 3717 2788 3785 ἐνεγκεῖν
2817 3717 2897 3779 εἰς
2926 3715 3248 3787 ἀνθρώπους
3272 3734 3285 3746 ·
3315 3717 3409 3769 καὶ
3439 3717 3522 3769 ὅτι
3552 3719 3696 3787 περὶ

2094 3809 2163 3862 τὰ
2197 3809 2401 3879 κρέατα
2439 3810 2537 3881 τῆς
2568 3810 2761 3873 θυσίας
2800 3810 3091 3879 ἀπατήσας
3127 3809 3220 3863 τὸν
3242 3809 3364 3872 Δία,
3395 3811 3476 3871 είς
3507 3809 3695 3880 ὀργὰς

2095 3897 2315 3967 ἐκίνησε
2362 3895 2553 3949 τοῦτον
2601 3894 2805 3958 διττάς.
2846 3895 3047 3948 Τοῦτον
3084 3891 3179 3949 οὖν
3213 3895 3382 3948 θέλων
3426 3896 3691 3966 τιμωρή-

2097 3989 2315 4050 σασθαι,
2340 3987 2606 4057 ἐποίησεν
2648 3987 2804 4041 ἀετὸν
2850 3987 3158 4041 κατεσθίειν
3188 3987 3354 4042 αὐτοῦ
3398 3986 3460 4040 τὸ
3486 3981 3650 4058 ἧπαρ
3672 4006 3689 4016 ·

2094 4084 2161 4153 τῇ
2188 4081 2244 4133 δὲ
2275 4082 2430 4134 νυκτὶ
2468 4081 2629 4136 πάλιν
2668 4081 3074 4153 ἀνεπληροῦτο·
3107 4083 3203 4134 καὶ
3231 4081 3393 4135 πάλιν
3420 4081 3625 4152 ἤρχετο
3656 4083 3692 4134 ὁ

2094 4173 2250 4235 ἀετὸς
2303 4172 2516 4242 ἡμέρας
2548 4174 2865 4245 γινομένης,
2898 4173 2994 4226 καὶ
3028 4172 3216 4242 ἤσθιεν
3249 4172 3415 4235 αὐτὸ,
3463 4172 3572 4236 ἕως
3622 4167 3691 4227 οὗ

2025 4255 2069 4310 D
2098 4260 2268 4314 ἐλθὼν
2294 4262 2323 4313 ὁ
2357 4262 2655 4333 Ἡρακλῆς,
2689 4263 2939 4328 ἐτόξευσε
2969 4260 3031 4314 τὸ
3056 4262 3242 4333 ὄρνεον
3265 4261 3444 4315 τοῦτο.

1457 4361 1566 4433 μα’.
1593 4362 1733 4430 Περὶ
1763 4364 1873 4430 τῆς
1899 4365 2290 4431 Κυκλωπείας
2313 4364 2488 4433 τιμῆς
2507 4364 2641 4436 (60).
3118 4354 3124 4365 ’

484 4459 545 4510 Ὀ
574 4459 847 4529 Κύκλωψ,
894 4453 1049 4523 οὗτος
1083 4459 1300 4528 λέγεται
1355 4453 1490 4512 εἶναι
1536 4463 1684 4531 ἣρως
1715 4476 1797 4523 τις
1843 4460 2132 4532 λῃστρικὸς
2183 4462 2278 4515 καὶ
2324 4460 2562 4531 ποιμὴν,
2593 4462 2653 4525 ὃς
2697 4459 2830 4532 ᾤκει
2858 4460 2957 4529 τὴν
2998 4459 3279 4522 Σικελίαν,
3321 4453 3432 4527 εἶχε
3484 4457 3543 4510 δὲ
3589 4456 3687 4510 ἕνα

400 4550 701 4621 ὀφθαλμόν.
751 4551 856 4604 Τοῦ
890 4548 984 4605 οὖν
1024 4551 1324 4617 Ὀδυσσέως
1361 4553 1835 4623 ἀποπλανηθέντες
1870 4554 2007 4623 μετὰ
2046 4554 2135 4607 τὸν
2176 4553 2425 4624 Τρωῖκὸν
2467 4553 2702 4623 πόλεμον
2743 4553 2883 4623 μετὰ
2917 4553 3026 4609 τῶν
3069 4554 3300 4622 ἑταίρων
3346 4548 3510 4604 αὑτοῦ
3536 4590 3550 4613 ,
3590 4556 3691 4605 καὶ

401 4643 652 4707 ἐλθόντος
706 4646 835 4715 περὶ
872 4646 970 4715 τὴν
995 4647 1244 4699 Σικελίαν
1269 4686 1283 4706 ,
1314 4648 1344 4699 ὁ
1382 4648 1624 4717 Κύκλωψ
1676 4648 1939 4702 συνέλαϐε
1973 4649 2067 4702 καὶ
2098 4648 2262 4703 αὐτὸν
2303 4648 2396 4701 τὸν
2434 4648 2694 4703 Ὀδυσσέα
2744 4650 2839 4703 καὶ
2884 4649 3011 4712 τοὺς
3050 4648 3297 4719 ἑταίρους
3341 4646 3507 4699 αὑτοῦ
3530 4663 3546 4678 ο
3590 4650 3690 4701 rx".

398 4737 531 4799 τοὺς
559 4736 657 4806 μὲν
691 4736 939 4806 ἐταίρους
984 4737 1149 4790 αὑτοῦ
1188 4737 1439 4809 πρώτους
1468 4739 1768 4807 κατέφαγε,
1813 4739 1905 4791 τὸν
1934 4738 1993 4791 δὲ
2036 4738 2294 4791 Ὀδυσσέα
2338 4740 2584 4809 τηρήσας
2607 4740 2688 4803 είς
2738 4738 2965 4810 ὕστερον
2985 4738 3323 4806 καταφαγεῖν
3342 4737 3442 4788 οὐκ
3494 4736 3686 4805 ἴσχυσε

399 4827 715 4902 διαδράντος
752 4830 950 4885 αὑτοῦ·
1004 4832 1251 4904 διέδρασε
1280 4832 1338 4884 δέ
1366 4832 1607 4902 μεθύσας
1643 4833 1734 4886 τὸν
1769 4833 2050 4887 Κύκλωπα
2078 4834 2172 4888 καὶ
2215 4834 2500 4903 τυφλώσας
2532 4835 2727 4887 αὐτόν’
2797 4836 2890 4888 καὶ
2930 4834 3036 4888 ὑπὸ
3078 4833 3138 4887 τὸ
3174 4832 3321 4904 ἔριον
3369 4830 3491 4894 ἐνὸς
3526 4829 3685 4902 κριοῦ

401 4924 835 4996 κατακρεμάσας
869 4926 1084 4991 ἑαυτὸν,
1114 4926 1211 5002 καὶ
1251 4923 1484 4991 ἐξελθών
1530 4930 1626 4982 σὺν
1674 4928 1753 4999 τῷ
1784 4928 1944 5000 κριῷ,
1976 4928 2150 4993 οὕτως
2179 4929 2413 5001 ἀπέδρα.

1538 5042 1647 5111 μ6’.
1684 5040 1826 5109 Περὶ
1858 5040 2107 5110 στηλῶν
2140 5043 2527 5112 ἸΙρακλείων.

475 5134 583 5189 Τοῦ
617 5134 955 5205 Ἡρακλέους
1002 5136 1133 5207 περὶ
1181 5136 1253 5190 τὰ
1292 5138 1529 5209 Γάδειρα
1577 5137 1858 5203 ἐλθόντος,
1921 5140 2016 5193 καὶ
2080 5140 2278 5209 μηκέτι
2328 5141 2649 5210 ἰσχύσαντος
2695 5141 3006 5213 περαιτέρω
3052 5138 3337 5192 ἀπελθεῖν·
3404 5136 3532 5190 οὒτε
3574 5155 3690 5210 γαρ

404 5232 647 5306 περᾶσαι
685 5233 871 5303 ἴσχυσε
914 5232 1007 5286 τὸν
1031 5234 1313 5287 Ὠκεανόν·
1360 5235 1429 5289 τὰ
1453 5235 1565 5306 γὰρ
1602 5235 1834 5306 Γάδειρα
1867 5236 2072 5299 εἴσοδός
2115 5239 2264 5289 ἐστιν
2293 5238 2399 5290 ἀπὸ
2426 5237 2521 5291 τοῦ
2557 5237 2811 5291 Ὠκεανοῦ
2841 5239 2919 5300 εἰς
2959 5237 3059 5307 τὴν
3097 5232 3321 5305 δοτικὴν
3366 5233 3649 5286 θάλασσαν
3670 5252 3684 5264 ·

404 5328 532 5397 ρἱρι
560 5323 653 5380 οὖν
685 5328 795 5379 τῶν
823 5327 1095 5398 Γαδείρων
1139 5330 1463 5401 γενόμενος,
1510 5332 1711 5401 στήλας
1749 5330 1977 5402 ἔστησεν
2015 5334 2155 5397 ἐκεῖ,
2205 5333 2282 5397 ὡς
2314 5333 2476 5403 μέχρι
2521 5334 2629 5385 τῶν
2657 5336 2834 5386 ἐκεῖσε
2881 5333 3048 5403 βατῆς
3078 5329 3244 5400 οὔσης
3269 5331 3368 5399 τῆς
3407 5328 3686 5400 θαλάσσης

403 5423 504 5484 καὶ
530 5424 632 5495 τῆς
661 5423 789 5493 γῆς,
822 5425 917 5478 καὶ
944 5425 1006 5478 τὸ
1045 5427 1303 5481 ἐπέκεινα
1329 5428 1546 5482 οὐκέτι·
1594 5430 1687 5482 καὶ
1716 5429 1905 5484 ἀκούει
1934 5432 1963 5483 ὁ
1986 5432 2151 5494 τόπος
2184 5432 2543 5498 Ἡρακλέους
2579 5426 2821 5500 στῆλαι.

479 5602 592 5669 (59)
644 5601 867 5676 _Numm.
920 5603 1015 5669 57,
1078 5603 1170 5669 38,
1247 5605 1316 5660 39
1358 5605 1479 5660 sine
1527 5605 1886 5660 distinctione
1939 5605 1996 5659 in
2109 5606 2443 5676 scd,utjam
2474 5606 2738 5663 diximus.
2774 5612 3067 5676 utr-unique
3095 5609 3306 5656 textum
3355 5600 3682 5669 retinentius,

406 5672 603 5750 0"???
644 5672 922 5750 Ῐῗθυυωῗ·
1213 5742 1228 5750 ,
1315 5745 1325 5750 _
1378 5745 1387 5750 ,
1862 5746 1871 5750 _
2109 5689 2296 5750 utpote
2327 5672 2357 5733 ἱ)
2388 5679 2607 5733 diverso
2635 5676 2783 5731 fonte
2817 5672 3145 5729 derivatum.

481 5744 594 5814 (60)
639 5742 829 5797 Graeca
869 5743 981 5813 jam
1035 5756 1161 5796 cum
1211 5742 1422 5800 Latinis
1483 5762 1591 5801 non
1635 5746 1996 5811 concordant,
