3856 6220
166 307 312 367 {057
954 320 1047 374 AD
1086 323 1146 379 S.
1185 326 1516 384 GREGORII
1552 327 1843 385 LAUDEM
1887 329 2259 387 FUNEBREM
2301 331 2361 391 S.
2405 332 2673 390 BASILII.

1457 442 1570 512 μγῖ
1595 444 1735 511 Περὶ
1769 445 1878 499 τοῦ
1911 445 2175 514 φαλλοῦ.

237 518 350 615 Τοῦ
408 518 693 615 ’(λσίριδος,
720 522 837 593 ἦτοι
880 526 1157 594 Διονύσου,
1187 530 1616 598 διασπασθέντος
1653 536 1760 588 ὑπὸ
1798 538 2077 607 Τυφῶνος,
2123 540 2324 607 φασὶν,
2368 539 2445 603 ὡς
2479 541 2512 611 ἡ
2558 539 2749 594 τούτου
2816 540 3021 613 ἀδελφὴ
3070 543 3105 615 ὴ
3136 538 3336 613 Ἶσις,.
3381 547 3450 602 τὰ

161 611 359 704 τούτου
404 609 543 682 μέλη
576 614 674 667 σὺν
721 616 868 687 πόνῳ
914 618 1096 690 πολλῷ
1140 622 1465 690 συλλέξασα,
1509 627 1671 696 μόνον
1736 628 1797 681 τὸ
1871 630 2072 684 αἰδοῖον
2118 632 2216 701 οὐχ
2244 626 2388 702 εὗρε.
2430 609 2633 685 Τούτου
2690 634 2852 704 χάριν
2898 609 3214 690 εἰκοναντοῦ
3247 609 3447 694 αίδοίου

159 703 491 802 ποιήσασα,
550 707 971 776 προσκυνεῖσθαι
1032 710 1139 764 ὑπὸ
1203 714 1420 768 πάντων
1471 714 1750 772 ὲκέλευοε.
1805 719 2048 776 σΓίνεται
2100 718 2195 776 οὖν
2249 726 2381 793 παρ’
2427 703 2696 797 Ἕλλησιν
2734 728 2896 799 ἑορτὴ
2936 727 3030 781 τοῦ
3089 729 3313 798 φαλλοῦ,
3381 732 3452 802 ἣν

174 796 638 865 προσηγόρευσαν
666 800 1076 870 Φαλλαγώτια.

3318 338 3449 396 1038

180 986 3436 1041 Ἥ

1449 1164 2034 1257 MONITUM
2084 1150 2201 1257 (ί).

239 1532 1033 1611 collectionemhistoriarum
1066 1554 1136 1611 ac
1165 1538 1497 1611 fabularum.
1521 1537 1722 1611 Nonno
1750 1548 2263 1611 auctoretquarum
2290 1538 2363 1611 Si
2377 1538 2677 1611 Gregorius
2708 1541 3086 1598 Nazianzenus
3112 1543 3357 1599 meminit
3391 1545 3445 1599 in

162 1605 391 1681 duabus
410 1614 612 1681 contra
644 1603 927 1681 lulianum
956 1609 1085 1674 imp.
1120 1608 1524 1681 inventionibus.
1552 1610 1765 1679 jamdiu
1797 1611 1968 1681 edidit
2004 1603 2316 1665 R'ichardus
2347 1603 2741 1675 Montbcutius,
2767 1627 2941 1681 eaque
2973 1615 3225 1670 collectio
3255 1615 3308 1667 in
3339 1614 3445 1668 Na-

162 1675 425 1750 ;ianzeiii
455 1676 726 1750 editiones
760 1679 970 1732 utiliter
1001 1688 1224 1750 recepta
1273 1682 1396 1734 fuit.
1440 1675 1598 1734 hunc
1637 1680 1768 1734 mihi
1799 1679 1854 1733 in
1887 1679 2175 1736 Vaticanis
2222 1682 2514 1736 codicibus
2548 1675 2866 1750 persimilis
2887 1683 3240 1739 historiarum
3287 1685 3444 1737 ialm-

159 1747 750 1823 laruinque_co_llectio
772 1750 963 1823 eodem
990 1747 1194 1823 _Non_n_o
1231 1759 1458 1804 auctore
1480 1752 1744 1823 occurrit,
1775 1751 1841 1804 ad
1874 1753 2015 1805 alias
2050 1752 2190 1823 duas
2227 1747 2563 1806 Nazianzeni
2598 1753 2902 1823 orationes,
2940 1768 3136 1823 nempe
3161 1756 3228 1809 ad
3263 1754 3444 1823 Epim-

156 1818 348 1886 plu'um
379 1817 494 1871 divi
536 1816 754 1880 Basilii,
787 1829 840 1871 et
869 1819 934 1871 ad
990 1818 1270 1873 homiliam
1305 1823 1358 1874 in
1405 1831 1595 1875 sancta
1638 1819 1908 1886 Lumina;
1939 1822 2086 1891 quod
2118 1838 2219 1892 ego
2251 1838 2386 1877 sane
2436 1823 2544 1877 scri
2591 1833 2730 1887 tum,
2775 1816 3101 1878 Montacutii
3134 1816 3445 1895 exemplum

157 1896 419 1947 secutus,
459 1889 514 1942 in
564 1888 741 1942 lucem
784 1890 1035 1943 emittere
1075 1890 1307 1944 libenter
1346 1892 1589 1947 decrevi.
1620 1892 1889 1946 resecatis
1925 1898 2110 1945 tamen
2143 1895 2209 1947 iis
2254 1891 2367 1947 fere
2396 1839 2676 1947 om‘nigus.
2706 1908 2829 1947 oua:
2863 1893 3006 1947 anud
3042 1896 3301 1947 Cosmam
3339 1894 3444 1947 l2).

157 1896 419 1961 secutus,
459 1889 514 1942 in
545 1888 741 1961 lucem
784 1890 1307 1961 emittere_li_benter
1346 1892 1589 1957 decrevi,
1620 1892 1889 1946 resecatis
1925 1888 2110 1945 tamen
2143 1888 2209 1947 iis
2254 1891 2367 1947 fere
2396 1888 2676 1955 omnibus,
2706 1908 2829 1961 qua:
2863 1893 3006 1961 apud
3042 1888 3311 1950 Cosmanf
3339 1894 3444 1958 (ἓ),

156 1959 227 2011 ad
261 1960 505 2034 litteram
536 1956 651 2034 iam
684 1956 1147 2034 exstabant._EtSi
1178 1961 1323 2014 enim
1353 1964 1408 2034 in
1458 1963 1766 2034 superiore
1782 1975 1951 2034 opere
1982 1962 2116 2034 n_i_hil
2149 1962 2363 2017 Cosmaa
2407 1961 2644 2034 detraxi,
2683 1956 2998 2031 quanquam
3046 1967 3092 2019 is
3123 1981 3266 2034 saepe
3295 1956 3443 2018 Μοιιέ

158 2027 809 2103 tacutiannm_Nonnum
833 2030 1130 2097 expilabat,
1167 2045 1318 2085 nunc
1352 2032 1478 2087 illas
1509 2027 1697 2089 tamen
1727 2027 1981 2086 Vaticani
2010 2030 2192 2087 Nonni
2223 2045 2409 2103 partes
2445 2033 2500 2085 in
2532 2027 2639 2088 hoc
2666 2027 2789 2088 meo
2816 2027 2958 2087 libro
2994 2036 3147 2090 nolui
3182 2027 3445 2091 r'ecudeie

156 2115 283 2168 quae
312 2098 463 2169 apud
497 2100 756 2155 Cosmam
796 2099 1079 2169 leguntur.

200 2329 3432 2364 _________________..._____________

472 2529 701 2615 ΤΟΥ
758 2526 1028 2614 ABBA
1098 2527 1560 2616 ΝΟΝΝΟΥ
1615 2527 2235 2616 ΣΥΝΑΓΩΓΗ
2287 2531 2484 2615 ΚΑΙ
2557 2524 3115 2619 ΕΞΗΓΗΣΙΣ
3202 2490 3207 2495 ’

1296 2752 1436 2807 ΤΩΝ
1494 2753 1914 2823 ΕΔΔΗΝΙΚΩΝ
1973 2753 2294 2810 morum

155 2922 260 2983 Ὧν
294 2929 543 3001 ἐμνήσθη
560 2931 589 2983 ὁ
623 2930 897 2999 πάνσοφος
922 2930 1016 2984 καὶ
1046 2930 1105 2983 ὲν
1126 2929 1303 2998 ἁγίοις
1341 2929 1515 3001 μέγας
1542 2930 1846 3003 Γρηγὸριος
1870 2933 1900 2987 ὁ
1921 2931 2186 3002 Θεολόγος
2216 2936 2299 2998 είς
2327 2934 2421 2990 τὸν
2443 2934 2766 3005 Ἐπιτάφιον
2794 2934 2891 2989 τοῦ
2924 2936 2981 2989 ὲν
3020 2935 3196 3005 ἁγίοις
3227 2939 3438 3011 Harpe;

1291 3025 1455 3097 ήμῶν
1484 3025 1584 3082 καὶ
1614 3026 1855 3100 μεγάλου
1875 3028 2163 3083 Βασιλείου
2187 3029 2289 3105 (5).

224 3347 621 3441 ΝΟΝΝΙ
727 3345 1223 3437 ABBATIS
1321 3346 1990 3446 COLLECTIO
2109 3354 2259 3443 ET
2374 3356 3371 3454 INTERPRETATIO

1183 3548 1828 3615 HISTORIARUM
1872 3551 2403 3628 GRIECARUM,
2686 3546 2695 3555 ’

154 3718 428 3792 Quarum
456 3714 746 3779 meminit
780 3715 1278 3796 sapientissimus
1322 3720 1383 3777 et
1421 3715 1588 3776 inter
1627 3721 1877 3778 sanctos
1917 3734 2181 3795 magnus
2205 3718 2545 3795 Gregorius
2563 3719 2923 3801 Theologus
2964 3722 3029 3784 in
3073 3721 3433 3789 laudatione

1163 3817 1414 3880 funebri
1460 3817 1662 3880 sancti
1704 3818 1900 3881 Patris
1944 3819 2143 3880 nostri
2188 3818 2423 3880 Basilii.

224 4162 289 4216 Οί
328 4158 440 4213 τῶν
479 4158 585 4225 ἔξω
624 4154 849 4231 ῥήτορές
881 4172 939 4209 τε
978 4155 1074 4209 καὶ
1126 4157 1377 4226 σοφισταί¹
1421 4156 1738 4229 βουλόμενοι
1765 4166 1803 4227 Α

1913 4159 2183 4218 Rhetores
2216 4170 2271 4219 et
2301 4161 2565 4233 sophistae
2606 4161 2823 4232 profani
2862 4179 2922 4218 ea
2950 4174 3133 4221 mente
3166 4175 3244 4233 ut,
3271 4184 3431 4237 quem

152 4255 243 4309 τὸν
266 4251 749 4324 ἐγκωμιαζόμενον
774 4248 902 4319 παρ’
927 4247 1107 4303 αὐτῶν
1133 4250 1518 4318 εὐγενέστατον
1542 4251 1736 4319 δεῖξαι,

1844 4254 2151 4316 celebrant,
2194 4254 2467 4308 natalibus
2509 4253 2720 4307 clarum
2768 4254 3082 4322 ostendant,
3129 4272 3195 4310 ex
3232 4273 3432 4327 genere

150 4350 422 4418 λέγουσιν,
450 4346 526 4410 ὡς
569 4339 724 4408 οὗτος
756 4343 816 4396 τὸ
856 4343 1013 4411 γένος
1043 4344 1307 4412 κατάγει,
1340 4345 1390 4397 εί
1423 4344 1597 4414 τύχοι,
1631 4346 1741 4398 ἀπὸ

152 4441 401 4502 Πέλοπος
440 4437 475 4508 ἢ
509 4437 824 4508 Κέκροπος,
860 4435 893 4504 ἢ
935 4434 1300 4505 Ἡρακλέους,
1351 4434 1385 4507 ἢ
1426 4436 1534 4488 τῶν
1566 4435 1742 4489 ἄλλων

149 4533 260 4587 τῶν
291 4531 660 4603 νομισθέντων
688 4527 907 4601 ἡρώων,
939 4525 972 4597 ἢ
1012 4527 1107 4579 καὶ
1157 4526 1332 4590 ἄλλως
1357 4543 1477 4589 πως
1518 4526 1742 4597 ἀγαθῶν

149 4627 462 4697 γενομένων
487 4623 717 4695 ἀνδρῶν.
746 4621 915 4692 Φησὶν
949 4614 1042 4673 οὖν
1080 4619 1109 4671 ὁ
1140 4618 1283 4682 θεῖος
1310 4620 1630 4690 Γρηγορίος,
1659 4621 1742 4674 ὅτι

149 4722 198 4774 οἱ
226 4718 325 4772 τοῦ
358 4716 640 4772 θειοτάτου
676 4713 961 4767 Βασιλείου
991 4712 1359 4784 προπάτορες,
1392 4712 1612 4783 μείζους
1644 4714 1743 4767 καὶ

148 4810 526 4880 εὐγενέστεροι
557 4804 699 4879 ἦσαν
732 4806 842 4859 τῶν
873 4804 1249 4876 νομιζομένων
1292 4804 1445 4876 παρά
1486 4807 1598 4869 τοῖς
1637 4803 1743 4869 ἔξω

148 4902 412 4972 εὐγενῶν.
446 4900 556 4954 Καὶ
586 4900 614 4952 ὁ
647 4898 746 4969 μὲν
775 4895 903 4961 νοῦς
931 4894 1026 4949 τοῦ
1058 4895 1216 4965 ἁγίου
1246 4894 1554 4967 Γρηγορίου
1579 4894 1743 4949 τοῦτο

150 4995 424 5067 βούλεται.
460 4993 652 5045 Είπεῖν
699 4990 756 5042 δὲ
805 4989 887 5043 δεῖ
928 4988 1072 5052 τίνες
1099 4980 1277 5041 οὗτοι·
1310 4984 1444 5052 οἷον,
1478 4987 1508 5041 ὁ
1539 4986 1738 5056 Πέλοψ,

147 5087 246 5143 καὶ
278 5088 308 5140 ὁ
340 5083 587 5155 Κέκροψ,
621 5080 718 5136 καὶ
764 5080 1110 5149 ’Δλκμαίων,
1153 5080 1300 5132 καὶὸ
1344 5078 1653 5150 Ἡρακλῆς·
1691 5081 1740 5132 oi

147 5181 259 5252 γὰρ
292 5176 500 5232 τούτων
546 5175 805 5242 ἀπόγονοι
855 5172 1106 5240 λέγονται
1140 5171 1327 5225 λοιπὸν
1357 5171 1468 5224 ἀπὸ
1511 5170 1611 5243 μὲν
1643 5169 1739 5224 τοῦ

152 5272 397 5333 Πέλοπος
429 5267 746 5328 Πελοπίδαι,
777 5267 826 5318 oi
863 5264 917 5318 δὲ
946 5264 1055 5318 ἀπὸ
1087 5263 1181 5316 τοῦ
1208 5264 1496 5334 Κέκροπος
1523 5264 1738 5335 Κεκρο-

151 5362 326 5424 πίδαι,
358 5361 409 5414 oi
436 5359 495 5412 δὲ
525 5358 634 5412 ἀπὸ
668 5356 762 5410 τοῦ
802 5355 1178 5425 Ἀλκμαίωνος
1214 5355 1660 5426 Ἀλκμαιωνίδαι,
1689 5357 1739 5408 οἱ

149 5456 203 5509 δὲ
239 5454 351 5508 ἀπὸ
382 5451 477 5506 τοῦ
532 5450 872 5521 Ἡρακλέους
922 5447 1314 5521 Ἡρακλεῖδαι,
1361 5448 1457 5502 καί
1497 5447 1607 5501 ἀπὸ
1642 5447 1738 5501 τοῦ

150 5547 355 5602 Δίακοῦ
385 5546 667 5600 Αἰακίδαι.

222 5697 298 5781 i1?
338 5696 443 5781 ita?
477 5696 726 5781 ξρεςειεειι
759 5696 908 5781 £03"-
929 5694 1160 5781 ,ιικῖιηο

219 5760 299 5835 i2)
343 5764 476 5821 Vide
505 5760 733 5838 hujusce
751 5767 1077 5839 Patrologiw
1099 5774 1230 5822 tom.
1264 5761 1555 5830 XXXVIII,
1584 5760 1726 5836 Opp.

151 5838 401 5910 Gregorii
446 5848 579 5894 tom.
615 5837 702 5893 Ν.

1845 4360 2009 4413 eum,
2057 4344 2357 4400 dummodo
2402 4346 2474 4399 ita
2517 4344 2636 4399 ﬁeri
2691 4346 2888 4414 possit,
2934 4346 3019 4400 vel
3060 4345 3306 4417 Pelopis,
3339 4358 3431 4402 aut

1842 4439 2102 4508 Cecropis
2145 4438 2449 4508 alicujusve
2497 4453 2563 4491 ex
2615 4437 2739 4492 aliis
2787 4451 2887 4507 pro
2926 4437 3188 4493 heroibus
3230 4439 3430 4496 habitis

1842 4531 1927 4585 vel
1965 4546 2031 4585 ex
2081 4531 2216 4585 viris
2263 4531 2356 4599 qui
2399 4545 2622 4600 quoquo
2664 4530 2826 4585 modo
2865 4544 3106 4600 unquam
3154 4532 3430 4586 inclarue-

1844 4632 1991 4685 runt,
2017 4621 2316 4676 declarant.
2352 4620 2541 4676 Relert
2570 4622 2739 4692 igitur
2786 4622 2946 4677 divus
2971 4621 3270 4693 Gregorius
3302 4634 3428 4695 pro-

1842 4718 2119 4783 genitores
2170 4714 2509 4769 sanctissimi
2570 4713 2758 4768 Basilii
2810 4729 2875 4768 ex
2984 4715 3054 4769 iis
3110 4715 3284 4772 fuisse
3335 4718 3427 4787 qui

1841 4805 1975 4859 clari
2022 4812 2076 4860 et
2114 4807 2325 4861 nobiles
2357 4806 2501 4876 apud
2535 4807 2787 4862 ethnicos
2819 4807 3178 4864 habebantur.
3215 4808 3280 4862 Et
3312 4809 3430 4864 haec

1840 4907 1927 4954 est
1955 4914 2110 4953 mens
2138 4900 2251 4954 divi
2288 4899 2558 4970 Gregorii.
2590 4901 2663 4953 At
2707 4900 2931 4970 quinam
2973 4902 3085 4957 sint
3126 4902 3214 4956 isti
3245 4901 3428 4960 dicere

1841 4999 2076 5062 oportet.
2110 4990 2326 5062 Pelops.
2357 4992 2617 5061 Cecrops,
2641 4991 2939 5065 Alcmaeon,
2975 4992 3267 5050 Hercules:
3291 5012 3429 5065 quo-

1841 5099 1961 5138 rum
1999 5085 2203 5154 posteri
2228 5084 2322 5138 alii
2359 5083 2632 5154 PeIOpidze
2666 5100 2696 5138 a
2729 5083 2949 5154 Pelope,
2990 5085 3082 5139 alii
3111 5084 3431 5156 Cecropida:

1841 5189 1871 5227 ιι
1911 5172 2183 5242 Cecrope,
2232 5176 2617 5231 Alcmazonidaa
2658 5175 2786 5239 alii,
2840 5177 2910 5231 ab
2967 5178 3308 5240 Alcmaeone,
3358 5180 3430 5234 ah

1842 5266 2128 5322 Heraclide
2187 5268 2278 5321 alii
2342 5268 2673 5333 Heraclidae,
2740 5280 2794 5324 et
2860 5270 3082 5324 tandem
3140 5270 3209 5325 ab
3251 5269 3429 5325 Aiace

1840 5357 2082 5413 IEacidae
2108 5359 2199 5413 alii
2231 5360 2463 5429 posthac
2500 5360 2876 5414 nominantur.

1869 5694 1984 5822 di?)
2025 5692 2216 5752 Oratio
2259 5690 2456 5757 XLIII,
2503 5690 2635 5748 olim
2684 5688 2879 5748 XXXII
2896 5732 2911 5756 ,
2966 5706 3090 5762 pag.
3139 5689 3240 5748 769
3288 5703 3422 5749 nov.

1909 5784 1920 5820 I
1953 5807 1968 5822 ο

1836 5782 1968 5822 CUII.
