3856 6220
403 257 538 315 1059

998 368 1051 421 l.
1094 365 1170 421 De
1203 364 1414 437 Pelope.

1770 247 2051 307 NONNUS
2101 247 2324 304 ABBAS

3550 247 3573 301 1
3587 245 3699 303 060

2526 369 2594 416 α’.
2647 363 2787 445 Περὶ
2824 360 2934 415 τοῦ
2962 360 3260 428 Πέλοπος.

474 504 671 575 Pelops
721 503 863 559 ﬁlius
923 510 1039 557 erat
1092 501 1307 556 Tantali
1360 501 1609 573 Phrygia:
1665 500 1829 571 regis.
1890 498 1992 553 ilic

2175 498 2355 569 Πέλοψ
2375 499 2488 560 υίὸς
2513 499 2704 567 γέγονε
2734 499 3011 553 Ταντάλου
3034 500 3275 569 Φρυγίας
3310 498 3602 570 βασιλέως.
3642 500 3701 552 ’0

403 595 669 652 Tantalus
713 611 837 650 cum
874 594 971 657 llo,
1002 595 1095 664 qui
1145 595 1201 649 in
1252 593 1464 649 Troade
1513 592 1758 647 condidit
1804 590 1994 657 Ilium,

407 688 608 743 bellum
658 704 886 759 gerens,
938 686 1259 756 clademque
1304 694 1588 748 metuens,
1630 685 1800 739 ﬁlium
1835 699 1996 739 suum

407 777 663 849 Pelopem
702 780 944 849 praebitis
991 779 1324 849 pecuniariis
1360 777 1624 834 subsidiis
1672 778 1736 831 ad
1774 777 1998 847 Epirum

408 871 699 941 petendam
729 871 966 927 induxit.
1005 872 1063 926 Si
1107 873 1353 936 vicerim,
1388 872 1589 941 inquit,
1621 873 1676 925 in
1706 871 1996 942 Phrygiam

408 971 719 1025 revertere;
745 963 829 1017 sin
866 971 1045 1016 autem
1082 962 1277 1015 fuerim
1318 963 1517 1025 victus,
1550 963 1602 1016 in
1635 961 1850 1031 Europa
1882 977 1998 1017 ma-

409 1069 497 1108 ne.
552 1050 762 1123 Opibus
815 1054 1057 1123 acceptis
1106 1054 1162 1107 in
1207 1050 1472 1107 Graeciam
1513 1052 1733 1107 advenit
1782 1052 1997 1120 Pelops,

407 1142 464 1197 in
486 1144 775 1213 regionem
808 1159 929 1213 qute
963 1144 1266 1198 vocabatur
1299 1143 1437 1213 Apia
1468 1151 1523 1196 et
1558 1157 1739 1212 regem
1767 1142 2001 1196 habebat

407 1232 786 1298 OEnomaum,
826 1234 1021 1303 puellae
1066 1233 1285 1289 nomine
1338 1232 1713 1303 Hippodamiae
1763 1239 1997 1302 patrem.

408 1326 604 1395 Pelops
631 1365 648 1389 ,
708 1323 992 1380 (Enomao
1050 1326 1108 1380 in
1161 1328 1407 1396 equestri
1460 1326 1651 1395 praelio
1703 1335 1999 1396 superato,

408 1418 533 1488 ejus
606 1417 768 1471 liam
840 1416 1260 1487 Hippodamiam
1324 1433 1551 1472 uxorem
1611 1418 1998 1488 duxit,regio-

412 1530 592 1584 neque
625 1515 832 1585 potitus
857 1516 945 1568 cui
979 1529 1077 1584 pro
1109 1514 1243 1580 Apia
1281 1513 1643 1584 Peloponnesi
1677 1514 1998 1567 vocabulum

409 1606 706 1675 imposuit,
756 1607 862 1661 hoc
919 1617 1034 1670 est,
1086 1605 1304 1675 Pelopis
1353 1605 1557 1661 insula.
1604 1604 1807 1660 Omnes
1853 1605 1999 1660 illius

410 1698 620 1766 posteri
672 1697 942 1766 Pelopida:
999 1697 1392 1762 nominantur;
1451 1697 1486 1749 ii
1530 1705 1659 1751 sunt
1711 1715 1724 1750 :
1774 1696 1995 1757 Atreus,

410 1789 709 1859 Thyestes,
748 1789 1121 1858 Agamemno.
1156 1786 1465 1849 Menelaus,
1501 1795 1556 1840 et
1596 1787 1822 1840 ultimus
1862 1784 1998 1840 Ore-

2105 592 2381 656 Τάνταλος
2413 593 2471 646 δέ
2498 587 2651 657 οὗτος
2676 593 2914 663 πόλεμον
2953 592 3205 664 ἐσχηκὼς
3249 594 3390 664 μετά
3416 592 3562 646 Ἴλου
3602 593 3700 647 τοῦ

2104 685 2393 749 κτίσαντος
2431 686 2494 738 τὸ
2529 686 2693 739 Ἴλιον
2737 685 2798 738 τὺ
2829 687 2922 738 ἐπὶ
2962 686 3197 756 Τροίας,
3226 685 3323 739 καὶ
3361 685 3703 755 φοϐούμενος

2103 777 2203 849 τὴν
2227 774 2417 850 ἧτταν,
2443 778 2711 850 ἐπέτρεψε
2734 779 2810 849 τῷ
2835 778 3035 831 Πέλοπι
3054 778 3132 849 τῷ
3161 778 3274 849 ἰδίῳ
3298 777 3451 831 παιδὶ
3478 777 3701 830 λαϐόντι

2105 870 2389 939 χρήματα,
2441 870 2653 939 ἀπᾶραι
2685 869 2779 922 ἐπὶ
2818 868 2916 940 τὴν
2952 870 3238 941 Ἤπειρον,
3282 867 3454 922 εἰπὼν
3500 868 3699 931 ταῦτα,

2105 957 2186 1009 ὅτι
2222 957 2350 1009 Ἰοξὰν
2405 957 2504 1028 μὲν
2551 959 2794 1029 νικήσω,
2854 959 3218 1031 ὑποστρέψεις
3251 959 3418 1013 πάλιν
3460 963 3542 1022 εἰς
3601 960 3701 1029 τὴν

2104 1049 2378 1120 Φρυγίανο
2418 1048 2560 1102 ἐπάν
2597 1049 2654 1101 δὲ
2685 1049 2927 1121 ἡττηθῶ,
2966 1051 3096 1120 μένε
3141 1053 3225 1113 εἰς
3262 1051 3364 1121 τὴν
3394 1051 3699 1122 Εὐρώπην.

2105 1139 2302 1193 Λαϐὼν
2335 1136 2427 1195 οὖν
2454 1142 2482 1193 6
2511 1140 2692 1210 Πέλοψ
2724 1143 2828 1212 χρὴ
2839 1159 3003 1211 ματα,
3034 1137 3198 1212 ἦλθεν
3225 1144 3306 1206 είς
3335 1142 3434 1213 τὴν
3470 1141 3700 1195 Ἐλλάδα

2105 1234 2164 1286 ἐν
2196 1232 2351 1304 χώρᾳ
2382 1234 2545 1305 Ἀπία
2568 1234 2883 1306 καλουμένῃ
2901 1252 2912 1263 ·
2938 1235 3060 1305 ἥτις
3094 1234 3256 1287 Ἀπία
3283 1234 3438 1305 χώρα
3468 1234 3701 1304 βασιλέα

2106 1320 2222 1395 εἶχε
2266 1326 2355 1378 τὸν
2396 1326 2699 1396 Οἰνόμαον,
2747 1324 2945 1395 ἔχοντα
2977 1327 3256 1397 θυγατέρα
3302 1327 3701 1397 Ἱπποδάμειαν

2104 1416 2352 1487 ὀνόματι.
2371 1413 2503 1471 Εἶτα
2525 1419 2941 1488 ἀγωνισάμενος
2961 1417 3198 1470 ἐνταῦθα
3217 1418 3249 1469 6
3266 1418 3448 1487 Πέλοψ
3469 1418 3702 1471 ἱππικὸν

2106 1509 2295 1577 ἀγῶνα
2329 1510 2469 1581 μετά
2507 1513 2810 1581 Οἰνομάου,
2852 1511 2947 1563 καλ⁸
2973 1511 3225 1580 νικήσας,
3258 1510 3419 1563 ἔλαϐε
3457 1515 3702 1579 γυναῖκα

2104 1602 2204 1671 τὴν
2237 1601 2331 1655 τοῦ
2371 1602 2641 1672 Οἰνομάου
2687 1601 2965 1671 θυγατέρα
3004 1601 3419 1672 Ἱπποδάμειαν,
3448 1604 3544 1656 καὶ
3566 1622 3699 1656 κατ-

2074 1686 2232 1766 ’έσχε
2272 1696 2371 1768 τὴν
2419 1697 2632 1771 χώραν·
2679 1699 2773 1753 καὶ
2826 1699 2948 1751 ἀντὶ
2984 1698 3178 1762 Ἀπίας
3221 1700 3483 1757 ἐκάλεσεν
3527 1701 3700 1769 αὐτὴν

2104 1791 2536 1861 Πελοπόννησον,
2564 1792 2592 1845 ὃ
2624 1793 2773 1845 ἐστιν
2810 1793 2960 1864 ἡτοῦ
2998 1793 3238 1853 Πέλοπος
3271 1793 3453 1862 νῆσος.
3489 1792 3699 1854 Πάντες

413 1887 548 1933 stes.
591 1877 717 1932 Haec
751 1876 1022 1933 sufﬁciant
1072 1877 1140 1932 de
1186 1876 1480 1946 Pelopide,
1522 1877 1684 1930 modo
1716 1875 1770 1929 in
1801 1874 2001 1930 Cecro-

2114 1875 2196 1932 υῦν
2228 1881 2276 1932 οἰ
2309 1880 2417 1932 ἀπὸ
2454 1880 2547 1934 τοῦ
2581 1880 2824 1945 Πέλοπος
2857 1881 3157 1936 ’καλοῦνται
3193 1881 3523 1934 Πελοπίδαι·
3556 1879 3695 1943 οἷον,

412 1984 535 2041 pem
568 1969 770 2023 deﬂuat
802 1970 1001 2022 oratio.

972 2288 1027 2346 2.
1062 2288 1142 2344 De
1183 2287 1435 2360 Cecrope.

486 2425 604 2483 Rex
655 2425 1074 2481 Atheniensium
1128 2424 1370 2495 ϐροτονε
1422 2423 1545 2490 fuit,
1585 2440 1694 2494 quo
1746 2435 2007 2495 regnante

412 2518 651 2572 maxime
693 2514 879 2570 ﬁoruit
915 2515 1095 2569 Attica
1144 2516 1295 2585 regio
1333 2533 1346 2568 :
1382 2514 1643 2584 bilinguis
1681 2517 2005 2579 vocabatur,

413 2608 557 2680 quod
606 2608 823 2663 duabus
870 2607 1120 2661 calluerit
1167 2606 1407 2675 linguis,
1453 2604 1641 2659 Graeca
1686 2607 1900 2660 scilicet
1952 2614 2008 2661 et

413 2701 756 2773 (Egyptiaca.
817 2698 1085 2754 Dicuntur
1135 2698 1499 2752 Atheuienses
1545 2714 1609 2752 ex
1654 2696 1890 2768 Aigypto
1940 2699 2010 2753 ab

413 2796 547 2850 urbe
594 2793 761 2849 Saide
805 2794 1075 2865 migrasse
1112 2792 1254 2847 duce
1283 2792 1376 2846 illo
1420 2792 1686 2861 Cecrope,
1717 2792 1829 2860 qui,
1877 2792 2009 2845 dum

412 2888 468 2942 in
494 2886 762 2942 Graeciam
791 2885 1071 2949 transiret,
1105 2882 1352 2937 Gmcam
1385 2889 1439 2938 et
1474 2881 1855 2953 [Egyptiacam
1903 2883 2009 2936 lin-

413 2994 572 3050 guam
618 2978 934 3043 ediscebat,
983 2984 1039 3033 et
1084 2977 1371 3046 utriusque
1416 2991 1622 3047 gnarus
1652 2990 1720 3030 eo
1767 2974 2007 3030 advenit.

414 3068 575 3127 Falsa
609 3077 696 3126 est
740 3070 928 3139 opinio
959 3084 1083 3140 qua:
1112 3076 1262 3124 tenet
1300 3068 1668 3123 Athenienses
1708 3067 1881 3123 fuisse
1928 3069 2012 3121 in-

414 3164 658 3235 digenas,
713 3163 933 3219 inﬁrma
1002 3163 1106 3217 hac
1166 3160 1650 3216 verisimilitudine
1706 3162 1834 3215 nixa
1887 3160 2010 3216 illos

414 3271 694 3327 nunquam
755 3255 1016 3326 expulsos
1067 3253 1123 3306 in
1180 3252 1359 3307 Attica
1412 3253 1623 3307 incolas
1678 3253 2003 3307 collocasse.

416 3345 551 3401 Nam
583 3348 786 3403 sterilis
835 3345 970 3401 adeo
1023 3354 1174 3401 terra
1227 3360 1337 3400 non
1382 3360 1637 3414 magnum
1687 3342 1829 3411 apud
1865 3343 2002 3398 alios

415 3436 841 3507 unmigrationis
885 3436 1220 3491 desiderium
1267 3435 1548 3488 excitavit.
1608 3430 1886 3487 Hactenus
1934 3432 2002 3488 de

416 3527 687 3599 Cecrope;
719 3528 786 3584 de
820 3528 1128 3582 Alcmaeone
1154 3541 1301 3581 nunc
1324 3527 1637 3596 loquamur.

2117 1972 2377 2043 Ἀτρεὺς,
2430 1972 2711 2043 Θυέστης,
2779 1974 3177 2045 Ἀγαμέμνων,
3233 1974 3548 2037 Μενέλαος,
3603 1974 3702 2027 καὶ

2106 2064 2413 2128 τελευταῖος
2471 2065 2757 2137 Ὀρέστης.
2811 2067 2920 2120 Καὶ
2973 2067 3101 2136 περὶ
3151 2065 3251 2137 μὲν
3307 2066 3403 2119 τοῦ
3455 2067 3702 2130 Πέλοπος

2105 2154 2300 2221 ταῦτα,
2332 2156 2462 2227 περὶ
2486 2156 2544 2210 δὲ
2570 2156 2665 2210 τοῦ
2694 2158 2980 2229 Κέκροπος
3010 2159 3112 2230 ἠδη
3145 2158 3379 2222 λέξεται.

2524 2290 2589 2363 β’.
2631 2292 2769 2361 Περί
2798 2292 2907 2347 τοῦ
2937 2293 3262 2361 Κέκροπος.

2180 2427 2407 2499 Κέκροψ
2441 2426 2698 2497 βασιλεὺς
2727 2427 2950 2497 γέγονεν
2978 2424 3278 2500 Ἀθηναίων
3297 2444 3313 2459 ⁸
3356 2428 3417 2492 ὃς
3445 2429 3705 2499 μεγάλως

2107 2521 2207 2590 τὴν
2242 2519 2496 2591 Ἀττικὴν
2525 2519 2963 2591 κατεκόσμησεν.
2991 2513 3161 2584 Οὗτος
3191 2520 3247 2573 δέ
3279 2522 3428 2573 ἐστιν
3446 2523 3474 2574 ὁ
3504 2521 3704 2592 διφυὴς

2110 2611 2448 2681 καλούμενος
2469 2626 2483 2641 ·
2515 2611 2767 2665 ἐκαλεῖτο
2806 2612 2865 2665 δὲ
2901 2613 3118 2684 διφυὴς,
3151 2615 3232 2665 ὅτι
3269 2612 3363 2665 δύο
3410 2613 3601 2681 φωνὰς
3634 2608 3705 2684 ἦν

2110 2702 2422 2772 ἠσκημένος
2446 2718 2460 2728 ‘
2520 2702 2650 2774 μίαν
2686 2703 2786 2773 μὲν
2822 2704 2923 2775 τὴν
2964 2704 3066 2775 τῆς
3106 2703 3377 2767 Ἑλλάδος,
3412 2704 3610 2774 ἐτέραν
3646 2704 3705 2756 δὲ

2109 2798 2209 2867 τὴν
2251 2796 2353 2866 τῆς
2387 2796 2688 2864 Αἰγύπτου.
2741 2797 2978 2866 Λέγεται
3024 2798 3166 2871 γὰρ,
3197 2798 3279 2850 ὅτι
3323 2798 3373 2850 οἱ
3422 2797 3704 2865 Ἀθηναῖοι

2110 2889 2330 2944 ἄποικοί
2358 2890 2499 2942 εἰσιν
2542 2890 2883 2957 Αἰγυπτίων,
2918 2890 3026 2943 ἀπὸ
3061 2892 3247 2953 Σάεως
3274 2889 3508 2953 πόλεως.
3545 2890 3704 2957 Ἠγε-

2116 2980 2233 3050 μὼν
2265 2976 2358 3034 οὖν
2389 2982 2489 3052 τῆς
2516 2983 2777 3045 ἀποικίας
2814 2983 3039 3052 γέγονεν
3072 2977 3279 3049 οὗτοςὸ
3314 2981 3576 3053 Κέκροιζν
3608 2981 3707 3033 καὶ

2114 3071 2282 3126 ἐλθὼν
2325 3074 2407 3136 είς
2446 3074 2547 3144 τὴν
2586 3074 2813 3128 Ἐλλάδα
2838 3114 2851 3136 ,
2890 3075 3062 3146 ἔμαθε
3111 3077 3213 3145 τὴν
3252 3074 3484 3128 Ἐλλάδα
3516 3075 3705 3143 φωνὴν

2114 3165 2206 3217 καὶ
2226 3164 2323 3235 τὴν
2344 3166 2650 3233 Αἰγυπτίαν
2671 3183 2683 3196 ·
2711 3167 2807 3219 καὶ
2830 3162 2994 3237 ἦλθεν
3019 3169 3100 3230 εἰς
3131 3168 3229 3238 τὴν
3266 3166 3493 3220 Ἐλλάδα
3516 3166 3705 3234 φωνὴν

2114 3256 2253 3327 ἔχων
2283 3258 2380 3310 καὶ
2412 3256 2511 3327 τὴν
2534 3258 2870 3326 Αἰγυπτίων.
2908 3260 2965 3312 'U
2989 3259 3046 3312 δὲ
3073 3259 3252 3327 λόγος,
3280 3261 3308 3311 ὁ
3334 3256 3513 3326 λέγων
3543 3256 3707 3308 αὑτό-

2109 3347 2307 3417 χθονας
2332 3345 2472 3402 εἶναι
2511 3349 2853 3420 Ἀθηναίους,
2892 3350 3060 3422 μῦθός
3085 3352 3224 3415 ἐστι,
3254 3350 3439 3403 λαϐὼν
3467 3350 3531 3401 τὸ
3567 3348 3705 3400 τ’.λά-

2112 3454 2226 3507 σμα
2257 3437 2366 3490 ἀπὸ
2406 3437 2502 3490 τοῦ
2537 3438 2809 3509 μηδέποτε
2845 3439 3188 3510 ἀπωσθῆναι,
3226 3438 3430 3509 μᾶλλον
3471 3439 3533 3491 δὲ
3577 3440 3706 3490 ἀνα-

2111 3529 2273 3599 θῆναι
2309 3531 2437 3593 τοὺς
2466 3531 2800 3599 οἰκήσαντας
2828 3533 2907 3594 εἰς
2932 3532 3034 3601 τὴν
3067 3531 3340 3601 Ἀττικήν.
3374 3531 3705 3596 Δεπτόγεως

417 3622 526 3693 γὰρ
546 3616 681 3676 οὖσα
711 3624 744 3692 ἡ
791 3620 965 3692 χώρα,
1007 3621 1067 3674 οὐ
1106 3620 1250 3674 πάνυ
1290 3614 1357 3691 ἦν
1406 3618 1622 3691 ζηλωτὴ
1670 3620 1764 3671 καὶ
1833 3617 2029 3684 ἄλλους
2066 3624 2383 3678 εἰσοικίσαι.
2446 3624 2584 3696 Περὶ
2627 3625 2727 3695 μὲν
2770 3625 3062 3696 Κέκροπος
3104 3624 3253 3688 ἃλις·
3300 3625 3477 3676 εἰπεῖν
3523 3623 3581 3675 δὲ
3625 3623 3707 3676 δεῖ

417 3717 550 3789 περὶ
585 3706 979 3787 Ἀλκμαίωνος.

951 3873 1006 3926 5.
1040 3870 1119 3925 De
1159 3871 1478 3925 Alcmwone.

490 3984 592 4039 ilic
638 3983 862 4039 natione
901 3982 1252 4038 Atheniensis
1286 3983 1495 4037 clarum
1542 3996 1741 4035 nomen
1778 3982 2008 4053 adeptus

417 4086 504 4135 est
550 4077 622 4131 ob
679 4076 850 4130 animi
898 4075 1210 4129 ﬁrmitatem
1267 4089 1431 4145 quam
1491 4074 1546 4128 in
1597 4077 1797 4128 tuenda
1846 4077 2013 4130 Athe-

422 4171 695 4229 niensium
745 4169 997 4222 libertate
1041 4166 1313 4222 exhibuit.
1347 4163 1662 4237 Tyrannide
1710 4167 1943 4221 Athenis
1980 4182 2011 4221 a

420 4263 712 4320 Pisistrato
742 4270 1032 4329 occupata,
1060 4259 1252 4329 patria:
1293 4259 1615 4315 servitutem
1647 4274 1759 4313 non
1805 4260 2009 4327 ferens,

421 4355 699 4426 migravit,
743 4368 809 4407 ac
857 4360 971 4405 toto
1024 4350 1206 4406 exsilii
1244 4358 1494 4420 tempore
1531 4365 1695 4405 curas
1732 4366 1924 4406 omnes
1957 4352 2012 4405 in

420 4446 762 4505 restituenda
843 4444 1095 4500 libertate
1171 4443 1449 4508 contulit,
1510 4457 1695 4498 secum
1749 4453 2012 4513 reputans

2538 3885 2610 3948 γ’.
2653 3879 2794 3947 Περί
2842 3879 3268 3949 Ἀλκμαίωνος.

2182 3985 2350 4055 Οὗτος
2396 3991 2679 4061 Ἀθηναῖος
2720 3987 2789 4062 ἦν
2823 3991 2885 4045 τὸ
2918 3991 3094 4060 γένος,
3127 3993 3402 4063 ἐπίσημος
3434 3992 3582 4057 λίαν,
3603 3995 3707 4064 τὴν

2111 4082 2428 4154 ἐλευθερίαν
2479 4083 2567 4135 ἀεὶ
2617 4081 2908 4151 φυλάττειν
2960 4082 3161 4137 ἐθέλων
3205 4086 3321 4147 τοῖς
3368 4084 3705 4154 Ἀθηναίοις.

2117 4173 2559 4244 Τυραννηθείσης
2595 4168 2688 4226 οὖν
2732 4172 2834 4242 τῆς
2883 4173 3092 4236 πόλεως
3137 4173 3243 4227 ὑπὸ
3272 4175 3703 4247 Πεισιστράτου.

2117 4262 2343 4333 ἐξῆλθεν
2387 4258 2563 4327 οὗτος,
2627 4263 2702 4333 μὴ
2757 4263 2940 4334 φέρων
2992 4265 3123 4334 ὁρᾷν
3177 4263 3542 4330 δουλευούσας
3606 4267 3704 4331 τὰς

2131 4352 2386 4424 Ἀθήνας.
2423 4352 2684 4419 Ἐξελθὼν
2714 4349 2807 4407 οὖν
2853 4356 3188 4425 μηχανᾶται,
3214 4356 3310 4409 καὶ
3354 4356 3560 4411 σκοπὸν
3589 4355 3704 4429 εἶχε

2120 4445 2238 4510 πῶς
2296 4446 2393 4519 τὴν
2467 4436 2780 4520 ἐλευθερίαν
2849 4449 3295 4519 ἀποκαταστήσει
3376 4448 3703 4521 Ἀθηναίοις.

420 4541 697 4613 quomodo
733 4537 867 4594 illud
898 4537 1039 4591 tanti
1082 4536 1343 4591 momenti
1378 4536 1670 4591 consilium
1708 4537 2005 4606 perﬁceret.

2134 4540 2405 4594 Ἀπελθὼν
2451 4536 2544 4594 οὖν
2594 4542 2674 4602 εἰς
2716 4541 2954 4608 Δελφοὺς
3000 4542 3079 4604 εἰς
3112 4539 3501 4595 Ἀπολλώνειον
3539 4543 3706 4611 ἱερὸν,

420 4634 659 4704 Delphos
699 4629 1010 4701 prolectus,
1053 4629 1122 4682 ad
1166 4629 1507 4684 sacerdotem
1560 4628 1835 4699 Apollinis
1865 4629 2016 4684 venit

419 4725 628 4781 oraculi
660 4723 837 4794 gratia
871 4721 1048 4791 pretio
1077 4722 1401 4776 redimendi.
1431 4722 1587 4787 Quod
1619 4722 1695 4776 illi
1730 4723 1867 4779 bene
1895 4740 2014 4779 ces-

422 4819 517 4875 sit.
569 4817 921 4886 Quapropter
973 4824 1209 4870 cunctos
1265 4816 1352 4869 dei
1402 4816 1691 4871 ministros
1743 4817 1859 4871 suis
1912 4833 2012 4870 au-

420 4913 637 4967 dientes
693 4910 857 4964 dietis
919 4922 1191 4976 suumque
1258 4907 1312 4960 in
1380 4908 1668 4960 arbitrium
1733 4909 2014 4977 subjectos

420 5002 636 5065 videns,
668 4998 941 5056 sacerdoti
994 5007 1049 5054 et
1098 4998 1304 5069 Pythiae
1351 5000 1627 5067 persuasit
1668 5007 1747 5063 ut,
1797 5000 1843 5054 si
1886 5003 2011 5069 quis

424 5093 870 5149 Lacedaemonius
917 5091 1371 5161 interrogaturus
1429 5092 1713 5144 oraculum
1766 5092 2010 5157 veniret,

424 5185 633 5239 nullum
665 5183 811 5236 aliud
850 5182 900 5237 ei
952 5196 1279 5251 responsum
1324 5181 1428 5235 nisi
1465 5182 1569 5235 hoc
1598 5182 1825 5237 daretur
1855 5200 1867 5235 :
1900 5181 2010 5236 Vo-

421 5277 507 5332 bis
544 5275 687 5331 Deus
709 5274 958 5345 prteeipit
986 5281 1044 5327 ut
1072 5272 1301 5328 Athenis
1334 5273 1654 5329 instauretis
1680 5273 2007 5329 libertatem.

420 5365 544 5435 Quo
595 5366 794 5435 saapius
852 5364 982 5418 dato
1039 5361 1470 5419 Lacedaemoniis
1514 5363 1903 5427 incitamento,
1952 5363 2008 5416 hi

423 5459 645 5515 tandem
674 5464 951 5514 venerunt
972 5457 1408 5527 expuleruntque
1449 5465 1713 5528 tyrannos
1746 5472 1811 5511 ex
1840 5457 2009 5512 Athe-

424 5552 531 5608 nis.
554 5551 639 5605 Ab
668 5552 763 5605 illo
792 5559 1038 5620 tempore
1067 5565 1321 5620 magnum
1359 5550 1459 5604 l'uit
1484 5550 1813 5605 Alcmaeonis
1841 5550 2012 5605 decus

423 5643 517 5713 qui
538 5642 805 5712 sapientia
835 5640 1251 5696 Atheniensium
1279 5641 1521 5697 restituit
1550 5641 1877 5697 libertatem.
1902 5638 2009 5695 Sed

426 5735 534 5790 huc
564 5749 741 5790 usaue
766 5733 833 5789 de
858 5733 1188 5788 Alcmazonc.

2116 4629 2481 4701 ἐκμισθοῠται
2514 4628 2666 4701 παρά
2696 4629 2918 4697 Δελφοῖς
2950 4628 3010 4681 τὸ
3036 4627 3180 4699 ἱερὸν
3220 4630 3314 4682 ἐπὶ
3345 4630 3705 4704 μισθοφορία·

2117 4718 2605 4789 ἐκμισθωσάμενος
2650 4718 2742 4781 δὲ,
2789 4719 2885 4770 καὶ
2934 4718 3072 4786 ἔχων
3110 4719 3202 4787 ὑφ’
3247 4718 3439 4771 ἑαυτὸν
3493 4721 3709 4783 πάντας

2116 4810 2243 4872 τοὺς
2283 4808 2378 4861 τοῦ
2410 4807 2534 4861 θεοῦ
2569 4809 2870 4871 διακόνους,
2901 4808 3077 4861 πείθει
3109 4810 3207 4880 τὴν
3246 4810 3447 4881 ἱέρειαν
3481 4812 3581 4864 καὶ
3609 4814 3710 4879 τὴν

2117 4902 2347 4965 Πυθίαν,
2373 4903 2461 4956 ἵνα
2491 4903 2541 4954 εἰ
2578 4901 2706 4973 ἔλθῃ
2745 4902 2877 4954 ποτὲ
2925 4901 3353 4971 Λακεδαιμόνιος
3412 4905 3710 4971 μαντευσὸ-

2120 5013 2299 5068 μενος,
2336 4994 2500 5065 μηδὲν
2549 4994 2678 5048 ἄλλο
2708 4994 2889 5062 λέγειν
2923 4993 3072 5063 αὐτῷ
3095 5036 3109 5058 ,
3154 4993 3187 5063 ἦ
3215 4994 3297 5046 ὅτι
3352 4993 3712 5064 Ἐλευθεροῦν

2101 5090 2217 5151 -τὰς
2256 5088 2486 5160 Ἀθήνας
2511 5088 2659 5156 λέγει
2693 5089 2821 5158 ὑμῖν
2851 5088 2880 5139 ὁ
2920 5086 3060 5149 θεός.
3096 5086 3303 5139 Τούτου
3328 5086 3576 5155 συνεχῶς
3616 5091 3713 5140 καὶ

2120 5181 2439 5244 πλειστάκις
2483 5178 2800 5250 γινομένου,
2844 5177 3304 5249 παρωρμήθησαν
3346 5178 3397 5230 οἱ
3436 5178 3713 5232 Λακεδαι-

2122 5272 2320 5342 μόνιοι,
2348 5271 2444 5325 καὶ
2466 5271 2710 5334 ἐλθόντες
2741 5269 2998 5334 ἐξέϐαλον
3022 5269 3131 5322 ἀπὸ
3166 5269 3273 5322 τῶν
3303 5267 3549 5339 Ἀθηνῶν
3580 5271 3713 5333 τοὺς

2114 5363 2432 5435 τυράννους.
2454 5363 2615 5430 Μέγα
2636 5358 2729 5416 οὖν
2751 5361 2906 5425 κλέος
2925 5361 3084 5432 ἔσχεν
3105 5361 3287 5415 ἔκτοτε
3310 5363 3339 5414 6
3371 5360 3711 5432 Ἀλκμαίων,

2117 5455 2490 5526 ἐλευθερώσας
2520 5457 2617 5520 τὰς
2651 5455 2881 5527 Ἀθήνας
2910 5455 3095 5526 σοφίᾳ.
3128 5453 3288 5507 Ἀλλά
3308 5452 3554 5508 τοσαῦτα
3578 5453 3713 5530 περὶ

2129 5545 2520 5618 Ἀλκμαίωνος.
