3856 6220
152 299 283 356 1061

681 409 742 462 δ’.
781 410 918 477 Περὶ
951 411 1197 463 Αἰακοῦ.

88 563 95 571 _
219 488 393 561 Οὗτος
420 497 534 561 υίὸς
567 497 785 573 ἐλέγετο
819 493 958 551 εἶναι
979 498 1074 551 τοῦ
1112 499 1255 562 Διὸς,
1276 499 1484 563 δίκαιος
1530 501 1597 554 τὰ
1627 500 1732 570 μά-

147 590 329 644 λιστα.
378 589 470 641 Διὸ
517 589 649 642 ποτὲ
686 590 949 661 ἁϐροχίας
977 590 1278 661 γενομένης
1303 592 1362 643 ἐν
1392 594 1457 662 τῇ
1498 591 1728 654 Ἑλλάδι,

143 675 313 751 ἦλθον
346 679 485 751 πρὸς
512 679 676 734 αὐτὸν
699 681 748 732 οἱ
776 678 1124 750 προεστῶτες
1151 679 1260 733 τῶν
1286 680 1514 745 πόλεων,
1554 698 1731 752 παρα-

144 772 447 836 καλοῦντες
469 770 730 839 εὔξασθαι
751 771 829 842 τῷ
853 771 969 841 ἰδίῳ
990 772 1180 841 πατρὶ,
1200 772 1289 825 ἵνα
1306 771 1531 842 γένηται
1554 772 1727 834 ὐετός.

152 862 214 913 'O
244 861 302 913 δὲ
332 861 466 924 στὰς
495 862 591 914 καὶ
618 861 930 930 εὐξάμενος,
964 859 1123 914 ἔλυσε
1150 860 1236 916 διὰ
1272 862 1373 931 τῆς
1408 862 1573 933 εὐχῆς
1604 862 1729 925 τοὺς

142 952 414 1022 αὐχμοὺς,
446 952 542 1006 καὶ
586 952 864 1024 κατερρύη
898 953 1043 1024 ὓδωρ
1082 953 1304 1017 ποτίζον
1332 953 1430 1025 τὴν
1464 954 1691 1008 Ἐλλάδα
1711 972 1724 985 ·

145 1043 391 1113 μάλιστα
419 1047 476 1099 δέ
525 1047 622 1099 καὶ
672 1048 736 1100 ἐκ
779 1044 970 1099 τούτου
1014 1047 1047 1116 ἡ
1090 1044 1342 1099 εὐσέϐεια
1391 1045 1604 1116 ἐδείχθη
1634 1045 1726 1098 τοῦ

143 1135 376 1188 Αἰακοῦ.
411 1131 576 1200 Οὗτος
617 1135 711 1190 οὖν
750 1141 917 1211 γεννᾷ
948 1140 1042 1194 δύο
1074 1142 1243 1205 υἱοὺς,
1275 1141 1367 1193 τὸν
1407 1141 1593 1210 Πηλέα
1635 1139 1729 1193 καὶ

141 1227 235 1280 τὸν
265 1227 599 1298 Τελαμῶνα·
619 1222 695 1284 ὧν
718 1232 746 1283 6
771 1231 870 1299 μὲν
897 1231 1110 1301 Πηλεὺς
1133 1232 1309 1285 τίκτει
1332 1233 1423 1286 τὸν
1456 1232 1725 1303 Ἀχιλλέα,

142 1318 171 1369 6
195 1315 254 1368 δὲ
281 1317 552 1388 Τελαμῶν
581 1319 675 1372 τὸν
702 1320 931 1374 Αἴαντα.
971 1321 1184 1384 Οἵτινες
1214 1322 1507 1376 ἐκαλοῦντο
1534 1322 1729 1375 Αἰακί-

141 1407 253 1471 δαι,
295 1410 398 1479 τὴν
439 1409 548 1463 ἀπὸ
592 1409 688 1463 τοῦ
724 1411 951 1465 πάππου
993 1412 1160 1485 τιμὴν
1193 1414 1259 1467 ἐκ
1303 1413 1494 1467 τούτου
1526 1430 1730 1485 προφε-

146 1501 390 1572 ρόμενοι.

598 1647 660 1696 ε’.
700 1642 841 1711 Περὶ
877 1642 1266 1712 Ἡρακλέους.

215 1721 391 1794 Οὗτος
437 1730 657 1800 λέγεται
707 1732 822 1797 υίὸς
872 1734 1156 1803 γεγονέναι
1194 1734 1289 1787 τοῦ
1330 1735 1471 1798 Διός.
1526 1735 1585 1788 Ὀ
1618 1734 1728 1806 γὰρ

143 1823 286 1887 Ζεὺς
338 1824 628 1894 ὁμοιωθεὶς
680 1826 760 1896 τῷ
822 1826 1230 1898 Ἀμφιτρύωνι,
1285 1825 1602 1894 συνεγένετο
1655 1829 1721 1897 τῇ

154 1914 474 1989 Ἀλκμήνῃο
520 1917 616 1969 καὶ
660 1917 922 1990 ἐγεννήθη
965 1920 994 1971 6
1029 1918 1324 1990 Ἡρακλῆς,
1351 1917 1412 1981 ὃς
1459 1917 1554 1970 καὶ
1600 1918 1727 1980 τοὺς

147 2008 424 2075 μεγάλους
451 2007 698 2073 ἐκείνους
736 2009 933 2074 ἄθλους
960 2010 1202 2082 διήνυσε.
1233 2009 1428 2063 Πολλοὶ
1454 2005 1546 2063 οὖν
1570 2009 1727 2078 γεγό-

145 2115 306 2151 νασιν
346 2099 456 2153 ἀπὸ
510 2099 874 2172 Ἡρακλέους,
918 2095 994 2155 ὧν
1039 2101 1256 2173 πρῶτος
1303 2102 1398 2155 καὶ
1443 2100 1655 2166 ἔνδοξος
1697 2101 1726 2151 6

145 2187 363 2255 ’Ύλλος,
413 2190 472 2255 ἐξ
523 2182 584 2244 οὗ
618 2190 713 2244 καὶ
760 2191 811 2243 οἱ
854 2190 964 2245 τῶν
1000 2190 1442 2261 Λακεδαιμονίων
1487 2190 1727 2261 βασιλεῖς

153 2277 510 2352 Ἡρακλεῖδαι
538 2280 813 2350 λέγονται.

179 2389 258 2450 ς’.
296 2385 440 2453 Περὶ
484 2384 597 2455 τῆς
642 2386 1094 2454 Ἐλαφηϐόλου,
1125 2384 1227 2439 καί
1262 2386 1555 2453 Ὠρίωνος,
1584 2386 1686 2441 καὶ

759 2456 1125 2522 Ἀκταίωνος.

214 2567 330 2637 Τὴν
356 2567 421 2619 ’Ἀ
430 2583 622 2638 ρτεμιν
642 2566 863 2636 λέγουσι
884 2567 983 2637 τῆς
1004 2567 1146 2621 κατὰ
1161 2566 1334 2637 θήραν
1354 2565 1563 2632 τοξείας
1586 2561 1730 2619 εἶναι

144 2657 358 2730 ιφορον.
400 2657 636 2727 Λέγεται
662 2654 757 2711 οῦν
799 2656 940 2730 αῦτη
967 2660 1001 2729 ἡ
1039 2657 1160 2721 θεὸς
1205 2656 1423 2728 βάλλειν
1452 2656 1726 2728 εὐστόχως

145 2747 241 2812 τὰς
269 2747 539 2816 ἐλάφους,
570 2746 713 2801 ὥστε
762 2747 998 2802 ἀκοῦσαι
1042 2747 1143 2818 τὴν
1170 2749 1439 2818 ’Ἄρτεμιν
1485 2749 1726 2821 Ἐλαφη-

144 2838 298 2894 66λον
331 2837 477 2891 θεόν.
513 2839 571 2891 'O
612 2838 670 2892 δέ
711 2840 908 2910 Ὠρίων
942 2840 1038 2894 κα)⁴
1077 2839 1106 2891 6
1148 2839 1416 2894 Ἀκταίων
1438 2880 1454 2905 ,
1493 2840 1728 2913 θηραταὶ

144 2931 238 2985 καὶ
271 2924 421 2985 οὗτοι
455 2931 723 3002 ὑπῆρχον.
762 2933 819 2985 '0
852 2932 952 3003 μὲν
988 2928 1084 2986 οὖν
1128 2932 1393 2987 Ἀκταίων
1423 2934 1728 3006 κυνηγέτης

142 3017 231 3092 ἦν,
253 3022 350 3075 καί⁵
378 3017 489 3075 εἶδε
514 3023 614 3094 τὴν
640 3023 907 3094 ΙἌρτεμιν
931 3025 1171 3096 γυμνήν⁹
1196 3023 1306 3095 ήδέ
1332 3023 1450 3089 θεὸς
1470 3024 1728 3095 ἀθέμιτον

143 3114 300 3169 τοῦτο
331 3114 705 3180 ὑπολαϐοῦσα,
729 3114 792 3169 τὸ
822 3116 949 3180 τοὺς
977 3114 1133 3180 θεοὺς
1175 3115 1304 3170 ίδεῖν
1335 3117 1599 3187 γυμνοὺς,
1631 3118 1728 3172 καὶ
1752 3135 1797 3194 α

146 3206 384 3277 μάλιστα
407 3205 508 3269 τὰς
530 3205 854 3278 παρθένους,
880 3205 1197 3276 χολωθεῖσα,
1233 3207 1468 3278 μανῆναι
1501 3206 1725 3279 ἐποίησε

142 3302 267 3365 τοὺς
304 3299 480 3363 κύνας
517 3298 683 3352 αὐτοῦ
731 3298 827 3352 τοῦ
882 3297 1232 3362 Ἀκταίωνος,
1261 3299 1357 3353 καὶ
1408 3298 1485 3362 ὡς
1528 3298 1725 3369 ἔλαφον

143 3391 339 3464 ἔχοντα
385 3391 596 3464 κέρατα
631 3389 817 3463 ἑώρων
850 3391 1013 3445 αὐτὸν
1043 3392 1093 3444 oi
1131 3390 1328 3455 κύνες,
1368 3390 1541 3455 οὕτως
1582 3391 1726 3446 ὥστε

142 3482 395 3555 λέγεσθαι
444 3482 537 3538 τὸν
570 3480 875 3536 ’Δκταίωνα
904 3482 1009 3536 ὑπὸ
1042 3482 1220 3537 κυνῶν
1265 3482 1518 3554 συρῆναι.
1548 3486 1661 3538 Καὶ
1698 3486 1728 3538 6

153 3577 345 3647 Ὠρίων
374 3576 454 3639 δὲ,
484 3567 640 3640 οὗτός
666 3577 814 3628 ἐστιν
838 3574 868 3626 6
901 3575 968 3628 ἐκ
998 3574 1091 3627 τοῦ
1143 3575 1376 3646 οὐρῆσαι
1399 3576 1527 3639 τοὺς
1570 3576 1727 3639 θεοὺς

141 3670 198 3723 ἐν
224 3672 293 3740 τῇ
327 3666 505 3742 βύρσῃ
536 3666 633 3721 τοῦ
661 3666 780 3738 βοὸς
807 3664 902 3720 τοῦ
938 3666 1240 3736 σφαγέντος
1264 3668 1367 3721 ὑπὸ
1393 3667 1490 3720 τοῦ
1521 3668 1726 3732 Οἰνέως

141 3758 235 3813 τοῦ
268 3758 466 3829 Θηϐῶν
523 3758 790 3830 βασιλέως
826 3756 920 3809 ἐπὶ
966 3758 1033 3828 τῇ
1077 3756 1351 3829 φιλοξενίᾳ
1392 3757 1503 3811 τῶν
1547 3756 1721 3812 θεῶν’

140 3853 438 3923 γενόμενος
465 3850 525 3904 δὲ
561 3850 774 3922 Ὠρίων,
804 3849 898 3903 καὶ
926 3846 1003 3902 ὢν
1031 3847 1349 3920 θηρολέτης,
1384 3849 1599 3922 ἠράσθη
1623 3850 1724 3921 τῆς

153 3941 487 4015 Ἀρτέμιδος.
519 3937 654 3995 Εἶτα
683 3943 716 4011 ἡ
745 3939 867 4004 θεὸς
887 3939 1228 4010 ὀργισθεῖσα,
1259 3941 1430 4012 ἀνῆκε
1459 3941 1721 4012 σκορπίον

140 4036 261 4090 κατ’
292 4033 483 4097 αὐτοῦ,
518 4034 614 4088 καὶ
643 4031 932 4103 κρουσθεὶς
964 4022 1120 4095 οὗτος
1152 4032 1391 4087 ἀπέθανε
1411 4049 1426 4064 ο
1455 4031 1538 4085 διό
1572 4034 1723 4085 ἐστιν

138 4130 197 4180 ἐν
231 4127 316 4198 τῷ
340 4122 576 4196 οὐρανῷ,
604 4124 681 4188 ὡς
705 4123 755 4176 oi.
797 4121 959 4192 μῦθοι
991 4120 1230 4190 λέγουσι,
1267 4121 1404 4192 μετὰ
1439 4119 1534 4175 τοῦ
1561 4137 1721 4192 σκορ-

138 4221 291 4274 πίου.

560 4310 627 4375 ζ’.
667 4308 808 4377 Περὶ
843 4306 953 4361 τοῦ
987 4306 1299 4377 Πηγάσου.

203 4428 322 4498 Τῆς
364 4423 685 4494 Παταρικῆς
728 4422 1008 4492 Χιμαίρας
1057 4421 1424 4491 ἀναφυείσης,
1476 4420 1607 4490 περὶ
1651 4412 1721 4491 ἧς

134 4521 420 4592 μέμνηται
447 4517 542 4569 καὶ
569 4510 724 4579 οὗτος
753 4515 782 4568 6
824 4514 965 4579 θεῖος
994 4514 1294 4586 Γρηγόριος
1332 4514 1392 4566 έν
1430 4514 1543 4576 τοῖς
1567 4514 1718 4580 Στη-

134 4606 527 4672 λιτευτικοῖς,
560 4607 619 4658 ἐν
659 4603 872 4675 ἱστορίᾳ
907 4605 1281 4675 πεντηκοστῇ,
1322 4602 1419 4654 καὶ
1460 4601 1720 4672 λυμαινο-

134 4702 309 4774 μένης
343 4700 445 4770 τὴν
490 4697 675 4769 χώραν
704 4696 817 4749 τῶν
847 4696 1087 4757 Λυκίων,
1113 4695 1211 4748 καὶ
1236 4693 1330 4747 τοῦ
1365 4693 1596 4765 Προίτου
1624 4692 1721 4763 βα-

133 4793 443 4855 σιλεύοντος
471 4791 573 4860 τῆς
599 4788 826 4853 Λυκίας,
855 4785 1203 4858 προσετάχθη
1231 4788 1259 4840 6
1284 4785 1719 4858 Βελλεροφόντης

133 4886 457 4940 ἀποκτεῖναι
484 4882 584 4953 τὴν
607 4881 909 4952 Χίμαιραν.
935 4875 1045 4932 Ἦν
1074 4877 1131 4930 δέ
1161 4877 1222 4930 τὸ
1265 4876 1473 4948 θηρίον,
1504 4877 1581 4940 ὡς
1624 4878 1724 4931 κά·-

132 4980 287 5031 κεῖσε
339 4974 772 5044 παρεστήσαμεν
824 4969 1066 5025 τοιοῦτον
1089 4986 1104 5001 ο
1142 4968 1347 5041 πρόσθε
1408 4969 1506 5039 μὲν
1561 4968 1720 5033 λέων,

132 5066 362 5122 ῦπισθεν
390 5065 448 5118 δὲ
469 5065 708 5136 δράκων,
739 5063 904 5135 μέσον
934 5063 991 5115 δέ
1020 5060 1298 5133 Χίμαιρα·
1331 5058 1389 5124 ἐξ
1426 5052 1494 5129 ῆς
1521 5057 1725 5129 Χιμαί-

133 5178 236 5231 ρας
268 5159 331 5213 τὸ
360 5156 473 5228 πῦρ
502 5155 793 5218 ἀνεδίδοτο,
834 5153 927 5206 καὶ
954 5148 1023 5224 ἦν
1052 5151 1359 5205 δυσάλωτον
1406 5149 1465 5202 τὸ
1510 5149 1719 5221 θηρίον.

132 5252 238 5305 Τὸν
269 5252 441 5303 ἵππον
487 5245 582 5302 οὖν
630 5249 884 5318 Πήγασον
920 5247 986 5299 ἐκ
1028 5243 1151 5297 θεοῦ
1194 5241 1368 5315 εὑρὼν
1395 5243 1422 5295 6
1467 5240 1724 5312 Βελλερο-

134 5342 360 5413 φόντης,
403 5340 462 5404 ὃς
494 5340 713 5409 ἐλέγετο
748 5337 898 5409 ἔχειν
949 5335 1146 5408 πτερὰ,
1179 5334 1273 5388 καὶ
1303 5332 1445 5405 ὕδωρ
1476 5332 1584 5385 ἀπὸ
1612 5331 1722 5385 τῶν

132 5435 345 5506 ὀνύχων
400 5432 733 5496 ἀποστάζειν
757 5471 772 5493 ,
814 5428 1022 5492 ἐλθὼν,
1072 5428 1364 5499 σύμμαχον
1411 5423 1586 5497 εὑρὼν
1623 5425 1722 5494 τὴν

134 5525 340 5597 πτῆσιν
367 5525 464 5578 τοῦ
497 5525 690 5585 ἵππου,
730 5521 820 5576 διὰ
847 5521 908 5574 τὸ
942 5516 1081 5574 εἶναι
1117 5519 1416 5591 πτερωτὸν,
1444 5517 1519 5580 ὡς
1544 5510 1719 5581 εἷπον,

134 5619 230 5671 καὶ
260 5619 500 5688 σφαῖραν
534 5613 784 5686 μολίϐδου
818 5613 1063 5683 περιθεὶς
1096 5613 1155 5666 ἐν
1198 5610 1277 5679 τῷ
1310 5609 1465 5683 ἄκρῳ
1501 5606 1595 5662 τοῦ
1631 5607 1721 5661 δό-

937 300 1027 353 AD
1068 300 1127 358 S.
1168 298 1498 355 GBEGORII
1535 298 1823 355 LAUDEM
1863 296 2236 354 FUNEDREM
2280 296 2338 353 S.
2377 296 2654 352 BASILII.

3281 292 3425 352 1063

2424 406 2480 462 4.
2516 405 2595 461 De
2627 405 2823 462 Αῑαεο.

1903 497 2110 553 Dicitur
2140 499 2230 552 ille
2256 497 2406 554 Jovis
2437 501 2581 553 lilius
2608 508 2662 553 et
2690 515 2799 569 pra:
2821 501 3034 553 caeteris
3060 498 3262 573 justus.
3294 496 3422 551 Ideo

1830 606 1952 645 cum
1976 591 2225 646 siccitate
2253 605 2581 660 magnopere
2599 591 2837 661 quodam
2870 605 3014 644 anno
3034 588 3240 645 Graecia
3270 589 3424 643 labo-

1828 689 1997 748 raret,
2038 681 2107 736 ad
2138 697 2263 736 eum
2306 692 2574 736 venerunt
2604 683 2889 737 civitatum
2924 698 3178 752 proceres
3208 682 3420 752 supplic

1829 787 1921 828 ces
1978 780 2039 827 ut
2096 775 2397 843 genitorem
2456 781 2639 829 oraret
2687 790 2846 828 suum
2895 774 2965 828 ad
3011 773 3416 844 impetrandum

1828 863 2077 918 imbrem.
2117 863 2361 934 Surgens
2406 872 2461 919 et
2507 879 2673 919 orans
2719 863 2970 932 precibus
3019 866 3136 918 suis
3182 864 3414 919 siccitati

1829 952 1990 1009 ﬁnem
2037 955 2318 1026 imposuit,
2349 965 2403 1008 et
2436 954 2634 1009 cecidit
2675 954 2849 1008 imber
2879 951 3141 1007 Graeciam
3179 955 3414 1024 irrigans

1829 1057 1992 1119 atque
2035 1049 2385 1119 rel’rigerans.
2416 1046 2494 1100 Ex
2526 1047 2630 1101 hoc
2659 1053 2838 1100 autem
2870 1053 3116 1116 tempore
3143 1048 3415 1102 celebrata

1829 1139 1931 1193 fuit
1958 1137 2117 1193 ΑΕθοί
2144 1140 2337 1208 pietas.
2370 1135 2468 1191 llic
2501 1137 2640 1190 duos
2669 1136 2807 1189 lilios
2830 1134 3047 1189 Peleum
3079 1144 3135 1190 et
3162 1135 3415 1190 Telamo;

1827 1245 1952 1284 nem
1981 1231 2196 1301 genuit;
2232 1229 2426 1284 Peleus
2465 1228 2651 1298 genuit
2691 1226 2979 1291 Achillem,
3012 1227 3270 1282 Telamon
3316 1242 3413 1296 ge-

1830 1321 1953 1374 nuit
1987 1320 2228 1390 Ajacem.
2255 1320 2358 1385 Qui
2384 1320 2722 1373 vocabantur
2750 1318 3011 1384 Aiacidae,
3030 1334 3095 1374 ex
3124 1320 3226 1373 hoc
3246 1319 3411 1373 etiam

1830 1409 1989 1463 abavi
2020 1409 2283 1464 memoria
2319 1409 2709 1463 commendati.

2391 1633 2447 1688 5.
2485 1633 2566 1689 De
2597 1633 2846 1690 Hercule.

1898 1725 1995 1780 Ille
2023 1724 2220 1780 dicitur
2260 1723 2431 1780 fuisse
2461 1725 2610 1782 Jovis
2661 1728 2840 1794 ﬁlius;
2883 1726 3097 1796 Jupiter
3123 1726 3266 1779 enim
3306 1724 3412 1780 sub

1827 1815 2245 1888 Amphitryonis
2278 1817 2516 1887 imagine
2556 1829 2889 1885 congressus
2919 1824 3004 1871 est
3033 1831 3157 1872 cum
3192 1816 3411 1872 Alcme-

1826 1924 1936 1963 na:
1973 1910 2117 1965 unde
2161 1906 2324 1964 natds
2374 1920 2458 1965 est
2507 1908 2790 1970 Hercules,
2837 1909 2931 1978 qui
2973 1916 3154 1963 tantos
3195 1908 3412 1963 labores

1827 1997 2076 2068 perfecit.
2133 1998 2285 2053 Multi
2330 2014 2399 2053 ex
2455 1995 2689 2053 Hercule
2729 1998 2836 2053 orti
2876 2006 3032 2064 sunt,
3082 1998 3224 2052 inter
3272 2012 3412 2068 quos

1827 2091 2041 2161 primus
2091 2098 2146 2146 et
2194 2092 2352 2162 longe
2395 2091 2737 2147 clarissimus
2771 2090 2994 2161 Hyllus;
3039 2105 3105 2146 ex
3144 2106 3211 2146 eo
3247 2093 3415 2147 etiam

1825 2182 2360 2239 Lacedaemoniorum
2391 2200 2550 2256 reges
2581 2184 2884 2239 Heraclidae
2920 2193 3208 2239 vocantur.

2041 2368 2098 2427 6.
2140 2367 2220 2423 De
2254 2366 2595 2437 Elaphebolo,
2627 2368 2826 2424 Orione
2849 2378 2900 2424 et
2929 2369 3199 2425 Actwone.

1898 2540 2128 2597 Dianam
2162 2542 2355 2597 dicunt
2400 2545 2701 2601 venatoria:
2729 2545 2865 2600 artis
2910 2545 3199 2617 prasidem
3236 2554 3292 2603 et
3327 2562 3414 2602 so-

1826 2637 1955 2694 lerti
1985 2652 2153 2691 manu
2187 2637 2512 2709 transﬁgere
2536 2654 2752 2704 cervos,
2796 2640 2944 2695 unde
2978 2638 3083 2693 fuit
3124 2644 3410 2711 cognomi-

1828 2736 1957 2783 nata
1982 2727 2085 2782 dea
2125 2726 2516 2798 Elaphebolus.
2552 2727 2857 2786 Venatores
2901 2728 3127 2785 fuerunt
3157 2730 3325 2786 Orion
3357 2742 3413 2786 cl

1826 2821 2074 2875 Actaeon.
2121 2820 2348 2875 Actaeon
2405 2821 2572 2891 igitur
2621 2830 2847 2877 venator
2895 2830 3048 2888 erat,
3094 2832 3149 2879 et
3202 2827 3411 2879 nudam

1827 2912 2043 2981 aspexit
2070 2908 2337 2977 Dianam,
2367 2928 2510 2982 quae,
2558 2913 2826 2967 nefarium
2867 2915 3049 2969 scelus
3082 2915 3184 2970 hoc
3218 2916 3411 2971 existi-

1827 3018 1986 3058 mans
2022 3003 2158 3060 deos
2184 3006 2361 3060 nudos
2390 3006 2667 3073 aspicere,
2699 3015 2752 3060 et
2793 3006 3096 3076 praesertim
3140 3007 3409 3074 virgines,

1830 3094 1897 3149 ad
1938 3095 2313 3151 ulciscendam
2355 3096 2616 3166 injuriam
2650 3097 2782 3152 fecit
2812 3112 2982 3154 canes
3015 3097 3291 3154 Actaeonis
3324 3114 3412 3153 ra-

1830 3186 1991 3242 bidos
2024 3197 2078 3242 et
2110 3196 2390 3248 amentes.
2424 3189 2518 3259 qui
2546 3189 2701 3242 illum
2733 3191 2893 3260 quasi
2934 3206 3156 3246 cervum
3205 3207 3413 3247 cornua

1831 3276 2122 3332 habentem
2160 3279 2434 3344 videntes,
2469 3288 2529 3334 ut
2569 3278 2772 3344 fertur,
2825 3283 3211 3338 laceraverunt
3246 3293 3414 3355 atque

1831 3376 2185 3424 voraverunt.
2217 3368 2386 3425 Orion
2415 3380 2596 3427 autem
2643 3382 2827 3427 ortum
2872 3374 3026 3428 ducit
3055 3390 3123 3430 ex
3159 3391 3225 3430 eo
3262 3378 3412 3447 quod
3492 3361 3505 3373 ’

1832 3459 2149 3517 minxerunt
2181 3464 2367 3532 superi
2400 3465 2456 3517 in
2499 3465 2640 3534 pelle
2685 3465 2841 3519 bovis
2870 3466 2940 3520 ab
2978 3465 3167 3521 (Eneo
3195 3465 3412 3523 Theba-

1830 3567 1954 3606 rum
2004 3569 2133 3624 rege
2180 3555 2449 3609 immolati
2479 3556 2546 3610 ad
2581 3556 2931 3626 recipiendos
2975 3557 3219 3628 hospitio
3255 3560 3410 3615 deos.

1829 3641 1964 3699 Orto
1988 3660 2119 3716 ergo
2157 3643 2380 3712 Orione,
2419 3661 2545 3701 cum
2588 3647 2832 3701 ferarum
2886 3655 3032 3703 esset
3077 3647 3412 3715 destructor,

1826 3736 2101 3790 adamavit
2138 3752 2264 3792 eum
2293 3736 2489 3792 Diana.
2545 3737 2754 3794 Deinde
2797 3739 2899 3794 dea
2938 3739 3129 3797 furore
3177 3756 3414 3797 accensa

1827 3826 1884 3881 in
1917 3824 2070 3882 illum
2099 3830 2335 3899 projecit
2382 3830 2735 3901 scorpionem
2772 3845 2804 3885 a
2854 3846 2967 3902 quo
3017 3831 3207 3887 infelix
3242 3832 3412 3888 Orion

1826 3934 2068 3988 morsus,
2100 3921 2285 3977 emisit
2321 3922 2604 3993 spiritum.
2636 3922 2987 3994 Quapropter
3033 3924 3090 3978 in
3143 3927 3287 3981 caelo
3328 3935 3410 3980 est

1828 4026 1956 4067 cum
1985 4012 2300 4083 scorpione,
2337 4021 2399 4069 ut
2423 4014 2761 4070 fabulantur.

2387 4305 2438 4358 7.
2480 4303 2561 4359 De
2593 4303 2821 4376 Pegaso.

1892 4416 2162 4472 Chimaera
2199 4416 2470 4482 Patarica,
2502 4435 2566 4475 ex
2615 4421 2793 4489 seipsa
2834 4428 3174 4486 renascente,
3204 4418 3272 4475 de
3302 4436 3409 4491 qua

1825 4505 1882 4560 in
1916 4505 2293 4573 Steh’teuticis,
2328 4509 2383 4563 in
2413 4510 2867 4581 quinquagesima
2908 4511 3139 4566 historia
3179 4516 3407 4569 mentio-

1824 4614 1947 4655 nem
1981 4598 2112 4653 facit
2153 4600 2313 4656 divus
2336 4599 2653 4671 Gregorius,
2686 4604 2961 4671 regionem
2991 4603 3283 4675 Lyciorum
3314 4622 3407 4676 po-

1826 4694 2069 4764 pulante.
2101 4703 2365 4764 regnante
2391 4696 2444 4749 in
2483 4694 2650 4766 Lycia
2678 4695 2883 4760 Proeto,
2913 4696 3318 4769 Bellerophonti
3351 4708 3408 4753 ut

1826 4798 1945 4838 eam
1976 4783 2311 4839 interﬁceret
2350 4785 2667 4840 mandatum
2704 4795 2811 4842 est.
2850 4787 2978 4841 Erat
3022 4788 3237 4853 bellua,
3269 4791 3407 4845 sicut

1816 4875 1929 4945 jam
1973 4877 2344 4947 depinximus,
2388 4879 2512 4933 talis
2541 4896 2553 4932 :
2587 4893 2617 4932 a
2676 4879 2856 4935 lronte
2894 4882 3001 4945 leo,
3036 4894 3066 4933 a
3098 4889 3250 4952 tergo
3285 4882 3407 4936 dra-

1820 4980 1910 5028 co,
1953 4968 2010 5021 in
2062 4967 2243 5022 medio
2290 4966 2559 5023 Chimaera
2602 4969 2721 5039 ipsa
2776 4971 2954 5040 ignem
3006 4972 3328 5042 projicicns,
3359 4980 3407 5027 et

1820 5055 2058 5113 diﬁicilis
2106 5068 2224 5112 erat
2266 5073 2526 5114 accessus
2571 5060 2639 5115 ad
2682 5076 2824 5115 eam.
2876 5061 3013 5114 Cum
3044 5060 3415 5132 Bellerophon

1821 5150 2123 5205 invenisset
2157 5149 2426 5220 Pegasum
2480 5151 2727 5205 divinum
2769 5169 2971 5223 equum
3019 5154 3111 5224 qui
3156 5155 3270 5208 alas
3317 5155 3409 5208 ha-

1824 5240 1953 5295 bere
2004 5241 2312 5307 dicebatur,
2361 5250 2417 5296 et
2462 5243 2664 5297 undam
2704 5245 2980 5312 unguibus
3020 5246 3225 5314 jacere,
3277 5260 3407 5302 usus

1822 5342 1907 5389 est
1938 5336 2099 5403 quasi
2131 5334 2409 5403 adjutorio
2441 5335 2542 5391 alis
2566 5336 2714 5405 equi,
2741 5345 2794 5390 et
2821 5337 3132 5408 plumbeam
3161 5338 3213 5390 in
3246 5354 3408 5407 supc-

1821 5427 1956 5481 riori
1991 5433 2147 5495 parte
2179 5426 2388 5481 lanceae
2420 5427 2705 5482 stabilicns
2746 5427 3014 5497 sphaeram
3048 5442 3212 5499 quam
3264 5426 3318 5479 in
3349 5442 3406 5482 os

1820 5515 2103 5570 Chimaerae
2148 5517 2411 5586 projecit,
2459 5519 2681 5588 plumbo
2730 5534 2825 5588 per
2866 5521 3043 5588 ignem
3091 5516 3406 5588 liquefacto,

1822 5606 2026 5662 occidit
2046 5606 2397 5664 Chimaeram.

139 5729 321 5781 ρατος,
357 5710 519 5774 αὐτὸς
543 5711 573 5763 ὁ
600 5706 1034 5779 Βελλεροφόντης
1064 5705 1315 5761 ἐνέϐαλεν
1350 5706 1429 5769 εἰς
1466 5704 1525 5757 τὸ
1564 5702 1739 5773 στόμα
1773 5701 1872 5773 τῆς
1906 5700 2203 5773 Χιμαίρας,
2245 5701 2339 5755 καὶ
2372 5702 2481 5757 ἀπὸ
2511 5701 2604 5755 τοῦ
2645 5701 2811 5773 πυρὸς
2848 5700 3062 5773 διελύθη
3089 5702 3118 5754 ὁ
3145 5698 3408 5773 μόλιϐδος,

135 5805 230 5860 καὶ
266 5804 444 5859 ἀνεῖλε
471 5802 570 5863 τὴν
600 5802 899 5862 Χίμαιραν.
