3856 6220
416 326 558 386 1065

938 427 992 481 8.
1034 423 1111 477 De
1137 414 1456 488 labyrintho.

488 535 549 589 In
576 526 758 585 insula
800 522 964 578 Creta
1004 529 1165 571 mons
1195 519 1282 566 est
1320 511 1378 562 in
1409 519 1520 576 quo
1562 498 1840 557 invenitur
1874 509 1999 566 spe-

420 587 582 681 lunca
624 621 683 674 in
727 613 948 671 modum
1003 607 1146 661 antri
1200 602 1266 658 ad
1312 612 1477 671 quam
1532 591 1768 681 diiﬁcilis
1792 587 1996 650 aditus,

419 676 807 769 seddiﬂicilior
845 716 913 755 ex
953 713 1021 753 ea
1050 694 1299 757 reditus;
1340 689 1430 744 hic
1464 680 1758 740 Minotauri
1786 676 2001 732 mansio

420 766 541 862 esse
564 801 787 856 dicitur.
810 794 915 849 Per
932 788 1310 844 diﬂicultatem
1329 798 1360 837 e
1380 775 1694 849 labyrintho
1713 766 2000 832 redeundi,

422 897 579 953 divus
610 888 915 960 Gregorius
945 875 1354 935 inextricabilia
1395 866 1673 925 sermonis
1709 862 1890 917 obiter
1918 860 2005 914 in-

422 988 541 1042 nuit
576 1001 605 1041 e
637 955 841 1054 quibus
880 992 1043 1032 nemo
1076 970 1248 1029 semel
1285 968 1543 1037 alligatus
1593 973 1717 1017 sese
1747 955 2006 1026 expedire

423 1048 671 1151 poterat
694 1070 948 1141 adiungit
971 1069 1169 1137 ἄρκυς,
1188 1059 1334 1132 quod
1354 1067 1439 1113 est
1460 1054 1677 1125 species
1701 1048 1837 1104 retis
1861 1060 2009 1100 cras-

423 1169 655 1230 sissimi,
695 1181 805 1237 quo
838 1170 1071 1217 utuntur
1098 1157 1364 1211 adversus
1401 1152 1613 1205 leonem
1643 1144 1730 1200 vel
1753 1138 2008 1213 quamvis

425 1265 586 1319 aliam
615 1278 682 1317 et
716 1259 848 1313 feris
882 1256 1178 1310 immanem
1217 1253 1535 1303 venatores.

983 1367 1037 1422 9.
1079 1363 1157 1418 De
1188 1359 1446 1415 Gadibus.

495 1489 675 1544 Gades
706 1487 863 1539 locus
892 1488 978 1536 est
1006 1480 1059 1532 in
1093 1474 1344 1548 partibus
1370 1465 1671 1539 Hesperiis.
1698 1460 1882 1516 Locus
1920 1456 2012 1512 hic

427 1582 596 1636 maris
631 1577 901 1633 terminus
929 1576 1015 1625 est
1036 1579 1094 1623 et
1133 1564 1292 1635 quasi
1322 1559 1595 1630 sejunctio
1627 1553 1806 1610 nostri
1840 1549 2013 1603 maris

427 1689 459 1728 a
518 1670 657 1725 mari
708 1664 1003 1720 Atlantico.
1062 1657 1223 1712 Circa
1273 1653 1452 1710 Gades
1504 1663 1636 1704 vero
1700 1658 1849 1700 mare
1900 1656 2012 1696 non

1767 286 2050 349 NONNUS
2087 280 2311 340 ABBAS

2021 414 2070 463 Α

3540 256 3684 314 1065

2484 396 2555 461 η’.
2596 384 2736 455 Περὶ
2770 381 2876 437 τοῦ
2916 377 3305 448 λαϐυρίνθου.

2182 489 2272 542 Ἐν
2294 486 2361 557 τῇ
2388 454 2588 555 Κρητῃ
2625 454 2691 549 τῇ
2723 478 2874 547 νήσῳ
2895 474 3021 545 ὅρος
3060 468 3229 531 ἐστὶν,
3258 467 3318 519 ὲν
3343 454 3389 531 ᾧ
3415 459 3689 531 σπήλαιον

2098 552 2392 652 ἁντρῶδε-ς.
2428 552 2525 630 καὶ
2551 572 2770 626 δύσοδον
2800 566 2931 638 περὶ
2958 564 3058 633 τὴν
3089 558 3342 622 κάθοδον,
3374 555 3470 608 καὶ
3494 552 3689 621 δυσχει-

2102 642 2212 743 ρὲς’
2232 671 2375 725 πάνυ
2406 667 2537 737 περὶ
2582 664 2682 735 τὴν
2725 659 2948 716 ἄνοδον·
2981 658 3046 743 λὲν
3083 647 3127 720 ᾧ
3157 651 3384 719 λέγεται
3425 648 3457 700 6
3505 642 3694 698 Μινώ-

2100 733 2300 835 ταυρος
2342 733 2709 830 ἐμϐληθῆναι.
2744 749 2900 803 Ἐπεὶ
2928 741 3023 823 οὖν
3058 741 3323 812 δυσχερὲς
3353 737 3415 790 τὸ
3460 733 3699 802 ἐκϐῆναι

2102 824 2572 923 τοῦλαὸυρίνθου,
2605 845 2699 900 νῦν
2735 845 2766 897 6
2800 842 2942 904 θεῖος
2979 836 3284 908 Γρηγόριος
3321 828 3517 883 ἔλαϐεν
3560 824 3700 879 αὐτὸ

2104 949 2197 1000 ἐπὶ
2226 945 2321 1000 τοῦ
2361 918 2523 1011 λόγου
2553 938 2667 993 τῶν
2692 934 2976 1006 ἁφύκτων,
3004 923 3080 983 ὧν
3124 925 3300 988 οὐδεὶς
3338 921 3577 992 ἠδύνατο
3608 918 3704 969 ὲκ-

2105 1039 2323 1109 φυγείν,
2349 1033 2465 1088 ἀλλ’
2495 1030 2771 1102 ἡλίσκετο.
2813 1022 3099 1093 Ἐπιφέρει
3137 1017 3195 1071 δὲ
3234 1014 3334 1069 καὶ
3367 1013 3467 1074 τὰς
3490 1011 3698 1081 ἄρκυς.

2106 1102 2278 1202 άρκυς
2305 1126 2361 1180 δέ
2402 1127 2550 1178 ἐστιν
2579 1117 2720 1183 εἶδος
2748 1115 2968 1171 δικτύου
3004 1106 3391 1181 παχυσχοίνου,
3438 1104 3469 1157 ὃ
3516 1102 3703 1155 ἱστᾶσι

2108 1196 2246 1295 πρὸς
2272 1220 2447 1292 θήραν
2474 1216 2708 1279 λέοντος,
2735 1211 2769 1282 ἢ
2804 1209 2966 1264 ἄλλοι)
2988 1205 3096 1258 τῶν
3123 1198 3363 1272 ἰσχυρῶν
3387 1196 3563 1261 ζώων.

2516 1331 2582 1385 θ’.
2624 1326 2767 1395 Περὶ
2801 1322 2920 1378 τῶν
2948 1318 3272 1387 Γαδείρων.

2180 1451 2420 1520 Γάδειρα
2464 1446 2632 1507 τόπος
2669 1440 2790 1495 ἐστὶ
2837 1434 3069 1509 περὶτὰ
3120 1430 3385 1503 Ἑσπέρια
3441 1424 3630 1495 μέρηο
3677 1423 3709 1476 6

2112 1545 2274 1606 τόπος
2303 1515 2361 1596 δέ
2408 1534 2586 1602 οὗτος,
2630 1527 3058 1600 άποτελεύτησίς
3094 1529 3211 1579 ἐστι
3253 1519 3530 1588 θαλάσσης
3554 1556 3571 1579 ,
3610 1515 3711 1567 καὶ

2113 1636 2278 1690 οἱονεὶ
2308 1633 2561 1703 ἔκκρισις
2587 1627 2697 1682 ἀπὸ
2720 1625 2822 1695 τῆς
2846 1624 2923 1687 ὡς
2945 1621 3083 1692 πρὸς
3103 1618 3251 1689 ἡμᾶς
3284 1613 3587 1682 θαλάσσης,
3614 1609 3715 1660 ἐπὶ

431 1703 459 1728 ﬂ
519 1703 657 1725 uuln
708 1703 1003 1720 ιιιιιιιιιιιννσ
1069 1703 1223 1712 ν---ν-
1280 1703 1447 1710 ν----
1520 1703 1524 1704 ,

431 1761 738 1834 navigabile
786 1771 910 1813 esse
961 1752 1166 1809 dicitur
1199 1755 1423 1819 pr0pter
1461 1743 1581 1812 ejus
1613 1735 2006 1793 turbulentiatr

2151 1729 2214 1800 ὴν
2245 1724 2562 1780 Ἀτλαντίδα
2603 1720 2902 1774 θάλασσαν.
2936 1714 3170 1782 Λέγεται
3197 1706 3292 1763 οὖν
3335 1706 3534 1779 μηκέτι
3564 1703 3717 1770 μετὰ

2158 1821 2170 1834 ι
2209 1819 2316 1834 “H-
2534 1813 2750 1834 “an-.-
2793 1812 2893 1834 -ιη
2926 1807 3198 1834 Διὶ-..-η
3245 1801 3462 1834 δαείω...
3520 1796 3611 1834 3,3,
3650 1796 3717 1834 ,ιλ

431 1871 484 1914 et
534 1828 949 1911 obscuritatem.
1016 1846 1249 1915 Γάδειρα
1296 1840 1498 1895 dicitur
1549 1833 1703 1905 παρὰ
1755 1831 1857 1903 τὴν
1907 1828 2013 1898 γῆν

433 1951 525 2005 καὶ
562 1948 661 2020 τὴν
699 1943 883 2015 δειράν
905 1958 919 1971 ·
964 1938 1115 2008 δειρὴ
1152 1948 1282 1989 vero
1318 1930 1522 1986 dicitur
1550 1925 1796 1980 humilis.
1832 1922 1917 1976 EX
1948 1936 2015 1975 eo

434 2058 563 2114 ergo
618 2018 764 2111 quod
819 2044 966 2089 terra
1019 2030 1108 2083 hic
1155 2023 1382 2080 humilis
1421 2028 1508 2077 est
1546 2018 1781 2089 Γάδειρα
1814 2027 2015 2069 nomen

436 2135 665 2204 accepit.

753 2314 841 2369 10.
882 2312 960 2366 De
984 2325 1115 2381 equo
1147 2304 1356 2361 vincula
1390 2302 1686 2373 frangente.

502 2432 671 2487 Poeta
704 2428 976 2483 Homerus
1006 2422 1074 2477 ad
1100 2418 1403 2475 Alexandri
1444 2414 1796 2469 velocitatem
1827 2407 2021 2478 depin-

438 2523 668 2596 gendam
702 2520 857 2574 illum
889 2529 1016 2571 cum
1047 2526 1189 2582 equo
1219 2514 1504 2579 comparat
1539 2505 1625 2558 his
1656 2501 1875 2557 verbis:

442 2729 511 2786 Ut
536 2744 698 2801 equus
731 2726 787 2780 in
815 2721 1023 2778 stabulo
1054 2717 1289 2773 nutritus
1323 2729 1444 2766 cum
1487 2727 1515 2765 e
1553 2706 1794 2848 σταδαιῦ
1814 2705 2023 2826 elapsus

1794 2792 1901 2829 ueri
1936 2814 1950 2828 .

1794 2792 1950 2829 uerti.

509 2914 597 2970 11.
646 2914 720 2965 De
745 2907 948 2980 sparsis
968 2912 1020 2960 et
1049 2910 1233 2973 sponte
1261 2895 1597 2953 nascentibus
1626 2889 1954 2963 gigantibus.

509 3067 713 3122 Dicunt
752 3060 1021 3117 Cadmum
1069 3056 1155 3110 vel
1206 3049 1461 3122 quemvis
1503 3047 1671 3100 alium
1714 3042 1921 3098 Thebis
1969 3041 2025 3095 in

2116 1796 2184 1875 τά
2209 1819 2444 1887 Γάδειρα
2490 1813 2755 1869 τελέεσθαι
2791 1812 2893 1882 τὴν
2926 1807 3198 1861 θάλατταν
3244 1801 3495 1869 ἐκείνην,
3520 1796 3613 1850 διὰ
3650 1796 3718 1847 τὸ

2116 1908 2255 1966 εἶναι
2307 1908 2563 1983 βραχώδη
2615 1906 2712 1960 καὶ
2764 1901 3069 1971 σκοτεινήν.
3115 1896 3352 1967 Γάδειρα
3396 1892 3455 1946 δὲ
3495 1891 3707 1962 ἢκουσε

2116 2005 2271 2077 παρὰ
2295 1982 2393 2075 τὴν
2420 2002 2524 2073 γῆν
2548 2000 2646 2054 καὶ
2673 1999 2771 2069 τὴν
2794 1994 2981 2067 δειράν
3000 2009 3014 2023 ο
3036 1990 3189 2061 δειρὴ
3215 1987 3272 2041 δὲ
3302 1985 3550 2039 καλεῖται
3576 1982 3722 2052 τρά-

2118 2076 2300 2171 χηλος.
2341 2095 2501 2167 Παρὰ
2529 2093 2592 2146 τὸ
2620 2086 2712 2146 οὖν
2747 2089 2849 2160 τῆς
2889 2087 2995 2158 γῆς
3020 2079 3161 2138 εῖναι
3198 2077 3469 2152 τράχηλον
3508 2076 3719 2139 ἐκεῖσε,

2123 2195 2327 2264 ἤκουσε
2354 2188 2610 2257 Γάδειρα.

2194 2285 2246 2338 ι’.
2289 2280 2431 2350 Περὶ
2472 2280 2663 2333 ἵππου
2696 2274 2803 2329 τοῦ
2840 2268 3280 2340 διαρῤήξαντος
3312 2266 3387 2319 τὰ
3419 2258 3644 2331 δεσμά.

2194 2400 2444 2468 Ὅμηρος
2491 2396 2521 2448 6
2574 2389 2807 2460 ποιητὴς
2845 2384 3171 2457 βουλόμενος
3210 2380 3312 2452 τὴν
3353 2374 3720 2445 Ἀλεξάνδρου

2121 2489 2358 2559 ὀξύτητα
2397 2486 2496 2557 τὴν
2534 2484 2664 2555 περὶ
2703 2480 2799 2534 τοῦ
2840 2477 3020 2533 πώλου
3049 2474 3355 2546 ἐκφράσαι,
3404 2470 3494 2524 διὰ
3531 2484 3723 2540 παρα-

2125 2578 2291 2647 ϐολῆς
2327 2575 2537 2637 εἰκάζει
2567 2573 2663 2625 τὸν
2687 2572 2866 2643 ἥρωα,
2895 2565 3138 2621 ἐπειπὼν
3162 2564 3281 2618 τόδε
3305 2563 3472 2626 ἔπος·

2171 2691 2269 2758 Ὠς
2307 2689 2361 2743 δ’
2406 2689 2507 2742 ὅτε
2549 2703 2643 2752 τις
2683 2681 2905 2749 στατὸς
2945 2683 3134 2747 ἵππος
3180 2676 3541 2758 ἁκοοίτήρσας
3577 2672 3688 2727 ἐπὶ

3325 2746 3610 2821 [φάτνης.

2129 2883 2219 2931 ια’.
2246 2873 2392 2943 Περὶ
2424 2871 2544 2926 τῶν
2570 2868 2928 2943 σπαρέντῳν
2953 2866 3054 2920 καί
3075 2864 3351 2935 φυέντων
3378 2858 3735 2930 αὐθημερὸν

2756 2938 3079 3010 γιγάντων.

2213 3057 2304 3113 Ἐν
2331 3058 2538 3130 Θήῦαις
2565 3056 2665 3128 τῆς
2694 3053 2956 3117 Βοιωτίας
3005 3051 3247 3121 λέγεται,
3287 3050 3370 3103 ὅτι
3401 3047 3658 3117 Κάδμος,
3691 3042 3727 3115 ἦ

445 3158 653 3215 Bceotia
683 3151 945 3209 maritimi
980 3145 1238 3203 draconis
1263 3144 1457 3197 dentes
1488 3139 1712 3193 avolsos
1736 3138 1796 3189 in
1823 3142 2025 3189 terram

2151 3152 2296 3214 ἱλλος
2316 3168 2419 3214 τις,
2446 3147 2628 3202 λαϐὼν
2651 3147 2777 3210 τοὺς
2810 3144 2901 3199 τοῦ
2931 3141 3182 3213 δελφίνου
3218 3141 3514 3213 δράκοντος
3540 3138 3733 3191 ἐσπει-

446 3250 602 3323 quasi
633 3260 826 3301 semen
856 3240 1165 3313 proiecisse
1213 3234 1360 3290 unde
1405 3233 1508 3288 viri
1543 3239 1910 3286 surrexerunt
1944 3242 2033 3280 ar-

447 3352 612 3397 mati:
644 3337 778 3394 editi
811 3342 941 3390 sunt
976 3340 1160 3387 autem
1194 3344 1224 3381 a
1255 3325 1560 3380 femoribus
1586 3322 1654 3376 ad
1683 3336 1946 3392 superna,
1979 3326 2033 3374 et

449 3436 532 3494 sic
563 3441 773 3489 stantes
807 3428 1024 3498 seipsos
1059 3422 1295 3478 invicem
1326 3418 1713 3489 trucidarunt.

592 3557 681 3613 12.
714 3556 789 3610 De
819 3551 1000 3609 Thebis
1027 3566 1145 3622 qua:
1175 3556 1367 3617 septem
1402 3554 1581 3615 portas
1608 3541 1889 3596 habebant.

522 3673 689 3729 Divus
722 3669 1021 3740 Gregorius
1052 3665 1142 3719 hic
1177 3675 1488 3717 sermonem
1532 3656 1664 3712 facit
1702 3655 1771 3709 de
1822 3660 2038 3724 specta-

453 3768 620 3825 culis.
667 3764 815 3821 Urbs
865 3775 994 3816 vero
1033 3773 1157 3829 quae
1207 3762 1415 3824 septem
1446 3761 1633 3822 portas
1677 3748 1913 3803 habebat
1956 3752 2042 3799 est

455 3869 510 3924 in
549 3865 758 3922 Graecia
788 3876 853 3917 ea
885 3873 1009 3928 quae
1031 3851 1358 3924 Amphionis
1388 3848 1629 3904 et-Zethi
1664 3846 1890 3901 cithara:
1920 3856 2042 3895 mo-

455 3955 830 4015 dulaminibus
881 3956 1164 4008 exstructa
1217 3953 1339 4012 est;
1369 3942 1572 3997 Thebae
1607 3953 1737 3996 vero
1769 3935 2043 4007 Egyptia‘.

457 4050 660 4107 habent
692 4052 914 4101 centum
943 4048 1167 4112 portas;
1199 4037 1333 4093 urbs
1365 4036 1496 4091 olim
1530 4031 1791 4093 maxima,
1821 4029 1959 4081 adeo
1984 4035 2046 4079 ut

458 4149 678 4195 centum
713 4142 904 4205 portas
935 4132 1182 4185 haberet.
1224 4128 1423 4181 Dicunt
1465 4121 1813 4178 validissima
1856 4116 2032 4171 fuisse

460 4227 751 4300 Babylonis
784 4223 1009 4286 moenia,
1046 4219 1312 4275 lateribus
1343 4212 1823 4287 aspbaltojunctis
1840 4218 2047 4264 structa

458 4334 515 4380 et
562 4325 618 4377 in
671 4322 1000 4375 immensum
1046 4309 1440 4382 longitudinis,
1484 4305 1796 4361 latitudinis
1839 4314 1894 4359 et
1936 4304 2049 4357 cir-

460 4411 835 4473 cumferentia:
863 4408 1105 4480 spatium
1144 4410 1420 4474 porrecta.

920 4632 1008 4685 15.
1038 4626 1128 4681 ὐο
1164 4624 1412 4678 Mausoto
1441 4621 1598 4675 Care.

536 4760 767 4817 Mausoli
829 4757 986 4814 Caris
1046 4753 1359 4824 sepulcrum
1414 4752 1580 4804 etiam
1630 4746 2049 4817 amplisSImum.

468 4858 581 4912 Rex
621 4854 725 4908 fuit
752 4851 926 4906 Cariae
959 4848 1243 4902 Mausolus
1281 4844 1373 4914 qui
1423 4842 1529 4898 sibi
1573 4841 1777 4910 ingenti
1830 4847 2054 4909 sumptu

469 4945 758 5005 aediﬁcavit
792 4941 1106 5011 sepulcrum
1146 4951 1312 5004 super
1345 4942 1622 4988 terrenum
1650 4946 1931 5002 aggerem,
1958 4945 2057 4999 pa-

470 5035 682 5094 ludosis
715 5034 767 5086 in
796 5032 957 5095 locis,
982 5029 1174 5099 iacens
1219 5026 1275 5080 in
1304 5023 1549 5078 interiori
1591 5023 1865 5091 sepulcro.
1907 5019 2056 5074 Scri-

471 5130 619 5186 bitur
671 5122 970 5195 sepulcrum
1029 5118 1314 5182 Caricum,
1358 5114 1712 5186 possessive;
1759 5122 1815 5168 et
1863 5112 2053 5174 Caris,

472 5220 618 5294 quod
662 5224 883 5290 gentem
929 5213 1182 5283 designat
1233 5209 1461 5264 Mausoli
1505 5207 1684 5262 Caris.
1732 5205 2057 5278 Pyramides

473 5315 672 5375 etiam,
725 5311 782 5364 in
822 5307 1060 5379 Egypto
1105 5303 1321 5375 magnis
1375 5300 1691 5371 sumptibus
1739 5300 2054 5364 aediﬁcata),

473 5403 840 5461 admiratione
890 5399 1071 5468 dignae
1136 5402 1288 5451 sunt.
1341 5393 1449 5448 Eas
1507 5392 1813 5447 Christiani
1864 5390 2059 5445 dicunt

476 5500 675 5555 horrea
706 5494 877 5550 fuisse
915 5490 1140 5561 Ioseph,
1183 5487 1389 5544 ethnici
1420 5501 1575 5549 vero,
1610 5484 1754 5539 inter
1781 5499 1920 5555 quos
1952 5482 2061 5537 He-

478 5592 746 5655 rodotus,
799 5587 1053 5658 sepulcra
1093 5599 1281 5655 regum
1319 5579 1707 5652 quorumdam.
1747 5576 2063 5634 Verisimile

478 5693 566 5740 est
635 5681 949 5755 pyramides
1031 5686 1153 5750 post
1226 5686 1471 5745 tempora
1553 5671 1755 5741 Joseph
1833 5679 1888 5727 et
1965 5685 2064 5726 ex-

479 5775 616 5831 itum
681 5773 851 5830 lsrael
892 5773 964 5826 ab
1016 5768 1253 5825 ethnicis
1301 5772 1614 5822 exstructas
1664 5771 1724 5817 ut
1766 5758 2064 5834 sepultura:

482 5883 671 5941 regum
749 5866 1101 5922 inservirent.
1182 5860 1458 5917 Rhodium
1536 5859 1813 5915 colossum
1886 5855 2065 5912 innuit

2078 4450 2124 4505 D

2138 3261 2232 3317 ρεν
2278 3243 2501 3302 ὀδόντας
2547 3242 2628 3302 είς
2676 3239 2775 3310 τὴν
2808 3238 2945 3308 γῆν,
2980 3235 3076 3289 καὶ
3134 3233 3463 3303 άνεδόθησαν
3508 3228 3733 3283 ἔνοπλοι

2136 3334 2361 3405 ἄνδρεςο
2410 3331 2745 3402 άνεδὸθησαν
2802 3329 2861 3383 δὲ
2905 3328 3013 3381 ἀπὸ
3065 3325 3256 3398 μηρῶν
3282 3324 3389 3386 ἕως
3434 3323 3582 3387 ἄνω,
3634 3322 3737 3375 καὶ

2135 3425 2311 3488 οὕτως
2340 3424 2619 3494 ἱστάμενοι
2649 3420 2953 3491 ἐπολέμουν
2986 3417 3260 3488 ἀλλήλοις.

2390 3552 2478 3623 ιβ’.
2521 3550 2659 3630 Ιζερὶ
2690 3549 2811 3604 τῶν
2836 3548 3202 3603 ἐπταπύλων
3232 3544 3460 3613 Θηϐῶν.

2222 3666 2281 3722 '0
2315 3665 2459 3730 θεῖος
2484 3663 2788 3738 Γρηγόριος
2826 3663 2956 3734 περὶ
2990 3661 3246 3731 θεάματα
3267 3660 3522 3731 βούλεται
3553 3661 3739 3714 εἰπεῖν

2143 3762 2278 3833 ἡμῖν
2304 3756 2573 3812 ἐνταῦθα·
2603 3755 2661 3808 ai
2689 3754 2747 3806 δὲ
2778 3752 2966 3817 πύλαι,
2993 3751 3299 3807 ἑπτάπυλοι
3331 3752 3492 3812 εἰσιν.
3535 3751 3593 3804 at
3634 3753 3740 3820 τῆς

2153 3850 2427 3914 Ἑλλάδος,
2452 3850 2509 3902 αἱ
2533 3847 2639 3901 ὑπὸ
2671 3846 2963 3916 Ἀμφίονος
2985 3846 3082 3899 καὶ
3112 3844 3289 3915 Ζήθου
3311 3843 3625 3898 κτισθεῖσαι
3649 3844 3743 3897 διά

2145 3942 2407 4014 κιθάρας·
2444 3941 2503 3992 αἱ
2545 3939 2605 3992 δὲ
2655 3937 2953 4005 Αἰγύπτιαι
2995 3933 3211 4006 Θῆϐαι,
3249 3935 3389 3987 είσὶν
3431 3934 3743 3988 ἑκατοντά-

2145 4035 2306 4089 πυλοι
2325 4047 2339 4062 ο
2379 4031 2614 4104 μεγίστη
2643 4030 2705 4083 δὲ
2734 4029 2901 4083 πάλαι
2926 4027 3140 4095 γέγονε,
3167 4026 3263 4080 καὶ
3288 4024 3464 4088 οὕτως
3498 4024 3741 4095 μεγίστη

2145 4126 2291 4180 ὥστε
2321 4123 2516 4177 ἑκατὸν
2540 4122 2684 4192 ἔχειν
2712 4122 2811 4184 τὰς
2837 4119 3036 4183 πύλας.
3070 4119 3153 4172 Τὰ
3172 4118 3230 4172 δὲ
3259 4118 3415 4189 τείχη
3449 4119 3522 4170 τὰ
3559 4118 3744 4171 Βασσ-

2147 4215 2316 4271 λὼνια
2363 4215 2584 4283 λέγεται
2630 4208 2772 4266 εἶναι
2815 4212 3173 4283 ἰσχυρότατα·
3206 4211 3315 4264 ἀπὸ
3348 4210 3460 4282 γὰρ
3515 4210 3744 4263 πλίνθου

2148 4309 2325 4379 ὀπτῆς
2381 4308 2476 4361 καὶ
2511 4305 2791 4375 ἀσφάλτου
2835 4304 3106 4375 λυομένης
3153 4302 3503 4372 ἐκτίσθησαν,
3548 4305 3647 4357 καὶ
3687 4305 3748 4355 τὸ

2153 4401 2358 4464 πλάτος
2390 4399 2583 4469 ἔχοντα
2611 4398 2769 4461 πολὺ,
2798 4398 2895 4451 καὶ
2940 4397 3001 4451 τὸ
3033 4396 3188 4465 ὕψος,
3235 4397 3332 4450 καὶ
3371 4397 3471 4467 τὴν
3514 4399 3749 4469 περιφέ-

2157 4510 2328 4565 ρειαν.

2371 4635 2461 4697 ιγ’.
2495 4626 2634 4695 Περὶ
2666 4625 2776 4680 τοῦ
2804 4622 3149 4680 Μαυσωλοῢ
3176 4622 3282 4679 τοῦ
3312 4625 3527 4693 Καρός.

2237 4756 2297 4807 '0
2328 4754 2498 4820 τάφος
2519 4749 2825 4805 Μαυσωλοῦ
2851 4746 2946 4804 τοῦ
2986 4748 3175 4820 Καρὸς
3211 4747 3468 4819 μέγιστός
3504 4749 3625 4803 ἐστι
3657 4748 3752 4802 καὶ

2157 4845 2344 4908 αὑτός·
2379 4843 2684 4905 Μαυσωλὸς
2725 4841 2835 4913 γὰρ
2883 4841 3097 4912 Καρίας
3134 4840 3326 4909 γέγονε
3351 4839 3624 4911 τύραννος
3649 4857 3664 4869 ·
3691 4842 3752 4905 ὃς

2157 4934 2373 4989 ἔκτισεν
2402 4933 2585 5004 ἑαυτῷ
2616 4932 2788 5003 τάφον
2822 4931 3256 4996 πολυανάλωτον,
3293 4933 3352 4986 ἐν
3386 4930 3609 5002 χώματί
3642 4951 3752 4986 τινι

2157 5026 2251 5079 καὶ
2280 5027 2337 5078 ἐν
2362 5023 2701 5095 λιμναζούσῃ
2737 5023 2905 5095 λίμνῃ
2936 5023 3085 5078 ἔνδον
3118 5023 3367 5094 κείμενος
3403 5022 3498 5076 τοῦ
3531 5025 3710 5092 τάφου
3734 5037 3751 5052 ⁸

2157 5117 2431 5188 γράφεται
2459 5116 2515 5169 δὲ
2551 5117 2646 5170 καὶ
2668 5118 2696 5169 6
2717 5116 2973 5184 Καρικὸς
3006 5115 3218 5185 τάφος,
3262 5115 3351 5170 ἵνα
3452 5116 3714 5185 κτητικός
3732 5130 3751 5148 ⁸

2159 5210 2433 5281 γράφεται
2455 5209 2513 5261 δὲ
2546 5209 2643 5262 καὶ
2669 5207 2885 5277 Καρὸς,
2909 5205 3051 5281 ἶναῇ
3078 5207 3290 5270 ἐθνικὸς
3318 5206 3410 5260 τοῦ
3436 5206 3752 5261 Μαυσωλοῦ

2160 5298 2254 5353 τοῦ
2290 5299 2496 5373 Καρός.
2542 5299 2609 5351 Ai
2668 5298 2727 5352 δὲ
2768 5298 3104 5369 πυραμίδες,
3134 5298 3231 5353 καὶ
3268 5293 3425 5353 αὗται
3467 5297 3755 5368 θαύματος

2163 5394 2301 5445 εἰσιν
2330 5391 2477 5456 ἄξιαι
2503 5431 2518 5454 ,
2569 5393 2629 5445 ὲν
2677 5394 2744 5462 τῇ
2797 5390 3063 5462 Αἰγύπτῳ
3108 5391 3423 5462 ὲκτισμέναι
3473 5391 3757 5445 πολυανά-

2162 5483 2355 5537 λωτοι·
2401 5482 2629 5545 άστινας
2674 5482 2995 5553 Χριστιανοὶ
3050 5481 3150 5552 μὲν
3198 5482 3433 5550 λέγομεν
3483 5480 3630 5537 εἶναι
3688 5483 3757 5535 τὰ

2164 5576 2334 5647 ὼρεῖα
2380 5575 2474 5629 τοῦ
2511 5574 2740 5647 Ἰωσὴφ,
2793 5575 3059 5643 Ἕλληνες
3101 5575 3158 5628 δὲ
3218 5575 3425 5645 τάφους
3489 5574 3755 5645 βασιλέων

2167 5668 2347 5729 τινῶν,
2372 5660 2446 5720 ὧν
2473 5668 2589 5719 ἐστι
2616 5667 2712 5720 καὶ
2748 5665 3031 5737 Ἡρόδοτος
3050 5682 3064 5696 ·
3090 5666 3166 5728 ὼς
3194 5665 3253 5718 δὲ
3278 5664 3423 5727 εἰκὸς
3458 5662 3603 5735 μετὰ
3630 5665 3755 5725 τους

2169 5762 2396 5833 χρόνους
2437 5760 2532 5813 τοῦ
2568 5759 2791 5831 Ἰωσὴφ,
2838 5761 2933 5813 καὶ
2980 5758 3082 5830 τὴν
3132 5757 3309 5822 ἔξοδον
3349 5755 3445 5810 τοῦ
3503 5755 3755 5827 Ἰσραὴλ,

2170 5854 2504 5926 ἐποιήσαντο
2565 5853 2739 5918 αὐτὰς
2788 5852 2996 5923 τάφους
3046 5838 3329 5918 βασιλέων
3381 5851 3434 5905 οἱ
3467 5850 3748 5921 Ἕλληνες.
