3856 6220
190 226 336 277 1065
1205 215 1276 271 ΙΝ
1315 213 1720 271 ORATIONEM
1759 214 1827 270 ΙΝ
1868 213 2140 272 SANCTA
2176 215 2464 277 LUMINA.
3309 215 3453 271 i066

186 335 329 406 Περὶ
373 331 434 386 δὲ
487 331 584 385 τοῦ
637 330 893 386 κολοσσοῦ
941 330 1088 401 λέγει
1141 329 1240 384 τοῦ
1294 329 1655 402 ἀνακειμένου

1925 335 1965 389 ii
1997 336 2142 390 mole
2173 349 2274 391 sua
2300 341 2355 390 et
2387 329 2594 404 ingenti
2644 343 2775 385 atris
2829 327 3057 385 adhibiti
3085 327 3324 401 pondere
3349 329 3448 384 ad-

198 425 405 496 Ῥόδῳ,
451 423 536 476 ὅτι
583 423 840 493 μέγιστός
887 425 1038 479 ἐστιν
1079 421 1338 497 ἀνδριὰς,
1381 421 1583 494 χαλκὸν
1629 421 1721 493 έχιι

934 441 1038 479 ςτιν
1079 421 1338 497 ἀνδριὰς.
1381 421 1583 494 χαλκὸν
1629 421 1771 493 ἔχων
1878 429 2225 486 mirationem
2255 435 2457 484 movet.

187 515 360 572 πολὺν
398 516 496 572 καὶ
530 515 990 589 ἀξιοθαύμαστον.

189 722 3432 765 W

910 891 1140 980 ΤΟΥ
1172 867 1176 872 ’
1209 889 1587 978 ΑΥΤΟΥ
1657 888 2217 979 ΜΟΝΑΧΟΥ
2270 887 2433 972 No:

1212 889 1587 978 ΑΥΤΟΥ
1657 888 2217 979 ΜΟΝΑΧΟΥ
2270 887 2735 975 ΝΟΝΝΟΥ

1175 1076 1512 1133 ΕΞΗΓΗΣΙΣ
1544 1075 1682 1130 ΤΩΝ
1714 1075 2123 1132 ΕΛΛΗΝΙΚΩΝ
2157 1075 2473 1130 ΙΣΤΟΡΙΩΝ

567 1234 671 1296 ’Ὧν
700 1239 944 1313 ἐμνήσθη
978 1241 1011 1293 ὁ
1041 1239 1314 1309 πάνσοφος
1337 1240 1431 1293 καὶ
1468 1239 1610 1304 θεῖος
1642 1237 1942 1312 Γρηγόριος
1971 1239 2030 1293 ἐν
2065 1237 2142 1309 τῷ
2168 1239 2273 1302 Εἰς
2301 1235 2375 1290 τὰ
2414 1236 2551 1305 ἅγια
2586 1234 2752 1304 φῶτα
2774 1233 2917 1306 λόγῳ
2943 1234 3046 1308 (Ι).

826 1592 1468 1710 EJUSDEM
1582 1593 2241 1710 MONACHI
2368 1594 2818 1710 NONNI

1040 1819 1610 1876 INTEHPRETATIO
1660 1817 2076 1877 GRJECABUM
2132 1819 2606 1879 HISTORIARL'M

344 1976 619 2050 Quarum
649 1974 934 2037 meminit
964 1976 1466 2056 sapientissimus
1492 1981 1558 2037 et
1586 1976 1764 2037 divus
1786 1976 2125 2055 Gregorius
2159 1977 2226 2038 in
2263 1977 2546 2039 oratione
2589 1979 2670 2037 De
2700 1978 2899 2039 sacris
2935 1976 3297 2042 luminibus.

697 2304 766 2350 α’.
801 2296 941 2366 Περὶ
978 2284 1091 2350 τοῦ
1123 2298 1280 2364 Διός.
1811 2309 1856 2363 Β

1811 2309 1856 2363 Β
2503 2302 2551 2355 1.
2591 2299 2666 2353 De
2695 2297 2840 2355 Jove.

251 2405 362 2462 Τὸν
397 2407 497 2461 Δία
517 2408 567 2459 οἱ
595 2406 836 2477 θεολόγοι
892 2407 1001 2461 τῶν
1044 2407 1312 2479 Ἐλλήνων
1349 2408 1414 2460 ὲκ
1446 2407 1658 2480 Κρόνου
1692 2408 1774 2462 λέ-

1953 2411 2141 2469 Jovem
2183 2411 2420 2483 theologi
2483 2409 2795 2466 Graecorum
2837 2409 3076 2466 Saturno
3134 2412 3326 2468 dicunt
3363 2428 3456 2467 na-

183 2516 342 2570 γουσι
363 2500 712 2571 γεννηθῆναι,
731 2502 827 2554 καὶ
841 2500 1169 2571 γεννηθέντα
1197 2500 1568 2571 περισωθῆναι
1587 2502 1706 2554 τοιιῖ

1933 2520 2024 2571 un,
2060 2512 2117 2560 et
2153 2511 2344 2558 natum
2382 2503 2649 2559 salvatum
2685 2503 2858 2558 fuisse
2896 2503 3004 2559 isto
3032 2502 3192 2559 modo
3223 2523 3239 2560 :
3269 2502 3456 2559 Satur-

178 2593 278 2646 δε·
309 2597 376 2653 Ὂ
411 2593 620 2663 Κρόνος
673 2596 740 2665 τῇ
778 2593 907 2666 Ῥέᾳ
959 2594 1249 2665 γενόμενος
1308 2593 1576 2659 σύνοικος,
1633 2594 1701 2648 an

1934 2615 1989 2654 us
2017 2597 2184 2653 Rhea:
2219 2614 2344 2652 cum
2370 2603 2520 2652 esset
2576 2597 2928 2665 conjunctus,
2968 2611 3108 2668 quos
3155 2597 3352 2652 edebat
3395 2613 3457 2654 ea

183 2688 400 2740 ἔτικτεν
429 2685 568 2756 αὐτὴ
602 2686 813 2752 παιδία,
831 2686 995 2748 αὐτὸς
1017 2685 1310 2755 λαμϐάνων
1337 2685 1626 2738 κατέπινεν
1652 2703 1665 2717 ·
1684 2703 1706 2738 >ι

1934 2704 2107 2753 ieros,
2143 2689 2234 2744 ille
2266 2689 2515 2758 capiebat
2547 2694 2601 2741 et
2627 2687 2943 2756 hauriebat;
2967 2697 3018 2742 et
3049 2688 3121 2742 ita
3158 2688 3457 2760 saepissime

182 2781 362 2841 οὕτως
391 2779 486 2831 ἐπὶ
513 2777 721 2831 πολλῶν
754 2777 941 2830 τούτου
974 2777 1290 2848 γενομένου,
1322 2779 1546 2840 ἄτεκνος
1584 2779 1705 2849 έμει

1932 2796 2009 2834 im
2063 2780 2166 2835 hoc
2220 2780 2515 2843 evenisset,
2561 2778 2680 2834 sine
2744 2781 2927 2848 pueris
2984 2783 3248 2836 remansit
3285 2778 3455 2837 Rhea.

266 2870 415 2924 Ῥέα.
450 2869 582 2923 Ὅτε
627 2865 721 2923 οὖν
750 2869 1007 2939 ἐγέννησε
1044 2868 1136 2922 τὸν
1175 2870 1304 2933 Δία,
1336 2871 1370 2941 ἡ
1412 2869 1539 2922 Ῥέα
1577 2872 1706 2939 φοῦη

1934 2887 2018 2926 um
2049 2871 2214 2942 igitur
2245 2871 2432 2942 genuit
2473 2869 2684 2938 Jovem,
2719 2870 2869 2926 Rhea
2920 2873 3118 2927 timens
3161 2888 3229 2928 ne
3269 2874 3457 2928 eodem

187 2963 327 3035 μένη
362 2963 560 3032 μήπως
594 2961 688 3014 καὶ
721 2960 782 3014 τὸ
810 2959 1010 3031 βρέφος
1036 2960 1193 3014 τοῦτο
1240 2960 1546 3015 καταποθὲν
1575 2961 1710 3015 ἀπόλ

1943 2963 2046 3018 odo
2061 2979 2279 3034 quoque
2295 2979 2430 3034 puer
2444 2964 2535 3019 ille
2551 2965 2777 3034 periret,
2797 2964 3029 3035 lapidem
3045 2980 3167 3020 cum
3185 2980 3367 3035 panno
3382 2966 3466 3021 in-

181 3068 298 3120 σαι,
332 3051 480 3106 λίθον
506 3052 604 3124 μὲν
636 3050 1100 3124 σπαργανώσασα,
1134 3053 1332 3106 δέδωκε
1360 3052 1438 3123 τῷ
1470 3053 1664 3124 Κρόνῳ
1702 3080 1704 3101 ι

1933 3055 2164 3118 ιὶνίεεοι,
2199 3055 2348 3110 dedit
2378 3053 2615 3109 Saturno
2645 3065 2704 3109 ut
2735 3071 2964 3125 puerum
2995 3056 3456 3122 manducandum,

186 3144 391 3216 βρέφος
420 3146 710 3198 καταπιεῖν
728 3162 741 3173 ·
760 3143 852 3197 τὸν
874 3143 932 3197 δὲ
951 3144 1050 3198 Δία
1074 3145 1370 3215 ὑπερέθετο
1392 3147 1449 3198 ἐν
1469 3148 1535 3216 τῇ
1560 3147 1709 3217 Κρήτ

1934 3161 2071 3202 ivem
2103 3153 2280 3201 autem
2304 3146 2559 3216 deposuit
2595 3146 2651 3200 in
2667 3146 2828 3202 Creta
2849 3190 2866 3214 ,
2890 3156 2946 3202 et
2974 3147 3050 3202 illi
3066 3147 3457 3218 circumposuit

181 3237 283 3290 καὶ
312 3235 624 3309 παρέσταζε
644 3234 725 3307 τῷ
755 3235 942 3308 βρέφει
963 3237 1137 3309 τούτῳ
1161 3239 1284 3301 τοὺς
1303 3237 1656 3309 Κορύϐαντας
1685 3257 1704 3292 δ

1934 3239 2225 3309 orybantas
2252 3247 2306 3293 et
2333 3239 2563 3294 Curetas
2589 3239 2681 3310 qui
2725 3239 2957 3295 saltibus
2993 3248 3046 3295 et
3083 3240 3368 3310 plausibus
3407 3251 3457 3295 el

182 3330 315 3392 τοὺς
343 3329 632 3400 Κουρῆτας
663 3329 942 3399 ὀρχεῖσθαι
966 3329 1060 3383 καὶ
1091 3331 1307 3401 κροτεῖν
1335 3331 1432 3384 καὶ
1461 3333 1686 3384 κτυπεῖν

1934 3347 2037 3385 rma
2070 3330 2315 3386 feriendo
2341 3331 2631 3386 tumultum
2667 3331 2871 3387 cierent
2913 3346 3023 3401 quo
3052 3339 3237 3402 posset
3295 3330 3457 3388 celari

181 3422 329 3476 ὅπλα
359 3421 570 3486 αὐτῶν,
602 3423 699 3474 καὶ⁹
730 3421 983 3491 γενέσθαι
1024 3421 1148 3474 τινὰ
1177 3417 1310 3494 ἦχον
1341 3423 1434 3476 τὸν
1484 3423 1704 3494 δυνάμει

2031 3424 2082 3494 gi
2114 3439 2286 3479 sonus
2316 3424 2592 3494 vagituum
2622 3423 2797 3493 pueri,
2822 3439 2891 3478 ne
2923 3423 3160 3478 disceret
3189 3422 3458 3478 Saturnus
3547 3490 3553 3500 ι

186 3515 554 3569 ὑποκλέπτειν
583 3513 681 3568 καὶ
726 3513 1099 3586 παρακρούειν
1123 3513 1214 3567 τὸν
1252 3517 1316 3568 ὲκ
1366 3514 1462 3568 τοῦ
1498 3514 1709 3586 κλαυθμ

1931 3515 1974 3570 bi
1999 3515 2200 3570 latebat
2223 3531 2376 3586 puer,
2403 3523 2621 3584 caperet
2642 3531 2765 3570 eum
2796 3523 2850 3570 et
2889 3515 3154 3571 hauriret.
3173 3515 3329 3572 Nunc
3359 3517 3454 3587 igi~

183 3607 282 3661 τοῦ
302 3606 519 3660 παιδίου
542 3601 696 3677 ἦχον,
722 3607 809 3659 ἵνα
837 3605 910 3677 μὴ
930 3605 1112 3677 μαθὼν
1136 3607 1165 3658 ὁ
1185 3607 1392 3678 Κρόνος
1416 3605 1519 3660 ποῦ
1540 3606 1706 3677 κρύπσι

1930 3622 1976 3658 ιι·
2011 3614 2216 3676 patrem
2247 3621 2444 3676 pueros
2465 3604 2825 3659 detestantem
2848 3604 2984 3657 dicit
3022 3603 3341 3668 Saturnum,
3381 3605 3453 3658 in-

184 3715 276 3753 ται
299 3697 363 3750 τὸ
389 3697 620 3760 παιδίον,
648 3695 808 3750 τοῦτο
832 3697 1012 3751 λαϐὼν
1038 3697 1300 3770 καταπίῃ.
1315 3697 1427 3750 Νῦν
1446 3693 1539 3751 οὗν
1569 3698 1707 3752 πατέ

1935 3705 2195 3766 memque
2252 3696 2645 3766 gemebundum
2694 3695 2900 3751 Jovem.
2933 3698 3162 3753 Curetas
3203 3697 3335 3751 dicit
3367 3711 3458 3752 cos

189 3789 292 3857 μὲν
327 3787 644 3857 μισότεκνον
659 3786 808 3855 λέγει
834 3786 926 3839 τὸν
953 3787 1180 3858 Κρόνον,
1198 3786 1408 3840 παιδίον
1431 3787 1490 3840 δὲ
1507 3787 1673 3842 κλαυθ
1681 3807 1712 3860 μ

1935 3805 2008 3843 tm
2050 3787 2378 3859 Corybantis
2411 3788 2691 3844 ordinatos
2722 3803 2752 3841 a
2787 3786 2939 3842 Rhea
2998 3787 3066 3842 ad
3117 3787 3458 3856 saltandum;

187 3881 342 3952 ρίζον
366 3880 458 3934 τὸν
486 3880 585 3933 Δία
607 3897 620 3910 ·
642 3881 768 3942 τοὺς
794 3879 1083 3950 Κουρῆτας
1105 3879 1162 3932 δὲ
1185 3878 1333 3945 λέγει
1354 3881 1480 3944 τοὺς
1511 3881 1649 3951 μετὰ
1672 3899 1710 3934 τι

1935 3893 2160 3932 emones
2188 3892 2318 3931 vero
2347 3885 2477 3932 sunt
2510 3877 2600 3932 isti
2641 3877 2985 3947 Corybanta.
3039 3877 3321 3932 Armatam
3353 3879 3458 3934 sal-

184 3971 560 4042 Κορυϐάντων
599 3970 900 4041 ταχθέντας
945 3969 1098 4041 παρὰ
1145 3971 1244 4041 τῆς
1287 3970 1442 4034 Ῥέας
1480 3971 1707 4041 ὀρχεῖσθε

1936 3971 2144 4025 tionem
2170 3969 2306 4024 dicit
2325 3968 2717 4039 pyrrhichium:
2749 3984 2944 4024 sonum
2991 3970 3136 4025 enim
3170 3969 3459 4040 quemdam

185 4061 442 4132 δαίμονες
475 4061 534 4113 δὲ
560 4055 706 4114 οὗτοι
735 4063 784 4114 oi
834 4059 1182 4131 Κορύϐαντες
1201 4075 1216 4089 ·
1246 4060 1494 4114 ἐνόπλιον
1525 4061 1582 4114 δὲ
1614 4062 1708 4133 ὅρχ

1936 4083 1940 4114 ι
1973 4060 2177 4131 clypeis
2208 4059 2480 4114 faciebant
2527 4060 2627 4124 illi,
2679 4067 2736 4114 ut
2783 4060 3198 4116 dominarentur
3228 4063 3459 4133 gemitus

187 4169 273 4208 σιν
306 4152 460 4221 λέγει
491 4152 591 4224 τὴν
641 4153 930 4223 πυρρίχιον
959 4168 973 4182 ·
1006 4150 1212 4205 κτύπον
1251 4152 1360 4222 γάρ
1388 4169 1510 4204 τινα
1555 4152 1612 4204 ἐν
1662 4169 1710 4206 τι

1941 4155 2124 4209 rantis.
2166 4152 2508 4208 Cretensium
2554 4168 2709 4224 reges
2736 4153 2890 4217 dicit,
2915 4155 3042 4223 quia
3060 4155 3295 4226 theologi
3321 4156 3458 4212 Grae-

185 4245 416 4298 ἀσπίσιν
459 4245 676 4297 ἐποίουν
720 4238 909 4308 οὗτοι,
956 4242 1093 4315 πρὸς
1133 4242 1196 4295 τὸ
1246 4243 1637 4314 ὑπερηχεῖσθαι
1689 4262 1708 4297 1

1934 4261 2068 4300 trum
2113 4245 2244 4301 deos
2291 4242 2464 4300 factos
2495 4244 2662 4300 fuisse
2705 4243 2894 4298 dicunt
2935 4243 3233 4298 Saturnum
3277 4253 3332 4300 et
3369 4243 3457 4301 Jo-

186 4334 471 4404 κλαυθμὸν
498 4333 593 4386 τοῦ
635 4333 872 4386 παιδίου.
901 4331 1137 4402 Κρητῶν
1170 4331 1228 4384 δὲ
1270 4330 1566 4402 τυράννους
1605 4327 1709 4384 εἷπε

1935 4352 2021 4391 :m.
2069 4334 2196 4390 llaec
2237 4341 2323 4390 est
2377 4332 2605 4388 historia
2633 4331 2962 4397 communis,
3004 4345 3166 4400 quam
3213 4329 3458 4400 sequitur

184 4429 272 4481 ὃτι
293 4428 345 4479 οἱ
380 4425 481 4497 μὲν
515 4425 753 4494 θεολόγοι
785 4423 896 4477 τῶν
931 4423 1198 4493 Ἑλλήνων
1232 4421 1351 4476 θεὸν
1377 4421 1598 4490 λέγουσι
1624 4439 1707 4490 γει

1937 4442 2038 4480 vus
2069 4422 2369 4494 Gregorius
2399 4421 2610 4483 dicens,
2637 4417 2825 4473 Jovem
2871 4418 3036 4472 istum
3071 4430 3253 4486 regem
3289 4414 3459 4471 fuisse

187 4518 317 4572 σθαι
342 4517 434 4571 τὸν
462 4517 670 4588 Κρόνον
699 4517 795 4570 καὶ
841 4517 930 4568 τὸν
967 4516 1065 4568 Δία
1084 4530 1097 4542 ·
1131 4515 1164 4584 ἡ
1202 4513 1260 4567 δὲ
1289 4514 1498 4585 ἱστορία
1527 4515 1561 4585 ὴ
1590 4513 1710 4584 δημι

1933 4514 2247 4577 retensium,
2271 4521 2326 4567 et
2345 4511 2591 4566 volentes
2619 4525 2742 4564 eum
2779 4507 2961 4562 colere
3012 4505 3268 4575 subjecti,
3292 4502 3456 4559 ﬁnxe-

184 4612 304 4682 δης,
404 4611 500 4663 καὶ
546 4609 752 4663 τίθεται
785 4611 813 4662 ὁ
853 4607 993 4670 θεῖος
1049 4607 1349 4678 Γρηγόριος
1396 4606 1570 4674 λέγων
1591 4647 1607 4673 ,
1635 4606 1707 4659 ὅτι

1936 4614 2012 4662 int
2035 4621 2159 4661 eum
2199 4620 2230 4659 e
2263 4603 2503 4658 Saturno
2525 4604 2627 4656 deo
2646 4610 2698 4655 et
2717 4599 2865 4654 Rhea
2884 4606 3065 4652 ortum
3091 4597 3312 4659 habere,
3333 4609 3459 4650 cum

186 4709 324 4772 Ζεὺς
345 4701 503 4770 οὗτος
527 4707 788 4778 τύραννος
825 4703 892 4777 ἦν
925 4703 1180 4778 Κρητῶν,
1210 4705 1304 4758 καὶ
1339 4704 1584 4768 θέλοντες
1613 4704 1709 4758 αὐτ

1934 4715 2046 4755 )mo
2065 4707 2231 4754 esset.
2249 4697 2373 4752 Ideo
2395 4695 2564 4760 addit,
2585 4692 2846 4760 Quamvis
2863 4691 3036 4747 Graeci
3059 4689 3457 4756 eontradicant;

182 4798 514 4870 θεραπεύειν
557 4799 606 4851 οἱ
649 4799 880 4863 ὑπήκοοι
901 4838 914 4861 ,
944 4796 1326 4868 ἐμυθολόγουν,
1353 4796 1428 4860 ὡς
1467 4798 1532 4850 ὲκ
1563 4795 1705 4868 Κρόν

1935 4792 2056 4848 raeci
2079 4793 2225 4847 enim
2255 4805 2362 4845 non
2400 4788 2589 4844 volunt
2604 4802 2727 4841 eum
2757 4801 2882 4841 esse
2899 4784 3174 4839 hominem
3196 4788 3251 4837 et
3277 4795 3458 4851 regem

184 4888 312 4942 θεοῦ
336 4889 433 4942 καὶ
481 4888 640 4952 Ῥέας
673 4888 786 4958 ἔχει
811 4888 908 4959 τὴν
935 4887 1168 4956 γένεσιν,
1203 4887 1324 4941 ἐπεὶ
1346 4887 1633 4960 ἄνθρωπος

1064 4905 1168 4953 σιν,
1203 4887 1324 4941 ἐπεὶ
1346 4887 1633 4960 ἄνθρωπος
1668 4879 1735 4956 ἦν
1759 4903 1774 4918 ·
1807 4880 1856 4939 D
1879 4884 2246 4945 Cretensium,
2273 4881 2368 4938 sed
2398 4882 2581 4935 deum.

183 4981 268 5035 διδ
309 4981 406 5034 καὶ¹
450 4981 754 5048 ἐπήγαγεν,
792 4977 894 5032 κᾶν
928 4978 1188 5051 ’Έλληνες
1217 4979 1670 5051 ἀπαρέσκωνται·
1703 4981 1754 5032 oi
1793 4976 1902 5050 γὰρ
1930 4975 2195 5046 Ἕλληνες
2237 4975 2298 5028 ού
2353 4973 2597 5026 θέλουσιν
2626 4971 2790 5025 αὐτὸν
2819 4965 2961 5024 εἶναι
3025 4967 3314 5039 ἄνθρωπον
3362 4966 3458 5020 καὶ

184 5077 451 5150 τύραννον
475 5075 731 5146 Κρητῶν,
755 5073 895 5128 ἀλλὰ
922 5073 1064 5127 θεόν.

439 5191 504 5262 β’.
537 5192 677 5261 Περὶ
713 5191 824 5259 τῆς
851 5191 1269 5260 ἀρπιισθείσης
1309 5193 1526 5261 Κόρης.

1455 5210 1526 5260 ις.
2341 5179 2397 5234 2.
2440 5180 2516 5234 De
2545 5189 2725 5248 erepta
2755 5179 2978 5248 virgine.

256 5297 524 5371 Δημήτηρ
550 5293 671 5358 θεὸς
708 5290 841 5348 οὖσα
869 5295 1042 5348 τίκτει
1077 5295 1350 5368 θυγατέρα
1378 5294 1596 5349 ἀπὸτοῦ
1628 5295 1770 5358 Διὸς,

1951 5293 2136 5354 Ceres,
2171 5291 2271 5347 dea
2309 5304 2434 5345 cum
2475 5295 2645 5350 esset,
2669 5284 2842 5354 gignit
2876 5282 3040 5336 tiliam
3060 5296 3090 5335 a
3118 5279 3271 5344 Jove,
3293 5291 3455 5348 quam

189 5369 374 5460 ἡντινα
397 5387 624 5440 ἐκάλουν
656 5387 750 5440 καὶ
776 5387 986 5459 Κόρην,
1019 5388 1114 5440 καὶ
1153 5388 1520 5459 Περσεφόνην.
1551 5385 1712 5440 Ταύτπ

1935 5384 2154 5439 icabant
2203 5382 2385 5438 Coren
2451 5386 2508 5434 et
2568 5376 2974 5445 Persephonen.
3039 5373 3192 5426 Illam
3255 5369 3458 5424 amavit

191 5458 405 5554 ηράσθη
432 5483 460 5534 ὁ
492 5479 744 5533 Πλούτων
773 5497 786 5510 ο
818 5458 910 5532 καὶ
933 5480 1151 5551 ἥρπασε
1179 5458 1272 5534 καὶ
1307 5480 1573 5552 κατῆλθεν
1606 5482 1664 5534 ὲν
1696 5498 1714 5532 1

1934 5475 2067 5538 luto,
2100 5483 2155 5529 et
2205 5471 2430 5528 sustulit
2463 5479 2518 5524 et
2567 5465 2856 5522 descendit
2908 5463 2963 5518 in
3011 5461 3237 5518 inferos.
3285 5458 3457 5515 Ceres

351 5571 412 5622 Ἡ
460 5564 552 5622 οὖν
597 5569 863 5641 Δημήτηρ
907 5570 1122 5640 περιῄει
1153 5569 1389 5640 ζητοῦσα
1423 5551 1522 5640 τὴν
1556 5569 1711 5639 Κόρη

1933 5567 2051 5629 ;ἰιυι·
2072 5562 2404 5622 circumibat
2433 5575 2686 5632 quzerens
2745 5557 3036 5628 virginem,
3067 5562 3124 5610 et
3185 5567 3309 5608 cum
3362 5551 3456 5606 diu

256 5709 335 5781 (9)
371 5707 563 5763 Oratio
585 5708 714 5762 olim
750 5715 804 5762 ct
833 5723 978 5762 nunc
1009 5706 1268 5770 XXXIX,
1339 5726 1392 5780 p.
1433 5707 1539 5762 677
1583 5723 1715 5764 nov.
1783 5707 1915 5763 edit.

508 5807 771 5863 PATBOL.
822 5805 941 5862 Gtt.
978 5804 1272 5866 XXXVI.
3055 5785 3131 5848 31‘
