3856 6220
432 209 574 266 1067

1789 207 2074 260 NONNUS
2107 207 2327 265 ABBAS

3557 218 3578 270 l
3593 215 3701 273 068

429 326 686 383 errasset,
711 329 856 373 venit
885 319 940 373 in
969 319 1226 374 Atticam.
1261 317 1570 376 Adveniens
1595 326 1796 385 autem,
1821 320 2001 374 locum

2109 327 2200 379 καὶ
2225 326 2394 382 πολλὰ
2425 327 2755 400 πλανηθεῖσα
2774 325 2938 402 ἦλθεν
2962 333 3019 385 ὲν
3047 335 3112 404 τῇ
3157 332 3395 404 Ἀττικῇ.
3430 333 3703 388 Ἑλθοῦσα

430 413 485 466 in
515 425 676 482 quem
707 419 933 466 venerat
960 411 1173 467 vocavit
1214 409 1502 476 Eleusina,
1527 425 1595 465 ex
1627 409 1793 465 verbo
1812 411 2009 482 ἐληλυ-

429 503 601 558 θέναι.
628 501 828 558 Didicit
856 517 986 559 vero
1005 519 1036 558 e
1063 502 1225 558 Celeo
1248 510 1302 556 et
1339 503 1696 573 Triptolemo,
1742 503 2007 575 virginem

430 605 643 667 raptam
699 594 871 652 fuisse
900 610 931 649 a
973 597 1203 650 Plutone
1254 603 1310 649 et
1339 609 1463 650 esse
1511 595 1567 650 in
1620 594 1840 651 inferis.
1871 595 2009 650 Cum

429 691 597 760 igitur
623 689 909 743 didicisset
939 687 1040 742 dea
1069 687 1197 749 ista,
1232 685 1392 740 finem
1422 686 1550 741 fecit
1603 687 1830 741 erroris.
1867 685 2009 741 Gra-

429 782 536 835 tias
571 794 739 850 agens
767 778 903 833 viris
920 792 1021 848 pro
1043 777 1315 832 beneﬁcio
1341 777 1458 840 illo,
1485 775 1635 832 dedit
1664 778 1744 832 eis
1774 777 2006 840 semina,

429 883 488 927 ut
528 871 880 934 frumentum,
941 867 1206 923 hordeum
1247 876 1301 922 et
1353 868 1540 934 olera;
1603 867 1803 923 dicitur
1861 867 2007 923 enim

430 965 646 1034 frugum
680 977 882 1032 praeses
914 976 1038 1016 esse
1085 960 1273 1015 Ceres.
1319 959 1456 1014 Cum
1507 959 1746 1015 dedisset
1776 959 2005 1024 semina,

427 1056 765 1112 deditetiam
803 1055 1072 1110 dracones
1102 1061 1156 1107 et
1183 1067 1385 1107 currus
1414 1053 1516 1107 alis
1543 1053 1863 1116 instructos,
1885 1051 2007 1105 ~cir—

428 1149 720 1206 cumeundi
772 1161 939 1202 causa
991 1154 1046 1201 et
1085 1143 1250 1198 dandi
1289 1144 1547 1199 omnibus
1582 1143 1914 1198 frumentum
1950 1151 2003 1197 et

430 1243 692 1298 hordeum
719 1259 734 1306 ;
757 1221 1011 1293 nondum
1041 1237 1186 1291 enim
1214 1235 1526 1291 didicerant
1571 1235 1821 1289 homines
1850 1249 2005 1287 man-

427 1338 629 1393 ducare
681 1347 897 1404 panem,
946 1336 1040 1382 aut
1082 1329 1162 1382 uti
1223 1328 1516 1391 frumento,
1570 1325 1662 1382 sed
1715 1323 2008 1379 nomadum

427 1425 592 1477 vitam
621 1421 852 1492 agebant
886 1436 898 1470 :
932 1432 1040 1471 non
1081 1415 1244 1470 modo
1304 1413 1661 1479 frumentum,
1697 1413 1788 1468 sed
1844 1412 2007 1466 etiam

428 1531 620 1572 omnes
663 1512 958 1570 scmiuales
1009 1510 1223 1563 fructus
1251 1506 1422 1568 dedit,
1447 1516 1502 1561 et
1538 1507 1798 1577 mysteria
1851 1505 2009 1560 insti-

427 1610 531 1663 tuit
561 1615 616 1662 et
641 1605 830 1661 docuit
864 1601 1138 1673 quomodo
1166 1608 1384 1670 oportet
1441 1599 1657 1653 initiare
1685 1605 1740 1653 et
1775 1597 2004 1652 initiari.

2110 416 2202 482 δὲ,
2229 417 2321 470 τὸν
2357 419 2454 488 μὲν
2487 419 2651 472 τόπον
2681 422 2737 472 ἐν
2843 415 3004 492 ἦλθεν
3030 460 3045 486 ,
3079 422 3340 476 ἐκάλεσεν
3373 422 3662 476 Ἐλευσῖνα

2113 509 2263 582 παρά
2290 510 2352 564 τὸ
2379 510 2713 582 ἐληλυθέναι.
2750 511 2960 584 Ἐμαθε
2981 513 3038 566 δὲ
3065 513 3219 586 παρά
3245 515 3341 566 τοῦ
3363 514 3571 568 Κελεοῦ
3602 516 3703 569 καὶ

2110 602 2204 656 τοῦ
2235 603 2733 674 Τριπτολέμου,ὃτι
2763 607 2797 677 ή
2834 605 2985 678 Κόρη
3007 607 3233 678 ἡρπάγη
3263 606 3368 660 ὑπὸ
3397 606 3491 660 τοῦ
3527 606 3702 660 Πλούο

2110 712 2298 760 τωνος,
2335 695 2430 750 καὶ
2454 696 2599 750 ἔστιν
2621 700 2680 751 ἐν
2707 696 2785 768 τῷ
2811 697 2932 768 ᾄδῃ.
2964 699 3224 752 Μαθοῦσα
3243 695 3337 753 οὖν
3360 701 3394 771 ή
3421 699 3544 762 θεὸς
3564 699 3705 752 ταῦ-

2110 805 2204 853 τα,
2231 788 2387 860 ἔληξε
2420 791 2517 860 τῆς
2568 789 2792 860 πλάνης.
2834 791 3196 864 Ἀμειϐομένη
3227 791 3285 844 δὲ
3325 793 3454 853 τοὺς
3493 791 3708 861 ἄνδρας

2113 881 2252 952 ὑπὲρ
2278 881 2379 951 τῆς
2407 881 2625 951 χάριτος
2654 881 2858 953 ταύτης
2877 925 2892 950 ,
2918 882 3150 936 δέδωκεν
3179 883 3363 945 αὐτοῖς
3403 881 3475 935 τά
3519 882 3703 953 σπέρ-

2113 990 2280 1044 ματα,
2306 968 2416 1026 οἷον
2451 976 2591 1026 σῖτον
2610 1013 2624 1038 ,
2651 974 2866 1045 κριθὴν,
2903 975 2998 1027 καὶ
3026 975 3254 1044 ὄσπριον
3281 991 3294 1004 ·
3335 973 3556 1041 λέγεται
3589 973 3707 1042 γὰρ

2109 1067 2215 1119 τῶν
2250 1067 2639 1138 σπερματικῶν
2677 1067 2906 1136 καρπῶν
2943 1063 3082 1122 εἶναι
3115 1067 3309 1140 ἔφορος
3340 1069 3373 1138 ή
3404 1069 3701 1138 Δημήτηρ.

2110 1158 2285 1213 Δοῦσα
2327 1159 2383 1211 δὲ
2429 1159 2497 1212 τὰ
2551 1160 2860 1231 σπέρματα,
2885 1161 3085 1214 δέδωκε
3134 1161 3230 1214 καὶ
3271 1161 3572 1232 δράκοντας
3601 1160 3708 1212 καὶ

2112 1255 2330 1324 ἅρματα
2368 1253 2621 1324 πτερωτὰ
2651 1253 2786 1324 πρὸς
2813 1253 2874 1306 τὸ
2897 1253 3200 1325 περιελθεῖν
3224 1253 3317 1306 καὶ
3342 1253 3523 1305 δοῦναι
3561 1253 3706 1304 πᾶσι

2110 1346 2201 1400 τὸν
2231 1350 2373 1400 σῖτον
2423 1349 2518 1401 καὶ
2557 1347 2654 1417 τὴν
2688 1346 2882 1418 κριθὴν
2903 1365 2916 1378 ·
2946 1346 3104 1400 οὔπω
3129 1347 3238 1417 γὰρ
3277 1346 3492 1416 ⁴ξξδεισαν
3523 1347 3576 1396 οἱ
3611 1345 3709 1398 ἀν-

2113 1440 2317 1511 θρωποι
2356 1440 2555 1493 ἐσθίειν
2591 1440 2776 1510 ἄρτον,
2808 1439 2840 1510 ἢ
2887 1439 3121 1511 χρῆσθαι
3159 1439 3291 1508 σίτῳ
3313 1478 3326 1498 ,
3359 1437 3493 1490 ἀλλά
3525 1454 3712 1505 νομα-

2110 1531 2256 1584 δικὸν
2298 1530 2412 1600 βίον
2458 1530 2594 1595 ἔζων
2619 1546 2632 1559 ·
2661 1530 2722 1583 ού
2775 1531 2932 1601 μόνον
2964 1531 3021 1584 δὲ
3071 1530 3159 1582 τὸν
3214 1533 3394 1592 σῖτον,
3433 1528 3570 1582 ἀλλὰ
3603 1528 3708 1580 καὶ

2113 1623 2320 1686 πάντας
2357 1623 2483 1686 τοὺς
2513 1624 2919 1694 σπερματικοὺς
2966 1623 3211 1692 καρποὺς
3231 1620 3428 1673 δέδωκε
3456 1637 3469 1649 ⁸
3503 1621 3598 1672 καὶ
3628 1618 3708 1670 τὰ

426 1701 601 1755 Noctu
662 1707 842 1753 autem
900 1695 1302 1766 peragebantur
1361 1692 1619 1763 mysteria
1673 1691 1730 1744 in
1789 1689 2004 1756 Eleusi;

2117 1683 2390 1785 μυστήρια
2421 1683 2670 1766 ἐτέλεσέν
2702 1683 2912 1777 αὐτοῖς,
2940 1683 3238 1777 καὶ-ἔδειξε
3273 1711 3390 1774 πῶς
3415 1711 3494 1764 δεῖ
3522 1709 3709 1762 τελεῖν

426 1794 686 1864 templum
727 1790 874 1846 enim
910 1788 1000 1841 hic
1033 1787 1343 1842 dedicatum
1379 1785 1482 1838 fuit
1524 1785 1626 1854 ipsi
1655 1783 1858 1838 Cereri.
1912 1780 2006 1834 Di-

426 1891 502 1942 cit
524 1894 725 1948 autem,
755 1883 815 1934 Et
841 1882 958 1935 haec
991 1880 1119 1934 facit
1178 1887 1232 1933 et
1265 1879 1379 1932 lucc
1411 1876 1640 1946 patitur,
1676 1876 1803 1945 quia
1845 1873 2010 1929 Ceres

430 1975 563 2030 felix
593 1973 696 2026 fuit
732 1968 997 2025 discendo
1034 1967 1168 2021 filia:
1198 1965 1445 2031 (sortem)
1476 1975 1529 2018 et
1565 1964 1724 2018 ﬁnem
1770 1963 1901 2018 fecit
1928 1977 2009 2018 er-

426 2069 594 2132 roris,
643 2073 698 2119 et
723 2063 852 2132 quia
897 2075 960 2115 ea
1011 2057 1332 2115 beneficium
1369 2058 1552 2110 intulit
1601 2057 1704 2118 eis,
1744 2055 1882 2109 dans
1927 2069 2012 2110 se-

428 2159 621 2222 mina,
691 2165 746 2210 et
809 2163 1054 2209 statuens
1134 2151 1409 2220 mysteria.
1491 2148 1754 2219 Cognovit
1830 2154 2013 2201 autem

427 2249 644 2304 Eleusis
669 2247 806 2308 haec,
841 2244 909 2298 dc
954 2257 1093 2314 pago
1124 2242 1280 2303 dicit,
1325 2242 1380 2294 in
1407 2255 1568 2310 quem
1597 2254 1720 2294 cum
1769 2239 2012 2293 venisset

426 2340 616 2403 Ceres,
663 2337 900 2391 faciebat
949 2333 1228 2404 mysteria.
1260 2331 1402 2386 Dicit
1435 2339 1638 2395 autem,
1678 2329 1917 2385 Silendis
1957 2337 2012 2384 et

427 2433 648 2489 silentio
669 2429 870 2499 dignis,
900 2433 1126 2496 propter
1165 2426 1336 2495 legem
1397 2413 1677 2494 jubentefii
1736 2423 2008 2478 neminem

427 2526 770 2583 initiatorum
814 2520 1076 2594 mysteria
1104 2519 1406 2588 divulgare,
1433 2517 1530 2573 sed
1574 2517 1758 2580 silere,
1785 2523 1838 2570 et
1883 2530 2007 2570 cum

425 2619 673 2693 profanis
707 2630 818 2671 non
853 2613 1283 2670 communicare.

2113 1807 2208 1860 καὶ
2260 1805 2548 1859 τελεῖσθαι.
2596 1805 2828 1874 Νύκτωρ
2873 1805 2929 1858 δέ
2975 1804 3249 1876 ἐγίνετοή
3292 1803 3484 1874 τελετὴ
3529 1805 3590 1857 ἐν
3629 1806 3714 1874 τῇ

2126 1899 2388 1952 Ἐλευσῖνι
2412 1916 2425 1930 '
2464 1899 2606 1970 ἱερὸν
2636 1898 2745 1972 γὰρ
2772 1898 2994 1968 ἐκτίσθη
3038 1901 3214 1951 ἐκεῖσε
3258 1897 3424 1966 αὐτῆς
3462 1899 3561 1967 τῆς
3591 1899 3708 1966 Δή-

2117 2005 2342 2059 μητρος.
2371 1983 2505 2040 Εῐπε
2529 1987 2605 2052 δὲ,
2634 1988 2744 2040 Καὶ
2770 1988 2838 2040 τὰ
2873 1987 2970 2058 μὲν
3002 1991 3163 2050 ποιεῖ,
3184 1987 3250 2040 τά
3279 1987 3334 2040 δὲ
3363 1986 3585 2057 πάσχει,
3609 1986 3710 2039 διὰ

2113 2079 2174 2130 τὸ
2214 2081 2306 2130 καὶ
2335 2077 2432 2148 τὴν
2462 2080 2756 2150 Δήμητραν
2791 2077 2984 2130 παθεῖν
3013 2074 3071 2131 εὖ
3109 2080 3166 2131 ἐν
3204 2077 3282 2146 τῷ
3311 2077 3538 2131 ἀκοῦσαι
3568 2076 3715 2147 περὶ

2117 2171 2212 2242 τῆς
2247 2171 2512 2242 θυγατρὸς
2545 2168 2701 2239 λῆξαι
2730 2171 2827 2240 τῆς
2859 2169 3087 2241 πλάνης,
3111 2172 3204 2224 καὶ
3227 2170 3430 2241 ταύτην
3451 2170 3507 2223 δὲ
3539 2171 3706 2240 mei;-

2119 2280 2207 2315 σαι
2239 2261 2297 2315 εὖ
2317 2264 2559 2324 τούτους,
2587 2262 2753 2314 δοῦσα
2784 2263 2853 2314 τὰ
2888 2262 3199 2334 σπέρματα,
3228 2264 3321 2315 καὶ
3341 2262 3614 2315 τελέσασα
3633 2262 3718 2314 τὰ

2119 2357 2411 2428 μυστήρια.
2433 2355 2506 2406 Τὸ
2531 2355 2606 2416 δὲ,
2637 2351 2788 2408 Οἶδεν
2818 2355 3058 2418 Ἐλευσὶς
3088 2353 3278 2418 ταῦτα,
3304 2354 3432 2425 περὶ
3458 2357 3566 2424 τῆς
3589 2355 3709 2407 κὼ-

2118 2463 2226 2517 μης
2255 2445 2422 2514 λέγει,
2460 2446 2515 2496 ἐν
2553 2437 2840 2516 ᾗέλθούσα
2890 2446 2924 2514 ή
2952 2445 3219 2515 Δημήτηρ
3265 2445 3436 2497 ἐποίει
3484 2443 3555 2496 τᾶ
3602 2464 3707 2516 μυ-

2117 2539 2330 2606 στήρια.
2353 2532 2485 2586 Εἷπε
2500 2534 2575 2595 δὲ,
2591 2533 2710 2586 Τῶν
2740 2551 2978 2605 σεσιωπη
2988 2533 3164 2604 μένων
3193 2535 3284 2586 καὶ
3305 2535 3510 2603 σιωπῆς
3529 2535 3708 2589 όντων

2104 2625 2293 2691 ἀξίων,
2322 2625 2408 2678 διὰ
2437 2625 2498 2677 τὸ
2529 2625 2694 2696 νόμον
2732 2620 2871 2677 εἶναι
2901 2625 2991 2676 τὸν
3027 2624 3318 2678 κελεύοντα
3353 2627 3560 2696 μηδένα
3592 2627 3708 2680 τῶν

423 2732 784 2789 τελεσθέντων
819 2728 888 2782 τὰ
927 2727 1203 2799 μυστήρια
1249 2722 1594 2797 δημοσιεύειν
1635 2721 1734 2793 τὴν
1763 2721 2007 2790 τελετὴν,
2046 2719 2183 2774 ἀλλά
2237 2720 2414 2789 σιωπῇ
2471 2716 2743 2786 κατέχειν,
2809 2717 2904 2768 καὶ
2937 2715 3011 2786 μή
3064 2717 3318 2788 ἐκφέρειν
3369 2718 3506 2786 πρὸς
3573 2717 3706 2778 τοὺς

425 2831 724 2903 ἀμυήτους.

530 2941 586 2995 5.
612 2937 689 2990 De
718 2935 914 3006 {entore
952 2929 1280 3001 parturiente
1315 2927 1676 2999 imperfectum
1705 2927 1894 2996 fetum.

2173 2928 2242 2990 γ’.
2286 2917 2421 2987 Περὶ
2448 2915 2554 2970 τοῦ
2591 2912 2914 2980 ὠδίνοντος
2943 2914 3139 2983 μηροῦ
3166 2915 3380 2981 ἀτελὲς
3411 2916 3633 2985 κύημα.

495 3052 708 3112 Semele
740 3051 849 3104 ﬁlia
889 3048 992 3102 fuit
1031 3047 1222 3101 Cadmi
1275 3043 1586 3098 Thebarum
1630 3044 1791 3112 regis.
1849 3041 2000 3096 lllam

2174 3032 2407 3104 Σεμέλη,
2440 3029 2689 3100 θυγάτηρ
2713 3028 2905 3096 γέγονε
2932 3028 3158 3099 Κάδμου
3192 3025 3287 3080 τοῦ
3317 3027 3511 3097 Θηϐῶν
3538 3027 3703 3097 βαστ-

426 3163 550 3204 cum
581 3143 876 3199 amavisset
914 3139 1144 3209 Jupiter,
1181 3152 1302 3192 sese
1325 3137 1543 3191 miscuit
1566 3135 1636 3201 ei,
1656 3134 1800 3205 quod
1829 3135 1884 3188 in
1917 3135 2002 3187 in-

432 3238 640 3293 vidiam
663 3243 716 3289 et
736 3232 922 3290 odium
953 3229 1122 3284 movit
1149 3226 1418 3282 Junonem
1452 3240 1676 3280 uxorem
1707 3239 1881 3278 suam.
1912 3223 2000 3277 ln-

424 3328 551 3382 vida
591 3324 757 3395 igitur
808 3320 952 3375 Juno
1007 3318 1276 3373 Semelem
1321 3315 1435 3370 adit
1466 3325 1521 3371 et
1556 3315 1690 3369 dicit
1743 3313 1791 3368 ei
1828 3332 1841 3368 :
1895 3311 2002 3368 Re-

423 3431 554 3472 vera
572 3413 716 3484 (ille).
751 3411 888 3465 fallit
941 3417 1020 3477 te;
1056 3423 1164 3462 non
1193 3409 1338 3463 enim
1362 3405 1576 3477 Jupiter
1622 3413 1706 3460 est
1742 3405 1834 3474 qui
1880 3418 2002 3459 sese

424 3507 608 3579 jungit
641 3514 857 3569 tecum;
890 3501 956 3555 ad
988 3515 1075 3554 me
1127 3499 1294 3561 enim,
1324 3499 1420 3562 ait,
1444 3511 1568 3553 cum
1598 3497 1788 3559 intrat,
1826 3495 2003 3565 fulgu-

427 3600 583 3654 ribus
646 3606 699 3651 et
758 3592 1073 3649 tonitrubus
1124 3597 1396 3645 coruscat.
1445 3590 1501 3642 Si
1540 3588 1703 3658 igitur
1747 3588 1896 3642 venit
1933 3587 2001 3640 ad

425 3698 481 3743 te
543 3685 782 3756 Jupiter,
822 3683 911 3738 dic
961 3681 1041 3734 illi
1093 3687 1154 3734 ut
1211 3678 1486 3749 quomodo
1534 3675 1804 3732 lunonem
1865 3676 1998 3742 adit,

438 3781 533 3835 sio
571 3788 625 3834 te
691 3776 869 3832 adeat.
903 3774 968 3827 Et
1003 3772 1055 3828 si.
1085 3773 1344 3826 miscetur
1388 3771 1486 3825 tibi
1522 3785 1646 3823 cum
1693 3768 1999 3839 fulguribus

431 3882 486 3927 et
513 3869 848 3931 tonitrubos,
898 3880 1096 3921 revera
1135 3850 1348 3933 Jupiter
1378 3861 1476 3916 tibi
1498 3862 1780 3916 miscetur.
1816 3859 1876 3914 Si
1903 3876 2002 3913 au-

435 3973 546 4019 tem
583 3963 739 4018 aliter
772 3972 1102 4028 quocunque
1133 3956 1316 4020 modo,
1348 3971 1460 4010 non
1489 3963 1574 4010 est
1601 3953 1832 4024 Jupiter.
1865 3954 1998 4008 Cum

437 4057 554 4110 haec
587 4051 936 4123 praedixisset
963 4047 1128 4110 Juno,
1181 4055 1235 4102 et
1267 4046 1418 4100 venit
1450 4043 1664 4113 Jupiter
1711 4043 1780 4097 ad
1823 4041 2003 4098 Seme-

417 4148 558 4210 lem,
577 4153 800 4212 rogatus
823 4149 908 4194 est
925 4138 994 4192 ab
1014 4152 1078 4192 ea
1106 4145 1166 4191 ut
1195 4135 1516 4190 misceretur
1533 4133 1584 4187 ei
1613 4132 1756 4188 sicut
1771 4130 1997 4186 Junoni.

428 4234 635 4291 Deinde
660 4249 785 4288 cum
817 4232 909 4286 ille
957 4245 1079 4285 sese
1100 4229 1378 4298 iunxisset
1414 4226 1464 4280 ei
1497 4240 1628 4279 cum
1660 4223 1998 4286 fulminibus,

428 4346 539 4386 non
570 4329 694 4383 tulit
729 4324 940 4380 Semele
969 4323 1283 4385 fulmina,et
1297 4318 1452 4372 obiit.
1471 4315 1681 4386 Jupiter
1705 4317 1869 4385 igitur
1892 4317 2002 4369 cito

2107 3125 2264 3189 λέως.
2303 3121 2518 3192 Ταύτης
2554 3119 2804 3192 ἐρασθεὶς
2831 3121 2860 3171 6
2883 3119 3037 3183 Ζεὺς,
3062 3119 3377 3186 συνεγένετο
3408 3119 3568 3188 αὐτῇ,
3604 3121 3704 3173 καὶ

2107 3218 2188 3279 εἰς
2241 3215 2402 3284 ζῆλον
2446 3212 2541 3265 καὶ
2589 3209 2781 3278 φθόνον
2825 3209 3078 3279 ἐκίνησεν
3101 3209 3279 3280 Ἥραν
3331 3207 3429 3278 τὴν
3462 3213 3702 3278 γυναῖκα

2107 3307 2295 3360 αὐτοῦ.
2329 3304 2761 3374 Ζηλοτυπήσασα
2809 3297 2902 3355 οὖν
2931 3303 2965 3372 ἡ
2993 3301 3144 3372 Ἥρα
3169 3343 3182 3364 ,
3215 3301 3511 3372 ἀπέρχεται
3558 3305 3701 3374 πρὸς

2105 3397 2206 3468 τήν
2231 3396 2472 3466 Σεμέλην
2503 3394 2597 3446 καὶ
2629 3392 2774 3460 λέγει
2807 3391 2977 3461 αὐτῇ,
3024 3392 3105 3444 ὅτι
3136 3392 3343 3455 Ὄντως
3374 3395 3558 3464 ἀπατᾷ
3602 3403 3700 3446 σε’

2106 3488 2227 3542 οὐδὲ
2258 3488 2367 3559 γὰρ
2396 3490 2424 3540 6
2457 3485 2590 3548 Ζεύς
2622 3486 2816 3537 ἐστινό
2839 3483 3235 3553 συγγενόμενός
3258 3501 3372 3536 σοι·
3411 3486 3535 3555 ἐμοὶ
3560 3486 3697 3555 γὰρ,

2108 3581 2292 3650 φησὶν,
2324 3579 2412 3631 ὅτε
2458 3576 2791 3644 συγγίνεται,
2826 3575 2963 3645 μετά
3007 3576 3307 3646 ἀστραπῶν
3333 3576 3424 3628 καὶ
3456 3576 3700 3646 βροντῶν

2109 3672 2436 3740 συγγίνεται.
2477 3669 2601 3721 Ἐὰν
2639 3662 2731 3720 οὖν
2769 3666 2898 3738 ἔλθῃ
2933 3667 3068 3738 πρὸς
3098 3667 3158 3718 σὲ
3186 3669 3214 3720 6
3251 3669 3405 3730 Ζεὺς,
3436 3669 3558 3720 εἰπὲ
3592 3670 3697 3722 αὖε

2105 3762 2184 3833 τῷ
2219 3779 2233 3793 ·
2283 3763 2370 3824 Ὡς
2405 3760 2640 3831 συγγίνη
2668 3761 2736 3829 τῇ
2772 3758 2944 3829 Ἤρᾳ,
2973 3757 3116 3810 οὕτω
3167 3759 3391 3811 σύνελθέ
3425 3777 3536 3829 μοι.
3581 3760 3698 3815 Καὶ

2106 3858 2154 3909 εί
2191 3855 2288 3926 μὲν
2309 3851 2634 3923 συγγένηταί
2665 3868 2746 3904 σοι
2778 3850 2918 3920 μετά
2942 3850 3237 3921 ἀστραπῶν
3267 3853 3362 3902 καὶ
3385 3852 3695 3921 κεραυνῶν,

2105 3947 2183 4017 τῷ
2213 3947 2326 4000 δντι
2353 3949 2382 3998 6
2407 3943 2542 4007 Ζεύς
2570 3959 2651 3995 σοι
2681 3942 3017 4011 συγγίνεται.
3051 3943 3114 3994 El
3142 3941 3200 3994 δέ
3227 3942 3400 4005 ἄλλως
3423 3960 3560 4006 πως,
3590 3945 3696 3996 οὐκ

2105 4041 2254 4092 ἔστιν
2287 4039 2315 4090 6
2343 4035 2500 4100 Ζεύς.
2530 4034 2717 4089 Ταῦτα
2745 4034 3090 4104 ὑποθεμένης
3133 4035 3232 4105 τῆς
3267 4036 3466 4106 Ἥρας,
3504 4036 3696 4090 ἐλθόν-

2105 4149 2196 4194 τος
2231 4129 2325 4184 τοῦ
2371 4129 2493 4192 Διὸς
2527 4129 2664 4200 πρὸς
2705 4127 2804 4199 τὴν
2835 4127 3108 4198 Σεμέλην,
3142 4127 3323 4198 ᾐτήθη,
3361 4128 3490 4198 παρ’
3519 4130 3696 4201 αὐτῆς

2109 4223 2465 4292 συγγενέσθαι
2502 4223 2641 4292 αὐτῇ
2683 4221 2758 4284 ὼς
2802 4223 2868 4291 τῇ
2906 4221 3074 4291 ’Ἥρᾳη
3112 4216 3246 4272 Εἶτα
3297 4222 3695 4292 συγγινομένου

2111 4315 2251 4387 μετὰ
2306 4312 2583 4384 κεραυνῶν
2609 4352 2624 4377 ,
2662 4312 2736 4382 μὴ
2770 4312 3068 4380 ἐνεγκοῦσα
3100 4313 3134 4381 ὴ
3181 4311 3387 4382 Σεμέλη
3438 4313 3566 4377 τοὺς
3601 4331 3693 4367 κε-

427 4423 599 4478 fetum
635 4420 728 4489 qui
757 4425 874 4472 erat
898 4417 953 4470 in
989 4413 1200 4468 Semele
1231 4411 1396 4480 cepit,
1419 4409 1601 4479 posuit
1629 4408 1684 4461 in
1731 4422 1889 4462 suum
1921 4406 2000 4461 fe-

2109 4408 2358 4480 ραυνοὺς,
2396 4406 2686 4459 ἀπέθανεν.
2735 4404 2793 4458 '0
2824 4401 2916 4458 οὖν
2949 4405 3086 4467 Ζεὺς
3115 4404 3309 4458 θᾶττον
3344 4405 3406 4458 τὸ
3451 4405 3697 4478 ἔμϐρυον

428 4526 552 4566 mur
587 4517 642 4563 et
698 4507 829 4569 suit,
872 4508 1044 4560 donec
1077 4503 1486 4571 complerentur
1522 4515 1715 4553 novem
1762 4513 1997 4552 menses.

427 4601 561 4656 Erat
583 4612 712 4654 vero
735 4597 826 4651 ille
867 4593 1115 4649 Bacchus
1147 4613 1158 4646 :
1185 4590 1564 4660 imperfectum
1608 4595 1787 4640 autem
1831 4584 2002 4639 fetum

427 4693 582 4756 dicit,
618 4691 745 4761 quia
777 4687 955 4742 femur
978 4701 1103 4741 eum
1132 4685 1319 4753 genuit
1339 4680 1508 4736 Jovis.
1542 4679 1709 4734 Deum
1745 4679 2004 4748 androgy-

427 4800 556 4837 num
599 4789 759 4836 vocat
789 4778 1083 4840 Bacchum,
1121 4783 1180 4829 ut
1207 4773 1534 4843 quandoque
1578 4770 1791 4826 feminte
1819 4780 2003 4840 partes

428 4879 698 4945 agentem,
717 4869 770 4925 id
791 4877 874 4924 est
896 4868 1084 4921 eadem
1103 4880 1264 4934 quam
1296 4864 1560 4918 mulieres
1578 4863 1892 4931 patientem,
1912 4861 2005 4913 ali-

425 4960 646 5033 quando
675 4973 806 5015 vero
834 4958 936 5012 viri
981 4965 1165 5025 partes
1193 4962 1462 5023 agentem,
1509 4952 1564 5004 id
1613 4959 1697 5005 est
1751 4966 1815 5004 ea
1855 4951 2002 5004 viro-

424 5067 546 5106 rum
611 5050 921 5104 facientem.
973 5045 1214 5101 Chorum
1268 5051 1448 5097 autem
1530 5041 1809 5096 ebriosum
1870 5040 2002 5094 dicit

428 5144 654 5217 Satyros
689 5149 743 5197 et
777 5140 1017 5194 Bacchos
1051 5146 1106 5191 et
1140 5133 1388 5202 Silenos;
1421 5135 1696 5188 daemones
1725 5139 1853 5188 sunt
1909 5131 2000 5188 isti

424 5236 654 5289 comites
673 5242 726 5289 et
747 5231 883 5287 socii
907 5229 1123 5283 Bacchi.
1144 5225 1251 5282 Eos
1281 5233 1334 5280 et
1367 5225 1667 5280 exercitum
1687 5233 2001 5294 protervum

424 5328 730 5382 daemonum
750 5325 897 5380 dicit.
915 5321 1238 5376 Protervum
1259 5334 1382 5374 eum
1402 5325 1561 5373 vocat
1577 5327 1802 5388 propter
1820 5317 2001 5372 ebrie-

422 5424 608 5470 tatem.
628 5416 763 5469 Cum
780 5413 924 5468 enim
945 5411 1053 5464 vini
1074 5425 1273 5482 praeses
1305 5409 1375 5465 sit
1396 5407 1665 5470 Bacchus,
1697 5407 2003 5462 verisimili-

423 5516 506 5560 ter
535 5521 660 5561 cum
687 5521 754 5562 eo
783 5505 1057 5560 daemones
1080 5499 1598 5558 ebriosintroducit.
1632 5498 1770 5553 Illud
1800 5509 1998 5561 autem,

423 5589 806 5648 Thebanorum
823 5591 1095 5648 dementia
1109 5606 1234 5645 eum
1248 5591 1546 5656 honoraris,
1559 5589 1689 5659 quia
1707 5587 2002 5643 Thebanus

423 5693 542 5740 erat
560 5701 753 5753 genere
776 5684 1045 5756 Bacchus,
1061 5692 1200 5762 ulc:
1218 5681 1429 5744 Semele
1447 5689 1630 5746 natus.
1644 5679 1855 5755 Quippe
1868 5680 2007 5777 dixi-

2101 4499 2130 4552 ὃ
2151 4496 2218 4570 ἦν
2248 4502 2305 4551 ἐν
2332 4502 2395 4569 τῇ
2436 4497 2648 4570 Σεμέλῃ
2676 4495 2857 4549 λαϐὼν
2880 4536 2895 4560 ,
2932 4495 3123 4549 ἔϐαλεν
3154 4498 3233 4559 εἰς
3261 4496 3351 4549 τὸν
3388 4497 3566 4568 μηρὸν
3595 4501 3693 4551 καὶ

2103 4592 2360 4663 ἔρραψεν,
2391 4591 2496 4653 ἓως
2537 4585 2598 4643 οὗ
2627 4590 2855 4661 γένηται
2899 4588 3005 4641 τῶν
3048 4589 3204 4641 ἐννέα
3251 4588 3454 4658 μηνῶν.
3492 4585 3602 4642 τΗν
3635 4592 3695 4644 δὲ

2100 4677 2254 4746 οὗτος
2283 4685 2312 4735 6
2340 4684 2610 4744 Διόνυσος.
2656 4682 2868 4744 Ἀτελές
2904 4681 2961 4734 δὲ
2995 4681 3184 4756 κύημα
3213 4680 3381 4748 λέγει,
3414 4683 3495 4734 ὅτι
3535 4687 3563 4734 6
3587 4701 3697 4754 μη·-

2106 4775 2196 4846 ρὸς
2236 4774 2396 4827 αὐτὸν
2431 4773 2633 4843 ἐκύησε
2675 4772 2772 4825 τοῦ
2812 4772 2955 4835 Διός.
2985 4771 3120 4825 Θεὸν
3166 4773 3491 4844 ἀνδρόγυνον
3533 4775 3697 4827 καλεῖ

2101 4863 2191 4915 τὸν
2230 4862 2502 4926 Διόνυσον,
2537 4863 2612 4924 ὡς
2645 4861 2776 4914 ποτὲ
2812 4862 2909 4932 μὲν
2942 4861 3413 4933 γυναικιζόμενον,
3439 4865 3694 4918 τούτέσ-τι

2101 4953 2170 5008 τὰ
2197 4953 2306 5007 τῶν
2349 4953 2626 5022 γυναικῶν
2665 4953 2942 5023 πάσχοντα
2968 4971 2981 4983 ο
3009 4955 3139 5006 ποτὲ
3167 4955 3224 5007 δὲ
3265 4955 3655 5025 ἀνδριζόμενον
3675 4998 3690 5021 ,

2101 5045 2344 5100 τοὺτέστι
2385 5045 2456 5098 τὰ
2503 5044 2611 5098 τῶν
2649 5045 2858 5115 ἀνδρῶν
2903 5045 3250 5116 ἐνεργοῦντα.
3285 5044 3465 5117 Χορδν.
3489 5047 3548 5099 δὲ
3595 5066 3694 5118 μει-

2103 5137 2337 5191 θυόντων
2380 5137 2530 5205 λέγει
2570 5137 2697 5199 τοὺς
2730 5135 3005 5205 Σατύρους
3041 5137 3132 5189 καὶ
3174 5138 3301 5199 τοὺς
3323 5135 3567 5207 Βάκχους
3595 5141 3694 5192 καὶ

2101 5230 2227 5291 τοὺς
2254 5227 2538 5298 Σειληνούς
2557 5245 2570 5258 ο
2607 5227 2859 5298 δαίμονες
2891 5227 2947 5281 δὲ
2973 5220 3119 5280 οὗτοι
3149 5229 3335 5281 ὀπαδοὶ
3367 5231 3459 5282 καὶ
3489 5231 3693 5301 ὁμοκέ-

2103 5318 2280 5372 λευθοι
2323 5317 2416 5371 τοῦ
2457 5315 2735 5370 Διονύσου.
2773 5316 2978 5380 Αὐτοὺς
3021 5317 3079 5368 δὲ
3122 5317 3345 5380 τούτους
3377 5318 3564 5387 λέγει,
3591 5320 3693 5373 καὶ

2106 5409 2334 5480 στρατὸν
2388 5406 2609 5460 ἔκλυτον
2651 5408 2778 5469 τοὺς
2821 5407 3103 5478 δαίμονας.
3138 5407 3401 5461 Ἐκλυτον
3431 5409 3489 5462 δὲ
3523 5409 3691 5466 αὐτὸν

2104 5501 2276 5563 καλεῖ,
2306 5498 2391 5550 διὰ
2428 5498 2528 5568 τὴν
2567 5497 2760 5569 μέθην.
2801 5497 3019 5568 Ἐπειδὴ
3051 5497 3162 5568 γὰρ
3191 5497 3287 5552 τοῦ
3321 5499 3464 5552 οἴνου
3493 5499 3691 5572 ἔφορος

2102 5593 2131 5643 6
2157 5592 2425 5654 Διόνυσος,
2451 5589 2677 5650 εἰκότως
2709 5589 2836 5652 τοὺς
2890 5589 2987 5643 σὺν
3023 5590 3173 5660 αὐτῷ
3223 5591 3488 5660 δαίμονας
3520 5591 3689 5662 μεθυ-

2092 5683 2236 5777 ’στὰς
2267 5682 2487 5759 ,εἰσάγει
2518 5681 2698 5748 δντας.
2747 5681 2823 5737 Τὸ
2865 5680 2924 5736 δὲ
2948 5721 2962 5748 ,
2997 5681 3249 5754 Θηϐαίων
3295 5683 3465 5740 ἄνοια.
3496 5681 3696 5750 τοῦτον
