3856 6220
134 208 274 278 ωδε)

1151 214 1218 270 IN
1246 213 1651 272 ORATIONEM
1691 215 1762 271 IN
1802 214 2074 272 SANCTA
2113 215 2393 273 ιυιιιΝΑ.

3272 211 3416 276 me

134 336 365 406 τιμῶσα,
403 335 485 389 ὅτι
526 334 764 406 Θηϐαῖος
793 329 860 406 ἦν
892 333 955 387 τὸ
999 334 1158 404 γένος
1190 337 1219 388 ό
1253 334 1529 400 Διόνυσος,
1559 335 1635 399 ὡς
1666 337 1728 389 ὲκ

1849 351 1952 390 nus
1990 334 2261 392 Semelem
2305 336 2476 391 ﬁliam
2518 337 2691 394 fuisse
2729 337 2921 394 Cadmi
2968 337 3277 394 Thebarum
3332 343 3415 395 ru‘

132 429 228 500 τῆς
263 427 508 500 Σεμέλης
550 426 834 498 γεννηθείς
873 443 886 456 ·
924 426 1154 499 εἴπομεν
1206 426 1317 498 γὰρ
1342 466 1357 490 ,
1391 428 1474 481 ὅτι
1511 425 1722 497 Σεμέλη

132 511 377 592 θυγάτηρ
418 514 491 598 ἦν
519 520 743 590 Κάδμου
787 519 882 573 τοῦ
922 511 1116 592 Θηϐῶν
1169 506 1456 590 βασιλέως.
1503 518 1726 571 Ἀνοιαν

130 613 187 666 δὲ
239 612 425 678 καλῶς
455 606 578 667 εἷπε
629 613 919 685 Θηϐαίων,
957 611 1144 683 ἐπειδὴ
1178 611 1272 664 ἐπὶ
1321 609 1504 682 μωρίᾳ
1554 608 1724 680 πολλῇ

129 704 511 760 amoenam;
538 707 588 776 oi
625 704 877 776 Θηϐαῖοι,
897 704 992 758 καὶ
1021 703 1139 757 ἔστι
1172 701 1446 775 παροιμία
1474 703 1507 772 ἡ
1537 699 1726 769 λέγου-

134 801 200 847 σα
223 811 238 824 ·
262 795 515 849 Βοιωτία
539 773 637 860 ὗς.
660 773 759 848 Διὰ
787 788 842 846 τε
866 783 923 846 δὲ
954 795 983 847 ὁ
1009 773 1274 864 κεραυνὸς
1301 784 1726 871 προσκυνεζταις

131 881 274 940 Διότι
303 879 602 956 κατέφλεξε
624 885 724 956 τὴν
763 883 1030 956 Σεμέλην.
1063 883 1138 938 Τὸ
1159 883 1238 948 δὲ,
1279 882 1494 954 ’Ὠσπερ
1524 879 1653 935 ἄλλο
1673 895 1727 931 τι

133 976 342 1049 κεφαλὴ
366 964 654 1050 πρότερον,
694 965 858 1049 ἑτέρα
899 977 999 1048 μὲν
1027 975 1177 1030 ἐστιν
1215 973 1462 1047 ἱστορίαο
1536 962 1727 1043 ἐπειδὴ

130 1064 188 1123 δὶ
217 1069 599 1140 συμπλέκεται
630 1068 840 1150 ταύτῃ,
868 1069 1170 1137 ἀναγκαῖον
1197 1067 1294 1121 καὶ
1336 1063 1509 1150 αὐτὴν
1541 1061 1730 1134 ἐξηγήσ

133 1163 357 1218 σασθαι.
399 1164 468 1217 Ἦ
513 1157 727 1234 κεφαλὴ
754 1149 851 1214 τοῦ
895 1153 1020 1226 Διὸς
1070 1159 1267 1229 γέγονε
1324 1149 1535 1228 κεφαλή
1596 1170 1730 1210 ποτε

131 1255 364 1318 ὠδίνων,
393 1256 474 1310 ὅτι
498 1258 558 1310 ὲν
581 1246 751 1327 ἑαυτῇ
788 1250 905 1326 εἶχε
933 1257 1032 1326 τὴν
1077 1242 1331 1324 Ἃθηνᾶν.
1362 1251 1597 1320 Λέγεται
1619 1246 1731 1320 γὰρ

132 1350 164 1422 ἡ
202 1349 442 1422 Ἀθηνᾶ,
479 1349 562 1403 ὅτι
596 1351 662 1403 ἐκ
699 1339 799 1422 τῆς
841 1348 1087 1420 κεφαλῆς
1128 1345 1224 1402 τοῦ
1272 1346 1393 1409 Διὸς
1427 1340 1725 1412 ἐγεννήθη·

1830 427 1933 497 gis.
1975 425 2315 484 Dementiam
2349 444 2481 484 vero
2533 430 2763 500 pulchre
2805 429 2945 484 dixit
2999 429 3414 494 Thebanorum,

1831 535 1955 574 cum
1986 521 2258 576 dementia
2281 536 2475 590 magna
2519 522 2768 579 laborent
2796 522 3080 588 Thebani;
3114 529 3271 578 etest
3293 538 3416 593 pro:

1831 613 2078 669 verbium
2111 613 2300 671 dicens
2337 635 2349 670 :
2401 616 2676 671 Thebanus
2733 635 2846 672 sus.
2888 617 3000 672 Cur
3031 632 3163 673 vero
3206 616 3416 672 fulmen

1836 690 2136 758 adoretur?
2172 703 2311 770 Quia
2362 705 2608 762 incendit
2650 705 2926 763 Semelen.
2969 705 3108 762 Illud
3159 721 3314 774 vero,
3344 705 3418 762 Ut

1834 795 2182 864 caputalium
2207 796 2496 866 quemdam
2525 795 2694 854 fetum
2740 799 2893 869 prius
2921 799 3270 869 parturierat,
3310 798 3419 852 alia

1833 894 1918 941 est
1944 887 2196 942 historia.
2214 888 2351 943 Cum
2371 896 2552 945 autem
2583 879 3070 962 comprehenditur
3091 891 3148 945 in
3169 905 3234 945 ea
3251 903 3419 961 quam

1835 974 2071 1034 uicimus
2105 995 2331 1037 necesse
2375 983 2538 1038 etiam
2566 999 2684 1038 eam
2717 983 3005 1055 explicari.
3048 983 3223 1054 Caput
3263 980 3418 1036 Jovis

1835 1069 2148 1139 parturiens
2176 1070 2301 1140 fuit,
2323 1075 2451 1146 quia
2483 1075 2539 1130 in
2561 1090 2627 1131 eo
2651 1075 2842 1132 habuit
2866 1075 3185 1132 Minervam.
3208 1073 3421 1129 Dicitur

1835 1161 1982 1216 enim
2010 1147 2253 1221 Minerva
2291 1183 2321 1222 e
2349 1167 2533 1238 capite
2579 1166 2734 1226 Jovis
2766 1169 3057 1239 prodiisse,
3089 1167 3294 1240 quippe
3328 1165 3420 1222 hic

1837 1254 1958 1306 cam
1983 1256 2170 1323 genuit
2204 1256 2440 1328 Jupiter,
2471 1267 2526 1315 et
2579 1274 2706 1315 cum
2740 1275 2844 1331 ope
2867 1261 3081 1318 securis
3110 1259 3345 1314 Vulcani
3387 1266 3421 1312 α

1839 1342 2019 1425 capite
2051 1343 2265 1417 Jupiter
2295 1349 2573 1414 traxisset.
2604 1353 2793 1422 genuit
2817 1368 2882 1409 cx
2906 1368 2972 1408 eo
2998 1351 3319 1408 Minervam.

131 1418 246 1495 ίκεῖ
272 1418 386 1514 γάρ
407 1441 577 1520 αὐτὴν
610 1418 798 1495 ὤδινεν
832 1428 863 1494 ὁ
895 1418 1065 1505 istac,
1097 1439 1192 1494 καὶ
1220 1427 1405 1492 λαϐὼν
1443 1432 1596 1506 παρὰ
1633 1429 1729 1485 τοῦ
1776 1418 2073 1501 Ἡφαίστου
2114 1439 2252 1508 μετὰ
2294 1440 2483 1513 ἀξίνης
2531 1418 2674 1497 κατὰ
2710 1445 2811 1516 τῆς
2881 1443 3125 1514 κεφαλῆς
3188 1444 3217 1496 6
3263 1441 3416 1504 Ζεὺς,

131 1530 323 1590 ἔτεκεν
345 1532 408 1598 ὲξ
439 1533 613 1604 αὐτῆς
645 1533 746 1603 τὴν
783 1531 1037 1604 Ἀθηνᾶν.

217 1651 280 1703 δ’.
327 1649 468 1718 Περὶ
513 1646 626 1717 τῆς
671 1645 1024 1724 Ἀφροδίτης
1225 1641 1344 1697 τῶν
1400 1635 1672 1710 αἰσχρῶν
1771 1653 1816 1709 Β

632 1718 989 1788 μυστηρίων
1031 1718 1243 1784 αὐτῆς.

203 1836 469 1904 Λέγεται,
499 1834 583 1887 ὅτι
619 1833 684 1886 ὲκ
706 1830 816 1886 τῶν
845 1831 1062 1884 αἰδοίων
1091 1828 1186 1884 τοῦ
1211 1826 1456 1900 Οὐρανοῦ
1484 1825 1611 1898 ἔσχε
1638 1823 1739 1897 τὴν

133 1927 394 1999 γέννησιν
439 1928 475 1998 ἡ
517 1913 808 1996 Ἆφροδῐτη
841 1927 856 1955 ³
890 1926 920 1978 ὁ
969 1925 1078 1996 γὰρ
1113 1922 1356 1994 Κρόνος,
1398 1921 1592 1992 φησὶν,
1623 1919 1738 2006 υξὺς

133 2020 225 2075 τοῦ
255 2017 533 2091 Οὐρανοῦ,
567 2016 749 2072 λαϐὼν
780 2016 839 2069 τὸ
876 2005 1167 2088 δρέπανον,
1195 2011 1440 2082 ἀπέκοψε
1469 2009 1564 2064 τοῦ
1606 2007 1735 2062 ἰδίου

138 2116 350 2184 πατρὸς
367 2109 439 2164 τὰ
460 2110 656 2174 αἰδοῖα,
694 2108 788 2162 καὶ
809 2105 1032 2178 ἔρριψεν
1060 2107 1142 2169 εἰς
1171 2103 1270 2175 τὴν
1302 2101 1580 2156 Θάλασσαν
1600 2116 1613 2130 ο
1642 2099 1738 2152 καὶ

136 2207 379 2261 πεσόντα
404 2203 602 2266 ταῦτα,
637 2201 733 2255 καὶ
764 2199 936 2272 ἀφρὸν
967 2186 1295 2263 συνάξαντα,
1327 2192 1608 2264 ἀπεκύησε
1637 2191 1737 2262 τὴν

148 2293 498 2368 Ἀφροδίτην.
530 2293 621 2348 Διὸ
653 2291 749 2346 καὶ¹
787 2289 1079 2363 Ἀφροδίτη
1131 2279 1398 2354 καλεῖται,
1420 2287 1497 2351 ὡς
1545 2286 1610 2339 ὲκ
1640 2283 1733 2337 τοῦ

134 2389 319 2461 ἀφροῦ
344 2387 441 2442 καὶ
465 2387 566 2458 τῆς
595 2375 948 2449 καταδύσεως
978 2382 1268 2454 γενομένη.
1299 2369 1391 2461 Διδ
1420 2375 1572 2433 εἶπεν
1594 2394 1608 2407 ’
1637 2376 1734 2431 Ai-

139 2460 326 2554 σχρῶς
353 2477 649 2550 γινομένης
678 2475 773 2532 καὶ
793 2465 1134 2555 τιμωμένης.
1164 2460 1397 2555 Ὁμοίως
1417 2470 1527 2543 γὰρ
1559 2469 1733 2552 καὶ.ιαὶ

136 2553 301 2644 τιμαὶ
327 2571 386 2625 αἱ
407 2570 540 2642 περὶ
566 2562 768 2640 ἑαυτὴν
806 2553 903 2620 καὶ
936 2566 991 2619 αἱ
1023 2553 1210 2635 ἑορταὶ
1246 2561 1313 2615 δι’
1341 2555 1733 2644 αἰσχρουργίας

137 2640 234 2720 καὶ
262 2640 606 2736 ἡδυπαθείας
637 2660 736 2714 καὶ
777 2656 1034 2730 πορνείας
1063 2652 1361 2716 ἐτελοῦντο,
1397 2651 1472 2714 ὡς
1513 2650 1607 2703 καὶ
1634 2640 1734 2718 τῆς

139 2752 407 2832 πορνείας
438 2755 610 2827 αὐτῆς
631 2752 801 2826 οῦσης
828 2753 1027 2824 ἐφόρου
1057 2750 1156 2822 τῆς
1198 2745 1540 2820 Ἀφροδίτης.

309 2872 374 2926 ε’.
409 2870 552 2939 Περὶ
587 2867 699 2937 τῆς
724 2865 845 2920 τῶν
875 2865 1111 2932 Ταύρων
1143 2857 1552 2927 ξενοκτονίας.

210 2987 276 3042 Οἱ
313 2983 519 3056 Ταῦροι
566 2980 718 3044 έθνος
758 2966 1046 3042 Σκυθικὸν,
1079 2975 1264 3040 καθώς
1295 2990 1462 3045 φησιν
1490 2971 1518 3024 ὁ
1572 2970 1730 3055 ’ῌρό-
1756 2999 1800 3058 C

140 3073 318 3144 δοτος,
350 3079 407 3129 ὲν
442 3067 487 3144 ᾦ
512 3069 580 3145 ἦν
613 3072 758 3145 ἱερὸν
783 3065 879 3150 τῆς
925 3061 1243 3140 Ἀρτέμιδος
1262 3108 1277 3133 ,
1305 3068 1386 3130 εἰς
1413 3065 1442 3118 ὃ
1466 3061 1536 3135 ἦν
1565 3063 1734 3135 ἱέρεια

141 3168 177 3238 ἡ
206 3162 461 3236 θυγάτηρ
493 3159 588 3215 τοῦ
626 3158 1035 3229 Ἀγαμέμνονος
1077 3156 1524 3242 ἸφιγένειαηἙν
1562 3151 1738 3224 τούτῳ

142 3257 222 3330 τῷ
270 3257 402 3328 ἱερῷ
437 3251 615 3308 πάντα
654 3247 940 3325 ἄνθρωπον
988 3239 1358 3321 ἐπιδημοῦντα
1400 3239 1550 3313 ξένον
1581 3245 1737 3299 ἔθυον

141 3329 212 3423 τῇ
264 3346 561 3420 Ἀρτέμιδι.
599 3345 710 3399 Καὶ
751 3344 880 3415 περὶ
908 3342 1117 3414 ταύτης
1159 3329 1260 3414 τῆς
1293 3330 1535 3411 ἱστορίας
1568 3341 1626 3392 ἐν
1658 3337 1737 3409 τῷ

143 3439 586 3512 Στηλιτευτικῷ
608 3437 794 3507 σαφῶς
823 3428 1071 3508 λέξομεν.

541 3561 612 3620 ς’.
653 3552 794 3622 Περὶ
821 3552 928 3606 τοῦ
964 3549 1327 3620 Τροφωνίου.

217 3670 534 3742 Τροφώνιος
561 3669 659 3721 καὶ
699 3663 1014 3736 Ἀγαμήδης
1057 3663 1277 3733 ἀδελφοὶ
1323 3660 1418 3715 δύο
1446 3659 1736 3730 γεγόνασι,

151 3762 378 3831 μάντεις
403 3758 501 3830 τὴν
533 3758 752 3829 τέχνην.
780 3755 998 3809 Τούτων
1025 3758 1054 3808 ό
1081 3753 1414 3827 Τροφώνιος,
1452 3752 1560 3806 ὑπὸ
1586 3767 1740 3806 κενο-

145 3855 331 3921 δοξίας
359 3850 689 3924 ὑποϐρύχιος
719 3850 784 3920 δὴ
809 3847 1072 3917 γεγονὼς,
1103 3848 1162 3900 ὲν
1190 3845 1440 3917 σπηλαίῳ
1459 3845 1568 3897 τινὶ
1601 3841 1740 3897 ἀπέ-

145 3947 343 4016 ψυξεν.
387 3941 522 3999 Εἶτα
565 3946 614 3996 οἱ
659 3943 786 3996 θεοὶ
813 3942 1175 4013 ἐλεήσαντες,
1216 3939 1402 4010 φησὶν,
1455 3937 1617 3990 αὐτὸν
1648 3935 1738 3990 τὸν

147 4042 316 4094 τόπον
367 4040 424 4092 ἐν
467 4030 512 4104 ᾦ
549 4034 849 4107 ἀπέψυξεν,
893 4033 1159 4102 ἐποίησαν
1203 4029 1598 4103 μαντεύεσθαι·
1647 4029 1741 4084 καὶ

149 4133 432 4204 κατῄεσαν
458 4132 539 4194 εἰς
571 4130 634 4182 τὸ
660 4127 946 4199 σπήλαιον,
977 4125 1070 4179 καί
1092 4140 1247 4186 τινας
1269 4122 1494 4186 τελετὰς
1518 4119 1738 4173 ποιοῦν-

147 4242 244 4288 τες
275 4224 533 4294 ἀνῄεσαν,
564 4221 638 4284 ὡς
685 4215 1263 4292 χρησμοδοτισθέντες.
1289 4215 1521 4284 Λέγεται
1546 4215 1623 4281 δὲ,
1655 4214 1740 4267 δτι

148 4319 259 4381 πᾶς
287 4314 566 4370 κατελθὼν
598 4315 678 4375 εἰς
717 4312 778 4365 τὸ
810 4311 1072 4380 σπήλαιον
1098 4308 1294 4370 ἐκεῖνο,
1331 4309 1395 4360 ὲκ
1425 4306 1520 4360 τοῦ
1547 4304 1734 4360 λοιποῦ

147 4398 450 4478 ἀγέλαστος
474 4402 563 4476 ἦν.

443 4544 507 4607 ζ’.
550 4541 690 4608 Περὶ
725 4540 836 4609 τῆς
868 4537 1212 4603 Auden-alae
1249 4537 1448 4606 δρυός.

235 4660 302 4714 Ἥ
329 4655 559 4726 Δωδώνη
605 4653 761 4716 πόλις
805 4651 922 4704 ἐστὶ
956 4651 1086 4721 περὶ
1124 4651 1224 4720 τὴν
1267 4648 1504 4703 παλαιὰν
1544 4647 1740 4700 Ἤπει-

151 4771 267 4826 ρον.
308 4752 401 4804 Ἐν
423 4749 598 4819 ταύτῃ
625 4744 694 4818 ἦν
718 4745 868 4817 δρῦς,
894 4746 953 4797 ὲν
1040 4741 1258 4810 ἐλέγετο
1277 4745 1306 4795 ὁ
1327 4743 1461 4806 Ζεὺς
1488 4740 1740 4794 ἐπισκιάο

149 4848 265 4911 ζειν
297 4844 395 4896 καὶ
441 4839 701 4911 μαντείαν
731 4837 930 4891 διδόναι
978 4837 1092 4898 τοῖς
1137 4827 1436 4906 χρῄζουσι,
1481 4833 1740 4902 μαντείας

149 4939 209 5003 ἐξ
235 4935 409 5005 αὐτῆς
436 4933 596 5004 δρυὸς
628 4932 905 5000 κινήματα
935 4927 1013 4998 τῷ
1045 4927 1234 4997 μάντει
1275 4924 1634 4996 ἐξηχούμενᾱ.

529 5061 600 5130 η’.
640 5060 779 5127 Περὶ
816 5047 925 5128 τῆς
953 5057 1328 5123 Κασταλίας.

228 5177 391 5230 Ἐστι
437 5174 589 5245 πηγὴ
631 5174 760 5244 περὶ
802 5171 900 5241 τὴν
940 5170 1292 5239 Ἀντιόχειαν,
1337 5170 1394 5220 ἐν
1486 5169 1514 5220 ὁ
1553 5167 1740 5220 Ἀπόλά

153 5257 265 5320 λων
312 5264 632 5335 ὲφεδρεύει’
681 5264 739 5315 ὲν
865 5253 1017 5330 πηγῇ
1062 5257 1289 5328 μαντεία
1336 5273 1416 5319 τις
1453 5255 1740 5325 ἐξεφέρετο

151 5358 296 5414 κατὰ
323 5358 426 5428 τὴν
457 5355 664 5410 τοιάνδε
704 5353 902 5426 ἐκροὴν
935 5351 1028 5404 τοῦ
1058 5351 1317 5419 νάματος,
1352 5349 1412 5400 ού
1455 5347 1594 5401 κατὰ
1627 5364 1740 5415 φω-

153 5455 270 5523 νήν·
299 5452 362 5505 οὐ
384 5450 494 5521 γὰρ
523 5451 673 5518 φωνή
701 5465 784 5511 τις
810 5446 1075 5516 ἐξηχεῖτο,
1102 5442 1215 5497 ἀλλ’
1240 5441 1411 5495 ἁπλοῦ
1437 5442 1568 5511 ἤχου
1598 5440 1740 5503 τινὸς

153 5546 249 5598 καὶ
297 5542 615 5612 πνεύματος
671 5537 1058 5609 ὰναδιδομένου
1106 5535 1200 5587 καὶ
1240 5533 1471 5606 ἐκροῆς,
1523 5533 1658 5602 πρὸς
1703 5531 1740 5584 ἃ

154 5637 298 5699 me;
332 5635 612 5705 ἱστάμενοι
640 5633 730 5686 καὶ
758 5629 1005 5692 νοοῦντες
1030 5627 1095 5683 τὰ
1128 5625 1371 5680 σύυ.6ολα
1400 5625 1593 5679 ταῦτα.
1625 5624 1740 5676 ἕλε-

157 5746 247 5798 γον
273 5729 342 5781 τὰ
380 5727 656 5797 μέλλοντα.

2049 1638 2104 1692 4.
2125 1637 2199 1694 De
2241 1639 2436 1696 Venere
2465 1652 2515 1695 et
2536 1643 2776 1712 turpibus
2801 1644 3072 1701 mysteriis
3103 1633 3240 1712 ejus.

1913 1812 2126 1871 Dicitur
2155 1831 2186 1872 e
2209 1807 2478 1887 pudendis
2503 1818 2642 1874 οωιι
2683 1818 2948 1893 habuisse
2984 1826 3166 1875 ortum
3197 1818 3414 1876 Venus:

1839 1895 2080 1977 Tempus
2111 1909 2280 1973 enim,
2314 1911 2411 1976 ait,
2442 1913 2586 1968 ﬁlius
2620 1903 2757 1968 Caeli
2788 1913 2934 1983 cepit
2979 1901 3200 1978 falcem,
3237 1913 3414 1970 secuit

1836 2002 2042 2072 preprii
2079 2004 2254 2073 patris
2309 2004 2600 2074 pudenda,
2639 2014 2694 2063 et
2741 1991 2977 2078 proiecit
3031 2006 3086 2062 in
3134 2021 3309 2072 mare,
3363 2014 3420 2064 et

1836 2093 2077 2150 labentia
2143 2094 2235 2150 illa
2307 2113 2558 2168 spumam
2635 2114 2764 2156 cum
2824 2101 3258 2164 contraxissent,
3326 2115 3420 2172 ge-

1836 2195 2075 2241 nuerunt
2133 2177 2423 2246 Venerem.
2477 2178 2666 2263 Itaque
2713 2200 2778 2249 et
2815 2193 3119 2266 Aphrodite
3166 2199 3418 2262 vocatur,

1837 2284 1898 2329 ut
1923 2289 1955 2331 e
1987 2281 2182 2346 spdma
2210 2275 2264 2334 et
2300 2279 2654 2337 immersione
2687 2291 2837 2338 nata.
2870 2269 3059 2354 Itaque
3088 2284 3246 2348 dicit,
3279 2281 3421 2340 Tura

1835 2370 1979 2438 piter
2018 2373 2148 2424 nata
2202 2369 2258 2426 et
2283 2364 2572 2428 honorata.
2609 2364 2848 2430 Decebat
2877 2376 3023 2430 enim
3055 2385 3113 2431 ut
3154 2377 3338 2433 cultus
3364 2383 3424 2433 et

1838 2454 1977 2514 festa
2014 2457 2242 2517 Veneris
2271 2461 2327 2518 in
2351 2454 2722 2534 turpitudine,
2749 2463 2964 2520 deliciis
2996 2473 3054 2520 et
3081 2467 3423 2523 scortatione

1835 2547 2269 2619 celebrarentur,
2301 2564 2427 2609 cum
2461 2555 2580 2626 ipsa
2601 2555 2675 2610 sit
2709 2556 3065 2614 scortationis
3085 2573 3312 2628 praeses.

2284 2861 2339 2916 δι
2382 2860 2462 2916 De
2499 2861 2799 2918 Taurorum
2828 2864 2990 2918 crede.

1904 2970 2094 3038 Tauri,
2112 2974 2349 3045 populus
2370 2975 2686 3048 Scythicus,
2704 2985 2763 3032 ut
2777 2971 3422 3052 dicitHerodotus,apud

1837 3076 1978 3132 quos
1999 3060 2100 3118 fuit
2121 3066 2385 3134 templum
2415 3063 2621 3130 Dianae,
2654 3067 2707 3121 in
2733 3083 2842 3139 quo
2862 3077 2982 3123 erat
3021 3071 3282 3128 sacerdos
3314 3072 3422 3127 lilia

1837 3156 2266 3228 Agamemnonis
2291 3156 2590 3230 Iphigenia.
2623 3157 2683 3214 In
2711 3159 2815 3214 hoc
2853 3161 3056 3230 templo
3075 3176 3290 3218 omnem
3323 3164 3422 3219 lio-

1841 3241 2041 3297 minem
2062 3244 2436 3302 advenientem
2461 3248 2808 3318 peregrinum
2830 3248 3184 3306 immolabant
3216 3251 3422 3308 Diana).

1838 3331 1905 3388 Et
1934 3334 2003 3390 de
2032 3351 2096 3391 ea
2127 3337 2359 3393 historia
2383 3339 2438 3394 in
2469 3338 2795 3396 Steliteutico
2827 3341 2986 3412 plane
3009 3343 3278 3400 dicemus.

2356 3537 2409 3592 6.
2453 3539 2528 3593 De
2566 3539 2891 3610 Trophonio.

1914 3643 2265 3718 Trophonius
2317 3659 2373 3707 et
2426 3652 2734 3724 Agamedes
2795 3657 2994 3713 fratres
3030 3658 3141 3712 duo
3174 3659 3422 3726 fuerunt.

1841 3749 1993 3797 vates
2031 3749 2179 3797 arte:
2207 3758 2442 3814 quorum
2471 3745 2632 3814 alter,
2657 3747 3030 3819 Trophonius,
3058 3752 3316 3822 superbia
3337 3755 3424 3810 nis

1841 3831 2009 3886 mium
2040 3831 2284 3901 inﬂatus,
2317 3836 2632 3905 speluncam
2673 3837 2967 3908 quamdam
3023 3843 3192 3898 subiit
3227 3851 3282 3899 et
3311 3855 3424 3900 non

1840 3924 2075 4006 amplius
2113 3928 2386 3998 apparuit.
2422 3929 2625 3985 Deinde
2680 3929 2764 3986 Dii
2814 3934 3048 3998 miserti,
3091 3935 3189 4001 ait,
3242 3935 3424 4006 ipsum

1841 4003 2020 4070 locum
2062 4014 2120 4070 in
2154 4031 2264 4086 quo
2305 4030 2622 4086 evanuerat,
2664 4023 2891 4077 oraculo
2939 4003 3334 4096 insignierunt;
3369 4030 3427 4082 et

1840 4105 2245 4163 descenderunt
2266 4109 2319 4164 in
2341 4119 2580 4175 antrum,
2599 4120 2655 4166 et
2683 4113 2930 4182 quaedam
2955 4118 3212 4187 mysteria
3257 4117 3427 4172 insti-

1840 4207 2087 4264 tuerunt,
2134 4208 2194 4255 ut
2224 4203 2444 4276 oracula
2470 4203 2684 4260 dantes.
2714 4204 2912 4260 Dicunt
2942 4222 3160 4262 omnem
3193 4208 3426 4266 descen-

1845 4290 2062 4347 dentem
2135 4294 2190 4346 in
2247 4293 2352 4350 hoc
2415 4305 2675 4359 antrum,
2725 4297 2780 4350 in
2847 4297 3090 4354 futurum
3146 4311 3426 4371 nunquam

1847 4385 2044 4440 ridere.-

2287 4523 2342 4578 7.
2384 4522 2461 4577 De
2485 4523 2759 4578 Dodonwa
2783 4539 2996 4593 querca.

1917 4632 2142 4690 Dodone
2189 4635 2322 4691 urbs
2347 4645 2433 4691 est
2477 4650 2672 4692 versus
2709 4644 2948 4692 veterem
2981 4634 3227 4707 Epirum.
3267 4637 3326 4693 In
3357 4650 3426 4696 ea

1845 4731 1965 4778 erat
2013 4739 2253 4795 quercus
2311 4725 2416 4781 sub
2463 4726 2624 4796 cujus
2654 4725 2850 4781 umbra
2893 4725 3185 4782 dicebatur”
3217 4719 3430 4800 Iupiter

1845 4814 2132 4884 quiescere
2159 4825 2214 4870 et
2262 4815 2486 4870 oracula
2519 4815 2651 4870 dare
2684 4813 3014 4885 petentibus,
3081 4818 3303 4871 oracula
3357 4833 3427 4874 es

1847 4909 1963 4977 ipsa
1993 4920 2201 4978 quercu
2233 4909 2474 4964 motibUS
2503 4908 2612 4963 vati
2634 4909 2978 4964 cenantibus.

2388 5041 2442 5096 8.
2486 5041 2562 5095 De
2599 5040 2869 5098 Castalia.

1917 5157 2014 5213 Est
2062 5158 2183 5214 fons
2235 5170 2428 5214 versus
2489 5158 2858 5222 Antiochiam,
2912 5161 3000 5215 cui
3053 5159 3246 5232 Apollo
3291 5175 3434 5231 prac-

1847 5251 2086 5307 sidebat.
2109 5250 2166 5307 In
2201 5265 2266 5307 eo
2305 5251 2456 5306 fonte
2476 5253 2760 5306 oraculum
2802 5253 3075 5323 quoddam
3103 5253 3430 5308 narrabatur-

1847 5344 2149 5401 secundum
2176 5345 2339 5399 talem
2359 5345 2445 5400 vel
2461 5345 2621 5400 talem
2647 5361 2870 5402 cursum
2894 5347 3072 5410 undae,
3098 5358 3206 5402 non
3229 5359 3430 5400 securi:

1846 5436 1976 5492 dum
2006 5450 2232 5502 vocem;
2289 5452 2398 5492 non
2449 5439 2594 5492 enim
2639 5453 2746 5493 vox
2789 5438 3035 5508 quaedam
3081 5437 3431 5498 audiebatur,

1848 5529 1945 5586 sed
1976 5538 2188 5584 tantum
2227 5545 2479 5584 murmur
2523 5529 2799 5601 quoddam
2829 5539 2882 5585 et
2920 5531 3079 5602 quasi
3109 5530 3335 5600 spiritus
3362 5539 3431 5584 cl

1847 5626 2067 5680 ﬂuentis
2098 5625 2308 5687 exiens,
2336 5626 2494 5693 juxta
2541 5625 2687 5694 quod
2721 5624 2943 5695 quidam
2975 5624 3215 5681 scientes
3241 5628 3298 5680 et
3347 5625 3432 5679 ia-

1849 5717 2153 5785 telligentes
2188 5716 2341 5785 signa
2385 5716 2510 5784 ista,
2552 5716 2799 5771 dicebant
2837 5715 3044 5770 futura.
