3856 6220
489 284 601 344 107
612 286 628 340 Ι

967 390 1021 445 9.
1066 386 1140 440 De
1174 385 1339 456 poenis
1369 380 1610 437 Mithrae.

569 507 647 560 De
684 502 884 558 Mithra
915 500 1011 556 alii
1036 499 1194 554 aliter
1222 501 1550 553 senserunt:
1576 492 1798 564 quidam
1815 491 1960 546 enim
1978 505 2075 546 so-

501 596 631 659 lem,
662 593 758 648 alii
795 589 1081 663 praesidem
1134 587 1299 659 ignis,
1332 586 1534 655 aliique
1562 583 1856 654 specialem
1887 595 2078 650 quam-

503 690 628 745 dam
645 684 942 759 potentiam
974 682 1379 739 intellexerunt.
1404 675 1662 743 Quaedam
1694 673 1950 745 mysteria
1980 671 2078 725 ha-

501 780 615 847 bet,
635 778 775 849 apud
790 774 1072 831 Chaldaeos
1084 770 1373 843 imprimis.
1388 767 1641 824 lnitiandi
1658 765 1867 819 Mithrm
1885 772 2080 833 myste-

502 872 601 926 riis
621 868 921 926 secundum
938 862 1229 936 quamdam
1250 873 1561 916 mensuram
1581 870 1864 929 poenarum
1880 855 2079 924 proba-

445 970 448 974 '
505 961 731 1025 bantur,
759 959 995 1029 primum
1040 952 1357 1017 levioribus,
1375 949 1569 1007 deinde
1584 944 2080 1018 majoribus'poenis

504 1052 730 1117 addicti,
754 1056 836 1116 ut,
853 1046 1085 1117 exempli
1118 1058 1305 1111 causa,
1319 1041 1529 1113 jejunio
1553 1037 1945 1111 quinquaginta
1960 1035 2078 1091 die-

501 1159 655 1211 rum;
689 1142 833 1212 quod
883 1141 931 1198 si
968 1142 1237 1211 patienter
1288 1135 1508 1190 tulisset
1554 1132 1835 1196 initiatus,
1887 1139 2078 1201 postea

501 1249 600 1305 per
619 1232 844 1288 biduum
862 1230 1243 1301 scalpebatur;
1266 1242 1390 1282 eum
1406 1223 1601 1281 deinde
1614 1237 1782 1293 supra
1804 1222 1984 1276 nivem
2000 1220 2080 1276 vi-

503 1326 641 1396 ginti
671 1324 866 1379 diebus
904 1336 1131 1377 manere
1159 1318 1446 1389 iubebant,
1475 1316 1557 1372 sic
1586 1313 1849 1386 paulatim
1878 1313 1947 1368 ad
1970 1327 2082 1368 ma-

501 1417 707 1472 ximum
738 1429 913 1485 usque
934 1426 1125 1484 pinnas
1148 1420 1429 1481 augentes.
1447 1406 1502 1462 Si
1522 1407 1737 1477 patiens
1757 1405 1883 1460 forti
1896 1405 2082 1459 animo

447 1542 456 1555 .
501 1523 627 1564 esse
655 1506 965 1570 videbatur,
1004 1513 1135 1559 tunc
1156 1517 1281 1559 eum
1303 1499 1587 1557 recondita
1613 1496 1873 1570 mysteria
1903 1496 2073 1552 doce-

503 1598 656 1654 bant.

1102 1793 1192 1848 l0.
1223 1792 1304 1848 De
1333 1791 1510 1849 Iside.

572 1909 678 1967 Isis
724 1908 917 1965 eadem
971 1906 1156 1961 habita
1188 1915 1274 1962 est
1315 1921 1440 1963 cum
1494 1906 1570 1971 lo,
1606 1922 1730 1978 qua:
1764 1914 1924 1978 rapta
1977 1905 2083 1962 fuit

504 2018 537 2057 a
579 2000 735 2057 Jove.
761 1998 976 2069 Jupiter
1013 1980 1179 2062 enim,
1209 1997 1307 2062 ait,
1370 1996 1557 2068 rapuit
1604 1996 1680 2064 lo,
1725 2006 1782 2054 et
1831 2005 2080 2054 metuens

504 2092 777 2148 lunonem
823 2102 1051 2146 uxorem
1083 2103 1239 2145 suam
1291 2089 1524 2144 mutavit
1571 2086 1628 2142 lo
1666 2089 1722 2144 in
1750 2103 1995 2156 vaccam,
2024 2098 2081 2145 et

504 2182 735 2239 nuncin
763 2182 941 2236 albam
960 2219 975 2245 ,
1009 2179 1229 2234 nuncin
1254 2178 1488 2248 nigram,
1523 2193 1669 2233 nunc
1704 2180 1761 2233 in
1783 2179 2076 2246 cineream,

504 2281 559 2329 et
587 2273 660 2327 ita
689 2270 905 2327 errabat
932 2284 1059 2323 cum
1092 2284 1179 2323 ea.
1212 2265 1377 2322 Venit
1408 2266 1575 2338 igitur
1608 2274 1663 2322 et
1687 2266 1742 2320 in
1783 2265 2080 2338 JEgypUum

505 2378 700 2420 errans
732 2377 857 2418 cum
897 2376 983 2425 ea,
1024 2368 1080 2416 et
1114 2369 1335 2432 propter
1365 2360 1470 2414 hoc
1504 2360 1778 2414 honorant
1837 2357 2081 2431 Egyptii

504 2456 584 2523 lo,
622 2456 678 2511 id
707 2462 793 2512 est
838 2454 989 2512 Isim.
1033 2453 1162 2509 Ideo
1193 2453 1248 2507 in
1282 2452 1482 2509 statuis
1508 2451 1631 2522 ejus
1679 2451 1845 2524 capiti
1871 2464 2081 2507 cornua

504 2553 686 2600 vacem
715 2544 1021 2615 imponunt,
1069 2541 1439 2616 signiﬁcantes
1484 2539 1711 2612 virginis
1765 2541 1823 2596 in
1856 2554 2077 2597 vaccam

504 2638 887 2694 mutationem.

912 2917 1000 2971 11.
1041 2915 1119 2970 De
1147 2913 1438 2970 Mendesiis
1471 2912 1657 2969 hircis.

577 3033 956 3105 Egyptiorum
981 3032 1163 3103 lingua
1192 3031 1380 3087 hircus
1411 3039 1637 3087 vocatur
1664 3030 2082 3104 μὲνδης.Ηοιιυ-

505 3127 704 3181 rabant
730 3125 954 3195 quidam
981 3124 1359 3195 IEgyptiorum
1393 3124 1609 3179 hircum
1642 3125 1883 3180 dicatum
1929 3126 2082 3196 geni-

506 3218 606 3273 tali
636 3219 911 3287 potentiae.
957 3216 1167 3272 Dicitur
1207 3216 1355 3272 enim
1418 3217 1683 3273 lascivum
1731 3217 1931 3271 animal
1959 3232 2084 3274 esse

480 3356 483 3363 λ
507 3300 716 3367 hircus.
757 3309 952 3364 Hircos
995 3308 1162 3380 igitur
1190 3308 1384 3363 incolae
1411 3323 1582 3379 prope
1608 3307 1943 3363 Mendesium
1964 3323 2084 3363 cor-

508 3416 583 3455 nu
608 3415 718 3455 non
738 3399 1175 3465 manducabant,
1208 3411 1318 3467 prae
1350 3398 1651 3453 reverentia
1692 3397 1942 3467 genitalis
1962 3396 2080 3451 Dei.

508 3490 865 3547 llonorabaut
894 3498 950 3545 et
987 3503 1317 3559 magnopere
1348 3498 1596 3560 pastores
1625 3489 1901 3544 hircorum
1928 3507 1943 3558 ;
1966 3495 2085 3545 erat

509 3587 564 3640 et
589 3584 848 3652 templum
895 3581 1161 3637 Mendetis
1204 3580 1349 3652 apud
1392 3580 1701 3652 Egyptios.
1743 3582 1798 3635 in
1830 3596 1939 3651 quo
1971 3589 2085 3636 sta-

510 3682 602 3729 tua
637 3674 802 3745 pedes
855 3673 1101 3728 hircinos
1128 3681 1181 3728 et
1229 3680 1471 3729 erectum
1506 3672 1818 3744 pudendum
1857 3673 2081 3728 habens.

1093 3869 1181 3925 12.
1224 3869 1304 3924 De
1349 3868 1500 3925 Nilo.

579 3982 739 4040 Nilus
779 3982 985 4038 ﬂuvius
1048 3992 1135 4040 est
1185 3983 1447 4055 Egypti,
1502 3984 1635 4055 qui.
1699 4001 1865 4055 super
1934 3987 2085 4056 ripas

511 4093 635 4135 sese
671 4077 963 4133 eﬂ‘undens
989 4080 1175 4135 causis
1210 4094 1351 4150 quas
1383 4078 1517 4133 dicit
1564 4078 1894 4134 omnisciens
1916 4078 2087 4136 llero-

512 4169 696 4234 dotus,
719 4168 1020 4223 honoratur
1052 4169 1121 4226 ab
1139 4170 1240 4226 eis.
1267 4167 1328 4224 In
1355 4168 1676 4224 ascensione
1722 4169 1866 4224 etiim
1919 4186 2088 4226 vene-

509 4269 703 4321 rantur
743 4274 869 4316 eum
899 4267 959 4315 ut
996 4259 1190 4326 Deum,
1239 4269 1295 4317 et
1338 4261 1615 4317 celebrant
1652 4268 1712 4315 ut
1743 4262 2088 4319 abundantia:

508 4350 797 4427 nuntium,
860 4357 1115 4421 putantes
1169 4365 1365 4448 aquam
1426 4350 1899 4421 superel'ﬂuentem
1962 4368 2086 4410 esse

508 4441 689 4498 deum.

510 4555 600 4611 15.
620 4553 696 4609 De
751 4552 1077 4610 animalibus
1115 4557 1517 4677 etEseryiaalibus
1539 4574 1669 4628 quos
1699 4557 2083 4613 venerabantur

1193 4642 1291 4677 (ιυο
1318 4643 1376 4677 η.

1192 4642 1376 4696 gypm.

579 4733 822 4808 Egyptii
858 4736 1261 4793 venerabantur
1319 4739 1520 4804 ibides,
1574 4741 1909 4803 crocodilos,
1973 4756 2085 4796 ser-

510 4832 721 4896 pentes,
771 4823 904 4887 feles
933 4833 988 4880 et
1037 4826 1285 4897 quaedam
1325 4831 1560 4900 piscium
1591 4847 1813 4903 genera,
1866 4832 2087 4889 irratio-

510 4916 622 4972 nali
689 4914 841 4972 cultu
880 4914 989 4972 sibi
1016 4914 1253 4975 dedecus
1287 4921 1609 4979 tribuentes.
1642 4923 1718 4979 De
1742 4924 1826 4981 eis
1855 4939 2082 4980 accura-

512 5017 567 5062 te
603 5008 736 5064 dicit
786 5005 1114 5073 Herodotus,
1155 5010 1249 5079 qui
1289 5011 1455 5066 etiam
1493 5014 1562 5069 de
1589 5016 1736 5069 omni
1768 5030 1960 5071 eorum
1997 5032 2087 5073 re-

512 5101 713 5171 ligione
732 5107 787 5156 et
816 5098 1038 5170 regibus
1064 5096 1351 5172 diligenter
1374 5111 1429 5159 et
1458 5106 1682 5177 c0piose
1706 5108 1942 5178 scripsit.

649 5358 727 5430 (Ι)
771 5360 910 5428 (ἔθα,
946 5369 1125 5429 Ἴσιδι.

1207 266 1492 327 NONNUS
1529 263 1749 322 ABBAS
1782 263 1852 319 ιιι
1887 259 2291 321 ORATIONEH
2331 258 2397 315 lN
2437 256 2714 315 SANCTA
2751 256 3040 316 LUMINA.

3634 258 3766 316 i073

2394 373 2461 427 θ’.
2506 373 2647 443 Περὶ
2674 371 2793 428 τῶν
2816 373 3128 428 κολάσεων
3157 373 3264 429 τοῦ
3288 368 3545 443 Μίθρου.

2249 484 2355 539 Τδν
2380 484 2596 556 Μίθραν
2621 484 2772 538 ἄλλοι
2796 483 2970 548 ἄλλως
2992 484 3249 554 ἐνόμισαν
3268 501 3283 516 ο
3316 485 3367 537 οἰ
3400 485 3497 555 μὲν
3532 483 3654 557 τὰρ
3681 483 3767 539 τὸν

2174 577 2350 649 ἥλιον,
2379 579 2428 644 οξ
2462 576 2520 630 δέ
2553 576 2645 632 τὸν
2680 576 2874 648 ἔφορον
2916 575 3011 630 τοῦ
3047 575 3252 648 πυρὸς,
3281 575 3433 630 ἄλλοι
3462 576 3527 629 δὲ
3561 574 3767 649 εἰδικήν

2177 683 2301 721 τινα
2325 666 2576 735 δύναμιν.
2616 666 2861 720 Γίνονται
2894 666 2951 719 δέ
2978 665 3153 737 τούτῳ
3176 665 3256 736 τῷ
3290 665 3480 739 Μίθρῃ
3504 667 3661 728 τινὲς
3682 683 3767 718 τε-

2176 757 2350 823 λεταὶ,
2382 757 2475 810 καὶ
2508 757 2661 829 παρά
2702 757 2812 811 τῶν
2853 758 3135 813 Χαλδαίων
3180 757 3433 828 μάλιστα.
3473 756 3541 811 Ol
3592 758 3653 810 δὲ
3694 774 3770 809 τε·

2175 850 2426 921 λούμενοι
2474 850 2553 922 τῷ
2604 851 2825 925 Μίθρῃ,
2875 850 3019 906 κατὰ
3068 850 3274 923 βαθμόν
3320 866 3443 902 τινα
3483 847 3768 901 ἐτελοῦντο

2178 941 2489 997 κολάσεων·
2535 943 2803 1014 πρότερον
2847 942 2905 995 δὲ
2953 941 3053 1005 τάς
3089 941 3466 1014 ἐλαφροτάτας
3510 939 3767 1002 κολάσεις

2178 1030 2629 1103 παρελάμϐανον,
2669 1032 2766 1087 καὶ
2808 1028 2909 1085 εἷθ’
2937 1033 3111 1096 οὓτως
3142 1031 3241 1097 τὰς
3279 1031 3763 1106 δραστικωτέρας·

2178 1115 2312 1187 οἷον,
2352 1120 2616 1194 πρότερον
2659 1121 2956 1193 ἐλίμωττον
3003 1122 3201 1187 αὐτοὺς
3228 1109 3358 1186 τοὺς
3401 1120 3768 1194 τελουμένους

2178 1215 2272 1269 ἐπὶ
2301 1214 2639 1285 πεντήκοντα
2663 1214 2898 1285 ἡμέρας,
2929 1216 2979 1268 εἰ
2999 1215 3173 1285 τύχον
3201 1210 3319 1267 εἶτα
3343 1216 3391 1268 εἰ
3421 1214 3608 1285 ἤγαγε
3636 1230 3764 1285 καρ-

2177 1304 2435 1378 τερικῶς,
2471 1305 2690 1359 ἐποίουν
2720 1305 2882 1358 αὐτὸν
2916 1305 3078 1359 πάλιν
3110 1304 3367 1375 ξεσθῆναι
3387 1303 3483 1357 ἐπὶ
3502 1302 3605 1357 δύο
3635 1302 3768 1373 ἡμέ-

2182 1411 2317 1471 ρας·
2349 1394 2468 1451 εἶτα
2506 1396 2667 1451 πάλιν
2696 1400 2776 1461 είς
2820 1396 2975 1468 χιόνα
3012 1397 3238 1467 ποιῆσαι
3272 1396 3479 1449 εἴκοσιν
3518 1395 3765 1469 ἡμέραςο

2180 1489 2276 1543 καὶ
2320 1489 2491 1554 οὕτως
2519 1488 2706 1553 ἁπλῶς
2745 1489 2844 1553 τὰς
2890 1488 3144 1552 κολάσεις
3176 1488 3270 1541 ἐπὶ
3297 1487 3359 1541 τὸ
3401 1489 3599 1560 μεῖζον
3636 1487 3769 1541 κατὰ

2184 1579 2380 1651 μικρὸν
2417 1577 2671 1643 αὔξοντες
2692 1595 2708 1611 ·
2736 1581 2811 1649 ,εἰ
2846 1581 2877 1633 6
2916 1579 3238 1649 τελούμενος
3290 1578 3585 1648 καρτερῶν
3617 1578 3768 1647 ἐφαίο

2182 1686 2324 1737 νετο,
2362 1669 2484 1724 τότε
2514 1670 2706 1724 λοιπὸν
2730 1670 2897 1725 αὑτὸν
2921 1669 3141 1725 ἐτέλουν
3166 1670 3237 1725 τά
3271 1670 3614 1725 τελεώτατα.

2627 1790 2682 1839 ι’.
2725 1784 2867 1854 Περὶ
2902 1782 3014 1854 τῆς
3064 1783 3317 1851 Ἴσιδος.

2262 1896 2333 1951 Ἦ
2360 1891 2501 1961 Ἶσις
2523 1895 2661 1970 αῦτη
2693 1896 2955 1969 ἐνομίσθη
2988 1898 3054 1968 τῇ
3094 1896 3180 1968 Ἰῷ
3208 1896 3285 1968 (1)
3323 1899 3390 1968 τῇ
3424 1895 3772 1969 άρπασθείση

2180 1986 2287 2042 ύπὺ
2308 1988 2403 2043 τοῦ
2436 1986 2588 2052 Διός⁹
2614 1990 2643 2043 6
2682 1987 2795 2060 γὰρ
2841 1988 3011 2054 Ζεὺς,
3045 1988 3234 2060 φησὶν,
3271 1989 3494 2058 ἥρπασε
3532 1987 3636 2059 τὴν
3670 1986 3767 2050 Ἰὼ,

2180 2080 2276 2135 zeal.
2302 2080 2635 2152 φοϐούμενος
2653 2081 2753 2152 τὴν
2781 2081 2961 2152 Ἥραν
2986 2080 3086 2152 τὴν
3104 2079 3300 2135 ἐαυτοῦ
3322 2081 3594 2149 γυναῖκα,
3626 2078 3768 2151 μετέ-

2181 2171 2311 2227 ϐαλε
2336 2171 2436 2243 τὴν
2476 2170 2562 2225 Ἰὼ
2593 2173 2672 2236 εἰς
2698 2170 2844 2242 βοῦν,
2867 2172 2965 2225 καὶ
2990 2171 3124 2224 ποτὲ
3150 2171 3250 2243 μέν
3279 2173 3362 2236 εἰς
3383 2171 3618 2243 λευκὴν,
3649 2169 3766 2224 ποτὲ

2180 2264 2238 2317 δὲ
2275 2264 2356 2328 εἰς
2390 2262 2671 2334 μέλαιναν,
2729 2262 2862 2316 ποτέ
2904 2262 2961 2315 δὲ
3007 2264 3090 2326 εἰς
3138 2262 3414 2328 ἰάξουσαν,
3468 2264 3573 2316 καὶ
3604 2262 3767 2324 οὕτως

2180 2353 2448 2406 ἐπλανᾶτο
2480 2355 2599 2424 μετ’
2642 2353 2835 2423 αὐτῆς.
2889 2348 3101 2407 Ἦλθεν
3148 2349 3242 2407 οῦν
3273 2354 3371 2407 καὶ
3405 2355 3466 2407 ἐν
3515 2354 3765 2424 Αἰγύπτει-

2180 2442 2530 2514 πλανώμενος
2559 2439 2678 2514 μετ’
2719 2443 2894 2513 αὐτῆς
2917 2459 2930 2473 ο
2982 2443 3079 2498 καὶ
3107 2443 3196 2498 διὰ
3231 2444 3391 2498 τοῦτο
3434 2444 3680 2517 τιμῶσιν
3722 2442 3767 2496 οἰ

2179 2532 2468 2603 Αἰγύπτιοι
2487 2532 2587 2605 τὴν
2607 2532 2718 2599 Ἰὼ,
2747 2534 2869 2605 ἦτοι
2900 2534 2998 2608 τὴν
3035 2534 3230 2589 Ἰσιδασ
3255 2534 3336 2589 διδ
3362 2536 3461 2590 ἐπὶ
3482 2535 3584 2589 τοῦ
3610 2535 3761 2604 ἀγάλ-

2183 2641 2353 2695 ματος
2382 2624 2557 2695 αὐτῆς
2590 2624 2686 2677 ἐπὶ
2729 2625 2828 2696 τῆς
2865 2626 3111 2697 κεφαλῆς
3153 2626 3359 2699 κέρατα
3403 2627 3530 2698 βοὸς
3574 2627 3761 2697 ἐγγλύ-

2183 2734 2396 2794 φουσιν,
2442 2716 2801 2790 σημαίνοντες
2835 2719 2937 2790 τῆς
2973 2718 3147 2791 κόρης
3174 2719 3275 2791 τὴν
3306 2722 3387 2784 εἰς
3430 2719 3569 2791 βοῦν
3608 2735 3765 2792 μετι-

2182 2808 2369 2881 ϐολήν.

2433 2921 2525 2976 ια’.
2565 2919 2706 2990 Περί
2728 2919 2850 2975 τῶν
2883 2920 3240 2990 Μενδησίων
3275 2920 3532 2992 τράγων.

2251 3032 2576 3100 Αἰγυπτιστὶ
2606 3034 2634 3085 6
2673 3031 2878 3104 τράγος
2916 3031 3160 3086 καλεῖται
3208 3032 3431 3105 μένδης.
3488 3032 3765 3088 Ἐσέϐοντο

2182 3123 2241 3177 δὲ
2279 3123 2410 3178 ἔνιοι
2442 3123 2551 3177 τῶν
2589 3123 2905 3193 Αἰγυπτίων
2942 3123 3035 3177 τὸν
3066 3124 3267 3195 τράγον
3306 3125 3671 3196 ἀνακείμενον
3706 3125 3762 3193 τῇ

2182 3214 2392 3286 γονίμῳ
2433 3214 2696 3285 δυνάμει·
2728 3214 2947 3283 λέγεται
2977 3214 3086 3286 γὰρ
3127 3215 3408 3285 ὀχευτικὸν
3448 3216 3594 3281 ζῶον
3633 3210 3761 3268 εἶναι

2183 3306 2213 3358 6
2248 3306 2471 3376 τράγος.
2504 3304 2645 3368 Τοὺς
2690 3301 2784 3358 οὖν
2830 3304 3069 3375 τράγους
3112 3306 3161 3358 οἱ
3209 3305 3491 3369 οἰκοῦντες
3536 3308 3675 3359 κατὰ
3713 3303 3765 3355 τὸ

2188 3397 2474 3468 μενδήσιον
2496 3396 2664 3467 κέρας
2695 3396 2795 3450 οὐκ
2816 3396 3025 3467 ἤσθιον,
3063 3396 3203 3451 αἰδοῖ
3228 3395 3325 3449 τοῦ
3354 3399 3587 3468 γονίμου
3617 3397 3759 3450 Θεοῦ·

2185 3488 2389 3559 ἐτίμων
2418 3487 2475 3541 δὲ
2511 3487 2763 3558 μεγάλως
2800 3488 2896 3541 καὶ
2925 3489 3052 3551 τοὺς
3092 3488 3351 3551 αἰπόλους
3387 3488 3500 3541 τῶν
3536 3489 3757 3563 τράγων.

2184 3575 2294 3633 ’Ἦν
2323 3579 2380 3632 δὲ
2401 3579 2496 3632 καὶ
2525 3578 2667 3650 ἱερὸν
2686 3577 2783 3632 τοῦ
2818 3578 3094 3649 Μένδητος
3119 3580 3252 3651 παρ’
3280 3580 3625 3649 Αἰγυπτίοις,
3650 3583 3701 3631 ἐν
3723 3574 3764 3645 ᾧ

2194 3669 2328 3741 ἰερῷ
2362 3669 2427 3723 τὸ
2473 3669 2698 3740 ἄγαλμα
2738 3671 3101 3742 τραγοπελές
3136 3666 3226 3742 ἦν,
3257 3670 3442 3743 ὄρθιον
3479 3674 3546 3726 τὸ
3581 3673 3762 3726 αἰδοῖον

2185 3760 2330 3831 ἔχον.

2638 3872 2725 3942 ιβ’.
2758 3874 2901 3942 Περὶ
2929 3874 3038 3929 τοῦ
3074 3875 3317 3929 Νείλου.

2256 3982 2509 4054 Ποταμός
2543 3984 2689 4037 ἐστιν
2729 3985 2757 4037 6
2788 3984 2979 4050 Νεῖλος
3018 3988 3077 4040 ἐν
3108 3989 3176 4058 τῇ
3203 3985 3488 4058 Αἰγύπτῳ,
3522 3987 3583 4050 ὃς
3610 3986 3760 4055 ὑπερ-

2187 4074 2550 4144 εκχυνόμενος
2604 4075 2693 4129 διὰ
2716 4077 2814 4141 τὰς
2837 4079 3039 4143 αἰτίας,
3064 4079 3131 4142 ἃς
3153 4095 3319 4151 φησιν
3349 4082 3378 4132 6
3413 4079 3757 4148 πανσοφώτα-

2187 4185 2278 4231 τος
2309 4166 2611 4238 Ἡρόδοτος,
2639 4171 2865 4239 τιμᾶται
2888 4172 3021 4243 παρ’
3049 4171 3251 4225 αὐτῶν.
3290 4173 3379 4225 Ἐν
3408 4170 3523 4243 γὰρ
3554 4175 3618 4243 τῇ
3645 4172 3757 4224 ἀνα-

2187 4256 2343 4311 ϐάσει
2388 4255 2620 4326 τιμῶσιν
2664 4258 2826 4312 αὐτὸν
2866 4258 2941 4323 ὡς
2990 4259 3134 4327 θεὸν,
3175 4261 3271 4314 καὶ
3312 4260 3654 4331 εύφημοῦσιν
3690 4257 3755 4319 ὡς

2188 4346 2446 4419 εὐφορίας
2482 4346 2674 4412 αἴτιον,
2719 4349 3030 4421 νομίζοντες
3053 4352 3112 4406 τὸ
3150 4352 3293 4423 ὕδωρ
3318 4351 3379 4405 τὸ
3408 4353 3757 4423 αὐξανόμενον

2118 4422 2161 4476 Ῑ)
2185 4434 2324 4491 εἶναι
2356 4435 2496 4490 θέον.

2189 4556 2255 4625 ιγ’
2261 4593 2276 4608 .
2327 4550 2465 4620 Περί
2514 4550 2633 4608 τῶν
2683 4554 3008 4625 κνωδάλων
3055 4553 3156 4608 καὶ
3211 4552 3331 4607 τῶν
3368 4553 3634 4623 ἑρπετῶν
3676 4544 3753 4604 ὧν

2607 4624 2890 4680 ἐσέϐοντο
2918 4628 2974 4679 οἰ
2995 4626 3325 4695 Αἰγύπτιοι.

2259 4743 2324 4796 Ol
2347 4742 2634 4811 Αἰγύπτιοι
2656 4738 2905 4793 ἐσέϐοντο
2921 4739 3020 4803 τὰς
3043 4737 3200 4802 ἴϐεις,
3222 4738 3349 4802 τοὺς
3370 4736 3748 4808 κροκοδείλους.

2188 4832 2315 4895 τοὺς
2335 4832 2508 4903 ὄφεις,
2534 4833 2634 4896 τὰς
2659 4831 2965 4902 αἰλούρους,
2993 4830 3089 4884 καί
3108 4847 3230 4885 τινα
3249 4832 3359 4883 τῶν
3388 4829 3588 4901 ἰχθύων
3614 4827 3746 4896 γένη,

2192 4925 2252 4992 ἐξ
2283 4926 2478 4995 ἀλόγου
2508 4926 2675 4996 τιμῆς
2713 4927 2925 4988 ἑαυτοῖς
2961 4925 3183 4995 ἀτιμίαν
3225 4924 3593 4995 ποριζόμενοι.
3634 4916 3749 4988 Περὶ

2190 5016 2245 5070 δὲ
2271 5016 2478 5072 τούτων
2528 5018 2916 5089 ἀκριϐέστερόν
2963 5034 3130 5087 φησιν
3174 5020 3203 5071 ὁ
3257 5017 3563 5087 Ἡρόδοτος,
3599 5018 3627 5068 ὁ
3668 5010 3747 5063 καὶ

2192 5111 2320 5182 περὶ
2344 5112 2524 5182 πάσης
2560 5108 2740 5163 αὐτῶν
2764 5109 2863 5179 τῆς
2895 5108 3195 5181 θρησκείας
3229 5108 3325 5161 καὶ
3357 5106 3465 5161 τῶν
3504 5102 3746 5179 βασιλέων

2191 5200 2434 5271 ἀκριϐῶς
2463 5201 2558 5253 καὶ
2584 5199 2670 5255 διὰ
2703 5199 2907 5263 πλάτος
2934 5196 3411 5272 συγγραςάιιενος.
