3856 6220
344 306 480 361 W79
1729 321 1939 382 BASIL]

2050 325 2234 386 ιιΝιιιι
2599 341 2606 346 ·
3484 323 3624 379 1081⁸
3643 337 3655 348 ·

343 421 792 514 pretiosioribus;
817 426 905 488 his
928 430 1086 488 nobis
1115 431 1335 503 quidem
1380 444 1516 491 satis
1549 436 1764 494 abunde
1803 453 1932 511 sup-

2050 444 2116 509 Ξει
2146 443 2257 496 τῶν
2290 438 2620 497 συνθεόντων
2653 442 2858 514 μορίων
2885 438 3363 513 περιεστιγμένας.
3400 436 3632 490 Τοιοὺτὰ

343 513 599 583 peditatis
636 517 794 588 juxta
823 538 1134 580 mensuram
1176 529 1468 597 praeeuntis
1510 545 1760 601 supernae
1797 548 1926 603 gra-

2050 551 2115 588 τοι
2148 533 2386 606 [Band.,
2431 532 2598 590 Coisl.
2639 513 2883 587 τοιοῦτόν
2916 532 3008 606 τι]
3037 533 3098 585 τὸ
3123 532 3414 603 ἡμέτερον,
3450 529 3626 600 Γαλη-

343 606 462 674 ιίω;
494 611 650 668 vobis
684 629 814 669 vero
846 631 958 671 non
1002 617 1216 689 ingrate
1248 620 1645 690 accipientibus
1684 623 1925 695 disposi-

2050 624 2221 679 οότατε
2241 663 2257 689 ,
2284 624 2455 696 δῶρον
2475 642 2490 657 ο
2519 624 2731 678 τοιοῦτό
2760 641 2841 678 σοι
2868 624 2948 695 τῷ
2977 623 3247 693 φιλολόγῳ
3280 621 3347 675 τὸ
3376 636 3628 692 προσφε-

344 698 546 770 tisque,
582 711 639 757 ut
673 715 829 775 puto,
859 721 1123 780 quantum
1154 713 1416 768 aestimari
1454 714 1584 770 licet
1621 717 1691 772 de
1729 726 1925 774 vestrae.

2050 719 2286 788 »ὁμενοψ
2315 717 2526 781 τούτοις
2553 735 2612 772 σε
2648 717 2992 787 δεξιούμεθα,
3028 716 3227 778 παντὸς
3263 713 3493 768 ἐπαίνου
3523 711 3626 765 καὶ

344 794 540 848 mentis
567 801 934 865 generositate
963 810 1126 873 atque
1161 804 1216 858 in
1247 805 1505 862 scientias
1533 808 1735 864 studio.

2050 809 2267 865 παιάνων
2309 809 2423 880 (16)
2457 810 2764 881 κρείττοσιν
2802 809 3114 862 ἐπινικίων·
3161 811 3274 870 τοῖς
3319 807 3458 876 ἡμῖν
3503 805 3628 873 μὲν,

344 887 1068 962 προσευπορηθεῖσι[Βαηά.
1095 894 1226 964 ἡμῖν
1251 895 1529 968 προευπ.]
1561 897 1703 952 κατὰ
1767 897 1829 952 τὺ
1895 899 2092 971 μέτρον
2141 902 2240 970 τῆς
2309 899 2518 955 ἄνωθεν
2578 900 2803 971 χάριτος
2855 898 3293 972 χορηγηθείσης,
3343 899 3481 966 ὑμῖν
3537 895 3622 956 δὲ.

345 977 749 1048 προσενεχθεῖσι
821 981 914 1036 καὶ
944 984 1353 1055 προσδεχθεῖσιν
1386 988 1487 1040 οὑκ
1519 989 1732 1061 ἀηδῶς,
1772 987 1949 1062 οἶμαι,
1989 991 2182 1045 ὁπόσον
2212 990 2424 1063 [Βαιιά.
2475 991 2664 1064 ὅπως]
2704 991 2853 1045 ἐστὶν
2881 991 3100 1045 εἰκάσαι
3156 992 3218 1045 τὸ
3260 991 3487 1059 εὑγενές
3526 987 3628 1040 καὶ

344 1071 736 1143 φιλεπίστημον
763 1073 864 1143 τῆς
894 1075 1167 1147 ὑμετέρας
1212 1077 1412 1150 [Βαηά.
1461 1081 1770 1154 ἡμετέραςΊ
1807 1083 2073 1148 διανοίας.

412 1166 492 1223 Ita
518 1183 577 1223 se
602 1167 762 1222 habet
789 1169 1127 1240 propositum
1153 1186 1354 1227 meum.

2099 1177 2254 1247 Ἔχει
2289 1176 2349 1230 δέ
2391 1195 2481 1247 μοι
2507 1169 2611 1231 ὧδε
2640 1171 2848 1245 [CoisL
2892 1177 3070 1232 Band.
3105 1173 3211 1231 ὧδέ
3243 1177 3372 1248 μοι]
3418 1177 3491 1231 τὰ
3522 1178 3626 1248 τῆς

2022 1268 2356 1334 ὑποθέσεως.

345 1434 1014 1528 δῖε-ιν
1049 1441 1289 1528 γὰρηχρῂ
1311 1441 1510 1528 τῶιτᾶς
1740 1447 1926 1502 κάλλει

2050 1451 2390 1528 ικτεταμένα,
2409 1451 2565 1521 juxta
2593 1453 2765 1528 ms._A
2780 1451 3236 1528 87_bib_lio_thec_a3
3270 1449 3622 1528 Μέχρι-ἱππεὶς.

345 1506 528 1602 τιτι-καὶ
558 1506 793 1602 πλοὺτιρ,
833 1494 1093 1602 μᾶλλοχιῖἢ
1120 1494 1322 1582 infici;
1350 1494 1508 1582 δψιοξ
1529 1494 1926 1589 ἐαΐτῶνῖρἦξ

347 1593 379 1602 η
427 1577 665 1602 -..μη-ἒ.
699 1596 728 1602 .-
767 1595 795 1602 -.
824 1581 929 1602 --.\.-
963 1598 992 1602 __
1063 1598 1150 1602 η--
1183 1584 1270 1602 --με
1365 1583 1471 1602 κε’-.
1765 1586 1778 1602 ο

2050 1494 3153 1602 ”’ῐῑόῖήᾙσὶζᾷηἷῶδ’ἷεξὲιῗὶἱί“εἱ’ΒέἱιῊίἶὶἷόῗ
3164 1494 3447 1588 "nisis-1‘3?
3462 1494 3625 1573 ῖὲαἷόἰ

345 1575 534 1647 μάτων
557 1591 572 1609 ο
595 1577 666 1630 τά
697 1575 795 1648 μὲν
824 1575 933 1650 γὰρ
958 1575 1150 1649 φθόνος
1169 1575 1277 1634 ’καὶ
1304 1575 1513 1646 ννοὺσος
1543 1575 1923 1658 παραιρέέταὶ,

346 1645 412 1700 τά
433 1645 491 1699 δὲ
523 1646 687 1718 μέχρι
716 1648 928 1720 θανάτῳ
958 1653 1184 1723 πάρεντι
1220 1653 1602 1725 ἐντεταγμένα.
1651 1656 1924 1724 Emendo,

2050 1575 2173 1658 uw‘v;
2201 1575 2465 1660 Coislin.,
2493 1575 2768 1650 παιώνῖυν.

349 1845 3602 1876 _.._..______.______________________________

1468 2014 1904 2104 BASILII
1979 2010 2488 2107 SCHOLIA

1049 2201 1118 2257 IN
1169 2203 1500 2261 GREGORII
1536 2205 1943 2263 ORATIONEM
1981 2206 2311 2266 [CONTRA
2357 2209 2710 2269 JULIANUM
2770 2211 2908 2270 IMP.

449 2532 520 2589 In
577 2533 806 2604 primum
879 2533 1172 2608 orationem
1218 2534 1590 2588 steliteuticam
1639 2546 1827 2589 contra

2050 2539 2138 2604 Εἰς
2182 2536 2351 2608 (Cod.
2400 2550 2453 2606 p.
2494 2534 2635 2603 262)
2693 2535 2803 2589 τὸν
2831 2535 2887 2588 α’
2915 2535 3058 2608 *τῶν
3096 2536 3245 2590 κατὰ
3290 2538 3630 2596 Ἰουλιανοῦ

975 2602 1279 2658 lulianum.

417 2716 539 2777 Non
580 2718 851 2776 obscurus
892 2719 1165 2776 sermonis
1219 2717 1373 2784 linis,
1410 2718 1690 2788 Apostataa
1734 2718 1933 2790 nequi-

347 2811 478 2866 tiam
521 2811 884 2881 exprobrans,
929 2811 1232 2880 multisque
1274 2825 1397 2864 eum
1449 2810 1728 2866 lacessens
1768 2825 1932 2881 argu-

347 2900 570 2964 mentis,
605 2900 853 2972 quinimo
878 2907 932 2954 et
959 2899 1197 2970 propriis
1238 2899 1435 2970 pennis
1472 2900 1761 2971 sagittans,
1805 2901 1931 2971 qui-

347 2989 449 3047 bus
477 2992 582 3048 iste
609 2990 770 3061 quasi
814 3005 909 3060 per
951 3004 1076 3045 aera
1128 2999 1355 3058 vagatus
1399 2989 1672 3045 exaltatus
1714 2999 1826 3055 est,
1878 2996 1934 3044 et

346 3083 570 3148 fabulis,
599 3083 868 3147 historiis,
897 3081 1332 3152 SOphismatibus
1377 3080 1771 3147 fraudulentis,
1797 3097 1936 3153 prae-

346 3176 637 3250 stigiisque
664 3185 717 3230 et
745 3173 1050 3240 sacriﬁciis,
1083 3189 1148 3227 ac
1187 3173 1491 3229 daemonum
1538 3174 1936 3244 fraudibusquc

346 3275 404 3324 et
427 3266 668 3322 oraculis
694 3266 959 3320 adversus
990 3280 1090 3320 nos
1123 3273 1286 3334 atque
1307 3263 1587 3320 Christum
1617 3280 1742 3319 cum
1778 3267 1934 3336 igno-

348 3358 520 3414 minia
550 3358 798 3414 invectus
828 3369 931 3413 est.
965 3356 1199 3411 Maxima
1233 3357 1400 3427 igitur
1433 3359 1718 3427 supposita
1761 3368 1935 3412 mate-

349 3450 470 3518 ria,
519 3451 727 3506 multus
771 3459 857 3506 est
896 3447 1047 3502 Patri
1097 3450 1369 3504 sermonis
1420 3448 1638 3503 artiﬁcii
1689 3449 1932 3504 habitus.

349 3541 508 3598 Nunc
532 3542 754 3613 quidem
777 3540 1122 3612 panegyrice,
1155 3556 1302 3594 nunc
1327 3554 1455 3594 vero
1472 3537 1717 3608 judiciali
1750 3541 1932 3606 modo,

350 3649 500 3690 nunc
529 3641 712 3689 autem
744 3633 1095 3688 deliberative
1130 3631 1396 3701 procedit,
1425 3631 1585 3701 juxta
1616 3646 1790 3702 genus
1816 3647 1937 3686 om-

351 3743 422 3783 ne
475 3727 609 3781 artis
656 3722 855 3780 inﬂexo
903 3724 1221 3794 variatoque
1266 3739 1540 3779 sermone.
1576 3722 1642 3777 Et
1681 3723 1936 3794 mythicis

352 3819 574 3890 quidem
617 3816 1098 3872 adinventionibus
1130 3823 1294 3887 atque
1339 3815 1585 3872 historiis
1615 3815 1934 3881 abundavit,

2513 2605 2984 2674 Στηλιτευτιχῶν
3013 2608 3144 2678 (l7).

2102 2719 2217 2772 Οὑκ
2261 2716 2372 2787 (l8)
2421 2717 2616 2788 ἄδηλος
2666 2720 2696 2772 ό
2738 2719 2940 2783 σκοπὸς
2994 2719 3094 2791 τὴν
3143 2719 3239 2774 τοῦ
3288 2722 3631 2790 Παραεάτου

2036 2809 2365 2880 στη).ιτεὺων
2403 2809 2634 2876 κακίαν,
2677 2813 2772 2865 καὶ
2805 2811 3017 2876 πολλοῖς
3061 2812 3272 2883 βάλλων
3302 2814 3470 2867 αὑτὸν
3513 2818 3631 2879 τοῖς

2034 2902 2460 2972 ἐγχειρήμασιν,
2519 2901 2580 2952 οὑ
2627 2902 2786 2972 μόνον
2835 2901 2927 2968 δὲ,
2968 2902 3105 2956 ἀλλὰ
3144 2904 3241 2957 καὶ
3285 2907 3400 2968 τοῖς
3454 2905 3631 2960 αὑτοῦ

2034 2993 2254 3060 πτεροῖς
2289 2991 2402 3062 (19)
2443 2991 2854 3057 κατατοξεὺων,
2897 2987 2980 3056 οἷς
3041 2995 3246 3056 ἐκεῖνος
3298 2994 3628 3064 ἀεροϐατῶν

2034 3081 2268 3152 ἐπήρθη,
2305 3083 2398 3134 καὶ
2428 3081 2619 3152 μύθοις
2652 3085 2746 3136 καὶ
2777 3083 3059 3155 ἱστορίαις,
3084 3086 3179 3138 καὶ
3208 3085 3512 3156 σοφίσμασι
3537 3086 3629 3140 50—

2033 3171 2238 3244 λεροῖς,
2268 3172 2542 3243 γοητείαις
2570 3191 2628 3226 τε
2659 3175 2754 3228 καὶ
2785 3173 3020 3241 θυσίαις,
3054 3177 3150 3229 καὶ
3182 3178 3456 3248 δαιμόνων
3485 3179 3631 3234 ἀπά-

2032 3278 2153 3324 ταις
2194 3278 2254 3314 τε
2298 3262 2389 3315 καὶ
2447 3267 2713 3334 χρησμοῖς
2763 3266 2886 3318 καθ’
2939 3265 3096 3337 ήμῶν
3147 3285 3206 3321 τε
3243 3269 3338 3322 καὶ
3377 3269 3630 3340 Χριστοῦ

2036 3351 2324 3424 ἐξυϐρίσας
2373 3354 2731 3426 ἐπτερύξατο.
2781 3358 3047 3430 Πλείστης
3087 3359 3143 3412 δὲ
3181 3361 3314 3432 ὅσης
3342 3363 3444 3432 τῆς
3490 3362 3630 3436 ὕλης

2036 3443 2433 3516 ὑποκειμένης,
2487 3446 2652 3510 πολύς
2683 3447 2800 3501 ἐστι
2829 3448 2906 3519 τῷ
2943 3449 3117 3520 Πατρὶ
3153 3450 3266 3522 (20)
3305 3453 3402 3505 καὶ
3465 3456 3496 3507 ὁ
3524 3455 3632 3524 τῆς

2033 3534 2227 3605 τέχνης
2255 3535 2349 3588 τοῦ
2382 3537 2540 3605 λόγου
2567 3555 2666 3620 σχη
2677 3540 2966 3610 ματισμός.
2994 3541 3080 3610 Πῆ
3114 3542 3214 3610 μὲν
3236 3542 3346 3614 γὰρ
3373 3561 3631 3616 πανηγυ-

2037 3624 2234 3696 ρικῶς,
2265 3626 2341 3696 πῆ
2379 3626 2434 3679 δὲ
2465 3627 2784 3695 δικανικῶς,
2815 3630 2893 3700 πῆ
2923 3631 2980 3684 δὲ
3013 3631 3108 3686 καὶ
3144 3634 3633 3703 συμϐουλευτικῶς

2035 3717 2285 3788 πρόεισι,
2310 3718 2452 3772 κατὰ
2481 3721 2588 3772 πᾶν
2623 3715 2764 3784 εἶδος
2789 3722 2887 3792 τῆς
2919 3722 3117 3792 τέχνης
3151 3725 3524 3795 στρεφόμενός
3559 3744 3629 3782 τε

2036 3807 2132 3860 καὶ
2161 3807 2588 3880 ποικιλλόμενος.
2623 3811 2734 3863 Καὶ
2771 3811 3012 3882 μυθικῶν
3050 3814 3109 3866 δὲ
3133 3814 3470 3884 πλασμάτων
3505 3817 3629 3890 (2!)

354 3915 848 3981 confutationibus,
875 3923 935 3970 ut
954 3931 1023 3972 ex
1047 3915 1326 3987 proposito
1348 3932 1575 3972 necesse
1601 3924 1741 3980 erat,
1769 3917 1934 3972 simul

2050 3901 2130 3969 tati
2163 3901 2412 3974 ἱστοριῶν
2449 3903 3246 3978 προσευπόρησεψάνασκευῶν
3285 3925 3630 3978 συναναφαι-

359 4007 665 4065 enuntiatis
689 4007 1076 4078 adjunctisque
1125 4009 1180 4063 vi
1229 4023 1546 4064 sermonum
1595 4008 1938 4080 argumentis

354 4107 414 4158 et
442 4099 734 4158 sententiis
765 4101 1146 4172 probationum
1182 4102 1541 4160 connexione.

424 4367 625 4423 Audite
660 4366 791 4433 hinc,
833 4382 1013 4421 omnes
1054 4373 1230 4436 gentes
1264 4365 1306 4430 ⁸,
1355 4372 1410 4419 et
1446 4377 1568 4434 qua:
1606 4371 1933 4434 sequuntur.

356 4461 616 4518 Prommii
660 4459 900 4531 protasis
940 4475 971 4516 e
1013 4457 1348 4530 propheticis
1395 4456 1701 4512 desumitur
1729 4455 1932 4522 verbis,

356 4553 599 4609 maxime
625 4552 910 4623 proposito
937 4550 1365 4616 accommodata,
1393 4550 1448 4605 in
1477 4565 1589 4620 quo
1610 4549 1677 4605 de
1707 4547 1941 4619 impera-

354 4653 480 4702 tore
536 4643 748 4717 agitur,
805 4642 900 4714 qui
952 4643 1142 4698 multis
1197 4643 1449 4714 gentibus
1508 4657 1572 4698 ac
1628 4640 1940 4696 civitatibus

355 4744 610 4809 praeerat,
657 4734 1086 4804 universumque
1126 4742 1399 4790 terrarum
1432 4735 1618 4790 orbem
1653 4733 1766 4788 fere
1808 4747 1943 4788 con-

357 4834 641 4892 cusserat,
671 4833 727 4881 et
760 4825 820 4880 in
868 4823 1158 4881 Excelsum
1205 4826 1540 4897 impietatem
1573 4825 1791 4880 locutus
1825 4823 1944 4880 fue-

472 4970 493 5004 ¹
521 4969 671 5027 Psal.
709 4985 898 5034 vam,
929 4969 984 5024 2.

431 5107 545 5179 (l7)
575 5107 828 5173 Coisnn.,
850 5108 929 5171 εἰς
957 5106 1048 5160 τὸν
1079 5105 1222 5160 κατὰ
1272 5105 1562 5160 Ἰουλιανοῦ
1606 5107 1940 5178 στηλιτευτι-
1969 5110 2016 5166 D

359 5179 461 5237 κδν
487 5185 560 5235 α’.

434 5250 547 5323 (18)
568 5247 630 5323 D_.
649 5245 1105 5323 Clemencetusjn
1137 5245 1348 5323 genito
1363 5247 1429 5302 ad
1447 5246 1771 5323 Steliteutz’ca
1798 5247 1943 5323 hunc

359 5317 543 5377 locum
572 5319 704 5375 citat
736 5319 967 5374 averbis
994 5317 1094 5389 οὑκ
1129 5318 1322 5389 ἄδηλος
1369 5334 1543 5388 usque
1580 5318 1648 5372 ad
1681 5317 1942 5371 ποικιλλό-

365 5407 546 5462 μενος..
598 5390 776 5462 Αὑτὸν
803 5389 1010 5462 βάλλων
1035 5388 1186 5462 legit,
1219 5388 1402 5444 minus
1434 5389 1592 5462 bene.

435 5459 544 5528 (19)
597 5457 880 5516 Manifeéte
921 5457 1128 5530 alludit
1174 5468 1365 5514 auctor
1411 5459 1481 5530 ad
1541 5459 1687 5515 illius
1747 5458 1943 5530 aquilae

362 5530 530 5585 verba
551 5545 691 5600 quae,
719 5530 874 5599 juxta
911 5528 1176 5595 fabulam,
1205 5529 1452 5600 propriis
1491 5531 1700 5586 exuviis
1740 5528 1944 5596 penna—

364 5608 476 5670 tam
505 5598 919 5670 viditrsa’gittam
951 5614 1057 5670 qua
1087 5598 1344 5670 confossa
1373 5600 1612 5667 jacebat.
1632 5641 1643 5653 .
1665 5641 1678 5654 .
1710 5601 1808 5670 οὑχ
1852 5600 1944 5652 ὑπ’

363 5668 454 5724 ἄλ)
464 5686 560 5741 ων,
582 5669 721 5741 gnua
740 5668 853 5732 τοῖς
871 5669 1050 5741 αὐτῶν
1079 5669 1302 5741 πτεροῖς
1335 5670 1687 5741 ἀλισκόμεθα.

457 5738 548 5808 ‘20)
577 5736 635 5809 S.
652 5737 962 5809 Gregorius
987 5736 1383 5795 Nazianzenus.

460 5807 552 5878 2|)
579 5807 730 5868 Alias
761 5807 852 5882 (ad
873 5807 1170 5880 Marinum,
1200 5825 1252 5880 p.
1288 5811 1412 5879 115,
1437 5809 1560 5883 MS)
1590 5810 1708 5868 haec
1754 5812 1920 5870 verba

2035 3995 2278 4066 νομένων
2316 3996 2630 4065 ἀναγκαίως
2675 3999 2741 4068 τῇ
2778 3998 3064 4065 ὑποθέσει,
3093 3999 3188 4052 καὶ
3222 4004 3629 4074 συνυφαινομέ-

2037 4105 2143 4143 νων
2174 4087 2376 4160 [(Ιοὶιςί.
2419 4090 2916 4163 συμφαινομένων]
2943 4091 3170 4162 δυνάμει
3197 4092 3369 4162 λόγων
3397 4099 3510 4160 τοῖς
3536 4098 3631 4150 ὲν-

2039 4181 2326 4252 θυμήμασι
2364 4180 2457 4234 καὶ
2502 4183 2892 4254 ἐπιχειρήμασι
2922 4186 2988 4255 τῇ
3020 4185 3328 4255 συμφράσει
3359 4187 3469 4258 (22)
3512 4188 3630 4243 τῶν

2038 4273 2388 4338 ἀποδείξεων.

2111 4361 2230 4418 Col.
2255 4362 2362 4416 552
2388 4363 2433 4416 Α
2453 4363 2508 4418 2.
2548 4365 2864 4419 Ἀκούσατε
2886 4365 3095 4432 ταῦτα,
3129 4367 3329 4422 πάντα
3355 4367 3429 4423 τὰ
3451 4367 3626 4436 ἔθνη,

2043 4455 2137 4508 καὶ
2163 4455 2232 4507 τὰ
2260 4455 2408 4524 ἐξῆς.
2440 4453 2548 4508 ’1ὀῦ
2591 4457 2880 4528 προοιμίου
2913 4459 2947 4528 ἡ
2993 4459 3260 4529 πρότασις
3297 4462 3362 4514 ἐκ
3398 4461 3626 4532 Προφη-

2044 4549 2213 4603 τικῶν
2241 4547 2492 4618 εἴληπται
2535 4548 2728 4618 φωνῶν
2767 4550 2906 4618 ἄγαν
2943 4552 3294 4621 προσήκουσα
3327 4555 3393 4623 τῇ
3422 4553 3627 4607 ὑποθέ-

2047 4655 2160 4703 σει,
2189 4641 2246 4692 ἐν
2343 4639 2712 4712 Αὐτοκράτωρ
2751 4641 2851 4711 μὲν
2881 4641 3185 4707 ὑπόκειται,
3210 4644 3422 4697 πολλῶν
3451 4644 3628 4698 ἐθνῶν

2045 4732 2301 4804 ἐπάρχων
2342 4734 2436 4786 καὶ
2470 4732 2697 4796 πόλεων,
2733 4732 2828 4787 καὶ
2859 4734 3058 4803 μικροῦ
3084 4737 3263 4789 πᾶσαν
3293 4737 3628 4800 κατασείσας

2045 4823 2145 4896 τὴν
2188 4823 2544 4895 οἰκουμένην,
2578 4824 2671 4876 καὶ
2703 4825 2783 4886 εἰς
2814 4825 2876 4878 τὸ
2922 4825 3055 4895 ὕψος
3093 4827 3329 4900 λαλήσας
3373 4828 3626 4896 ἀδικίαν,

2091 5104 2206 5157 ὗθοι
2235 5104 2332 5158 καὶ
2355 5104 2670 5174 πλάσματα,
2719 5101 2922 5174 μυθικὰ
2967 5100 3282 5174 πλάσματα,
3304 5101 3623 5174 inusti-avi.

2097 5174 2291 5228 idenda
2342 5169 2514 5228 etiam"
2541 5190 2662 5242 quae
2711 5169 2985 5228 recentius
3009 5169 3355 5242 Aolgéervavit
3383 5169 3626 5224 Witten-

2044 5245 2185 5299 bach
2216 5245 2272 5298 in
2301 5245 2440 5299 libro
2490 5243 2530 5297 ll
2559 5239 2948 5298 ΡΙιὶιοηιαιΙιίω.
2999 5240 3056 5295 S.
3091 5239 3360 5296 Theodori
3390 5255 3628 5312 panegy—

2045 5315 2178 5370 rista
2205 5314 2290 5370 bis
2315 5315 2419 5369 hoc
2456 5315 2711 5384 loquendi
2737 5314 2899 5368 modo
2934 5312 3137 5366 utitur:

2058 5423 2153 5487 Ὡς
2181 5421 2420 5490 πρᾶγμα
2448 5421 2545 5474 καὶ
2575 5421 2684 5490 γὰρ
2715 5418 2966 5490 πλᾴσμα
2992 5418 3099 5472 τοῦ
3118 5418 3311 5490 μύθου
3331 5416 3566 5490 βλέπω.
3584 5457 3623 5473 ..

2043 5485 2151 5547 Καὶ
2173 5485 2719 5560 τοὺς’ὸνπορεῖς’σου
2746 5488 2865 5544 τῶν
2882 5485 3088 5560 ξιιύθωγ
3105 5485 3205 5542 καὶ
3232 5486 3626 5555 πλασμάτων.

2117 5600 2228 5666 (22)
2256 5599 2577 5669 Fortejﬁcs
2609 5592 3463 5669 cupopdg2t._Vox_qﬁu<ppam§,
3502 5607 3629 5660 quae

2045 5671 2102 5724 in
2125 5663 2404 5724 Thesauro
2431 5663 2654 5722 llenrici
2682 5663 2961 5734 Stephani
3003 5665 3361 5734 desideratur,
3410 5663 3523 5734 hic,
3568 5670 3630 5716 ut

2047 5747 2199 5806 puto,
2252 5740 2430 5794 innuit
2485 5740 2703 5804 seriem,
2759 5731 3156 5806 connexionem
3212 5731 3627 5805 probationum.

2045 5805 2180 5869 Vide
2213 5810 2421 5867 Ernesti
2445 5807 2672 5864 Lexicon
2707 5805 3133 5872 teclmoloqicum.
