3856 6220
164 341 317 398 εῢω

1110 337 1405 396 SCIIOLIA
1445 336 1514 393 IN
1549 335 1763 396 ORAT.
1802 337 1823 392 I
1859 333 2139 393 CONTRA
2174 329 2543 390 JULIANUM.

3325 321 3463 379 ἰθῗὲ-

159 459 271 512 xui.
321 459 402 522 τις
448 457 611 512 αὑτὸν
659 456 752 512 τὸν
792 455 888 511 τοῦ
927 457 1128 522 παντὸς
1178 459 1385 530 κόσμου
1427 457 1618 530 κύριον
1670 459 1753 513 καῖ

1880 463 1956 510 rat
2001 457 2045 523 ¹,
2089 461 2254 524 atque
2301 452 2357 506 in
2411 451 2591 521 ipsum
2642 446 2813 502 totius
2857 441 3050 500 mundi
3087 440 3374 496 Dominum
3406 449 3461 496 ct

161 549 462 618 τεχνίτην’
505 547 730 610 εἰκότως
755 543 847 601 οὗν
869 548 990 618 οὐχὶ
1014 551 1140 610 τοὺς
1171 548 1268 620 τὴν
1311 549 1636 620 οἰκουμένην
1673 549 1770 620 μόο

161 654 266 691 νον
305 636 587 699 οἰκοῦντας
618 636 807 704 καλεῖ,
856 637 994 690 ἀλλὰ
1040 638 1135 690 καὶ
1177 637 1277 702 τὰς
1307 639 1590 710 οὐρανίους
1628 638 1764 710 [Sic.

163 726 354 784 Coisl.
389 727 523 784 Cod.
569 730 675 785 575
712 727 992 802 οὐρανίας]
1029 730 1208 794 πάσας
1240 731 1540 802 Δυνάμεις,
1578 731 1640 784 τὸ
1665 732 1766 802 κή-

165 835 373 888 ρυγμα
407 819 668 889 μειζόνως
720 819 985 889 ἐπαίρων,
1043 821 1118 884 ὡς
1149 819 1214 873 ἐκ
1255 839 1398 884 τινος
1447 821 1764 892 περιωπῆς

160 909 340 962 τοῦτο
359 911 470 981 γὰρ
491 912 554 962 τὸ
579 910 853 964 ἄποπτον
879 909 1154 980 βούλεταί,
1190 910 1249 974 ἐξ
1281 902 1342 964 οὗ
1370 911 1521 965 ἔστὶν
1541 910 1768 980 ὄψεσθαι

161 1001 374 1066 πολλὰ,
402 1001 630 1072 μηδενὸς
649 1001 771 1071 ὄψιν
792 1002 886 1054 καὶ
913 1001 1094 1072 φωνὴν
1120 1002 1594 1074 ἐπιπροσθοῦν-τος.
1616 1001 1768 1055 Ἐπεὶ

160 1086 272 1143 οῦν
321 1091 418 1143 καὶ
469 1091 605 1162 πρὸς
646 1090 975 1162 οἰκουμένην
1020 1091 1150 1161 ὃλην
1192 1091 1284 1144 καὶ
1334 1089 1537 1162 κόσμον
1587 1091 1706 1143 ὅλον
1739 1089 1768 1142 ό

159 1180 370 1250 λόγος,
419 1182 519 1235 οὐκ
562 1183 632 1246 ἐξ
675 1182 949 1236 ἀπόπτου
1008 1182 1194 1254 μόνον,
1250 1182 1386 1237 ἀλλὰ
1434 1182 1528 1235 καὶ
1553 1198 1765 1251 μεσαι-

161 1275 367 1346 τάτης
399 1276 502 1348 ἔφη
544 1275 881 1345 περιωπῆς*
936 1274 1050 1328 ἐστι
1103 1275 1201 1346 μὲν
1255 1274 1366 1346 γάρ
1414 1292 1531 1338 πως
1578 1276 1672 1327 καὶ
1710 1275 1768 1327 ἐν

164 1368 372 1440 ὑψηλῷ
399 1369 522 1422 τινὰ
552 1369 644 1421 καὶ
673 1369 731 1420 ὲν
759 1368 988 1438 ἀπόπτῳ
1019 1362 1156 1420 εἶναι
1175 1409 1190 1430 ,
1229 1367 1303 1438 μὴ
1337 1365 1443 1438 μὴν
1476 1367 1533 1418 ὲν
1565 1383 1769 1436 μεσαι-

165 1461 328 1531 τάτῳ
366 1460 463 1514 καὶ
501 1459 596 1513 ἐπὶ
635 1457 874 1531 κέντρῳ·
923 1459 1017 1511 καὶ
1051 1458 1109 1510 οὐ
1144 1459 1208 1529 δή
1234 1475 1335 1512 που
1370 1457 1629 1530 πρόσεστι
1657 1455 1767 1511 τῶν

166 1552 599 1623 κηρυττομένων
629 1551 721 1604 ὑπ’
749 1551 914 1603 αὐτοῦ
937 1550 1146 1614 πάντας
1175 1549 1370 1620 ἐπίσης
1392 1548 1622 1602 ἐπαΐειν.

247 1641 372 1698 Col.
397 1643 502 1696 555
524 1641 550 1694 1
579 1641 644 1694 Α.
678 1640 854 1708 Πλὴν
882 1640 1051 1694 ὅσον.
1077 1641 1208 1711 Διχῆ
1233 1639 1530 1694 διαστέλλει
1556 1638 1766 1702 τούτοις

167 1733 270 1787 καὶ
301 1733 396 1786 τὸν
432 1730 634 1784 σκοπὸν
669 1731 838 1801 χωρὶς
867 1730 1080 1800 ἵστησιν
1121 1730 1368 1794 Ἡσαΐου,
1401 1729 1492 1783 τὸν
1524 1730 1621 1800 μὲν
1641 1731 1765 1783 ὅσον

1869 548 2158 602 artificem.
2189 544 2308 600 Non
2333 543 2604 599 immerito
2636 541 2802 612 igitur
2828 554 2936 594 non
2968 545 3244 592 terrarum
3272 536 3461 590 orbem

1871 640 2174 695 incolentes
2209 636 2372 692 modo
2399 641 2576 699 vocat,
2606 633 2701 688 sed
2731 641 2785 688 et
2813 630 3066 686 caelestes
3091 643 3282 683 omnes
3310 635 3460 697 pote-

1869 738 2061 794 states,
2111 730 2474 784 advocatione
2527 726 2692 779 altius
2741 724 2907 788 elata,
2953 721 3114 792 quasi
3162 737 3194 774 e
3238 715 3459 788 specula

1869 821 2126 892 quadam.
2165 819 2279 873 Hoc
2323 819 2469 874 enim
2514 817 2631 870 vult
2680 813 2980 880 ἄποπτον,
3027 813 3083 866 id
3125 819 3308 866 estex
3352 826 3461 879 quo

1869 913 2039 968 multa
2074 913 2203 966 licet
2235 911 2502 981 aspicere,
2537 908 2673 962 nihil
2707 907 2896 961 oculos
2935 905 3020 959 vel
3050 919 3238 959 vocem
3272 902 3462 972 prohi-

1867 1005 2050 1059 bente.
2083 1004 2217 1059 Cum
2264 1003 2432 1072 igitur
2459 1009 2515 1055 et
2542 999 2609 1052 ad
2638 998 2954 1052 universam
2983 1005 3206 1057 terram,
3235 994 3459 1048 univer-

1868 1110 2100 1165 sumque
2140 1094 2405 1148 mundum
2446 1106 2628 1146 sermo
2659 1089 2761 1152 sit,
2797 1103 2905 1142 non
2947 1103 3012 1140 ex
3040 1085 3184 1139 edita
3219 1093 3461 1137 tantum-

1870 1189 2052 1250 modo,
2091 1187 2186 1242 sed
2228 1201 2292 1240 ea:
2348 1185 2735 1239 mediterranea
2775 1180 2986 1250 specula
3035 1179 3194 1234 dixit.
3243 1176 3459 1232 Etenim

1868 1274 1984 1330 fieri
2012 1281 2192 1345 potest
2228 1281 2287 1327 ut
2321 1273 2502 1343 quivis
2553 1272 2608 1326 in
2662 1271 2881 1326 excelso
2928 1269 3164 1339 quodam
3203 1268 3461 1338 cditoque

1868 1368 1989 1421 loco
2026 1365 2098 1421 sit
2131 1366 2500 1431 constitutus,
2554 1379 2666 1418 non
2715 1370 2898 1418 autem
2947 1363 3004 1416 in
3056 1361 3461 1416 mediterraneo

1865 1466 1920 1512 et
1953 1457 2008 1511 in
2041 1465 2264 1523 centro,
2317 1471 2497 1525 neque
2544 1455 2612 1510 ab
2664 1453 2954 1518 omnibus,
2993 1453 3059 1508 ad
3105 1467 3246 1523 quos
3292 1451 3461 1507 verba

1867 1549 2018 1613 facit.
2052 1551 2257 1621 pariter
2287 1549 2640 1604 exaudiatur.

1938 1639 2056 1696 Hoc
2086 1659 2246 1695 unum
2274 1643 2512 1694 interest.
2542 1637 2639 1694 llis
2663 1638 2858 1693 dividit
2887 1635 3245 1709 propositum,
3275 1643 3463 1689 osten-

1866 1735 2055 1806 ditque
2101 1736 2170 1791 ab
2215 1734 2369 1790 Isaia:
2398 1732 2674 1787 diversum
2722 1751 2735 1788 :
2784 1732 2872 1786 hic
2901 1731 3046 1786 enim
3091 1744 3155 1784 ea
3193 1728 3262 1782 ob
3297 1725 3462 1782 Israel

166 1826 268 1880 ἐπὶ
292 1824 374 1896 τῷ
407 1823 622 1894 Ἰσραὴλ
643 1822 932 1892 ὴθετηκότι
958 1819 1362 1892 μαρτύρασθοιι,
1385 1821 1475 1874 τὸν
1496 1821 1552 1873 δε
1578 1821 1753 1886 πάλιν,

1880 1826 1960 1894 iui
1995 1824 2089 1880 Dei
2118 1827 2288 1894 legem
2323 1823 2590 1892 reiecerat
2617 1829 2992 1885 contestatur;
3026 1829 3211 1874 noster
3235 1833 3364 1872 vero
3389 1816 3462 1872 ob

167 1920 276 1974 ἐπὶ
313 1917 566 1988 τυράννῳ
593 1914 920 1985 ἁθετήσαντι
950 1914 1043 1966 καὶ
1075 1913 1460 1968 καταπεσόντι.

241 2031 388 2087 Ibid.
439 2029 496 2084 6.
541 2030 752 2082 Ἄκουε
797 2025 898 2080 καὶ
930 2027 968 2095 ἡ
999 2026 1107 2080 τοῦ
1141 2025 1410 2095 μεγάλου
1453 2029 1770 2079 Κωνσταν-

167 2126 306 2180 τίου
337 2120 545 2192 ψυχὴ,
589 2119 645 2174 ετ
672 2136 762 2185 τις
813 2117 1119 2186 αἷσθησις.
1163 2117 1404 2169 Ἐπαινεί
1451 2115 1544 2168 καὶ
1576 2115 1768 2183 Μέγαν

168 2214 342 2270 αὐτὸν
388 2211 650 2273 πολλάκις
698 2209 870 2274 καλεῖ,
897 2209 991 2262 καὶ
1020 2207 1255 2277 μάλιστα
1286 2209 1344 2261 ὲν
1371 2210 1483 2272 τοῖς
1509 2209 1648 2262 κατὰ
1672 2203 1767 2262 τοῦ

184 2305 531 2362 Ἀποστάτου
595 2303 804 2372 λόγοις,
853 2302 914 2367 ἐξ
972 2301 1454 2374 ἀντιπαραθέσεως
1506 2302 1769 2373 τυράννου

170 2394 273 2448 καὶ
311 2393 689 2464 μισοχρίστου,
710 2390 786 2454 ὡς
816 2389 1160 2461 φιλόχριστον
1189 2391 1376 2444 τοῦτον
1407 2392 1772 2462 κατακοσμῶν

169 2487 286 2548 τοῖς
321 2483 585 2546 ἐπαίνοις.
635 2482 794 2534 Ἐστι
829 2481 886 2535 δὲ
929 2482 989 2534 ὲν
1030 2475 1113 2544 οἷς
1157 2483 1253 2536 κα)⁸
1284 2482 1773 2554 ὑπεραπολογεῖται

169 2575 278 2646 τῆς
328 2571 599 2642 ὑποψίας,
642 2570 718 2633 ὡς
764 2569 1204 2640 συναπαχθέντος
1255 2571 1556 2642 Ἀρειανοῖς
1601 2570 1774 2626 ἁπλό-

169 2682 328 2738 τητι,
357 2665 422 2718 οὐ
466 2663 575 2735 μὴν
614 2662 924 2734 κακουργίᾳ
967 2662 1061 2715 καὶ
1105 2661 1426 2733 δυσφημίᾳο
1464 2663 1535 2716 τὰ
1561 2662 1604 2716 δ’
1639 2663 1775 2717 ἄλλα

170 2755 516 2828 χριστιανοῑς
545 2751 688 2824 μέγα
717 2752 906 2822 ὄφελος
940 2753 1034 2806 καὶ
1053 2752 1202 2820 λέγει
1241 2754 1336 2807 καὶ
1361 2753 1452 2818 ὲξυ
1463 2756 1584 2824 μνεῖ
1618 2771 1776 2824 γεγε-

170 2847 394 2918 νῆσθαι.
428 2845 503 2902 ΕΖ
540 2862 632 2910 τις
658 2845 716 2898 δὲ
749 2845 1058 2912 αἴσθησις,
1096 2845 1264 2916 φησὶ,
1319 2846 1408 2900 διὰ
1443 2846 1504 2899 τὸ
1532 2847 1772 2914 Ἄκουε,

171 2937 254 3001 ὡς
305 2935 384 3007 μὴ
427 2937 605 3006 πάντη
639 2935 800 3006 δήλου
835 2935 970 3006 μηδὲ
1011 2937 1176 2989 πᾶσιν
1215 2936 1466 3007 αἴσθησιν
1505 2936 1614 2990 τῶν
1645 2939 1775 3009 τῇδε

169 3028 288 3090 τοῖς
307 3023 636 3079 ἀπελθοῦσιν
663 3023 806 3095 ἔχειν
830 3024 943 3095 (25)
959 3041 974 3054 ’
1001 3025 1190 3096 μόναις
1209 3025 1319 3096 γὰρ
1346 3025 1506 3080 τοῦτο
1523 3030 1644 3091 ταῖς
1664 3027 1774 3082 τῶν

170 3115 483 3187 Μακαρίων
504 3117 562 3168 ἐν
585 3113 765 3180 ἄλλοις
791 3115 956 3186 φησὶν
982 3116 1382 3188 ἀποκεκρίσθαι
1409 3117 1628 3188 ψυχαῖς.

243 3210 388 3266 Ibid.
423 3209 466 3265 C
502 3210 590 3263 12.
630 3210 743 3265 Καὶ
775 3206 887 3278 γὰρ
916 3211 988 3263 οὺ
1016 3210 1096 3275 τῷ
1127 3211 1298 3280 Λόγῳ
1327 3210 1440 3281 (24)
1467 3213 1652 3281 μόνῳ.
1682 3211 1774 3284 Τῷ

171 3301 309 3375 θείῳ
337 3302 486 3372 λέγει
518 3303 678 3374 Λόγῳ
697 3319 714 3332 ·
747 3301 918 3366 οὕτως
938 3302 1046 3374 γὰρ
1077 3303 1420 3374 ὀνομάζεται.

245 3415 391 3471 Ibid.
431 3416 519 3471 15.
557 3416 722 3470 Μετὰ
752 3415 870 3470 τῶν
920 3416 1144 3470 ἄλλων.
1202 3417 1378 3472 Ποίων
1428 3417 1636 3483 illam
1691 3413 1774 3484 οἷς

171 3508 508 3580 ὀνομάζεται
553 3508 712 3572 Υἱός,
755 3507 956 3576 Σοφία,
1007 3507 1281 3578 Δύναμις,
1334 3510 1428 3562 καὶ
1475 3509 1543 3563 τά
1586 3511 1768 3565 λοιπά.

170 3602 373 3672 Χαῖρε-ι
401 3601 528 3672 γὰρ,
577 3600 747 3669 φησὶ,
785 3601 878 3653 καὶ
922 3599 997 3669 τῇ
1034 3601 1407 3670 προσηγορίᾳ
1443 3602 1631 3670 ταύτῃ
1673 3601 1773 3656 καὶ

169 3688 249 3759 τῇ
283 3691 568 3759 δυνάμει.
605 3691 772 3762 Ποίας
806 3692 907 3762 τῆς
937 3691 1182 3762 κλήσεως
1207 3692 1414 3762 ταύτης
1434 3707 1448 3721 ’
1478 3693 1631 3746 οὐδὲν
1661 3693 1772 3764 γάρ

170 3783 364 3854 ἕτερον
416 3783 636 3837 δύναται
675 3783 799 3836 νοῦν
847 3783 1184 3854 ἑρμηνεῦσαι
1231 3783 1452 3849 καλῶς,
1517 3784 1552 3854 ἢ
1599 3784 1772 3854 Λόγος

168 3873 296 3931 ὅλον
327 3876 388 3930 ὲν
420 3875 598 3947 ἐαυτῷ
622 3875 812 3948 [CoisL
844 3878 901 3931 ὲν
929 3874 1102 3948 αὐτῷ]
1129 3876 1312 3948 φέρων
1333 3875 1425 3929 τὴν
1447 3875 1608 3931 νοῦνο
1639 3875 1715 3940 ὡς
1743 3880 1772 3932 ὁ

183 3965 314 4030 Υἱὸς
337 3964 432 4018 καὶ
451 3962 623 4031 Λόγος
647 3963 739 4018 τὸν
760 3963 977 4034 Πατέρα
995 3979 1054 4016 τε
1075 3967 1169 4018 καὶ
1189 3965 1496 4038 Γεννήτορα
1511 3983 1526 4000 ⁶
1567 3967 1632 4022 '0
1659 3968 1770 4039 γὰρ

171 4055 470 4126 ἑωρακὼς,
495 4060 682 4127 φησιν,
711 4057 838 4126 ἐμὲ,
877 4056 984 4110 τὸν
1014 4057 1248 4125 Πατέρα
1276 4056 1500 4126 ἑώρακε
1523 4056 1767 4129 (Joann.

173 4163 256 4214 γι,
291 4147 422 4216 46.)

243 4250 367 4308 Col.
402 4252 511 4308 557
532 4251 578 4306 Α
608 4253 663 4309 2.
701 4256 769 4307 Et
800 4253 870 4307 δὲ
897 4253 1053 4321 ὅλως
1091 4241 1404 4324 συμμίξαι.
1443 4255 1600 4309 Κατὰ
1629 4258 1770 4310 ἀπο-

170 4344 416 4415 στροφὴν
463 4344 600 4415 πρὸς
647 4345 812 4398 αὑτὸν
873 4347 1080 4399 ἐκεῖνον
1123 4347 1327 4417 φησίν·
1373 4347 1624 4412 Ἔδειξάς
1671 4366 1768 4402 σου

167 4435 384 4498 τούτοις
431 4436 530 4508 τὴν
575 4431 782 4508 ἧτταν,
836 4436 1106 4509 συμμίξαι
1161 4440 1293 4510 ἡμῖν
1342 4440 1436 4493 καὶ
1476 4441 1556 4504 είς
1581 4444 1769 4513 χεῖρας

1870 1925 2164 1988 tyrannum
2200 1917 2291 1985 qui
2323 1923 2377 1971 et
2405 1929 2526 1968 eam
2559 1913 2752 1982 rcjecit
2781 1921 2836 1967 et
2865 1914 3065 1968 misere
3094 1910 3317 1965 occidit.

1939 2030 2085 2084 Audi
2120 2031 2231 2083 lucc
2265 2031 2451 2091 etiam,
2485 2028 2788 2084 Constantii
2817 2026 3000 2097 Magni
3029 2026 3234 2088 anima,
3263 2026 3309 2078 si
3346 2024 3462 2094 quis

1869 2124 2093 2178 mortuis
2141 2138 2348 2177 sensus.
2405 2120 2619 2176 Laudat
2675 2119 3040 2189 Magnumque
3085 2134 3210 2173 eum
3263 2118 3463 2186 saepius

1870 2223 2067 2279 vocat,
2141 2222 2197 2270 et
2229 2213 2471 2268 maxime
2504 2214 2558 2268 in
2606 2213 2955 2268 sermonibus
2987 2211 3277 2266 adversum
3316 2209 3464 2276 Apo-
3553 2268 3558 2274 ~

1873 2317 2102 2370 statam,
2146 2322 2214 2361 ex
2265 2305 2528 2375 parallelo
2577 2303 2798 2375 tyranni
2849 2301 3180 2371 Christoque
3224 2299 3462 2359 inimici.

1872 2397 2032 2466 quasi
2081 2394 2290 2449 Christi
2344 2403 2616 2447 amantem
2666 2393 2814 2446 hunc
2861 2392 3116 2446 laudibus
3166 2403 3463 2445 exornans.

1873 2490 2088 2546 Alicubi
2121 2505 2246 2544 eum
2278 2486 2578 2542 defendens
2611 2486 2746 2540 dicit
2787 2486 2854 2539 ad
2897 2484 3270 2539 Arianismum
3304 2481 3464 2536 incli-

1874 2590 2066 2637 natum
2120 2581 2293 2636 fuisse
2347 2579 2735 2650 simplicitate,
2791 2593 2900 2633 non
2954 2588 3135 2631 autem
3187 2576 3465 2646 impietate

1875 2678 2040 2740 atque
2060 2669 2286 2724 infamia
2311 2687 2324 2723 :
2351 2676 2609 2724 caiterum
2628 2667 2959 2722 Christianis
2981 2666 3230 2722 eumdem
3256 2679 3465 2737 magna!

1874 2761 2096 2817 utilitati
2129 2760 2296 2817 fuisse
2317 2772 2370 2816 et
2397 2760 2472 2816 ait
2493 2769 2549 2816 et
2578 2759 2855 2830 praedicat.
2892 2759 2954 2814 Si
2981 2759 3099 2829 quis
3131 2774 3335 2823 sensus,
3366 2758 3462 2820 ait,

1874 2853 2024 2920 audi,
2055 2862 2276 2924 propter
2304 2853 2452 2923 quod
2485 2868 2592 2907 non
2631 2853 2860 2907 omnino
2887 2860 3035 2920 patet
3065 2867 3242 2920 neque
3282 2850 3464 2904 omni-

1874 2950 1979 3006 bus
2012 2949 2242 3020 hujusce
2282 2947 2471 3003 mundi
2517 2963 2703 3002 rerum
2739 2963 2961 3003 sensum
2994 2962 3120 3002 esse
3149 2945 3462 3001 defunctis:

1875 3042 2010 3098 solis
2067 3042 2212 3097 enim
2275 3041 2381 3096 hoc
2435 3040 2722 3096 beatorum
2780 3040 3070 3094 animabus
3139 3053 3462 3094 concessum

1800 3153 1846 3215 ρ
1876 3137 2014 3192 alias
2043 3136 2197 3191 dicit.

1946 3225 2128 3296 Neque
2185 3225 2327 3280 enim
2394 3223 2561 3279 Verbo
2626 3224 2912 3278 duntaxat.
2991 3221 3190 3277 Divino
3248 3221 3464 3276 scilicet

1875 3320 2060 3376 Verbo
2093 3338 2106 3375 :
2139 3319 2216 3373 ita
2244 3318 2392 3373 enim
2424 3317 2765 3372 nominatur.

1948 3434 2154 3489 Prwter
2199 3433 2314 3486 alia
2363 3430 2645 3486 vocabula.
2714 3429 2975 3496 Quaenam
3038 3426 3182 3481 alia?
3249 3425 3464 3492 Quibus

1873 3525 2193 3580 nominatur
2247 3522 2443 3587 Filius,
2507 3521 2817 3593 Sapientia,
2875 3519 3090 3585 Virtus,
3143 3527 3197 3574 et
3241 3526 3463 3573 uetera.

1876 3617 2084 3672 Gaudet
2112 3617 2284 3682 enim,
2317 3617 2416 3680 ait,
2449 3615 2546 3669 hoc
2575 3616 2786 3669 nomine
2831 3629 2894 3667 ac
2943 3613 3175 3666 nominis
3219 3611 3268 3665 vi
3305 3621 3354 3664 et
3389 3609 3463 3678 fa»

1874 3711 2098 3771 cuttate.
2163 3709 2325 3775 Qua?
2382 3708 2553 3778 hujus
2605 3707 2870 3763 nominis.
2904 3704 3093 3775 Neque
3133 3704 3278 3760 enim
3326 3703 3466 3759 alius

1873 3807 2027 3856 recte
2069 3814 2271 3855 sensus
2305 3799 2481 3868 accipi
2519 3804 2726 3868 potest,
2763 3797 2869 3852 nisi
2910 3794 3152 3850 Verbum
3201 3802 3378 3848 totum
3409 3793 3466 3848 in

1873 3906 1936 3947 se
1992 3891 2116 3960 ipso
2161 3905 2386 3946 sensum
2444 3889 2669 3945 ferens:
2715 3889 2862 3945 sicut
2908 3886 3084 3943 Filius
3128 3895 3182 3942 et
3225 3885 3466 3942 Verbum

1872 3979 2203 4048 Patremque
2233 3987 2290 4034 et
2335 3977 2656 4034 Genitorem
2691 3995 2705 4031 :
2735 3977 2844 4043 Qui
2884 3978 3026 4031 enim
3055 3975 3184 4031 vidit
3216 3993 3318 4042 me,
3365 3975 3466 4040 ait,

1871 4069 2090 4126 Patrem
2122 4072 2252 4126 vidit
2276 4073 2317 4128 ³.

1947 4262 2101 4330 Quod
2135 4264 2182 4317 si
2215 4265 2430 4316 omnino
2453 4263 2607 4330 signa
2641 4262 2902 4331 conferre.
2943 4259 3049 4314 Per
3084 4257 3464 4330 apostrophen

1872 4355 2019 4412 hunc
2064 4356 2236 4411 istum
2276 4355 2596 4426 compellat.
2654 4353 2754 4411 llis
2807 4364 2860 4409 te
2904 4354 3108 4407 victum
3142 4350 3463 4415 declarasti,

1873 4447 2028 4517 signa
2055 4446 2350 4500 nobiscum
2386 4446 2642 4502 conferre
2677 4454 2733 4502 et
2771 4460 2968 4499 manus
3001 4459 3297 4499 conserere
3322 4443 3466 4497 veri-

167 4530 346 4588 ὲλθεῖν
381 4529 662 4601 φοϐηθεὶς,
693 4531 797 4585 κᾶν
830 4532 1016 4598 ἔδοξας
1045 4535 1202 4605 νικᾷν
1238 4537 1477 4600 ἐκεῖνον,
1515 4536 1576 4589 ὃν
1611 4512 1753 4607 ἠγω-

1880 4547 1981 4606 ωε,
2014 4541 2120 4596 etsi
2157 4539 2450 4596 devincere
2491 4538 2823 4594 existimasti
2859 4553 3008 4601 eum,
3033 4547 3190 4603 quem
3219 4551 3281 4589 ne
3311 4535 3465 4588 άὶηιὶο

169 4622 325 4675 νίσω
376 4619 546 4691 (Cod.
597 4638 652 4691 p.
687 4622 834 4693 263)
881 4623 967 4692 μὴ
1017 4624 1427 4695 ἀγωνίσασθαι
1472 4626 1609 4698 πρὸς
1667 4627 1764 4681 αὑ-

164 4715 257 4769 τὸν
294 4715 442 4784 (9.5),
477 4716 756 4768 τουτέστιν
797 4716 980 4787 ἡμᾶς·
1016 4717 1075 4769 ἐν
1108 4712 1190 4781 οἷς
1219 4717 1460 4772 δείκνυσι
1506 4719 1600 4772 καὶ
1650 4719 1762 4774 τῶν

165 4806 341 4876 λόγων
361 4807 624 4880 τύραννον
645 4809 792 4876 ὄντα,
821 4810 1054 4882 ἐσχάτην
1084 4810 1331 4879 ἀλογίαν,
1359 4812 1419 4864 οὐ
1447 4811 1606 4882 μόνον
1639 4811 1760 4882 βίαν

166 4897 460 4970 προσάψας
488 4897 660 4969 αὐτῷ.

271 5080 294 5111 ¹
321 5077 471 5135 Psal.
501 5096 673 5145 Lxxii,
698 5080 752 5136 8.
867 5080 890 5113 ³
919 5079 1118 5136 Joann.
1147 5097 1258 5147 XIV,
1281 5083 1336 5139 9.

241 5260 353 5329 (2'5)
383 5257 697 5326 Legendum
728 5260 942 5314 videtur
975 5254 1115 5313 εἶναι
1151 5259 1235 5314 vel
1263 5261 1392 5322 τοὺς
1429 5259 1763 5325 ἀπελθόντας

165 5328 341 5400 ἔχειν.
375 5330 709 5384 Scholiastes
748 5329 1065 5384 Montaculii
1086 5330 1174 5384 hic
1225 5339 1530 5400 opportune
1586 5341 1763 5388 notat:

165 5399 860 5469 Αἴσθησις,ἰσοκρατικόν.
891 5401 1101 5454 Similia
1127 5399 1273 5454 enim
1301 5399 1473 5456 habet
1491 5399 1762 5457 Isocrates

166 5469 228 5543 in
258 5469 523 5543 Euagora:
556 5471 749 5543 initio}
785 5471 855 5522 Εἴ
883 5489 967 5534 τις
1005 5470 1265 5543 Δαἴσθησις
1297 5473 1412 5543 τοῖς
1446 5472 1762 5543 τετελευτη·

165 5540 286 5594 κόσι
309 5539 437 5610 περὶ
458 5540 566 5592 τῶν
583 5539 770 5592 ἐνθάδε
791 5539 1146 5610 γιγνομένων.
1171 5541 1308 5595 Huic
1323 5539 1580 5598 Isocratis
1617 5539 1756 5607 loco,

165 5625 326 5682 quem
369 5610 670 5682 exscripsit
719 5610 1161 5682 D_._Clemcncet,
1229 5613 1368 5666 alius
1413 5611 1536 5664 addi
1581 5620 1760 5682 potest

167 5679 310 5753 haud
333 5680 602 5753 absimilis
632 5697 698 5735 ex
739 5679 1022 5753 Menexcno
1051 5682 1291 5737 Platonis
1321 5682 1386 5753 (§
1413 5682 1503 5751 21)
1533 5701 1546 5738 :
1581 5679 1755 5753 Εζτξς

168 5751 283 5822 ἐστι
313 5751 424 5822 τοῖς
459 5750 870 5822 τετελευτηκόσι
901 5753 1148 5822 αἴσθησις
1187 5753 1294 5805 τῶν
1337 5750 1573 5816 ζώντων.
1619 5751 1755 5805 For-

173 5819 317 5876 mula
357 5819 406 5872 εί
437 5838 520 5884 τις
551 5819 822 5890 αἴσθησις,
860 5837 982 5877 cum
1023 5819 1090 5877 de
1121 5824 1350 5880 mortuis
1376 5823 1574 5892 agitur,
1619 5824 1753 5879 alias

1864 4647 2035 4695 cares,
2086 4639 2357 4698 tantopere
2391 4647 2423 4682 a
2465 4639 2514 4684 te
2551 4630 2869 4684 dimicatum
2909 4637 3009 4691 est,
3051 4643 3154 4681 nos
3203 4627 3461 4682 scilicet:

1873 4721 1932 4776 in
1980 4721 2185 4791 quibus
2233 4720 2480 4776 ostendit
2524 4729 2580 4776 et
2633 4737 2951 4776 sermonum
2998 4729 3293 4790 tyrannum
3335 4734 3462 4774 cum

1869 4829 2089 4869 summa
2119 4815 2441 4879 stoliditate,
2467 4831 2579 4869 non
2604 4830 2728 4869 cum
2759 4814 3023 4870 violentia
3060 4813 3459 4878 tantummodo,

1860 4906 2068 4977 egisse.

1866 5258 2029 5315 etiam
2054 5267 2316 5314 occurrit.
2341 5261 2621 5315 Gottteher
2644 5260 2696 5314 in
2722 5263 3003 5314 Menexene
3023 5258 3269 5328 quaedam
3286 5272 3472 5311 exem-

1863 5332 1950 5399 pla
1983 5328 2156 5385 affert.
2190 5329 2324 5384 Vide
2357 5331 2492 5385 clar.
2534 5328 2703 5384 Wolf.
2737 5331 2791 5384 in
2824 5332 2971 5384 hunc
2994 5329 3254 5397 Leptinem
3280 5330 3458 5382 locum

1865 5405 1883 5453 t
1904 5400 1930 5471 §
1965 5401 2052 5464 7i,
2087 5410 2202 5458 not.
2231 5401 2303 5471 ad
2333 5417 2383 5454 ν.
2417 5400 2580 5468 505):
2626 5401 2693 5453 Εἴ
2731 5419 2876 5464 τινες
2918 5400 3120 5453 τούτων
3156 5401 3264 5452 τῶν
3311 5415 3460 5471 τετε-

1862 5470 2203 5542 λευτηκότων
2229 5470 2443 5542 λάδοιεν
2473 5472 2659 5542 τρόπῳ
2701 5473 2809 5524 τινί
2842 5471 2936 5524 τοῦ
2970 5471 3087 5524 νυνὶ
3133 5470 3457 5540 γιγνομένου

1862 5540 2189 5612 πράγματος
2222 5540 2492 5611 αἴσθησιν.

1935 5613 2046 5681 (24)
2081 5611 2244 5677 Editi,
2273 5611 2419 5682 λόγῳ
2447 5611 2626 5681 μόνον.

1935 5678 2047 5752 (‘25)
2078 5682 2304 5738 Videtur
2349 5678 2586 5737 Basilius
2625 5689 2830 5736 textum
2875 5696 3030 5752 sequi
3080 5678 3134 5734 in
3175 5678 3459 5736 nonnullis

1863 5751 2263 5826 dis'crepantem
2289 5753 2358 5810 ab
2390 5769 2454 5810 eo
2484 5769 2644 5824 quem
2668 5767 2816 5808 nunc
2844 5751 3138 5808 habemus.
