3856 6220
400 367 542 424 1083

1763 368 2009 426 BASILII
2044 367 2267 423 MINIMI

3517 355 3688 410 mss

475 485 754 541 Enimvero
800 487 928 542 mihi
968 487 1088 558 jam
1137 487 1340 552 exsilit,
1388 496 1542 557 atque
1585 489 1654 543 ad
1701 490 1982 560 panegyri-

2154 485 2290 540 Ibid.
2323 481 2366 535 Β
2393 480 2447 535 9.
2472 478 2626 547 Ἤδη
2658 478 2726 531 δέ
2741 475 2845 546 μοι
2874 472 3038 544 πηδᾷ
3063 473 3168 527 καί
3193 473 3340 526 ἵεται
3371 471 3521 540 πρὸς
3547 489 3676 526 ,πα-

403 594 573 632 smum
625 581 780 648 gestit
831 583 1026 636 oratio.
1075 581 1462 638 Animadverte
1507 598 1628 654 quae
1679 584 1859 639 innuit
1914 583 1982 640 de

401 671 733 742 panegyrico
764 689 984 743 genere.

481 760 612 815 Tum
664 763 755 831 qui
797 763 1044 832 jejuniis.
1089 763 1253 820 Deum
1308 766 1634 836 suppliciter
1687 774 1982 824 exorantes

404 862 570 911 noctu
619 853 845 927 diuque,
889 858 949 912 in
1001 858 1298 914 solitudine
1345 860 1621 923 viventes,
1672 868 1768 914 aut
1813 861 1981 915 vitam

405 947 576 1002 simili
629 949 792 1004 modo
847 950 1112 1021 degentes
1159 954 1429 1024 designat,
1471 955 1706 1026 illosque
1746 971 1981 1026 quorum

404 1038 547 1095 bona
588 1041 864 1111 publicata
910 1052 1062 1107 sunt,
1101 1045 1188 1100 vel
1240 1049 1332 1116 qui
1368 1047 1540 1102 variis
1580 1046 1760 1102 adhuc
1805 1055 1982 1101 tenta-

404 1130 650 1189 tionibus
682 1134 954 1200 laborant,
983 1138 1187 1206 quique
1223 1138 1278 1192 in
1302 1140 1604 1204 montibus,
1642 1148 1734 1194 aut
1769 1142 1987 1210 spelun-

407 1224 512 1288 cis,
567 1233 661 1280 aut
717 1233 879 1282 terra:
937 1229 1090 1283 cavis
1147 1229 1420 1293 habitant,
1479 1232 1703 1301 quibus,
1754 1242 1812 1286 ut
1856 1248 1986 1288 vere

416 1313 618 1381 dicam,
648 1316 890 1372 mundus
915 1332 1025 1372 non
1053 1318 1251 1389 dignus
1284 1329 1422 1374 erat.

485 1485 582 1542 Vel
625 1492 804 1559 patria
837 1508 957 1559 sua,
993 1503 1050 1546 ut
1073 1493 1284 1563 quidem
1315 1494 1532 1551 dicitur.
1574 1495 1856 1569 Fugitivos
1895 1500 1984 1555 in-

409 1579 528 1634 nuit
553 1590 608 1635 et
638 1596 669 1635 a
710 1584 954 1654 propriis
983 1586 1320 1651 disiunctus.
1352 1585 1470 1642 Hoc
1499 1605 1653 1655 vero,
1690 1599 1746 1643 ut
1773 1591 1984 1660 quidem

405 1667 606 1722 dicitur
645 1682 870 1742 propter
909 1673 1213 1732 familiares
1243 1676 1462 1748 adjacet
1491 1696 1667 1748 paruae
1696 1690 1752 1735 et
1788 1698 1988 1752 corpo-

407 1758 543 1814 ralis
613 1763 1033 1818 necessitudinis.
1101 1764 1239 1822 Vera
1297 1769 1444 1822 enim
1514 1771 1870 1826 necessitudo
1932 1782 1986 1828 et

2080 573 2452 646 νηγνυρισμόν
2508 574 2540 626 ό
2595 570 2798 638 λόγος.
2853 565 3280 638 Σημείωσαι“ὅτι
3333 564 3427 618 καὶ
3457 565 3676 636 ἐπιση-

2085 671 2334 738 μαίνεται
2359 665 2446 719 διά
2475 664 2535 717 τὸ
2567 660 2936 731 πανηγυρικὸν
2964 653 3100 721 εἶδος
3132 656 3265 727 (26).

2154 761 2294 814 Ibid.
2326 759 2412 812 11.
2446 757 2608 809 Ὅσοι
2639 771 2704 808 τε
2737 752 3065 820 νηστείαις.
3095 750 3234 812 Τοὺς
3258 749 3317 802 τὸ
3335 750 3483 804 Θεῖον
3511 747 3680 800 ἐκλι-

2084 848 2394 921 παροῦντας
2442 847 2636 909 νυκτὸς
2672 845 2765 897 καὶ
2785 845 3028 914 ἡμέρας,
3081 841 3409 913 μονάζοντὰς
3452 859 3536 906 τε,
3567 843 3674 893 καὶ

2084 942 2212 1003 τοὺς,
2242 939 2332 992 τὸν
2360 937 2472 1008 βίον
2515 939 2743 1000 ἐκείνοις
2791 935 3202 1006 παραπλησίους
3231 933 3406 1000 λέγει,
3439 931 3574 995 τούς
3606 948 3676 984 τε

2084 1031 2375 1103 δημεύσεις
2407 1028 2926 1100 ὑπομεμενηκότας,
2946 1026 3036 1080 καὶ
3066 1027 3191 1088 τοὺς
3218 1024 3298 1077 ἔτι
3328 1023 3678 1094 προσταλαι-

2085 1124 2403 1194 πωροῦντας
2425 1122 2623 1194 [CoisL
2656 1122 2792 1192 πρὸς
2818 1119 2936 1173 ταλ.
2959 1118 2979 1191 ]
3003 1120 3062 1171 ἐν
3090 1117 3358 1181 ποικίλαις
3382 1116 3678 1186 βασάνοις,

2085 1217 2179 1270 καὶ
2225 1215 2376 1285 ὄρεσι
2407 1213 2464 1266 δὲ
2510 1213 2603 1267 καὶ
2647 1210 2926 1282 σπηλαίοις
2961 1213 3056 1264 καὶ
3091 1211 3211 1272 ταῖς
3243 1209 3344 1277 τῆς
3369 1208 3469 1277 γῆς
3493 1207 3672 1268 ὀπαῖς

2085 1302 2548 1375 ὲνδιαιτωμένους,
2631 1294 2705 1354 ὧν
2759 1301 2834 1365 ὡς
2887 1300 3100 1372 ἀληθῶς
3151 1299 3253 1353 οὐκ
3300 1294 3368 1370 ἦν
3416 1295 3571 1361 ἄξιος
3642 1299 3698 1350 ὁ.

2091 1398 2310 1468 κόσμος.

2158 1487 2294 1544 Ibid.
2329 1486 2370 1542 C
2401 1486 2489 1542 12.
2543 1486 2614 1542 Ἢ
2637 1484 2748 1554 τῆς
2775 1483 3004 1538 ἑαυτῶν
3045 1483 3076 1536 ὃ
3110 1481 3187 1550 δὴ
3225 1481 3478 1551 λέγεται.
3521 1479 3678 1542 Τοὺς

2088 1578 2327 1650 φυγάδας
2365 1579 2656 1631 αἰνίττεται
2694 1577 2786 1630 καὶ
2826 1575 2937 1629 τῶν.
2971 1573 3190 1628 οἰκείων
3221 1571 3675 1642 διαζευχθέντας.

2088 1670 2169 1724 Τὸ.
2187 1671 2245 1724 δὲ
2271 1670 2303 1724 ὃ
2327 1669 2402 1735 δὴ
2424 1670 2660 1739 λέγεται
2681 1669 2768 1722 διὰ
2791 1669 2916 1731 τοὺς
2938 1667 3170 1730 οἰκείους
3205 1667 3313 1736 (27)
3340 1665 3682 1736 πρόσκειται

2087 1762 2198 1830 τῆς
2235 1760 2453 1831 μικρᾶς
2495 1762 2588 1815 καὶ
2637 1759 2954 1830 σωματικῆς
3019 1759 3408 1823 οἰκειότητοςο
3466 1759 3499 1825 ἡ
3559 1756 3681 1826 γὰρ

409 1850 646 1904 maxima
689 1867 809 1920 qua:
859 1870 1115 1924 supernae
1160 1858 1350 1926 patriae
1402 1869 1458 1912 ct
1509 1863 1848 1930 cognationis
1879 1873 1986 1924 est.

2106 1853 2296 1925 ιληθῆς
2341 1854 2607 1924 οἰκειότης
2646 1853 2738 1907 καὶ
2791 1851 3042 1922 μεγίστη,
3071 1852 3105 1921 ἡ
3132 1851 3232 1920 τῆς
3263 1849 3374 1902 ἄνω
3403 1848 3685 1919 πατρίδος

423 1941 550 1997 Vitii
581 1952 763 1999 autem
797 1948 1078 2001 materiam
1109 1947 1329 2005 divitias
1359 1961 1541 2010 vocat.

479 2118 722 2174 Alteram
755 2136 886 2177 vero
925 2133 1132 2191 partem
1182 2123 1318 2180 dicit
1361 2140 1460 2182 eos
1502 2127 1620 2198 qui,
1658 2143 1784 2184 cum
1817 2128 1988 2186 Deum

409 2211 797 2277 conﬁteantur,
825 2212 1031 2269 talibus
1077 2216 1530 2274 scandalizantur
1582 2221 1765 2288 rebus,
1804 2224 1991 2294 impiis

411 2304 630 2361 scilicet
665 2306 950 2372 exaltatis;
985 2309 1432 2366 scandalizantur
1453 2329 1583 2369 vero
1609 2313 1672 2368 ob
1707 2326 1989 2386 pauperta-

411 2403 536 2461 tem,
585 2408 645 2452 ut
693 2398 784 2452 hic
838 2399 933 2465 ait,
993 2401 1210 2465 animat,
1264 2405 1693 2474 cogitationibus
1749 2407 1987 2474 incensi,

410 2499 763 2560 peccatorum
815 2507 1007 2562 pacem
1071 2507 1136 2547 ac
1198 2492 1515 2552 felicitatem
1564 2515 1673 2553 non
1727 2499 1988 2566 ferentes,

413 2585 772 2652 praesentibus
813 2586 1201 2654 inservientes,
1252 2597 1307 2644 et
1352 2589 1701 2646 solummodo
1756 2591 1991 2663 hujusce

410 2674 560 2730 modi
587 2677 871 2733 miraculis
901 2678 958 2734 in
988 2679 1221 2736 veritate
1255 2681 1675 2738 conﬁrmantur.

481 2845 658 2918 Atque
695 2850 902 2904 utinam
946 2851 1038 2907 ille
1065 2869 1268 2923 quoque
1312 2864 1476 2909 cretus
1517 2855 1586 2908 ad
1632 2855 1851 2910 chorum
1892 2874 1990 2912 no-

409 2949 580 2994 strum
620 2959 677 2996 se
725 2943 1054 3014 adjungeret.
1097 2945 1308 3001 Exinde
1348 2955 1497 3017 patet
1545 2948 1693 3017 quod
1747 2949 1990 3004 nondum

410 3033 667 3087 monachi
703 3034 760 3088 in
811 3051 980 3090 unum
1015 3037 1285 3102 coierant,
1338 3038 1540 3108 quibus
1581 3041 1644 3094 de
1677 3057 1820 3115 pace
1863 3060 1989 3098 ora—

2090 1947 2187 1999 καὶ
2229 1945 2543 2014 συγγενείας
2594 1945 2732 1998 ἐστί.
2773 1945 2998 2009 Κακίας
3035 1942 3091 1995 δὲ
3118 1942 3278 2009 ὕλην
3312 1941 3404 1994 τὸν
3439 1941 3688 1994 πλοῦτον

2089 2032 2243 2090 εἶπεν
2271 2036 2432 2105 (Ibid.
2463 2035 2504 2090 C
2532 2037 2642 2106 II).

2160 2129 2277 2185 Col.
2303 2129 2408 2183 540
2434 2129 2477 2181 A
2502 2129 2552 2183 7'.
2597 2127 2843 2195 Ἑτέραν
2869 2127 2925 2180 δὲ
2949 2125 3169 2195 μοῖραν
3191 2124 3338 2193 λέγει
3365 2124 3517 2188 τοὺς,
3557 2125 3688 2179 ὅσοι

2089 2221 2225 2276 Θεὸν
2288 2218 2680 2289 ὁμολογοῦντες
2732 2215 3174 2276 σκανδαλίζονται
3219 2217 3339 2278 ταῖς
3389 2215 3690 2278 τοιαύταις

2089 2310 2451 2380 οίκονομίαις,
2481 2309 2798 2379 ύψουμένων
2823 2308 2930 2362 τῶν
2948 2303 3180 2359 ἀσεϐὦνο
3226 2304 3691 2369 σκανδαλίζονται

2088 2403 2145 2456 δὲ
2174 2401 2272 2454 διὰ
2301 2400 2620 2468 πτωχείαν,
2647 2400 2723 2463 ὡς
2759 2397 2921 2461 αὐτὸς
2953 2396 3055 2466 ἔφη
3089 2395 3266 2464 ιΙὺίά.
3299 2395 3340 2449 Α
3375 2397 3516 2465 15),
3549 2399 3687 2464 ψυ-

2089 2492 2230 2564 χῆς,
2269 2491 2693 2563 ὲμπυριζόμενοι
2730 2491 2844 2553 τοῖς
2888 2489 3201 2559 λογισμοῖς,
3231 2489 3457 2560 εἰρήνην
3490 2489 3690 2559 ἀμαρ-

2089 2583 2276 2637 τωλῶν
2313 2583 2407 2636 κα)⁵
2455 2583 2707 2652 εὐτυχίαν
2751 2581 2826 2652 μὴ
2863 2581 3149 2652 φέροντες,
3183 2579 3356 2632 δοῦλοι
3381 2580 3530 2642 δντες
3567 2579 3692 2632 τῶν

2091 2673 2394 2744 παρόντων,
2421 2673 2512 2725 καὶ
2545 2673 2727 2742 μόνοις
2753 2672 2866 2734 τοῖς
2892 2669 3155 2734 τοιούτοις
3193 2668 3514 2741 παραδόξοις
3545 2668 3692 2723 θαύ-

2095 2782 2227 2838 μασι
2253 2764 2390 2835 πρὸς
2416 2765 2516 2834 τὴν
2544 2761 2801 2832 ἀλήθειαν
2825 2761 3186 2832 βεϐαιοῦνται.

2163 2855 2296 2909 Ibid.
2328 2855 2368 2909 C
2398 2855 2450 2908 5.
2480 2853 2618 2907 Εἴθε
2639 2870 2742 2922 μοι
2763 2851 2870 2906 τοῦ
2901 2851 3087 2920 χοροῦ
3117 2849 3300 2920 μέρος
3321 2846 3404 2921 ἦν
3429 2850 3694 2906 κάκεῖνο

2093 2948 2158 3001 τὸ
2187 2948 2490 3015 σύστημα.
2552 2943 2834 2999 Ἐντεῦθεν
2876 2944 3034 3014 δῆλον
3062 2945 3143 2997 ὅτι
3170 2944 3322 2997 οὔπω
3349 2946 3383 3014 ἡ
3427 2943 3538 2995 τῶν
3574 2962 3688 3014 μο-

2093 3037 2273 3110 ναχῶν
2319 3038 2511 3101 ἓνωσις
2549 3037 2874 3108 ἐγεγένητο,
2923 3037 3008 3105 ἐφ’
3047 3033 3129 3100 οἷς
3161 3036 3467 3108 ἐρρέθησαν
3503 3039 3553 3088 oi
3585 3039 3688 3090 Εί-

412 3123 579 3179 tiones
619 3127 874 3198 ascripta:
916 3136 1067 3193 sunt,
1117 3145 1467 3202 quorumque
1514 3147 1627 3187 non
1664 3135 1990 3192 criminatur

2106 3127 2322 3196 mrtxoi
2361 3120 2576 3199 (28),ὧν
2609 3127 2671 3180 ού
2706 3127 2983 3197 μέμφεται
3009 3127 3110 3197 τὴν
3140 3125 3343 3192 πίστιν,
3378 3126 3692 3197 ἀκίϐδηλον

412 3217 597 3285 ﬁdem,
637 3237 747 3275 non
796 3219 1164 3278 adulterinam
1213 3225 1586 3280 cantationem
1641 3243 1830 3282 eorum
1870 3230 1992 3299 Opi-

412 3312 632 3368 nionem
675 3328 902 3379 vocans,
936 3330 1118 3384 neque
1163 3315 1458 3386 ignobilem
1511 3318 1990 3387 inconcinnamve,

411 3401 509 3459 sed
539 3404 870 3474 peculiarem
907 3420 1086 3477 neque
1115 3406 1184 3461 ad
1223 3406 1415 3463 eadem
1441 3417 1776 3478 vergentem.

485 3494 788 3562 Quamnam
827 3507 1004 3552 autem
1040 3507 1090 3553 et
1120 3496 1354 3568 qualem.
1394 3499 1660 3556 Incitatus
1700 3501 1870 3573 igitur
1904 3504 1994 3561 hic

413 3582 484 3642 ad
521 3584 692 3640 verba
741 3587 994 3658 quadam
1031 3586 1287 3652 molesta,
1314 3593 1482 3658 atque
1523 3589 1591 3644 ad
1639 3590 1996 3662 vituperatio-

413 3689 561 3739 nem,
604 3676 936 3732 verecundia
968 3685 1152 3732 autem
1188 3673 1486 3742 retinetur,
1537 3687 1595 3734 ut
1633 3681 1751 3751 ipse
1794 3682 1894 3751 ait,
1939 3691 1995 3739 et

411 3780 512 3838 spe
551 3766 783 3823 unitatis
816 3772 1194 3838 procurandae.

492 3857 667 3914 Unam
706 3860 933 3916 classem
979 3879 1243 3936 unumque
1273 3870 1575 3924 animarum
1610 3885 1773 3940 genus
1805 3867 1994 3924 abdico

412 3962 570 4024 atque
595 3953 855 4023 propella.
895 3953 1084 4012 Parvae
1115 3959 1237 4016 ﬁdei
1271 3961 1522 4016 homines
1553 3962 1820 4032 designat,
1848 3969 1904 4017 et
1938 3961 1994 4016 in

414 4045 780 4101 teutationum
829 4057 1070 4120 tempore
1115 4054 1544 4119 scandalizatos,
1589 4062 1645 4109 et
1691 4069 1878 4110 errore
1907 4054 1994 4109 dc-

415 4143 638 4208 ductos,
667 4144 872 4214 quibus
903 4153 960 4200 et
1004 4145 1223 4216 pejores
1269 4148 1346 4201 ait
1375 4162 1490 4211 eos,
1525 4146 1620 4217 qui
1663 4146 1894 4216 tempori
1927 4162 1995 4201 ne

416 4237 690 4294 tantillum
722 4237 944 4306 quidem
979 4241 1335 4307 obstiterunt,
1365 4240 1460 4297 sed
1495 4247 1688 4310 sponte
1717 4238 1994 4310 improbos

415 4341 476 4382 se
506 4327 878 4398 praebuerunt.
985 4385 992 4390 ,

2093 3219 2235 3292 ᾠδὴν
2265 3221 2365 3290 τὴν
2401 3218 2585 3273 αὐτῶν
2627 3219 2787 3283 δόξαν
2831 3217 3122 3272 ἀποκαλῶν
3171 3217 3342 3288 (ibid.
3371 3217 3434 3274 C.
3483 3218 3547 3284 5)
3587 3220 3688 3272 καὶ

2092 3312 2193 3364 οὐκ
2220 3310 2512 3380 ἀδόκιμον,
2549 3309 2649 3362 οὐκ
2681 3306 2954 3381 εὔρυθμον
2992 3308 3072 3376 δὲ,
3113 3308 3229 3362 ἀλλ’
3263 3309 3400 3363 ίδίαν
3437 3309 3535 3362 καὶ
3579 3311 3688 3364 ούκ

2094 3403 2174 3467 εἰς
2206 3401 2266 3455 τὸ
2299 3401 2433 3455 αὐτὸ
2457 3399 2780 3472 ἐρχομένην.

2165 3497 2302 3551 Ibid.
2351 3493 2438 3550 12.
2491 3495 2642 3548 Ἀλλ’
2681 3494 2899 3548 ὁποίαν
2936 3492 3036 3546 καὶ
3079 3495 3234 3547 τίνα.
3284 3492 3545 3564 Κινηθεὶς
3581 3488 3687 3545 οὖν

2093 3587 2344 3641 ἐντεῦθεν
2394 3586 2531 3658 πρὸς
2563 3585 2723 3654 λόγον
2759 3585 2898 3656 ἀηδῆ
2940 3601 3064 3638 τινα
3105 3584 3199 3638 καὶ
3226 3583 3422 3653 ψόγον,
3448 3585 3692 3654 ἐπέσχεν

2094 3682 2234 3736 αίδοῖ
2264 3681 2362 3751 τῆς
2396 3679 2647 3747 ἐλπίδος,
2679 3679 2757 3743 ὼς
2798 3677 2962 3742 αὐτός
2994 3695 3127 3748 φησι
3161 3675 3395 3748 (ibid-.ﬂ
3436 3677 3549 3744 I3),
3587 3680 3697 3732 κατι

2093 3774 2192 3845 τῆς
2222 3772 2490 3837 ἑνώσεως.

2167 3865 2282 3921 Col.
2311 3865 2408 3921 541
2453 3864 2498 3918 Α
2535 3865 2585 3920 1.
2624 3864 2784 3919 Μίαν
2813 3863 3034 3934 μοῖραν
3062 3866 3161 3917 καὶ
3193 3862 3265 3916 ἐν
3307 3862 3419 3934 (29)
3465 3863 3686 3932 ψυχῶν

2095 3956 2269 4026 γένος
2303 3957 2715 4024 ἀποκηρύττω.
2756 3956 2896 4020 Τοὺς
2939 3955 3316 4024 ὀλιγοπίστους
3362 3955 3548 4022 λέγει,
3586 3956 3687 4008 καὶ

2096 4053 2153 4104 ἐν
2180 4048 2356 4120 καιρῷ
2389 4047 2708 4119 πειρασμῶν
2743 4047 3254 4112 σκανδαλισθέντας,
3288 4048 3382 4100 καὶ
3410 4050 3475 4118 τῇ
3505 4046 3688 4118 πλάνῃ

2096 4140 2580 4211 καθυπαχθέντας,
2631 4133 2707 4193 ὧν
2738 4139 2834 4192 καὶ
2864 4139 3080 4210 χείρους
3129 4140 3292 4210 φησὶν
3333 4139 3597 4205 ἐκείνους,
3638 4141 3696 4192 οἳ·

2101 4231 2236 4302 μηδὲ
2287 4230 2483 4301 μικρὸν
2535 4228 2842 4298 ἀντέὸησαν
2891 4228 3126 4301 [Coisl.,
3175 4229 3547 4301 ἀντεδόησαν]
3609 4232 3690 4302 τῷ

2096 4321 2297 4394 καιρῷ,
2326 4321 2447 4374 οὐδὲ
2477 4321 2613 4393 πρὸς
2641 4320 2822 4390 ὀλίγον
2850 4320 3205 4392 ἀντέστησαν,
3232 4321 3345 4374 ἀλλ’
3375 4322 3441 4374 ἐκ
3465 4338 3691 4394 περιου-

2097 4413 2214 4477 σίας
2242 4412 2518 4483 ἐφάνησαν
2537 4412 2716 4466 κακοί.

488 4502 606 4560 Hoc
631 4506 770 4562 enim
794 4507 1035 4564 immuto.
1066 4506 1339 4575 Quidnam
1371 4510 1541 4565 vero?
1573 4508 1710 4576 Hoc,
1733 4510 1788 4565 in
1843 4527 1990 4566 mare

2166 4506 2305 4561 Ibid.
2348 4505 2390 4561 C
2423 4505 2477 4559 6.
2529 4504 2708 4559 Τοῦτο
2754 4503 2866 4575 γὰρ
2900 4503 3259 4573 μεθαρμόζω.
3285 4504 3455 4558 Τοῦτο
3497 4508 3708 4571 ποῖονς

415 4597 634 4668 projecit
657 4611 800 4654 :non
820 4600 967 4654 enim
1002 4599 1058 4654 in
1092 4615 1263 4656 mare.
1296 4599 1530 4657 lmmuto
1571 4603 1738 4667 enim,
1780 4602 1878 4667 ait,
1925 4619 1990 4658 ac

416 4697 718 4760 transpono
751 4689 905 4745 illud.
959 4690 1206 4762 Namque
1253 4692 1488 4762 projecit
1527 4693 1856 4763 Apostatam
1901 4709 1991 4751 so-

415 4782 768 4852 cundumque
797 4780 1158 4848 Pharaonem,
1188 4784 1281 4839 ubi
1309 4785 1416 4855 ipsi
1439 4786 1748 4855 projicienti
1775 4795 1992 4858 gratum

419 4866 542 4939 fuit,
591 4880 668 4940 et,
695 4881 757 4928 ut
775 4873 872 4940 ait,
893 4874 1356 4944 quemadmodum
1384 4877 1502 4947 ipse
1519 4875 1733 4946 justum
1752 4879 1992 4935 censuit.

485 5047 563 5103 Ac
600 5049 739 5103 velut
765 5063 857 5117 per
899 5047 1156 5102 circulum
1189 5049 1490 5118 quemdam.
1530 5050 1816 5115 Quomodo
1845 5052 1994 5108 velut

416 5155 515 5212 per
553 5141 821 5197 circulum
869 5143 1158 5212 quemdam
1189 5144 1378 5216 dirigit
1407 5159 1472 5200 ac
1507 5143 1858 5200 moderatur?
1881 5143 1989 5201 Ne-

488 5342 600 5410 (26)
635 5341 1226 5414 Recepi_quyoptx6v
1241 5356 1332 5414 _ex_
1345 5341 1574 5414 Coisliu.
1608 5357 1726 5414 _pro
1743 5359 1998 5414 τυραννι-

418 5414 514 5467 κόν
534 5429 636 5468 ms.
667 5413 792 5466 575.
824 5411 1090 5467 Cmterum
1127 5411 1258 5481 quid
1291 5412 1393 5467 sibi
1434 5413 1566 5466 velit
1608 5411 1844 5468 Basilius
1886 5427 1997 5468 non

419 5483 558 5538 bene
597 5483 774 5538 video.
809 5481 1261 5564 $choliumol‘orte
1295 5482 1568 5564 quoddam
1595 5483 1864 5564 innuitde
1902 5499 1990 5553 ge-

420 5567 551 5608 nere
580 5555 1014 5623 panegyrico;et
1040 5553 1218 5622 reipsa
1250 5553 1574 5608 scboliasles
1603 5555 1745 5623 apud
1785 5553 1999 5608 Monta-

419 5623 624 5704 cu'l_i_unt
649 5624 850 5704 agitde
878 5622 1101 5704 triplici
1119 5638 1318 5704 genere
1340 5624 1600 5704 _pratorio
1624 5643 1636 5677 :
1671 5625 1999 5696 panegyrico

423 5694 650 5755 scilicet,
666 5693 1034 5762 deliberativo
1056 5703 1110 5746 et
1129 5693 1398 5762 judiciali.

494 5762 605 5832 (2'1)
635 5761 905 5817 Nonnulla
935 5765 1025 5817 hic
1047 5761 1236 5820 deesse
1261 5772 1414 5832 puto.

495 5831 608 5904 (28)
655 5831 904 5905 Gregorii
953 5834 1226 5890 orationes
1263 5831 1378 5892 tres
1453 5833 1700 5906 intelligit
1729 5835 1999 5907 εἰρηνικὸς

2096 4596 2158 4650 τὸ
2189 4615 2208 4648 ι
2245 4595 2325 4661 είς
2377 4593 2651 4650 θάλασσαν
2679 4613 2699 4646 ι
2753 4591 3004 4665 ἔρριψεν
3054 4593 3174 4646 οὐδὲ
3201 4592 3311 4664 γὰρ
3356 4595 3438 4656 είς
3486 4593 3693 4649 θάλασ-

2102 4705 2220 4744 σαν.
2253 4685 2601 4758 Μεθαρμόζω
2645 4684 2918 4757 γὰρ,ἔφη,
2952 4685 3042 4738 καὶ
3107 4685 3438 4756 μετατίθημι
3491 4685 3686 4740 τοῦτο·

2103 4779 2293 4852 ἔρριψε
2327 4779 2434 4854 γὰρ
2480 4778 2568 4832 τὸν
2606 4776 2748 4850 [ηις.
2772 4777 2905 4845 5Ἱ5,
2954 4777 3145 4848 ἔρριψε
3197 4776 3326 4850 τόν]
3368 4779 3692 4850 ἀποστάτην

2107 4872 2202 4926 καὶ
2231 4870 2484 4942 δεύτερον
2513 4868 2714 4942 Φαραὼ
2749 4870 2872 4924 ὅποι
2902 4870 3054 4938 φίλον
3086 4870 3164 4939 τῷ
3195 4869 3568 4941 ἀπορρίψαντι
3594 4868 3689 4944 ἦν,

2101 4963 2197 5018 καὶ
2231 4963 2399 5028 ὅπως,
2426 4963 2612 5034 φησιν,
2643 4962 2979 5018 ἐδικαίωσεν.
3591 5020 3593 5022 _

2169 5053 2304 5108 Ibid.
2331 5052 2418 5108 ll.
2446 5052 2557 5113 Καὶ
2592 5047 2724 5107 οἷον
2747 5052 2858 5122 (50)
2913 5051 3011 5106 διὰ
3054 5052 3285 5108 κύκλου
3313 5051 3495 5116 τινός.
3553 5051 3700 5117 Πῶς,

2095 5145 2186 5200 διὰ
2208 5145 2406 5200 κύκλου
2426 5145 2572 5210 τινὸς
2597 5141 2708 5210 οἷός
2731 5143 2946 5217 [Coisl.,
2981 5141 3116 5217 οἷον]
3141 5144 3202 5199 τέ
3226 5145 3376 5199 ἐστιν
3404 5144 3685 5214 εὐθύνειν;

2102 5345 2184 5404 A'.
2217 5343 2295 5406 B',
2328 5343 2380 5418 I"
2415 5343 2741 5418 inscriptas,
2778 5359 2901 5418 qua:
2948 5344 3003 5400 in
3048 5343 3291 5418 editione
3349 5342 3686 5418 Clemenceti

2105 5423 2278 5478 sexta,
2306 5415 2850 5469 vicesima'secunda
2904 5423 2960 5470 et
3011 5416 3273 5470 vicesima
3332 5415 3681 5469 tertia'sunt.

2108 5483 2354 5556 Schisma
2378 5484 2446 5556 d_e
2464 5500 2572 5553 quo
2599 5485 2688 5556 hic
2713 5486 2892 5556 agitur
2912 5493 3091 5540 ortum
3107 5484 3346 5556 duxerat
3365 5499 3431 5539 ex
3447 5499 3524 5556 eo
3535 5484 3686 5555 quod

2105 5561 2256 5626 pater
2298 5555 2354 5610 S.
2389 5553 2640 5626 Gregorii
2664 5553 3067 5626 subscripserat
3096 5554 3345 5612 formula
3366 5553 3584 5610 Arianae
3625 5556 3688 5613 in

2106 5625 2339 5680 concilio
2370 5625 2704 5679 Ariminensi
2729 5625 2906 5682 editae.

2177 5694 2436 5765 (29)Editi
2463 5696 2720 5750 omittunt
2748 5695 2858 5750 καί.

2179 5766 2289 5839 (30)
2314 5765 2479 5836 Editi,
2507 5765 2686 5820 οἱονεί.
