3856 6220
267 357 419 415 1085

1238 371 1534 428 SCIIOL’IA
1572 373 1641 428 IN
1680 376 1889 434 ()RAT.
1924 381 1944 434 I
1985 381 2266 439 CONTRA
2300 386 2666 447 JULIANUM.

3413 406 3552 465 1086

257 482 394 536 οὐδὲ
418 482 526 553 γὰρ
549 485 577 537 ὁ
609 485 808 550 κύκλος
839 487 1001 552 εὐθὺς
1037 487 1161 560 [ηιε.
1201 491 1305 545 575
1325 533 1339 555 ,
1372 494 1570 566 εὐθής]
1606 496 1851 568 ὑπάρχει1

1973 517 2076 571 que
2095 505 2241 560 enim
2263 509 2507 563 circulus
2541 518 2731 567 rectus
2753 521 2839 568 est
2864 530 3051 588 neque
3072 518 3292 591 dirigit;
3320 523 3553 595 ideoque

264 574 393 630 οὐδὲ
416 576 626 630 εὐθύνει
647 595 660 608 ·
705 578 786 632 διὸ
812 578 984 650 (Cod.
1006 597 1058 650 p.
1090 583 1196 638 (Ξ).ϋῦ
1215 584 1232 655 )
1251 588 1344 638 καὶ
1368 586 1428 639 τὸ
1448 587 1592 650 τινὸς
1634 586 1861 658 [Codd.,

265 666 460 740 τίνος]
491 669 843 741 πρόσκειται·
876 673 952 736 ὼς
975 676 1138 728 οἱονεί
1167 694 1284 740 πως
1311 679 1423 747 (51)
1449 678 1536 732 διὰ
1562 680 1759 734 κύκλου
1791 699 1867 735 κι-

263 757 548 830 νηθέντων
591 759 702 813 τῶν
751 765 1094 834 πραγμάτων
1138 769 1305 838 ἡμῖν,
1345 769 1409 822 ὲκ
1440 769 1533 821 τοῦ
1572 771 1664 839 ἀφ’
1693 765 1863 844 οὗπερ

265 852 504 922 σημείου
536 852 649 925 (32)
697 854 795 925 τῆς
850 856 1132 921 εὐσεϐείας
1180 861 1273 913 καὶ
1322 861 1410 914 διὰ
1456 863 1555 932 τῆς
1609 864 1864 929 ἀσεϐείας

266 942 553 1008 κυκλικῶς
582 947 958 1016 πορευθέντων
991 951 1072 1012 είς
1102 949 1163 1001 τὸ
1188 951 1320 1004 αὐτὸ
1359 953 1520 1006 πάλιν
1569 955 1668 1025 τῆς
1710 957 1865 1009 εὐσε-

266 1032 427 1096 ϐείας
454 1035 814 1106 παρεληλύθει
837 1039 1063 1108 σημεῖον
1083 1056 1096 1068 ·
1114 1039 1249 1110 ὁμοῦ
1275 1041 1374 1111 μὲν
1399 1042 1505 1114 γὰρ
1527 1042 1864 1114 σαλευόμενά

266 1141 395 1189 πως
425 1126 518 1178 καὶ
563 1125 638 1198 μὴ
687 1127 1025 1200 σαλευόμενα
1065 1129 1135 1183 τὰ
1185 1131 1457 1203 ἡμέτερα,
1497 1134 1591 1186 καὶ
1617 1138 1737 1198 ταῖς
1767 1135 1861 1189 τοῦ

273 1216 398 1286 βίου
425 1223 783 1290 περιτροπαῖς
802 1238 862 1274 τε
885 1221 979 1275 καί¹
1003 1223 1348 1295 παλιρῤοίαις
1382 1226 1676 1296 φερόμενα,
1703 1223 1862 1292 αὖθις

271 1309 358 1373 ὠς
401 1313 458 1364 ἐν
505 1313 748 1383 ἀκινήτῳ
778 1314 886 1367 τινὶ
913 1314 1064 1379 τάξει
1095 1317 1188 1369 καὶ
1215 1317 1444 1389 προνοίᾳ
1475 1319 1624 1388 μένει
1663 1319 1858 1389 πάγια,

271 1401 350 1454 τὰ
370 1402 510 1456 αὐτὰ
541 1402 632 1456 διὰ
654 1404 764 1458 τῶν
785 1406 1042 1460 ἐναντίων
1063 1409 1381 1479 παραδόξως
1412 1408 1685 1466 ὁδεύοντα.

346 1493 468 1548 Col.
505 1494 610 1548 544
641 1495 682 1547 A
711 1495 762 1550 9.
798 1497 986 1552 Ὅταν
1015 1498 1213 1553 αὐτῶν
1238 1500 1350 1570 (55)
1381 1499 1730 1572 δυνηθῶμεν
1753 1516 1861 1556 πα·
1949 1537 1952 1540 -

265 1584 509 1650 ρελθεῖν
554 1585 720 1654 τάχει
786 1587 986 1642 ποδῶν
1037 1589 1152 1658 τὴν
1193 1591 1493 1646 ἀσέϐειαν.
1561 1592 1860 1666 Παρῲὃηκε

266 1676 335 1729 τὺ
363 1678 700 1748 προφητικόν
732 1677 922 1748 (Psal.
956 1697 1144 1748 xxxvr,
1169 1682 1295 1754 55)·
1335 1680 1514 1738 Εἶδον
1541 1685 1648 1738 τὸν
1668 1685 1883 1755 ἀσεϐῆ.

1972 593 2232 663 adjicitur
2277 600 2580 668 quemdam,
2629 609 2790 676 quasi
2832 610 2978 664 enim
3013 627 3112 682 per
3150 614 3416 669 circulum
3463 593 3551 672 di-

1972 687 2139 742 rectis
2191 690 2357 745 rebus
2401 696 2646 761 nostris,
2713 715 2781 754 ex
2835 717 2947 772 quo
3009 705 3233 774 pietatis
3284 707 3443 778 signo
3499 718 3550 764 et

1972 795 2068 848 per
2103 782 2434 852 impietatem
2468 787 2523 842 in
2557 789 2743 845 orbem
2779 793 3043 862 profectis
3073 797 3142 851 ad
3182 797 3324 852 idem
3355 815 3552 855 rursus

1972 872 2188 941 pietatis
2213 880 2534 944 pertransiit
2565 882 2782 955 signum
2810 904 2822 939 :
2847 883 3177 946 ﬂuctuantes
3207 891 3352 946 enim
3385 893 3550 948 simul

1969 971 2026 1017 et
2061 979 2168 1019 non
2192 965 2524 1027 ﬂuctuantes
2560 987 2648 1028 res
2673 983 2898 1041 nostrae,
2934 993 2998 1032 ac
3019 993 3114 1048 per
3147 980 3271 1036 vitae
3297 981 3550 1052 agitatio-

1971 1068 2070 1108 nes
2123 1064 2403 1128 :estusque
2463 1061 2679 1128 ablatae,
2719 1081 2912 1122 rursus
2960 1067 3013 1121 in
3069 1069 3250 1125 stabili
3311 1071 3548 1141 quodam

1970 1144 2164 1202 ordine
2212 1155 2266 1203 et
2313 1151 2657 1220 providentia
2706 1155 2874 1213 ﬁrma:
2922 1168 3167 1224 manent,
3217 1160 3410 1218 iisdem
3450 1176 3550 1230 per

1971 1240 2252 1294 contraria
2287 1243 2488 1300 mirum
2519 1246 2574 1300 in
2609 1248 2828 1302 modum
2861 1249 3256 1320 gradientibus.

2039 1513 2334 1586 Siquidem
2396 1520 2630 1587 ipsorum
2669 1524 2989 1592 impietatem
3037 1524 3228 1595 pedum
3283 1526 3547 1585 celeritate

1965 1609 2234 1673 praeterire
2297 1613 2582 1679 possimus.
2643 1615 2852 1670 Alludit
2911 1617 2979 1672 ad
3028 1617 3143 1673 luec
3177 1619 3542 1689 prophetica:

1976 1698 2097 1753 Vidi
2148 1700 2370 1770 impiam
2419 1707 2873 1774 superexaltatum
2912 1718 2963 1763 et
3020 1709 3376 1779 elevatum,et
3424 1729 3546 1783 qua:

267 1771 773 1840 ὑπερυψούμενον
836 1773 933 1825 καὶ
983 1775 1410 1843 ἐπαιρόμενον,
1471 1777 1559 1830 καὶ
1607 1778 1674 1831 τά
1728 1779 1851 1848 ἑξῆς

1973 1804 2272 1862 sequuntur
2315 1812 2490 1866 usque
2536 1797 2604 1853 ad
2652 1799 2743 1854 illa
2774 1818 2787 1853 :
2813 1795 2884 1852 Et
2917 1804 3160 1869 transivi,
3185 1813 3235 1858 et
3277 1822 3393 1859 ecce
3441 1823 3546 1862 non

270 1858 436 1932 μέχρι
459 1860 554 1915 τοῦ
582 1862 859 1930 Παρῆλθε
884 1864 1019 1934 (54),
1052 1865 1150 1918 καὶ
1180 1865 1308 1920 ἰδοὺ
1332 1869 1443 1921 οὐκ
1467 1865 1567 1938 ἦν·
1605 1869 1698 1922 καὶ
1727 1871 1851 1923 πότε

1973 1897 2078 1940 erat
2103 1887 2146 1940 δ.
2213 1886 2315 1943 Ubi
2373 1899 2577 1956 autem,
2631 1893 2728 1957 ait,
2785 1894 2918 1949 illud
2961 1897 3287 1968 conSpicere
3338 1898 3546 1953 liceat?

265 1946 364 2005 οὖν
389 1953 506 2004 ἐστι
527 1990 542 2016 ,
571 1953 705 2024 φησὶ
741 1951 878 2024 (ms.
915 1954 1041 2019 575,
1068 1950 1162 2010 οὖν
1189 1957 1323 2028 φησί
1346 1956 1364 2029 ]
1384 1998 1398 2022 ,
1429 1959 1589 2012 τοῦτο
1630 1959 1786 2024 ίδεῖν;
1820 1962 1854 2031 ἢ

273 2043 435 2115 δῆλον
487 2045 616 2098 ὅταν
657 2046 768 2116 (55)
818 2047 918 2120 τὴν
964 2049 1218 2103 ἀσέϐειαν
1263 2052 1445 2105 αὐτῶν
1489 2053 1645 2124 τάχει
1699 2055 1856 2119 ποδὸς

267 2136 546 2206 ἀσφαλεῖ,
591 2137 868 2193 τουτέστιν
921 2139 1217 2213 ἀποφυγῇ,
1264 2141 1459 2199 θᾶττον
1498 2145 1856 2219 δυνηθείημεν

266 2229 583 2301 παρελθεῖν.

339 2322 477 2375 Ibid.
511 2320 554 2374 B
581 2322 631 2376 6.
667 2321 848 2388 Λαοῖς
887 2317 980 2390 οἷς
1018 2326 1342 2394 παρέδωκε.
1385 2329 1678 2395 Τουτέστι,
1708 2333 1853 2404 Πέρ-

268 2428 411 2474 σαις.
439 2409 598 2464 Οὕτω
635 2410 744 2483 γὰρ
781 2412 1137 2488 μεθηρμόσθη
1161 2420 1256 2471 καὶ
1274 2417 1453 2484 τοῦτο,
1479 2422 1599 2475 ἀντὶ⁵
1623 2423 1730 2476 τῶν
1761 2426 1856 2478 Ai-

267 2503 471 2556 θιόπων
497 2503 613 2570 (56)
644 2503 852 2574 ληφθέν
872 2522 885 2538 ·
931 2507 1170 2573 ἐκείνοις
1192 2510 1302 2584 γὰρ
1332 2512 1426 2566 τὸν
1456 2513 1716 2586 ὑϐριστὴν
1749 2532 1854 2569 παο

272 2592 566 2665 ραδέδωκε.

339 2681 482 2735 Ibid.
533 2681 586 2736 9.
657 2685 778 2738 Οὐκ
829 2685 928 2740 ἐπὶ
986 2688 1146 2743 πολὺ
1193 2691 1308 2761 (57)
1359 2693 1850 2762 μετεωρισθέντα.

270 2771 406 2841 Ἐτη
458 2771 567 2848 γὰρ
598 2771 691 2826 δύο
734 2774 1086 2834 ἐϐασίλευσεν
1137 2782 1168 2834 ὁ
1213 2784 1674 2856 τρισκατάρατος,
1729 2788 1853 2840 ἐπεὶ

271 2863 430 2916 πέντε
461 2862 556 2935 ἐτη
587 2869 789 2939 καῖσαρ
821 2869 1065 2937 ἐγένετο,
1097 2872 1543 2944 προϐαλλομένου
1572 2876 1731 2932 αὑτὸν
1757 2877 1850 2932 τοῦ

262 2953 422 3010 Θείου
445 2961 540 3014 καὶ
571 2961 857 3031 βασιλέως.

334 3050 474 3108 Ibid.
525 3053 612 3108 i5.
653 3055 1010 3122 Διαιρόντων
1047 3059 1340 3127 κεφαλήν.
1373 3061 1850 3135 Παραπέφρασται

265 3141 546 3200 καὶτοῦτο
585 3145 695 3199 ἀπὸ
738 3145 832 3200 τοῦ
881 3149 940 3202 ἐν
993 3151 1259 3222 κατάραις
1310 3151 1489 3222 ὄφεως
1529 3156 1846 3227 εἰρημένου·

1966 1978 2179 2052 Quippe
2229 1981 2585 2038 manifestum
2618 2001 2744 2040 cum
2796 1985 3134 2057 impietatem
3178 2005 3367 2045 eorum
3401 1991 3546 2046 cele-

1965 2071 2128 2126 ritate
2174 2071 2330 2142 pedis
2362 2075 2568 2143 stabili,
2615 2076 2670 2131 id
2722 2086 2806 2135 est
2848 2078 3093 2151 ell‘ugiat,
3131 2082 3365 2138 celerius
3401 2097 3545 2153 pra!-

1965 2165 2129 2220 terirc
2155 2180 2466 2234 possemus.

2035 2343 2260 2417 Populi;
2309 2348 2497 2418 quibus
2530 2351 2763 2406 traditus
2806 2363 2907 2417 est,
2955 2354 3166 2410 scilicet
3213 2354 3418 2412 Persis.
3469 2355 3552 2411 Ita

1961 2441 2109 2495 enim
2151 2444 2408 2496 convenit
2461 2449 2516 2497 et
2550 2443 2682 2499 illud
2732 2460 2832 2515 pro
2859 2444 3213 2518 IEthiopibus
3236 2457 3546 2518 acceptum.

1961 2533 2211 2604 Namque
2241 2533 2363 2595 istis
2397 2534 2699 2591 violentum
2731 2536 2981 2591 tradidit.

2031 2711 2164 2767 Cum
2189 2711 2332 2766 haud
2361 2712 2454 2768 diu
2485 2715 2884 2770 intumuissent.
2939 2714 3164 2770 Duobus
3205 2731 3330 2770 eum
3387 2709 3545 2772 annis

1961 2809 2044 2857 ter
2072 2803 2394 2859 maledictus
2419 2804 2526 2860 iste
2557 2805 2826 2875 regnavit,
2841 2821 2966 2860 cum
2982 2806 3096 2876 jam
3122 2821 3151 2859 a
3179 2807 3420 2877 quinque
3449 2822 3545 2861 an-

1961 2892 2249 2947 nisCtesar
2273 2893 2454 2949 factus
2486 2903 2654 2962 esset,
2687 2907 3040 2965 promovente
3073 2911 3196 2951 eum
3223 2895 3332 2953 Deo
3363 2911 3416 2953 et
3445 2900 3545 2953 im-

1959 2991 2230 3052 peratore.
2273 3019 2282 3026 α

2030 3075 2202 3142 Caput
2242 3075 2566 3130 attollentes.
2628 3074 2729 3131 Hic
2772 3077 3037 3134 alluditur
3095 3077 3162 3132 ad
3211 3092 3274 3132 ea
3325 3091 3447 3147 quae
3490 3079 3544 3132 in

1960 3168 2234 3240 serpentis
2263 3167 2655 3225 maledictione
2690 3169 2838 3226 dicta
2881 3179 3048 3228 sunt:
3097 3171 3220 3240 Ipse
3249 3171 3544 3226 observabit

262 3230 456 3300 Αὐτός
505 3249 627 3291 σου
668 3238 918 3306 τηρήσει
971 3241 1283 3312 κεφαλὴν,
1336 3243 1420 3298 σὺ
1443 3244 1524 3298 -δὲ
1571 3247 1850 3322 τηρήσεις

1973 3226 2116 3327 rapat
2167 3266 2339 3327 tuum,
2399 3267 2450 3313 et
2504 3268 2561 3313 tu
2600 3261 2910 3316 ealcaneum
2966 3262 3134 3332 ipsius
3177 3261 3476 3317 observabis
3525 3300 3544 3317 .

265 3324 451 3383 αὐτοῦ
503 3327 733 3398 πτέραν
786 3329 956 3402 (Gen.
1014 3349 1109 3400 ut,
1160 3335 1285 3407 15).
1344 3338 1538 3412 Λάθρα
1595 3340 1695 3411 μὲν
1745 3341 1855 3414 γὰρ

264 3413 449 3489 ὥσπερ
472 3416 734 3490 ἔρποντες
771 3422 868 3494 τὴν
911 3424 1067 3496 ἡμῶν
1091 3427 1322 3500 ἐτήρουν
1359 3429 1621 3502 Ἕλληνες
1645 3413 1855 3505 πτέραν

262 3507 354 3560 καὶ
376 3507 448 3560 τὰ
477 3507 710 3580 ἔσχατα,
756 3513 831 3586 μὴ
852 3510 963 3568 ¹οἷοί
1006 3534 1067 3570 τε
1109 3521 1263 3583 ὄντες
1295 3520 1535 3592 κεφαλὴν
1567 3524 1815 3595 ἐπαίρειν
1840 3565 1854 3590 ,

263 3600 354 3653 καὶ
383 3601 864 3673 παρρησιάζεσθαι
889 3610 1247 3679 κακουργεῖν·
1307 3612 1707 3685 ἐκελεύσθησαν
1749 3616 1858 3688 γὰρ

265 3690 555 3745 πατεῖσθαι
599 3694 690 3764 ὑφ’
735 3696 919 3766 ήμῶν,
955 3699 1061 3753 κᾶν
1121 3701 1318 3773 μικρόν
1347 3721 1402 3761 τι
1451 3707 1546 3759 καὶ
1598 3708 1853 3780 φανερῶς

265 3781 456 3849 ἔδοξαν
482 3787 704 3856 κρατεῖν

334 3888 457 3946 Col.
503 3891 610 3946 545
659 3892 704 3946 Α
743 3894 794 3949 9.
844 3896 1200 3958 Συστενάζὲι
1244 3900 1345 3954 καὶ
1388 3903 1730 3959 συνωδίνει.
1779 3907 1853 3961 Τὸ

262 3979 625 4048 ᾲποστολικὸν
651 3985 980 4058 τρανότερον
1007 3987 1283 4059 ἐξηγεῖται
1305 3991 1410 4045 τίνι
1441 3995 1716 4048 συνωδίνει
1757 3999 1852 4051 καὶ

261 4070 580 4137 συστέναζει
613 4074 757 4144 (58)·
807 4076 890 4128 ὅτι
933 4080 1048 4141 τοῖς
1085 4079 1394 4151 ἀνθρώποις
1441 4084 1535 4136 καὶ
1574 4087 1639 4156 τῇ
1673 4085 1849 4158 φθορᾷ

264 4163 369 4217 τῶν
411 4169 750 4238 γιγνομὲνων
803 4171 899 4228 καὶ
946 4172 1427 4245 ἀπογιγνομένων·
1485 4177 1660 4231 στένει
1719 4176 1846 4247 οὖν,

261 4257 425 4328 φησὶ,
477 4258 574 4312 καὶ
620 4259 876 4318 ὁδυνᾶται
917 4263 1007 4317 διὰ
1051 4265 1144 4318 τὸν
1191 4267 1257 4319 ἐκ
1303 4272 1586 4340 παρακοῆς
1619 4270 1848 4327 θάνατον

261 4349 356 4403 καὶ
379 4349 478 4423 τὴν
509 4349 736 4421 φθοράν·
776 4353 924 4425 Πλὴν
947 4356 1352 4428 ἁποκαραδοκεῖ
1373 4360 1473 4432 τὴν
1500 4363 1611 4416 τῶν
1639 4364 1847 4418 τέκνων

260 4440 354 4494 τοῦ
403 4440 541 4494 Θεοῦ
594 4443 968 4515 ἀποκάλυψιν,
1020 4447 1199 4503 εῖτουν
1247 4452 1550 4507 ἀνάστασιν
1601 4455 1696 4512 καὶ
1748 4459 1848 4529 τὴν

327 4619 352 4652 ⁵
378 4618 525 4677 Psal.
569 4637 755 4689 xxxvr,
789 4623 881 4692 35,
915 4625 1004 4682 36.
1077 4626 1098 4659 ⁵
1127 4626 1265 4685 Gen.
1305 4631 1360 4695 5,
1390 4631 1476 4687 l5.
1547 4633 1570 4665 ⁸
1595 4632 1755 4690 Rom.
1784 4633 1915 4705 VIII,

353 4773 444 4844 51)
466 4776 722 4840 Coisliu.,
757 4779 855 4844 ὡς.

355 4844 446 4944 ΞΞ)
473 4848 530 4912 ιη
553 4863 657 4904 ms.
695 4849 800 4904 575
824 4865 928 4906 vox
961 4854 1191 4944 σημείου
1220 4857 1609 4928 compendiose
1650 4857 1850 4915 scribi-

261 4914 422 5005 ιιιιλῖέε

330 5018 445 5096 (53)
463 5015 832 5096 Editi,at’),1§oﬁ_,
867 5023 1012 5094 quod
1060 5024 1126 5096 ad
1163 5025 1560 5094 praecedentem
1593 5025 1685 5081 τοῦ
1721 5027 1849 5082 ἀσε-

262 5087 390 5177 6οῦς
412 5096 654 5177 spectat;
686 5089 865 5177 αύτῷν
885 5087 1071 5177 tamen
1103 5087 1521 5177 forleprazstat.
1544 5096 1666 5177 Mos
1695 5098 1848 5177 editi,

261 5157 416 5239 τάχει
445 5158 866 5239 καὶὰσςραλείᾳ-
886 5163 1065 5228 ποδός.
1122 5157 1359 5222 Basilius
1400 5168 1617 5223 videtur
1650 5157 1850 5239 legisse

259 5229 416 5298 τάχει
439 5228 599 5299 ποδὸς
630 5228 882 5299 ἀσφαλεῖ.
1702 5228 1738 5254 ν’

331 5297 733 5382 {augustum
780 5302 1090 5374 παρῆλθεν;
1141 5306 1296 5360 editt.
1353 5307 1650 5381 παρῆλθον,
1697 5309 1846 5382 quod

299 5379 504 5430 restat.

261 5383 836 5516 gﬁgigcrimndum
857 5453 989 5516 pulo
1010 5439 1048 5515 ἧ
1068 5445 1228 5516 δῆλον
1256 5448 1405 5503 ὅταν.
1451 5446 1571 5503 Non
1610 5465 1847 5507 consen-

261 5507 404 5571 tiunt
432 5510 758 5593 interpretes
779 5512 834 5593 in
857 5507 1169 5593 scribendis
1193 5517 1440 5593 formulis
1471 5537 1504 5589 η
1533 5520 1734 5593 βηλαδη
1762 5523 1844 5575 ὅτι

394 5598 428 5650 η
474 5577 1008 5662 δηλὸχοτεηρμίοριω
1043 5578 1330 5662 ᾒ-ῥῃλαδῂ
1378 5577 1554 5662 aegr}
1586 5577 1843 5662 ’δηλόνότι
1881 5577 1888 5594 '

263 5646 660 5731 scribuntialii
689 5646 724 5721 ἦ
755 5646 890 5721 δῆλα
911 5652 1002 5779 δη,
1041 5646 1254 5730 ἧδῆλξον
1289 5646 1390 5712 ὅτι.
1441 5646 1581 5715 Sutit
1624 5646 1717 5732 q'ui
1758 5646 1843 5716 in;

263 5727 574 5779 terrosandt
605 5729 788 5776 notam
816 5734 938 5779 post
1005 5740 1083 5779 ac
1108 5729 1271 5779 verba
1303 5739 1534 5779 nonam:
1577 5733 1666 5779 alii
1706 5749 1838 5779 nnn-

261 5720 788 5798 terrogandinotam
809 5720 938 5793 post
964 5720 1083 5780 haec
1108 5720 1271 5784 verba
1303 5739 1534 5798 ponant;
1577 5720 1666 5788 alii
1706 5720 1838 5788 non.

262 5787 732 5872 illar.:HeindorlI,
762 5787 906 5850 inter
925 5810 1030 5872 eos
1049 5787 1496 5872 annumeraudus
1515 5787 1606 5872 qui
1631 5787 1698 5858 de
1721 5787 1839 5856 Pila-7

266 5869 390 5918 tone
404 5860 542 5920 bene
564 5872 902 5934 meruerunt,
931 5866 1058 5944 legit
1080 5867 1136 5925 in
1166 5869 1482 5945 Protagora,
1517 5860 1670 5932 initio
1695 5892 1707 5932 :
1745 5873 1842 5934 Πόο

1955 3348 2183 3404 Occulte
2213 3350 2358 3404 enim
2397 3350 2542 3406 sicut
2575 3359 2860 3420 serpentes
2890 3361 3142 3406 nostrum
3173 3350 3542 3407 observabant

1955 3439 2186 3509 gentiles
2201 3441 2540 3504 calcaneum,
2573 3450 2738 3511 atque
2767 3449 3034 3505 extrema,
3071 3457 3196 3497 cum
3237 3459 3347 3497 non
3383 3451 3543 3515 caput

1958 3533 2208 3588 valerent
2241 3535 2514 3599 attollere,
2546 3541 2602 3589 et
2633 3536 2775 3590 male
2813 3534 2994 3591 facere
3041 3536 3270 3592 liberius
3319 3537 3542 3592 audere.

1958 3623 2106 3678 Iussi
2141 3634 2269 3680 sunt
2311 3625 2456 3680 enim
2508 3640 2539 3679 a
2585 3625 2746 3682 nobis
2797 3626 3128 3696 proculcari,
3167 3629 3271 3683 etsi
3315 3643 3542 3698 parvum

1961 3716 2170 3788 aliquid
2204 3723 2259 3773 et
2289 3715 2581 3772 manifeste
2606 3715 2879 3772 dominari
2914 3715 3225 3772 videantur.

2034 3902 2341 3974 Ingemiscit
2392 3912 2442 3957 et
2488 3904 2744 3971 parturit.
2798 3903 3045 3974 Apostoli
3097 3914 3280 3959 textus
3321 3903 3533 3959 nianil'e

1960 3996 2099 4051 stius
2133 3997 2343 4051 indicat
2371 3997 2576 4066 quibus
2614 3997 2927 4068 ingemiscit
2961 4005 3015 4052 et
3043 3998 3312 4068 parturit;
3365 3998 3417 4052 id
3462 4006 3542 4054 est

1961 4087 2278 4144 hominibus
2318 4096 2372 4143 et
2404 4089 2746 4159 corruptioni
2791 4091 3136 4146 nasccntium
3167 4098 3220 4145 et
3265 4091 3539 4148 intereun-

1954 4183 2115 4237 tium.
2148 4182 2331 4238 Gemit
2376 4183 2561 4253 igitur,
2621 4183 2718 4249 ait,
2761 4184 3038 4253 doletque,
3073 4183 3146 4237 ob
3195 4191 3426 4238 mortem
3475 4199 3539 4239 ex

1954 4275 2302 4330 contumacia
2351 4282 2406 4330 et
2467 4275 2917 4344 corruptionem;
2975 4281 3215 4328 attamen
3257 4283 3539 4346 exspectat

1955 4367 2049 4423 Dei
2083 4367 2319 4422 filiorum
2366 4369 2761 4422 revelationem
2782 4369 2825 4432 ‘,
2859 4384 2954 4422 seu
2989 4367 3451 4424 resurrectionem
3485 4375 3538 4423 et

1957 4458 2430 4527 incorruptionem
2471 4465 2864 4528 speratamque
2914 4456 3222 4512 libertatem
3275 4455 3538 4526 adipisci-

1959 4636 2045 4692 19.

1953 4789 2064 4854 θεν,
2105 4785 2150 4844 ὦ
2170 4791 2476 4862 Σώκρατες,
2509 4791 2675 4864 φαίνῃ
2695 4809 2709 4852 ;
2732 4790 2919 4916 1671M
2946 4791 3011 4864 δὴ
3042 4792 3123 4846 ὄτι
3153 4790 3262 4847 ἀπὸ
3286 4792 3536 4864 Κυνηγεο-

1954 4863 2069 4914 σίου
2098 4861 2190 4915 τοῦ
2224 4865 2352 4916 περὶ
2386 4861 2484 4916 τὴν
2525 4861 2734 4916 Ἀλκιὸι
2775 4863 2864 4916 δου
2899 4861 3078 4916 ὥοανε
3112 4863 3203 4916 ubi
3251 4863 3536 4916 leuandum

1954 4861 2484 4934 glooaoﬁhrtep‘tjﬁv
2525 4861 3078 4934 Ἀλκιὸιάδουνῶρακ
3112 4863 3203 4918 ubi
3251 4861 3540 4934 legendum

1954 4879 2069 4914 σιου
2098 4879 2190 4915 του
2224 4880 2290 4915 πε
2337 4879 2352 4915 ι
2386 4880 2416 4914 τ
2455 4881 2484 4916 ν
2529 4879 2864 4916 ’ΛΛκιοιαοου
2899 4879 3078 4934 ωραν;
3112 4879 3203 4918 UDI
3251 4879 3536 4932 legendum

1951 4879 2330 5013 ﬁ6ﬁ}aﬁh,£
2361 4879 2521 5006 ﬁgor;
2550 4934 2654 5013 ότι.
2707 4934 2828 5013 sine
2874 4933 3324 5013 interrogationis
3373 4935 3536 5013 signo

1952 5011 2013 5056 ut
2063 5003 2120 5056 lit
2166 5003 2852 5070 inter’sermocinandum,
2883 5018 3009 5058 cum
3061 5004 3271 5060 scilicet
3307 5003 3534 5059 interlo-

1952 5080 2113 5146 cutor
2139 5089 2256 5130 suae
2289 5075 2464 5146 ipsius
2491 5074 2906 5146 interrogationi
2948 5074 3267 5146 allirmative
3307 5087 3534 5146 respon-

1951 5143 2081 5218 det;
2109 5143 2512 5218 veladniissog‘l;
2541 5159 2666 5200 cum
2693 5143 2823 5200 uota
2864 5143 3260 5216 interrogandi,
3298 5143 3532 5202 reticen-

1950 5216 2024 5268 tia
2058 5214 2540 5286 subintelligenda.

2020 5299 2129 5370 (56)
2162 5298 2300 5367 Quia
2334 5298 2515 5370 reipsa
2541 5297 2609 5353 de
2641 5296 2995 5370 Ethiopibus
3017 5300 3194 5369 agitur
3222 5300 3276 5353 in
3322 5301 3530 5368 psalmo

1945 5368 2118 5424 Lxxni
2146 5375 2310 5440 (vers.
2338 5369 2450 5440 14),
2475 5385 2541 5440 ex
2573 5385 2683 5437 quo
2707 5368 3003 5440 Paterbtee
3032 5368 3337 5429 mutuatur:
3369 5371 3530 5425 Ἔδω-

1946 5457 2050 5503 κας
2084 5440 2246 5493 αὐτὸν
2275 5437 2471 5510 βρῶμα
2509 5438 2659 5500 λαοῖς
2678 5442 2792 5502 τοῖς
2820 5437 3056 5506 Αἰθίοψι.

2019 5521 2130 5589 ('57)
2160 5519 2321 5574 Deest
2356 5519 2459 5573 hoc
2497 5519 2766 5574 scliolium
2800 5519 2853 5573 in
2890 5518 3028 5582 575;
3081 5520 3245 5575 habet
3296 5519 3524 5576 Coislin.

1947 5591 2014 5646 ad
2047 5592 2366 5660 marginem,
2400 5590 2492 5644 sed
2533 5592 2706 5660 prima
2741 5605 2927 5644 manu.

2019 5662 2130 5731 (38)
2173 5658 2363 5731 Agitur
2391 5661 2458 5715 de
2492 5658 2614 5714 loco
2641 5658 2794 5731 Pauli
2834 5661 2901 5714 ad
2924 5658 3079 5731 Rom.
3112 5676 3231 5726 vm,
3254 5660 3326 5714 22
3348 5681 3360 5712 :
3380 5659 3528 5731 Οἶδα-

1995 5728 2050 5785 εν
2078 5728 2186 5801 γὰρ
2207 5728 2289 5784 ὅτι
2322 5731 2471 5801 πᾷσα
2504 5733 2538 5800 ἡ
2569 5730 2745 5793 κτίσις
2770 5728 3085 5793 συστενάζει
3117 5734 3210 5784 καὶ
3250 5730 3527 5789 συνωδίνει

1995 5750 2050 5785 εν
2078 5750 2186 5801 γαρ
2207 5750 2289 5784 οτι
2322 5750 2471 5783 πασα
2504 5750 2538 5800 η
2569 5750 2745 5793 κτισις
2770 5750 3085 5793 συστεναςει
3117 5750 3210 5784 και
3250 5750 3526 5789 συνωοινε,ι

1946 5750 2076 5876 ξχρι
2103 5802 2197 5854 τοῦ
2220 5801 2336 5855 νῦν.
2379 5799 2658 5876 Ut_aut_em
2691 5802 2884 5858 scholii
2927 5815 3122 5863 sensus
3156 5809 3356 5876 pateat,
3397 5815 3526 5862 cou-

1949 5869 2206 5931 fci‘endus
2239 5877 2415 5930 textus
2449 5869 2732 5928 Paulinus.
