3856 6220
192 185 218 237 Ι
230 183 331 237 095

1118 185 1406 243 SCHOLIA
1439 185 1506 241 IN
1546 184 1752 244 ()RAT.
1793 187 1810 240 1
1852 184 2131 242 CONTRA
2165 186 2531 246 Ji'LIANUM.

3317 188 3451 250 ισςι

183 300 391 352 cateia
435 297 514 363 τῷ
554 298 804 368 Καίσαρι
835 298 935 354 καὶ
966 302 998 354 ὀ
1021 301 1163 368 βίος
1213 301 1526 372 λαμϐάνει.
1573 303 1749 359 Γάλλοι

1877 306 2023 374 cipit.
2065 304 2281 358 Gallum
2310 305 2458 359 enim
2501 303 2711 358 creavit
2753 302 3050 374 imperator
3091 306 3450 368 Constantius

185 391 294 462 γὰρ
335 389 610 454 ἀνέδειξεν
642 392 670 443 ὁ
695 391 963 462 οβασιλεὺς
1009 394 1389 458 Κωνστάντιος
1437 396 1768 467 Ἀντιοχείας

181 481 446 550 καίσαρι,
484 481 547 533 τὸ
572 482 772 536 οἰκεῖον
806 484 1056 556 περιθεὶς
1091 484 1242 556 αὐτῷ
1272 484 1429 556 [ϐοά.
1475 487 1578 541 573
1614 487 1766 559 αὐτό]

179 573 276 626 τοῦ
311 574 445 653 πρὶν
473 570 786 645 ἀξιώματος
817 575 1010 648 ὄνομα.
1063 578 1219 632 Ἐπεὶ
1243 579 1300 631 δε
1341 579 1632 650 τυραννίδα
1672 597 1769 651 με-

182 663 417 734 λετήσας
461 665 556 716 καὶ
592 664 669 734 μὴ
703 663 886 718 λαθὼν
913 667 1176 740 ἀνῃρέθη,
1211 667 1336 739 ὅρον
1373 670 1615 740 εἴληφεν,
1649 670 1768 742 ἦτοι

179 754 336 819 τέλος
362 757 458 808 καὶ¹
496 755 925 828 περιορισμὸν,ἠ
946 775 1006 811 τε
1046 759 1160 830 ζωὴ
1207 761 1372 815 αὐτοῦ
1407 763 1561 834 καὶὴ
1613 763 1767 832 βασι-

179 845 325 899 λεία.
355 840 466 898 Ἦν
495 847 604 920 γὰρ
635 846 861 911 ἀνελὼν,
893 848 968 920 μὴ
1006 850 1254 920 μηνύσας
1279 851 1358 922 τῷ
1390 851 1601 922 βασιλεί
1626 852 1770 907 Κων-

182 935 441 1004 σταντίῳ,
473 936 815 1004 Μαγνέντιον
831 937 944 1008 (59)
967 938 1208 1010 ὕπαρχον
1245 939 1419 1010 Ἐᾠας
1440 943 1535 995 καὶ
1549 944 1768 1012 Μάγνον

179 1028 552 1101 κουαίστωρα·
571 1028 654 1096 ἐφ’
679 1027 708 1079 ὂ
737 1027 897 1098 [forte
927 1029 1014 1098 ἐφ’
1149 1029 1395 1101 κινηθεὶς
1423 1033 1450 1084 ὁ
1479 1033 1770 1088 Κωνστάν-

180 1130 334 1179 τιος,
381 1119 872 1189 μεταστειλάμενος
931 1121 1116 1184 αὑτὸν,
1163 1123 1292 1194 περὶ
1342 1124 1504 1195 νῆσον
1551 1125 1768 1179 Φλανω-

177 1207 305 1260 νίαν
346 1209 459 1278 (60)
503 1211 860 1284 ἀναιρεθῆναι
909 1215 1218 1272 ἐκέλευσεν.
1271 1219 1488 1290 Σιωπᾷν
1527 1220 1584 1273 δὲ
1633 1221 1768 1292 φησὶ

175 1300 248 1353 τὰ
292 1301 352 1352 ἐν
382 1303 554 1373 μέσῳ,
590 1305 908 1375 αἰδούμενος
945 1308 1126 1363 αὐτῶν
1152 1310 1213 1361 τὸ
1258 1309 1502 1374 εὐσεϐὲς,
1530 1312 1606 1374 ὠς
1645 1330 1768 1384 χρι-

179 1398 450 1450 στιανῶν·
495 1398 741 1470 θρασέως
771 1403 880 1474 γὰρ
917 1406 944 1456 ὁ
980 1405 1078 1473 μὲν
1116 1405 1390 1475 ἐπανέστη
1420 1408 1448 1458 ὁ
1491 1405 1708 1467 Γάλλος,
1739 1406 1769 1456 ό

175 1490 235 1541 δὲ
276 1492 661 1556 Κωνστάντιος
701 1496 930 1550 ἀνεῖλεν.
975 1497 1127 1550 Ἐπεὶ
1154 1494 1248 1552 οὖν
1285 1500 1766 1570 κατηγορήσαντος

173 1579 275 1632 τοῦ
311 1582 523 1651 ἐτέρου,
570 1583 662 1637 τὸν
705 1584 893 1660 ἕτερον
935 1588 1153 1656 ἀφεῖναι
1197 1589 1300 1659 τῆς
1341 1591 1523 1654 αἰτίας
1551 1590 1764 1659 ἀνάγκη

1870 397 2178 452 Antiochite
2205 396 2500 460 Caesarem,
2552 397 2599 450 ei
2627 396 2893 452 attributo
2924 399 3122 453 vetcris
3170 398 3450 470 dignitatis

1871 489 2115 545 nomine.
2146 489 2284 542 Cum
2315 503 2446 543 vero
2489 488 2834 559 tyrannidem
2877 490 3102 545 molitus
3146 490 3452 562 deprehen-

1870 595 2075 650 susque
2121 579 2446 636 interiectus
2493 588 2664 644 esset,
2716 581 3014 637 terminum
3068 585 3304 656 accepit,
3354 592 3450 642 aut

1869 675 2031 730 tinem
2062 681 2227 745 atque
2255 675 2626 744 peractionem
2667 683 2722 728 et
2749 674 2859 728 vita
2891 675 3014 745 ejus
3049 683 3104 732 et
3134 677 3446 748 imperium.

1869 765 2224 822 interfecerat
2264 767 2433 830 enim,
2487 766 2666 822 inscio
2712 764 3041 823 Constantio
3092 770 3450 841 imperatore,

1870 858 2237 931 Magnentium
2295 857 2535 915 Orientis
2567 860 2801 929 legatum
2834 870 2888 914 et
2919 861 3170 933 Magnum
3211 873 3450 935 quaesto-

1867 964 1984 1007 rem
2019 969 2036 1006 :
2067 965 2177 1021 quo
2207 959 2490 1020 permotus
2513 950 2870 1007 Constantius
2914 955 3150 1008 accitum
3203 970 3329 1010 cum
3376 957 3447 1012 ad

1868 1039 2226 1094 Phlanoniam
2269 1040 2505 1095 insulam
2541 1039 2772 1095 interﬁci
2803 1040 2971 1110 jussit
3013 1061 3026 1097 :
3065 1057 3126 1098 se
3157 1052 3338 1099 autem
3370 1048 3448 1100 ait

1870 1131 2093 1186 silentio
2148 1147 2396 1202 premere
2447 1147 2570 1200 quae
2623 1131 2832 1186 interea
2871 1132 3212 1194 acciderunt.
3256 1150 3448 1191 eorum

1869 1223 2123 1292 pietatem
2152 1237 2442 1285 venerans,
2465 1231 2518 1277 ut
2543 1222 3006 1279 Christianorum.
3042 1223 3272 1280 Temere
3300 1229 3446 1282 enim

1869 1314 2244 1369 insurrexerat
2297 1312 2522 1380 Gallus,
2570 1313 2924 1372 Constantius
2978 1333 3108 1371 vero
3149 1319 3443 1376 interfecit.

1871 1405 2006 1459 Dum
2043 1407 2210 1476 igitur
2242 1407 2475 1461 alterum
2504 1419 2748 1473 accusat,
2772 1410 3003 1465 alterum
3051 1412 3284 1467 crimine
3311 1414 3445 1468 libe-

1869 1507 1951 1553 ret
2004 1514 2230 1554 necesse
2281 1509 2366 1554 est
2414 1519 2427 1554 :
2479 1501 2711 1570 ideoque
2765 1504 3072 1558 temeritate
3117 1509 3171 1558 in
3213 1513 3444 1574 utroque

1868 1590 2222 1659 reprehensa,
2259 1606 2380 1660 quae
2413 1591 2466 1644 in
2496 1591 2674 1646 medio
2713 1597 2817 1648 sita
2855 1603 3007 1659 sunt,
3051 1595 3272 1649 silentio
3304 1611 3442 1666 pra:-

173 1666 267 1742 ἦν,
297 1671 358 1724 τὸ
382 1671 582 1743 θράσος
603 1675 824 1745 ἀμφοῖν.
850 1679 1103 1746 ἐπαφεὶς,
1122 1680 1188 1732 τὰ
1207 1682 1268 1734 ἐν
1285 1681 1435 1751 μέσῳ
1455 1683 1613 1752 σιγᾷν
1631 1679 1749 1751 ἔφη.

1867 1683 2032 1736 terire
2060 1697 2118 1736 se
2137 1682 2293 1738 dicit.

251 1765 369 1820 Col.
415 1765 512 1819 561
568 1765 610 1819 C
653 1767 706 1821 4.
755 1770 865 1824 Καὶ
914 1770 990 1823 δι’
1020 1770 1219 1826 αὐτῶν
1260 1772 1345 1826 ὧν
1395 1773 1757 1844 ἐγκέκληκιι.

187 1853 566 1923 Ἀπολογεῖται
601 1857 740 1930 ὑπὲρ
768 1859 1175 1926 Κωνσταντιόυ,
1205 1863 1310 1929 ὅτι,
1338 1865 1432 1918 καὶ
1466 1865 1533 1918 δι’
1565 1859 1640 1918 ὧν
1665 1866 1760 1934 ἐγ-

177 1945 448 2016 κέκληκα,
467 1949 612 2016 (cod.
641 1965 694 2019 p.
720 1949 847 2019 265)
874 1952 992 2023 ἦτοι
1015 1952 1456 2024 ἐνεγκλημάτισα
1483 1954 1605 2026 [ιδῃ.
1640 1957 1758 2008 ἐνε-

174 2037 397 2110 κλημ.],
445 2041 831 2112 κατηγόρηκα,
878 2043 1311 2116 ἀπολελόγημαι,
1350 2047 1518 2117 φησὶ,
1559 2045 1761 2109 ἱκανῶς

174 2133 327 2204 ὑπὲρ
357 2134 905 2207 αὑτοῦ-χρηστότητα
939 2136 1095 2210 [ϐοά.
1123 2139 1514 2212 χρηστότητος]
1546 2139 1654 2211 γὰρ
1681 2141 1760 2193 εἰσ

175 2226 314 2294 πὼν,
346 2228 592 2299 ἐδήλωσα
626 2230 726 2302 τὴν
762 2233 864 2302 τῆς
894 2232 1230 2302 κατηγορίας
1259 2232 1455 2300 ἄφεσιν
1476 2249 1491 2262 ·
1531 2233 1619 2286 διὰ
1650 2235 1758 2306 γὰρ

172 2319 488 2390 ἀγαθότητα
519 2320 680 2375 ἔλαθε
725 2322 818 2375 τὸν
847 2321 990 2394 θῆρα
1031 2325 1146 2387 τοῖς
1182 2323 1276 2378 τοῦ
1309 2323 1550 2396 Χριστοῦ
1589 2325 1757 2396 θρέμα

175 2431 342 2483 μασιν
374 2416 568 2486 ἑπιστή
576 2431 697 2479 σας.

242 2505 364 2560 (Jul.
391 2505 498 2561 564
530 2506 572 2560 Β
601 2507 655 2561 4.
706 2507 818 2573 ’ος
859 2524 928 2577 γε
962 2507 1062 2561 καὶ
1107 2507 1173 2575 εἴ¹
1203 2525 1258 2562 τι
1296 2509 1748 2577 παρελύπησεν.

183 2598 408 2652 Ἐλύπει
439 2599 546 2671 γὰρ
573 2601 703 2664 τοὺς
757 2598 1090 2671 ὀρθοδόξους,
1129 2598 1442 2674 προστεθεὶς
1486 2600 1755 2670 ἁπλότητι

168 2692 281 2753 τοῖς
333 2691 656 2762 Ἀρειανοίς,
693 2691 867 2743 ἕλκων
901 2691 998 2744 καὶ
1026 2689 1345 2760 βιαζόμενος
1379 2689 1516 2761 πρὸς
1537 2689 1751 2753 ἕνωσιν,

169 2783 311 2836 ὥστε
349 2784 425 2854 μὴ
457 2783 732 2837 διεστάναι
759 2786 881 2845 ταῖς
902 2782 1104 2846 δόξαις,
1136 2781 1252 2834 ἀλλ’
1291 2780 1350 2834 ἒν
1390 2781 1603 2844 πάντας
1632 2797 1755 2850 χρι-

169 2877 423 2938 στιανοὺς
450 2870 610 2928 εἶναι.
641 2875 786 2946 Πλὴν
809 2875 921 2939 δύο,
950 2874 1105 2944 φησὶ,
1138 2874 1502 2945 χρηστότητες
1536 2873 1596 2926 οὑ
1625 2890 1752 2926 συν-

166 2967 334 3038 ἦλθον
369 2967 505 3038 (61),
535 2968 605 3038 ἦν
634 2984 692 3020 τε
721 2967 858 3038 πρὸς
882 2965 980 3037 τὴν
1018 2965 1300 3018 εὐσέϐειαν
1329 2965 1423 3018 καὶ
1471 2966 1597 3028 τοὺς
1629 2983 1750 3038 χρι-

1946 1771 2046 1826 Per
2064 1790 2127 1826 ea
2161 1790 2364 1844 quoque
2381 1788 2496 1844 quae
2540 1770 2723 1842 obieci.
2763 1771 3146 1827 Constantium
3182 1772 3443 1838 defendit.

1868 1864 2034 1934 quod,
2060 1871 2112 1920 et
2137 1881 2233 1936 per
2263 1880 2326 1920 ea
2373 1880 2496 1935 quas
2521 1865 2722 1936 objeci,
2774 1867 2892 1920 sive
2935 1865 3259 1920 criminatus
3297 1881 3443 1931 sum,

1866 1958 2218 2027 reprehendi,
2250 1973 2473 2012 causam
2512 1960 2655 2027 ejus,
2706 1970 2801 2022 ait,
2838 1957 2972 2013 satis
3022 1955 3265 2014 defendi.
3306 1955 3445 2012 Nam

1865 2050 2257 2119 benignitatem
2289 2051 2411 2119 ejus
2448 2050 2768 2116 ostendens,
2808 2050 3180 2105 accusationis
3227 2049 3444 2103 veniam

1866 2142 2124 2197 indicavi.
2155 2140 2387 2213 Propter
2414 2143 2811 2213 benignitatem
2851 2144 2996 2198 enim
3025 2143 3195 2198 feram
3235 2133 3442 2196 Christi

1864 2235 2061 2292 ovibus
2090 2236 2329 2292 insciens
2363 2235 2628 2306 praefecit.

1939 2501 2045 2568 Qui
2086 2499 2298 2572 quidem
2345 2509 2395 2555 et
2445 2501 2492 2554 si
2541 2498 2666 2570 quid
2711 2500 2860 2554 nobis
2901 2499 3154 2554 molestia:
3182 2499 3438 2556 exhibuit.

1864 2591 2200 2648 Orthodoxis
2245 2593 2551 2649 molestiam
2584 2592 2850 2658 exhibuit,
2893 2592 3111 2647 Arianis
3143 2608 3266 2647 cum
3305 2593 3436 2648 sim-

1864 2684 2107 2756 plicitate
2149 2684 2462 2754 indulgens,
2537 2685 2605 2740 ad
2652 2683 2916 2739 unitatem
2959 2683 3208 2738 etcilans
3270 2693 3434 2754 atque

1863 2779 2221 2850 compellens,
2281 2788 2343 2832 ut
2389 2793 2500 2833 non
2543 2779 2656 2849 jam
2702 2778 3055 2849 opinionibus
3098 2771 3437 2844 differentes,

1861 2887 2032 2926 unum
2055 2887 2248 2927 omnes
2277 2871 2575 2926 Christiani
2625 2879 2834 2928 essent.
2890 2871 3146 2925 Attamen
3186 2871 3268 2924 ha".
3293 2869 3435 2935 duae,

1862 2961 2058 3036 inquit,
2091 2965 2453 3036 benignitates
2486 2975 2595 3019 non
2645 2965 3054 3019 concordarunt
3085 2981 3099 3018 :
3133 2965 3306 3019 altera
3325 2965 3435 3018 sci—

169 3030 422 3124 dstavoiic
463 3030 646 3130 εἶχεν,
692 3030 790 3112 καλ.
815 3056 881 3126 ἢν
925 3030 1063 3130 πρὸς
1107 3057 1170 3110 τὸ
1199 3057 1566 3112 ἀσεϐέστατον
1613 3030 1749 3130 έρη-

1864 3030 1990 3116 licet
2035 3030 2168 3131 erga
2221 3030 2478 3131 pietatem
2540 3068 2594 3116 et
2631 3060 2974 3115 Christianos
3011 3079 3024 3116 :
3059 3060 3229 3114 altera
3272 3069 3436 3130 quam

166 3154 539 3225 -σ-ιευσάμενος
556 3151 855 3216 ἐνεδείξατο
873 3149 968 3204 τοῦ
1002 3150 1286 3220 μέλλοντος
1312 3150 1368 3204 ὲν
1396 3151 1607 3222 ἀγνοίᾳ.

236 3335 377 3390 Ibid.
407 3333 448 3388 C
476 3335 530 3387 7.
573 3330 953 3401 Δυσκίνητον
977 3331 1156 3400 λόγῳ.
1217 3328 1479 3400 ἰσχυρὸν,
1512 3328 1747 3383 δυσανά·

166 3442 383 3487 σκευον,
425 3424 520 3476 καὶ
552 3423 627 3494 μὴ
653 3421 953 3493 δυνάμενον
985 3421 1127 3492 λόγῳ
1164 3420 1424 3492 ἀληθείας
1456 3420 1747 3492 κινηθῆναι

164 3519 256 3571 καὶ
287 3518 693 3588 ἀνατραπῆναι.

233 3610 372 3665 Ibid.
412 3609 468 3664 9.
509 3607 842 3678 Ἡμιλλήθη
863 3607 944 3674 τῷ
962 3606 1376 3672 ἀναδείξειν-τι.
1415 3604 1506 3677 Τῷ
1533 3605 1742 3660 ἀναδείο

163 3700 314 3768 ξαντι
346 3701 574 3772 βασιλέα
604 3699 986 3771 Κωνσταντίῳ.
1013 3699 1140 3764 Πῶς
1159 3699 1467 3772 ήμιλλήθη;
1502 3697 1748 3752 καινότε-

162 3813 253 3867 ρον
295 3797 520 3867 τρόπον,
567 3796 641 3867 μὴ
681 3796 790 3869 γὰρ
823 3797 990 3866 ἀρετῇ
1029 3794 1267 3860 σθένων,
1318 3794 1415 3847 καὶ
1461 3791 1742 3863 εὐσεσείᾳ,

159 3888 385 3960 ἀσεϐείᾳ
413 3905 471 3941 τε
503 3891 596 3942 καὶ
630 3889 799 3956 κακίᾳ
828 3886 1232 3958 ἐφιλονείκησεν
1260 3886 1504 3956 ἐκνικᾷν.

227 4067 350 4122 Col.
389 4067 494 4122 565
521 4066 564 4120 Β
601 4068 651 4122 5.
695 4067 792 4132 Τίς
841 4066 910 4118 δὲ
935 4068 1046 4120 οὐκ
1079 4066 1147 4118 ἐκ
1177 4063 1288 4133 τῆς
1309 4064 1597 4129 πίστεωςς
1621 4063 1738 4130 Τίς,

154 4161 346 4232 φησὶν,
386 4163 486 4213 οὐκ
508 4160 574 4214 ἂν
600 4161 829 4232 ἤλπισεν
860 4158 1148 4213 Ίουλιανῦν
1177 4161 1241 4212 ἐκ
1276 4159 1375 4231 τῆς
1409 4159 1646 4222 πίστεως
1669 4154 1739 4230 ἧς

154 4249 577 4318 επιστεύθτιίϐρ.)
610 4251 760 4319 παρὰ
793 4249 1196 4315 Κωνσταντίου,
1227 4246 1556 4318 γεγενῆσθαι
1576 4247 1738 4303 αὐτὸν

221 4415 341 4492 (59)
371 4420 588 4475 Socrati
621 4429 676 4474 et
702 4421 1065 4492 Philostorgio
1091 4417 1604 4485 Domitianusﬂum
1626 4417 1736 4473 Ba-

153 4491 607 4548 silius’erraverit
642 4491 730 4544 vix
771 4491 1058 4547 dubitandi
1102 4493 1276 4546 locus.

222 4563 344 4644 (6οὶ
368 4560 842 4644 Apudmsocratem
872 4562 1091 4644 Φλάνων
1117 4561 1292 4644 audit,
1322 4559 1452 4631 περὶ
1478 4559 1737 4644 Φλάνωνα

150 4630 250 4703 τὴν
285 4630 468 4702 νῆσον.
513 4630 617 4686 Ubi
671 4634 850 4687 caedes
899 4635 972 4687 sit
1023 4633 1264 4686 admissa
1300 4630 1408 4684 non
1453 4631 1735 4684 consentit

152 4704 295 4757 inter
325 4704 638 4758 historicos.
665 4701 801 4758 Vide
829 4702 1101 4757 Valesium
1120 4702 1190 4756 ad
1215 4701 1561 4756 Ammianum
1595 4699 1736 4753 Mar-

149 4775 434 4844 cellinum,
466 4789 578 4836 xiv,
617 4788 668 4827 c.
703 4776 788 4838 il,
819 4790 873 4844 p.
903 4774 992 4828 57.

219 4844 337 4916 (61)
362 4843 590 4916 Coislin.
607 4852 660 4897 et
676 4839 836 4916 editi;
846 4844 1209 4916 συνεισῆλθον.
1232 4842 1425 4916 Melius
1448 4839 1729 4916 συνῆλθον.

146 4912 498 4968 Admittenda
513 4915 680 4968 etiam
696 4915 910 4970 videtur
930 4931 996 4969 ex
1025 4912 1158 4970 mss.
1188 4913 1455 4983 particula
1481 4913 1733 4983 negativa

144 4986 208 5038 οὐ
241 5001 366 5054 quae
399 4985 452 5054 in
497 4985 663 5037 editis
713 4983 1080 5046 desideratur,
1127 4985 1224 5038 καὶ
1255 4983 1737 5052 δύσχρηστότητες

143 5056 206 5108 οὐ
226 5053 491 5127 συνῆλθον
507 5055 782 5126 ἀλλήλαις.
807 5073 824 5104 ι
850 5055 926 5109 Ac
943 5056 1062 5110 duae
1082 5055 1443 5127 benignitates
1468 5066 1576 5105 non
1591 5067 1730 5127 con-

146 5121 490 5180 eordarunt:
525 5121 695 5180 altera
734 5127 944 5180 scilicet
973 5141 1099 5196 erga
1143 5121 1291 5195 pium
1326 5135 1520 5196 genus,
1555 5121 1726 5196 altera

144 5211 336 5265 quam,
381 5196 546 5249 futuri
583 5196 826 5259 nescius,
864 5210 990 5266 erga
1022 5191 1268 5250 omnium
1311 5191 1592 5249 hominum
1626 5191 1729 5247 im-

145 5267 459 5336 piissimum
495 5266 764 5336 exhibuit.
809 5287 828 5317 ι

217 5337 336 5409 (62)
368 5335 617 5409 Editores
638 5334 904 5409 _Gregorii
937 5338 1002 5408 ἢν
1043 5335 1337 5407 ἐπιστεύθη
1380 5339 1726 5409 retinuerunt

145 5402 271 5479 cum
306 5402 596 5479 lectionem
634 5402 702 5479 ἦς
735 5402 800 5461 ei
839 5402 1086 5479 pluribus
1121 5423 1252 5461 mss.
1290 5402 1576 5466 haberent.
1613 5405 1724 5472 Ἦς

147 5476 522 5548 recipiendum
553 5476 685 5548 puto
726 5493 789 5532 ea
829 5478 1041 5532 ratione
1079 5479 1224 5546 quod
1261 5494 1326 5531 cx
1375 5479 1593 5533 duabus
1645 5480 1724 5533 Ie-

143 5547 423 5602 ctionibus
465 5563 528 5602 ea
561 5547 809 5618 eligenda
844 5558 928 5603 est
961 5563 1082 5617 quae
1109 5549 1290 5600 minus
1322 5551 1449 5602 trita
1482 5550 1720 5605 videtur.

1859 3151 2032 3207 futuri
2081 3153 2303 3209 nescius
2356 3166 2488 3224 erga
2540 3151 2925 3224 impiissimum
2987 3152 3220 3223 benigne
3270 3165 3435 3221 agens

1856 3237 2124 3299 exhibuit.

1932 3331 2000 3388 Ut
2037 3350 2278 3389 sermone
2311 3335 2399 3388 vix
2431 3333 2654 3389 convelli
2696 3343 2894 3403 posset.
2935 3329 3212 3399 Validum,
3259 3331 3434 3389 infra—

1854 3433 2025 3493 ctum,
2061 3445 2161 3484 nec
2187 3428 2332 3500 quod
2363 3429 2612 3486 veritatis
2636 3443 2892 3484 sermone
2923 3428 3131 3482 moveri
3165 3434 3220 3483 et
3249 3427 3424 3482 everti

1852 3528 2058 3589 posset.

1921 3603 2056 3663 Cum
2086 3625 2146 3662 eo
2180 3609 2272 3681 qui
2303 3607 2610 3678 designatus
2642 3607 2817 3675 fuerat
2846 3609 3087 3662 certavit.
3124 3607 3228 3675 Qui
3259 3609 3436 3680 impedi

1847 3706 2084 3755 ratorem
2107 3715 2230 3756 eum
2277 3700 2659 3771 designaverat
2697 3699 3071 3756 Constantius.
3109 3696 3230 3768 Quo
3271 3699 3438 3756 modo

1845 3791 2114 3848 certavit?
2144 3807 2288 3847 novo
2327 3786 2530 3848 modo:
2560 3808 2669 3847 non
2707 3793 2855 3848 enim
2902 3794 3123 3849 virtutis
3152 3809 3216 3848 ac
3256 3793 3434 3863 pieta-

1847 3885 1920 3940 tis
1969 3885 2152 3949 laude,
2201 3884 2298 3939 sed
2353 3884 2631 3954 impietate
2672 3893 2727 3938 et
2769 3884 3118 3954 improbitate
3166 3895 3432 3954 superare

1851 3991 1974 4031 eum
2004 3974 2304 4030 contendit.

1924 4069 2056 4135 Quis
2086 4085 2192 4123 non
2221 4083 2287 4122 ea:
2325 4067 2471 4136 fide?
2506 4065 2664 4133 Quis,
2697 4071 2794 4132 ait,
2829 4080 2936 4121 non
2965 4067 3296 4136 speravisset
3329 4060 3430 4121 Ju-

1849 4159 2054 4214 lianum
2085 4175 2151 4215 ex
2195 4160 2297 4215 [ide
2336 4170 2457 4230 quae
2490 4175 2524 4214 a
2556 4156 2886 4215 Constantio
2927 4158 3112 4212 habita
3154 4167 3261 4224 est,
3309 4160 3433 4215 lieri

1845 4252 2156 4323 iustiorem,
2197 4254 2342 4323 quod
2375 4252 2596 4325 quidem
2626 4259 2824 4308 ormter
2851 4266 3096 4314 aenuum,
3128 4259 3184 4306 et
3223 4252 3432 4322 impro-

1849 4419 1997 4494 nabat
2022 4411 2410 4494 vernumiloco
2440 4437 2621 4494 Acasus
2657 4424 2817 4494 quem
2849 4405 3172 4494 po‘stuiabat
3197 4423 3421 4494 nomen.

1841 4493 1999 4560 Quod
2019 4509 2083 4548 ex
2106 4505 2231 4547 nota
2255 4488 2512 4548 Brtinckii
2545 4493 2611 4547 ad
2642 4488 3062 4559 Aristophanem
3081 4490 3423 4561 (ThesmOpIr.

1840 4563 1965 4633 855)
1999 4565 2234 4632 patebit,
2272 4571 2333 4617 ut
2359 4564 2395 4618 ii
2441 4571 2672 4618 noscent
2699 4561 2900 4633 quibus
2928 4561 3264 4633 eamilegere
3306 4564 3425 4630 pla-

1839 4629 2034 4690 cuerii.
2071 4635 2130 4687 In
2168 4649 2279 4687 uno
2311 4649 2341 4688 e
2379 4629 2747 4687 marmoribus
2782 4629 3188 4686 Oxoniensibus
3227 4629 3430 4690 legitur

1838 4705 2119 4759 decretum
2170 4704 2315 4774 quod
2369 4703 2424 4756 in
2479 4699 3427 4774 honorenricttjusdaninglinodemi

1837 4774 1973 4829 Delii
2006 4764 2241 4828 tulerant
2275 4793 2286 4828 :
2315 4775 2426 4827 Em
2462 4775 2578 4827 ἸῊι
2604 4764 3161 4825 ΑΙΡΕΣΕἰΗιΕΧΩΝ
3196 4773 3424 4831 AIATE-

1834 4846 1948 4898 AEl
1994 4845 2160 4899 ΠΕΡΙ
2200 4845 2287 4898 ΤΟ
2339 4845 2546 4897 IEPON
2591 4844 2711 4895 ΚΑΙ
2745 4843 2884 4896 ΊὌΝ
2921 4841 3182 4894 ΔΗΜΟΝ.
3227 4841 3429 4896 Reine-r

1836 4916 1974 4979 sius,
2006 4917 2097 4985 qui
2128 4915 2242 4968 haec
2272 4915 2586 4985 exscripsit,
2622 4913 2719 4965 HN
2751 4914 2936 4966 ΕΧΩΝ
2967 4911 3132 4985 le_git._
3169 4911 3243 4966 Ut
3280 4913 3422 4966 inter

1836 4981 2126 5055 utramque
2182 4981 2472 5040 lectionem
2526 4991 2884 5048 statueretur,
2921 4981 3230 5055 videndum
3252 4993 3419 5055 esset

1833 5051 2111 5122 marmor;
2154 5056 2373 5124 interim
2417 5070 2612 5124 magna
2647 5069 2772 5108 cum
2813 5051 3212 5124 probabilitate
3233 5052 3426 5124 dicere

1832 5141 2130 5199 possumus
2163 5122 2425 5199 avenam
2463 5122 2937 5199 esse__lectiorien1_
2954 5137 3078 5199 quae
3102 5123 3154 5174 in
3186 5122 3253 5193 ἦν
3280 5123 3428 5199 male

1831 5191 2040 5250 inutata
2088 5191 2272 5251 fuerit.
2326 5193 2534 5250 Horatii
2577 5194 2624 5261 (Ι
2657 5191 2774 5249 Sal.
2811 5209 2886 5258 Vl,
2917 5191 3033 5262 15⁷)
3065 5191 3278 5247 veteres
3309 5192 3422 5247 edi-

1831 5267 2014 5321 tiones
2050 5274 2108 5322 et
2139 5281 2274 5321 mss.
2316 5266 2522 5319 habent
2569 5283 2582 5317 :

2327 5377 2341 5390 .
2389 5375 2401 5386 .
2451 5376 2464 5388 .
2503 5376 2516 5388 .
2555 5343 2772 5388 notante

2103 5403 2316 5467 Iudice,
2346 5423 2451 5476 quo
2485 5405 2644 5467 nosti,
2668 5403 2880 5476 populo.
2925 5442 2940 5457 .
2982 5445 2995 5459 .

1897 5477 2034 5531 Cum
2067 5486 2244 5531 autem
2278 5474 2506 5530 criticus
2533 5475 2719 5528 nescio
2743 5476 2868 5542 quis
2900 5474 3214 5543 scripsisset
3239 5490 3425 5542 quem,

1828 5548 2083 5602 mendum
2127 5549 2181 5600 in
2216 5547 2472 5601 omnibus
2503 5546 2841 5598 editionihus
2875 5547 3162 5613 repetitum
3196 5545 3295 5599 fuit
3325 5562 3429 5600 us-

145 5618 206 5671 ln
251 5619 390 5672 locis
430 5615 994 5689 quaraitractionem—
1016 5619 1310 5673 admittunt
1359 5635 1722 5674 amanuenses
1825 5632 1934 5686 que
1993 5618 2057 5670 ad
2121 5617 2342 5671 Bentleii
2387 5616 2799 5689 recensionem,
2844 5616 2935 5689 qui
2991 5615 3286 5689 ablativqu
3337 5626 3428 5689 ει·-

145 5701 289 5758 stupe
337 5684 652 5760 pronomini
690 5704 880 5745 casum
936 5691 1290 5763 assignarunt
1330 5705 1495 5764 quem
1529 5699 1720 5763 postu-
1827 5684 2118 5771 tractivum
2168 5704 2269 5766 quo
2315 5687 2558 5763 reposuit
2604 5694 2660 5741 et
2708 5685 2973 5762 exemplis
3017 5684 3426 5742 demonstravit
