  <div class='ocr_page' id='page_1' title='image "/cluster/home/n/w/nwhite01/storage/ocr_20150623/36/nnc1.0022377409/589.png"; bbox 0 0 3856 6220; ppageno 0'>
   <div class='ocr_carea' id='block_1_1' title="bbox 436 225 578 287">
    <p class='ocr_par' dir='ltr' id='par_1_1' title="bbox 436 225 578 287">
     <span class='ocr_line' id='line_1_1' title="bbox 436 225 578 287; baseline 0 0"><span class='ocrx_word' id='word_1_1' title='bbox 436 225 578 287; x_wconf 68' lang='grc'><strong>’1698</strong></span> 
     </span>
    </p>
   </div>
   <div class='ocr_carea' id='block_1_2' title="bbox 1795 220 2313 281">
    <p class='ocr_par' dir='ltr' id='par_1_2' title="bbox 1795 220 2313 281">
     <span class='ocr_line' id='line_1_2' title="bbox 1795 220 2313 281; baseline -0.004 -2"><span class='ocrx_word' id='word_1_2' title='bbox 1795 220 2044 281; x_wconf 77' lang='lat' dir='ltr'><strong>BASlLll</strong></span> <span class='ocrx_word' id='word_1_3' title='bbox 2088 222 2313 279; x_wconf 77' lang='lat' dir='ltr'><strong>MINIMI</strong></span> 
     </span>
    </p>
   </div>
   <div class='ocr_carea' id='block_1_3' title="bbox 3562 227 3712 287">
    <p class='ocr_par' dir='ltr' id='par_1_3' title="bbox 3562 227 3712 287">
     <span class='ocr_line' id='line_1_3' title="bbox 3562 227 3712 287; baseline 0.013 -2"><span class='ocrx_word' id='word_1_4' title='bbox 3562 227 3712 287; x_wconf 55' lang='lat' dir='ltr'><strong>l0”</strong></span> 
     </span>
    </p>
   </div>
   <div class='ocr_carea' id='block_1_4' title="bbox 436 331 2017 410">
    <p class='ocr_par' dir='ltr' id='par_1_4' title="bbox 436 335 2017 409">
     <span class='ocr_line' id='line_1_4' title="bbox 436 335 2017 409; baseline -0.004 -13"><span class='ocrx_word' id='word_1_5' title='bbox 436 340 627 396; x_wconf 88' lang='lat' dir='ltr'><strong>bitatis</strong></span> <span class='ocrx_word' id='word_1_6' title='bbox 667 337 788 409; x_wconf 80' lang='lat' dir='ltr'><strong>eius</strong></span> <span class='ocrx_word' id='word_1_7' title='bbox 840 337 1083 401; x_wconf 82' lang='lat' dir='ltr'><strong>innatam</strong></span> <span class='ocrx_word' id='word_1_8' title='bbox 1130 338 1485 396; x_wconf 81' lang='lat' dir='ltr'><strong>acerbitatem</strong></span> <span class='ocrx_word' id='word_1_9' title='bbox 1537 335 1810 391; x_wconf 87' lang='lat' dir='ltr'><strong>mitiorem</strong></span> <span class='ocrx_word' id='word_1_10' title='bbox 1854 335 2017 399; x_wconf 79' lang='lat' dir='ltr'><strong>edici,</strong></span> 
     </span>
    </p>
   </div>
   <div class='ocr_carea' id='block_1_5' title="bbox 2134 331 3715 410">
    <p class='ocr_par' dir='ltr' id='par_1_5' title="bbox 2134 331 3715 410">
     <span class='ocr_line' id='line_1_5' title="bbox 2134 331 3715 410; baseline 0.004 -24"><span class='ocrx_word' id='word_1_11' title='bbox 2134 334 2481 407; x_wconf 74' lang='grc' dir='ltr'>Βικαιότερον.</span> <span class='ocrx_word' id='word_1_12' title='bbox 2509 331 2603 389; x_wconf 75' lang='grc' dir='ltr'>καὶ</span> <span class='ocrx_word' id='word_1_13' title='bbox 2630 334 2785 410; x_wconf 76' lang='grc' dir='ltr'>παρὰ</span> <span class='ocrx_word' id='word_1_14' title='bbox 2817 333 2881 391; x_wconf 75' lang='grc' dir='ltr'><strong>τὸ</strong></span> <span class='ocrx_word' id='word_1_15' title='bbox 2906 334 3055 402; x_wconf 71' lang='grc' dir='ltr'>εἰκδς</span> <span class='ocrx_word' id='word_1_16' title='bbox 3082 334 3194 408; x_wconf 74' lang='grc'>(65)</span> <span class='ocrx_word' id='word_1_17' title='bbox 3211 378 3226 401; x_wconf 94' lang='grc'><strong>,</strong></span> <span class='ocrx_word' id='word_1_18' title='bbox 3263 336 3360 391; x_wconf 78' lang='grc' dir='ltr'>καὶ</span> <span class='ocrx_word' id='word_1_19' title='bbox 3389 334 3452 390; x_wconf 82' lang='grc' dir='ltr'><strong>τὺ</strong></span> <span class='ocrx_word' id='word_1_20' title='bbox 3474 336 3579 408; x_wconf 76' lang='grc' dir='ltr'>τῆς</span> <span class='ocrx_word' id='word_1_21' title='bbox 3607 354 3715 393; x_wconf 73' lang='grc' dir='ltr'>κα-</span> 
     </span>
    </p>
   </div>
   <div class='ocr_carea' id='block_1_6' title="bbox 438 424 2015 501">
    <p class='ocr_par' dir='ltr' id='par_1_6' title="bbox 438 424 2015 501">
     <span class='ocr_line' id='line_1_6' title="bbox 438 424 2015 501; baseline -0.003 -18"><span class='ocrx_word' id='word_1_22' title='bbox 438 438 701 501; x_wconf 90' lang='lat' dir='ltr'><strong>reputans</strong></span> <span class='ocrx_word' id='word_1_23' title='bbox 744 435 1042 499; x_wconf 87' lang='lat' dir='ltr'><strong>utrumque</strong></span> <span class='ocrx_word' id='word_1_24' title='bbox 1079 424 1233 499; x_wconf 83' lang='lat' dir='ltr'><strong>justo</strong></span> <span class='ocrx_word' id='word_1_25' title='bbox 1281 437 1335 483; x_wconf 90' lang='lat' dir='ltr'><strong>et</strong></span> <span class='ocrx_word' id='word_1_26' title='bbox 1377 426 1733 497; x_wconf 87' lang='lat' dir='ltr'><strong>imperatorio</strong></span> <span class='ocrx_word' id='word_1_27' title='bbox 1782 424 2015 495; x_wconf 84' lang='lat' dir='ltr'><strong>judicio,</strong></span> 
     </span>
    </p>
   </div>
   <div class='ocr_carea' id='block_1_7' title="bbox 432 513 2020 590">
    <p class='ocr_par' dir='ltr' id='par_1_7' title="bbox 432 513 2020 590">
     <span class='ocr_line' id='line_1_7' title="bbox 432 513 2020 590; baseline -0.005 -14"><span class='ocrx_word' id='word_1_28' title='bbox 432 520 653 576; x_wconf 82' lang='lat' dir='ltr'><strong>Gallum</strong></span> <span class='ocrx_word' id='word_1_29' title='bbox 688 519 907 590; x_wconf 84' lang='lat' dir='ltr'><strong>quidem</strong></span> <span class='ocrx_word' id='word_1_30' title='bbox 942 532 1103 589; x_wconf 62' lang='lat' dir='ltr'><strong>poena</strong></span> <span class='ocrx_word' id='word_1_31' title='bbox 1136 517 1414 582; x_wconf 66' lang='lat' dir='ltr'><strong>allectum,</strong></span> <span class='ocrx_word' id='word_1_32' title='bbox 1444 515 1724 570; x_wconf 68' lang='lat' dir='ltr'><strong>lulianum</strong></span> <span class='ocrx_word' id='word_1_33' title='bbox 1751 528 1882 568; x_wconf 87' lang='lat' dir='ltr'><strong>vero</strong></span> <span class='ocrx_word' id='word_1_34' title='bbox 1915 513 2020 568; x_wconf 82' lang='lat' dir='ltr'><strong>ele-</strong></span> 
     </span>
    </p>
   </div>
   <div class='ocr_carea' id='block_1_8' title="bbox 436 604 2021 683">
    <p class='ocr_par' dir='ltr' id='par_1_8' title="bbox 436 604 2021 683">
     <span class='ocr_line' id='line_1_8' title="bbox 436 604 2021 683; baseline -0.004 -17"><span class='ocrx_word' id='word_1_35' title='bbox 436 620 608 679; x_wconf 82' lang='lat' dir='ltr'><strong>ctum,</strong></span> <span class='ocrx_word' id='word_1_36' title='bbox 648 628 711 668; x_wconf 82' lang='lat' dir='ltr'><strong>ex</strong></span> <span class='ocrx_word' id='word_1_37' title='bbox 753 611 1214 683; x_wconf 64' lang='lat' dir='ltr'><strong>praestantissimo</strong></span> <span class='ocrx_word' id='word_1_38' title='bbox 1244 618 1379 667; x_wconf 86' lang='lat' dir='ltr'><strong>natu</strong></span> <span class='ocrx_word' id='word_1_39' title='bbox 1420 609 1651 664; x_wconf 88' lang='lat' dir='ltr'><strong>minoris</strong></span> <span class='ocrx_word' id='word_1_40' title='bbox 1689 606 1901 662; x_wconf 93' lang='lat' dir='ltr'><strong>honore</strong></span> <span class='ocrx_word' id='word_1_41' title='bbox 1928 604 2021 675; x_wconf 85' lang='lat' dir='ltr'><strong>ju-</strong></span> 
     </span>
    </p>
   </div>
   <div class='ocr_carea' id='block_1_9' title="bbox 438 701 2019 775">
    <p class='ocr_par' dir='ltr' id='par_1_9' title="bbox 438 701 2019 775">
     <span class='ocr_line' id='line_1_9' title="bbox 438 701 2019 775; baseline -0.004 -14"><span class='ocrx_word' id='word_1_42' title='bbox 438 712 580 761; x_wconf 89' lang='lat' dir='ltr'><strong>stam</strong></span> <span class='ocrx_word' id='word_1_43' title='bbox 620 704 824 774; x_wconf 88' lang='lat' dir='ltr'><strong>prioris</strong></span> <span class='ocrx_word' id='word_1_44' title='bbox 872 719 1115 775; x_wconf 79' lang='lat' dir='ltr'><strong>ptenam,</strong></span> <span class='ocrx_word' id='word_1_45' title='bbox 1151 718 1315 774; x_wconf 89' lang='lat' dir='ltr'><strong>quam</strong></span> <span class='ocrx_word' id='word_1_46' title='bbox 1350 718 1451 775; x_wconf 90' lang='lat' dir='ltr'><strong>pro</strong></span> <span class='ocrx_word' id='word_1_47' title='bbox 1479 701 1792 758; x_wconf 89' lang='lat' dir='ltr'><strong>temeritate</strong></span> <span class='ocrx_word' id='word_1_48' title='bbox 1820 714 2019 771; x_wconf 89' lang='lat' dir='ltr'><strong>passus</strong></span> 
     </span>
    </p>
   </div>
   <div class='ocr_carea' id='block_1_10' title="bbox 428 791 2020 865">
    <p class='ocr_par' dir='ltr' id='par_1_10' title="bbox 428 791 2020 865">
     <span class='ocr_line' id='line_1_10' title="bbox 428 791 2020 865; baseline -0.005 -13"><span class='ocrx_word' id='word_1_49' title='bbox 428 803 540 860; x_wconf 84' lang='lat' dir='ltr'><strong>est,</strong></span> <span class='ocrx_word' id='word_1_50' title='bbox 580 794 838 865; x_wconf 81' lang='lat' dir='ltr'><strong>judicans</strong></span> <span class='ocrx_word' id='word_1_51' title='bbox 878 804 1045 865; x_wconf 89' lang='lat' dir='ltr'><strong>atque</strong></span> <span class='ocrx_word' id='word_1_52' title='bbox 1092 810 1281 850; x_wconf 86' lang='lat' dir='ltr'><strong>secum</strong></span> <span class='ocrx_word' id='word_1_53' title='bbox 1327 800 1613 865; x_wconf 90' lang='lat' dir='ltr'><strong>reputans.</strong></span> <span class='ocrx_word' id='word_1_54' title='bbox 1655 792 1777 846; x_wconf 87' lang='lat' dir='ltr'><strong>Alia</strong></span> <span class='ocrx_word' id='word_1_55' title='bbox 1809 791 2020 846; x_wconf 84' lang='lat' dir='ltr'><strong>ratione</strong></span> 
     </span>
    </p>
   </div>
   <div class='ocr_carea' id='block_1_11' title="bbox 436 881 2019 940">
    <p class='ocr_par' dir='ltr' id='par_1_11' title="bbox 436 881 2019 940">
     <span class='ocr_line' id='line_1_11' title="bbox 436 881 2019 940; baseline -0.001 -2"><span class='ocrx_word' id='word_1_56' title='bbox 436 883 573 939; x_wconf 88' lang='lat' dir='ltr'><strong>illud</strong></span> <span class='ocrx_word' id='word_1_57' title='bbox 613 883 993 940; x_wconf 88' lang='lat' dir='ltr'><strong>demonstrare</strong></span> <span class='ocrx_word' id='word_1_58' title='bbox 1042 892 1274 939; x_wconf 90' lang='lat' dir='ltr'><strong>conatur</strong></span> <span class='ocrx_word' id='word_1_59' title='bbox 1299 881 1505 939; x_wconf 78' lang='lat' dir='ltr'><strong>Juliani</strong></span> <span class='ocrx_word' id='word_1_60' title='bbox 1551 884 1873 940; x_wconf 88' lang='lat' dir='ltr'><strong>electionem</strong></span> <span class='ocrx_word' id='word_1_61' title='bbox 1909 896 2019 936; x_wconf 88' lang='lat' dir='ltr'><strong>non</strong></span> 
     </span>
    </p>
   </div>
   <div class='ocr_carea' id='block_1_12' title="bbox 434 972 2019 1033">
    <p class='ocr_par' dir='ltr' id='par_1_12' title="bbox 434 972 2019 1033">
     <span class='ocr_line' id='line_1_12' title="bbox 434 972 2019 1033; baseline 0.001 -6"><span class='ocrx_word' id='word_1_62' title='bbox 434 976 662 1031; x_wconf 84' lang='lat' dir='ltr'><strong>omnino</strong></span> <span class='ocrx_word' id='word_1_63' title='bbox 701 976 1173 1032; x_wconf 83' lang='lat' dir='ltr'><strong>inconsideratam</strong></span> <span class='ocrx_word' id='word_1_64' title='bbox 1213 975 1405 1033; x_wconf 82' lang='lat' dir='ltr'><strong>fuisse.</strong></span> <span class='ocrx_word' id='word_1_65' title='bbox 1440 974 1560 1030; x_wconf 86' lang='lat' dir='ltr'><strong>Non</strong></span> <span class='ocrx_word' id='word_1_66' title='bbox 1604 984 1710 1030; x_wconf 91' lang='lat' dir='ltr'><strong>tam</strong></span> <span class='ocrx_word' id='word_1_67' title='bbox 1754 972 1899 1029; x_wconf 90' lang='lat' dir='ltr'><strong>enim</strong></span> <span class='ocrx_word' id='word_1_68' title='bbox 1947 973 2019 1028; x_wconf 89' lang='lat' dir='ltr'><strong>ob</strong></span> 
     </span>
    </p>
   </div>
   <div class='ocr_carea' id='block_1_13' title="bbox 428 1065 2017 1136">
    <p class='ocr_par' dir='ltr' id='par_1_13' title="bbox 428 1065 2017 1136">
     <span class='ocr_line' id='line_1_13' title="bbox 428 1065 2017 1136; baseline -0.001 -15"><span class='ocrx_word' id='word_1_69' title='bbox 428 1065 635 1122; x_wconf 78' lang='lat' dir='ltr'><strong>Juliani</strong></span> <span class='ocrx_word' id='word_1_70' title='bbox 669 1066 1049 1123; x_wconf 40' lang='lat' dir='ltr'><strong>ﬁdem&#39;lldenti</strong></span> <span class='ocrx_word' id='word_1_71' title='bbox 1076 1067 1263 1123; x_wconf 89' lang='lat' dir='ltr'><strong>animo</strong></span> <span class='ocrx_word' id='word_1_72' title='bbox 1300 1075 1420 1123; x_wconf 89' lang='lat' dir='ltr'><strong>erat</strong></span> <span class='ocrx_word' id='word_1_73' title='bbox 1440 1066 1825 1131; x_wconf 86' lang='lat' dir='ltr'><strong>Constantius,</strong></span> <span class='ocrx_word' id='word_1_74' title='bbox 1851 1079 2017 1136; x_wconf 90' lang='lat' dir='ltr'><strong>quam</strong></span> 
     </span>
    </p>
   </div>
   <div class='ocr_carea' id='block_1_14' title="bbox 433 1159 2015 1231">
    <p class='ocr_par' dir='ltr' id='par_1_14' title="bbox 433 1159 2015 1231">
     <span class='ocr_line' id='line_1_14' title="bbox 433 1159 2015 1231; baseline -0.001 -17"><span class='ocrx_word' id='word_1_75' title='bbox 433 1160 506 1215; x_wconf 82' lang='lat' dir='ltr'><strong>ob</strong></span> <span class='ocrx_word' id='word_1_76' title='bbox 547 1167 791 1217; x_wconf 87' lang='lat' dir='ltr'><strong>suasmet</strong></span> <span class='ocrx_word' id='word_1_77' title='bbox 831 1160 1002 1226; x_wconf 89' lang='lat' dir='ltr'><strong>vires,</strong></span> <span class='ocrx_word' id='word_1_78' title='bbox 1049 1175 1175 1216; x_wconf 91' lang='lat' dir='ltr'><strong>eum</strong></span> <span class='ocrx_word' id='word_1_79' title='bbox 1220 1175 1386 1231; x_wconf 89' lang='lat' dir='ltr'><strong>quam</strong></span> <span class='ocrx_word' id='word_1_80' title='bbox 1431 1159 1666 1231; x_wconf 90' lang='lat' dir='ltr'><strong>primum</strong></span> <span class='ocrx_word' id='word_1_81' title='bbox 1720 1173 2015 1228; x_wconf 87' lang='lat' dir='ltr'><strong>oppressu-</strong></span> 
     </span>
    </p>
   </div>
   <div class='ocr_carea' id='block_1_15' title="bbox 430 1250 2020 1321">
    <p class='ocr_par' dir='ltr' id='par_1_15' title="bbox 430 1250 2020 1321">
     <span class='ocr_line' id='line_1_15' title="bbox 430 1250 2020 1321; baseline -0.001 -16"><span class='ocrx_word' id='word_1_82' title='bbox 430 1266 553 1315; x_wconf 84' lang='lat' dir='ltr'><strong>rus,</strong></span> <span class='ocrx_word' id='word_1_83' title='bbox 601 1251 648 1306; x_wconf 89' lang='lat' dir='ltr'><strong>si</strong></span> <span class='ocrx_word' id='word_1_84' title='bbox 689 1250 821 1321; x_wconf 85' lang='lat' dir='ltr'><strong>quid</strong></span> <span class='ocrx_word' id='word_1_85' title='bbox 860 1266 1129 1307; x_wconf 85' lang='lat' dir='ltr'><strong>novarum</strong></span> <span class='ocrx_word' id='word_1_86' title='bbox 1174 1266 1358 1307; x_wconf 91' lang='lat' dir='ltr'><strong>rerum</strong></span> <span class='ocrx_word' id='word_1_87' title='bbox 1400 1251 1712 1307; x_wconf 85' lang='lat' dir='ltr'><strong>moliretur.</strong></span> <span class='ocrx_word' id='word_1_88' title='bbox 1760 1250 1916 1305; x_wconf 89' lang='lat' dir='ltr'><strong>Sicut</strong></span> <span class='ocrx_word' id='word_1_89' title='bbox 1962 1256 2020 1306; x_wconf 88' lang='lat' dir='ltr'><strong>et</strong></span> 
     </span>
    </p>
   </div>
   <div class='ocr_carea' id='block_1_16' title="bbox 431 1342 2015 1415">
    <p class='ocr_par' dir='ltr' id='par_1_16' title="bbox 431 1342 2015 1415">
     <span class='ocr_line' id='line_1_16' title="bbox 431 1342 2015 1415; baseline -0.003 -17"><span class='ocrx_word' id='word_1_90' title='bbox 431 1344 658 1409; x_wconf 77' lang='lat' dir='ltr'><strong>Porum,</strong></span> <span class='ocrx_word' id='word_1_91' title='bbox 716 1342 883 1398; x_wconf 70' lang='lat' dir='ltr'><strong>ludite</strong></span> <span class='ocrx_word' id='word_1_92' title='bbox 935 1359 1140 1415; x_wconf 89' lang='lat' dir='ltr'><strong>regem,</strong></span> <span class='ocrx_word' id='word_1_93' title='bbox 1192 1343 1289 1415; x_wconf 89' lang='lat' dir='ltr'><strong>qui</strong></span> <span class='ocrx_word' id='word_1_94' title='bbox 1334 1345 1602 1415; x_wconf 84' lang='lat' dir='ltr'><strong>praeclare</strong></span> <span class='ocrx_word' id='word_1_95' title='bbox 1658 1352 2015 1414; x_wconf 75' lang='lat' dir='ltr'><strong>pugnaverat,</strong></span> 
     </span>
    </p>
   </div>
   <div class='ocr_carea' id='block_1_17' title="bbox 433 1432 2017 1507">
    <p class='ocr_par' dir='ltr' id='par_1_17' title="bbox 433 1432 2017 1507">
     <span class='ocr_line' id='line_1_17' title="bbox 433 1432 2017 1507; baseline -0.001 -18"><span class='ocrx_word' id='word_1_96' title='bbox 433 1434 741 1491; x_wconf 79' lang='lat' dir='ltr'><strong>Alexander</strong></span> <span class='ocrx_word' id='word_1_97' title='bbox 778 1434 1009 1507; x_wconf 83' lang='lat' dir='ltr'><strong>Magnus</strong></span> <span class='ocrx_word' id='word_1_98' title='bbox 1049 1451 1174 1490; x_wconf 91' lang='lat' dir='ltr'><strong>cum</strong></span> <span class='ocrx_word' id='word_1_99' title='bbox 1217 1434 1531 1499; x_wconf 88' lang='lat' dir='ltr'><strong>devicisset,</strong></span> <span class='ocrx_word' id='word_1_100' title='bbox 1578 1449 1688 1489; x_wconf 91' lang='lat' dir='ltr'><strong>non</strong></span> <span class='ocrx_word' id='word_1_101' title='bbox 1722 1433 1887 1488; x_wconf 89' lang='lat' dir='ltr'><strong>modo</strong></span> <span class='ocrx_word' id='word_1_102' title='bbox 1930 1432 2017 1487; x_wconf 88' lang='lat' dir='ltr'><strong>vi-</strong></span> 
     </span>
    </p>
   </div>
   <div class='ocr_carea' id='block_1_18' title="bbox 427 1524 2012 1598">
    <p class='ocr_par' dir='ltr' id='par_1_18' title="bbox 427 1524 2012 1598">
     <span class='ocr_line' id='line_1_18' title="bbox 427 1524 2012 1598; baseline -0.004 -13"><span class='ocrx_word' id='word_1_103' title='bbox 427 1542 560 1585; x_wconf 76' lang='lat' dir='ltr'><strong>vere</strong></span> <span class='ocrx_word' id='word_1_104' title='bbox 607 1528 879 1597; x_wconf 87' lang='lat' dir='ltr'><strong>permisit,</strong></span> <span class='ocrx_word' id='word_1_105' title='bbox 930 1528 1026 1583; x_wconf 88' lang='lat' dir='ltr'><strong>sed</strong></span> <span class='ocrx_word' id='word_1_106' title='bbox 1075 1536 1131 1583; x_wconf 86' lang='lat' dir='ltr'><strong>et</strong></span> <span class='ocrx_word' id='word_1_107' title='bbox 1185 1542 1381 1582; x_wconf 89' lang='lat' dir='ltr'><strong>rursus</strong></span> <span class='ocrx_word' id='word_1_108' title='bbox 1427 1541 1657 1598; x_wconf 83' lang='lat' dir='ltr'><strong>regnare</strong></span> <span class='ocrx_word' id='word_1_109' title='bbox 1710 1524 2012 1596; x_wconf 61' lang='lat' dir='ltr'><strong>praecepit:</strong></span> 
     </span>
    </p>
   </div>
   <div class='ocr_carea' id='block_1_19' title="bbox 428 1614 2014 1689">
    <p class='ocr_par' dir='ltr' id='par_1_19' title="bbox 428 1614 2014 1689">
     <span class='ocr_line' id='line_1_19' title="bbox 428 1614 2014 1689; baseline -0.003 -17"><span class='ocrx_word' id='word_1_110' title='bbox 428 1633 669 1689; x_wconf 86' lang='lat' dir='ltr'><strong>namque</strong></span> <span class='ocrx_word' id='word_1_111' title='bbox 702 1619 755 1672; x_wconf 92' lang='lat' dir='ltr'><strong>in</strong></span> <span class='ocrx_word' id='word_1_112' title='bbox 782 1633 881 1672; x_wconf 87' lang='lat' dir='ltr'><strong>sua</strong></span> <span class='ocrx_word' id='word_1_113' title='bbox 905 1624 1177 1688; x_wconf 85' lang='lat' dir='ltr'><strong>potestate</strong></span> <span class='ocrx_word' id='word_1_114' title='bbox 1209 1624 1377 1682; x_wconf 85' lang='lat' dir='ltr'><strong>esset,</strong></span> <span class='ocrx_word' id='word_1_115' title='bbox 1411 1617 1459 1671; x_wconf 87' lang='lat' dir='ltr'><strong>si</strong></span> <span class='ocrx_word' id='word_1_116' title='bbox 1502 1616 1708 1670; x_wconf 90' lang='lat' dir='ltr'><strong>malum</strong></span> <span class='ocrx_word' id='word_1_117' title='bbox 1736 1614 2014 1684; x_wconf 86' lang='lat' dir='ltr'><strong>comperi-</strong></span> 
     </span>
    </p>
   </div>
   <div class='ocr_carea' id='block_1_20' title="bbox 428 1706 1659 1778">
    <p class='ocr_par' dir='ltr' id='par_1_20' title="bbox 428 1706 1659 1778">
     <span class='ocr_line' id='line_1_20' title="bbox 428 1706 1659 1778; baseline -0.002 -16"><span class='ocrx_word' id='word_1_118' title='bbox 428 1716 537 1772; x_wconf 69' lang='grc' dir='ltr'>φοι,</span> <span class='ocrx_word' id='word_1_119' title='bbox 564 1722 759 1763; x_wconf 87' lang='lat' dir='ltr'><strong>rursus</strong></span> <span class='ocrx_word' id='word_1_120' title='bbox 789 1707 1082 1763; x_wconf 88' lang='lat' dir='ltr'><strong>devincere</strong></span> <span class='ocrx_word' id='word_1_121' title='bbox 1111 1721 1387 1778; x_wconf 65' lang='lat' dir='ltr'><strong>poenaque</strong></span> <span class='ocrx_word' id='word_1_122' title='bbox 1422 1706 1659 1760; x_wconf 87' lang='lat' dir='ltr'><strong>allicere.</strong></span> 
     </span>
    </p>
   </div>
   <div class='ocr_carea' id='block_1_21' title="bbox 502 1952 2020 2023">
    <p class='ocr_par' dir='ltr' id='par_1_21' title="bbox 502 1952 2020 2023">
     <span class='ocr_line' id='line_1_21' title="bbox 502 1952 2020 2023; baseline -0.003 -6"><span class='ocrx_word' id='word_1_123' title='bbox 502 1960 639 2018; x_wconf 82' lang='lat' dir='ltr'><strong>Cum</strong></span> <span class='ocrx_word' id='word_1_124' title='bbox 686 1957 816 2012; x_wconf 82' lang='lat' dir='ltr'><strong>mihi</strong></span> <span class='ocrx_word' id='word_1_125' title='bbox 867 1973 1085 2011; x_wconf 78' lang='lat' dir='ltr'><strong>causam</strong></span> <span class='ocrx_word' id='word_1_126' title='bbox 1143 1954 1304 2023; x_wconf 77' lang='lat' dir='ltr'><strong>facile</strong></span> <span class='ocrx_word' id='word_1_127' title='bbox 1351 1952 1587 2008; x_wconf 81' lang='lat' dir='ltr'><strong>obtinere</strong></span> <span class='ocrx_word' id='word_1_128' title='bbox 1629 1954 1809 2023; x_wconf 81' lang='lat' dir='ltr'><strong>liceat,</strong></span> <span class='ocrx_word' id='word_1_129' title='bbox 1858 1958 2020 2013; x_wconf 81' lang='lat' dir='ltr'><strong>etiam</strong></span> 
     </span>
    </p>
   </div>
   <div class='ocr_carea' id='block_1_22' title="bbox 428 2046 2024 2123">
    <p class='ocr_par' dir='ltr' id='par_1_22' title="bbox 428 2046 2024 2123">
     <span class='ocr_line' id='line_1_22' title="bbox 428 2046 2024 2123; baseline -0.003 -15"><span class='ocrx_word' id='word_1_130' title='bbox 428 2062 704 2123; x_wconf 69' lang='lat' dir='ltr'><strong>superata.</strong></span> <span class='ocrx_word' id='word_1_131' title='bbox 738 2048 1026 2115; x_wconf 84' lang='lat' dir='ltr'><strong>Quomodo</strong></span> <span class='ocrx_word' id='word_1_132' title='bbox 1066 2053 1328 2117; x_wconf 86' lang='lat' dir='ltr'><strong>superato</strong></span> <span class='ocrx_word' id='word_1_133' title='bbox 1352 2060 1579 2101; x_wconf 87' lang='lat' dir='ltr'><strong>causam</strong></span> <span class='ocrx_word' id='word_1_134' title='bbox 1610 2046 1861 2103; x_wconf 87' lang='lat' dir='ltr'><strong>obtinere</strong></span> <span class='ocrx_word' id='word_1_135' title='bbox 1892 2048 2024 2104; x_wconf 81' lang='lat' dir='ltr'><strong>lice-</strong></span> 
     </span>
    </p>
   </div>
   <div class='ocr_carea' id='block_1_23' title="bbox 430 2136 2022 2211">
    <p class='ocr_par' dir='ltr' id='par_1_23' title="bbox 430 2136 2022 2211">
     <span class='ocr_line' id='line_1_23' title="bbox 430 2136 2022 2211; baseline -0.005 -10"><span class='ocrx_word' id='word_1_136' title='bbox 430 2145 561 2200; x_wconf 78' lang='lat' dir='ltr'><strong>ret?</strong></span> <span class='ocrx_word' id='word_1_137' title='bbox 610 2143 745 2211; x_wconf 86' lang='lat' dir='ltr'><strong>Quis</strong></span> <span class='ocrx_word' id='word_1_138' title='bbox 780 2142 1046 2206; x_wconf 82' lang='lat' dir='ltr'><strong>vinceret,</strong></span> <span class='ocrx_word' id='word_1_139' title='bbox 1070 2148 1125 2195; x_wconf 92' lang='lat' dir='ltr'><strong>et</strong></span> <span class='ocrx_word' id='word_1_140' title='bbox 1163 2138 1366 2209; x_wconf 80' lang='lat' dir='ltr'><strong>quem?</strong></span> <span class='ocrx_word' id='word_1_141' title='bbox 1406 2136 1822 2203; x_wconf 85' lang='lat' dir='ltr'><strong>Quodammodo</strong></span> <span class='ocrx_word' id='word_1_142' title='bbox 1857 2154 2022 2211; x_wconf 87' lang='lat' dir='ltr'><strong>supe-</strong></span> 
     </span>
    </p>
   </div>
   <div class='ocr_carea' id='block_1_24' title="bbox 430 2228 2022 2293">
    <p class='ocr_par' dir='ltr' id='par_1_24' title="bbox 430 2228 2022 2293">
     <span class='ocr_line' id='line_1_24' title="bbox 430 2228 2022 2293; baseline -0.003 -2"><span class='ocrx_word' id='word_1_143' title='bbox 430 2236 687 2292; x_wconf 77' lang='lat' dir='ltr'><strong>rantibus</strong></span> <span class='ocrx_word' id='word_1_144' title='bbox 732 2234 986 2289; x_wconf 81' lang='lat' dir='ltr'><strong>videlicet</strong></span> <span class='ocrx_word' id='word_1_145' title='bbox 1028 2230 1568 2293; x_wconf 82' lang='lat' dir='ltr'><strong>contradicentibus,</strong></span> <span class='ocrx_word' id='word_1_146' title='bbox 1599 2228 2022 2286; x_wconf 81' lang='lat' dir='ltr'><strong>Constantium-</strong></span> 
     </span>
    </p>
   </div>
   <div class='ocr_carea' id='block_1_25' title="bbox 441 2323 2021 2400">
    <p class='ocr_par' dir='ltr' id='par_1_25' title="bbox 441 2323 2021 2400">
     <span class='ocr_line' id='line_1_25' title="bbox 441 2323 2021 2400; baseline -0.003 -16"><span class='ocrx_word' id='word_1_147' title='bbox 441 2345 544 2400; x_wconf 74' lang='lat' dir='ltr'><strong>que</strong></span> <span class='ocrx_word' id='word_1_148' title='bbox 593 2326 878 2384; x_wconf 91' lang='lat' dir='ltr'><strong>criminari</strong></span> <span class='ocrx_word' id='word_1_149' title='bbox 919 2324 1287 2391; x_wconf 87' lang='lat' dir='ltr'><strong>conantibus,</strong></span> <span class='ocrx_word' id='word_1_150' title='bbox 1334 2323 1585 2379; x_wconf 87' lang='lat' dir='ltr'><strong>devictus</strong></span> <span class='ocrx_word' id='word_1_151' title='bbox 1633 2323 1849 2379; x_wconf 85' lang='lat' dir='ltr'><strong>videtur</strong></span> <span class='ocrx_word' id='word_1_152' title='bbox 1894 2340 2021 2381; x_wconf 90' lang='lat' dir='ltr'><strong>eum</strong></span> 
     </span>
    </p>
   </div>
   <div class='ocr_carea' id='block_1_26' title="bbox 431 2414 2022 2476">
    <p class='ocr_par' dir='ltr' id='par_1_26' title="bbox 431 2414 2022 2476">
     <span class='ocr_line' id='line_1_26' title="bbox 431 2414 2022 2476; baseline -0.004 -1"><span class='ocrx_word' id='word_1_153' title='bbox 431 2420 688 2476; x_wconf 77' lang='lat' dir='ltr'><strong>laudans.</strong></span> <span class='ocrx_word' id='word_1_154' title='bbox 732 2417 1056 2475; x_wconf 81' lang='lat' dir='ltr'><strong>Inleriorem</strong></span> <span class='ocrx_word' id='word_1_155' title='bbox 1094 2430 1228 2471; x_wconf 82' lang='lat' dir='ltr'><strong>vero</strong></span> <span class='ocrx_word' id='word_1_156' title='bbox 1275 2428 1500 2470; x_wconf 88' lang='lat' dir='ltr'><strong>causam</strong></span> <span class='ocrx_word' id='word_1_157' title='bbox 1536 2428 1828 2469; x_wconf 85' lang='lat' dir='ltr'><strong>assumens</strong></span> <span class='ocrx_word' id='word_1_158' title='bbox 1874 2414 2022 2469; x_wconf 83' lang='lat' dir='ltr'><strong>divi-</strong></span> 
     </span>
    </p>
   </div>
   <div class='ocr_carea' id='block_1_27' title="bbox 436 2502 2026 2576">
    <p class='ocr_par' dir='ltr' id='par_1_27' title="bbox 436 2502 2026 2576">
     <span class='ocr_line' id='line_1_27' title="bbox 436 2502 2026 2576; baseline -0.008 -8"><span class='ocrx_word' id='word_1_159' title='bbox 436 2527 541 2568; x_wconf 88' lang='lat' dir='ltr'><strong>nus</strong></span> <span class='ocrx_word' id='word_1_160' title='bbox 573 2517 785 2574; x_wconf 90' lang='lat' dir='ltr'><strong>orator,</strong></span> <span class='ocrx_word' id='word_1_161' title='bbox 810 2507 918 2563; x_wconf 89' lang='lat' dir='ltr'><strong>Iste</strong></span> <span class='ocrx_word' id='word_1_162' title='bbox 963 2506 1071 2571; x_wconf 89' lang='lat' dir='ltr'><strong>vir,</strong></span> <span class='ocrx_word' id='word_1_163' title='bbox 1123 2505 1171 2560; x_wconf 88' lang='lat' dir='ltr'><strong>si</strong></span> <span class='ocrx_word' id='word_1_164' title='bbox 1207 2502 1390 2559; x_wconf 86' lang='lat' dir='ltr'><strong>malus</strong></span> <span class='ocrx_word' id='word_1_165' title='bbox 1421 2511 1530 2565; x_wconf 90' lang='lat' dir='ltr'><strong>est,</strong></span> <span class='ocrx_word' id='word_1_166' title='bbox 1571 2503 1670 2566; x_wconf 91' lang='lat' dir='ltr'><strong>ait,</strong></span> <span class='ocrx_word' id='word_1_167' title='bbox 1710 2503 1805 2574; x_wconf 89' lang='lat' dir='ltr'><strong>qui</strong></span> <span class='ocrx_word' id='word_1_168' title='bbox 1853 2502 2026 2576; x_wconf 83' lang='lat' dir='ltr'><strong>impe-</strong></span> 
     </span>
    </p>
   </div>
   <div class='ocr_carea' id='block_1_28' title="bbox 431 2593 2026 2665">
    <p class='ocr_par' dir='ltr' id='par_1_28' title="bbox 431 2593 2026 2665">
     <span class='ocr_line' id='line_1_28' title="bbox 431 2593 2026 2665; baseline -0.004 -8"><span class='ocrx_word' id='word_1_169' title='bbox 431 2603 584 2657; x_wconf 79' lang='lat' dir='ltr'><strong>rium</strong></span> <span class='ocrx_word' id='word_1_170' title='bbox 614 2598 835 2656; x_wconf 86' lang='lat' dir='ltr'><strong>Juliano</strong></span> <span class='ocrx_word' id='word_1_171' title='bbox 859 2596 1161 2663; x_wconf 75' lang='lat' dir='ltr'><strong>commisit,</strong></span> <span class='ocrx_word' id='word_1_172' title='bbox 1187 2596 1293 2652; x_wconf 88' lang='lat' dir='ltr'><strong>iste</strong></span> <span class='ocrx_word' id='word_1_173' title='bbox 1328 2594 1418 2650; x_wconf 90' lang='lat' dir='ltr'><strong>cui</strong></span> <span class='ocrx_word' id='word_1_174' title='bbox 1445 2593 1737 2665; x_wconf 89' lang='lat' dir='ltr'><strong>imperium</strong></span> <span class='ocrx_word' id='word_1_175' title='bbox 1764 2596 2026 2650; x_wconf 87' lang='lat' dir='ltr'><strong>commis-</strong></span> 
     </span>
    </p>
   </div>
   <div class='ocr_carea' id='block_1_29' title="bbox 428 2685 2025 2762">
    <p class='ocr_par' dir='ltr' id='par_1_29' title="bbox 428 2685 2025 2762">
     <span class='ocr_line' id='line_1_29' title="bbox 428 2685 2025 2762; baseline -0.006 -9"><span class='ocrx_word' id='word_1_176' title='bbox 428 2711 559 2753; x_wconf 81' lang='lat' dir='ltr'><strong>sum</strong></span> <span class='ocrx_word' id='word_1_177' title='bbox 605 2700 711 2760; x_wconf 88' lang='lat' dir='ltr'><strong>est,</strong></span> <span class='ocrx_word' id='word_1_178' title='bbox 760 2690 967 2762; x_wconf 89' lang='lat' dir='ltr'><strong>quique</strong></span> <span class='ocrx_word' id='word_1_179' title='bbox 1008 2687 1078 2742; x_wconf 90' lang='lat' dir='ltr'><strong>ad</strong></span> <span class='ocrx_word' id='word_1_180' title='bbox 1127 2686 1441 2757; x_wconf 82' lang='lat' dir='ltr'><strong>hujusmodi</strong></span> <span class='ocrx_word' id='word_1_181' title='bbox 1488 2685 1751 2742; x_wconf 88' lang='lat' dir='ltr'><strong>honorem</strong></span> <span class='ocrx_word' id='word_1_182' title='bbox 1798 2696 2025 2743; x_wconf 84' lang='lat' dir='ltr'><strong>evectus</strong></span> 
     </span>
    </p>
   </div>
   <div class='ocr_carea' id='block_1_30' title="bbox 436 2779 2028 2856">
    <p class='ocr_par' dir='ltr' id='par_1_30' title="bbox 436 2779 2028 2856">
     <span class='ocr_line' id='line_1_30' title="bbox 436 2779 2028 2856; baseline -0.008 -11"><span class='ocrx_word' id='word_1_183' title='bbox 436 2796 542 2854; x_wconf 86' lang='lat' dir='ltr'><strong>est,</strong></span> <span class='ocrx_word' id='word_1_184' title='bbox 573 2800 639 2840; x_wconf 90' lang='lat' dir='ltr'><strong>ac</strong></span> <span class='ocrx_word' id='word_1_185' title='bbox 673 2794 865 2856; x_wconf 87' lang='lat' dir='ltr'><strong>postea</strong></span> <span class='ocrx_word' id='word_1_186' title='bbox 913 2781 1245 2838; x_wconf 87' lang='lat' dir='ltr'><strong>sceleratum</strong></span> <span class='ocrx_word' id='word_1_187' title='bbox 1277 2796 1338 2835; x_wconf 88' lang='lat' dir='ltr'><strong>se</strong></span> <span class='ocrx_word' id='word_1_188' title='bbox 1371 2780 1625 2849; x_wconf 67' lang='lat' dir='ltr'><strong>praebuit,</strong></span> <span class='ocrx_word' id='word_1_189' title='bbox 1672 2779 1801 2850; x_wconf 85' lang='lat' dir='ltr'><strong>quis</strong></span> <span class='ocrx_word' id='word_1_190' title='bbox 1835 2780 2028 2837; x_wconf 76' lang='lat' dir='ltr'><strong>existi-</strong></span> 
     </span>
    </p>
   </div>
   <div class='ocr_carea' id='block_1_31' title="bbox 431 2869 2026 2941">
    <p class='ocr_par' dir='ltr' id='par_1_31' title="bbox 431 2869 2026 2941">
     <span class='ocr_line' id='line_1_31' title="bbox 431 2869 2026 2941; baseline -0.006 -7"><span class='ocrx_word' id='word_1_191' title='bbox 431 2878 577 2934; x_wconf 86' lang='lat' dir='ltr'><strong>mari</strong></span> <span class='ocrx_word' id='word_1_192' title='bbox 606 2876 808 2932; x_wconf 81' lang='lat' dir='ltr'><strong>debet?</strong></span> <span class='ocrx_word' id='word_1_193' title='bbox 838 2871 1028 2929; x_wconf 87' lang='lat' dir='ltr'><strong>Talem</strong></span> <span class='ocrx_word' id='word_1_194' title='bbox 1052 2871 1145 2926; x_wconf 90' lang='lat' dir='ltr'><strong>ubi</strong></span> <span class='ocrx_word' id='word_1_195' title='bbox 1164 2870 1468 2941; x_wconf 91' lang='lat' dir='ltr'><strong>nequitiam</strong></span> <span class='ocrx_word' id='word_1_196' title='bbox 1497 2870 1934 2927; x_wconf 77' lang='lat' dir='ltr'><strong>collocabimus?</strong></span> <span class='ocrx_word' id='word_1_197' title='bbox 1962 2869 2026 2925; x_wconf 81' lang='lat' dir='ltr'><strong>Et</strong></span> 
     </span>
    </p>
   </div>
   <div class='ocr_carea' id='block_1_32' title="bbox 431 2962 2024 3038">
    <p class='ocr_par' dir='ltr' id='par_1_32' title="bbox 431 2962 2024 3038">
     <span class='ocr_line' id='line_1_32' title="bbox 431 2962 2024 3038; baseline -0.005 -13"><span class='ocrx_word' id='word_1_198' title='bbox 431 2970 486 3025; x_wconf 87' lang='lat' dir='ltr'><strong>si</strong></span> <span class='ocrx_word' id='word_1_199' title='bbox 547 2967 745 3038; x_wconf 87' lang='lat' dir='ltr'><strong>impios</strong></span> <span class='ocrx_word' id='word_1_200' title='bbox 793 2966 943 3021; x_wconf 88' lang='lat' dir='ltr'><strong>illius</strong></span> <span class='ocrx_word' id='word_1_201' title='bbox 986 2979 1169 3031; x_wconf 87' lang='lat' dir='ltr'><strong>mores</strong></span> <span class='ocrx_word' id='word_1_202' title='bbox 1212 2978 1322 3017; x_wconf 89' lang='lat' dir='ltr'><strong>non</strong></span> <span class='ocrx_word' id='word_1_203' title='bbox 1366 2962 1707 3033; x_wconf 65' lang='lat' dir='ltr'><strong>praenovisse</strong></span> <span class='ocrx_word' id='word_1_204' title='bbox 1756 2963 1812 3017; x_wconf 89' lang='lat' dir='ltr'><strong>in</strong></span> <span class='ocrx_word' id='word_1_205' title='bbox 1862 2963 2024 3033; x_wconf 89' lang='lat' dir='ltr'><strong>culpa</strong></span> 
     </span>
    </p>
   </div>
   <div class='ocr_carea' id='block_1_33' title="bbox 433 3053 2024 3132">
    <p class='ocr_par' dir='ltr' id='par_1_33' title="bbox 433 3053 2024 3132">
     <span class='ocr_line' id='line_1_33' title="bbox 433 3053 2024 3132; baseline -0.003 -18"><span class='ocrx_word' id='word_1_206' title='bbox 433 3060 680 3132; x_wconf 79' lang='lat' dir='ltr'><strong>ponitur,</strong></span> <span class='ocrx_word' id='word_1_207' title='bbox 727 3057 910 3130; x_wconf 87' lang='lat' dir='ltr'><strong>ipsum</strong></span> <span class='ocrx_word' id='word_1_208' title='bbox 970 3054 1343 3126; x_wconf 84' lang='lat' dir='ltr'><strong>improbitatis</strong></span> <span class='ocrx_word' id='word_1_209' title='bbox 1385 3053 1595 3110; x_wconf 79' lang='lat' dir='ltr'><strong>fontem</strong></span> <span class='ocrx_word' id='word_1_210' title='bbox 1644 3069 1755 3125; x_wconf 92' lang='lat' dir='ltr'><strong>quo</strong></span> <span class='ocrx_word' id='word_1_211' title='bbox 1802 3054 2024 3110; x_wconf 87' lang='lat' dir='ltr'><strong>tandem</strong></span> 
     </span>
    </p>
   </div>
   <div class='ocr_carea' id='block_1_34' title="bbox 438 3147 2025 3220">
    <p class='ocr_par' dir='ltr' id='par_1_34' title="bbox 438 3147 2025 3220">
     <span class='ocr_line' id='line_1_34' title="bbox 438 3147 2025 3220; baseline -0.004 -12"><span class='ocrx_word' id='word_1_212' title='bbox 438 3156 560 3208; x_wconf 89' lang='lat' dir='ltr'><strong>loco</strong></span> <span class='ocrx_word' id='word_1_213' title='bbox 595 3159 836 3208; x_wconf 80' lang='lat' dir='ltr'><strong>statuere</strong></span> <span class='ocrx_word' id='word_1_214' title='bbox 865 3164 965 3220; x_wconf 87' lang='lat' dir='ltr'><strong>par</strong></span> <span class='ocrx_word' id='word_1_215' title='bbox 996 3148 1117 3205; x_wconf 84' lang='lat' dir='ltr'><strong>est?</strong></span> <span class='ocrx_word' id='word_1_216' title='bbox 1149 3147 1563 3216; x_wconf 79' lang='grc' dir='ltr'>Ἀσυλλόγιστον</span> <span class='ocrx_word' id='word_1_217' title='bbox 1590 3163 1756 3219; x_wconf 82' lang='grc' dir='ltr'>ροιτο</span> <span class='ocrx_word' id='word_1_218' title='bbox 1793 3148 1877 3203; x_wconf 85' lang='lat' dir='ltr'><strong>vel</strong></span> <span class='ocrx_word' id='word_1_219' title='bbox 1903 3163 2025 3202; x_wconf 87' lang='lat' dir='ltr'><strong>om-</strong></span> 
     </span>
    </p>
   </div>
   <div class='ocr_carea' id='block_1_35' title="bbox 450 3239 2029 3313">
    <p class='ocr_par' dir='ltr' id='par_1_35' title="bbox 450 3239 2029 3313">
     <span class='ocr_line' id='line_1_35' title="bbox 450 3239 2029 3313; baseline -0.004 -13"><span class='ocrx_word' id='word_1_220' title='bbox 450 3245 585 3301; x_wconf 88' lang='lat' dir='ltr'><strong>nino</strong></span> <span class='ocrx_word' id='word_1_221' title='bbox 631 3242 1037 3313; x_wconf 80' lang='lat' dir='ltr'><strong>iuexplicabile,</strong></span> <span class='ocrx_word' id='word_1_222' title='bbox 1068 3241 1155 3296; x_wconf 88' lang='lat' dir='ltr'><strong>vel</strong></span> <span class='ocrx_word' id='word_1_223' title='bbox 1199 3241 1483 3295; x_wconf 83' lang='lat' dir='ltr'><strong>intellectu</strong></span> <span class='ocrx_word' id='word_1_224' title='bbox 1525 3239 1745 3295; x_wconf 83' lang='lat' dir='ltr'><strong>dillleile</strong></span> <span class='ocrx_word' id='word_1_225' title='bbox 1789 3247 1845 3295; x_wconf 92' lang='lat' dir='ltr'><strong>et</strong></span> <span class='ocrx_word' id='word_1_226' title='bbox 1883 3239 2029 3311; x_wconf 90' lang='lat' dir='ltr'><strong>quod</strong></span> 
     </span>
    </p>
   </div>
   <div class='ocr_carea' id='block_1_36' title="bbox 440 3332 2027 3404">
    <p class='ocr_par' dir='ltr' id='par_1_36' title="bbox 440 3332 2027 3404">
     <span class='ocr_line' id='line_1_36' title="bbox 440 3332 2027 3404; baseline -0.003 -13"><span class='ocrx_word' id='word_1_227' title='bbox 440 3350 549 3392; x_wconf 90' lang='lat' dir='ltr'><strong>non</strong></span> <span class='ocrx_word' id='word_1_228' title='bbox 564 3334 727 3392; x_wconf 76' lang='lat' dir='ltr'><strong>facile</strong></span> <span class='ocrx_word' id='word_1_229' title='bbox 737 3332 1077 3404; x_wconf 86' lang='lat' dir='ltr'><strong>deprehendi</strong></span> <span class='ocrx_word' id='word_1_230' title='bbox 1093 3340 1292 3404; x_wconf 86' lang='lat' dir='ltr'><strong>potest,</strong></span> <span class='ocrx_word' id='word_1_231' title='bbox 1310 3332 1395 3386; x_wconf 82' lang='lat' dir='ltr'><strong>vel</strong></span> <span class='ocrx_word' id='word_1_232' title='bbox 1408 3334 1583 3403; x_wconf 83' lang='lat' dir='ltr'><strong>ipsam</strong></span> <span class='ocrx_word' id='word_1_233' title='bbox 1600 3332 2027 3403; x_wconf 87' lang='lat' dir='ltr'><strong>improbitatem,</strong></span> 
     </span>
    </p>
   </div>
   <div class='ocr_carea' id='block_1_37' title="bbox 436 3421 2032 3494">
    <p class='ocr_par' dir='ltr' id='par_1_37' title="bbox 436 3421 2032 3494">
     <span class='ocr_line' id='line_1_37' title="bbox 436 3421 2032 3494; baseline -0.001 -16"><span class='ocrx_word' id='word_1_234' title='bbox 436 3424 816 3493; x_wconf 87' lang='lat' dir='ltr'><strong>irrationabile</strong></span> <span class='ocrx_word' id='word_1_235' title='bbox 834 3421 1097 3494; x_wconf 89' lang='lat' dir='ltr'><strong>quiddam</strong></span> <span class='ocrx_word' id='word_1_236' title='bbox 1116 3432 1282 3492; x_wconf 88' lang='lat' dir='ltr'><strong>atque</strong></span> <span class='ocrx_word' id='word_1_237' title='bbox 1309 3422 1714 3493; x_wconf 78' lang='lat' dir='ltr'><strong>inexplicabile,</strong></span> <span class='ocrx_word' id='word_1_238' title='bbox 1734 3437 1860 3477; x_wconf 87' lang='lat' dir='ltr'><strong>esse</strong></span> <span class='ocrx_word' id='word_1_239' title='bbox 1876 3422 2032 3489; x_wconf 89' lang='lat' dir='ltr'><strong>dicit,</strong></span> 
     </span>
    </p>
   </div>
   <div class='ocr_carea' id='block_1_38' title="bbox 437 3513 1884 3588">
    <p class='ocr_par' dir='ltr' id='par_1_38' title="bbox 437 3513 1884 3588">
     <span class='ocr_line' id='line_1_38' title="bbox 437 3513 1884 3588; baseline -0.002 -18"><span class='ocrx_word' id='word_1_240' title='bbox 437 3532 565 3588; x_wconf 70' lang='lat' dir='ltr'><strong>quae</strong></span> <span class='ocrx_word' id='word_1_241' title='bbox 592 3531 703 3571; x_wconf 89' lang='lat' dir='ltr'><strong>non</strong></span> <span class='ocrx_word' id='word_1_242' title='bbox 734 3515 864 3585; x_wconf 92' lang='lat' dir='ltr'><strong>quid</strong></span> <span class='ocrx_word' id='word_1_243' title='bbox 897 3515 1103 3570; x_wconf 91' lang='lat' dir='ltr'><strong>bonum</strong></span> <span class='ocrx_word' id='word_1_244' title='bbox 1132 3514 1334 3585; x_wconf 89' lang='lat' dir='ltr'><strong>quidve</strong></span> <span class='ocrx_word' id='word_1_245' title='bbox 1358 3513 1620 3568; x_wconf 89' lang='lat' dir='ltr'><strong>decorum</strong></span> <span class='ocrx_word' id='word_1_246' title='bbox 1660 3513 1884 3583; x_wconf 76' lang='lat' dir='ltr'><strong>cogitat.</strong></span> 
     </span>
    </p>
   </div>
   <div class='ocr_carea' id='block_1_39' title="bbox 514 3604 2029 3678">
    <p class='ocr_par' dir='ltr' id='par_1_39' title="bbox 514 3604 2029 3678">
     <span class='ocr_line' id='line_1_39' title="bbox 514 3604 2029 3678; baseline -0.001 -16"><span class='ocrx_word' id='word_1_247' title='bbox 514 3608 646 3664; x_wconf 81' lang='lat' dir='ltr'><strong>Htec</strong></span> <span class='ocrx_word' id='word_1_248' title='bbox 698 3609 869 3678; x_wconf 77' lang='lat' dir='ltr'><strong>ipsum</strong></span> <span class='ocrx_word' id='word_1_249' title='bbox 923 3607 1202 3670; x_wconf 77' lang='lat' dir='ltr'><strong>Platones,</strong></span> <span class='ocrx_word' id='word_1_250' title='bbox 1265 3614 1321 3662; x_wconf 90' lang='lat' dir='ltr'><strong>et</strong></span> <span class='ocrx_word' id='word_1_251' title='bbox 1373 3621 1497 3676; x_wconf 68' lang='lat' dir='ltr'><strong>quae</strong></span> <span class='ocrx_word' id='word_1_252' title='bbox 1549 3615 1877 3675; x_wconf 88' lang='lat' dir='ltr'><strong>sequuntur.</strong></span> <span class='ocrx_word' id='word_1_253' title='bbox 1934 3604 2029 3661; x_wconf 88' lang='lat' dir='ltr'><strong>Isti</strong></span> 
     </span>
    </p>
   </div>
   <div class='ocr_carea' id='block_1_40' title="bbox 442 3690 2026 3770">
    <p class='ocr_par' dir='ltr' id='par_1_40' title="bbox 442 3690 2026 3770">
     <span class='ocr_line' id='line_1_40' title="bbox 442 3690 2026 3770; baseline -0.003 -17"><span class='ocrx_word' id='word_1_254' title='bbox 442 3690 607 3770; x_wconf 78' lang='lat' dir='ltr'><strong>igitur</strong></span> <span class='ocrx_word' id='word_1_255' title='bbox 641 3697 784 3769; x_wconf 90' lang='lat' dir='ltr'><strong>apud</strong></span> <span class='ocrx_word' id='word_1_256' title='bbox 817 3697 1041 3752; x_wconf 52' lang='grc' dir='ltr'>(ἔτερος</span> <span class='ocrx_word' id='word_1_257' title='bbox 1076 3696 1531 3768; x_wconf 87' lang='lat' dir='ltr'><strong>philosophorum</strong></span> <span class='ocrx_word' id='word_1_258' title='bbox 1560 3696 2026 3768; x_wconf 71' lang='lat' dir='ltr'><strong>praestantissimi,</strong></span> 
     </span>
    </p>
   </div>
   <div class='ocr_carea' id='block_1_41' title="bbox 440 3789 2028 3863">
    <p class='ocr_par' dir='ltr' id='par_1_41' title="bbox 440 3789 2028 3863">
     <span class='ocr_line' id='line_1_41' title="bbox 440 3789 2028 3863; baseline -0.001 -15"><span class='ocrx_word' id='word_1_259' title='bbox 440 3793 792 3863; x_wconf 77' lang='lat' dir='ltr'><strong>maximoque</strong></span> <span class='ocrx_word' id='word_1_260' title='bbox 822 3791 878 3846; x_wconf 92' lang='lat' dir='ltr'><strong>in</strong></span> <span class='ocrx_word' id='word_1_261' title='bbox 918 3792 1098 3863; x_wconf 89' lang='lat' dir='ltr'><strong>pretio</strong></span> <span class='ocrx_word' id='word_1_262' title='bbox 1132 3789 1353 3846; x_wconf 73' lang='lat' dir='ltr'><strong>Iuliano</strong></span> <span class='ocrx_word' id='word_1_263' title='bbox 1396 3790 1592 3859; x_wconf 89' lang='lat' dir='ltr'><strong>habiti,</strong></span> <span class='ocrx_word' id='word_1_264' title='bbox 1626 3806 1879 3848; x_wconf 89' lang='lat' dir='ltr'><strong>sermone</strong></span> <span class='ocrx_word' id='word_1_265' title='bbox 1910 3792 2028 3847; x_wconf 91' lang='lat' dir='ltr'><strong>solo</strong></span> 
     </span>
    </p>
   </div>
   <div class='ocr_carea' id='block_1_42' title="bbox 442 3880 2031 3952">
    <p class='ocr_par' dir='ltr' id='par_1_42' title="bbox 442 3880 2031 3952">
     <span class='ocr_line' id='line_1_42' title="bbox 442 3880 2031 3952; baseline 0 -15"><span class='ocrx_word' id='word_1_266' title='bbox 442 3884 705 3938; x_wconf 83' lang='lat' dir='ltr'><strong>virtutem</strong></span> <span class='ocrx_word' id='word_1_267' title='bbox 737 3889 1068 3937; x_wconf 88' lang='lat' dir='ltr'><strong>coronantes</strong></span> <span class='ocrx_word' id='word_1_268' title='bbox 1109 3895 1172 3936; x_wconf 86' lang='lat' dir='ltr'><strong>ac</strong></span> <span class='ocrx_word' id='word_1_269' title='bbox 1196 3880 1668 3952; x_wconf 88' lang='lat' dir='ltr'><strong>philosophantes,</strong></span> <span class='ocrx_word' id='word_1_270' title='bbox 1706 3882 2031 3937; x_wconf 88' lang='lat' dir='ltr'><strong>edocentes-</strong></span> 
     </span>
    </p>
   </div>
   <div class='ocr_carea' id='block_1_43' title="bbox 442 3962 2031 4044">
    <p class='ocr_par' dir='ltr' id='par_1_43' title="bbox 442 3962 2031 4044">
     <span class='ocr_line' id='line_1_43' title="bbox 442 3962 2031 4044; baseline -0.001 -18"><span class='ocrx_word' id='word_1_271' title='bbox 442 3987 551 4044; x_wconf 82' lang='lat' dir='ltr'><strong>que</strong></span> <span class='ocrx_word' id='word_1_272' title='bbox 586 3971 851 4042; x_wconf 75' lang='lat' dir='ltr'><strong>iniuriam</strong></span> <span class='ocrx_word' id='word_1_273' title='bbox 880 3971 991 4042; x_wconf 88' lang='lat' dir='ltr'><strong>pati</strong></span> <span class='ocrx_word' id='word_1_274' title='bbox 1029 3971 1211 4040; x_wconf 89' lang='lat' dir='ltr'><strong>potius</strong></span> <span class='ocrx_word' id='word_1_275' title='bbox 1249 3985 1411 4039; x_wconf 88' lang='lat' dir='ltr'><strong>quam</strong></span> <span class='ocrx_word' id='word_1_276' title='bbox 1446 3962 1687 4037; x_wconf 80' lang='lat' dir='ltr'><strong>inferre;</strong></span> <span class='ocrx_word' id='word_1_277' title='bbox 1720 3969 2031 4025; x_wconf 69' lang='lat' dir='ltr'><strong>Geometriae</strong></span> 
     </span>
    </p>
   </div>
   <div class='ocr_carea' id='block_1_44' title="bbox 444 4059 2030 4132">
    <p class='ocr_par' dir='ltr' id='par_1_44' title="bbox 444 4059 2030 4132">
     <span class='ocr_line' id='line_1_44' title="bbox 444 4059 2030 4132; baseline -0.001 -16"><span class='ocrx_word' id='word_1_278' title='bbox 444 4076 577 4117; x_wconf 90' lang='lat' dir='ltr'><strong>vero</strong></span> <span class='ocrx_word' id='word_1_279' title='bbox 598 4061 929 4132; x_wconf 69' lang='lat' dir='ltr'><strong>(equitatem,</strong></span> <span class='ocrx_word' id='word_1_280' title='bbox 951 4075 1071 4115; x_wconf 90' lang='lat' dir='ltr'><strong>eam</strong></span> <span class='ocrx_word' id='word_1_281' title='bbox 1093 4075 1215 4130; x_wconf 79' lang='lat' dir='ltr'><strong>quze</strong></span> <span class='ocrx_word' id='word_1_282' title='bbox 1241 4075 1337 4129; x_wconf 93' lang='lat' dir='ltr'><strong>per</strong></span> <span class='ocrx_word' id='word_1_283' title='bbox 1358 4059 1722 4130; x_wconf 70' lang='lat' dir='ltr'><strong>geometricas</strong></span> <span class='ocrx_word' id='word_1_284' title='bbox 1745 4059 2030 4114; x_wconf 88' lang='lat' dir='ltr'><strong>methodos</strong></span> 
     </span>
    </p>
   </div>
   <div class='ocr_carea' id='block_1_45' title="bbox 444 4150 2029 4221">
    <p class='ocr_par' dir='ltr' id='par_1_45' title="bbox 444 4150 2029 4221">
     <span class='ocr_line' id='line_1_45' title="bbox 444 4150 2029 4221; baseline -0.001 -14"><span class='ocrx_word' id='word_1_285' title='bbox 444 4153 892 4219; x_wconf 88' lang='lat' dir='ltr'><strong>demonstratur,</strong></span> <span class='ocrx_word' id='word_1_286' title='bbox 938 4151 1147 4207; x_wconf 91' lang='lat' dir='ltr'><strong>erroris</strong></span> <span class='ocrx_word' id='word_1_287' title='bbox 1190 4159 1469 4220; x_wconf 78' lang='lat' dir='ltr'><strong>expertem</strong></span> <span class='ocrx_word' id='word_1_288' title='bbox 1514 4150 1789 4221; x_wconf 86' lang='lat' dir='ltr'><strong>justitiam</strong></span> <span class='ocrx_word' id='word_1_289' title='bbox 1828 4158 1885 4206; x_wconf 91' lang='lat' dir='ltr'><strong>et</strong></span> <span class='ocrx_word' id='word_1_290' title='bbox 1934 4166 2029 4206; x_wconf 87' lang='lat' dir='ltr'><strong>ve-</strong></span> 
     </span>
    </p>
   </div>
   <div class='ocr_carea' id='block_1_46' title="bbox 445 4242 2032 4316">
    <p class='ocr_par' dir='ltr' id='par_1_46' title="bbox 445 4242 2032 4316">
     <span class='ocr_line' id='line_1_46' title="bbox 445 4242 2032 4316; baseline 0.001 -19"><span class='ocrx_word' id='word_1_291' title='bbox 445 4242 697 4310; x_wconf 90' lang='lat' dir='ltr'><strong>ritatem;</strong></span> <span class='ocrx_word' id='word_1_292' title='bbox 725 4242 1057 4313; x_wconf 76' lang='lat' dir='ltr'><strong>egregiosque</strong></span> <span class='ocrx_word' id='word_1_293' title='bbox 1096 4242 1411 4311; x_wconf 77' lang='lat' dir='ltr'><strong>magistros,</strong></span> <span class='ocrx_word' id='word_1_294' title='bbox 1440 4256 1583 4312; x_wconf 91' lang='lat' dir='ltr'><strong>quos</strong></span> <span class='ocrx_word' id='word_1_295' title='bbox 1622 4243 1728 4298; x_wconf 91' lang='lat' dir='ltr'><strong>iste</strong></span> <span class='ocrx_word' id='word_1_296' title='bbox 1747 4244 2032 4316; x_wconf 82' lang='lat' dir='ltr'><strong>conscrip-</strong></span> 
     </span>
    </p>
   </div>
   <div class='ocr_carea' id='block_1_47' title="bbox 441 4333 1922 4408">
    <p class='ocr_par' dir='ltr' id='par_1_47' title="bbox 441 4333 1922 4408">
     <span class='ocr_line' id='line_1_47' title="bbox 441 4333 1922 4408; baseline 0 -15"><span class='ocrx_word' id='word_1_297' title='bbox 441 4343 610 4406; x_wconf 87' lang='lat' dir='ltr'><strong>serat,</strong></span> <span class='ocrx_word' id='word_1_298' title='bbox 638 4335 1006 4408; x_wconf 84' lang='lat' dir='ltr'><strong>Porphyrium</strong></span> <span class='ocrx_word' id='word_1_299' title='bbox 1044 4345 1099 4391; x_wconf 87' lang='lat' dir='ltr'><strong>et</strong></span> <span class='ocrx_word' id='word_1_300' title='bbox 1131 4333 1422 4390; x_wconf 86' lang='lat' dir='ltr'><strong>Libanium</strong></span> <span class='ocrx_word' id='word_1_301' title='bbox 1453 4335 1742 4407; x_wconf 89' lang='lat' dir='ltr'><strong>sophistas</strong></span> <span class='ocrx_word' id='word_1_302' title='bbox 1766 4336 1922 4393; x_wconf 88' lang='lat' dir='ltr'><strong>dicit.</strong></span> 
     </span>
    </p>
   </div>
   <div class='ocr_carea' id='block_1_48' title="bbox 442 4722 2036 4800">
    <p class='ocr_par' dir='ltr' id='par_1_48' title="bbox 442 4722 2036 4800">
     <span class='ocr_line' id='line_1_48' title="bbox 442 4722 2036 4800; baseline 0.003 -20"><span class='ocrx_word' id='word_1_303' title='bbox 442 4724 592 4800; x_wconf 68' lang='lat' dir='ltr'><strong>hanc</strong></span> <span class='ocrx_word' id='word_1_304' title='bbox 626 4726 1097 4800; x_wconf 74' lang='lat' dir='ltr'><strong>constructionem</strong></span> <span class='ocrx_word' id='word_1_305' title='bbox 1123 4766 1139 4791; x_wconf 92' lang='lat'><strong>,</strong></span> <span class='ocrx_word' id='word_1_306' title='bbox 1172 4722 1379 4800; x_wconf 66' lang='lat' dir='ltr'><strong>Graecis</strong></span> <span class='ocrx_word' id='word_1_307' title='bbox 1412 4726 1767 4795; x_wconf 82' lang='lat' dir='ltr'><strong>familiarem,</strong></span> <span class='ocrx_word' id='word_1_308' title='bbox 1796 4746 1824 4783; x_wconf 90' lang='lat' dir='ltr'><strong>a</strong></span> <span class='ocrx_word' id='word_1_309' title='bbox 1850 4728 2036 4800; x_wconf 85' lang='lat' dir='ltr'><strong>lingua</strong></span> 
     </span>
    </p>
   </div>
   <div class='ocr_carea' id='block_1_49' title="bbox 447 4795 2035 4868">
    <p class='ocr_par' dir='ltr' id='par_1_49' title="bbox 447 4795 2035 4868">
     <span class='ocr_line' id='line_1_49' title="bbox 447 4795 2035 4868; baseline 0.001 -15"><span class='ocrx_word' id='word_1_310' title='bbox 447 4795 644 4853; x_wconf 84' lang='lat' dir='ltr'><strong>Latina</strong></span> <span class='ocrx_word' id='word_1_311' title='bbox 679 4811 790 4850; x_wconf 90' lang='lat' dir='ltr'><strong>non</strong></span> <span class='ocrx_word' id='word_1_312' title='bbox 832 4797 1064 4868; x_wconf 76' lang='lat' dir='ltr'><strong>alienam</strong></span> <span class='ocrx_word' id='word_1_313' title='bbox 1115 4814 1261 4853; x_wconf 83' lang='lat' dir='ltr'><strong>esse.</strong></span> <span class='ocrx_word' id='word_1_314' title='bbox 1296 4797 1368 4853; x_wconf 91' lang='lat' dir='ltr'><strong>Iis</strong></span> <span class='ocrx_word' id='word_1_315' title='bbox 1415 4814 1535 4868; x_wconf 75' lang='lat' dir='ltr'><strong>quae</strong></span> <span class='ocrx_word' id='word_1_316' title='bbox 1576 4801 1798 4868; x_wconf 83' lang='lat' dir='ltr'><strong>collegit</strong></span> <span class='ocrx_word' id='word_1_317' title='bbox 1837 4795 2035 4855; x_wconf 65' lang='lat' dir='ltr'><strong>addant</strong></span> 
     </span>
    </p>
   </div>
   <div class='ocr_carea' id='block_1_50' title="bbox 447 4816 1838 4941">
    <p class='ocr_par' dir='ltr' id='par_1_50' title="bbox 447 4816 1838 4941">
     <span class='ocr_line' id='line_1_50' title="bbox 448 4816 1838 4868; baseline -0.005 -15"><span class='ocrx_word' id='word_1_318' title='bbox 448 4816 644 4853; x_wconf 70' lang='lat' dir='ltr'><strong>Latina</strong></span> <span class='ocrx_word' id='word_1_319' title='bbox 679 4816 790 4850; x_wconf 88' lang='lat' dir='ltr'><strong>non</strong></span> <span class='ocrx_word' id='word_1_320' title='bbox 832 4816 1064 4851; x_wconf 72' lang='lat' dir='ltr'><strong>alienam</strong></span> <span class='ocrx_word' id='word_1_321' title='bbox 1115 4816 1261 4853; x_wconf 78' lang='lat' dir='ltr'><strong>esse.</strong></span> <span class='ocrx_word' id='word_1_322' title='bbox 1298 4816 1368 4853; x_wconf 90' lang='lat' dir='ltr'><strong>IIS</strong></span> <span class='ocrx_word' id='word_1_323' title='bbox 1415 4816 1535 4868; x_wconf 72' lang='lat' dir='ltr'><strong>qua:</strong></span> <span class='ocrx_word' id='word_1_324' title='bbox 1576 4816 1716 4853; x_wconf 86' lang='lat' dir='ltr'><strong>coue</strong></span> <span class='ocrx_word' id='word_1_325' title='bbox 1758 4816 1798 4854; x_wconf 83' lang='grc' dir='ltr'><strong>ιι</strong></span> <span class='ocrx_word' id='word_1_326' title='bbox 1837 4841 1838 4846; x_wconf 47' lang='grc' dir='ltr'><strong>η</strong></span> 
     </span>
     <span class='ocr_line' id='line_1_51' title="bbox 447 4816 1838 4941; baseline -0.004 -15"><span class='ocrx_word' id='word_1_327' title='bbox 447 4868 736 4940; x_wconf 80' lang='lat' dir='ltr'><strong>sequentia</strong></span> <span class='ocrx_word' id='word_1_328' title='bbox 762 4881 830 4922; x_wconf 79' lang='lat' dir='ltr'><strong>ex</strong></span> <span class='ocrx_word' id='word_1_329' title='bbox 861 4864 1119 4923; x_wconf 81' lang='lat' dir='ltr'><strong>Fabretto</strong></span> <span class='ocrx_word' id='word_1_330' title='bbox 1152 4868 1349 4939; x_wconf 76' lang='lat' dir='ltr'><strong>(Inscr.</strong></span> <span class='ocrx_word' id='word_1_331' title='bbox 1384 4868 1539 4923; x_wconf 88' lang='lat' dir='ltr'><strong>Dom.</strong></span> <span class='ocrx_word' id='word_1_332' title='bbox 1567 4886 1622 4939; x_wconf 86' lang='lat' dir='ltr'><strong>p.</strong></span> <span class='ocrx_word' id='word_1_333' title='bbox 1647 4816 1787 4941; x_wconf 49' lang='lat'><strong>52?)</strong></span> <span class='ocrx_word' id='word_1_334' title='bbox 1823 4889 1838 4925; x_wconf 87' lang='lat'><strong>:</strong></span> 
     </span>
    </p>
   </div>
   <div class='ocr_carea' id='block_1_51' title="bbox 974 4953 1522 4995">
    <p class='ocr_par' dir='ltr' id='par_1_51' title="bbox 974 4953 1522 4995">
     <span class='ocr_line' id='line_1_52' title="bbox 974 4953 1522 4995; baseline 0 -2"><span class='ocrx_word' id='word_1_335' title='bbox 974 4953 1131 4993; x_wconf 73' lang='grc' dir='ltr'><strong>ΠΒυῆ</strong></span> <span class='ocrx_word' id='word_1_336' title='bbox 1169 4954 1282 4992; x_wconf 69' lang='grc'><strong>11111</strong></span> <span class='ocrx_word' id='word_1_337' title='bbox 1325 4956 1522 4995; x_wconf 73' lang='grc' dir='ltr'><strong>ΡΛΤΒΙΔ</strong></span> 
     </span>
    </p>
   </div>
   <div class='ocr_carea' id='block_1_52' title="bbox 1042 5024 1447 5064">
    <p class='ocr_par' dir='ltr' id='par_1_52' title="bbox 1042 5024 1447 5064">
     <span class='ocr_line' id='line_1_53' title="bbox 1042 5024 1447 5064; baseline 0.002 -2"><span class='ocrx_word' id='word_1_338' title='bbox 1042 5024 1305 5063; x_wconf 66' lang='grc' dir='ltr'>Αθηιευιλ</span> <span class='ocrx_word' id='word_1_339' title='bbox 1345 5025 1447 5064; x_wconf 65' lang='grc' dir='ltr'>ενι</span> 
     </span>
    </p>
   </div>
   <div class='ocr_carea' id='block_1_53' title="bbox 708 5093 1782 5138">
    <p class='ocr_par' dir='ltr' id='par_1_53' title="bbox 708 5093 1782 5138">
     <span class='ocr_line' id='line_1_54' title="bbox 708 5093 1782 5138; baseline -0.001 -3"><span class='ocrx_word' id='word_1_340' title='bbox 708 5097 1008 5138; x_wconf 70' lang='grc' dir='ltr'>νοειτλτνε</span> <span class='ocrx_word' id='word_1_341' title='bbox 1057 5095 1297 5133; x_wconf 72' lang='grc' dir='ltr'>ηΑνινε.</span> <span class='ocrx_word' id='word_1_342' title='bbox 1354 5095 1479 5133; x_wconf 67' lang='lat' dir='ltr'><strong>IDEM</strong></span> <span class='ocrx_word' id='word_1_343' title='bbox 1531 5093 1635 5134; x_wconf 79' lang='lat' dir='ltr'><strong>EGO</strong></span> <span class='ocrx_word' id='word_1_344' title='bbox 1680 5095 1782 5135; x_wconf 68' lang='grc' dir='ltr'>ενι(</span> 
     </span>
    </p>
   </div>
   <div class='ocr_carea' id='block_1_54' title="bbox 731 5164 1744 5215">
    <p class='ocr_par' dir='ltr' id='par_1_54' title="bbox 731 5164 1744 5215">
     <span class='ocr_line' id='line_1_55' title="bbox 731 5164 1744 5215; baseline -0.003 -9"><span class='ocrx_word' id='word_1_345' title='bbox 731 5164 1062 5207; x_wconf 65' lang='grc' dir='ltr'>υιδενιιιιεαε</span> <span class='ocrx_word' id='word_1_346' title='bbox 1087 5164 1156 5203; x_wconf 74' lang='lat' dir='ltr'>VT</span> <span class='ocrx_word' id='word_1_347' title='bbox 1185 5164 1256 5202; x_wconf 69' lang='lat' dir='ltr'><strong>HE</strong></span> <span class='ocrx_word' id='word_1_348' title='bbox 1283 5165 1528 5215; x_wconf 81' lang='lat' dir='ltr'><strong>VIDETIS,</strong></span> <span class='ocrx_word' id='word_1_349' title='bbox 1559 5165 1639 5205; x_wconf 77' lang='lat' dir='ltr'><strong>SIC</strong></span> <span class='ocrx_word' id='word_1_350' title='bbox 1674 5166 1744 5203; x_wconf 78' lang='lat' dir='ltr'><strong>ET</strong></span> 
     </span>
    </p>
   </div>
   <div class='ocr_carea' id='block_1_55' title="bbox 775 5234 1711 5283">
    <p class='ocr_par' dir='ltr' id='par_1_55' title="bbox 775 5234 1711 5283">
     <span class='ocr_line' id='line_1_56' title="bbox 775 5234 1711 5283; baseline -0.002 -6"><span class='ocrx_word' id='word_1_351' title='bbox 775 5239 909 5278; x_wconf 72' lang='grc' dir='ltr'>Λιινι)</span> <span class='ocrx_word' id='word_1_352' title='bbox 939 5234 1171 5278; x_wconf 68' lang='grc' dir='ltr'>δνρειιοε</span> <span class='ocrx_word' id='word_1_353' title='bbox 1192 5235 1346 5274; x_wconf 68' lang='grc' dir='ltr'>ΔΝΝιε</span> <span class='ocrx_word' id='word_1_354' title='bbox 1366 5236 1554 5283; x_wconf 73' lang='grc' dir='ltr'>ρνωνε</span> <span class='ocrx_word' id='word_1_355' title='bbox 1573 5236 1711 5275; x_wconf 72' lang='grc' dir='ltr'><strong>ΡΔΤΔ</strong></span> 
     </span>
    </p>
   </div>
   <div class='ocr_carea' id='block_1_56' title="bbox 868 5306 1609 5347">
    <p class='ocr_par' dir='ltr' id='par_1_56' title="bbox 868 5306 1609 5347">
     <span class='ocr_line' id='line_1_57' title="bbox 868 5306 1609 5347; baseline -0.003 0"><span class='ocrx_word' id='word_1_356' title='bbox 868 5306 1079 5347; x_wconf 71' lang='grc' dir='ltr'><strong>ΒΕῺΕΚΕ</strong></span> <span class='ocrx_word' id='word_1_357' title='bbox 1118 5306 1390 5344; x_wconf 67' lang='lat' dir='ltr'><strong>ANIMVLAI</strong></span> <span class='ocrx_word' id='word_1_358' title='bbox 1431 5306 1609 5346; x_wconf 77' lang='lat' dir='ltr'><strong>COLVI.</strong></span> 
     </span>
    </p>
   </div>
   <div class='ocr_carea' id='block_1_57' title="bbox 522 5361 2029 5437">
    <p class='ocr_par' dir='ltr' id='par_1_57' title="bbox 522 5361 2029 5437">
     <span class='ocr_line' id='line_1_58' title="bbox 522 5361 2029 5437; baseline -0.003 -17"><span class='ocrx_word' id='word_1_359' title='bbox 522 5364 634 5437; x_wconf 78' lang='lat'><strong>(6&#39;5)</strong></span> <span class='ocrx_word' id='word_1_360' title='bbox 651 5362 830 5437; x_wconf 76' lang='lat' dir='ltr'><strong>Verba</strong></span> <span class='ocrx_word' id='word_1_361' title='bbox 848 5364 944 5418; x_wconf 73' lang='grc' dir='ltr'>καὶ</span> <span class='ocrx_word' id='word_1_362' title='bbox 968 5382 1027 5437; x_wconf 50' lang='grc' dir='ltr'><strong>πἸ</strong></span> <span class='ocrx_word' id='word_1_363' title='bbox 1049 5361 1110 5414; x_wconf 84' lang='grc' dir='ltr'>τὸ</span> <span class='ocrx_word' id='word_1_364' title='bbox 1132 5361 1277 5424; x_wconf 80' lang='grc' dir='ltr'>εἰκός</span> <span class='ocrx_word' id='word_1_365' title='bbox 1309 5362 1429 5416; x_wconf 85' lang='lat' dir='ltr'><strong>loco</strong></span> <span class='ocrx_word' id='word_1_366' title='bbox 1453 5377 1553 5416; x_wconf 90' lang='lat' dir='ltr'><strong>suo</strong></span> <span class='ocrx_word' id='word_1_367' title='bbox 1579 5370 1725 5437; x_wconf 75' lang='lat' dir='ltr'><strong>[nota</strong></span> <span class='ocrx_word' id='word_1_368' title='bbox 1745 5363 2029 5437; x_wconf 77' lang='lat' dir='ltr'><strong>videntur;</strong></span> 
     </span>
    </p>
   </div>
   <div class='ocr_carea' id='block_1_58' title="bbox 450 5434 1922 5502">
    <p class='ocr_par' dir='ltr' id='par_1_58' title="bbox 450 5434 1922 5502">
     <span class='ocr_line' id='line_1_59' title="bbox 450 5434 1922 5502; baseline -0.002 -13"><span class='ocrx_word' id='word_1_369' title='bbox 450 5451 506 5489; x_wconf 78' lang='lat' dir='ltr'><strong>In</strong></span> <span class='ocrx_word' id='word_1_370' title='bbox 533 5434 687 5490; x_wconf 82' lang='lat' dir='ltr'><strong>textu</strong></span> <span class='ocrx_word' id='word_1_371' title='bbox 720 5435 867 5490; x_wconf 89' lang='lat' dir='ltr'><strong>edito</strong></span> <span class='ocrx_word' id='word_1_372' title='bbox 896 5435 1102 5490; x_wconf 88' lang='lat' dir='ltr'><strong>rectius</strong></span> <span class='ocrx_word' id='word_1_373' title='bbox 1136 5443 1414 5501; x_wconf 89' lang='lat' dir='ltr'><strong>ponuntur</strong></span> <span class='ocrx_word' id='word_1_374' title='bbox 1440 5443 1563 5501; x_wconf 91' lang='lat' dir='ltr'><strong>post</strong></span> <span class='ocrx_word' id='word_1_375' title='bbox 1601 5434 1922 5502; x_wconf 79' lang='grc' dir='ltr'><strong>ἐπιστεύθη.</strong></span> 
     </span>
    </p>
   </div>
   <div class='ocr_carea' id='block_1_59' title="bbox 526 5503 2028 5576">
    <p class='ocr_par' dir='ltr' id='par_1_59' title="bbox 526 5503 2028 5576">
     <span class='ocr_line' id='line_1_60' title="bbox 526 5503 2028 5576; baseline -0.002 -16"><span class='ocrx_word' id='word_1_376' title='bbox 526 5506 638 5576; x_wconf 72' lang='grc'>(64)</span> <span class='ocrx_word' id='word_1_377' title='bbox 662 5505 922 5562; x_wconf 87' lang='lat' dir='ltr'><strong>Basilium</strong></span> <span class='ocrx_word' id='word_1_378' title='bbox 947 5504 1030 5559; x_wconf 90' lang='lat' dir='ltr'><strong>vel</strong></span> <span class='ocrx_word' id='word_1_379' title='bbox 1052 5518 1442 5576; x_wconf 49' lang='lat' dir='ltr'><strong>au‘ranuensem</strong></span> <span class='ocrx_word' id='word_1_380' title='bbox 1477 5503 1567 5557; x_wconf 88' lang='lat' dir='ltr'><strong>hic</strong></span> <span class='ocrx_word' id='word_1_381' title='bbox 1587 5518 1808 5576; x_wconf 85' lang='lat' dir='ltr'><strong>errasse</strong></span> <span class='ocrx_word' id='word_1_382' title='bbox 1842 5511 1989 5573; x_wconf 88' lang='lat' dir='ltr'><strong>patet</strong></span> <span class='ocrx_word' id='word_1_383' title='bbox 2014 5521 2028 5569; x_wconf 89' lang='lat'><strong>;</strong></span> 
     </span>
    </p>
   </div>
   <div class='ocr_carea' id='block_1_60' title="bbox 451 5573 2026 5647">
    <p class='ocr_par' dir='ltr' id='par_1_60' title="bbox 451 5573 2026 5647">
     <span class='ocr_line' id='line_1_61' title="bbox 451 5573 2026 5647; baseline -0.001 -18"><span class='ocrx_word' id='word_1_384' title='bbox 451 5573 649 5631; x_wconf 83' lang='lat' dir='ltr'><strong>sensus</strong></span> <span class='ocrx_word' id='word_1_385' title='bbox 676 5583 731 5630; x_wconf 92' lang='lat' dir='ltr'><strong>et</strong></span> <span class='ocrx_word' id='word_1_386' title='bbox 773 5576 1020 5647; x_wconf 78' lang='lat' dir='ltr'><strong>syntaxis</strong></span> <span class='ocrx_word' id='word_1_387' title='bbox 1060 5573 1387 5647; x_wconf 69' lang='grc' dir='ltr'>ἀμφοτέρων</span> <span class='ocrx_word' id='word_1_388' title='bbox 1418 5574 1738 5647; x_wconf 81' lang='lat' dir='ltr'><strong>postulant;</strong></span> <span class='ocrx_word' id='word_1_389' title='bbox 1770 5591 1896 5628; x_wconf 77' lang='lat' dir='ltr'><strong>mox</strong></span> <span class='ocrx_word' id='word_1_390' title='bbox 1926 5589 2026 5647; x_wconf 74' lang='lat' dir='ltr'><strong>vox</strong></span> 
     </span>
    </p>
   </div>
   <div class='ocr_carea' id='block_1_61' title="bbox 450 5643 2026 5716">
    <p class='ocr_par' dir='ltr' id='par_1_61' title="bbox 450 5643 2026 5716">
     <span class='ocr_line' id='line_1_62' title="bbox 450 5643 2026 5716; baseline -0.001 -17"><span class='ocrx_word' id='word_1_391' title='bbox 450 5647 655 5715; x_wconf 80' lang='grc' dir='ltr'>ἀμφοῖν</span> <span class='ocrx_word' id='word_1_392' title='bbox 695 5643 1064 5716; x_wconf 70' lang='grc' dir='ltr'>ριόἐοηίιὶνο</span> <span class='ocrx_word' id='word_1_393' title='bbox 1096 5645 1345 5699; x_wconf 87' lang='lat' dir='ltr'><strong>habenda</strong></span> <span class='ocrx_word' id='word_1_394' title='bbox 1378 5652 1432 5697; x_wconf 90' lang='lat' dir='ltr'><strong>et</strong></span> <span class='ocrx_word' id='word_1_395' title='bbox 1460 5644 1540 5716; x_wconf 82' lang='lat' dir='ltr'><strong>sic</strong></span> <span class='ocrx_word' id='word_1_396' title='bbox 1569 5643 1984 5714; x_wconf 80' lang='lat' dir='ltr'><strong>interpretanda</strong></span> <span class='ocrx_word' id='word_1_397' title='bbox 2012 5662 2026 5698; x_wconf 90' lang='lat'><strong>:</strong></span> 
     </span>
    </p>
   </div>
   <div class='ocr_carea' id='block_1_62' title="bbox 454 5713 1787 5783">
    <p class='ocr_par' dir='ltr' id='par_1_62' title="bbox 454 5713 1787 5783">
     <span class='ocr_line' id='line_1_63' title="bbox 454 5713 1787 5783; baseline -0.002 -13"><span class='ocrx_word' id='word_1_398' title='bbox 454 5713 509 5770; x_wconf 74' lang='lat' dir='ltr'><strong>et</strong></span> <span class='ocrx_word' id='word_1_399' title='bbox 542 5713 870 5769; x_wconf 47' lang='lat' dir='ltr'><strong>alias—etiam</strong></span> <span class='ocrx_word' id='word_1_400' title='bbox 897 5717 984 5768; x_wconf 89' lang='lat' dir='ltr'><strong>hic</strong></span> <span class='ocrx_word' id='word_1_401' title='bbox 1017 5716 1169 5770; x_wconf 91' lang='lat' dir='ltr'><strong>locus</strong></span> <span class='ocrx_word' id='word_1_402' title='bbox 1198 5722 1320 5783; x_wconf 85' lang='lat' dir='ltr'><strong>eget</strong></span> <span class='ocrx_word' id='word_1_403' title='bbox 1353 5713 1566 5767; x_wconf 85' lang='lat' dir='ltr'><strong>medica</strong></span> <span class='ocrx_word' id='word_1_404' title='bbox 1601 5728 1787 5769; x_wconf 87' lang='lat' dir='ltr'><strong>manu.</strong></span> 
     </span>
    </p>
   </div>
   <div class='ocr_carea' id='block_1_63' title="bbox 526 5783 2027 5858">
    <p class='ocr_par' dir='ltr' id='par_1_63' title="bbox 526 5783 2027 5858">
     <span class='ocr_line' id='line_1_64' title="bbox 526 5783 2027 5858; baseline 0 -21"><span class='ocrx_word' id='word_1_405' title='bbox 526 5785 636 5855; x_wconf 76' lang='grc'>(65)</span> <span class='ocrx_word' id='word_1_406' title='bbox 665 5784 766 5843; x_wconf 83' lang='lat' dir='ltr'><strong>Ms.</strong></span> <span class='ocrx_word' id='word_1_407' title='bbox 800 5784 931 5856; x_wconf 79' lang='lat' dir='ltr'><strong>Reg.</strong></span> <span class='ocrx_word' id='word_1_408' title='bbox 955 5784 1077 5854; x_wconf 78' lang='grc' dir='ltr'>ἔφυ,</span> <span class='ocrx_word' id='word_1_409' title='bbox 1118 5788 1265 5854; x_wconf 74' lang='lat' dir='ltr'><strong>quod</strong></span> <span class='ocrx_word' id='word_1_410' title='bbox 1296 5784 1554 5841; x_wconf 87' lang='lat' dir='ltr'><strong>sustineri</strong></span> <span class='ocrx_word' id='word_1_411' title='bbox 1582 5792 1763 5851; x_wconf 81' lang='lat' dir='ltr'><strong>posset</strong></span> <span class='ocrx_word' id='word_1_412' title='bbox 1790 5802 1803 5851; x_wconf 89' lang='lat'><strong>;</strong></span> <span class='ocrx_word' id='word_1_413' title='bbox 1840 5795 1893 5841; x_wconf 88' lang='lat' dir='ltr'><strong>at</strong></span> <span class='ocrx_word' id='word_1_414' title='bbox 1923 5783 2027 5858; x_wconf 66' lang='grc' dir='ltr'>ἔφη</span> 
     </span>
    </p>
   </div>
   <div class='ocr_carea' id='block_1_64' title="bbox 2120 424 3718 499">
    <p class='ocr_par' dir='ltr' id='par_1_64' title="bbox 2120 424 3718 499">
     <span class='ocr_line' id='line_1_65' title="bbox 2120 424 3718 499; baseline 0.003 -24"><span class='ocrx_word' id='word_1_415' title='bbox 2120 424 2245 489; x_wconf 84' lang='grc' dir='ltr'>κίας</span> <span class='ocrx_word' id='word_1_416' title='bbox 2274 424 2431 497; x_wconf 81' lang='lat' dir='ltr'><strong>[Cod.</strong></span> <span class='ocrx_word' id='word_1_417' title='bbox 2460 425 2565 482; x_wconf 79' lang='grc'><strong>575</strong></span> <span class='ocrx_word' id='word_1_418' title='bbox 2594 426 2657 479; x_wconf 76' lang='grc' dir='ltr'><strong>τὸ</strong></span> <span class='ocrx_word' id='word_1_419' title='bbox 2684 425 2840 499; x_wconf 87' lang='grc' dir='ltr'>κακ.]</span> <span class='ocrx_word' id='word_1_420' title='bbox 2867 427 3032 482; x_wconf 80' lang='grc' dir='ltr'>αὐτοῦ</span> <span class='ocrx_word' id='word_1_421' title='bbox 3056 427 3300 499; x_wconf 75' lang='grc' dir='ltr'>ἔμφυτον</span> <span class='ocrx_word' id='word_1_422' title='bbox 3327 428 3424 480; x_wconf 73' lang='grc' dir='ltr'>καὶ</span> <span class='ocrx_word' id='word_1_423' title='bbox 3442 427 3718 498; x_wconf 76' lang='grc' dir='ltr'>δυσμενδς</span> 
     </span>
    </p>
   </div>
   <div class='ocr_carea' id='block_1_65' title="bbox 2120 516 3715 589">
    <p class='ocr_par' dir='ltr' id='par_1_65' title="bbox 2120 516 3715 589">
     <span class='ocr_line' id='line_1_66' title="bbox 2120 516 3715 589; baseline 0.002 -20"><span class='ocrx_word' id='word_1_424' title='bbox 2120 516 2466 589; x_wconf 74' lang='grc' dir='ltr'>ἡμερώτερον</span> <span class='ocrx_word' id='word_1_425' title='bbox 2487 517 2726 582; x_wconf 75' lang='grc' dir='ltr'>ἔσεσθαι,</span> <span class='ocrx_word' id='word_1_426' title='bbox 2748 516 3098 589; x_wconf 78' lang='grc' dir='ltr'><strong>λογιζόμενος</strong></span> <span class='ocrx_word' id='word_1_427' title='bbox 3120 519 3197 582; x_wconf 87' lang='grc' dir='ltr'>ὡς</span> <span class='ocrx_word' id='word_1_428' title='bbox 3223 518 3567 589; x_wconf 77' lang='grc' dir='ltr'><strong>ἀμφοτέροις</strong></span> <span class='ocrx_word' id='word_1_429' title='bbox 3596 517 3715 588; x_wconf 59' lang='lat'><strong>(6‘)</strong></span> 
     </span>
    </p>
   </div>
   <div class='ocr_carea' id='block_1_66' title="bbox 2117 607 3712 682">
    <p class='ocr_par' dir='ltr' id='par_1_66' title="bbox 2117 607 3712 682">
     <span class='ocr_line' id='line_1_67' title="bbox 2117 607 3712 682; baseline 0.001 -22"><span class='ocrx_word' id='word_1_430' title='bbox 2117 607 2302 679; x_wconf 70' lang='grc' dir='ltr'>δικαίᾳ</span> <span class='ocrx_word' id='word_1_431' title='bbox 2330 609 2509 681; x_wconf 82' lang='grc' dir='ltr'>κρίσει</span> <span class='ocrx_word' id='word_1_432' title='bbox 2544 610 2641 664; x_wconf 72' lang='grc' dir='ltr'>καὶ</span> <span class='ocrx_word' id='word_1_433' title='bbox 2671 609 2922 682; x_wconf 80' lang='grc' dir='ltr'><strong>βασιλικῇ</strong></span> <span class='ocrx_word' id='word_1_434' title='bbox 2966 610 3059 664; x_wconf 72' lang='grc' dir='ltr'><strong>τοῦ</strong></span> <span class='ocrx_word' id='word_1_435' title='bbox 3111 610 3211 680; x_wconf 83' lang='grc' dir='ltr'>μὲν</span> <span class='ocrx_word' id='word_1_436' title='bbox 3252 609 3461 663; x_wconf 81' lang='grc' dir='ltr'><strong>Γάλλου</strong></span> <span class='ocrx_word' id='word_1_437' title='bbox 3509 608 3712 681; x_wconf 72' lang='lat' dir='ltr'><strong>lCoisl.</strong></span> 
     </span>
    </p>
   </div>
   <div class='ocr_carea' id='block_1_67' title="bbox 2122 699 3715 772">
    <p class='ocr_par' dir='ltr' id='par_1_67' title="bbox 2122 699 3715 772">
     <span class='ocr_line' id='line_1_68' title="bbox 2122 699 3715 772; baseline 0.002 -21"><span class='ocrx_word' id='word_1_438' title='bbox 2122 699 2387 772; x_wconf 77' lang='grc' dir='ltr'><strong>μεγάλου]</strong></span> <span class='ocrx_word' id='word_1_439' title='bbox 2417 700 2855 772; x_wconf 84' lang='grc' dir='ltr'>ὲπιτιμηθέντος,</span> <span class='ocrx_word' id='word_1_440' title='bbox 2889 701 3179 755; x_wconf 87' lang='grc' dir='ltr'>Ἰουλιανοῦ</span> <span class='ocrx_word' id='word_1_441' title='bbox 3198 700 3256 754; x_wconf 77' lang='grc' dir='ltr'>δὲ</span> <span class='ocrx_word' id='word_1_442' title='bbox 3277 700 3715 771; x_wconf 92' lang='grc' dir='ltr'>προϐληθέντος,</span> 
     </span>
    </p>
   </div>
   <div class='ocr_carea' id='block_1_68' title="bbox 2121 792 3716 867">
    <p class='ocr_par' dir='ltr' id='par_1_68' title="bbox 2121 792 3716 867">
     <span class='ocr_line' id='line_1_69' title="bbox 2121 792 3716 867; baseline 0.001 -22"><span class='ocrx_word' id='word_1_443' title='bbox 2121 792 2190 846; x_wconf 80' lang='grc' dir='ltr'>ἐκ</span> <span class='ocrx_word' id='word_1_444' title='bbox 2232 794 2335 864; x_wconf 84' lang='grc' dir='ltr'><strong>τῆς</strong></span> <span class='ocrx_word' id='word_1_445' title='bbox 2366 793 2815 867; x_wconf 83' lang='grc' dir='ltr'>ὑπερϐαλλούσης</span> <span class='ocrx_word' id='word_1_446' title='bbox 2846 795 3015 866; x_wconf 83' lang='grc' dir='ltr'>τιμῆς</span> <span class='ocrx_word' id='word_1_447' title='bbox 3061 793 3156 848; x_wconf 81' lang='grc' dir='ltr'>τοῦ</span> <span class='ocrx_word' id='word_1_448' title='bbox 3201 794 3461 864; x_wconf 81' lang='grc' dir='ltr'><strong>δευτέρου</strong></span> <span class='ocrx_word' id='word_1_449' title='bbox 3492 793 3716 847; x_wconf 79' lang='grc' dir='ltr'>δικαίαν</span> 
     </span>
    </p>
   </div>
   <div class='ocr_carea' id='block_1_69' title="bbox 2119 886 3714 960">
    <p class='ocr_par' dir='ltr' id='par_1_69' title="bbox 2119 886 3714 960">
     <span class='ocr_line' id='line_1_70' title="bbox 2119 886 3714 960; baseline 0.002 -21"><span class='ocrx_word' id='word_1_450' title='bbox 2119 886 2515 959; x_wconf 78' lang='grc' dir='ltr'>τούπροτέρου</span> <span class='ocrx_word' id='word_1_451' title='bbox 2533 887 2632 959; x_wconf 80' lang='grc' dir='ltr'>τὴν</span> <span class='ocrx_word' id='word_1_452' title='bbox 2659 888 3008 959; x_wconf 82' lang='grc' dir='ltr'>κατάκρισιν,</span> <span class='ocrx_word' id='word_1_453' title='bbox 3034 887 3101 960; x_wconf 66' lang='grc' dir='ltr'>ἢν</span> <span class='ocrx_word' id='word_1_454' title='bbox 3128 887 3220 941; x_wconf 83' lang='grc' dir='ltr'><strong>διὰ</strong></span> <span class='ocrx_word' id='word_1_455' title='bbox 3244 887 3347 959; x_wconf 79' lang='grc' dir='ltr'><strong>τὴν</strong></span> <span class='ocrx_word' id='word_1_456' title='bbox 3370 888 3714 958; x_wconf 78' lang='grc' dir='ltr'>προπέτειαν</span> 
     </span>
    </p>
   </div>
   <div class='ocr_carea' id='block_1_70' title="bbox 2124 977 3713 1053">
    <p class='ocr_par' dir='ltr' id='par_1_70' title="bbox 2124 977 3713 1053">
     <span class='ocr_line' id='line_1_71' title="bbox 2124 977 3713 1053; baseline 0 -21"><span class='ocrx_word' id='word_1_457' title='bbox 2124 978 2539 1052; x_wconf 84' lang='grc' dir='ltr'>ύπομεμενήκει</span> <span class='ocrx_word' id='word_1_458' title='bbox 2589 977 2733 1052; x_wconf 63' lang='lat' dir='ltr'><strong>[roth</strong></span> <span class='ocrx_word' id='word_1_459' title='bbox 2781 979 2914 1047; x_wconf 77' lang='lat'><strong>573,</strong></span> <span class='ocrx_word' id='word_1_460' title='bbox 2949 979 3312 1053; x_wconf 61' lang='lat' dir='ltr'><strong>dnopsvﬁxet]</strong></span> <span class='ocrx_word' id='word_1_461' title='bbox 3351 980 3563 1052; x_wconf 73' lang='grc' dir='ltr'>κρίνων</span> <span class='ocrx_word' id='word_1_462' title='bbox 3618 977 3713 1032; x_wconf 82' lang='grc' dir='ltr'>καὶ</span> 
     </span>
    </p>
   </div>
   <div class='ocr_carea' id='block_1_71' title="bbox 2121 1071 3716 1145">
    <p class='ocr_par' dir='ltr' id='par_1_71' title="bbox 2121 1071 3716 1145">
     <span class='ocr_line' id='line_1_72' title="bbox 2121 1071 3716 1145; baseline 0 -20"><span class='ocrx_word' id='word_1_463' title='bbox 2121 1071 2590 1144; x_wconf 79' lang='grc' dir='ltr'>συλλογιζόμενος.</span> <span class='ocrx_word' id='word_1_464' title='bbox 2625 1074 2670 1126; x_wconf 79' lang='grc' dir='ltr'><strong>κ</strong></span> <span class='ocrx_word' id='word_1_465' title='bbox 2688 1072 2748 1125; x_wconf 81' lang='grc' dir='ltr'>αὶ</span> <span class='ocrx_word' id='word_1_466' title='bbox 2776 1071 2953 1136; x_wconf 75' lang='grc' dir='ltr'>ἄλλως</span> <span class='ocrx_word' id='word_1_467' title='bbox 2995 1073 3265 1145; x_wconf 76' lang='grc' dir='ltr'>ἐπιχειρεῖ</span> <span class='ocrx_word' id='word_1_468' title='bbox 3291 1072 3573 1127; x_wconf 82' lang='grc' dir='ltr'>δεικνύναι</span> <span class='ocrx_word' id='word_1_469' title='bbox 3612 1072 3716 1125; x_wconf 82' lang='grc' dir='ltr'>οὐκ</span> 
     </span>
    </p>
   </div>
   <div class='ocr_carea' id='block_1_72' title="bbox 2117 1162 3713 1237">
    <p class='ocr_par' dir='ltr' id='par_1_72' title="bbox 2117 1162 3713 1237">
     <span class='ocr_line' id='line_1_73' title="bbox 2117 1162 3713 1237; baseline -0.003 -19"><span class='ocrx_word' id='word_1_470' title='bbox 2117 1164 2399 1233; x_wconf 82' lang='grc' dir='ltr'>ἀλόγιστον</span> <span class='ocrx_word' id='word_1_471' title='bbox 2447 1164 2623 1234; x_wconf 84' lang='grc' dir='ltr'>πάντη</span> <span class='ocrx_word' id='word_1_472' title='bbox 2663 1164 2764 1236; x_wconf 77' lang='grc' dir='ltr'>τὴν</span> <span class='ocrx_word' id='word_1_473' title='bbox 2823 1163 3111 1218; x_wconf 77' lang='grc' dir='ltr'>Ἰουλιανοῦ</span> <span class='ocrx_word' id='word_1_474' title='bbox 3154 1162 3451 1237; x_wconf 83' lang='grc' dir='ltr'>προϐολὴν,</span> <span class='ocrx_word' id='word_1_475' title='bbox 3484 1165 3573 1218; x_wconf 83' lang='grc' dir='ltr'>ὅτι</span> <span class='ocrx_word' id='word_1_476' title='bbox 3611 1162 3713 1233; x_wconf 79' lang='grc' dir='ltr'><strong>οὐχ</strong></span> 
     </span>
    </p>
   </div>
   <div class='ocr_carea' id='block_1_73' title="bbox 2118 1254 3715 1328">
    <p class='ocr_par' dir='ltr' id='par_1_73' title="bbox 2118 1254 3715 1328">
     <span class='ocr_line' id='line_1_74' title="bbox 2118 1254 3715 1328; baseline -0.002 -18"><span class='ocrx_word' id='word_1_477' title='bbox 2118 1258 2241 1311; x_wconf 81' lang='grc' dir='ltr'>ὅσον</span> <span class='ocrx_word' id='word_1_478' title='bbox 2260 1256 2349 1310; x_wconf 74' lang='grc' dir='ltr'><strong>διὰ</strong></span> <span class='ocrx_word' id='word_1_479' title='bbox 2377 1258 2561 1310; x_wconf 80' lang='grc' dir='ltr'>πίστιν</span> <span class='ocrx_word' id='word_1_480' title='bbox 2593 1254 2885 1310; x_wconf 89' lang='grc' dir='ltr'>Ἰουλιανοῦ</span> <span class='ocrx_word' id='word_1_481' title='bbox 2910 1255 3133 1328; x_wconf 75' lang='grc' dir='ltr'>ἐθάρρει</span> <span class='ocrx_word' id='word_1_482' title='bbox 3158 1256 3567 1321; x_wconf 83' lang='grc' dir='ltr'>Κωνστάντιος,</span> <span class='ocrx_word' id='word_1_483' title='bbox 3590 1254 3715 1307; x_wconf 85' lang='grc' dir='ltr'>ὅσον</span> 
     </span>
    </p>
   </div>
   <div class='ocr_carea' id='block_1_74' title="bbox 2116 1343 3717 1420">
    <p class='ocr_par' dir='ltr' id='par_1_74' title="bbox 2116 1343 3717 1420">
     <span class='ocr_line' id='line_1_75' title="bbox 2116 1343 3717 1420; baseline -0.001 -17"><span class='ocrx_word' id='word_1_484' title='bbox 2116 1349 2207 1403; x_wconf 78' lang='grc' dir='ltr'><strong>διὰ</strong></span> <span class='ocrx_word' id='word_1_485' title='bbox 2239 1348 2339 1420; x_wconf 80' lang='grc' dir='ltr'>τὴν</span> <span class='ocrx_word' id='word_1_486' title='bbox 2377 1343 2518 1402; x_wconf 69' lang='grc' dir='ltr'>ἰδίαν</span> <span class='ocrx_word' id='word_1_487' title='bbox 2561 1348 2735 1419; x_wconf 77' lang='grc' dir='ltr'>ἰσχὺν,</span> <span class='ocrx_word' id='word_1_488' title='bbox 2780 1347 2975 1403; x_wconf 82' lang='grc' dir='ltr'>θᾶττον</span> <span class='ocrx_word' id='word_1_489' title='bbox 3007 1347 3331 1403; x_wconf 83' lang='grc' dir='ltr'>καταλύσων</span> <span class='ocrx_word' id='word_1_490' title='bbox 3362 1347 3557 1415; x_wconf 83' lang='grc' dir='ltr'>αὐτὸν,</span> <span class='ocrx_word' id='word_1_491' title='bbox 3582 1347 3640 1401; x_wconf 74' lang='grc' dir='ltr'>εἴ</span> <span class='ocrx_word' id='word_1_492' title='bbox 3662 1364 3717 1401; x_wconf 86' lang='grc' dir='ltr'><strong>τι</strong></span> 
     </span>
    </p>
   </div>
   <div class='ocr_carea' id='block_1_75' title="bbox 2117 1434 3718 1510">
    <p class='ocr_par' dir='ltr' id='par_1_75' title="bbox 2117 1434 3718 1510">
     <span class='ocr_line' id='line_1_76' title="bbox 2117 1434 3718 1510; baseline -0.001 -20"><span class='ocrx_word' id='word_1_493' title='bbox 2117 1437 2421 1510; x_wconf 74' lang='grc' dir='ltr'>ἐπιχειροίη</span> <span class='ocrx_word' id='word_1_494' title='bbox 2447 1434 2742 1505; x_wconf 84' lang='grc' dir='ltr'>νεώτερον·</span> <span class='ocrx_word' id='word_1_495' title='bbox 2773 1434 2965 1509; x_wconf 84' lang='grc' dir='ltr'>ὥσπερ</span> <span class='ocrx_word' id='word_1_496' title='bbox 3003 1436 3099 1491; x_wconf 77' lang='grc' dir='ltr'>καὶ</span> <span class='ocrx_word' id='word_1_497' title='bbox 3130 1435 3346 1509; x_wconf 87' lang='grc' dir='ltr'>Πῶρον,</span> <span class='ocrx_word' id='word_1_498' title='bbox 3385 1435 3485 1489; x_wconf 81' lang='grc' dir='ltr'>τὸν</span> <span class='ocrx_word' id='word_1_499' title='bbox 3536 1435 3718 1489; x_wconf 81' lang='grc' dir='ltr'>Ἰνδῶν</span> 
     </span>
    </p>
   </div>
   <div class='ocr_carea' id='block_1_76' title="bbox 2118 1527 3718 1601">
    <p class='ocr_par' dir='ltr' id='par_1_76' title="bbox 2118 1527 3718 1601">
     <span class='ocr_line' id='line_1_77' title="bbox 2118 1527 3718 1601; baseline -0.001 -18"><span class='ocrx_word' id='word_1_500' title='bbox 2118 1528 2469 1600; x_wconf 82' lang='grc' dir='ltr'>βασιλεύοντα</span> <span class='ocrx_word' id='word_1_501' title='bbox 2488 1570 2503 1593; x_wconf 93' lang='grc'><strong>,</strong></span> <span class='ocrx_word' id='word_1_502' title='bbox 2547 1527 2816 1601; x_wconf 84' lang='grc' dir='ltr'>λαμπρῶς</span> <span class='ocrx_word' id='word_1_503' title='bbox 2849 1529 3223 1600; x_wconf 78' lang='grc' dir='ltr'>ἠγωνισμένον</span> <span class='ocrx_word' id='word_1_504' title='bbox 3286 1527 3647 1599; x_wconf 78' lang='grc' dir='ltr'>Ἀλέξανδρος</span> <span class='ocrx_word' id='word_1_505' title='bbox 3688 1528 3718 1581; x_wconf 83' lang='grc'><strong>6</strong></span> 
     </span>
    </p>
   </div>
   <div class='ocr_carea' id='block_1_77' title="bbox 2120 1614 3717 1689">
    <p class='ocr_par' dir='ltr' id='par_1_77' title="bbox 2120 1614 3717 1689">
     <span class='ocr_line' id='line_1_78' title="bbox 2120 1614 3717 1689; baseline -0.001 -18"><span class='ocrx_word' id='word_1_506' title='bbox 2120 1619 2296 1689; x_wconf 83' lang='grc' dir='ltr'>μέγας</span> <span class='ocrx_word' id='word_1_507' title='bbox 2348 1616 2691 1682; x_wconf 83' lang='grc' dir='ltr'>καταϐαλὼν,</span> <span class='ocrx_word' id='word_1_508' title='bbox 2739 1618 2799 1670; x_wconf 85' lang='grc' dir='ltr'>οὐ</span> <span class='ocrx_word' id='word_1_509' title='bbox 2834 1617 2998 1687; x_wconf 87' lang='grc' dir='ltr'>μόνον</span> <span class='ocrx_word' id='word_1_510' title='bbox 3036 1614 3138 1689; x_wconf 77' lang='grc' dir='ltr'>ζῇν</span> <span class='ocrx_word' id='word_1_511' title='bbox 3180 1616 3388 1681; x_wconf 77' lang='grc' dir='ltr'>εἴασεν,</span> <span class='ocrx_word' id='word_1_512' title='bbox 3440 1616 3583 1672; x_wconf 74' lang='grc' dir='ltr'>ἀλλὰ</span> <span class='ocrx_word' id='word_1_513' title='bbox 3623 1617 3717 1671; x_wconf 78' lang='grc' dir='ltr'>καὶ</span> 
     </span>
    </p>
   </div>
   <div class='ocr_carea' id='block_1_78' title="bbox 2123 1702 3717 1781">
    <p class='ocr_par' dir='ltr' id='par_1_78' title="bbox 2123 1702 3717 1781">
     <span class='ocr_line' id='line_1_79' title="bbox 2123 1702 3717 1781; baseline -0.001 -18"><span class='ocrx_word' id='word_1_514' title='bbox 2123 1708 2431 1781; x_wconf 83' lang='grc' dir='ltr'>βασιλεύειν</span> <span class='ocrx_word' id='word_1_515' title='bbox 2455 1709 2735 1776; x_wconf 77' lang='grc' dir='ltr'>ἐπέταξεν·</span> <span class='ocrx_word' id='word_1_516' title='bbox 2771 1710 2857 1762; x_wconf 77' lang='grc' dir='ltr'><strong>ἐπ’</strong></span> <span class='ocrx_word' id='word_1_517' title='bbox 2891 1710 3040 1781; x_wconf 68' lang='grc' dir='ltr'>αὐτῷ</span> <span class='ocrx_word' id='word_1_518' title='bbox 3071 1710 3181 1780; x_wconf 83' lang='grc' dir='ltr'><strong>γὰρ</strong></span> <span class='ocrx_word' id='word_1_519' title='bbox 3206 1702 3276 1781; x_wconf 82' lang='grc' dir='ltr'>ἦν</span> <span class='ocrx_word' id='word_1_520' title='bbox 3310 1707 3498 1780; x_wconf 80' lang='grc' dir='ltr'>ἰσχύος</span> <span class='ocrx_word' id='word_1_521' title='bbox 3525 1710 3717 1781; x_wconf 86' lang='grc' dir='ltr'>κράτει</span> 
     </span>
    </p>
   </div>
   <div class='ocr_carea' id='block_1_79' title="bbox 2123 1800 3717 1874">
    <p class='ocr_par' dir='ltr' id='par_1_79' title="bbox 2123 1800 3717 1874">
     <span class='ocr_line' id='line_1_80' title="bbox 2123 1800 3717 1874; baseline -0.001 -20"><span class='ocrx_word' id='word_1_522' title='bbox 2123 1802 2452 1874; x_wconf 86' lang='grc' dir='ltr'>βουλομένῳ,</span> <span class='ocrx_word' id='word_1_523' title='bbox 2483 1802 2533 1855; x_wconf 77' lang='grc' dir='ltr'>εἱ</span> <span class='ocrx_word' id='word_1_524' title='bbox 2556 1801 2727 1855; x_wconf 78' lang='grc' dir='ltr'>κακὸν</span> <span class='ocrx_word' id='word_1_525' title='bbox 2766 1800 2943 1869; x_wconf 84' lang='grc' dir='ltr'>λάϐοι,</span> <span class='ocrx_word' id='word_1_526' title='bbox 2978 1801 3296 1874; x_wconf 76' lang='grc' dir='ltr'>χειροῦσθαι</span> <span class='ocrx_word' id='word_1_527' title='bbox 3331 1802 3497 1856; x_wconf 85' lang='grc' dir='ltr'>πάλιν</span> <span class='ocrx_word' id='word_1_528' title='bbox 3529 1802 3627 1855; x_wconf 72' lang='grc' dir='ltr'><strong>καὶ</strong></span> <span class='ocrx_word' id='word_1_529' title='bbox 3647 1801 3717 1855; x_wconf 86' lang='grc' dir='ltr'>δί-</span> 
     </span>
    </p>
   </div>
   <div class='ocr_carea' id='block_1_80' title="bbox 2120 1894 2519 1958">
    <p class='ocr_par' dir='ltr' id='par_1_80' title="bbox 2120 1894 2519 1958">
     <span class='ocr_line' id='line_1_81' title="bbox 2120 1894 2519 1958; baseline 0.003 -12"><span class='ocrx_word' id='word_1_530' title='bbox 2120 1910 2224 1958; x_wconf 86' lang='grc' dir='ltr'><strong>κας</strong></span> <span class='ocrx_word' id='word_1_531' title='bbox 2249 1894 2519 1947; x_wconf 83' lang='grc' dir='ltr'>ἀπαιτεῖν.</span> 
     </span>
    </p>
   </div>
   <div class='ocr_carea' id='block_1_81' title="bbox 2192 1968 3718 2053">
    <p class='ocr_par' dir='ltr' id='par_1_81' title="bbox 2192 1968 3718 2053">
     <span class='ocr_line' id='line_1_82' title="bbox 2192 1968 3718 2053; baseline 0 -16"><span class='ocrx_word' id='word_1_532' title='bbox 2192 1984 2328 2039; x_wconf 89' lang='lat' dir='ltr'><strong>Ibid.</strong></span> <span class='ocrx_word' id='word_1_533' title='bbox 2374 1983 2416 2036; x_wconf 91' lang='lat' dir='ltr'><strong>D</strong></span> <span class='ocrx_word' id='word_1_534' title='bbox 2449 1983 2501 2038; x_wconf 86' lang='lat'><strong>6.</strong></span> <span class='ocrx_word' id='word_1_535' title='bbox 2539 1984 2718 2039; x_wconf 79' lang='grc' dir='ltr'><strong>Ἐνόν</strong></span> <span class='ocrx_word' id='word_1_536' title='bbox 2754 1982 2998 2052; x_wconf 82' lang='grc' dir='ltr'>κρατεῖν</span> <span class='ocrx_word' id='word_1_537' title='bbox 3032 1983 3135 2039; x_wconf 74' lang='grc' dir='ltr'>καὶ</span> <span class='ocrx_word' id='word_1_538' title='bbox 3179 1968 3560 2053; x_wconf 70' lang='grc' dir='ltr'>ἡττημένον.</span> <span class='ocrx_word' id='word_1_539' title='bbox 3594 1983 3718 2048; x_wconf 86' lang='grc' dir='ltr'>Πῶς</span> 
     </span>
    </p>
   </div>
   <div class='ocr_carea' id='block_1_82' title="bbox 2119 2071 3714 2149">
    <p class='ocr_par' dir='ltr' id='par_1_82' title="bbox 2119 2071 3714 2149">
     <span class='ocr_line' id='line_1_83' title="bbox 2119 2071 3714 2149; baseline 0 -20"><span class='ocrx_word' id='word_1_540' title='bbox 2119 2071 2232 2129; x_wconf 76' lang='grc' dir='ltr'>οἷόν</span> <span class='ocrx_word' id='word_1_541' title='bbox 2257 2094 2317 2130; x_wconf 88' lang='grc' dir='ltr'><strong>τε</strong></span> <span class='ocrx_word' id='word_1_542' title='bbox 2346 2071 2415 2147; x_wconf 75' lang='grc' dir='ltr'>ἦν</span> <span class='ocrx_word' id='word_1_543' title='bbox 2444 2078 2667 2146; x_wconf 83' lang='grc' dir='ltr'>κρατεῖν</span> <span class='ocrx_word' id='word_1_544' title='bbox 2698 2076 3037 2149; x_wconf 84' lang='grc' dir='ltr'>ήττημένον;</span> <span class='ocrx_word' id='word_1_545' title='bbox 3072 2076 3165 2130; x_wconf 68' lang='grc' dir='ltr'>καὶ</span> <span class='ocrx_word' id='word_1_546' title='bbox 3205 2077 3234 2130; x_wconf 86' lang='grc' dir='ltr'>ὁ</span> <span class='ocrx_word' id='word_1_547' title='bbox 3262 2077 3561 2148; x_wconf 81' lang='grc' dir='ltr'>κρατήσων</span> <span class='ocrx_word' id='word_1_548' title='bbox 3589 2074 3714 2146; x_wconf 74' lang='grc' dir='ltr'><strong>[ηις.</strong></span> 
     </span>
    </p>
   </div>
   <div class='ocr_carea' id='block_1_83' title="bbox 2122 2166 3717 2241">
    <p class='ocr_par' dir='ltr' id='par_1_83' title="bbox 2122 2166 3717 2241">
     <span class='ocr_line' id='line_1_84' title="bbox 2122 2166 3717 2241; baseline -0.003 -18"><span class='ocrx_word' id='word_1_549' title='bbox 2122 2169 2249 2233; x_wconf 82' lang='grc'>575,</span> <span class='ocrx_word' id='word_1_550' title='bbox 2282 2171 2311 2222; x_wconf 86' lang='grc' dir='ltr'><strong>ό</strong></span> <span class='ocrx_word' id='word_1_551' title='bbox 2352 2167 2585 2241; x_wconf 84' lang='grc' dir='ltr'>κράτης]</span> <span class='ocrx_word' id='word_1_552' title='bbox 2612 2168 2697 2231; x_wconf 81' lang='grc' dir='ltr'>τίς</span> <span class='ocrx_word' id='word_1_553' title='bbox 2739 2169 2836 2222; x_wconf 61' lang='grc' dir='ltr'><strong>καὶ⁵</strong></span> <span class='ocrx_word' id='word_1_554' title='bbox 2861 2168 3019 2234; x_wconf 80' lang='grc' dir='ltr'>τίνα;</span> <span class='ocrx_word' id='word_1_555' title='bbox 3051 2168 3128 2231; x_wconf 84' lang='grc' dir='ltr'>ὡς</span> <span class='ocrx_word' id='word_1_556' title='bbox 3161 2166 3271 2221; x_wconf 88' lang='grc' dir='ltr'><strong>τῶν</strong></span> <span class='ocrx_word' id='word_1_557' title='bbox 3317 2166 3717 2235; x_wconf 81' lang='grc' dir='ltr'>ἀντιλεγόντων</span> 
     </span>
    </p>
   </div>
   <div class='ocr_carea' id='block_1_84' title="bbox 2122 2256 3716 2329">
    <p class='ocr_par' dir='ltr' id='par_1_84' title="bbox 2122 2256 3716 2329">
     <span class='ocr_line' id='line_1_85' title="bbox 2122 2256 3716 2329; baseline -0.003 -17"><span class='ocrx_word' id='word_1_558' title='bbox 2122 2257 2396 2312; x_wconf 85' lang='grc' dir='ltr'>νικώντων</span> <span class='ocrx_word' id='word_1_559' title='bbox 2419 2258 2582 2329; x_wconf 82' lang='grc' dir='ltr'>δῆθεν</span> <span class='ocrx_word' id='word_1_560' title='bbox 2609 2259 2705 2311; x_wconf 71' lang='grc' dir='ltr'>καὶ</span> <span class='ocrx_word' id='word_1_561' title='bbox 2725 2256 2928 2327; x_wconf 79' lang='grc' dir='ltr'>φαῦλον</span> <span class='ocrx_word' id='word_1_562' title='bbox 2954 2258 3328 2311; x_wconf 86' lang='grc' dir='ltr'>Κωνστάντιον</span> <span class='ocrx_word' id='word_1_563' title='bbox 3352 2256 3716 2327; x_wconf 85' lang='grc' dir='ltr'>πειρωμένων</span> 
     </span>
    </p>
   </div>
   <div class='ocr_carea' id='block_1_85' title="bbox 2120 2346 3716 2423">
    <p class='ocr_par' dir='ltr' id='par_1_85' title="bbox 2120 2346 3716 2423">
     <span class='ocr_line' id='line_1_86' title="bbox 2120 2346 3716 2423; baseline -0.002 -16"><span class='ocrx_word' id='word_1_564' title='bbox 2120 2352 2427 2415; x_wconf 86' lang='grc' dir='ltr'>δεικνύναι,</span> <span class='ocrx_word' id='word_1_565' title='bbox 2473 2351 2740 2423; x_wconf 78' lang='grc' dir='ltr'>ἡττῆσθαι</span> <span class='ocrx_word' id='word_1_566' title='bbox 2775 2351 2924 2405; x_wconf 85' lang='grc' dir='ltr'>δοκεῖ</span> <span class='ocrx_word' id='word_1_567' title='bbox 2969 2353 2999 2405; x_wconf 83' lang='grc' dir='ltr'><strong>ὁ</strong></span> <span class='ocrx_word' id='word_1_568' title='bbox 3041 2352 3232 2405; x_wconf 81' lang='grc' dir='ltr'>τοῦτον</span> <span class='ocrx_word' id='word_1_569' title='bbox 3267 2350 3516 2406; x_wconf 72' lang='grc' dir='ltr'>ἐπαινῶν</span> <span class='ocrx_word' id='word_1_570' title='bbox 3545 2368 3560 2381; x_wconf 82' lang='grc'><em>’</em></span> <span class='ocrx_word' id='word_1_571' title='bbox 3601 2346 3716 2404; x_wconf 76' lang='grc' dir='ltr'>εἶτα</span> 
     </span>
    </p>
   </div>
   <div class='ocr_carea' id='block_1_86' title="bbox 2135 2440 3716 2517">
    <p class='ocr_par' dir='ltr' id='par_1_86' title="bbox 2135 2440 3716 2517">
     <span class='ocr_line' id='line_1_87' title="bbox 2135 2440 3716 2517; baseline 0 -21"><span class='ocrx_word' id='word_1_572' title='bbox 2135 2442 2316 2498; x_wconf 88' lang='grc' dir='ltr'>λαϐὼν</span> <span class='ocrx_word' id='word_1_573' title='bbox 2339 2444 2430 2497; x_wconf 79' lang='grc' dir='ltr'>τὸν</span> <span class='ocrx_word' id='word_1_574' title='bbox 2447 2444 2597 2514; x_wconf 76' lang='grc' dir='ltr'>ἥττω</span> <span class='ocrx_word' id='word_1_575' title='bbox 2626 2442 2784 2512; x_wconf 88' lang='grc' dir='ltr'>λόγον</span> <span class='ocrx_word' id='word_1_576' title='bbox 2811 2442 2839 2495; x_wconf 86' lang='grc' dir='ltr'>ὁ</span> <span class='ocrx_word' id='word_1_577' title='bbox 2856 2442 3170 2505; x_wconf 81' lang='grc' dir='ltr'>θεσπέσιοςο</span> <span class='ocrx_word' id='word_1_578' title='bbox 3188 2440 3356 2512; x_wconf 73' lang='grc' dir='ltr'>οὗτος</span> <span class='ocrx_word' id='word_1_579' title='bbox 3369 2447 3532 2517; x_wconf 76' lang='grc' dir='ltr'>ἀνὴρ,</span> <span class='ocrx_word' id='word_1_580' title='bbox 3547 2444 3600 2497; x_wconf 85' lang='grc' dir='ltr'>εἰ</span> <span class='ocrx_word' id='word_1_581' title='bbox 3619 2444 3716 2496; x_wconf 81' lang='grc' dir='ltr'>οὐκ</span> 
     </span>
    </p>
   </div>
   <div class='ocr_carea' id='block_1_87' title="bbox 2124 2531 3717 2605">
    <p class='ocr_par' dir='ltr' id='par_1_87' title="bbox 2124 2531 3717 2605">
     <span class='ocr_line' id='line_1_88' title="bbox 2124 2531 3717 2605; baseline -0.001 -17"><span class='ocrx_word' id='word_1_582' title='bbox 2124 2532 2329 2602; x_wconf 82' lang='grc' dir='ltr'>ἀγαθὸς</span> <span class='ocrx_word' id='word_1_583' title='bbox 2348 2572 2363 2597; x_wconf 91' lang='grc'><strong>,</strong></span> <span class='ocrx_word' id='word_1_584' title='bbox 2404 2533 2511 2605; x_wconf 79' lang='grc' dir='ltr'>ἔφη</span> <span class='ocrx_word' id='word_1_585' title='bbox 2541 2532 2655 2605; x_wconf 80' lang='grc'>(65)</span> <span class='ocrx_word' id='word_1_586' title='bbox 2675 2573 2691 2598; x_wconf 95' lang='grc'><strong>,</strong></span> <span class='ocrx_word' id='word_1_587' title='bbox 2735 2533 2765 2586; x_wconf 85' lang='grc' dir='ltr'>ὁ</span> <span class='ocrx_word' id='word_1_588' title='bbox 2792 2531 2890 2603; x_wconf 78' lang='grc' dir='ltr'>τὴν</span> <span class='ocrx_word' id='word_1_589' title='bbox 2922 2531 3200 2603; x_wconf 82' lang='grc' dir='ltr'>βασιλείαν</span> <span class='ocrx_word' id='word_1_590' title='bbox 3244 2532 3523 2604; x_wconf 88' lang='grc' dir='ltr'>Ἰουλιανῷ</span> <span class='ocrx_word' id='word_1_591' title='bbox 3552 2551 3717 2589; x_wconf 80' lang='grc' dir='ltr'>πεπι-</span> 
     </span>
    </p>
   </div>
   <div class='ocr_carea' id='block_1_88' title="bbox 2128 2624 3717 2697">
    <p class='ocr_par' dir='ltr' id='par_1_88' title="bbox 2128 2624 3717 2697">
     <span class='ocr_line' id='line_1_89' title="bbox 2128 2624 3717 2697; baseline 0 -17"><span class='ocrx_word' id='word_1_592' title='bbox 2128 2624 2392 2691; x_wconf 87' lang='grc' dir='ltr'>στευκὼς,</span> <span class='ocrx_word' id='word_1_593' title='bbox 2428 2627 2457 2679; x_wconf 84' lang='grc' dir='ltr'>ὁ</span> <span class='ocrx_word' id='word_1_594' title='bbox 2488 2625 2801 2689; x_wconf 77' lang='grc' dir='ltr'>πιστευθεὶς</span> <span class='ocrx_word' id='word_1_595' title='bbox 2830 2626 2924 2679; x_wconf 80' lang='grc' dir='ltr'>καὶ</span> <span class='ocrx_word' id='word_1_596' title='bbox 2955 2626 3037 2688; x_wconf 76' lang='grc' dir='ltr'>εἰς</span> <span class='ocrx_word' id='word_1_597' title='bbox 3062 2624 3315 2697; x_wconf 87' lang='grc' dir='ltr'>τοιαύτην</span> <span class='ocrx_word' id='word_1_598' title='bbox 3365 2626 3539 2697; x_wconf 81' lang='grc' dir='ltr'>τιμὴν</span> <span class='ocrx_word' id='word_1_599' title='bbox 3586 2627 3717 2680; x_wconf 84' lang='grc' dir='ltr'>ἀνα·</span> 
     </span>
    </p>
   </div>
   <div class='ocr_carea' id='block_1_89' title="bbox 2124 2712 3718 2786">
    <p class='ocr_par' dir='ltr' id='par_1_89' title="bbox 2124 2712 3718 2786">
     <span class='ocr_line' id='line_1_90' title="bbox 2124 2712 3718 2786; baseline 0.001 -18"><span class='ocrx_word' id='word_1_600' title='bbox 2124 2714 2273 2786; x_wconf 72' lang='grc' dir='ltr'>χθεὶς</span> <span class='ocrx_word' id='word_1_601' title='bbox 2293 2756 2307 2780; x_wconf 89' lang='grc'><strong>,</strong></span> <span class='ocrx_word' id='word_1_602' title='bbox 2344 2716 2440 2769; x_wconf 69' lang='grc' dir='ltr'>καὶ</span> <span class='ocrx_word' id='word_1_603' title='bbox 2472 2714 2660 2776; x_wconf 85' lang='grc' dir='ltr'>κακῶς</span> <span class='ocrx_word' id='word_1_604' title='bbox 2692 2712 3065 2785; x_wconf 76' lang='grc' dir='ltr'>ἀποδειχθεὶς,</span> <span class='ocrx_word' id='word_1_605' title='bbox 3098 2713 3184 2778; x_wconf 84' lang='grc' dir='ltr'>τίς</span> <span class='ocrx_word' id='word_1_606' title='bbox 3233 2714 3300 2768; x_wconf 84' lang='grc' dir='ltr'>ἂν</span> <span class='ocrx_word' id='word_1_607' title='bbox 3347 2714 3486 2785; x_wconf 85' lang='grc' dir='ltr'>πρὸς</span> <span class='ocrx_word' id='word_1_608' title='bbox 3512 2716 3718 2769; x_wconf 75' lang='grc' dir='ltr'>ἐκεῖνον</span> 
     </span>
    </p>
   </div>
   <div class='ocr_carea' id='block_1_90' title="bbox 2124 2803 3720 2876">
    <p class='ocr_par' dir='ltr' id='par_1_90' title="bbox 2124 2803 3720 2876">
     <span class='ocr_line' id='line_1_91' title="bbox 2124 2803 3720 2876; baseline 0.001 -17"><span class='ocrx_word' id='word_1_609' title='bbox 2124 2803 2443 2876; x_wconf 76' lang='grc' dir='ltr'>νομισθείης</span> <span class='ocrx_word' id='word_1_610' title='bbox 2474 2804 2576 2858; x_wconf 77' lang='grc' dir='ltr'>ποῦ</span> <span class='ocrx_word' id='word_1_611' title='bbox 2608 2805 2665 2858; x_wconf 79' lang='grc' dir='ltr'>δὲ</span> <span class='ocrx_word' id='word_1_612' title='bbox 2694 2805 2787 2858; x_wconf 72' lang='grc' dir='ltr'>καὶ</span> <span class='ocrx_word' id='word_1_613' title='bbox 2812 2804 2911 2876; x_wconf 78' lang='grc' dir='ltr'>τὴν</span> <span class='ocrx_word' id='word_1_614' title='bbox 2946 2803 3202 2875; x_wconf 87' lang='grc' dir='ltr'>τοιαύτην</span> <span class='ocrx_word' id='word_1_615' title='bbox 3233 2804 3382 2871; x_wconf 80' lang='grc' dir='ltr'>ἄξιον</span> <span class='ocrx_word' id='word_1_616' title='bbox 3409 2804 3596 2859; x_wconf 85' lang='grc' dir='ltr'>θεῖναι</span> <span class='ocrx_word' id='word_1_617' title='bbox 3628 2824 3720 2860; x_wconf 81' lang='grc' dir='ltr'>κα-</span> 
     </span>
    </p>
   </div>
   <div class='ocr_carea' id='block_1_91' title="bbox 2127 2892 3721 2965">
    <p class='ocr_par' dir='ltr' id='par_1_91' title="bbox 2127 2892 3721 2965">
     <span class='ocr_line' id='line_1_92' title="bbox 2127 2892 3721 2965; baseline -0.001 -18"><span class='ocrx_word' id='word_1_618' title='bbox 2127 2893 2253 2947; x_wconf 87' lang='grc' dir='ltr'>κίαν</span> <span class='ocrx_word' id='word_1_619' title='bbox 2277 2911 2292 2961; x_wconf 89' lang='grc'><strong>;</strong></span> <span class='ocrx_word' id='word_1_620' title='bbox 2312 2894 2360 2946; x_wconf 77' lang='grc' dir='ltr'>εἱ</span> <span class='ocrx_word' id='word_1_621' title='bbox 2382 2893 2493 2965; x_wconf 83' lang='grc' dir='ltr'><strong>γάρ</strong></span> <span class='ocrx_word' id='word_1_622' title='bbox 2520 2893 2581 2946; x_wconf 82' lang='grc' dir='ltr'>τὸ</span> <span class='ocrx_word' id='word_1_623' title='bbox 2613 2895 2688 2965; x_wconf 84' lang='grc' dir='ltr'>μὴ</span> <span class='ocrx_word' id='word_1_624' title='bbox 2720 2892 3065 2965; x_wconf 79' lang='grc' dir='ltr'>προειδέσθαι</span> <span class='ocrx_word' id='word_1_625' title='bbox 3091 2894 3181 2947; x_wconf 84' lang='grc' dir='ltr'>τὸν</span> <span class='ocrx_word' id='word_1_626' title='bbox 3200 2893 3485 2962; x_wconf 74' lang='grc' dir='ltr'>ἐξάγιστον</span> <span class='ocrx_word' id='word_1_627' title='bbox 3506 2895 3721 2949; x_wconf 71' lang='grc' dir='ltr'>ἐκείνου</span> 
     </span>
    </p>
   </div>
   <div class='ocr_carea' id='block_1_92' title="bbox 2052 2984 3721 3085">
    <p class='ocr_par' dir='ltr' id='par_1_92' title="bbox 2052 2984 3721 3085">
     <span class='ocr_line' id='line_1_93' title="bbox 2052 2984 3721 3085; baseline 0.002 -47"><span class='ocrx_word' id='word_1_628' title='bbox 2052 3025 2097 3085; x_wconf 72' lang='lat' dir='ltr'><strong>C</strong></span> <span class='ocrx_word' id='word_1_629' title='bbox 2127 2986 2329 3057; x_wconf 85' lang='grc' dir='ltr'>τρόπον</span> <span class='ocrx_word' id='word_1_630' title='bbox 2352 2985 2455 3038; x_wconf 79' lang='grc' dir='ltr'><strong>ὑπὸ</strong></span> <span class='ocrx_word' id='word_1_631' title='bbox 2478 2985 2659 3038; x_wconf 83' lang='grc' dir='ltr'>αἰτίαν</span> <span class='ocrx_word' id='word_1_632' title='bbox 2679 2985 2850 3048; x_wconf 77' lang='grc' dir='ltr'>ἐστὶν,</span> <span class='ocrx_word' id='word_1_633' title='bbox 2876 2985 3047 3056; x_wconf 74' lang='grc' dir='ltr'>αὐτὴν</span> <span class='ocrx_word' id='word_1_634' title='bbox 3071 2984 3167 3056; x_wconf 84' lang='grc' dir='ltr'>τὴν</span> <span class='ocrx_word' id='word_1_635' title='bbox 3192 2985 3375 3056; x_wconf 79' lang='grc' dir='ltr'>πηγὴν</span> <span class='ocrx_word' id='word_1_636' title='bbox 3405 2984 3555 3056; x_wconf 64' lang='grc' dir='ltr'>[βοά.</span> <span class='ocrx_word' id='word_1_637' title='bbox 3592 2985 3721 3050; x_wconf 81' lang='grc'>575,</span> 
     </span>
    </p>
   </div>
   <div class='ocr_carea' id='block_1_93' title="bbox 2132 3075 3721 3149">
    <p class='ocr_par' dir='ltr' id='par_1_93' title="bbox 2132 3075 3721 3149">
     <span class='ocr_line' id='line_1_94' title="bbox 2132 3075 3721 3149; baseline 0.001 -19"><span class='ocrx_word' id='word_1_638' title='bbox 2132 3078 2250 3130; x_wconf 76' lang='grc' dir='ltr'>ἐστι</span> <span class='ocrx_word' id='word_1_639' title='bbox 2304 3078 2402 3149; x_wconf 79' lang='grc' dir='ltr'>τὴν</span> <span class='ocrx_word' id='word_1_640' title='bbox 2430 3076 2519 3148; x_wconf 72' lang='grc' dir='ltr'><strong>π.]</strong></span> <span class='ocrx_word' id='word_1_641' title='bbox 2552 3078 2653 3146; x_wconf 75' lang='grc' dir='ltr'>τῆς</span> <span class='ocrx_word' id='word_1_642' title='bbox 2697 3076 2895 3140; x_wconf 81' lang='grc' dir='ltr'>κακίας</span> <span class='ocrx_word' id='word_1_643' title='bbox 2940 3075 3044 3129; x_wconf 84' lang='grc' dir='ltr'>ποῦ</span> <span class='ocrx_word' id='word_1_644' title='bbox 3073 3077 3234 3141; x_wconf 79' lang='grc' dir='ltr'>τάξαι</span> <span class='ocrx_word' id='word_1_645' title='bbox 3267 3076 3521 3142; x_wconf 83' lang='grc' dir='ltr'>δίκαιον;</span> <span class='ocrx_word' id='word_1_646' title='bbox 3564 3079 3628 3130; x_wconf 83' lang='grc' dir='ltr'>τὸ</span> <span class='ocrx_word' id='word_1_647' title='bbox 3666 3078 3721 3132; x_wconf 75' lang='grc' dir='ltr'>δὲ</span> 
     </span>
    </p>
   </div>
   <div class='ocr_carea' id='block_1_94' title="bbox 2135 3168 3721 3241">
    <p class='ocr_par' dir='ltr' id='par_1_94' title="bbox 2135 3168 3721 3241">
     <span class='ocr_line' id='line_1_95' title="bbox 2135 3168 3721 3241; baseline 0 -18"><span class='ocrx_word' id='word_1_648' title='bbox 2135 3169 2276 3237; x_wconf 83' lang='lat' dir='ltr'><strong>(cod.</strong></span> <span class='ocrx_word' id='word_1_649' title='bbox 2306 3185 2362 3239; x_wconf 92' lang='lat' dir='ltr'><strong>p.</strong></span> <span class='ocrx_word' id='word_1_650' title='bbox 2392 3168 2520 3234; x_wconf 73' lang='grc'>265,</span> <span class='ocrx_word' id='word_1_651' title='bbox 2557 3168 2614 3240; x_wconf 73' lang='lat'><strong>2)</strong></span> <span class='ocrx_word' id='word_1_652' title='bbox 2646 3170 3122 3238; x_wconf 74' lang='grc' dir='ltr'>ἀσυλλόγιστον.</span> <span class='ocrx_word' id='word_1_653' title='bbox 3171 3169 3206 3241; x_wconf 85' lang='grc' dir='ltr'>ἢ</span> <span class='ocrx_word' id='word_1_654' title='bbox 3231 3169 3367 3234; x_wconf 81' lang='grc' dir='ltr'>ὅλως</span> <span class='ocrx_word' id='word_1_655' title='bbox 3409 3171 3721 3240; x_wconf 80' lang='grc' dir='ltr'>ἀκατανὰη-</span> 
     </span>
    </p>
   </div>
   <div class='ocr_carea' id='block_1_95' title="bbox 2135 3260 3719 3333">
    <p class='ocr_par' dir='ltr' id='par_1_95' title="bbox 2135 3260 3719 3333">
     <span class='ocr_line' id='line_1_96' title="bbox 2135 3260 3719 3333; baseline 0.003 -19"><span class='ocrx_word' id='word_1_656' title='bbox 2135 3261 2225 3314; x_wconf 88' lang='grc' dir='ltr'><strong>τόν</strong></span> <span class='ocrx_word' id='word_1_657' title='bbox 2250 3262 2418 3325; x_wconf 80' lang='grc' dir='ltr'>ἐστιν,</span> <span class='ocrx_word' id='word_1_658' title='bbox 2449 3261 2483 3333; x_wconf 78' lang='grc' dir='ltr'>ἢ</span> <span class='ocrx_word' id='word_1_659' title='bbox 2512 3261 2801 3331; x_wconf 82' lang='grc' dir='ltr'>δυσνόητον</span> <span class='ocrx_word' id='word_1_660' title='bbox 2829 3261 2923 3314; x_wconf 75' lang='grc' dir='ltr'><strong>καὶ</strong></span> <span class='ocrx_word' id='word_1_661' title='bbox 2958 3262 3033 3332; x_wconf 86' lang='grc' dir='ltr'>μὴ</span> <span class='ocrx_word' id='word_1_662' title='bbox 3078 3261 3274 3332; x_wconf 76' lang='grc' dir='ltr'>ῥᾳδίως</span> <span class='ocrx_word' id='word_1_663' title='bbox 3305 3260 3648 3332; x_wconf 84' lang='grc' dir='ltr'>θηρώμενον,</span> <span class='ocrx_word' id='word_1_664' title='bbox 3686 3260 3719 3332; x_wconf 77' lang='grc' dir='ltr'><strong>ἢ</strong></span> 
     </span>
    </p>
   </div>
   <div class='ocr_carea' id='block_1_96' title="bbox 2141 3345 3722 3423">
    <p class='ocr_par' dir='ltr' id='par_1_96' title="bbox 2141 3345 3722 3423">
     <span class='ocr_line' id='line_1_97' title="bbox 2141 3345 3722 3423; baseline -0.001 -18"><span class='ocrx_word' id='word_1_665' title='bbox 2141 3352 2316 3423; x_wconf 81' lang='grc' dir='ltr'>αὐτὴν</span> <span class='ocrx_word' id='word_1_666' title='bbox 2348 3353 2447 3423; x_wconf 72' lang='grc' dir='ltr'>τὴν</span> <span class='ocrx_word' id='word_1_667' title='bbox 2497 3352 2760 3423; x_wconf 82' lang='grc' dir='ltr'>πονηρίαν</span> <span class='ocrx_word' id='word_1_668' title='bbox 2799 3351 3083 3421; x_wconf 75' lang='grc' dir='ltr'>ἀλόγιστόν</span> <span class='ocrx_word' id='word_1_669' title='bbox 3107 3345 3159 3403; x_wconf 81' lang='grc' dir='ltr'><strong>τι</strong></span> <span class='ocrx_word' id='word_1_670' title='bbox 3188 3352 3281 3404; x_wconf 78' lang='grc' dir='ltr'><strong>καὶ</strong></span> <span class='ocrx_word' id='word_1_671' title='bbox 3330 3351 3559 3421; x_wconf 78' lang='grc' dir='ltr'>ἀνόητον</span> <span class='ocrx_word' id='word_1_672' title='bbox 3582 3348 3722 3407; x_wconf 81' lang='grc' dir='ltr'><strong>εἷναί</strong></span> 
     </span>
    </p>
   </div>
   <div class='ocr_carea' id='block_1_97' title="bbox 2142 3441 3651 3515">
    <p class='ocr_par' dir='ltr' id='par_1_97' title="bbox 2142 3441 3651 3515">
     <span class='ocr_line' id='line_1_98' title="bbox 2142 3441 3651 3515; baseline -0.001 -18"><span class='ocrx_word' id='word_1_673' title='bbox 2142 3460 2301 3515; x_wconf 74' lang='grc' dir='ltr'>φησι,</span> <span class='ocrx_word' id='word_1_674' title='bbox 2324 3443 2401 3514; x_wconf 82' lang='grc' dir='ltr'>μὴ</span> <span class='ocrx_word' id='word_1_675' title='bbox 2425 3441 2878 3514; x_wconf 75' lang='grc' dir='ltr'>συλλογιζομένην</span> <span class='ocrx_word' id='word_1_676' title='bbox 2903 3441 2965 3496; x_wconf 87' lang='grc' dir='ltr'>τὸ</span> <span class='ocrx_word' id='word_1_677' title='bbox 2993 3441 3196 3511; x_wconf 82' lang='grc' dir='ltr'>ἀγαθὸν</span> <span class='ocrx_word' id='word_1_678' title='bbox 3220 3442 3315 3495; x_wconf 78' lang='grc' dir='ltr'>καὶ</span> <span class='ocrx_word' id='word_1_679' title='bbox 3346 3444 3651 3514; x_wconf 79' lang='grc' dir='ltr'>προσῆκον.</span> 
     </span>
    </p>
   </div>
   <div class='ocr_carea' id='block_1_98' title="bbox 2206 3612 3721 3688">
    <p class='ocr_par' dir='ltr' id='par_1_98' title="bbox 2206 3612 3721 3688">
     <span class='ocr_line' id='line_1_99' title="bbox 2206 3612 3721 3688; baseline -0.003 -14"><span class='ocrx_word' id='word_1_680' title='bbox 2206 3618 2326 3674; x_wconf 89' lang='lat' dir='ltr'><strong>Col.</strong></span> <span class='ocrx_word' id='word_1_681' title='bbox 2355 3618 2461 3674; x_wconf 75' lang='lat' dir='ltr'><strong>ses</strong></span> <span class='ocrx_word' id='word_1_682' title='bbox 2489 3618 2538 3672; x_wconf 75' lang='grc' dir='ltr'><strong>Α</strong></span> <span class='ocrx_word' id='word_1_683' title='bbox 2570 3618 2658 3672; x_wconf 72' lang='grc' dir='ltr'>ιε.</span> <span class='ocrx_word' id='word_1_684' title='bbox 2688 3616 2758 3671; x_wconf 81' lang='lat' dir='ltr'><strong>u.</strong></span> <span class='ocrx_word' id='word_1_685' title='bbox 2794 3615 2857 3673; x_wconf 79' lang='grc' dir='ltr'><strong>Β.</strong></span> <span class='ocrx_word' id='word_1_686' title='bbox 2889 3633 2943 3688; x_wconf 72' lang='grc' dir='ltr'><strong>ι).</strong></span> <span class='ocrx_word' id='word_1_687' title='bbox 2974 3614 3042 3671; x_wconf 88' lang='grc'><strong>66</strong></span> <span class='ocrx_word' id='word_1_688' title='bbox 3071 3615 3134 3669; x_wconf 92' lang='lat' dir='ltr'><strong>B.</strong></span> <span class='ocrx_word' id='word_1_689' title='bbox 3164 3645 3236 3655; x_wconf 87' lang='lat'><strong><em>—</em></strong></span> <span class='ocrx_word' id='word_1_690' title='bbox 3263 3612 3327 3678; x_wconf 83' lang='lat' dir='ltr'><strong>c.</strong></span> <span class='ocrx_word' id='word_1_691' title='bbox 3366 3632 3422 3684; x_wconf 87' lang='lat' dir='ltr'><strong>p.</strong></span> <span class='ocrx_word' id='word_1_692' title='bbox 3452 3615 3524 3671; x_wconf 87' lang='lat'><strong>96</strong></span> <span class='ocrx_word' id='word_1_693' title='bbox 3555 3616 3623 3670; x_wconf 88' lang='lat' dir='ltr'><strong>o.</strong></span> <span class='ocrx_word' id='word_1_694' title='bbox 3654 3649 3721 3659; x_wconf 84' lang='lat'>_</span> 
     </span>
    </p>
   </div>
   <div class='ocr_carea' id='block_1_99' title="bbox 2137 3698 3726 3781">
    <p class='ocr_par' dir='ltr' id='par_1_99' title="bbox 2137 3698 3726 3781">
     <span class='ocr_line' id='line_1_100' title="bbox 2137 3698 3726 3781; baseline -0.009 -15"><span class='ocrx_word' id='word_1_695' title='bbox 2137 3711 2210 3766; x_wconf 74' lang='grc' dir='ltr'><strong>Μ.</strong></span> <span class='ocrx_word' id='word_1_696' title='bbox 2252 3728 2306 3781; x_wconf 93' lang='lat' dir='ltr'><strong>p.</strong></span> <span class='ocrx_word' id='word_1_697' title='bbox 2340 3711 2431 3765; x_wconf 73' lang='grc'><strong>25.</strong></span> <span class='ocrx_word' id='word_1_698' title='bbox 2476 3709 2666 3764; x_wconf 83' lang='grc' dir='ltr'>Ταῦτα</span> <span class='ocrx_word' id='word_1_699' title='bbox 2694 3708 3012 3773; x_wconf 76' lang='grc' dir='ltr'>Πλάτωνες</span> <span class='ocrx_word' id='word_1_700' title='bbox 3066 3706 3190 3777; x_wconf 71' lang='lat' dir='ltr'><strong>Ima.</strong></span> <span class='ocrx_word' id='word_1_701' title='bbox 3233 3698 3726 3773; x_wconf 64' lang='lat' dir='ltr'><strong>575H1drawod,</strong></span> 
     </span>
    </p>
   </div>
   <div class='ocr_carea' id='block_1_100' title="bbox 2137 3796 3721 3874">
    <p class='ocr_par' dir='ltr' id='par_1_100' title="bbox 2137 3796 3721 3874">
     <span class='ocr_line' id='line_1_101' title="bbox 2137 3796 3721 3874; baseline -0.004 -15"><span class='ocrx_word' id='word_1_702' title='bbox 2137 3806 2231 3859; x_wconf 77' lang='grc' dir='ltr'>καὶ</span> <span class='ocrx_word' id='word_1_703' title='bbox 2265 3803 2336 3858; x_wconf 79' lang='grc' dir='ltr'><strong>τὰ</strong></span> <span class='ocrx_word' id='word_1_704' title='bbox 2375 3802 2521 3874; x_wconf 79' lang='grc' dir='ltr'><strong>ἑξῆς.</strong></span> <span class='ocrx_word' id='word_1_705' title='bbox 2568 3796 2730 3856; x_wconf 73' lang='grc' dir='ltr'>Οὗτοι</span> <span class='ocrx_word' id='word_1_706' title='bbox 2766 3801 2874 3854; x_wconf 86' lang='grc' dir='ltr'><strong>τῶν</strong></span> <span class='ocrx_word' id='word_1_707' title='bbox 2912 3799 3042 3870; x_wconf 84' lang='grc' dir='ltr'>παρ’</span> <span class='ocrx_word' id='word_1_708' title='bbox 3076 3798 3306 3870; x_wconf 82' lang='grc' dir='ltr'>Ἕλλησι</span> <span class='ocrx_word' id='word_1_709' title='bbox 3337 3798 3650 3869; x_wconf 75' lang='grc' dir='ltr'>φιλοσόφων</span> <span class='ocrx_word' id='word_1_710' title='bbox 3675 3803 3721 3852; x_wconf 81' lang='grc' dir='ltr'>οἱ</span> 
     </span>
    </p>
   </div>
   <div class='ocr_carea' id='block_1_101' title="bbox 2137 3880 3724 3969">
    <p class='ocr_par' dir='ltr' id='par_1_101' title="bbox 2137 3880 3724 3969">
     <span class='ocr_line' id='line_1_102' title="bbox 2137 3880 3724 3969; baseline -0.004 -19"><span class='ocrx_word' id='word_1_711' title='bbox 2137 3880 2442 3969; x_wconf 78' lang='grc' dir='ltr'>κράτιστοι,</span> <span class='ocrx_word' id='word_1_712' title='bbox 2514 3893 2609 3947; x_wconf 72' lang='grc' dir='ltr'><strong>καὶ</strong></span> <span class='ocrx_word' id='word_1_713' title='bbox 2664 3892 2900 3963; x_wconf 85' lang='grc' dir='ltr'>μάλιστα</span> <span class='ocrx_word' id='word_1_714' title='bbox 2955 3889 3147 3961; x_wconf 82' lang='grc' dir='ltr'>ἐκείνῳ</span> <span class='ocrx_word' id='word_1_715' title='bbox 3194 3888 3521 3959; x_wconf 84' lang='grc' dir='ltr'>τιμώμενοι,</span> <span class='ocrx_word' id='word_1_716' title='bbox 3581 3891 3724 3963; x_wconf 85' lang='grc' dir='ltr'>λόγῳ</span> 
     </span>
    </p>
   </div>
   <div class='ocr_carea' id='block_1_102' title="bbox 2141 3980 3724 4060">
    <p class='ocr_par' dir='ltr' id='par_1_102' title="bbox 2141 3980 3724 4060">
     <span class='ocr_line' id='line_1_103' title="bbox 2141 3980 3724 4060; baseline -0.003 -19"><span class='ocrx_word' id='word_1_717' title='bbox 2141 3988 2292 4060; x_wconf 82' lang='grc' dir='ltr'>μόνῳ</span> <span class='ocrx_word' id='word_1_718' title='bbox 2344 3987 2445 4054; x_wconf 82' lang='grc' dir='ltr'>τὴν</span> <span class='ocrx_word' id='word_1_719' title='bbox 2491 3986 2695 4057; x_wconf 83' lang='grc' dir='ltr'>ἀρετὴν</span> <span class='ocrx_word' id='word_1_720' title='bbox 2748 3982 3101 4055; x_wconf 88' lang='grc' dir='ltr'>σεμνύνοντες</span> <span class='ocrx_word' id='word_1_721' title='bbox 3148 3980 3245 4034; x_wconf 81' lang='grc' dir='ltr'>καὶ</span> <span class='ocrx_word' id='word_1_722' title='bbox 3302 3980 3724 4049; x_wconf 78' lang='grc' dir='ltr'>φιλοσοφοῦντες</span> 
     </span>
    </p>
   </div>
   <div class='ocr_carea' id='block_1_103' title="bbox 2137 4069 3725 4143">
    <p class='ocr_par' dir='ltr' id='par_1_103' title="bbox 2137 4069 3725 4143">
     <span class='ocr_line' id='line_1_104' title="bbox 2137 4069 3725 4143; baseline -0.006 -12"><span class='ocrx_word' id='word_1_723' title='bbox 2137 4077 2543 4137; x_wconf 81' lang='grc' dir='ltr'>ἐκδιδάσκοντες</span> <span class='ocrx_word' id='word_1_724' title='bbox 2565 4075 2626 4128; x_wconf 86' lang='grc' dir='ltr'>τὸ</span> <span class='ocrx_word' id='word_1_725' title='bbox 2644 4072 2949 4128; x_wconf 81' lang='grc' dir='ltr'>ἀδικεῖσθαι</span> <span class='ocrx_word' id='word_1_726' title='bbox 2981 4072 3181 4143; x_wconf 80' lang='grc' dir='ltr'>μᾶλλον</span> <span class='ocrx_word' id='word_1_727' title='bbox 3204 4069 3349 4143; x_wconf 71' lang='grc' dir='ltr'>ἥπερ</span> <span class='ocrx_word' id='word_1_728' title='bbox 3369 4070 3725 4143; x_wconf 61' lang='lat' dir='ltr'><strong>dammas)-</strong></span> 
     </span>
    </p>
   </div>
   <div class='ocr_carea' id='block_1_104' title="bbox 2137 4164 3723 4239">
    <p class='ocr_par' dir='ltr' id='par_1_104' title="bbox 2137 4164 3723 4239">
     <span class='ocr_line' id='line_1_105' title="bbox 2137 4164 3723 4239; baseline -0.001 -17"><span class='ocrx_word' id='word_1_729' title='bbox 2137 4168 2493 4239; x_wconf 76' lang='grc' dir='ltr'>γεωμετρίας</span> <span class='ocrx_word' id='word_1_730' title='bbox 2529 4166 2586 4220; x_wconf 83' lang='grc' dir='ltr'>δὲ</span> <span class='ocrx_word' id='word_1_731' title='bbox 2632 4166 2899 4233; x_wconf 73' lang='grc' dir='ltr'>ἰσότητα,</span> <span class='ocrx_word' id='word_1_732' title='bbox 2929 4164 3028 4236; x_wconf 81' lang='grc' dir='ltr'>τὴν</span> <span class='ocrx_word' id='word_1_733' title='bbox 3057 4164 3148 4218; x_wconf 80' lang='grc' dir='ltr'><strong>διὰ</strong></span> <span class='ocrx_word' id='word_1_734' title='bbox 3178 4165 3287 4218; x_wconf 88' lang='grc' dir='ltr'><strong>τῶν</strong></span> <span class='ocrx_word' id='word_1_735' title='bbox 3328 4166 3723 4237; x_wconf 84' lang='grc' dir='ltr'>γεωμετρικῶν</span> 
     </span>
    </p>
   </div>
   <div class='ocr_carea' id='block_1_105' title="bbox 2140 4254 3725 4332">
    <p class='ocr_par' dir='ltr' id='par_1_105' title="bbox 2140 4254 3725 4332">
     <span class='ocr_line' id='line_1_106' title="bbox 2140 4254 3725 4332; baseline -0.003 -18"><span class='ocrx_word' id='word_1_736' title='bbox 2140 4259 2382 4332; x_wconf 83' lang='grc' dir='ltr'>μεθόδων</span> <span class='ocrx_word' id='word_1_737' title='bbox 2405 4258 2765 4329; x_wconf 84' lang='grc' dir='ltr'>δεικνυμένην</span> <span class='ocrx_word' id='word_1_738' title='bbox 2797 4257 3149 4327; x_wconf 76' lang='grc' dir='ltr'>ἀδιάψευστον</span> <span class='ocrx_word' id='word_1_739' title='bbox 3169 4254 3524 4327; x_wconf 85' lang='grc' dir='ltr'>δικαιοσύνην</span> <span class='ocrx_word' id='word_1_740' title='bbox 3544 4274 3608 4310; x_wconf 89' lang='grc' dir='ltr'><strong>τε</strong></span> <span class='ocrx_word' id='word_1_741' title='bbox 3631 4258 3725 4312; x_wconf 72' lang='grc' dir='ltr'>καὶ</span> 
     </span>
    </p>
   </div>
   <div class='ocr_carea' id='block_1_106' title="bbox 2137 4345 3722 4423">
    <p class='ocr_par' dir='ltr' id='par_1_106' title="bbox 2137 4345 3722 4423">
     <span class='ocr_line' id='line_1_107' title="bbox 2137 4345 3722 4423; baseline -0.003 -16"><span class='ocrx_word' id='word_1_742' title='bbox 2137 4351 2399 4422; x_wconf 84' lang='grc' dir='ltr'>ἀλήθειαν</span> <span class='ocrx_word' id='word_1_743' title='bbox 2437 4350 2569 4423; x_wconf 80' lang='grc'>(67).</span> <span class='ocrx_word' id='word_1_744' title='bbox 2615 4348 2953 4414; x_wconf 76' lang='grc' dir='ltr'>Γενναιους</span> <span class='ocrx_word' id='word_1_745' title='bbox 2998 4348 3055 4402; x_wconf 87' lang='grc' dir='ltr'>δὲ</span> <span class='ocrx_word' id='word_1_746' title='bbox 3099 4345 3551 4415; x_wconf 76' lang='grc' dir='ltr'>διδασκάλους,</span> <span class='ocrx_word' id='word_1_747' title='bbox 3598 4349 3722 4412; x_wconf 68' lang='grc' dir='ltr'>τοὺς</span> 
     </span>
    </p>
   </div>
   <div class='ocr_carea' id='block_1_107' title="bbox 2137 4440 3726 4513">
    <p class='ocr_par' dir='ltr' id='par_1_107' title="bbox 2137 4440 3726 4513">
     <span class='ocr_line' id='line_1_108' title="bbox 2137 4440 3726 4513; baseline 0.001 -16"><span class='ocrx_word' id='word_1_748' title='bbox 2137 4442 2258 4497; x_wconf 88' lang='grc' dir='ltr'>κατ’</span> <span class='ocrx_word' id='word_1_749' title='bbox 2297 4443 2460 4496; x_wconf 73' lang='grc' dir='ltr'>αὐτὸν</span> <span class='ocrx_word' id='word_1_750' title='bbox 2494 4443 2700 4496; x_wconf 76' lang='grc' dir='ltr'>ἐκεῖνον</span> <span class='ocrx_word' id='word_1_751' title='bbox 2730 4442 3053 4511; x_wconf 86' lang='grc' dir='ltr'>γεγονότας,</span> <span class='ocrx_word' id='word_1_752' title='bbox 3082 4440 3394 4513; x_wconf 80' lang='grc' dir='ltr'>Πορφύριον</span> <span class='ocrx_word' id='word_1_753' title='bbox 3423 4442 3523 4496; x_wconf 79' lang='grc' dir='ltr'>καὶ</span> <span class='ocrx_word' id='word_1_754' title='bbox 3559 4443 3726 4498; x_wconf 81' lang='grc' dir='ltr'>Λιϐά-</span> 
     </span>
    </p>
   </div>
   <div class='ocr_carea' id='block_1_108' title="bbox 2138 4532 2891 4602">
    <p class='ocr_par' dir='ltr' id='par_1_108' title="bbox 2138 4532 2891 4602">
     <span class='ocr_line' id='line_1_109' title="bbox 2138 4532 2891 4602; baseline -0.001 -13"><span class='ocrx_word' id='word_1_755' title='bbox 2138 4551 2249 4589; x_wconf 88' lang='grc' dir='ltr'>νιον</span> <span class='ocrx_word' id='word_1_756' title='bbox 2276 4534 2425 4602; x_wconf 84' lang='grc' dir='ltr'>λέγει</span> <span class='ocrx_word' id='word_1_757' title='bbox 2451 4533 2578 4598; x_wconf 75' lang='grc' dir='ltr'>τοὺς</span> <span class='ocrx_word' id='word_1_758' title='bbox 2613 4532 2891 4601; x_wconf 79' lang='grc' dir='ltr'>σοφιστάς.</span> 
     </span>
    </p>
   </div>
   <div class='ocr_carea' id='block_1_109' title="bbox 2141 4727 3727 4802">
    <p class='ocr_par' dir='ltr' id='par_1_109' title="bbox 2141 4727 3727 4802">
     <span class='ocr_line' id='line_1_110' title="bbox 2141 4727 3727 4802; baseline -0.004 -17"><span class='ocrx_word' id='word_1_759' title='bbox 2141 4733 2315 4786; x_wconf 90' lang='lat' dir='ltr'><strong>multo</strong></span> <span class='ocrx_word' id='word_1_760' title='bbox 2356 4739 2602 4802; x_wconf 70' lang='lat' dir='ltr'><strong>praestat.</strong></span> <span class='ocrx_word' id='word_1_761' title='bbox 2653 4729 2928 4785; x_wconf 86' lang='lat' dir='ltr'><strong>Nonnulla</strong></span> <span class='ocrx_word' id='word_1_762' title='bbox 2966 4729 3288 4802; x_wconf 80' lang='lat' dir='ltr'><strong>observavi,</strong></span> <span class='ocrx_word' id='word_1_763' title='bbox 3332 4728 3406 4782; x_wconf 86' lang='lat' dir='ltr'><strong>ad</strong></span> <span class='ocrx_word' id='word_1_764' title='bbox 3449 4727 3727 4802; x_wconf 58' lang='lat' dir='ltr'><strong>Marinum</strong></span> 
     </span>
    </p>
   </div>
   <div class='ocr_carea' id='block_1_110' title="bbox 2141 4799 3727 4889">
    <p class='ocr_par' dir='ltr' id='par_1_110' title="bbox 2141 4799 3727 4889">
     <span class='ocr_line' id='line_1_111' title="bbox 2141 4799 3727 4889; baseline -0.003 -32"><span class='ocrx_word' id='word_1_765' title='bbox 2141 4806 2224 4889; x_wconf 70' lang='grc' dir='ltr'>(ρ.</span> <span class='ocrx_word' id='word_1_766' title='bbox 2260 4799 2387 4872; x_wconf 62' lang='lat' dir='ltr'><strong>90f,</strong></span> <span class='ocrx_word' id='word_1_767' title='bbox 2422 4803 2491 4857; x_wconf 92' lang='lat' dir='ltr'><strong>de</strong></span> <span class='ocrx_word' id='word_1_768' title='bbox 2537 4802 2640 4857; x_wconf 87' lang='lat' dir='ltr'><strong>hac</strong></span> <span class='ocrx_word' id='word_1_769' title='bbox 2680 4802 2825 4855; x_wconf 80' lang='lat' dir='ltr'><strong>facili</strong></span> <span class='ocrx_word' id='word_1_770' title='bbox 2858 4799 3260 4871; x_wconf 84' lang='lat' dir='ltr'><strong>permutatione</strong></span> <span class='ocrx_word' id='word_1_771' title='bbox 3303 4815 3502 4854; x_wconf 81' lang='lat' dir='ltr'><strong>vocum</strong></span> <span class='ocrx_word' id='word_1_772' title='bbox 3535 4799 3645 4871; x_wconf 75' lang='grc' dir='ltr'>ἔφη</span> <span class='ocrx_word' id='word_1_773' title='bbox 3674 4809 3727 4853; x_wconf 86' lang='lat' dir='ltr'><strong>et</strong></span> 
     </span>
    </p>
   </div>
   <div class='ocr_carea' id='block_1_111' title="bbox 2139 4891 2263 4927">
    <p class='ocr_par' dir='ltr' id='par_1_111' title="bbox 2139 4891 2263 4927">
     <span class='ocr_line' id='line_1_112' title="bbox 2139 4891 2263 4927; baseline -0.024 0"><span class='ocrx_word' id='word_1_774' title='bbox 2139 4891 2240 4927; x_wconf 74' lang='grc' dir='ltr'>εφυ</span> <span class='ocrx_word' id='word_1_775' title='bbox 2252 4913 2263 4924; x_wconf 94' lang='grc'><strong>.</strong></span> 
     </span>
    </p>
   </div>
   <div class='ocr_carea' id='block_1_112' title="bbox 2170 4892 3727 5009">
    <p class='ocr_par' dir='ltr' id='par_1_112' title="bbox 2170 4892 3727 5009">
     <span class='ocr_line' id='line_1_113' title="bbox 2170 4892 3727 5009; baseline -0.006 -12"><span class='ocrx_word' id='word_1_776' title='bbox 2170 4892 2326 5009; x_wconf 55' lang='grc' dir='ltr'>φῗθϐ)</span> <span class='ocrx_word' id='word_1_777' title='bbox 2367 4942 2515 4999; x_wconf 89' lang='lat' dir='ltr'><strong>Bene</strong></span> <span class='ocrx_word' id='word_1_778' title='bbox 2552 4939 2811 4996; x_wconf 88' lang='lat' dir='ltr'><strong>Socrates</strong></span> <span class='ocrx_word' id='word_1_779' title='bbox 2845 4941 2899 4995; x_wconf 90' lang='lat' dir='ltr'><strong>in</strong></span> <span class='ocrx_word' id='word_1_780' title='bbox 2943 4940 3158 4995; x_wconf 80' lang='lat' dir='ltr'><strong>Critone</strong></span> <span class='ocrx_word' id='word_1_781' title='bbox 3196 4937 3442 5009; x_wconf 83' lang='lat' dir='ltr'><strong>Platonis</strong></span> <span class='ocrx_word' id='word_1_782' title='bbox 3482 4939 3500 5005; x_wconf 88' lang='lat'><strong>(</strong></span> <span class='ocrx_word' id='word_1_783' title='bbox 3522 4935 3555 5007; x_wconf 55' lang='grc' dir='ltr'>ᾗ</span> <span class='ocrx_word' id='word_1_784' title='bbox 3589 4940 3676 5000; x_wconf 80' lang='grc'><strong>10)</strong></span> <span class='ocrx_word' id='word_1_785' title='bbox 3711 4954 3727 4989; x_wconf 87' lang='lat'><strong>:</strong></span> 
     </span>
    </p>
   </div>
   <div class='ocr_carea' id='block_1_113' title="bbox 2142 5008 3729 5085">
    <p class='ocr_par' dir='ltr' id='par_1_113' title="bbox 2142 5008 3729 5085">
     <span class='ocr_line' id='line_1_114' title="bbox 2142 5008 3729 5085; baseline -0.004 -19"><span class='ocrx_word' id='word_1_786' title='bbox 2142 5008 2411 5085; x_wconf 77' lang='grc' dir='ltr'>Οὐδαμῶς</span> <span class='ocrx_word' id='word_1_787' title='bbox 2442 5013 2554 5085; x_wconf 76' lang='grc' dir='ltr'>ᾇρα</span> <span class='ocrx_word' id='word_1_788' title='bbox 2577 5012 2663 5085; x_wconf 84' lang='grc' dir='ltr'>δεῖ</span> <span class='ocrx_word' id='word_1_789' title='bbox 2691 5011 2919 5085; x_wconf 75' lang='grc' dir='ltr'>ᾁδικεῖν,</span> <span class='ocrx_word' id='word_1_790' title='bbox 2958 5010 3079 5063; x_wconf 82' lang='grc' dir='ltr'>οὐδὲ</span> <span class='ocrx_word' id='word_1_791' title='bbox 3100 5008 3469 5085; x_wconf 62' lang='grc' dir='ltr'>ρδικούμενον</span> <span class='ocrx_word' id='word_1_792' title='bbox 3638 5009 3729 5062; x_wconf 82' lang='grc' dir='ltr'><strong>ἅν-</strong></span> 
     </span>
    </p>
   </div>
   <div class='ocr_carea' id='block_1_114' title="bbox 2140 5077 3727 5148">
    <p class='ocr_par' dir='ltr' id='par_1_114' title="bbox 2140 5077 3727 5148">
     <span class='ocr_line' id='line_1_115' title="bbox 2140 5077 3727 5148; baseline -0.004 -11"><span class='ocrx_word' id='word_1_793' title='bbox 2140 5077 2406 5145; x_wconf 81' lang='grc' dir='ltr'>ταδικέῖν,</span> <span class='ocrx_word' id='word_1_794' title='bbox 2436 5077 2514 5146; x_wconf 72' lang='grc' dir='ltr'>ὡς</span> <span class='ocrx_word' id='word_1_795' title='bbox 2539 5084 2589 5136; x_wconf 71' lang='grc' dir='ltr'>οἱ</span> <span class='ocrx_word' id='word_1_796' title='bbox 2626 5081 2813 5136; x_wconf 73' lang='grc' dir='ltr'>πολλοὶ</span> <span class='ocrx_word' id='word_1_797' title='bbox 2836 5080 3061 5148; x_wconf 64' lang='grc' dir='ltr'>οἴονται.</span> <span class='ocrx_word' id='word_1_798' title='bbox 3099 5077 3281 5133; x_wconf 85' lang='lat' dir='ltr'><strong>Locus</strong></span> <span class='ocrx_word' id='word_1_799' title='bbox 3319 5077 3727 5148; x_wconf 12' lang='lat' dir='ltr'><strong>ipse‘adquem</strong></span> 
     </span>
    </p>
   </div>
   <div class='ocr_carea' id='block_1_115' title="bbox 2138 5146 3726 5223">
    <p class='ocr_par' dir='ltr' id='par_1_115' title="bbox 2138 5146 3726 5223">
     <span class='ocr_line' id='line_1_116' title="bbox 2138 5146 3726 5223; baseline -0.004 -18"><span class='ocrx_word' id='word_1_800' title='bbox 2138 5152 2334 5223; x_wconf 86' lang='lat' dir='ltr'><strong>alludit</strong></span> <span class='ocrx_word' id='word_1_801' title='bbox 2355 5151 2654 5221; x_wconf 88' lang='lat' dir='ltr'><strong>Gregorius</strong></span> <span class='ocrx_word' id='word_1_802' title='bbox 2694 5153 2891 5223; x_wconf 77' lang='lat' dir='ltr'><strong>legitur</strong></span> <span class='ocrx_word' id='word_1_803' title='bbox 2920 5152 2975 5223; x_wconf 89' lang='lat' dir='ltr'><strong>in</strong></span> <span class='ocrx_word' id='word_1_804' title='bbox 3010 5146 3211 5223; x_wconf 63' lang='lat' dir='ltr'><strong>Gorgia</strong></span> <span class='ocrx_word' id='word_1_805' title='bbox 3238 5148 3385 5219; x_wconf 84' lang='lat' dir='ltr'><strong>(pag.</strong></span> <span class='ocrx_word' id='word_1_806' title='bbox 3431 5146 3546 5223; x_wconf 61' lang='lat' dir='ltr'><strong>49g</strong></span> <span class='ocrx_word' id='word_1_807' title='bbox 3681 5146 3726 5217; x_wconf 62' lang='grc' dir='ltr'>δ.</span> 
     </span>
    </p>
   </div>
   <div class='ocr_carea' id='block_1_116' title="bbox 2140 5217 3726 5294">
    <p class='ocr_par' dir='ltr' id='par_1_116' title="bbox 2140 5217 3726 5294">
     <span class='ocr_line' id='line_1_117' title="bbox 2140 5217 3726 5294; baseline -0.004 -16"><span class='ocrx_word' id='word_1_808' title='bbox 2140 5222 2261 5294; x_wconf 71' lang='grc'><strong>55).</strong></span> <span class='ocrx_word' id='word_1_809' title='bbox 2296 5224 2362 5279; x_wconf 81' lang='grc' dir='ltr'><strong>Εἰ</strong></span> <span class='ocrx_word' id='word_1_810' title='bbox 2390 5223 2435 5294; x_wconf 81' lang='grc' dir='ltr'>δ’</span> <span class='ocrx_word' id='word_1_811' title='bbox 2469 5217 2773 5294; x_wconf 69' lang='grc' dir='ltr'>ἆναγκαῖον</span> <span class='ocrx_word' id='word_1_812' title='bbox 2796 5221 2902 5294; x_wconf 77' lang='grc' dir='ltr'>εἴη,</span> <span class='ocrx_word' id='word_1_813' title='bbox 2922 5220 3112 5294; x_wconf 71' lang='lat' dir='ltr'><strong>inquit</strong></span> <span class='ocrx_word' id='word_1_814' title='bbox 3125 5217 3396 5294; x_wconf 61' lang='lat' dir='ltr'><strong>Socrates</strong></span> <span class='ocrx_word' id='word_1_815' title='bbox 3420 5217 3490 5294; x_wconf 75' lang='lat' dir='ltr'><strong>ad</strong></span> <span class='ocrx_word' id='word_1_816' title='bbox 3511 5217 3726 5294; x_wconf 69' lang='lat' dir='ltr'><strong>Polum,</strong></span> 
     </span>
    </p>
   </div>
   <div class='ocr_carea' id='block_1_117' title="bbox 2139 5285 3729 5363">
    <p class='ocr_par' dir='ltr' id='par_1_117' title="bbox 2139 5285 3729 5363">
     <span class='ocr_line' id='line_1_118' title="bbox 2139 5285 3729 5363; baseline -0.004 -17"><span class='ocrx_word' id='word_1_817' title='bbox 2139 5285 2347 5347; x_wconf 70' lang='grc' dir='ltr'>ἀδικεῖν</span> <span class='ocrx_word' id='word_1_818' title='bbox 2383 5293 2416 5363; x_wconf 83' lang='grc' dir='ltr'><strong>ἢ</strong></span> <span class='ocrx_word' id='word_1_819' title='bbox 2451 5285 2782 5356; x_wconf 83' lang='grc' dir='ltr'>ἀδικεῖσθαι,</span> <span class='ocrx_word' id='word_1_820' title='bbox 2820 5285 3059 5363; x_wconf 63' lang='grc' dir='ltr'>ἑλοίμην</span> <span class='ocrx_word' id='word_1_821' title='bbox 3086 5288 3155 5343; x_wconf 84' lang='grc' dir='ltr'>ἂν</span> <span class='ocrx_word' id='word_1_822' title='bbox 3191 5285 3396 5363; x_wconf 70' lang='grc' dir='ltr'>μᾶλλον</span> <span class='ocrx_word' id='word_1_823' title='bbox 3417 5288 3729 5363; x_wconf 78' lang='grc' dir='ltr'>ἀδικεῖσθαι</span> 
     </span>
    </p>
   </div>
   <div class='ocr_carea' id='block_1_118' title="bbox 2139 5358 3730 5486">
    <p class='ocr_par' dir='ltr' id='par_1_118' title="bbox 2139 5358 3730 5486">
     <span class='ocr_line' id='line_1_119' title="bbox 2139 5358 3730 5486; baseline -0.004 -68"><span class='ocrx_word' id='word_1_824' title='bbox 2139 5358 2430 5486; x_wconf 59' lang='grc' dir='ltr'>Ἷὰδικείν.</span> <span class='ocrx_word' id='word_1_825' title='bbox 2463 5365 2797 5418; x_wconf 87' lang='lat' dir='ltr'><strong>Clemencet.</strong></span> <span class='ocrx_word' id='word_1_826' title='bbox 2838 5358 3013 5415; x_wconf 61' lang='lat' dir='ltr'><strong>alium&#39;</strong></span> <span class='ocrx_word' id='word_1_827' title='bbox 3047 5358 3229 5415; x_wconf 86' lang='lat' dir='ltr'><strong>locum</strong></span> <span class='ocrx_word' id='word_1_828' title='bbox 3274 5358 3544 5417; x_wconf 86' lang='lat' dir='ltr'><strong>laudavit.</strong></span> <span class='ocrx_word' id='word_1_829' title='bbox 3583 5367 3642 5412; x_wconf 85' lang='lat' dir='ltr'><strong>at</strong></span> <span class='ocrx_word' id='word_1_830' title='bbox 3683 5360 3730 5411; x_wconf 91' lang='lat' dir='ltr'><strong>is</strong></span> 
     </span>
     <span class='ocr_line' id='line_1_120' title="bbox 2139 5428 3729 5486; baseline -0.003 0"><span class='ocrx_word' id='word_1_831' title='bbox 2139 5434 2152 5486; x_wconf 92' lang='lat' dir='ltr'><strong>i</strong></span> <span class='ocrx_word' id='word_1_832' title='bbox 2181 5436 2228 5486; x_wconf 88' lang='lat' dir='ltr'><strong>Ie</strong></span> <span class='ocrx_word' id='word_1_833' title='bbox 2254 5443 2340 5486; x_wconf 89' lang='lat' dir='ltr'><strong>est</strong></span> <span class='ocrx_word' id='word_1_834' title='bbox 2372 5449 2536 5486; x_wconf 87' lang='lat' dir='ltr'><strong>ouem</strong></span> <span class='ocrx_word' id='word_1_835' title='bbox 2575 5433 2810 5486; x_wconf 90' lang='lat' dir='ltr'><strong>intendit</strong></span> <span class='ocrx_word' id='word_1_836' title='bbox 2848 5431 3170 5486; x_wconf 66' lang='lat' dir='ltr'><strong>Gregorius.</strong></span> <span class='ocrx_word' id='word_1_837' title='bbox 3205 5428 3282 5483; x_wconf 82' lang='lat' dir='ltr'><strong>De</strong></span> <span class='ocrx_word' id='word_1_838' title='bbox 3317 5428 3422 5482; x_wconf 88' lang='lat' dir='ltr'><strong>hac</strong></span> <span class='ocrx_word' id='word_1_839' title='bbox 3462 5430 3729 5486; x_wconf 62' lang='lat' dir='ltr'><strong>umbra</strong></span> 
     </span>
    </p>
   </div>
   <div class='ocr_carea' id='block_1_119' title="bbox 2136 5428 3729 5503">
    <p class='ocr_par' dir='ltr' id='par_1_119' title="bbox 2136 5428 3729 5503">
     <span class='ocr_line' id='line_1_121' title="bbox 2136 5428 3729 5503; baseline -0.004 -16"><span class='ocrx_word' id='word_1_840' title='bbox 2136 5428 2228 5489; x_wconf 90' lang='lat' dir='ltr'><strong>ille</strong></span> <span class='ocrx_word' id='word_1_841' title='bbox 2254 5443 2340 5488; x_wconf 89' lang='lat' dir='ltr'><strong>est</strong></span> <span class='ocrx_word' id='word_1_842' title='bbox 2372 5449 2536 5503; x_wconf 88' lang='lat' dir='ltr'><strong>quem</strong></span> <span class='ocrx_word' id='word_1_843' title='bbox 2575 5433 2810 5487; x_wconf 91' lang='lat' dir='ltr'><strong>intendit</strong></span> <span class='ocrx_word' id='word_1_844' title='bbox 2848 5431 3170 5503; x_wconf 75' lang='lat' dir='ltr'><strong>Gregorius.</strong></span> <span class='ocrx_word' id='word_1_845' title='bbox 3205 5428 3282 5483; x_wconf 84' lang='lat' dir='ltr'><strong>De</strong></span> <span class='ocrx_word' id='word_1_846' title='bbox 3317 5428 3422 5482; x_wconf 88' lang='lat' dir='ltr'><strong>hac</strong></span> <span class='ocrx_word' id='word_1_847' title='bbox 3462 5430 3729 5503; x_wconf 53' lang='lat' dir='ltr'><strong>mura</strong></span> 
     </span>
    </p>
   </div>
   <div class='ocr_carea' id='block_1_120' title="bbox 2134 5498 3272 5575">
    <p class='ocr_par' dir='ltr' id='par_1_120' title="bbox 2134 5498 3272 5575">
     <span class='ocr_line' id='line_1_122' title="bbox 2134 5498 3272 5575; baseline -0.004 -18"><span class='ocrx_word' id='word_1_848' title='bbox 2134 5505 2329 5575; x_wconf 62' lang='lat' dir='ltr'><strong>ethicas</strong></span> <span class='ocrx_word' id='word_1_849' title='bbox 2381 5498 2620 5575; x_wconf 32' lang='lat' dir='ltr'><strong>paganze‘</strong></span> <span class='ocrx_word' id='word_1_850' title='bbox 2657 5498 3099 5575; x_wconf 31' lang='lat' dir='ltr'><strong>sententia‘vvide</strong></span> <span class='ocrx_word' id='word_1_851' title='bbox 3150 5503 3272 5575; x_wconf 85' lang='lat' dir='ltr'><strong>loca</strong></span> 
     </span>
    </p>
   </div>
   <div class='ocr_carea' id='block_1_121' title="bbox 2138 5569 3266 5637">
    <p class='ocr_par' dir='ltr' id='par_1_121' title="bbox 2138 5569 3266 5637">
     <span class='ocr_line' id='line_1_123' title="bbox 2138 5569 3266 5637; baseline -0.002 -11"><span class='ocrx_word' id='word_1_852' title='bbox 2138 5569 2534 5631; x_wconf 24' lang='lat' dir='ltr'><strong>Fischerus‘ad</strong></span> <span class='ocrx_word' id='word_1_853' title='bbox 2579 5571 2887 5637; x_wconf 80' lang='lat' dir='ltr'><strong>Critonem;</strong></span> <span class='ocrx_word' id='word_1_854' title='bbox 2922 5569 3176 5625; x_wconf 87' lang='lat' dir='ltr'><strong>Davisius</strong></span> <span class='ocrx_word' id='word_1_855' title='bbox 3208 5572 3266 5624; x_wconf 78' lang='lat' dir='ltr'><strong>in</strong></span> 
     </span>
    </p>
   </div>
   <div class='ocr_carea' id='block_1_122' title="bbox 2134 5642 2814 5700">
    <p class='ocr_par' dir='ltr' id='par_1_122' title="bbox 2134 5642 2814 5700">
     <span class='ocr_line' id='line_1_124' title="bbox 2134 5642 2814 5700; baseline -0.006 -2"><span class='ocrx_word' id='word_1_856' title='bbox 2134 5642 2369 5700; x_wconf 76' lang='lat' dir='ltr'><strong>Wo&#39;lllns</strong></span> <span class='ocrx_word' id='word_1_857' title='bbox 2401 5645 2469 5699; x_wconf 84' lang='lat' dir='ltr'><strong>ad</strong></span> <span class='ocrx_word' id='word_1_858' title='bbox 2502 5643 2814 5698; x_wconf 84' lang='lat' dir='ltr'><strong>Libanium.</strong></span> 
     </span>
    </p>
   </div>
   <div class='ocr_carea' id='block_1_123' title="bbox 2206 5708 3727 5785">
    <p class='ocr_par' dir='ltr' id='par_1_123' title="bbox 2206 5708 3727 5785">
     <span class='ocr_line' id='line_1_125' title="bbox 2206 5708 3727 5785; baseline -0.005 -16"><span class='ocrx_word' id='word_1_859' title='bbox 2206 5715 2317 5785; x_wconf 86' lang='grc'>(67)</span> <span class='ocrx_word' id='word_1_860' title='bbox 2361 5714 2421 5770; x_wconf 86' lang='lat' dir='ltr'><strong>In</strong></span> <span class='ocrx_word' id='word_1_861' title='bbox 2456 5715 2541 5770; x_wconf 88' lang='lat' dir='ltr'><strong>his</strong></span> <span class='ocrx_word' id='word_1_862' title='bbox 2586 5729 2710 5783; x_wconf 71' lang='lat' dir='ltr'><strong>qua:</strong></span> <span class='ocrx_word' id='word_1_863' title='bbox 2738 5712 2939 5785; x_wconf 24' lang='lat' dir='ltr'><strong>hichde</strong></span> <span class='ocrx_word' id='word_1_864' title='bbox 2971 5710 3219 5785; x_wconf 46' lang='lat' dir='ltr'><strong>irrorat;</strong></span> <span class='ocrx_word' id='word_1_865' title='bbox 3243 5710 3620 5785; x_wconf 67' lang='grc' dir='ltr'>γεωμετρικῇ</span> <span class='ocrx_word' id='word_1_866' title='bbox 3656 5708 3727 5785; x_wconf 80' lang='lat' dir='ltr'><strong>ait</strong></span> 
     </span>
    </p>
   </div>
   <div class='ocr_carea' id='block_1_124' title="bbox 2133 5780 3724 5856">
    <p class='ocr_par' dir='ltr' id='par_1_124' title="bbox 2133 5780 3724 5856">
     <span class='ocr_line' id='line_1_126' title="bbox 2133 5780 3724 5856; baseline -0.006 -16"><span class='ocrx_word' id='word_1_867' title='bbox 2133 5780 2348 5856; x_wconf 77' lang='lat' dir='ltr'><strong>auctor,</strong></span> <span class='ocrx_word' id='word_1_868' title='bbox 2380 5780 2670 5841; x_wconf 73' lang='lat' dir='ltr'><strong>manifeste</strong></span> <span class='ocrx_word' id='word_1_869' title='bbox 2699 5783 2891 5838; x_wconf 88' lang='lat' dir='ltr'><strong>alludit</strong></span> <span class='ocrx_word' id='word_1_870' title='bbox 2920 5782 2987 5837; x_wconf 86' lang='lat' dir='ltr'><strong>ad</strong></span> <span class='ocrx_word' id='word_1_871' title='bbox 3032 5782 3149 5837; x_wconf 68' lang='lat' dir='ltr'><strong>haec</strong></span> <span class='ocrx_word' id='word_1_872' title='bbox 3187 5780 3437 5836; x_wconf 80' lang='lat' dir='ltr'><strong>Socratis</strong></span> <span class='ocrx_word' id='word_1_873' title='bbox 3472 5781 3640 5833; x_wconf 82' lang='lat' dir='ltr'><strong>verba</strong></span> <span class='ocrx_word' id='word_1_874' title='bbox 3673 5781 3724 5831; x_wconf 92' lang='lat' dir='ltr'><strong>iu</strong></span> 
     </span>
    </p>
   </div>
   <div class='ocr_carea' id='block_1_125' title="bbox 3356 5500 3728 5555">
    <p class='ocr_par' dir='ltr' id='par_1_125' title="bbox 3356 5500 3728 5555">
     <span class='ocr_line' id='line_1_127' title="bbox 3356 5500 3728 5555; baseline -0.008 -2"><span class='ocrx_word' id='word_1_875' title='bbox 3356 5514 3438 5553; x_wconf 75' lang='lat' dir='ltr'><strong>ua:</strong></span> <span class='ocrx_word' id='word_1_876' title='bbox 3482 5500 3728 5555; x_wconf 85' lang='lat' dir='ltr'><strong>indicant</strong></span> 
     </span>
    </p>
   </div>
   <div class='ocr_carea' id='block_1_126' title="bbox 3347 5568 3727 5628">
    <p class='ocr_par' dir='ltr' id='par_1_126' title="bbox 3347 5568 3727 5628">
     <span class='ocr_line' id='line_1_128' title="bbox 3347 5568 3727 5628; baseline -0.003 -6"><span class='ocrx_word' id='word_1_877' title='bbox 3347 5568 3648 5628; x_wconf 71' lang='lat' dir='ltr'><strong>usculanas</strong></span> <span class='ocrx_word' id='word_1_878' title='bbox 3676 5576 3727 5624; x_wconf 90' lang='lat' dir='ltr'><strong>et</strong></span> 
     </span>
    </p>
   </div>
  </div>
