3856 6220
379 243 520 299 "05

1752 235 1997 296 BASILII
2038 231 2260 294 MINIMI

3521 223 3664 280 ιιδι

375 375 528 419 ctum
561 359 768 417 faciens
787 361 1015 433 quinam
1036 364 1113 419 illi
1132 370 1319 421 essent
1333 379 1474 435 quos
1494 362 1758 425 coluerat,
1773 361 1910 417 nihil
1938 374 1959 413 a

2117 354 2262 425 ιφῶς
2309 353 2400 408 διὰ
2429 353 2538 407 τῶν
2569 350 2865 424 ὀφθαλμῶν
2902 349 2999 416 οὓς
3035 348 3333 420 ἐθεράπευε
3369 345 3534 419 μηδὲν
3555 342 3669 398 δια-

378 454 711 510 latrantihus
732 452 1072 513 dill'erentes.

459 546 628 617 Atque
656 548 711 601 in
738 546 1007 617 impietate
1028 549 1302 604 excellenti
1340 550 1474 611 uiro,
1510 546 1766 618 quiddam
1812 544 1963 599 uidit.

389 636 447 692 In
483 638 720 707 quodam
760 640 1260 710 manuscriptorum
1291 639 1425 693 ῐδετε
1456 638 1654 709 legitur
1694 650 1795 708 pro
1833 630 1966 698 εἶδε,

374 729 522 799 quod
548 728 931 799 exprobrantis
950 733 1231 802 proprium
1259 740 1343 788 est
1360 731 1695 802 nequitiam:
1723 728 1813 783 hic
1841 742 1972 782 vero

375 821 571 876 melius
609 815 716 873 εἶδε
754 832 881 873 cum
924 829 1018 874 aut
1055 832 1192 875 certe
1223 826 1436 878 edoctus
1468 834 1580 887 est;
1627 821 1679 876 id
1712 828 1849 876 esta
1879 835 1969 875 se-

375 912 498 983 ipso
516 911 672 976 vidit,
707 927 817 967 non
848 925 1029 968 autem
1056 914 1125 967 ab
1161 915 1230 969 iis
1252 913 1344 984 qui
1366 911 1435 966 ad
1465 911 1802 982 impietatem
1840 926 1967 967 eum

376 1002 734 1071 alliciebant,
774 1005 1000 1062 edoctus
1031 1016 1136 1062 est.
1171 1005 1422 1063 Invenies
1462 1011 1644 1058 autem
1670 1003 1813 1057 hanc
1833 1019 1971 1073 quo-

375 1110 483 1165 que
510 1095 800 1151 lectionem
834 1096 891 1150 in
921 1108 1177 1151 sermone
1198 1095 1263 1148 de
1291 1092 1501 1149 Herone
1528 1093 1860 1163 philosopho.

452 1271 519 1326 Ut
564 1272 779 1326 callidis
828 1272 1067 1326 consiliis
1123 1273 1400 1327 veritatem
1445 1270 1711 1325 obrueret.
1763 1269 1967 1341 Sophi-

377 1377 405 1416 s
429 1372 574 1427 nata,
608 1363 699 1432 qui
731 1364 926 1416 harum
949 1377 1133 1415 rerum
1170 1362 1457 1417 scientiam
1492 1362 1713 1425 callent,
1743 1360 1970 1415 menda-

376 1456 457 1508 cia
512 1469 576 1509 ea
635 1464 852 1518 vocant,
888 1470 1011 1526 qua:
1057 1453 1318 1525 adjuncta
1362 1454 1710 1524 probatione.
1753 1454 1969 1508 animos

375 1546 678 1615 decipiunt,
715 1561 920 1616 eosque
960 1547 1051 1616 qui
1095 1544 1180 1599 his
1207 1552 1441 1599 utuntur
1475 1542 1814 1614 σοφίζεσθαι,
1865 1543 1969 1599 hoc

373 1649 458 1694 est
484 1638 634 1693 val're
659 1646 712 1693 et
731 1638 959 1694 subdole
983 1638 1301 1693 ratiocinari
1322 1638 1536 1692 dicunt.

2076 447 2352 519 φερόντων
2380 446 2491 500 τῶν
2525 445 2923 499 ὑλακτούντων.

2143 539 2282 595 Ibid.
2321 538 2364 594 C
2391 538 2451 593 2.
2480 532 2621 593 Εἷδέ
2668 555 2726 591 τι
2775 535 2999 606 ἀνδρὸς
3032 532 3232 605 σοφοῦ
3270 530 3387 600 τὴν
3420 530 3665 584 κακίαν.

2076 633 2174 686 Ἐν
2197 648 2304 685 τινι
2348 630 2458 684 τῶν
2487 628 2837 701 ἀντιγράφων
2861 626 3017 682 [dare
3037 625 3160 699 [ηις.
3188 623 3293 678 575
3319 614 3531 692 εἴδετε]
3545 617 3674 672 ἀντὶ

2072 723 2168 777 τοῦ
2192 719 2315 778 εἶδε
2336 722 2582 793 φέρεται,
2606 722 2745 794 ὅπερ
2765 717 3169 791 στηλιτεύοντός
3194 718 3314 770 ἐστι
3342 713 3441 783 τὴν
3465 708 3672 764 κακίαν

2074 814 2206 868 ίδιον
2230 832 2244 844 ·
2276 810 2510 867 ἐνταῦθα
2538 813 2595 867 δὲ
2624 812 2847 885 ἄμεινον
2876 810 2939 864 τὸ
2970 802 3116 869 εἶδε,
3148 805 3286 877 πρὸς
3318 802 3382 856 τὸ
3418 803 3522 856 εἶτ’
3553 795 3675 855 οὖν·

2071 905 2382 978 ἐδιδάχθη,
2404 905 2684 960 τουτέστιν
2699 905 2790 973 ἀφ’
2815 900 3009 957 ἐαυτοῦ
3038 897 3265 960 συνεῖδε,
3295 895 3410 951 ἀλλ’
3432 893 3495 948 οὐ
3516 890 3678 963 παρὰ

2070 995 2180 1050 τῶν
2209 998 2290 1061 εις
2319 997 2416 1068 τὴν
2457 996 2715 1052 ἀσέϐειαν
2738 994 3071 1063 ἀλειφοντων
3108 988 3221 1060 (85)
3260 985 3532 1058 ἐδιδάχθη.
3563 983 3676 1038 ss-
3758 978 3769 993 ·

2073 1090 2262 1159 ρήσεις
2281 1086 2344 1141 δὲ
2367 1088 2466 1160 τὴν
2500 1085 2640 1152 λέξιν
2673 1088 2770 1141 κιιὶ⁵
2792 1088 2851 1140 ἐν
2875 1083 2953 1155 τῷ
2980 1085 3068 1149 εις
3097 1081 3327 1149 Ἥρωνα
3348 1078 3456 1132 τὸν
3495 1076 3678 1146 φιλό-

2070 1194 2270 1250 σοφον
2297 1180 2442 1253 λόγῳ
2479 1181 2616 1252 (86).
3182 1202 3189 1209 -

2141 1269 2262 1326 Col.
2297 1270 2396 1325 58l
2425 1270 2467 1324 B
2501 1271 2556 1326 5.
2590 1269 2701 1326 Kal
2741 1268 3175 1339 συγκαλύψειν
3215 1263 3334 1331 τὴν
3375 1260 3677 1328 ἀλήθειαν

2070 1362 2196 1428 τοῖς
2255 1364 2620 1433 σοφίσμασι.
2680 1363 2997 1433 Σοφίσματα
3033 1360 3083 1413 οἱ
3131 1357 3261 1429 περὶ
3306 1353 3479 1409 ταῦτα
3505 1352 3681 1407 δεινοὶ

2071 1454 2295 1509 καλοῦσι
2337 1455 2544 1526 κυρίως
2591 1455 2659 1508 τὰ
2704 1453 2844 1525 μετὰ
2873 1451 3220 1523 κατασκευῆς
3248 1445 3505 1519 ἀπατηλὰ
3536 1444 3680 1515 ψεύ-

2072 1563 2272 1618 σματα,
2305 1547 2400 1601 καὶ
2427 1547 2556 1611 τοὺς
2598 1546 2915 1619 χρωμένους
2946 1542 3182 1609 τούτοις,
3212 1538 3565 1611 σοφίζεσθαι
3591 1538 3681 1591 λέ-

2069 1654 2247 1706 γουσι.

449 1728 582 1784 Ηανε
607 1730 751 1799 apud
773 1730 899 1785 illas
921 1730 1138 1784 lusitent
1174 1729 1535 1797 Empedocles.
1560 1728 1670 1783 Iste
1699 1729 1847 1783 inani
1879 1729 1959 1798 ja-

2140 1731 2277 1787 lhid.
2310 1730 2366 1787 9.
2411 1730 2604 1785 Ταῦτα
2653 1728 3025 1791 παιζέτωσαν
3063 1727 3201 1795 παρ’
3240 1724 3501 1789 ἐκείνοις
3538 1722 3686 1792 Ἐμ-

374 1822 579 1877 ctantia
616 1830 835 1877 tumens
867 1822 1248 1893 philosophus,
1281 1821 1373 1891 qui
1407 1821 1617 1875 utdeus
1652 1820 1965 1876 haberetur.

376 1929 501 1967 cum
533 1913 775 1983 scipsum
825 1913 877 1968 in
908 1913 1077 1968 Siculi
1105 1915 1335 1968 eratet-is
1364 1914 1517 1984 ignes
1549 1912 1867 1982 dejccisset,
1902 1929 1968 1967 ex

382 2008 561 2062 oculis
591 2008 834 2070 evanuit,
866 2007 1093 2077 soloque
1130 2007 1336 2069 calci-0,
1368 2022 1527 2077 quem
1564 2006 1715 2076 ignes
1762 2005 1968 2076 rejece-

389 2109 534 2162 rant,
566 2099 747 2153 inanis
774 2098 898 2168 ejus
925 2099 1163 2153 amentia
1203 2096 1418 2169 prodita
1462 2104 1569 2152 est.
1618 2095 1681 2149 Hi
1724 2112 1875 2160 vero,
1909 2097 1965 2152 in

397 2189 677 2246 nonnullis
721 2192 897 2246 antris
958 2206 1081 2243 cum
1145 2190 1296 2244 varia
1358 2197 1537 2244 mente
1596 2188 1965 2255 delituissent,

391 2298 582 2339 eorum
613 2284 848 2339 amentia
880 2284 1111 2354 prodita,
1152 2282 1354 2353 probro
1392 2288 1446 2336 et
1473 2281 1805 2336 contumelia
1842 2297 1967 2352 per-

389 2376 497 2431 lusi
528 2381 680 2432 sunt.

447 2466 711 2521 Honorem
754 2482 787 2519 a
837 2464 966 2527 Deo,
1009 2466 1115 2519 imo
1162 2463 1443 2520 sublimius
1484 2482 1781 2537 assurgere.
1820 2464 1965 2531 Quid

380 2558 610 2623 honore,
650 2558 741 2629 qui
776 2558 924 2611 venit
969 2574 998 2610 a
1047 2559 1184 2621 Deo,
1237 2557 1744 2623 sublimius?Quid
1797 2556 1966 2626 igitur

377 2653 452 2705 ait
478 2650 505 2704 τ
531 2648 668 2705 Tres
700 2650 907 2705 classes
932 2649 1178 2718 assignat
1214 2663 1406 2703 eorum
1449 2650 1543 2719 qui
1594 2649 1757 2705 laude
1798 2650 1963 2720 digna

375 2739 611 2807 faciunt,
632 2743 714 2797 vel
739 2750 961 2813 propter
977 2741 1236 2794 honorem
1265 2756 1427 2810 quem
1448 2756 1476 2795 a
1494 2739 1601 2796 Deo
1615 2757 1965 2813 consequun-

376 2847 495 2900 tur,
542 2834 626 2890 vel
692 2835 871 2905 ipsum
917 2833 1118 2888 bonum
1187 2834 1624 2903 honestumque,
1676 2851 1784 2889 non
1835 2851 1967 2889 vero

379 2935 598 2998 propter
647 2926 884 2980 honores
926 2934 1088 2994 atque
1130 2925 1661 2979 remunerationem:
1696 2940 1817 2995 qua:
1843 2925 1967 2997 qui-

376 3018 499 3071 dem
554 3015 729 3087 prima
771 3015 1049 3084 jnstorum
1100 3013 1298 3067 classis
1345 3020 1471 3069 est:
1519 3014 1794 3081 secunda,
1846 3031 1967 3083 quze

2068 1823 2403 1891 πεδοκλεῖς.
2436 1820 2606 1889 (thro;
2629 1822 2846 1889 ἀλαζὼν
2876 1822 3189 1893 φιλόσοφος,
3212 1819 3293 1884 ὃς,
3320 1818 3411 1871 ἵνα
3429 1814 3558 1879 θεδς
3586 1830 3683 1867 νο-

2072 1919 2260 1990 μισθῇ,
2301 1921 2414 1983 τοῖς
2443 1918 2745 1981 Σικελικοῖς
2785 1916 3059 1988 κρατῆρσι
3110 1913 3204 1968 τοῦ
3252 1910 3422 1984 πυρὸς
3476 1906 3686 1962 ἐαυτὸν

2067 2011 2322 2080 ἐπαφεὶς,
2374 2011 2690 2080 ἠφάνισται,
2720 2010 2867 2081 μόνῳ
2906 2009 2966 2063 δέ
3014 2006 3093 2078 τῷ
3136 2006 3382 2075 σανδάλῳ
3425 2000 3682 2072 ἀναϐρα-

2070 2100 2271 2166 σθέντι,
2304 2101 2409 2166 ἔξω
2436 2102 2776 2175 ἐρριμμένῳ,
2819 2097 3197 2169 κατεμηνύθη,
3223 2100 3322 2169 τὴν
3349 2092 3686 2158 ἀλαζονείαν

2068 2191 2233 2246 αὑτοῦ
2263 2193 2653 2264 στηλιτεύοντι.
2685 2194 2750 2247 Ol
2789 2192 2846 2247 δὲ
2893 2192 3109 2255 ἀδύτοις
3132 2192 3244 2244 τισὶ
3280 2189 3374 2243 καὶ
3401 2186 3684 2250 ἐπινοίαις

2068 2284 2520 2356 κατακρύψαντες
2566 2286 2793 2350 ἑαυτοὺς
2842 2285 3134 2347 ποικίλαις,
3189 2283 3294 2336 ὑπὸ
3341 2281 3439 2352 τῆς
3497 2279 3683 2349 αὐτῆς

2067 2375 2376 2443 κενοδοξίας
2407 2375 2754 2449 ἠλέγχθησάν
2785 2378 2881 2431 καί⁵
2907 2375 3360 2449 καθυϐρίσθησαν

2140 2467 2277 2523 Ibid.
2330 2468 2371 2522 C
2411 2468 2497 2522 12.
2535 2468 2652 2539 Τῆς
2706 2469 2867 2536 παρὰ
2894 2468 3047 2523 Θεοῦ
3091 2466 3289 2537 τιμῆς,
3324 2464 3574 2537 μᾶλλον
3608 2463 3687 2519 δὲ

2069 2559 2168 2613 καὶ
2190 2560 2314 2616 ὑπὸ
2337 2560 2448 2631 (87)
2480 2562 2731 2628 ταύτην.
2764 2561 2875 2632 Τῆς
2896 2560 2955 2614 δὲ
2977 2560 3131 2633 παρὰ
3165 2557 3302 2613 Θεοῦ
3334 2561 3502 2629 τιμῆς
3519 2558 3581 2609 τί
3610 2558 3685 2611 ἂν

2069 2650 2372 2721 ὑπέρτερον
2390 2652 2476 2722 εἴη
2504 2652 2604 2716 ;Τί
2640 2646 2733 2705 οῦν
2765 2667 2932 2722 φησι;
2976 2651 3138 2721 Τρεῖς
3161 2649 3342 2715 τάξεις
3368 2646 3688 2719 παραδίδω-

2069 2759 2174 2807 σιν,
2210 2734 2284 2796 ὧν
2332 2743 2495 2798 ἕνεκά
2523 2761 2607 2808 τις
2635 2744 2742 2798 τῶν
2799 2741 3102 2797 ἐπαινετῶν
3148 2740 3218 2795 τά
3266 2742 3404 2813 ἔργα
3438 2745 3611 2805 ποιεῖ,
3644 2742 3685 2813 ἢ

2067 2835 2167 2906 τῆς
2197 2835 2348 2906 παρὰ
2377 2836 2513 2890 Θεοῦ
2540 2836 2708 2908 τιμῆς
2729 2836 2911 2907 χάριν,
2941 2834 3064 2907 ear
3090 2834 3223 2888 αὐτὸ
3256 2835 3316 2888 τὸ
3343 2834 3525 2897 καλὸν,
3552 2834 3687 2888 ά)λ’

2067 2928 2129 2980 οὗ
2159 2927 2246 2981 διὰ
2296 2929 2397 2998 τὴν
2452 2928 2591 2999 ὑπὲρ
2644 2929 2810 2982 αὑτοῦ
2846 2928 3012 2998 τιμήν
3041 2944 3101 2980 τε
3150 2928 3247 2980 καὶ
3287 2925 3683 2989 ἀνταπόδοσιν.

2068 3018 2190 3089 ἥτις
2219 3018 2313 3072 καὶ
2351 3018 2545 3091 πρώτη
2576 3018 2729 3085 τάξις
2766 3017 2875 3071 τῶν
2909 3016 3211 3071 ἐπαινετῶν
3249 3016 3397 3070 ἐστι·
3440 3014 3687 3088 δευτέρα

376 3106 530 3175 prius
550 3105 695 3160 dicta
714 3114 819 3167 est,
848 3113 1066 3174 propter
1091 3101 1357 3157 honorem
1387 3108 1528 3173 apud
1564 3102 1756 3171 Deum;
1788 3106 1959 3169 tertia,

2117 3109 2301 3177 i(cod.
2340 3121 2407 3181 p.‘
2434 3109 2582 3181 267),
2637 3113 2671 3182 ἡ
2713 3110 2979 3181 εἰρημένη
3026 3109 3311 3181 πρότερον,
3357 3107 3461 3179 τῆς
3502 3108 3688 3179 τιμῆς

375 3198 470 3268 qui
522 3212 697 3267 poma:
752 3205 926 3260 metu,
963 3210 993 3248 a
1021 3196 1229 3250 scelere
1285 3203 1342 3249 et
1377 3195 1654 3250 maleficio
1698 3195 1975 3251 deterren-

378 3300 490 3357 tur,
517 3289 855 3358 houestaque
901 3295 955 3342 et
994 3286 1287 3340 laudabilia
1326 3284 1556 3341 faciunt.

445 3403 696 3456 Proteum
715 3401 853 3456 enim
885 3399 1091 3454 omitto.
1120 3398 1275 3453 Hunc
1303 3398 1499 3455 fabula:
1520 3399 1711 3455 dicunt
1736 3401 1972 3471 quamliq

374 3496 467 3551 bet
484 3495 714 3548 formam
744 3507 1026 3548 assumere
1056 3507 1235 3562 posse.
1260 3492 1433 3558 Quem
1470 3507 1500 3546 a
1526 3490 1773 3547 Menelao
1825 3509 1969 3564 aegre

375 3589 654 3644 devictum
686 3585 958 3641 Homerus
987 3593 1197 3639 narrat.

376 3763 482 3831 Qui
509 3761 718 3833 quidem
752 3762 980 3829 primum
1016 3761 1096 3816 leo
1130 3762 1304 3830 factus
1338 3770 1414 3833 est
1449 3762 1888 3832 promissajuba,

373 3840 449 3888 .lc
471 3832 659 3888 deinde
677 3832 863 3896 draco,
886 3842 934 3886 et
966 3833 1247 3901 panthera,
1283 3841 1334 3885 et
1372 3832 1557 3902 ingens
1580 3849 1691 3887 sus.

375 3988 653 4042 Promissa
693 3986 856 4040 leonis
894 3984 1034 4053 juba
1102 3996 1332 4040 ornatus
1390 3984 1738 4057 symbolum,
1798 3985 1964 4039 draco

370 4077 693 4148 voluptatis,
721 4076 882 4130 tertia
913 4074 1150 4130 feritatis
1178 4083 1232 4131 et
1266 4076 1588 4140 iracundiae,
1622 4083 1820 4145 quarta
1859 4076 1963 4130 im-

371 4171 589 4224 mundae
619 4168 1004 4237 protervitatis.

438 4259 733 4314 Acerbitati
761 4258 1168 4326 crudelitatique
1193 4260 1608 4311 excusationem.
1648 4254 1834 4314 Vitleri
1864 4259 1964 4313 hu-

371 4366 616 4418 manum,
655 4367 921 4421 perquam
953 4349 1316 4404 inhumanum
1345 4360 1466 4404 erat
1490 4351 1587 4404 illi.
1622 4349 1963 4406 Persuadere

2072 3198 2169 3253 τοῦ
2194 3199 2329 3254 Θεοῦ
2359 3201 2543 3256 ἕνεκα·
2566 3201 2725 3272 τρίτη
2746 3201 2825 3266 δὲ,
2859 3202 2895 3273 ἡ
2919 3199 3008 3254 διὰ
3037 3200 3206 3268 φόϐον
3239 3198 3515 3261 κολάσεως
3542 3198 3686 3267 φεύ-

2072 3309 2244 3362 γουσα
2269 3291 2368 3363 τὴν
2398 3292 2700 3364 μοχθηρίαν
2722 3292 2817 3345 καὶ
2853 3291 3169 3363 πράττουσα
3193 3290 3261 3344 τά
3279 3288 3564 3343 ἐπαινετά.

2142 3385 2255 3440 Col.
2295 3386 2402 3442 585
2434 3387 2475 3438 A
2506 3386 2560 3440 5.
2593 3386 2706 3440 Τὸν
2739 3385 2850 3456 γὰρ
2883 3384 3123 3455 Πρωτέα
3150 3384 3430 3451 παρίημι.
3467 3381 3684 3437 Τοῦτόν

2071 3495 2235 3546 φασιν
2271 3481 2322 3533 οί
2377 3480 2534 3550 μῦθοι
2592 3477 3027 3551 μεταϐάλλεσθαι
3060 3480 3142 3541 εἰς
3196 3478 3336 3549 ὅπερ
3386 3475 3455 3528 ἂν
3508 3475 3680 3529 ἐϐου-

2068 3569 2227 3642 λήθη.
2266 3571 2513 3642 Ὅμηρος
2545 3571 2652 3624 ὑπὸ
2695 3570 2789 3625 τοῦ
2827 3569 3104 3624 Μενελάου
3130 3566 3475 3639 κρατηθέντα
3503 3568 3683 3622 ἀκου-

2071 3662 2200 3726 σίως
2225 3662 2359 3734 φησί
2383 3662 2605 3734 (Odyss.
2637 3680 2712 3727 ιν,
2755 3661 2902 3729 456).
2986 3658 2989 3659 ν

2071 3758 2230 3809 Ἤτοι
2256 3755 2372 3826 μὲν
2402 3754 2706 3823 πρώτιστα
2726 3756 2884 3809 λέων
2913 3752 3456 3826 τένᾳίήὔγένεξρς.

2066 3822 2269 3896 Αῠτὰρ
2290 3822 2495 3880 ἔπειτα
2535 3826 2794 3896 δράκων,
2831 3822 2931 3880 καί
2966 3822 3282 3892 πάρδαλις,
3324 3822 3439 3965 ἡδιῖ
3479 3822 3682 3903 ιίέπις

3446 3910 3595 3960 cve.

3446 3910 3595 3960 συς.

2066 3988 2178 4041 Καὶ
2207 3988 2271 4042 τὸ
2300 3989 2399 4059 μὲν
2424 3988 2732 4059 ἠϋγένειος
2766 3988 3035 4059 σύμϐολον
3078 3983 3491 4057 καλλωπισμοῦ,
3519 3986 3589 4039 τὸ
3612 3987 3679 4041 δὲ

2064 4081 2302 4149 δράκων
2318 4082 2533 4153 ἡδονῆς,
2556 4084 2615 4138 τὸ
2637 4084 2695 4136 δέ
2716 4084 2898 4154 τρίτον
2919 4082 3018 4154 τῆς
3048 4082 3186 4153 μετὰ
3209 4079 3382 4153 θυμοῦ
3404 4080 3683 4151 ἀγριότη-

2065 4187 2177 4236 τος,
2194 4170 2255 4225 τὸ
2274 4171 2331 4225 δὲ
2345 4172 2605 4243 τέταρτον
2627 4173 2727 4243 τῆς
2746 4175 2887 4243 μετὰ
2927 4168 3267 4242 ἀκαθαρσίας
3301 4170 3676 4242 θρασύτητος.

2136 4264 2273 4318 Ibid.
2302 4264 2357 4318 9.
2380 4263 2492 4317 Kal
2512 4264 2813 4333 ἀπολογία
2841 4261 2952 4331 τῆς
2972 4262 3326 4332 ἁπριότητος
3348 4263 3386 4329 ἡ
3406 4263 3681 4331 χρηστό-

2064 4372 2194 4422 της.
2238 4355 2312 4408 Τὸ
2356 4354 2536 4408 δοκεῖν
2566 4353 2973 4427 φιλάνθρωπον,
3030 4353 3152 4407 λίαν
3196 4352 3569 4425 ἀπάνθρωπον
3602 4350 3683 4425 ἦν

370 4443 516 4498 enim
562 4458 816 4512 quaerens
852 4452 908 4497 et
943 4442 1245 4496 blanditias
1306 4441 1595 4508 adhibens,
1647 4456 1713 4496 ac
1758 4443 1958 4497 deinde

2117 4445 2213 4517 ὣτῷ
2247 4445 2372 4518 [ιιιε.
2418 4445 2524 4501 575
2565 4443 2759 4517 αὑτοῦ]
2788 4463 2801 4476 -
2834 4444 3045 4499 πείθειν
3087 4446 3195 4516 γὰρ
3251 4445 3552 4516 ἐπιχειρῶν
3573 4447 3680 4498 καὶ

373 4536 508 4589 nihil
558 4527 884 4604 proﬁciens,
939 4535 1477 4605 s:rviebat,eratquo
1525 4534 1576 4589 ei
1617 4534 1962 4590 crudelitatis

370 4626 655 4681 excusatio
683 4626 1017 4695 benignitas,
1049 4633 1109 4679 ut
1132 4641 1245 4679 non
1277 4624 1397 4681 sine
1433 4640 1600 4680 causa
1638 4624 1747 4679 vim
1767 4625 1963 4681 alferre

375 4720 669 4781 videretur,
694 4719 1027 4788 contemptis
1057 4717 1180 4787 ejus
1204 4718 1486 4773 blanditiis
1510 4732 1576 4772 ac
1608 4716 1736 4771 licta
1793 4718 1953 4772 beni-

378 4814 606 4880 gnitate.

441 4900 565 4955 Non
594 4910 704 4955 tam
737 4900 863 4969 quia
887 4897 1130 4952 benevolo
1158 4913 1282 4968 erga
1305 4914 1559 4968 maguum
1579 4899 1952 4968 imperatorem

368 4993 548 5045 atumo
572 4991 809 5057 fuerant.
845 4989 961 5045 Sub
998 4989 1189 5060 specie
1217 4988 1366 5058 quod
1385 5004 1516 5060 erga
1549 5004 1807 5060 magnum
1850 4991 1954 5044 im-

367 5091 677 5154 peratorem
701 5083 951 5140 benevoli
977 5089 1156 5146 erant,
1186 5097 1254 5136 ex
1279 5082 1402 5137 aula
1438 5082 1785 5138 Christianos
1815 5083 1952 5138 sub-

437 5262 843 5332 l85hCoislirIu
872 5262 1051 5328 άλειφ.
1086 5261 1379 5333 δαιμόνων,
1407 5262 1557 5332 quod
1598 5278 1707 5316 non
1742 5263 1955 5333 probo;

366 5332 456 5386 hic
485 5332 653 5403 enim,
692 5343 752 5388 ut
781 5343 932 5403 puto.
970 5349 1079 5387 non
1107 5332 1402 5397 daemones,
1447 5334 1543 5389 sed
1580 5332 1841 5402 sophiSta:
1871 5333 1958 5387 in-

369 5401 663 5474 telligendi,
729 5401 819 5471 qui
851 5401 1131 5474 lulianum
1167 5404 1232 5457 ad
1276 5406 1550 5474 propriam
1619 5401 1952 5473 impietatem

367 5472 587 5545 allicere
610 5476 973 5530 conabantur.
1001 5472 1242 5545 Hujusce
1270 5472 1592 5545 paragraphi
1618 5472 1772 5545 initio
1802 5473 1955 5545 Basi-

370 5545 474 5597 lius
501 5542 748 5609 Greaorii
780 5553 986 5599 textum
1015 5547 1096 5600 sic
1129 5542 1286 5613 legit,
1310 5542 1422 5599 εῐδέ
1450 5542 1511 5598 το
1524 5544 1726 5616 ρινδρὸς
1760 5543 1948 5616 σοφοῦ,

368 5620 513 5683 quon
538 5628 689 5669 certe
731 5623 951 5683 praestat
1012 5610 1231 5669 lectioni
1281 5616 1461 5680 cuiue,
1495 5611 1602 5668 εἶδέ
1635 5610 1949 5669 autem

2060 4538 2345 4601 θωπεύων,
2368 4533 2490 4592 εἶτα
2529 4534 2721 4609 [CoisL
2752 4532 2875 4609 εἶτ’]
2924 4537 3341 4606 ἀποτυγχάνων,
3385 4535 3679 4606 ἠγριοῦτο,

2061 4629 2155 4683 και
2184 4624 2253 4700 ἦν
2284 4629 2437 4700 αὐτῷ
2470 4628 2739 4698 ἀπολογία
2761 4629 2864 4699 τῆς
2915 4629 3243 4700 ἀγριότητος
3274 4629 3308 4698 ἡ
3336 4629 3675 4700 χρηστότηςο

2060 4717 2135 4779 ὡς
2180 4715 2406 4783 εἰκότως
2433 4716 2617 4789 δοκοίη
2672 4715 2981 4787 βιάζεσθαι,
3034 4716 3472 4789 ὑπερορωμένης
3502 4717 3679 4772 αὑτοῦ

2061 4808 2162 4879 τῆς
2187 4806 2451 4872 θωπείας,
2486 4810 2585 4880 τῆς
2617 4808 2780 4879 δῆθεν
2809 4808 3199 4881 χρηστότητος.

2134 4898 2271 4956 Ibid.
2301 4901 2345 4955 υ
2375 4900 2430 4955 2.
2494 4903 2619 4972 Οὐχ
2653 4902 2736 4967 ὡς
2771 4903 2992 4967 εὔνους
3017 4899 3096 4965 τῷ
3118 4901 3365 4972 μεγάλῳ
3391 4900 3673 4966 βασιλεῖ.

2065 4992 2368 5062 Πρόφασιν,
2393 4992 2467 5056 ὡς
2488 4992 2676 5055 εὔνους
2694 4992 2777 5065 τῷ
2803 4993 3026 5066 μεγάλῳ
3047 4992 3257 5063 βασιλεῖ
3275 4995 3674 5066 Κωνσταντίῳ,

2061 5084 2170 5137 τῶν
2199 5083 2484 5154 βασιλείων
2518 5084 2682 5157 ἐξῆγε
2713 5087 3098 5158 Χριστιανοὺς,
3126 5089 3198 5158 τῇ
3224 5086 3271 5140 δ’
3304 5087 3558 5159 ἀληθείᾳ,
3585 5086 3679 5159 τῷ

2137 5261 2255 5347 εδδ)
2283 5261 2421 5346 Vide
2456 5262 2707 5335 Gregorii
2730 5266 3038 5348 orationem
3075 5267 3131 5348 iit
3158 5265 3411 5321 honorem
3435 5264 3678 5322 Heraeis

2099 5332 2385 5386 Iulosonht.
2430 5331 2636 5386 (Locus
2681 5351 2711 5386 a
2759 5335 2962 5386 Bagilm
3016 5336 3293 5386 indicatus
3330 5339 3379 5386 is
3438 5346 3546 5386 est.
3604 5352 3678 5386 Ill.

2063 5334 2385 5402 philosophi.
2430 5334 2636 5405 (Locus
2681 5351 2711 5389 a
2759 5335 2962 5391 Basilio
3016 5336 3293 5392 indicatus
3330 5339 3379 5393 is
3438 5346 3547 5397 est,
3604 5352 3678 5395 ut

2063 5413 2221 5487 puto,
2253 5401 2361 5487 είδέ
2383 5421 2436 5459 τι
2463 5406 2607 5487 iit-£73.
2635 5405 3010 5487 καὶ-νεανικόν
3033 5407 3161 5478 (col.
3185 5407 3373 5479 H97),
3407 5407 3501 5461 ubi
3522 5422 3671 5465 mss-

2064 5475 2511 5546 quidamlegunt
2547 5475 2623 5529 ίδε
2654 5488 2712 5530 ιιι
2749 5477 2838 5531 hic
2870 5476 3030 5531 ἴδετε.

2134 5544 2248 5619 (87)
2288 5544 2433 5619 Εάῑιὶ
2466 5547 2630 5617 ὑπέρ,
2661 5547 2807 5616 quod
2830 5557 3089 5619 przestat;
3113 5560 3166 5604 et
3193 5565 3258 5604 ex
3293 5547 3384 5604 his
3414 5563 3537 5619 qua!
3567 5546 3675 5600 Ba-

2060 5616 2220 5688 silius
2251 5617 2501 5688 adnotat,
2533 5616 2681 5688 patet
2714 5616 2848 5672 eum
2884 5618 3087 5688 legisse
3119 5619 3296 5682 ὑπέρ·
3338 5616 3445 5672 ὑπό
3476 5629 3676 5675 autem

362 5682 558 5758 ἀνδρὸς
599 5682 747 5758 σοφμ
768 5700 1019 5758 -ex_g_ua
1050 5685 1268 5758 phrasis
1298 5685 1357 5758 lit
1391 5686 1668 5758 impedita.
1707 5685 1948 5758 Legatur
2057 5686 2317 5744 mendose
2340 5682 2604 5744 scrinttim
2633 5687 2699 5745 ab
2724 5682 3073 5745 ainanuénsi.

366 5747 582 5821 saltem,
614 5747 711 5808 εἴτ’
736 5747 829 5808 οὖν
852 5747 961 5809 εἶδέ
987 5747 1126 5809 τιλ-
1151 5754 1255 5809 είτ⁸
1279 5751 1373 5810 οὖν
1404 5747 1675 5828 ἐδίδάχθη.
