3856 6220
256 346 403 402 "05

1179 349 1480 407 SCIIOLIA
1518 349 1586 405 IN
1626 349 1880 409 ORATJ
1913 351 2194 410 CONTRA
2227 352 2596 412 JULIANUM.

3387 353 3404 407 ι
3425 330 3528 411 tot

258 463 467 534 μείζονι
491 461 701 533 βασιλεῖ
720 463 941 536 Χριστῷ
965 482 977 494 ·
1021 463 1224 520 τούτων
1262 465 1356 523 οὖν
1377 471 1503 534 τοὺς
1536 471 1637 542 μὲν
1698 489 1841 543 παρ-

1971 473 2197 540 lucebat,
2230 475 2324 528 scd
2357 474 2536 538 reipsa
2569 466 2716 542 quod
2751 486 2880 543 erga
2919 466 3179 538 majorem
3227 467 3522 535 imperato.

247 557 560 627 ωσάμενος,
585 557 713 621 τοὺς
742 555 868 627 [ηις.
902 557 1006 614 575
1039 558 1159 632 τοῦ]
1185 561 1240 614 δὲ
1261 560 1476 632 θανάτῳ
1505 561 1842 635 προεξάγων,

252 649 410 717 φησι,
440 647 727 719 πρότερον.

328 819 446 874 Col.
480 820 584 875 588
624 822 667 874 A
699 821 784 876 14.
832 821 1024 894 Τολμᾷ
1058 841 1121 878 τε
1149 824 1266 892 ἤδη
1295 826 1409 897 (88)
1436 828 1533 880 καὶ
1565 827 1714 880 κατὰ
1737 826 1841 879 τοῦ

249 909 519 980 μεγάλου
547 912 953 981 συνθήματος.
979 915 1082 968 Τὸν
1117 915 1297 986 τίμιον
1329 917 1560 988 σταυρὸν
1587 916 1756 985 λέγει,
1783 916 1842 980 ὃς

255 1004 638 1075 προπομπεύει
666 1007 759 1060 καὶ
788 1007 1188 1078 προπορεύεται
1231 1009 1326 1060 καὶ
1353 1009 1476 1077 ἄγει
1503 1009 1595 1062 τὸν
1615 1010 1842 1081 στρατὸν

255 1098 338 1160 είς
371 1096 501 1166 ὕψος
525 1097 834 1168 αἰρόμενος,
859 1099 1113 1170 λυτήριον
1137 1101 1400 1171 καμάτων
1433 1102 1715 1176 ὑπάρχων,
1749 1104 1844 1156 καὶ

255 1189 400 1241 κατὰ
437 1188 741 1260 Ῥωμαίους
772 1189 1190 1262 ὀνομαζόμενος.
1230 1194 1412 1246 Ἔοικε
1452 1193 1509 1246 δὲ
1540 1195 1699 1248 τοῦτο
1747 1214 1845 1266 ση-

259 1280 472 1349 μαίνειν
503 1284 534 1352 ἡ
559 1281 801 1338 Λατίνων
830 1284 1003 1354 φωνὴ,
1036 1283 1096 1336 τὸ
1149 1286 1365 1353 σίγννον
1395 1285 1428 1355 ἢ
1455 1285 1765 1358 βάνδον,ἧ
1793 1303 1846 1338 τι

253 1374 442 1443 ἕτερον
475 1373 758 1444 βασιλεῦον
795 1374 903 1429 τῶν
937 1375 1126 1446 [CoisL
1179 1377 1593 1450 βασιλευόντων]
1646 1377 1847 1432 λοιπῶν

256 1465 502 1538 σημείων
529 1464 847 1536 βασιλικῶν,
872 1466 975 1519 ὅσα
995 1465 1123 1538 ἑξῆς
1148 1467 1352 1538 ἀπαριο
1361 1470 1562 1538 μείται.

330 1558 466 1613 Ibid.
499 1558 541 1613 .C
595 1559 644 1612 l.
683 1558 1066 1618 Εὺηθέστατε
1117 1560 1217 1613 καὶ
1262 1560 1650 1614 ἀσεϐέστατε.
1694 1562 1850 1615 Μετὰ

255 1651 560 1722 βαρύτητος
585 1653 723 1720 ἄγαν
755 1652 999 1723 σφοδρῶς
1026 1652 1373 1724 ἀποστρέψας
1392 1652 1540 1720 λέγει
1561 1669 1575 1684 ο
1598 1655 1666 1726 οὐ.
1693 1654 1852 1723 μόνον

257 1742 422 1794 αὐτὸν
467 1741 816 1806 ἀπαίδευτον,
867 1742 1002 1796 ἀλλὰ
1047 1743 1140 1795 καὶ
1201 1743 1383 1813 μωρὶν
1426 1742 1719 1796 ἀποκαλῶν
1747 1743 1854 1794 δεί-

256 1850 438 1890 κνυσι.
469 1833 706 1887 Παλαιὸν
733 1834 788 1886 δὲ
820 1835 913 1888 καὶ
946 1834 1066 1888 νέον
1096 1835 1158 1887 τὸ
1174 1835 1439 1904 κήρυγμα
1472 1829 1612 1897 εἷπε,
1641 1833 1701 1885 τὸ
1732 1833 1852 1903 μὲν,
1888 1819 1927 1874 Β

256 1927 342 1980 ὅτι
374 1928 468 1978 καί⁹
506 1925 614 1997 πρὸ
651 1925 864 1979 αἰώνων
915 1927 1009 1979 καὶ
1049 1925 1155 1997 πρὸ
1197 1925 1500 1996 καταϐολῆς
1531 1925 1738 1995 κόσμου
1763 1919 1852 1995 ἦν,

257 2013 378 2070 εἶτα
402 2017 496 2070 καὶ
527 2017 634 2071 ὑπὸ
666 2016 860 2089 [CoisL
898 2016 1062 2090 ὑπὲρ]
1105 2017 1404 2089 προφητῶν
1425 2019 1738 2087 κεκήρυκτο
1757 2017 1858 2086 τῆς

259 2109 502 2172 Παλαιάς
563 2108 864 2180 Διαθήκης,
901 2109 960 2161 τὸ
992 2109 1070 2176 δὲ,
1101 2110 1184 2162 ὅτι
1243 2109 1335 2162 καὶ
1379 2111 1438 2162 ὲν
1469 2110 1535 2179 τῇ
1571 2107 1857 2178 συντελείᾳ

260 2201 650 2272 πεφανέρωται
701 2199 810 2252 τῶν
839 2199 1074 2264 αἰώνων,
1109 2200 1168 2253 τὸ
1206 2201 1304 2271 μὲν
1352 2202 1466 2263 τοῖς
1514 2200 1718 2268 ὀλίγοις
1737 2201 1857 2263 ταῖς

259 2293 556 2365 προτέραις
590 2295 809 2362 γενεαῖς
838 2294 895 2344 ἐν
929 2291 1321 2363 σκιαγραφίαις
1355 2292 1448 2345 καὶ
1480 2290 1693 2354 τύποις,
1731 2289 1860 2342 πολ-

259 2385 372 2448 λοῖς
391 2384 445 2436 δὲ
464 2387 576 2448 τοῖς
596 2386 653 2439 ὲν
676 2387 740 2456 τῇ
765 2386 944 2457 χάριτι
968 2385 1366 2457 ἐκτυπώτερον.
1385 2384 1458 2437 Τὸ
1477 2383 1552 2446 δὲ,
1570 2384 1666 2448 Ὠς
1690 2382 1860 2449 ὑμεῖς

258 2477 383 2532 τῶν
415 2475 566 2532 θεῶν
594 2475 757 2547 ὑμῶν
783 2494 916 2530 τινα
950 2476 1094 2530 νέον
1120 2475 1212 2531 ἀεὶ
1243 2475 1650 2544 τερατεύεσθε,
1679 2474 1854 2526 αἰνίτ-

259 2569 527 2622 τεταιτὸν
565 2567 898 2632 Ἀπόλλωνα,
960 2569 1083 2621 ἐπεὶ
1119 2569 1214 2622 καὶ
1264 2569 1507 2639 ἀγένειον
1558 2565 1859 2638 ίστοροῦσιν

259 2661 447 2716 αὐτόν.

337 2752 456 2806 Col.
489 2752 592 2808 589
621 2753 667 2806 Δ
695 2753 749 2808 2.
777 2755 882 2808 Ἢν
911 2753 992 2819 ὡς
1019 2750 1163 2818 Θεὸς
1189 2749 1498 2817 ἐποίησεν.
1532 2749 1634 2801 ’Ἦν
1663 2746 1860 2818 κληρο-

262 2847 461 2916 νομίαν
495 2847 590 2899 καὶ
614 2847 836 2914 εποίησε
882 2845 1004 2918 [ιιιδ.
1040 2846 1144 2899 575
1173 2845 1372 2916 κλῆρον
1403 2841 1519 2914 sm]
1564 2842 1658 2895 καὶ
1700 2841 1856 2911 ἐκλη-

265 2939 572 3011 ρονόμησεν
592 2955 604 2966 '
632 2937 708 3001 ὡς
735 2937 866 3001 Θεὸς
895 2937 1172 3008 ἐποίησεν,
1204 2937 1278 2999 ὼς
1320 2934 1608 3004 ἄνθρωπος
1631 2933 1859 3004 ἐκληρο-

263 3031 473 3100 νόμησε
500 3047 514 3061 ο
547 3031 610 3082 σὺ
655 3031 799 3084 κατὰ
847 3031 940 3083 τοῦ
974 3031 1205 3100 αἵματος
1246 3026 1342 3080 τοῦ
1379 3025 1615 3098 Χριστοῦ
1646 3024 1740 3078 τοῦ
1771 3024 1860 3078 τὸν

1944 579 2058 618 rem
2086 564 2367 634 Christum
2411 564 2659 619 benevoli
2697 571 2890 618 erant:
2933 574 3168 632 quorum
3199 558 3362 627 igitur
3387 557 3525 609 alios

1943 656 2162 723 quidem
2197 657 2576 721 submovebat,
2605 655 2744 711 alios
2769 661 2944 710 morte
2975 653 3128 723 prius
3160 647 3523 709 subducebat;

1946 750 2041 801 ait.

2017 841 2318 904 Quinetiam
2373 839 2625 894 adversus
2665 857 2913 910 magnum
2957 836 3096 891 illud
3138 834 3390 890 vexillum
3431 844 3532 882 au-

1942 933 2098 985 dacia
2124 932 2361 1000 θῆαι-ιον.
2396 931 2702 987 Pretiosam
2733 933 2862 986 dicit
2887 945 3131 996 crucem,
3168 941 3290 998 qua:
3318 921 3532 992 magni-

1945 1027 2044 1080 ﬁce
2075 1025 2354 1094 praecedit,
2401 1026 2455 1078 in
2497 1026 2775 1096 altumque
2806 1024 2949 1080 elata
3007 1021 3307 1077 exercitum
3351 1015 3529 1070 ducit.

1944 1133 2314 1171 arnmnarum
2364 1117 2750 1172 solvendarum
2825 1117 2934 1170 vim
2986 1115 3222 1178 habens,
3291 1111 3532 1178 hincque

1947 1211 2089 1280 apud
2120 1208 2401 1265 Romanos
2424 1224 2627 1264 nomen
2649 1210 2892 1264 trahens.
2927 1207 3040 1262 lloc
3071 1217 3250 1261 autem
3286 1202 3533 1258 indicare

1946 1302 2165 1357 videtur
2193 1299 2388 1356 Latina
2410 1317 2516 1356 vox
2548 1303 2758 1371 signum
2795 1301 2880 1356 vel
2907 1297 3163 1363 trandum,
3185 1297 3266 1352 vel
3299 1292 3532 1366 quodvis

1947 1395 2096 1448 aliud
2135 1395 2522 1465 principatum
2573 1397 2628 1450 in
2683 1393 2894 1463 reliqua
2943 1389 3292 1462 imperatoria
3333 1384 3533 1442 vexilla

1951 1495 2163 1552 tenens,
2199 1503 2321 1558 quae
2345 1489 2609 1542 continuo
2635 1495 3050 1542 enumerantur.

2014 1582 2185 1632 Homo
2224 1579 2542 1634 stultissime
2567 1589 2618 1633 et
2647 1578 2976 1645 impiissime.
3021 1573 3124 1628 Per
3163 1568 3532 1641 apostrophen

1953 1687 2079 1723 cum
2106 1670 2447 1726 vehementia
2476 1681 2530 1726 et
2564 1671 2862 1726 acerbitate
2896 1669 3158 1722 invehens
3197 1663 3330 1718 dicit
3362 1679 3379 1727 ;
3423 1674 3533 1713 non

1957 1763 2121 1816 modo
2154 1779 2278 1817 eum
2331 1764 2666 1832 imperitum.
2705 1761 2799 1817 sed
2841 1769 2896 1815 et
2933 1760 3160 1814 stultum
3195 1753 3534 1824 compellans

1955 1855 2217 1910 ostendit.
2274 1853 2528 1911 Veterem
2562 1869 2867 1922 novamque
2907 1849 3344 1922 praedicationem
3371 1842 3533 1904 dixit,

1956 1956 2194 2002 veterem
2235 1947 2364 2018 quia
2409 1957 2536 2001 ante
2593 1946 2792 2000 saecula
2835 1943 3132 2013 mundique
3206 1938 3536 2010 principium

1957 2047 2098 2102 erat,
2128 2040 2212 2094 vel
2247 2055 2275 2092 ο
2305 2038 2520 2094 Veteris
2557 2035 2896 2092 Testamenti
2940 2033 3223 2106 prophetis
3248 2029 3539 2101 praedicata

1955 2139 2072 2198 est;
2095 2146 2290 2186 novam
2323 2146 2472 2196 vero,
2497 2131 2621 2200 quia
2650 2131 2703 2184 in
2728 2128 3051 2185 saculorum
3069 2124 3542 2181 consummatione

1957 2224 2309 2279 manifestata
2340 2232 2467 2287 est;
2503 2231 2765 2289 veterem,
2798 2223 2929 2292 quia
2963 2220 3152 2291 paucis
3182 2227 3236 2272 et
3268 2213 3542 2286 prioribus

1958 2315 2408 2385 generationibus
2434 2314 2759 2369 adumbrata
2789 2321 2844 2368 et
2875 2312 3066 2384 ﬁguris
3092 2322 3374 2377 expressa,
3401 2306 3543 2359 ιιιιιΙ-

1957 2407 2138 2478 tisque
2193 2424 2249 2461 ιιι
2288 2407 2460 2478 gratia
2492 2407 2737 2477 apertius
2796 2405 3095 2460 declarata.
3134 2401 3247 2456 lloc
3285 2415 3436 2461 vero,
3473 2395 3545 2451 Ut

1959 2515 2048 2554 vos
2079 2504 2298 2553 deorum
2321 2499 2600 2570 quemdam
2629 2505 2929 2569 portentose
2957 2496 3276 2564 conﬁngitis,
3335 2491 3546 2562 Apolli-

1960 2605 2083 2644 nem
2114 2592 2315 2655 innuit,
2358 2607 2521 2661 quem
2545 2590 2844 2645 imberbem
2876 2590 3048 2644 fuisse
3083 2593 3330 2641 narrant.

2024 2770 2198 2836 Quam
2225 2779 2284 2822 ut
2318 2769 2456 2823 Deus
2486 2769 2702 2822 creavit.
2732 2767 2905 2834 Quam
2930 2765 3300 2822 hmreditatem
3331 2770 3385 2816 et
3419 2763 3548 2817 fecit

1961 2870 2013 2914 et
2076 2863 2389 2917 luereditate
2431 2872 2765 2917 conseculus
2811 2867 2917 2916 est.
2970 2857 3040 2914 Ut
3085 2858 3228 2914 Deus
3278 2856 3444 2918 fecit,
3492 2863 3552 2908 ut

1963 2955 2124 3008 homo
2144 2955 2458 3009 haereditate
2482 2962 2814 3010 consecutus
2832 2961 2935 3008 est.
2961 2951 3043 3006 Tu
3064 2953 3327 3006 adversus
3343 2949 3551 3004 Christi

1963 3047 2305 3116 sanguinem,
2337 3062 2448 3117 quo
2474 3047 2713 3102 mundus
2747 3058 3012 3117 purgatus
3035 3052 3140 3109 est,
3169 3059 3294 3098 cum
3321 3041 3550 3112 impuris

265 3126 474 3196 κόσμον
530 3124 875 3195 καθήραντος
905 3126 1017 3186 τοῖς
1047 3126 1158 3186 σοῖς
1191 3125 1408 3194 μιαροῖς
1438 3120 1743 3192 ἐκχυθείσιν
1774 3121 1858 3173 αῖ-

1971 3143 2252 3197 cruoribus
2276 3144 2408 3209 tuis,
2441 3159 2580 3214 quos
2611 3143 2953 3198 dmmonibus
2983 3140 3169 3197 oll'ers.

272 3230 410 3288 μασι
433 3217 546 3278 τοῖς
579 3215 852 3286 δαίμοσιν.

344 3305 464 3362 Col.
505 3304 607 3358 589
631 3303 672 3358 C
702 3306 783 3358 l0.
815 3304 870 3356 Ὀ
893 3304 1010 3372 τὴν
1044 3303 1410 3372 Ἡρακλέους
1436 3305 1634 3358 σέϐων
1656 3303 1856 3376 [Edim

267 3395 592 3468 θαυμάζων]
626 3395 844 3464 πυράν.
872 3391 1042 3460 υῦτος
1070 3396 1257 3470 [CoisL
1288 3397 1372 3468 οὐ]
1400 3396 1602 3467 χιτῶνα
1633 3397 1738 3450 ὑπὸ
1767 3398 1859 3451 τοῦ

267 3489 484 3542 Νέσσου
512 3489 600 3542 τοῦ
624 3489 878 3558 γίγαντος
910 3488 1384 3560 καταῤῥεύσαντος
1408 3489 1642 3559 αἵματος
1675 3507 1861 3560 κεχρι-

272 3584 472 3652 σμένον
510 3581 826 3648 ὲνδεδυκὼς,
863 3581 1007 3651 βέλει
1049 3581 1335 3652 βληθέντος
1373 3582 1476 3634 ὑπὸ
1528 3583 1863 3654 Ἡρακλέους

266 3672 364 3726 διὰ
388 3672 486 3743 τὴν
515 3666 637 3744 βίαν
689 3673 787 3743 τῆς
815 3672 1157 3744 Δηϊανείρας·
1189 3673 1338 3738 ὅστις
1365 3673 1514 3744 (cod.
1550 3691 1603 3743 p.
1637 3673 1762 3739 267,
1789 3674 1862 3742 2)

271 3764 443 3836 χιτὼν
477 3763 555 3835 τῷ
579 3763 678 3835 τῆς
708 3764 875 3836 ὕδρας
907 3764 1100 3834 αἵματι
1130 3766 1498 3836 πεφάρμακτο
1525 3767 1659 3836 (89)·
1691 3767 1866 3839 τούτῳ

269 3858 387 3927 γὰρ
420 3858 638 3930 φίλτρου
666 3858 824 3930 χάριν
849 3857 940 3910 τὸν
972 3857 1171 3928 χιτῶνα
1205 3859 1538 3930 φαρμάξασα
1574 3859 1802 3913 στέλλει·
1836 3863 1864 3914 ό

273 3953 338 4006 δὲ
365 3954 538 4019 ἐνδὺς,
571 3955 629 4007 ὲν
658 3952 829 4024 βωμῷ
857 3953 1104 4026 παρέστη
1135 3953 1332 4007 θύσων.
1371 3955 1449 4025 Τῇ
1478 3954 1656 4007 τοίνυν
1686 3955 1866 4027 θέρμῃ

275 4045 374 4098 τοῦ
410 4045 578 4116 πυρὸς
609 4045 704 4098 τοῦ
735 4045 959 4115 χιτῶνος
984 4045 1304 4115 ἐξάψαντος,
1329 4047 1358 4098 ό
1390 4045 1691 4111 πολύαθλος
1713 4044 1868 4111 οὗτος

272 4138 380 4189 οὐκ
411 4135 594 4202 ἐστεξε
612 4136 710 4208 τὴν
733 4138 936 4208 πυράν,
957 4137 1092 4191 ἀλλὰ
1115 4139 1326 4208 μεγάλα
1353 4138 1492 4208 βοῶν
1516 4139 1611 4192 καὶ
1633 4138 1865 4210 Θρηνῶν,

273 4235 450 4304 νήσας
475 4231 646 4296 ξύλων
667 4233 964 4304 πυρκαϊὰν,
980 4234 1072 4286 καὶ
1093 4235 1150 4285 ὲν
1176 4232 1365 4304 [ϐοἰδί.
1400 4249 1567 4304 πυρκ.
1595 4233 1676 4305 ἐν]
1697 4233 1867 4303 ταύτῃ

275 4324 749 4396 περισπειραθεὶς,
787 4325 1075 4396 ἀπηλλάγη
1141 4324 1601 4394 άπανθρακωθείς
1673 4323 1865 4396 [ϐοἱδί.

273 4414 546 4487 ἁπηνθρ]’
584 4417 696 4469 κάκ
734 4417 826 4469 τοῦ
861 4417 1104 4470 τοιούτου
1147 4417 1268 4483 Θεὸς
1306 4418 1621 4486 νενόμισται
1664 4418 1869 4488 ἀτυχή-

2032 3320 2137 3384 Qui
2173 3321 2418 3374 Herculis
2458 3336 2644 3389 rogum
2669 3318 2978 3373 admiraris.
3015 3315 3116 3371 llic
3139 3316 3383 3370 tunicam
3415 3313 3551 3368 Nes-

1961 3414 2004 3468 si
2035 3415 2270 3482 gigantis
2294 3429 2492 3468 cruore
2522 3413 2780 3467 infectam
2817 3410 3020 3467 ﬂuente
3048 3408 3326 3470 induerat,
3353 3408 3552 3479 sagitta

1962 3503 2030 3556 ab
2061 3501 2294 3559 Hercule
2324 3503 2560 3573 perfossi
2601 3511 2825 3573 propter
2855 3504 2967 3556 vim
3001 3500 3272 3570 Deianira!
3305 3500 3508 3552 illatam
3541 3519 3556 3551 ι

1962 3610 2086 3663 quae
2144 3594 2366 3664 quidem
2415 3597 2603 3648 tunica
2651 3593 2840 3663 hydrae
2869 3594 3138 3663 sanguine
3182 3591 3383 3646 inlecta
3415 3599 3552 3645 erat.

1965 3685 2184 3740 Herculi
2221 3686 2404 3755 philtri
2439 3687 2614 3742 instar
2645 3686 2786 3740 hanc
2823 3687 3062 3740 tunicam
3093 3699 3304 3738 veneno
3345 3683 3552 3753 perfu—

1964 3793 2080 3833 sam
2131 3779 2460 3833 induendam
2509 3779 2694 3832 mittit.
2753 3776 2928 3844 Quam
2981 3791 3106 3830 cum
3165 3777 3458 3834 induisset.
3487 3774 3555 3828 ad

1966 3872 2140 3926 altare
2185 3872 2601 3927 sacriﬁcaturus
2657 3875 2911 3926 accessit.
2969 3870 3116 3942 Ignis
3178 3886 3307 3923 vero
3373 3868 3558 3922 calore

1967 3964 2154 4017 tunica
2198 3978 2451 4027 accensa,
2486 3964 2834 4020 miserrimus
2867 3965 2956 4018 ille
2991 3979 3099 4019 non
3129 3963 3328 4032 pressit
3367 3961 3558 4017 incen—

1967 4055 2141 4122 dium,
2171 4057 2266 4112 sed
2301 4071 2628 4126 magnopere
2656 4056 2969 4110 vociferans
3005 4069 3361 4125 gemensque,
3387 4052 3560 4123 lignu-

1968 4163 2089 4200 rum
2143 4148 2414 4200 exstruxit
2471 4162 2686 4213 rogum,
2738 4145 2791 4199 in
2838 4159 2963 4199 eum
3017 4144 3192 4197 insilit
3255 4152 3312 4195 et
3371 4143 3556 4195 statim

1971 4239 2204 4293 ﬂamina:
2236 4239 2431 4292 ardore
2465 4236 2748 4307 deﬂagrat,
2799 4245 2962 4306 atque
2995 4252 3059 4289 ex
3105 4236 3208 4288 hoc
3250 4234 3557 4287 infortunia

1970 4327 2107 4382 deus
2144 4335 2429 4396 reputatus
2447 4333 2551 4390 est,
2583 4328 2678 4395 qui
2707 4342 2836 4395 erga
2871 4326 3129 4379 mulieres
3162 4325 3436 4377 violentus
3461 4323 3552 4376 iis-

1973 4431 2083 4485 que
2130 4414 2511 4469 deditissimus
2563 4414 2763 4470 fuerat.
2815 4414 3242 4484 Reliquas-vero
3295 4414 3556 4468 historias

279 4525 474 4578 ματος,
515 4507 752 4577 γεγονὼς
787 4510 880 4562 καὶ
919 4510 1046 4580 περὶ
1077 4511 1342 4578 γυναῖκας
1389 4508 1572 4572 ἄδικος
1613 4520 1707 4562 και
1738 4510 1860 4562 ακό-

1976 4507 2154 4562 l‘usius
2182 4508 2462 4576 expositas
2487 4507 2616 4561 alibi
2660 4509 2928 4572 invenies,
2965 4519 3020 4564 et
3054 4517 3316 4564 caste-rum
3348 4509 3553 4578 saepius

271 4603 494 4664 λαστος.
561 4601 676 4664 Τὰς
721 4601 776 4654 δὲ
823 4599 1016 4663 λοιπὰς
1064 4601 1175 4654 τῶν
1232 4601 1482 4671 ἱστοριῶν
1536 4600 1871 4671 πλατύτερον

274 4693 668 4762 ἐκτεθειμένας
688 4696 943 4766 εὑρήσεις
963 4694 1144 4748 ἄλλοθι
1175 4692 1308 4764 (90),
1336 4693 1428 4746 καὶ
1452 4693 1742 4764 περίεργον
1768 4694 1872 4747 λοι-

277 4787 383 4838 πὸν
417 4785 681 4850 πολλάκις
709 4789 836 4858 περὶ
866 4788 975 4840 τῶν
1005 4787 1186 4840 αὐτῶν
1217 4786 1546 4856 ἀδολεσχεῖν.

347 4879 468 4932 Col.
503 4877 607 4933 595
625 4879 670 4930 A
697 4878 748 4931 8.
799 4877 975 4946 Ὁρᾷς
994 4879 1137 4943 τοὺς
1163 4878 1374 4942 ἀϐίους
1395 4878 1665 4942 τούτους.
1689 4877 1871 4948 Μέχρι

277 4970 491 5024 τούτων
525 4972 655 5034 τοὺς
689 4971 1136 5042 Θαυμαζομένους
1176 4972 1235 5024 ἐν
1271 4970 1495 5040 Ἕλλησι
1531 4970 1872 5040 συναριθμη-

282 5065 527 5132 σάμενος
567 5065 823 5128 καὶτοὺς
873 5067 931 5116 ὲν
989 5063 1281 5134 Ῥωμαίοις
1335 5062 1764 5133 εὐδοκιμηκότας
1815 5065 1872 5115 ἐν

282 5158 548 5227 πολέμοις
577 5158 670 5210 καὶ
705 5157 1092 5230 στρατηγίαις,
1125 5155 1447 5226 Σκηπίωνας
1475 5154 1568 5207 καὶ
1598 5155 1724 5218 τοὺς
1751 5156 1874 5207 κατ’.

282 5251 519 5312 αὐτοὺς,
549 5251 643 5303 καὶ
672 5251 740 5303 τὰ
778 5249 945 5304 αὑτοῦ
997 5247 1285 5302 Ἰουλιανοῦ
1323 5248 1617 5318 αὐχήματα
1659 5248 1870 5313 ἐπαγα-

282 5341 423 5409 γὼν,
448 5345 505 5394 ἐν
526 5339 602 5410 τῷ
623 5341 700 5410 τῷ
725 5340 847 5412 [τηε.
873 5338 1039 5394 Coisl.
1070 5341 1128 5392 ὲν
1153 5334 1233 5402 οἷς
1257 5337 1334 5408 τῷ
1358 5336 1504 5408 στρ.]
1529 5335 1745 5408 στρατῷ
1763 5337 1876 5406 (91)

287 5433 642 5503 συμὸαδίζειν
680 5433 774 5486 καὶ
823 5431 1120 5503 σχεδιάζειν
1149 5429 1338 5502 [CoisL
1389 5429 1738 5500 συμϐαδίζων
1782 5430 1878 5482 καὶ

289 5521 615 5594 σχεδιάζων]
646 5524 767 5584 ταῖς
794 5524 1049 5594 τροφαῖς,
1080 5522 1175 5573 καὶ
1208 5520 1308 5589 τὴν
1349 5516 1649 5588 αὐτουργὸν
1683 5514 1874 5588 [CoisL

364 5711 477 5779 (88)
506 5709 604 5765 Ms.
638 5709 743 5763 575
770 5707 1035 5777 τολμᾶται
1057 5707 1160 5776 ἤδη
1183 5723 1194 5736 ·
1217 5705 1354 5779 editi
1387 5703 1561 5775 τολμᾷ
1577 5703 1631 5756 δὲ
1679 5703 1800 5779 ἠδη.

359 5773 474 5841 (εει)
512 5773 1181 5848 ϐοὶδΙίιι.νὲπεφά.ρμακτο.
1217 5775 1347 5832 Vide
1373 5773 1546 5844 supra
1566 5783 1676 5829 ιιοι.
1714 5773 1802 5828 ιι.

371 5852 483 5918 γεω)
524 5851 679 5919 Apud
713 5847 965 5904 Nomium
1003 5849 1234 5903 scilicet.

1976 4599 2044 4655 de
2073 4600 2140 4655 iis
2173 4599 2389 4656 cﬂ‘utire
2416 4614 2883 4670 supervacaneum
2921 4611 3025 4657 est.

2064 4865 2288 4920 Videsne
2329 4867 2422 4917 hos
2463 4879 2738 4933 pauperes.
2777 4863 3073 4934 Postquam
3132 4864 3420 4935 hucusque
3461 4881 3560 4921 eos

1980 4963 2074 5030 qui
2103 4960 2244 5029 apud
2269 4957 2492 5013 Grmcos
2519 4975 2573 5012 ιιι
2617 4957 2981 5013 admiratione
3002 4970 3160 5012 erant
3189 4960 3555 5024 enumeravit,

1981 5071 2128 5109 nunc
2157 5069 2283 5107 cum
2311 5053 2397 5106 his
2429 5069 2526 5107 eos
2550 5052 2718 5105 etiam
2751 5061 3000 5106 recenset
3036 5051 3128 5121 qui
3157 5051 3304 5122 apud
3346 5051 3552 5106 Roma-

1983 5155 2084 5202 nbs
2143 5147 2196 5200 in
2255 5145 2412 5200 bellis
2457 5160 2521 5198 ac
2573 5144 2909 5198 militaribus
2973 5145 3224 5214 imperiis
3297 5144 3560 5198 illustrati

1982 5249 2133 5302 sunt,
2165 5239 2315 5293 velut
2348 5237 2639 5308 Scipiones
2672 5239 2920 5306 aliosque
2942 5252 3136 5291 eorum
3163 5237 3376 5292 similes
3402 5254 3418 5297 ;
3446 5239 3562 5305 qui-

1984 5335 2086 5388 bus
2116 5347 2178 5387 ea
2209 5345 2429 5402 quoque
2450 5330 2714 5394 adnectit,
2740 5330 2812 5385 ob
2833 5347 2956 5400 qua:
2993 5329 3249 5386 Julianus
3284 5329 3563 5401 gloriaba-

1984 5434 2094 5486 tur,
2128 5438 2323 5492 nempe
2352 5423 2640 5492 quodcum
2674 5424 2921 5477 exercitu
2951 5422 3298 5492 graderetur,
3320 5421 3560 5491 simplici

1984 5525 2039 5572 et
2072 5517 2362 5572 illaborato
2407 5515 2555 5570 victu
2595 5523 2935 5581 vesceretur,
2971 5515 3269 5586 omniaque
3317 5515 3371 5568 in
3417 5515 3564 5568 bello

2057 5705 2169 5772 (9|)
2208 5705 2283 5758 De
2309 5705 2412 5759 hac
2443 5704 2659 5758 articuli
2699 5703 3022 5773 repetitione
3055 5702 3176 5758 vide
3211 5701 3424 5758 Notice:
3469 5707 3558 5758 dos

1987 5793 2113 5831 mas.
2148 5785 2186 5829 t.
2221 5775 2312 5842 XI,
2341 5782 2494 5845 parte
2522 5790 2582 5839 ιι,
2617 5790 2740 5845 pag.
2771 5774 2861 5827 ‘22.
