3856 6220
327 350 346 405 l
369 348 460 407 ’07
1295 370 1297 375 ·
1701 347 1919 403 BASILI

2041 347 2203 403 ΙΝΙΜΙ
2671 391 2674 394 .
3462 347 3516 401 fl
3534 335 3614 402 08

327 486 425 544 per
457 486 518 527 se
568 469 1030 534 administraret;
1069 469 1274 539 quibus
1319 479 1642 528 sanctorum
1678 469 1904 524 Patrum

2035 469 2313 542 ιὺτουργῆ]
2348 467 2682 540 στρατηγίαν
2715 465 3072 522 ἐπισυνάπτει
3093 508 3106 531 ,
3144 453 3439 533 ἀντιτιθεὶς
3473 473 3613 535 τοὺς

327 575 381 617 et
413 564 599 633 pietati
631 562 979 617 addictorum
1015 562 1298 617 hominum
1328 563 1468 616 vitas
1513 562 1766 631 opponit,
1816 561 1910 631 qui

2035 561 2166 625 llouc;
2194 561 2304 615 τῶν
2334 561 2508 629 ἁγίων
2545 559 2806 629 Πατέρων
2837 560 2930 612 καὶ
2943 559 3217 630 ἀσκητῶν,
3255 560 3471 629 ἀληθῶς
3502 563 3614 629 τὴν

333 669 461 710 vere
488 653 782 710 sublimem
832 654 887 707 in
955 652 1179 708 Christo
1221 652 1628 722 philosophiam
1673 652 1912 723 professi

2035 654 2226 726 ιψηλὴν
2254 655 2314 707 ἐν
2347 653 2568 725 Χριστῷ
2608 653 2928 722 φιλοσοφίαν
2961 652 3308 722 ἠσκηκότων.
3343 653 3451 705 Καὶ
3481 652 3612 705 Sta-

331 755 483 802 suut.
516 745 647 801 Dein
679 745 1000 800 Graecorum
1062 747 1300 800 virtutes
1347 747 1637 809 describit,
1681 755 1736 799 et
1767 747 1914 799 sicut

2035 746 2211 816 Γράφει
2234 745 2304 798 τά
2317 743 2425 798 τῶν
2458 744 2743 815 Ἑλλήνων,
2769 742 2987 813 ἐπαίρει
3013 741 3092 804 δὲ,
3119 741 3194 804 ὡς
3218 742 3277 794 ὲν
3297 740 3374 811 τῷ
3396 741 3617 811 πρώτῳ

333 841 388 893 in
415 840 588 907 prima
641 837 713 892 De
744 855 874 908 pace
901 837 1152 892 oratione
1171 848 1291 907 post
1315 838 1698 893 monachorum
1730 853 1912 891 recou—

2035 837 2122 889 τῶν
2160 836 2494 904 Εἰρηνικῶν
2526 836 2658 905 (92),
2689 834 2788 888 ἐπὶ
2817 833 2892 901 τῇ
2913 832 3033 887 τῶν
3051 831 3360 902 μαντικῶν,
3386 833 3464 896 ὡς
3506 832 3620 904 οὐχ

331 931 678 995 ciliationem,
700 930 937 985 ostendit
962 931 1027 983 ad
1054 946 1148 985 eas
1169 931 1532 1000 philosophia:
1556 945 1779 984 normas
1808 929 1913 982 mi-

2035 922 2126 980 »ἷόν
2155 927 2214 980 τέ
2254 930 2369 980 ἐστι
2400 927 2534 998 πρὸς
2563 929 2688 989 τοὺς
2714 925 2990 986 τοιούτους
3017 927 3117 997 τῆς
3151 926 3475 996 φιλοσοφίας
3503 942 3625 980 κα·-

337 1021 486 1074 uime
511 1018 759 1073 Graecam
800 1020 1062 1089 ineptiam
1102 1021 1390 1089 pervenire
1429 1035 1626 1090 posse;
1681 1027 1736 1074 et
1766 1019 1913 1089 quod

2035 1021 2172 1084 μόνας
2200 1019 2524 1084 ὲξικνεῖαθαι
2567 1021 2664 1090 τὴν
2707 1021 3024 1090 Ἑλληνικὴν
3058 1019 3350 1089 φλυαρίαν’
3389 1018 3495 1072 κᾶν
3522 1020 3618 1072 ὅτι

333 1112 570 1165 maxime
613 1112 858 1165 exaltata
883 1119 966 1166 est
997 1112 1274 1180 propriam
1302 1118 1758 1180 argumentorum
1801 1125 1900 1163 va-

2035 1113 2253 1167 ιάλιστα
2281 1112 2543 1183 ἐπαρθείη
2581 1114 2880 1183 κομπάζων
2905 1112 3018 1182 (95)
3068 1112 3160 1165 ἐπὶ
3191 1113 3258 1182 τῇ
3291 1111 3468 1182 οἰκείᾳ
3493 1111 3614 1165 τῶν

292 1260 296 1264 ,
333 1203 560 1257 nitatem
589 1202 824 1271 jaclaus.

2035 1204 2296 1276 ιογισμῶν
2327 1205 2668 1275 ματαιότητι.

407 1294 546 1358 Quot
589 1309 702 1347 vero
729 1295 968 1346 homines
1001 1293 1082 1346 his
1129 1292 1412 1346 virtutibus
1450 1293 1811 1347 excelluerunt
1862 1301 1915 1346 et

2085 1296 2204 1350 Col.
2237 1294 2339 1348 597
2361 1296 2408 1346 A
2436 1293 2517 1348 10.
2548 1295 2737 1348 Πόσοι
2757 1294 2946 1348 ταῦτα
2969 1295 3068 1348 καὶ
3085 1293 3260 1364 μέχρι
3281 1296 3474 1370 τίνος-ς
3493 1295 3621 1348 Καὶ

331 1385 569 1457 quandiu
592 1388 618 1442 Υ
649 1383 714 1438 Ει
749 1385 864 1440 haec
892 1384 1138 1464 quidem,
1167 1385 1265 1449 ait,
1305 1384 1352 1438 si
1388 1383 1624 1454 quadam
1661 1385 1913 1454 philoso-

2035 1386 2214 1452 ταῦτα,
2246 1387 2428 1456 φησιν,
2473 1388 2521 1438 εί
2543 1385 2862 1455 φιλοσοφίας
2883 1385 3026 1447 τινός
3046 1384 3280 1456 ἐχόμενά
3304 1385 3472 1445 ἐστιν,
3517 1384 3618 1436 εὗ-

336 1482 462 1551 pliia
488 1482 711 1552 praedita
759 1490 908 1539 sunt,
963 1493 1128 1548 quam
1165 1493 1340 1549 pauca
1381 1479 1428 1533 si
1485 1478 1742 1533 conferas
1787 1493 1911 1532 cum

2035 1479 2293 1550 ιρίθμητα
2310 1477 2542 1547 ὑπάρχει
2565 1477 2704 1547 πρὸς
2716 1477 2816 1540 τὰς
2839 1479 2967 1547 παρ’
2980 1479 3111 1547 ἡμῖν
3133 1475 3373 1547 χιλιάδας
3389 1475 3482 1529 καὶ
3503 1493 3618 1545 μυ-

336 1572 666 1626 chiliadibus
699 1579 760 1625 ct
786 1569 1126 1640 myriadihus
1161 1568 1306 1640 apud
1333 1583 1458 1632 nos,
1487 1570 1580 1639 qui
1618 1568 1759 1622 hanc
1793 1569 1915 1638 plri-

2035 1572 2226 1633 κάδας.
2250 1569 2343 1623 καὶ
2360 1567 2583 1622 τοιαῦτα
2605 1568 3110 1639 πεφιλοσοφηκότας
3139 1569 3235 1621 καὶ
3262 1567 3403 1636 ὑπὲρ
3430 1566 3615 1618 ταῦτα

335 1658 663 1727 losopliiam,
701 1666 758 1712 et
793 1658 962 1710 multo
995 1657 1261 1727 majorem
1300 1667 1470 1727 atque
1525 1658 1912 1712 admirabilio-

2035 1663 2111 1716 ta‘t
2139 1660 2582 1731 θαμμασιώτερα,
2621 1661 2709 1712 καὶ
2738 1661 2805 1714 ἐν
2821 1660 2985 1713 παντὶ
3004 1659 3156 1728 τόπῳ
3183 1658 3280 1712 καὶ
3302 1659 3366 1710 ὲκ
3398 1655 3616 1716 παντὸς

340 1765 451 1805 rem
484 1750 786 1805 consectati
812 1759 963 1814 sunt,
997 1758 1052 1804 et
1085 1751 1139 1803 in
1166 1750 1314 1803 omni
1350 1750 1490 1810 loco,
1541 1765 1605 1803 ex
1639 1749 1787 1802 omni
1817 1765 1911 1818 ge—

2035 1752 2207 1820 révou;
2225 1751 2317 1804 καὶ
2336 1749 2505 1819 τύχης
2527 1749 2622 1802 καὶ
2647 1747 2884 1819 ἡλικίας·
2915 1747 3052 1818 πρὸς
3074 1743 3156 1809 οἷς
3195 1745 3322 1816 [ma
3354 1744 3459 1798 575
3482 1743 3616 1813 οὓς]

339 1856 487 1905 nere,
521 1841 742 1894 fortuna
776 1849 831 1894 et
863 1849 1046 1894 aetate.
1097 1839 1306 1895 Deinde
1341 1855 1464 1909 qua:
1491 1839 1656 1908 obiici
1688 1815 1914 1908 possent

2035 1843 2110 1896 ιαὶ
2137 1843 2235 1912 τὴν
2265 1842 2529 1895 δοκοῦσαν
2571 1840 2846 1896 ἀντίθεσιν
2873 1838 3130 1900 ἐπιλύων,
3161 1838 3347 1907 φησὶν,
3378 1837 3464 1888 ὅτι
3503 1837 3624 1888 κᾶν

341 1933 616 1993 refellens.
643 1934 738 1993 ait,
773 1934 949 2002 quod,
979 1933 1081 1988 etsi
1121 1933 1467 2002 philosophia
1495 1941 1683 1987 nostra
1710 1948 1917 1986 sermo.

2035 1936 2207 2003 ίλογος
2230 1937 2262 2004 ἡ
2292 1933 2536 2003 ἡμετέρα
2566 1934 2851 2002 φιλοσοφία
2874 1931 3001 2002 δόξῃ
3029 1971 3043 1993 ,
3069 1930 3190 1983 οὐδὲ
3215 1929 3376 1981 τοῦτο
3418 1927 3568 1997 μέγα
3600 1969 3614 1987 ,

339 2026 424 2078 uis
459 2024 727 2093 elegantia
759 2033 968 2086 careat,
996 2023 1099 2076 hoc
1127 2022 1282 2090 parvi
1314 2022 1600 2084 momenti,
1627 2037 1754 2074 cum
1789 2022 1907 2089 pic-

2035 2027 2138 2079 επεὶ⁵
2165 2027 2262 2097 τὴν
2289 2025 2571 2079 εὐσέόειαν
2587 2025 2646 2078 οὐ
2665 2025 2819 2092 λόγος
2834 2023 3006 2094 ὁρίζει
3024 2023 3118 2074 καὶ
3137 2021 3402 2092 στόματος
3422 2020 3615 2087 σοφία,

341 2123 510 2169 tatem
547 2116 892 2168 constituant
933 2130 1114 2184 neque
1161 2129 1368 2173 sermo.
1419 2129 1597 2183 neque
1637 2113 1910 2182 sapientia

2035 2118 2152 2172 ὶλλὰ
2182 2117 2402 2189 πρᾶξις,
2428 2117 2522 2170 καὶ
2564 2116 2775 2188 καρπὸς
2807 2114 3062 2184 θεωρίας,
3093 2113 3190 2183 βίῳ
3221 2109 3458 2181 λαμπρῷ
3486 2111 3628 2163 συλε-

340 2211 410 2263 ah
443 2225 538 2264 ore
570 2209 836 2280 profecta,
891 2209 984 2264 sed
1023 2213 1189 2272 actio,
1231 2219 1285 2263 et
1317 2208 1531 2262 fructus
1575 2209 1913 2278 speculatio-

2035 2211 2328 2281 ίεγόμενος,
2370 2210 2446 2274 ὼς
2475 2210 2568 2262 καί
2595 2226 2724 2270 τινι,
2764 2208 2920 2278 φησὶ,
2955 2205 3066 2259 τῶν
3100 2207 3231 2274 παρ’
3265 2206 3393 2274 ὑμῖν
3428 2201 3577 2267 ἔδοξε
3600 2244 3620 2268 ,

338 2305 426 2358 uis
461 2319 584 2358 cum
615 2304 876 2373 praeclara
915 2302 1024 2356 vita
1063 2301 1420 2370 coniunctus,
1446 2299 1911 2370 quemadmodum

2035 2305 2218 2375 πρᾶξιν
2241 2303 2400 2372 λόγου
2423 2320 2472 2355 τι
2481 2301 2650 2373 μιώτε
2660 2319 2749 2372 ρον
2773 2297 2908 2354 εἶναι
2937 2299 3359 2368 φιλοσοφήσαντι
3380 2296 3515 2366 (94).
3543 2297 3572 2347 'I
3591 2296 3632 2349 ὸ

337 2398 528 2458 etiam,
557 2397 653 2460 ait,
703 2394 921 2449 cuidam
975 2401 1215 2449 vestrum
1264 2395 1444 2447 visum
1478 2401 1584 2452 est.
1643 2391 1919 2444 actionem

2035 2395 2126 2467 {ap
2164 2394 2384 2464 εύλογον
2416 2395 2600 2448 πλεῖον
2626 2396 2684 2447 ὲν
2728 2393 2910 2462 ἔργοις
2937 2391 3128 2462 [CoisL
3165 2392 3222 2443 ὲν
3263 2388 3487 2462 λόγοις],
3517 2390 3627 2442 καὶ

340 2503 598 2542 sermone
657 2486 1100 2556 anteponendam
1155 2500 1281 2540 esse
1345 2481 1640 2538 asserenti.
1704 2481 1911 2550 Majore

2035 2491 2148 2559 ἢέν
2183 2491 2296 2550 τοῖς
2344 2488 2686 2558 πράγμασιν,
2730 2484 2844 2538 ἀλλ’
2887 2485 2986 2553 οὐχ
3033 2482 3159 2554 [ηις.
3201 2481 3306 2537 575
3358 2499 3454 2552 πρ.
3489 2479 3634 2553 oux]

335 2585 483 2636 enim
513 2591 600 2637 est
625 2582 837 2636 ratione
881 2579 1174 2649 prudentia
1221 2578 1275 2632 iu
1327 2577 1616 2648 operibus,
1656 2584 1822 2643 atque
1861 2575 1919 2627 in

2035 2577 2208 2639 iam);
2248 2580 2305 2630 ἐν
2332 2580 2447 2642 τοῖς
2475 2577 2676 2645 λόγοις,
2708 2574 2990 2638 παίδευσις
3025 2591 3085 2628 τε
3115 2573 3211 2626 καὶ
3245 2572 3427 2642 σοφία.

340 2678 527 2740 rebus,
564 2690 674 2728 non
709 2673 1034 2742 simpliciter
1082 2673 1139 2726 in
1187 2671 1396 2735 verbis,
1425 2668 1698 2724 doctrinae
1731 2677 1784 2720 et
1829 2683 1919 2720 sa-

341 2769 570 2839 pientia.

411 2861 578 2932 Atque
622 2859 690 2912 ad
738 2874 969 2919 auream
991 2857 1149 2910 illam
1195 2862 1429 2908 attatem.
1487 2851 1562 2905 De
1611 2850 1711 2904 hac
1753 2863 1919 2902 aurea

2095 2863 2213 2917 Col.
2247 2862 2352 2916 600
2401 2862 2452 2915 B'
2478 2862 2531 2916 7.
2573 2861 2686 2915 Καὶ
2731 2861 2884 2930 πρὸς
2933 2861 3048 2929 τὴν
3079 2858 3324 2930 χρυσῆν
3374 2859 3630 2926 ἐκείνην

340 2961 501 3008 atate
533 2951 798 3008 Lilianius
831 2951 886 3004 in
916 2964 1170 3006 sermone
1216 2947 1280 3002 de
1314 2943 1543 3000 Iuliano
1586 2943 1919 2999 mentionem

2035 2953 2261 3024 γενεάν.
2286 2953 2504 3024 Ταύτης
2528 2953 2636 3023 τῆς
2657 2953 2960 3024 λεγομένης
2987 2953 3197 3026 χρυσῆς
3224 2953 3418 3022 γενεᾶς
3448 2952 3627 3006 mea-

342 3049 496 3107 tacit.
555 3063 621 3102 ex
658 3045 898 3102 Hesiodo
937 3045 1310 3112 desumptam.
1358 3039 1494 3094 Nam
1540 3038 1633 3092 ille
1667 3038 1919 3092 humana:

2035 3063 2136 3110 νιος
2159 3049 2216 3098 ὲν
2243 3043 2322 3116 τῷ
2347 3048 2434 3111 εἰς
2473 3043 2814 3098 Ἰουλιανόν
2837 3045 3108 3116 μέμνηται
3137 3043 3300 3114 λόγῳ,
3332 3042 3392 3108 ἐξ
3435 3043 3625 3122 ᾙσιόο

343 3147 554 3193 naturae
595 3140 734 3193 vitas
759 3135 1078 3206 hujusmodi
1106 3133 1353 3188 materiis
1384 3138 1694 3201 comparat,
1715 3130 1919 3184 virtute

2035 3139 2114 3192 5ου
2151 3137 2360 3191 λαϐώνο
2391 3131 2543 3201 οὗτος
2577 3134 2730 3206 (Hes.
2777 3138 2936 3206 Ἔγρ.
2975 3137 3098 3198 108,
3151 3136 3298 3207 sqq.)
3341 3135 3450 3206 γὰρ
3495 3137 3633 3199 ταῖς

339 3242 393 3284 et
427 3233 560 3285 vitio
587 3245 776 3285 earum
790 3238 951 3284 notas
970 3226 1253 3297 efﬁngens,
1273 3234 1438 3296 atque
1462 3237 1688 3279 auream
1721 3235 1919 3292 quam-

2035 3227 2300 3290 τοιαύταις
2340 3227 2492 3290 ὕλαις
2545 3225 2872 3298 παρεικάζει
2901 3227 3030 3290 τοὺς
3073 3225 3222 3297 βίους
3265 3223 3368 3294 τῆς
3398 3223 3628 3293 φύσεως

339 3329 464 3380 dam
495 3334 710 3379 aetatem
742 3337 976 3385 vocans,
1019 3322 1250 3375 alteram
1285 3324 1625 3388 argenteam,
1667 3329 1733 3368 ac
1759 3314 1916 3367 dein-

2035 3321 2125 3391 τῆς
2162 3319 2526 3391 ἀνθρωπίνης,
2564 3316 2628 3382 ἐξ
2669 3318 2870 3388 ἀρετῆς
2920 3315 3043 3388 [ηις.
3095 3317 3232 3379 573,
3285 3314 3488 3388 ᾶρεως]
3523 3317 3630 3369 καὶ

341 3434 474 3488 oeps
500 3418 642 3471 alias
667 3415 934 3485 quasdam
972 3413 1268 3468 inferiores
1303 3409 1572 3465 materias
1608 3421 1918 3478 apponens,

2035 3413 2226 3476 κακίας
2259 3410 2684 3481 διατυπούμενος
2728 3412 2854 3474 τοὺς
2876 3409 3253 3480 χαρακτῆρας,
3277 3409 3479 3479 χρυσῆν
3519 3425 3628 3461 κα-

342 3520 509 3580 atque
565 3523 694 3568 cum
727 3523 916 3562 earum
965 3504 1282 3560 diﬂerentia-
1327 3516 1661 3570 comparans
1704 3497 1919 3570 generis

2035 3507 2134 3558 λῶν
2181 3504 2396 3574 γενεάν.
2431 3506 2526 3557 καὶ
2564 3503 2724 3573 (cod.
2760 3519 2811 3573 p.
2845 3503 2972 3568 268,
3017 3504 3037 3554 1
3075 3503 3090 3570 )
3121 3502 3372 3572 ἀργυρᾶν
3401 3500 3625 3572 ἑτέραν.

344 3603 522 3658 nostri
556 3603 722 3667 vitas,
756 3602 898 3656 alias
930 3600 1152 3669 quidem
1187 3596 1310 3651 auri
1345 3593 1658 3665 splendoris
1687 3591 1919 3661 imagine

2035 3597 2122 3652 καὶ
2160 3597 2394 3667 καθεξῆς
2429 3613 2586 3658 τινας
2621 3595 2752 3658 ὕλας
2803 3593 3123 3667 παρατιθεὶς
3153 3593 3320 3657 ἄλλας
3347 3593 3630 3664 ὑποϐεϐη-

344 3695 670 3767 purillcans,
701 3703 760 3747 ut
799 3693 1076 3762 rubiginis
1127 3691 1422 3760 omnisque
1469 3688 1586 3742 vitii
1632 3693 1919 3756 expertes;

2035 3689 2186 3752 κυίας
2209 3731 2224 3753 ,
2255 3693 2322 3761 τῇ
2349 3690 2584 3760 διαφορᾷ
2627 3688 2735 3741 τῶν
2783 3687 2925 3740 ὑλῶν
2966 3685 3276 3757 συγκρίνων
3313 3686 3440 3749 τοὺς
3472 3685 3632 3755 βίους

346 3791 491 3845 alias
533 3804 664 3844 vero
705 3787 984 3851 dividens,
1045 3792 1108 3840 ut-
1164 3783 1405 3838 medium
1451 3779 1729 3852 quoddam
1784 3778 1919 3831 inter

2035 3778 2122 3832 τοῦ
2160 3779 2430 3850 ἡμετέρου
2474 3778 2688 3846 γένους,
2719 3779 2847 3841 τοὺς
2892 3777 2990 3847 μὲν
3019 3775 3412 3846 άπειλικρινῶν
3443 3777 3512 3846 τῇ
3546 3780 3633 3828 εἰ-

346 3885 606 3938 virtutem
658 3889 710 3936 et
750 3878 946 3933 vitium
998 3886 1252 3933 tenentes
1289 3883 1386 3930 aut
1417 3875 1590 3944 magis
1621 3881 1715 3924 aut
1744 3870 1919 3924 minus

2035 3871 2144 3924 κόνι
2181 3872 2278 3942 τῆς
2303 3871 2683 3942 λαμπρότητος
2707 3869 2800 3922 τοῦ
2829 3867 3055 3940 χρυσοῦ,
3095 3867 3167 3930 ὡς
3208 3866 3287 3923 ίοῦ
3313 3868 3410 3920 καὶ
3436 3870 3631 3937 πάσης

345 3992 512 4045 quam
542 3977 818 4029 sincerum
849 3974 1053 4027 bonum
1090 3981 1185 4023 aut
1220 3968 1451 4030 malum,
1493 3965 1643 4021 sicut
1666 3965 1723 4018 in
1755 3969 1919 4015 mate-

2035 3964 2228 4026 κακίας
2258 3962 2658 4024 ἁνεπιδέκτους.
2695 3963 2821 4024 τοὺς
2858 3961 2915 4014 δὲ
2945 3961 3120 4023 ἄλλως
3154 3959 3469 4030 διακρίνων,
3499 3959 3628 4030 ἤτοι

350 4071 432 4123 ria
458 4067 660 4129 caries,
684 4065 887 4122 sordes
907 4079 970 4116 ac
999 4062 1216 4132 rubigo.

2035 4055 2213 4124 μέσως
2239 4071 2354 4117 πως
2383 4053 2605 4123 ἔχοντας
2649 4053 2850 4124 ἀρετῆς
2881 4053 2976 4105 καὶ
3006 4051 3225 4115 κακίας,
3257 4051 3291 4122 ἢ
3343 4051 3543 4122 μᾶλλον
3587 4051 3626 4122 ἢ

2035 4143 2196 4219 ἦττον
2242 4146 2275 4216 ἢ
2305 4147 2401 4199 καὶ
2431 4146 2670 4215 ἄκρατον
2711 4145 2774 4197 τὸ
2815 4143 2980 4199 καλὸν
3020 4144 3054 4213 ἢ
3089 4143 3276 4208 κακὸν,
3309 4144 3387 4206 ὡς
3431 4145 3491 4196 ὲν
3519 4141 3631 4217 ῠλῃ

2029 4241 2090 4292 τ“›
2119 4237 2315 4310 σαθρὸν
2344 4239 2435 4291 xa‘t
2463 4239 2524 4291 τὸ
2551 4237 2829 4309 κοπρῶδες
2851 4239 2946 4288 καὶ⁸
2971 4236 3031 4289 τὸ
3057 4237 3156 4290 ῐον.

423 4339 592 4404 Atque
621 4335 818 4388 harum
851 4317 1034 4386 rerum
1064 4329 1312 4383 laudibus
1360 4342 1514 4380 aures
1565 4339 1777 4381 nostras
1809 4342 1919 4394 per-

2104 4331 2238 4384 lbid.
2283 4331 2324 4384 Ο
2362 4331 2417 4384 5.
2473 4329 2584 4384 Καὶ
2615 4327 3142 4396 περιθρυλλεῖσθαι
3184 4325 3354 4396 ἡμῶν
3384 4324 3504 4379 ἔδει
3550 4326 3629 4380 τὰ

348 4445 540 4484 sonare
565 4425 881 4496 oportebat.
922 4422 1182 4477 Laudans
1212 4421 1359 4476 enim
1412 4418 1678 4474 Libauius
1725 4417 1919 4472 Iuliani

2035 4415 2166 4477 Lbea.
2215 4422 2486 4476 Ἐπαινῶν
2514 4422 2624 4492 γὰρ
2657 4420 2912 4482 meam;
2936 4421 3040 4489 τὴν
3061 4417 3272 4471 ἐκείνου
3299 4416 3496 4487 ἀρχὴν,
3528 4416 3630 4467 καὶ

349 4517 666 4588 imperium,
711 4525 878 4586 atque
906 4514 1009 4568 hoc
1034 4512 1140 4569 sibi
1169 4511 1452 4581 opinionis
1476 4525 1666 4565 errore
1693 4509 1919 4573 “rigens.

2035 4513 2483 4582 φαντασιοκοπῶν
2526 4511 2721 4582 [οοάό.
2763 4505 3311 4579 φαντασιοσκοπῶν],
3357 4507 3452 4560 καὶ
3497 4507 3634 4568 τοὺς

352 4611 508 4680 regni
541 4609 666 4676 ejus
705 4617 952 4676 tempora
985 4621 1215 4658 aureum
1257 4619 1433 4674 genus
1467 4603 1721 4659 vocabat.
1749 4611 1810 4655 ut
1835 4603 1919 4670 qui

2040 4606 2266 4677 χρόνους
2293 4603 2484 4677 [CoisL
2512 4604 2604 4657 τοῦ
2634 4602 2856 4674 χρόνον]
2884 4602 2982 4670 τῆς
3014 4599 3292 4670 βασιλείας
3333 4597 3634 4650 Ἰουλιανοῦ

352 4705 464 4757 haec
497 4710 662 4770 atque
688 4699 777 4752 illa
804 4697 1025 4752 fecisset
1056 4704 1149 4750 aut
1180 4707 1328 4750 esset
1353 4695 1620 4754 facturus,
1664 4710 1787 4763 qtue
1824 4711 1919 4746 non

2035 4699 2185 4766 γένος
2218 4695 2451 4767 χρυσοῦν
2479 4695 2682 4759 ἐκάλει,
2747 4695 2872 4748 τάδε
2902 4695 2996 4747 καὶ
3051 4692 3181 4744 τάδε
3222 4689 3592 4760 πεποιηκότος
3613 4731 3632 4753 ,

349 4795 728 4864 contigerunt.
755 4789 993 4845 ldeouue
1024 4795 1411 4842 momentanea
1446 4788 1556 4839 han
1591 4793 1760 4855 atque
1794 4787 1919 4838 ima-

2035 4790 2066 4861 ἢ
2096 4792 2266 4843 ποιεῖν
2299 4787 2606 4858 μέλλοντος,
2647 4786 2792 4857 ἅπερ
2825 4787 2926 4838 οὐκ
2965 4783 3211 4852 ἐγένετο’
3243 4782 3323 4836 διὸ
3353 4783 3450 4836 καὶ
3489 4783 3632 4836 ἀκα-

350 4883 565 4954 gittaria
608 4879 766 4934 dicit.

2035 4885 2185 4949 ριαῖα
2213 4879 2385 4932 ταῦτα
2421 4880 2514 4932 καὶ
2538 4877 2883 4948 φαντασιώδη
2920 4877 3074 4946 φησί.

423 4971 578 5039 Quod
617 4987 729 5024 meo
764 4968 975 5040 quidem
999 4965 1211 5034 judicio
1243 4965 1386 5018 alius
1444 4962 1919 5019 auimadrertismt.

2105 4974 2221 5026 Col.
2251 4972 2348 5026 601
2387 4975 2429 5024 Α
2457 4973 2510 5025 9.
2552 4972 2625 5023 "0
2648 4988 2752 5038 μοι
2783 4969 2950 5024 δοκεῖ
2973 4968 3170 5022 ἄλλον
3194 4966 3313 5036 μὲν
3345 4965 3425 5019 ἂν
3453 4965 3631 5018 ἰδεῖν.

351 5062 673 5128 Quidnam?
721 5059 926 5128 Nempe
974 5055 1119 5127 quod
1176 5057 1365 5124 parvis
1409 5071 1564 5124 teque
1609 5069 1674 5108 ac
1721 5055 1919 5122 magnis

2035 5061 2108 5114 Τὸ
2140 5065 2291 5113 ποῖον
2323 5061 2575 5124 συνιδεῖν;
2615 5059 2674 5111 τὸ
2704 5061 2798 5111 καὶ
2827 5059 3040 5127 μικροῖς
3070 5058 3163 5109 καὶ
3205 5053 3464 5124 μεγάλοις
3495 5053 3627 5105 πλέο

354 5153 795 5225 persecutiouem
833 5149 1012 5202 moliri
1054 5147 1113 5201 in
1133 5155 1298 5200 tanta
1324 5144 1777 5200 Christianorum
1815 5159 1919 5196 am-

2038 5151 2125 5216 ξαι
2162 5149 2252 5203 τὸν
2293 5148 2532 5219 διωγμὸν
2573 5149 2631 5199 ὲν
2673 5149 2884 5218 καιροῖς
2915 5149 3014 5216 τῆς
3053 5143 3324 5212 τοσαύτης
3353 5142 3464 5194 τῶν
3493 5143 3634 5211 Χρι-

352 5248 640 5323 plitudinis
674 5243 1033 5314 temporibus,
1051 5241 1208 5311 quasi
1247 5256 1312 5295 ex
1349 5240 1452 5294 hoc
1482 5248 1536 5294 et
1569 5254 1730 5306 quam
1763 5235 1919 5306 pluri-

2044 5239 2275 5295 στιανῶν
2309 5238 2622 5302 ἐπιδόσεως,
2659 5238 2734 5300 ὡς
2765 5239 2830 5289 ἐκ
2857 5237 3052 5290 τούτου
3083 5233 3178 5287 καὶ
3205 5232 3466 5301 πλείστην
3494 5232 3642 5302 ὅσην

352 5356 500 5396 lnam
527 5337 826 5395 amentiam
855 5350 981 5388 cum
1009 5333 1310 5403 ignominia
1338 5329 1780 5386 demonstrariin
1812 5328 1919 5383 isti:

2047 5334 2231 5388 ἄνοιαν
2255 5329 2662 5401 στηλιτεύεσοαι
2689 5333 2748 5383 ἐν
2769 5329 2977 5392 τούτοις
2999 5325 3188 5388 αὐτοῦ,
3216 5327 3397 5379 πᾶσαν
3426 5323 3636 5394 μικροῦ

355 5431 496 5501 ejus.
525 5438 701 5485 totum
746 5428 860 5484 fere
893 5425 1271 5480 Romanorum
1323 5422 1576 5492 persequi
1605 5430 1660 5476 et
1690 5430 1919 5476 evertere

2040 5425 2137 5495 τὴν
2173 5423 2281 5476 τῶν
2322 5422 2609 5492 Ῥωμαίων
2629 5420 2845 5474 διώκειν
2865 5420 2970 5472 ,καὶ
2990 5417 3294 5471 καταλύειν·
3310 5416 3486 5487 ἀρχὴν
3509 5433 3632 5469 πει-

357 5522 648 5576 iurnerium
677 5519 955 5585 conantis,
993 5517 1284 5586 inquibus
1313 5513 1448 5570 illud
1487 5529 1621 5569 sane
1672 5528 1917 5584 perquan

2045 5512 2313 5586 ρωμένου,
2356 5512 2415 5564 ὲν
2441 5505 2520 5574 οἷς
2555 5512 2650 5564 καὶ
2684 5510 2746 5564 τὸ
2778 5508 2977 5578 κοῦφον
3004 5505 3174 5561 αὐτοῦ
3200 5506 3295 5560 καὶ
3322 5505 3640 5577 μειρακιῶ-

431 5697 541 5766 ειη)
576 5696 710 5750 Vide
737 5711 903 5766 supra
934 5690 1171 5766 uot.__28.
1251 5759 1265 5766 _
1305 5759 1318 5766 _
1375 5758 1389 5766 _

2040 5688 2220 5766 (agat.
2250 5687 2377 5766 ita)

430 5751 544 5828 i933
579 5751 943 5836 Κομπάζουσα
967 5763 1208 5836 scribere
1235 5758 1489 5813 debebat.
1665 5829 1676 5836 _

2039 5751 2164 5836 Πίζς
2184 5760 2366 5836 ,μάγος
2392 5758 2521 5811 ἐστὶ
2553 5757 2799 5836 miratae
2825 5755 2964 5836 ὁμὴ
2995 5754 3421 5836 τεςελεσμένος
3451 5751 3639 5821 ἔην,

607 5824 800 5892 [tinuit
835 5838 974 5892 Ione
1029 5833 1134 5888 hoc
1193 5844 1524 5899 anouymum
1594 5829 1919 5902 epigramma

2109 5828 2214 5886 Καὶ
2262 5824 2428 5887 πᾶσα
2460 5824 2675 5896 πρᾶξις
2701 5828 2806 5882 τὸν
2838 5824 3026 5899 λόγον
3058 5830 3236 5898 ἔργον
3267 5824 3414 5896 ἔχει.
