3856 6220
233 336 377 398 "09

1159 341 1456 400 scaeua
1481 338 1550 398 IN
1592 340 1851 399 omum
1887 334 2163 394 comm
2203 316 2572 394 multum

3358 328 3497 387 mo

227 456 323 522 δίς
341 455 575 512 δεικνύει
597 496 613 523 ,
642 460 724 514 ὅτι
751 461 815 532 τῇ
850 456 1140 531 μεταθέσει
1170 462 1273 531 τῆς
1312 462 1558 534 κλήσεως
1584 461 1693 516 τῶν
1720 459 1824 513 Γα-

1950 453 2164 511 uvenile
2183 462 2239 509 et
2272 436 2591 525 leveipsius
2620 430 2889 516 ostendit.
2942 427 3203 522 quoniam
3234 450 3499 503 nominis

230 547 459 603 λιλαίων
514 549 670 622 ᾠήθη
737 553 834 606 καὶ
890 550 991 623 τὴν
1037 550 1279 607 διάθεσιν
1335 549 1820 622 συνακολουθῆσαι*

230 637 376 710 πλὴν
413 640 510 693 καὶ
545 639 695 711 ἔργῳ
734 639 1033 713 δεδήλωται
1060 642 1143 696 ὅτι
1180 642 1437 715 μέγιστον
1478 643 1560 708 είς
1596 639 1752 707 δόξαν
1785 642 1821 713 ἠ

229 731 330 785 τοῦ
372 731 703 807 Χριστιανοῦ
747 732 895 806 [ηις.
931 735 1035 790 575
1073 734 1533 808 Χριστιανισμοῦῐ
1607 733 1821 806 κλῆσις,

230 822 333 877 καὶ
362 822 453 876 διὰ
477 822 636 877 τοῦτο
665 825 989 898 ἀποστερεῖν
1013 828 1161 897 ἡμᾶς
1193 827 1385 881 τούτου
1408 828 1743 899 ἐμηχανᾶτο,
1782 824 1816 897 ἢ

229 912 511 981 δεδοικὼς,
536 914 798 990 καθάπερ
827 918 877 971 oi
911 916 1188 989 δαίμονες,
1221 918 1321 991 τὴν
1353 917 1750 991 προσηγορίαν.

306 1085 443 1143 Ibid.
471 1085 516 1142 C
544 1087 602 1141 2.
654 1087 856 1158 Ἡμεῖς
880 1086 935 1142 δ’
960 1090 1035 1143 οὐ
1076 1090 1574 1159 παραθεῖν-ἥσομεν
1612 1086 1824 1156 αὐτοῖς

232 1176 313 1233 τὰ
348 1178 630 1247 ὀνόματα.
661 1181 775 1234 οὐκ
807 1178 1004 1252 ἔχομεν
1030 1181 1160 1253 γὰρ,
1195 1181 1381 1252 φησιν,
1413 1181 1495 1244 είς
1514 1182 1543 1235 ὅ
1573 1197 1625 1234 τι
1661 1196 1828 1235 κατα-

232 1269 624 1341 γελαστότερον
648 1271 1099 1343 μετατεθεικέναι
1119 1271 1190 1326 τὰ
1220 1270 1466 1343 ἡμέτερα
1492 1271 1601 1325 τῶν
1628 1271 1830 1343 ὀνομά-

232 1378 372 1425 των,
404 1361 513 1417 τῶν
539 1362 754 1434 σεμνῶν
783 1360 1002 1434 φαλλῶν
1039 1363 1195 1436 ὑμῶν
1238 1364 1337 1418 καὶ
1370 1362 1479 1421 τῶν
1530 1364 1657 1435 ἑξῆς
1724 1367 1829 1432 ἐπ-

234 1448 545 1522 αγομένων.
1206 1448 1217 1467 ⁸

314 1544 458 1602 Ibid.
488 1544 542 1600 8.
578 1545 683 1601 Δεῖ
710 1545 819 1617 γὰρ
843 1545 884 1615 ἢ
922 1545 1184 1615 ἀτυχεῖν,
1210 1546 1324 1616 (95)
1352 1548 1489 1616 παρ’
1530 1547 1790 1614 ἐκείνοις
1812 1587 1828 1602 .

235 1635 370 1701 Πῶς
413 1638 665 1709 ἀτυχείν;
719 1641 801 1703 εἰς
836 1638 1041 1704 πολλὰς
1093 1638 1507 1695 ἀκολασταίνειν
1563 1643 1831 1709 γυναῖκας

235 1730 361 1792 ἕνα,
390 1729 639 1784 τουτέστι
662 1730 754 1785 τὸν
782 1731 1074 1803 κράτιστον
1116 1731 1409 1804 Ἡρακλέα.

1930 544 2290 602 Galilaeorum
2310 545 2666 601 mutationem
2683 543 2993 601 animorum
3005 555 3222 614 quoque
3243 555 3294 593 tu
3303 538 3503 593 utatio-

1923 652 2048 693 nem
2071 634 2388 692 secuturam
2439 648 2566 691 esse
2599 635 2903 690 arbitratus
2951 641 3058 689 est.
3109 630 3505 687 Verumtamen

1924 726 2114 798 reipsa
2147 727 2502 798 perspicuum
2539 725 2644 781 fuit
2682 724 2983 782 Christiani
3033 739 3233 781 nomen
3276 721 3505 778 maximi

1924 819 1992 875 ad
2020 819 2252 891 gloriam
2289 817 2549 889 ponderis
2581 832 2728 883 esse,
2760 833 2825 873 ao
2857 817 3093 888 proinde
3124 815 3229 872 hoc
3256 814 3305 870 is
3342 813 3505 868 moli-

1922 919 2013 967 tus
2046 917 2154 974 est,
2186 919 2245 965 ut
2270 910 2325 965 id
2355 908 2517 965 nobis
2544 910 2807 980 eriperet,
2833 911 2921 967 vel
2948 909 3174 974 timens,
3210 917 3273 963 ut
3299 907 3507 963 daemo-

1926 1018 2046 1069 nes,
2096 1002 2238 1056 hanc
2271 1001 2718 1072 appellationem.

2001 1089 2115 1146 Nos
2170 1099 2346 1146 autem
2411 1091 2629 1145 nomina
2734 1090 2861 1159 ipsis
2927 1088 3336 1159 haudquaquam
3425 1085 3511 1139 in—

1926 1193 2202 1239 vertemtts.
2242 1181 2428 1252 Neque
2475 1182 2624 1236 enim
2646 1178 2830 1235 ~ullum
2872 1180 3027 1235 aliud
3082 1178 3255 1250 magis
3304 1176 3510 1232 ridicu-

1927 1276 2040 1331 lum
2102 1285 2223 1339 est,
2299 1278 2353 1329 in
2415 1274 2562 1346 quod
2621 1283 2811 1329 nostra
2878 1272 3102 1328 nomina
3130 1271 3504 1330 immutemus.

1926 1367 2210 1438 praeclaris
2240 1366 2439 1421 vestris
2467 1365 2759 1437 phallis,et
2786 1363 2908 1418 aliis
2937 1377 3060 1433 quas
3085 1360 3354 1417 continuo
3380 1375 3514 1413 enu-

1928 1466 2240 1515 uterentur.

2004 1547 2159 1620 Apud
2189 1547 2311 1603 illos
2341 1547 2546 1618 injuria
2579 1546 2781 1616 afﬁcere
2826 1551 3047 1612 oportet.
3098 1539 3387 1609 Quomodo
3432 1541 3517 1593 in-

1928 1643 2078 1713 juria
2126 1640 2380 1697 allicere?
2441 1638 2648 1710 Nempe
2692 1638 2897 1693 inultas
2950 1633 3251 1706 ignominia
3302 1631 3520 1687 allicere.

1928 1731 2185 1788 mulieres
2204 1745 2395 1791 ttnum,
2426 1729 2639 1784 scilicet
2671 1726 3034 1782 fortissimum
3071 1723 3382 1779 Herculem.

314 1818 452 1875 Ibid.
480 1819 535 1876 9.
570 1821 647 1875 Ἦ
666 1821 736 1875 ἐκ
762 1820 1010 1877 πολλῶν
1034 1820 1361 1891 γεννᾶσθαι
1381 1821 1835 1896 [admiramur]

2021 1818 2117 1875 Vel
2150 1835 2217 1874 ea:
2240 1818 2422 1874 multis
2449 1817 2726 1888 procreari
2759 1832 2945 1872 unum.
2985 1814 3337 1883 Quemnam?
3369 1812 3519 1867 Pana

231 1909 373 1964 Era.
398 1911 442 1964 Τ
447 1910 566 1977 lvd;
609 1910 700 1965 τὸν
743 1912 898 1966 Πᾶνα
944 1910 1116 1981 λέγει,
1151 1913 1211 1966 ὃν
1248 1911 1671 1983 φασιιπολλοὺς
1706 1930 1840 1985 μνη-

240 1997 454 2069 στῆρας
484 2000 552 2069 τῇ
578 1998 866 2072 Πηνελόπῃ
893 1998 1269 2066 συνελθόντας,
1297 1997 1394 2053 ἕνα
1428 1996 1620 2053 τοῦτον
1643 2014 1838 2071 γεννη-

237 2089 404 2159 θῆναι
430 2089 523 2143 τὸν
548 2090 850 2161 αἴσχιστον,
881 2089 1224 2162 κερασφόρον
1256 2089 1353 2145 καὶ
1379 2089 1746 2161 τραγοαελῆ.

314 2176 434 2231 Col.
486 2175 594 2232 604
624 2178 670 2230 Α
711 2177 767 2232 3.
808 2178 1146 2232 Βουθοίνιιν
1170 2176 1272 2232 καί
1322 2175 1699 2245 Τριέσπερον.
1734 2175 1838 2231 Τὸν

168 2304 175 2311 -
236 2267 407 2322 αὐτὸν
435 2266 584 2334 λέγει
626 2265 924 2340 Ἡρακλέα.
962 2259 1133 2333 Οὗτος
1162 2269 1276 2340 γὰρ
1295 2266 1674 2342 διερχόμενος.
1716 2267 1838 2333 ζευ-

238 2360 405 2431 γίτην
442 2359 785 2431 ἀροτριῶντα
822 2359 1024 2434 εὑρὼν,
1053 2359 1148 2414 καὶ
1181 2360 1273 2415 τδν
1298 2360 1485 2438 ἕτερον
1516 2359 1709 2415 τούτου
1744 2358 1839 2414 θύ-

240 2468 348 2515 σας
374 2444 486 2505 τῶν
517 2450 679 2522 βοῶν,
716 2451 900 2524 θοίνην
936 2450 1132 2507 ἑαυτοῦ
1162 2451 1258 2506 καὶ
1290 2450 1485 2523 βρῶμα
1514 2451 1830 2522 πεποίηται·

240 2543 304 2611 ἐξ
340 2537 403 2598 οὗ
433 2544 528 2599 καὶ
562 2543 899 2615 ὠνόμασται.
955 2543 1014 2597 '0
1059 2543 1223 2608 αὐτὸς
1256 2536 1415 2607 οὗτος
1454 2540 1612 2614 (ibid.
1660 2542 1714 2612 7)
1742 2542 1837 2596 καὶ

237 2636 346 2701 τὰς
370 2635 598 2690 Θεστίου
627 2635 670 2689 ν’
692 2634 998 2707 θυγατέρας
1023 2637 1081 2689 ὲν
1118 2635 1218 2707 μιᾷ
1249 2633 1524 2706 διέφθειρε
1540 2635 1717 2688 νυκτίο
1740 2634 1837 2688 καὶ

237 2729 337 2783 διὰ
378 2727 549 2801 τριῶν
581 2726 793 2782 νυκτῶν
822 2726 1015 2800 ἐτέχθη
1046 2729 1113 2798 τῇ
1167 2726 1473 2800 ’Δλκμὴνῃ,
1508 2727 1840 2797 καινοτομή-

245 2836 441 2884 σαντος
476 2818 573 2875 τοῦ
618 2818 857 2890 μεγάλου
887 2818 1044 2884 Διδς,
1073 2817 1151 2882 ὥς
1196 2835 1381 2888 φασιν,
1428 2817 1494 2871 δι’
1542 2816 1839 2880 ἀκολασίας

242 2910 448 2982 ἔρωτα,
484 2910 581 2963 καὶ
606 2908 707 2973 τὰς
731 2909 966 2983 ἡμέρας,
986 2908 1080 2962 καὶ
1099 2906 1458 2972 κελεύσαντος
1480 2905 1672 2979 [CoisL
1698 2905 1839 2978 ὴμέ-

247 3020 352 3076 ρας
383 3001 528 3076 κελ.]
563 3003 703 3077 ἡλίῳ
738 3004 830 3058 ἐπὶ
855 3004 1004 3075 τρισὶ
1055 3001 1129 3074 μὴ
1160 3002 1439 3058 ἀνατεῖλαι
1475 3001 1733 3073 ἡμέραις,
1762 3000 1838 3064 ὡς

249 3095 330 3166 μὴ
354 3092 635 3167 ἀρ’κούσης
659 3094 854 3158 νυκτὸς
880 3095 1010 3164 μιᾶς
1030 3093 1305 3165 ἐκπλῆσαι
1343 3092 1436 3146 τὸν
1465 3091 1610 3146 οὓτω
1632 3089 1837 3163 θερμὸν

246 3191 394 3257 (cod.
419 3203 475 3257 p.
506 3187 634 3251 268,
664 3187 734 3255 2)
773 3186 871 3241 καὶ
901 3185 1098 3258 ἀτειρῆ
1121 3183 1323 3256 ἔρωτα.

320 3277 455 3336 Ibid.
482 3277 571 3333 η.
623 3277 994 3333 Εῑδωλιανὸν
1029 3275 1129 3331 καὶ
1154 3275 1429 3332 Πισαῖον.
1464 3274 1563 3329 Διά
1587 3273 1688 3347 τὴν
1718 3289 1847 3344 μετ-

244 3369 497 3440 ωνυμίαν
539 3367 650 3423 τῶν
729 3368 1030 3423 Γαλιλαίων
1053 3407 1068 3431 ,
1126 3365 1598 3430 ἀντισκώπτοντες
1647 3364 1841 3438 [CoisL

248 3465 373 3518 ἀντὶ
398 3461 494 3516 τοῦ
522 3460 892 3533 σκώπτοντες]
919 3460 1247 3528 Είδωλιανδν
1289 3458 1453 3513 αὑτὸν
1489 3458 1586 3512 καὶ¹
1619 3458 1847 3510 Πισαῖον

252 3553 451 3628 [CoisL
485 3551 773 3625 Πισσαῖον]
799 3553 1052 3618 ἐκάλουν,
1091 3554 1142 3606 οἱ
1180 3551 1256 3624 μὴ
1300 3550 1742 3622 συναπαχθέντες
1780 3553 1846 3622 τῇ

248 3647 612 3719 δεισιδαίμονι
654 3645 835 3718 πλάνῃ
862 3643 1053 3710 αὐτοῦ,
1085 3645 1146 3699 τὸ
1177 3645 1276 3716 μὲν
1306 3645 1416 3699 ἀπὸ
1444 3644 1558 3698 ’τῶν
1589 3644 1845 3709 εἰδώλων,

249 3740 317 3794 τὸ
334 3738 524 3808 etiam
549 3738 650 3810 τῆς
675 3737 850 3808 Πίσης
871 3735 1062 3808 (Caici.
1087 3734 1369 3808 Πίσσης.]ο
1390 3735 1534 3790 οὕτω
1561 3735 1671 3807 γὰρ
1696 3734 1754 3788 ἐν
1771 3752 1850 3789 τι-

252 3851 342 3887 σιν
371 3831 601 3905 εὓρηται
615 3830 728 3886 τῶν
752 3831 1125 3902 ἀντιγράφων·
1155 3830 1188 3900 ἢ
1214 3830 1324 3885 ἀπὸ
1350 3830 1449 3901 τῆς
1471 3828 1712 3893 πειθοῦς·
1744 3829 1849 3892 ὃτι,

253 3926 411 3994 φασὶ,
439 3926 536 3979 καὶ
561 3921 744 3985 τοῦτο,
773 3923 823 3976 εἰ
856 3923 948 3976 καὶ
985 3921 1317 3993 βραχύτερον
1358 3921 1457 3992 τῆς
1505 3919 1656 3991 βίας,
1697 3920 1851 3991 ὅμως

253 4018 391 4084 παρ’
418 4014 569 4087 αύτῷ
596 4010 687 4087 ἦν.
715 4013 1041 4069 Είδωλιανὸν
1067 4009 1162 4068 οὖν
1184 4013 1348 4067 αὑτὸν
1381 4012 1724 4083 ώνομάκασι,
1756 4012 1849 4065 καὶ

266 4109 556 4164 ’Δδωναῖον
576 4106 737 4179 (ibid.
768 4106 852 4176 l5)
877 4105 987 4160 ἀπὸ
1009 4105 1309 4171 Ἀδώνιδος,
1332 4106 1427 4158 καὶ
1445 4104 1727 4158 Καυσίταυ
1736 4121 1848 4176 ρον,

251 4202 339 4255 δτι
375 4199 639 4264 πολλάκις
665 4198 903 4271 ταύρους
940 4196 1258 4252 ὡλοκαύτει⁸
1304 4196 1442 4250 ἀλλά
1482 4195 1586 4250 κάν
1617 4197 1732 4258 τοῖς
1765 4212 1853 4247 νυ-

257 4293 498 4365 μίσμασι
518 4291 725 4364 ταῦρον
748 4290 1011 4345 ὲνετύπσυ
1032 4307 1047 4322 ο
1070 4290 1150 4343 διὸ
1171 4291 1264 4344 καὶ
1288 4289 1582 4358 Ἀντιοχεῖς
1597 4286 1850 4343 ἀποσκώ-

253 4401 487 4449 πτοντες
535 4382 679 4439 κατά
722 4383 1015 4455 πρόσωπον
1051 4381 1268 4450 ελεγον·
1322 4379 1392 4435 Τό
1436 4378 1702 4450 νόμισμά
1732 4395 1850 4434 σου

252 4478 482 4547 ταῦρον
501 4477 628 4546 ἔχει
654 4476 758 4531 καί
785 4475 894 4531 τὸν
916 4477 1152 4539 κόσμον
1175 4472 1511 4543 ἀνατρέπει·
1547 4470 1845 4543 τροπικῶς,

251 4571 367 4626 dab
403 4569 500 4624 τοῦ
541 4570 649 4623 ύπδ
690 4567 802 4621 τῶν
844 4566 1065 4640 ταύρων
1094 4568 1190 4622 καὶ
1231 4565 1340 4620 τῶν
1376 4565 1515 4635 βοῶν
1549 4564 1846 4636 ἑλκομένου

214 4678 227 4691 ·
252 4664 353 4718 καὶ
383 4663 486 4734 τὴν
521 4662 627 4732 γῆν
652 4661 1053 4733 ἀνατρέποντος
1096 4660 1351 4731 ἀρότρου.

328 4752 448 4808 Col.
489 4750 597 4806 605
639 4751 683 4806 A
733 4751 824 4806 10.
871 4748 953 4818 Τῇ
990 4748 1215 4818 λεοντῇ
1246 4747 1363 4816 τὴν
1395 4744 1700 4815 κερδαλῆν
1753 4747 1850 4815 ἑγ-

252 4847 562 4916 κρύπτων.
599 4842 991 4916 Παροιμιακῶς
1027 4844 1242 4913 εἴρηται
1270 4840 1381 4895 ἀπὸ
1414 4840 1515 4913 τῆς
1547 4840 1712 4912 δορᾶς
1752 4838 1846 4894 τοῦ

254 4939 473 5005 λέοντος
500 4936 594 4991 καὶ
631 4936 731 5006 τῆς
758 4934 1006 5005 κερδοῦς,
1035 4936 1212 4989 εἴτουν
1245 4931 1549 4996 ἀλώπεκος.
1577 4930 1850 5002 Είληπται

253 5030 369 5087 ἀπὸ
397 5027 510 5083 τῶν
550 5026 730 5094 ζώων.
764 5028 938 5089 Λέων,
977 5026 1326 5098 ἰσχυρότατον
1359 5026 1456 5080 καὶ
1485 5021 1848 5095 βασιλικώταο

252 5140 352 5177 τον
391 5122 501 5177 τῶν
532 5119 709 5187 ζώων,
736 5120 966 5190 δυνάμει
995 5119 1233 5192 θαρροῦν
1265 5118 1504 5193 ἀτρύτῳ,
1537 5117 1689 5173 δόλου
1719 5134 1854 5171 παν-

254 5217 353 5280 τὸς
406 5213 712 5286 ἐλεύθερον·
738 5212 916 5284 κερδὼ
942 5212 1022 5276 δὲ,
1068 5209 1228 5285 ῥώμῃ
1266 5211 1364 5282 μὲν
1404 5210 1630 5275 ἀσθενὲς
1659 5208 1847 5282 [εοάά.

257 5303 544 5379 adﬂate],
577 5303 714 5375 δόλῳ
748 5302 808 5357 δε
835 5302 1072 5374 κρατοῦν
1101 5303 1196 5356 καὶ
1229 5300 1612 5373 ἰσχυροτέρων.
1654 5299 1852 5354 Βούλε-

256 5415 351 5454 ται
382 5397 442 5455 δὲ
468 5396 650 5465 λέγειν
674 5398 705 5451 ὁ
731 5395 909 5464 λόγος,
931 5396 1014 5449 ὃτι
1032 5394 1111 5466 τῷ
1136 5393 1446 5466 τυραννικῷ
1467 5395 1560 5448 καὶ
1586 5392 1854 5465 βασιλικῷ

259 5488 385 5562 ἤθει
414 5487 688 5560 ἔκρυπτεν
719 5488 750 5540 ό
792 5486 1132 5557 ’Δποστάτης
1157 5486 1220 5539 τὸ
1248 5485 1557 5557 πανοῦργον
1585 5485 1681 5541 καὶ
1707 5485 1849 5540 δολε-

266 5583 380 5655 pinv,
434 5580 551 5635 ἀλλ’
592 5580 713 5651 οὐχ.
767 5566 849 5643 ὡς
886 5579 1159 5650 βασιλεὺς,
1198 5578 1267 5633 τὰ
1317 5576 1526 5649 βασιλεί
1574 5578 1854 5649 πρέποντα

263 5669 590 5742 ἐλευθερίως
623 5667 720 5724 καὶ
745 5667 1111 5740 ἀπανούργως
1144 5668 1361 5732 ὲτέλει.,

1939 1912 2096 1979 dicit,
2129 1929 2293 1985 quem
2329 1913 2508 1979 aiunt,
2564 1911 2752 1966 multis
2801 1909 3145 1965 amatoribus
3176 1922 3303 1962 cum
3346 1904 3523 1964 Pene-

1939 2006 2064 2077 lope
2112 2003 2454 2076 congressis,
2499 2019 2670 2060 unum
2721 2010 3072 2072 procreatum
3121 1999 3297 2058 fuisse
3346 1999 3526 2055 defero

1940 2099 2272 2161 tutissimum,
2306 2097 2657 2167 cornigerum
2694 2104 2861 2167 atque
2889 2094 3120 2149 hircinis
3154 2092 3409 2162 pedibus.

2007 2188 2325 2245 Buthwnam
2348 2198 2401 2245 et
2429 2187 2807 2257 Trivesperum.
2836 2186 3099 2241 Eumdem
3126 2186 3200 2239 ita
3230 2167 3523 2240 Herculem

1945 2291 2125 2339 vocat.
2174 2279 2275 2336 Hic
2324 2281 2472 2337 enim
2526 2282 2631 2337 iter
2683 2278 2918 2346 faciens,
2954 2294 3080 2335 cum
3128 2277 3321 2350 iugum
3358 2278 3524 2333 boum

1938 2377 2145 2431 terram
2177 2384 2363 2429 aratro
2392 2375 2620 2431 sulcans
2648 2373 2873 2428 obvium
2906 2371 3214 2437 habuisset,
3248 2386 3419 2425 unum
3447 2385 3515 2425 ex

1939 2468 2117 2523 bobus
2150 2474 2440 2538 acceptum
2476 2465 2766 2538 iugulavit,
2795 2479 3030 2533 eumque
3061 2463 3164 2518 sibi
3203 2462 3423 2532 epulum
3468 2468 3528 2518 et

1937 2573 2122 2614 escam
2160 2557 2309 2615 fecit.
2347 2556 2506 2614 Unde
2531 2565 2585 2613 et
2612 2557 2694 2613 sic
2727 2556 2908 2612 dictus
2930 2564 3034 2611 est.
3059 2552 3164 2610 Hic
3192 2555 3338 2610 idem
3365 2553 3525 2625 quin-

1938 2651 2206 2722 quaginta
2234 2648 2445 2717 Thestii
2477 2648 2619 2704 lilias
2661 2662 2768 2704 una
2798 2656 2960 2702 nocte
2997 2646 3293 2718 stupravit.
3325 2644 3387 2699 Et
3422 2660 3519 2717 per

1939 2750 2052 2798 tres
2081 2754 2275 2797 noctes
2302 2742 2559 2797 Alcmene
2604 2755 2729 2796 eum
2762 2738 3040 2810 concepit,
3088 2755 3154 2794 ex
3186 2738 3402 2808 integro
3428 2753 3520 2794 re-

1939 2842 2225 2892 staurante
2258 2848 2457 2904 magno
2484 2830 2642 2896 Jove,
2693 2837 2754 2886 ut
2775 2830 2953 2893 aiunt,
2978 2830 3048 2886 ob
3074 2829 3321 2885 libidinis
3364 2836 3524 2900 petu-

1939 2927 2190 2991 lantiam,
2224 2941 2463 2990 amores,
2511 2931 2566 2981 et
2612 2924 2751 2987 dies,
2795 2922 3010 2992 solique
3058 2922 3368 2992 imperante
3421 2935 3522 2990 per

1940 3031 2052 3076 tres
2076 3020 2372 3075 continuos
2395 3018 2515 3074 dies
2547 3033 2657 3073 non
2689 3017 2849 3081 oriri.
2889 3014 3047 3087 quasi
3076 3029 3185 3069 non
3215 3012 3524 3069 sulllciente

1941 3124 2104 3169 nocte
2135 3127 2243 3168 una
2274 3112 2344 3167 ad
2375 3112 2706 3182 explendum
2737 3110 2877 3167 adeo
2904 3106 3145 3163 calidum
3170 3116 3340 3177 atque
3366 3105 3523 3161 intle—

1951 3207 2158 3264 fessum
2184 3218 2451 3259 amorem.

2021 3297 2330 3353 Idolianum
2364 3302 2415 3350 el
2444 3293 2702 3350 Piraum.
2751 3291 2986 3364 Propter
3039 3288 3395 3344 Galilaeorum
3433 3302 3536 3342 no-

1951 3390 2121 3447 minis
2155 3388 2618 3452 immutationem,
2655 3385 2848 3441 eodem
2871 3383 3000 3438 ludo
3028 3381 3381 3444 ulciscentes,
3413 3375 3536 3432 ldo-

1952 3483 2162 3538 lianum
2191 3497 2316 3538 eum
2343 3489 2398 3536 et
2429 3480 2661 3535 Pisaeum
2686 3476 2985 3538 vocabant,
3013 3472 3109 3544 qui
3133 3486 3243 3526 non
3272 3471 3539 3539 supersti-

1951 3577 2109 3632 tiosis
2143 3574 2265 3644 ejus
2306 3574 2591 3630 erroribus
2630 3571 2899 3627 abstracti
2940 3577 3123 3629 erant,
3167 3566 3401 3622 alterum
3423 3564 3540 3634 qni-

1951 3666 2074 3722 dem
2111 3666 2178 3721 ab
2216 3665 2401 3728 idolis,
2459 3666 2694 3719 alterum
2733 3676 2763 3716 a
2800 3661 2977 3733 Πίσης
3032 3657 3232 3730 (Pisa).
3275 3654 3357 3710 Ita
3387 3657 3537 3710 enim

1952 3759 2009 3813 in
2040 3757 2321 3814 nonnullis
2353 3758 2635 3813 invenitur
2668 3754 3060 3824 tnanuscriptis
3086 3769 3103 3818 ;
3151 3751 3290 3806 vela
3316 3748 3543 3814 πειθοῦς

1952 3847 2379 3920 (persuasione);
2422 3847 2590 3917 quod,
2640 3847 2817 3910 aiunt,
2868 3843 2985 3899 haec
3019 3857 3264 3913 quoque,
3315 3841 3422 3895 etsi
3451 3855 3542 3894 ra-

1952 3943 2067 3995 rior
2119 3940 2405 4001 violentia,
2451 3945 2637 3994 tamen
2670 3935 2818 4008 apud
2866 3951 2995 3991 eum
3037 3945 3176 3990 erat.
3226 3932 3541 3988 ldolianutu

1951 4032 2119 4103 igitur
2156 4047 2281 4087 eum
2329 4036 2811 4101 nuncupaverunt,
2845 4037 2900 4080 et
2932 4026 3252 4082 Adon'ueum
3283 4025 3356 4081 ab
3391 4024 3544 4078 Allo-

1953 4125 2103 4189 nide,
2160 4132 2215 4179 et
2257 4122 2702 4188 Tauricremutn,
2758 4121 2906 4190 quod
2955 4122 3160 4188 saepius
3195 4119 3364 4172 boves
3418 4116 3546 4182 igne

1952 4223 2242 4273 cremat-et.
2283 4214 2556 4270 Monetam
2587 4227 2809 4283 quoque
2859 4220 3023 4276 tauro
3058 4208 3339 4278 signabat.
3395 4205 3543 4271 Qua-

1953 4314 2175 4378 propter
2208 4305 2535 4360 Antiocheni
2586 4304 2797 4357 vultum
2845 4302 2968 4372 ejus
3011 4300 3330 4357 deridentes
3391 4297 3542 4353 ilice-

1950 4399 2131 4463 baut:
2199 4396 2418 4452 Moneta
2472 4406 2563 4451 tua
2601 4405 2818 4451 laurum
2873 4393 3045 4455 habet,
3072 4402 3122 4448 et
3155 4398 3412 4451 mundum
3459 4389 3544 4450 in—

1882 4507 1925 4563 υ
1953 4491 2158 4546 vertit:
2224 4487 2600 4559 metaphorice
2652 4487 3002 4555 desumptutn
3054 4500 3121 4540 ex
3177 4493 3358 4545 aratro
3398 4480 3546 4553 quod

1953 4597 1987 4636 a
2017 4582 2193 4637 bobus
2218 4580 2523 4636 extrahitur
2549 4587 2860 4649 terramque
2892 4576 3135 4635 invertit.

2030 4756 2275 4813 Leonina:
2304 4756 2430 4825 pelli
2464 4756 2733 4826 vulpinam
2770 4769 3086 4823 pratexens.
3118 4747 3547 4806 Proverbialiter

1957 4850 2163 4905 dictum
2211 4866 2240 4903 a
2278 4850 2452 4907 leonis
2485 4849 2657 4912 corio,
2692 4848 2999 4918 vnlpisque.
3036 4843 3150 4904 Hoc
3184 4843 3254 4898 ab
3294 4842 3549 4900 animali-

1957 4945 2061 5001 bus
2096 4944 2467 5013 desumptum.
2516 4938 2643 5007 Leo,
2675 4940 3074 5005 validissimum
3117 4937 3546 5009 regalissiiuum-

1957 5053 2065 5110 que
2107 5037 2450 5100 animalium,
2479 5036 2695 5095 viribus
2733 5034 3015 5090 conlidens
3049 5029 3350 5087 indomitis.
3380 5036 3547 5097 atque

1960 5129 2030 5184 ab
2053 5129 2202 5182 omni
2223 5127 2351 5184 dolo
2368 5128 2620 5185 liberum.
2639 5127 2841 5183 Contra
2868 5126 3079 5194 vulpes,
3106 5122 3302 5177 robore
3321 5118 3542 5191 quidem

1959 5220 2179 5285 debilis,
2216 5227 2339 5278 astu
2380 5220 2637 5290 superior
2665 5227 2721 5274 et
2753 5218 3023 5273 valentior
3063 5223 3168 5270 est.
3205 5211 3379 5282 Cujus
3421 5225 3542 5265 ser-

1956 5315 2139 5370 monis
2182 5315 2269 5368 hic
2321 5328 2539 5376 sensus,
2591 5310 2739 5386 quod
2784 5312 2889 5366 sub
2932 5305 3236 5381 tyrannicis
3273 5305 3545 5376 regiisque

1957 5406 2202 5461 moribus
2249 5406 2565 5474 Apostatam
2614 5402 2859 5458 fraudem
2911 5411 2965 5457 et
3007 5398 3304 5456 versutiam
3355 5396 3545 5451 occul-

1958 5496 2126 5556 tabat,
2157 5490 2334 5566 neque
2360 5503 2420 5550 ut
2451 5496 2767 5563 imperator,
2795 5508 2857 5548 ea
2884 5508 3005 5563 qua!
3038 5492 3423 5561 imperatorem
3447 5484 3544 5541 d‘c-

1956 5589 2175 5653 eebant,
2209 5589 2378 5646 libere
2400 5604 2463 5642 ac
2491 5587 2815 5658 simpliciter
2837 5584 3257 5656 exsequebatur.

288 5851 301 5863 ‘
339 5780 450 5852 (95)
479 5778 645 5863 _Ei|_iti
689 5781 917 5863 ἀδικεζν.
973 5789 1158 5863 recte;
1208 5781 1432 5853 ἀτυχεῖν
1471 5779 1614 5852 quod
1640 5781 1834 5854 legunt
1871 5789 2123 5845 nonnulli
2158 5803 2317 5853 mss.,
2357 5783 2546 5844 sensui
2591 5780 2821 5840 multum
2863 5780 3062 5850 olllcit;
3099 5787 3151 5838 et
3220 5778 3343 5835 ideo
3383 5770 3535 5828 Basi-

263 5851 394 5920 ιὶυε,
426 5850 544 5916 πῶς
572 5854 826 5923 ἀτυγεῖνς
862 5852 1060 5926 inquit.
