3856 6220
313 281 454 368 m5

1685 291 1928 349 BASILII
1962 290 2181 347 MINHH

3430 285 3592 342 Μεθ’

312 419 375 463 ut
405 411 474 465 ab
517 408 754 464 Homero
803 408 1123 466 allosiouem
1169 409 1377 466 ducens
1418 411 1574 466 dixit.
1607 409 1883 467 DisSecto-

2017 410 2206 464 οὖσθαι
2237 410 2295 476 ἐξ
2335 409 2574 480 Ὀμήρου
2605 406 2794 479 (Iliad.
2819 407 2884 468 Φ,
2904 405 3028 473 219)
3060 401 3239 457 λαϐὼν
3263 400 3414 456 εἷπε·
3442 402 3558 456 τῶν

313 517 436 552 ιιιιιι
491 513 617 554 vero
665 515 953 569 puerorum
1004 501 1420 571 virginumque,
1457 512 1510 556 et
1554 518 1745 556 eorum
1791 503 1884 573 qui

2014 504 2032 542 ?‘
2069 500 2520 571 ἀνατεμνομένων
2554 499 2759 553 παίδων
2785 515 2844 551 τε
2885 497 2979 550 καὶ
3013 495 3296 566 παρθένων
3327 497 3424 548 καὶ
3451 497 3564 546 τῶν

313 606 417 658 pro
449 592 644 661 pietate
687 607 746 645 se
776 593 1032 661 periculis
1064 594 1398 662 obiecerant,
1430 610 1660 664 corpora
1697 597 1751 649 in
1785 612 1886 663 pu-

316 685 449 750 bis.
483 692 535 738 et
569 682 763 750 fossis,
807 696 862 740 et
895 686 1094 748 muris,
1136 686 1392 756 cavisque
1439 688 1716 743 nonnullis
1754 688 1889 743 locis

318 775 703 830 abscondehat.

393 864 624 920 lle/iuris
665 867 891 934 fortuna?
925 877 1153 935 tempore
1195 869 1486 937 infortunio
1529 872 1793 940 aﬂactam.
1832 871 1889 926 In

319 956 420 1008 hac
455 971 648 1027 magna
683 965 868 1012 nostra
897 959 1145 1013 Caesarea
1190 965 1445 1029 templum
1475 973 1592 1016 erat
1630 973 1684 1017 et
1711 973 1890 1017 statua

320 1043 594 1107 Fortunae,
626 1047 791 1117 quod.
841 1050 893 1102 in
929 1049 1088 1104 istius
1129 1051 1336 1120 imperii
1371 1060 1425 1106 et
1447 1053 1718 1109 felicitatis
1751 1063 1888 1108 tein-

320 1149 470 1200 pore,
499 1135 580 1188 vir
611 1137 902 1206 quispiam,
933 1140 1128 1193 acriori
1164 1144 1359 1209 pietate
1388 1141 1666 1211 praeditus,
1703 1143 1893 1198 incen-

317 1233 472 1279 derat
515 1238 675 1296 atque
706 1230 761 1284 in
796 1232 1032 1284 cinerem
1085 1233 1364 1302 redegerat
1396 1252 1410 1286 :
1443 1249 1506 1288 ex
1552 1250 1660 1303 quo
1707 1235 1891 1290 Caesa-

322 1319 530 1374 rienses
564 1319 632 1376 ab
659 1335 722 1376 eo
765 1323 1112 1378 contumeliis
1159 1324 1335 1379 allecti
1366 1326 1640 1381 diuturnis
1683 1328 1892 1383 exsiliis

321 1409 532 1466 multati
577 1420 724 1466 sunt.

393 1500 699 1574 Novamque
721 1505 875 1560 deum
911 1504 1060 1561 illum
1091 1509 1238 1563 nobis
1265 1512 1528 1580 efﬁngunt.
1552 1509 1732 1581 Ipsum
1757 1513 1894 1567 dixit

319 1592 537 1648 atheum
573 1595 894 1653 Idolianum.
943 1599 1016 1653 Ita
1046 1601 1191 1655 enim
1221 1616 1367 1668 eum,
1409 1605 1501 1672 qui
1540 1605 1699 1660 istius
1728 1621 1892 1676 opera

317 1685 739 1751 venerabantur,
769 1688 1090 1760 efﬁngebant
1119 1695 1509 1764 vocabantque.

392 1854 553 1923 Atqui
585 1857 808 1927 hydram
849 1876 1000 1914 nemo
1031 1877 1260 1931 unquam
1293 1867 1457 1919 lenem
1485 1877 1534 1920 et
1564 1881 1895 1922 mansuetam

317 1945 475 1999 dixit.
513 1946 639 2002 Erat
669 1950 837 2020 hydra
877 1967 1049 2021 genus
1090 1957 1360 2025 serpentis
1390 1960 1696 2028 multiceps,
1736 1963 1894 2026 cujus

319 2038 498 2106 capita
551 2040 831 2102 Hercules.
875 2054 931 2098 ut
981 2055 1151 2114 poctte
1198 2047 1428 2118 lingunt,
1463 2065 1652 2107 secare
1701 2054 1891 2122 nequi-

321 2126 432 2190 bat,
472 2143 569 2196 pro
599 2146 706 2183 uno
740 2132 997 2186 nimirum
1030 2136 1216 2191 multis
1245 2137 1390 2198 aliis,
1434 2138 1480 2192 si
1521 2138 1717 2194 fabula:
1763 2141 1896 2196 lides

319 2212 623 2270 adhibenda
665 2229 768 2282 est,
815 2224 1226 2289 enascentibus,
1277 2227 1382 2282 nisi
1427 2229 1622 2298 Iolaus,
1656 2231 1747 2300 qui
1781 2243 1894 2284 tum

318 2303 540 2368 aderat,
596 2323 830 2378 euntque
872 2310 1197 2381 adjuvabat,
1247 2316 1491 2374 abscissa
1525 2321 1702 2391 capita
1735 2336 1897 2377 exus-

319 2406 503 2451 “sset.

396 2487 1059 2550 PataricamChimwram.
1089 2496 1206 2567 Ipsa
1240 2500 1341 2554 tria
1373 2503 1573 2572 capita.
1605 2505 1760 2575 juxta
1788 2507 1898 2562 110-

319 2594 552 2646 nterum,
590 2581 842 2639 habebat.
883 2586 928 2639 A
967 2587 1167 2652 fronte,
1200 2591 1298 2655 ait,
1333 2595 1436 2659 lco,
1467 2610 1496 2648 a
1531 2604 1682 2666 tergo
1706 2599 1894 2662 draco,

318 2672 374 2724 iu
405 2674 583 2728 medio
611 2675 885 2732 chimara.
917 2679 1070 2737 Hauc
1098 2681 1455 2754 Bellerophon
1491 2687 1698 2744 Patarte
1727 2691 1780 2745 in
1809 2690 1895 2746 Ci-

320 2764 444 2819 licia
474 2766 760 2823 interfecit.
795 2769 1088 2828 Cerberum
1123 2791 1339 2846 quoque
1373 2779 1672 2835 inferorum
1706 2799 1898 2838 canem

320 2858 424 2912 tria
464 2860 640 2931 capita
685 2863 938 2919 similiter
989 2865 1246 2924 habuisse
1285 2869 1515 2940 lingunt.
1555 2873 1753 2928 Inferni
1799 2892 1899 2928 κυ-

320 2952 466 3022 νέην,
495 2957 738 3009 caninam
769 2959 974 3027 pellem.
1008 2962 1216 3032 nigram
1267 2966 1472 3018 circum
1515 2979 1677 3035 caput
1723 2969 1895 3023 aiunt.

320 3043 502 3116 κυνέη
531 3056 738 3114 autem,
768 3067 889 3120 quae
921 3068 951 3106 e
995 3055 1188 3109 canina
1237 3057 1374 3126 pelle
1407 3057 1656 3114 confecta
1689 3068 1790 3114 est.
1824 3058 1898 3114 De

320 3141 534 3196 cauet-is
565 3142 812 3199 historiis
851 3147 1052 3216 saepius
1084 3149 1286 3203 dictum
1316 3161 1422 3206 est.

395 3316 600 3372 Partim
622 3321 738 3389 jam
771 3322 1099 3389 horrescunt,
1128 3327 1255 3380 dum
1286 3328 1611 3385 excitantur.

397 3499 608 3556 Partim
682 3507 1171 3574 superltorrescunt.
1253 3509 1385 3566 Post
1441 3512 1553 3580 jam
1625 3514 1892 3570 excitatas

323 3596 653 3651 excitantur.
714 3597 917 3653 Partim
984 3601 1166 3656 adhuc
1236 3604 1569 3672 quiescunt,
1625 3612 1740 3660 toto
1789 3606 1898 3661 sci-

323 3685 449 3740 licet
479 3688 736 3745 draconis
765 3701 941 3747 tractu
972 3694 1213 3747 nondum
1241 3703 1442 3748 emoto.

393 3778 845 3844 Quemadmodum
893 3783 1134 3852 fulmine.
1183 3787 1316 3840 Aliae
1361 3796 1556 3854 partes,
1594 3787 1699 3851 ait,
1741 3805 1897 3842 occu-

321 3881 536 3937 pantur,
572 3873 696 3926 alite
739 3876 946 3945 nigrore
991 3878 1138 3942 prius
1171 3879 1501 3946 injiciuntur.
1551 3879 1712 3934 Sicco
1753 3882 1897 3934 enim

323 3976 524 4032 vapore
565 3964 824 4033 spissato,
867 3974 1030 4034 atque
1074 3967 1128 4019 in
1169 3967 1305 4022 locis
1337 3979 1612 4038 congesto,
1643 3975 1697 4023 et
1737 3968 1898 4024 alicui

321 4055 402 4108 rei
444 4055 865 4122 adhaerescente,
897 4058 1130 4126 primum
1158 4059 1376 4128 quidem
1409 4059 1584 4114 nubes
1616 4060 1898 4128 nigrescit,

324 4144 451 4198 dein
495 4152 809 4202 tumescens
847 4149 1106 4218 agitatur,
1141 4149 1530 4219 dissiliensque
1558 4149 1776 4220 pendet,
1799 4149 1899 4204 ful-

317 4248 636 4306 guransque
667 4235 928 4301 defertur.
955 4240 1102 4309 quod
1133 4238 1340 4294 fulmen
1365 4250 1580 4294 vocant.

397 4492 540 4548 Nam
578 4512 696 4564 quo?
742 4513 834 4549 nec
913 4496 1294 4551 Diocletianus.
1346 4499 1446 4554 llic
1493 4505 1704 4570 primus
1739 4504 1892 4560 Chri-

321 4588 533 4643 stianos
568 4590 914 4642 contumeliis
961 4590 1173 4656 allecit,
1201 4591 1323 4645 dein
1373 4592 1733 4653 Maximianus
1781 4606 1905 4667 post

321 4693 447 4732 eum
481 4687 536 4731 et
579 4695 743 4750 super
777 4696 938 4748 eum;
985 4679 1181 4734 deinde
1215 4677 1485 4738 Maximus
1518 4683 1894 4738 vehementius

323 4765 525 4830 adhuc,
549 4771 731 4838 cujus,
751 4778 810 4820 ut
831 4770 928 4836 ait,
961 4786 992 4824 a
1024 4769 1134 4826 Deo
1168 4788 1485 4844 percussum
1521 4793 1722 4846 corpus
1760 4782 1904 4835 laede

325 4856 638 4912 mutilatum
684 4869 788 4924 est,
835 4862 1209 4935 imaginesque
1251 4865 1391 4921 hanc
1429 4866 1724 4924 fwditatem
1762 4872 1904 4925 inl‘a-

323 4948 430 5001 mia
464 4958 676 5006 notant.

397 5027 569 5098 Porro
594 5062 748 5114 quam
780 5049 914 5102 scita
948 5059 998 5103 et
1029 5061 1186 5104 acuta
1211 5053 1348 5105 ratio
1369 5053 1638 5118 carni/iris
1673 5053 1818 5105 illius
1851 5062 1902 5106 et

327 5133 421 5188 Dei
444 5137 748 5194 desertoris.
776 5139 911 5194 Cum
947 5143 1168 5213 quidem
1197 5145 1495 5200 verberans
1518 5151 1573 5199 et
1602 5144 1748 5198 omni
1776 5159 1901 5198 cru-

394 5314 472 5385 (6)
502 5314 636 5372 Vide
663 5333 827 5381 supra
862 5319 929 5372 ad
959 5321 1065 5374 col.
1099 5320 1204 5376 604
1235 5323 1277 5374 Α
1310 5322 1397 5376 14.

394 5385 623 5460 (7)1109
666 5389 911 5460 scholfou
954 5390 1064 5458 jam
1115 5392 1325 5444 laudavi
1366 5394 1434 5447 ad
1481 5391 1891 5460 Epimerismata

325 5455 617 5529 Ili-rodianj
652 5461 732 5526 (p.
773 5459 928 5527 H9),
955 5455 1096 5514 ’νυοῦ
1127 5463 1395 5529 Χίμαιρα.

396 5527 472 5594 (8)
505 5526 563 5580 Ι).
595 5525 865 5581 Letronne
890 5525 964 5584 ad
1011 5531 1154 5584 hunc
1181 5525 1358 5585 Ιοριίιιι
1393 5533 1700 5595 adnotavit,
1735 5533 1888 5587 Basi-

325 5594 381 5674 I‘II
417 5600 497 5674 vel
548 5601 964 5674 anianucnsium
1005 5602 1158 5674 lapsu
1191 5604 1458 5672 scriptum
1495 5594 1748 5674 Κιλικίας
1796 5621 1894 5674 pro

321 5663 548 5726 Λυκίας.
578 5664 832 5740 Patartm‘
861 5671 1006 5722 enim
1036 5663 1210 5739 Cyria:
1244 5663 1586 5740 mi-tropolim
1613 5663 1810 5736 fuisse:
1839 5683 1896 5727 ut

324 5743 471 5801 patet
503 5751 568 5790 ex
602 5737 703 5792 hac
739 5737 1100 5808 inscriptione
1132 5759 1251 5810 qurc
1285 5745 1336 5798 in
1371 5737 1477 5797 una
1511 5758 1576 5797 ex
1607 5743 1727 5810 ejus
1767 5760 1890 5811 por-

1989 594 2128 664 ὑπὲρ
2151 593 2429 658 εὐσεϐείας
2458 591 2876 647 κινδυνευόντων
2907 590 3106 662 φρέασί
3131 606 3189 642 τε
3222 590 3317 640 καὶ
3347 588 3575 658 διώρυξι

1992 687 2083 738 καὶ
2108 686 2308 756 τοίχοις
2339 685 2434 737 καί
2467 684 2668 746 κοίλοις
2702 684 2844 736 τισὶν
2873 684 3251 752 ἐναπέκρυπτε
3289 681 3498 742 τόποις.

2058 861 2178 916 Col.
2211 859 2316 913 625
2357 859 2401 913 A
2427 861 2480 915 9.
2530 861 2626 912 Ἑν
2658 857 2841 924 καιρῷ
2878 857 2989 926 τῆς
3024 857 3309 926 εὐτυχίας
3351 856 3578 924 devm-

1991 950 2212 1016 σάσης.
2271 950 2360 1002 Ἐν
2405 953 2472 1021 τῇ
2512 949 2634 1004 καθ’
2684 951 2830 1019 ἡμᾶς
2885 947 3192 1028 Καισαρείᾳ
3235 950 3302 1018 τῇ
3361 945 3583 1017 μεγάλῃ

1990 1039 2160 1110 ταύτῃ
2183 1040 2308 1102 ναὸς
2332 1034 2400 1109 ἦν
2427 1039 2521 1091 καὶ
2552 1038 2720 1110 στήλη
2746 1041 2845 1110 τῆς
2870 1040 3073 1108 Τύχης,
3094 1039 3280 1107 ὅνπερ.
3313 1040 3374 1091 ὲν
3397 1037 3581 1106 καιρῷ

1989 1137 2088 1203 τῆς
2120 1131 2286 1184 αὑτοῦ
2323 1130 2602 1200 βασιλείας
2639 1132 2733 1184 καὶ
2761 1131 3036 1201 εὐτυχίας,
3067 1130 3198 1201 πυρί
3226 1147 3312 1191 τις
3341 1128 3452 1182 τῶν
3495 1129 3585 1190 εἰς

1992 1222 2274 1275 εὐσέϐειαν
2315 1221 2663 1291 θερμοτέρων
2709 1222 3033 1274 καταϐαλὼν
3084 1219 3414 1292 ἁπῃθὰλωσε
3438 1234 3453 1249 ·
3495 1219 3584 1272 διὸ

1993 1316 2087 1368 καὶ
2125 1314 2215 1367 ὑπ’
2252 1314 2416 1366 αὐτοῦ
2445 1313 2900 1383 περιυϐρισμένου
2933 1313 3296 1385 ἀπελήσαντο,
3336 1314 3584 1384 μακραῖς

1995 1406 2311 1477 ὑπερορίαις
2337 1406 2779 1476 κατακριθέντες.

2065 1496 2200 1552 Ibid.
2233 1498 2273 1553 C
2306 1497 2389 1552 12.
2435 1499 2544 1552 Καὶ
2577 1497 2684 1551 τὸν
2723 1497 2857 1552 νέον
2915 1497 3052 1551 θεὸν
3090 1497 3231 1565 ἡμῖν
3273 1494 3584 1551 ἀναπλάτ-

1993 1607 2218 1656 τοντες.
2251 1590 2423 1642 Αὑτὸν
2454 1589 2601 1658 λέγει
2629 1588 2722 1643 τὸν
2746 1588 2903 1643 ἄθεον
2931 1587 3254 1642 Εἱδωλιανόν
3280 1588 3381 1658 (6).
3419 1586 3590 1640 Οὕτω

1995 1683 2104 1752 γὰρ
2130 1681 2290 1734 αὑτὸν
2317 1682 2365 1732 οἱ
2392 1680 2461 1734 τὰ
2488 1680 2697 1734 ἐκείνου
2743 1679 2990 1743 σέϐοντες
3033 1678 3368 1732 ἀνέπλαττόν
3392 1695 3450 1730 τε
3486 1677 3587 1732 καὶ

1930 1761 1972 1816 Β
2001 1773 2350 1842 ἀνηγόρευον.

2066 1861 2200 1917 Ibid.
2243 1861 2285 1914 Ι)
2335 1862 2380 1914 l.
2423 1860 2544 1928 Τὴν
2580 1860 2768 1928 ὕδραν
2805 1860 3004 1925 οὐδείς
3037 1876 3182 1913 ποτε
3223 1857 3392 1914 εἶπεν
3434 1859 3587 1928 ἢμε-

1991 1973 2124 2022 ρον.
2157 1950 2308 2018 Εἶδος
2331 1954 2506 2022 ὄφεως
2537 1953 2672 2023 ὕδρα
2707 1951 3102 2020 πολυκέφαλον,
3126 1948 3195 2024 ἧς
3217 1953 3244 2004 ὁ
3284 1952 3586 2024 Ἡρακλῆς,

1997 2047 2073 2110 ὡς
2106 2049 2135 2100 ό
2183 2046 2388 2117 μῦθος,
2444 2045 2544 2109 τὰς
2589 2035 2836 2114 ¹κεφαλὰς
2882 2044 3204 2115 ἀποτέμνων
3251 2044 3352 2097 οὐκ
3397 2045 3584 2114 ἤρκει.

1995 2139 2116 2191 ἀντὶ
2167 2139 2294 2207 μιᾶς
2334 2137 2618 2204 πλειόνων,
2658 2138 2734 2200 ὥς
2774 2153 2939 2206 φασι,
2977 2136 3300 2206 φυομένων,
3341 2139 3389 2189 εἰ
3437 2137 3514 2205 μὴ
3554 2137 3589 2188 ό

2008 2230 2214 2292 Ἰόλεως
2257 2229 2448 2301 παρών
2494 2246 2554 2282 τε
2603 2229 2700 2282 καὶ
2761 2228 3066 2299 συμμαχῶν
3115 2229 3433 2298 ἐνεπίμπρα
3481 2228 3586 2290 τὰς

1995 2321 2356 2393 τεμνομένας.

2065 2501 2187 2557 Col.
2227 2502 2336 2557 628
2379 2501 2424 2554 Α
2467 2501 2518 2554 1.
2561 2498 2905 2568 Παταρικὴν
2956 2501 3262 2569 Χίμαιραν.
3311 2498 3461 2570 Αὕτη
3503 2499 3588 2569 (7)

1996 2597 2144 2668 τρεῖς
2175 2592 2416 2664 κεφαλὰς
2446 2593 2566 2646 καθ’
2599 2594 2844 2662 Ὅμηρον
2896 2591 3098 2663 (Iliad.
3141 2591 3205 2656 Ξ,
3237 2592 3370 2659 181)
3418 2587 3539 2662 εἶχε
3566 2610 3582 2623 -

1999 2687 2235 2759 πρόσθεν
2291 2685 2493 2756 ICoisl.
2536 2683 2770 2755 πρόσθε]
2806 2683 2946 2752 γὰρ,
2977 2683 3080 2753 ἔφη
3102 2723 3116 2745 ,
3152 2684 3318 2746 λέων,
3356 2683 3588 2736 ὄπισθεν

1997 2778 2054 2831 δὲ
2090 2779 2328 2850 δράκων,
2366 2776 2505 2846 μέση
2548 2774 2605 2827 δὲ
2647 2775 2916 2847 χίμαιρα·
2965 2775 3032 2845 ἢν
3078 2777 3106 2828 ό
3148 2775 3589 2846 Βελλεροφόντης

1999 2873 2208 2926 ἀνεῖλεν
2237 2874 2296 2925 ὲν
2337 2871 2612 2942 Πατάροις
2639 2870 2738 2940 τῆς
2766 2869 3020 2932 Κιλικίας
3055 2869 3152 2940 (8).
3183 2871 3343 2941 Τρεῖς
3365 2873 3464 2924 καὶ
3491 2871 3587 2926 τὸν

2000 2964 2277 3034 Κέρϐερον
2303 2961 2396 3015 τοῦ
2421 2962 2548 3033 ᾅδου
2577 2960 2715 3014 κύνα
2746 2959 2880 3029 φασὶ
2911 2959 3152 3029 κεφαλὰς
3181 2962 3386 3031 ὁμοίως
3415 2962 3584 3032 ἔχειν.

2004 3055 2206 3119 Ἄϊδος
2228 3053 2284 3105 δὲ
2300 3051 2546 3119 κυνέην,
2573 3051 2830 3122 μέλαιναν
2861 3051 3289 3120 περικεφαλαίαν
3306 3052 3439 3119 φασί
3459 3067 3587 3103 ’κυο

1997 3144 2104 3212 νέη
2118 3143 2175 3196 δὲ
2203 3145 2236 3213 ἡ
2264 3142 2371 3195 ἀπὸ
2403 3143 2563 3205 κυνὸς
2614 3129 2883 3212 δέρματος
2909 3141 3415 3212 κατεσκευασμένη.
3448 3142 3588 3212 Περὶ

2000 3236 2107 3287 τῶν
2134 3234 2308 3290 ἄλλων
2339 3233 2587 3304 ἱστοριῶν
2626 3233 2700 3304 (9)
2729 3233 2946 3304 εἴρηται
2973 3233 3254 3297 πολλάκις.

2069 3327 2189 3382 C01.
2226 3326 2330 3381 629
2362 3327 2407 3380 Α
2440 3326 2492 3379 1.
2537 3329 2603 3379 Al
2621 3325 2738 3394 μὲν
2763 3325 2840 3394 δὴ
2877 3326 3271 3396 φρίσσουσιν.
3314 3325 3581 3398 Ἐγηγερο

2003 3420 2161 3490 μέναι
2186 3418 2342 3472 εἰσίν.

2070 3509 2202 3564 Ibid.
2237 3512 2308 3563 Al
2335 3508 2405 3561 δὲ
2431 3507 2925 3576 ἐπιφρίσσουσιν.
2976 3505 3098 3557 Ἐπὶ
3139 3507 3260 3568 ταῖς
3289 3505 3390 3575 ἤδη
3423 3506 3588 3578 ἐγερ-

1999 3601 2209 3663 θείσαις
2245 3599 2623 3669 ἐπεγείρονται
2645 3614 2661 3630 ο
2690 3600 2744 3651 αἱ
2780 3597 2836 3649 δὲ
2862 3596 3001 3658 τέως
3034 3597 3132 3666 μὲν
3168 3597 3458 3666 ἢρεμοῦσι,
3490 3596 3590 3650 τοῦ

1999 3692 2157 3746 ὁλκοῦ
2184 3693 2348 3762 μήπω
2373 3690 2496 3743 ὅλου
2525 3689 2618 3742 τοῦ
2645 3689 2938 3760 δράκοντος
2972 3687 3305 3758 κινηθέντος.

2070 3784 2204 3838 Ibid.
2234 3785 2288 3837 5.
2322 3784 2551 3846 Ὠσπερ
2580 3779 2850 3849 κεραυνῷ
2883 3779 3073 3851 [CoisL
3107 3779 3208 3832 καὶ
3237 3777 3587 3850 κεραυνοῦ).

2007 3875 2081 3930 Τὰ
2113 3873 2248 3944 μὲν,
2286 3873 2442 3945 φησὶ,
2478 3873 2807 3941 κατέχεται,
2844 3871 2918 3924 τὰ
2954 3870 3022 3922 δὲ
3061 3868 3217 3937 (Cod.
3257 3887 3306 3938 p.
3341 3869 3469 3931 270,
3512 3869 3534 3922 1
3569 3883 3588 3938 )

2000 3967 2482 4036 προμελαινεται·
2524 3966 2622 4035 τῆς
2652 3964 2759 4034 γὰρ
2797 3962 2967 4034 ξηρᾶς
3017 3962 3435 4031 ἀναθυμιάσεως
3482 3978 3589 4013 πα-

2002 4058 2307 4130 χυνθείσης,
2337 4058 2439 4110 κάν
2461 4056 2647 4118 τόποις
2669 4055 2858 4126 [CoisL
2885 4053 3058 4124 τόπῳ]
3082 4051 3588 4123 συναθροισθείσης,

2000 4152 2093 4205 καὶ
2126 4151 2299 4230 ent.“
2329 4147 2780 4216 κατασχεθείσης,
2813 4145 3121 4215 μελαίνεται
3163 4144 3263 4214 μὲν
3294 4143 3587 4214 πρότερον.

2001 4237 2117 4294 εἶτα
2149 4239 2601 4309 πνευματωθεῖσα
2630 4241 2879 4301 κινεῖται,
2899 4237 2992 4289 καὶ
3021 4235 3333 4306 ῥηγνυμένη
3355 4235 3584 4301 ἐξάπτε-

1999 4351 2108 4396 ται,
2142 4333 2234 4385 καὶ
2271 4331 2420 4384 κάτω
2452 4330 2845 4402 ἀστράπτουσα
2878 4329 3124 4400 φέρεται,
3150 4327 3178 4380 ὃ
3214 4329 3310 4381 καὶ
3340 4327 3591 4398 σκηπτὸς

1932 4438 1976 4494 ο
2003 4425 2268 4480 καλεῖται.

2075 4516 2211 4569 Ibid.
2265 4513 2305 4567 Β
2341 4515 2391 4568 1.
2441 4515 2508 4567 Ἀ
2562 4515 2674 4582 γὰρ
2724 4513 2877 4582 μήτε
2912 4512 3358 4579 Διοκιητιανός.
3413 4507 3591 4574 Οὗτος

2002 4605 2215 4678 πρῶτος
2249 4605 2593 4675 Χριστιανοῖς
2633 4605 2937 4676 ἐνύϐρισεν,
2977 4599 3096 4656 εἶτα
3135 4603 3436 4672 Μαξιμίνος
3471 4603 3590 4671 (10)

2003 4698 2118 4766 μετ’
2146 4697 2351 4748 ἐκεῖνον
2381 4696 2475 4748 καὶ
2500 4695 2641 4764 ὑπὲρ
2673 4697 2900 4756 ἐκεῖνον,
2929 4694 3117 4746 ἔπειτα
3144 4693 3394 4761 Μάξιμος
3417 4694 3591 4765 ὑπερ-

2002 4783 2322 4847 ϐαλλόντως,
2366 4783 2446 4847 ὃς,
2475 4785 2629 4854 φησι,
2667 4788 2762 4837 καὶ
2806 4785 2912 4837 ὑπὸ
2956 4783 3105 4836 Θεοῦ·
3136 4783 3398 4854 πληγεὶς,
3446 4784 3590 4840 ἐλω-

2000 4873 2148 4947 ϐώθη
2182 4876 2243 4929 τὸ
2269 4875 2450 4946 σῶμα,
2485 4875 2695 4939 οὔτινος
2727 4875 2855 4947 [ηις.
2889 4876 2994 4929 575
3024 4869 3255 4948 οὗτινος]
3285 4876 3379 4929 καὶ
3418 4878 3476 4930 ai
3508 4878 3594 4931 εξ-
3703 4916 3714 4922 -

2003 4965 2156 5028 κόνες
2183 4965 2556 5036 στηλιτεύουσι
2576 4965 2672 5036 τὴν
2698 4965 2898 5036 λώϐην.

2068 5056 2185 5112 Col.
2213 5057 2318 5114 ὅδὲ
2341 5058 2386 5110 Α
2411 5059 2465 5113 ’1.
2494 5059 2602 5113 Καὶ
2633 5063 2666 5112 ό
2689 5061 2866 5128 λόγος
2897 5061 2976 5124 ὡς
2998 5059 3313 5128 πάνσορος
3341 5060 3449 5114 τοῦ
3476 5080 3589 5130 5:0—

1998 5148 2214 5202 νευτοῦ
2250 5147 2387 5221 [ηις.
2419 5150 2524 5204 575
2550 5152 2682 5221 λόγ.
2721 5155 2755 5206 ό
2784 5152 3114 5221 περίσοθςος
3145 5153 3246 5206 τοῦ
3272 5153 3584 5224 φονητοῦ]

2001 5324 2074 5378 tis
2107 5326 2323 5378 inventa
2354 5334 2438 5379 est
2468 5346 2480 5380 :
2507 5325 2876 5379 ΠᾹΤΑΡΕΩΝ
2899 5326 3035 5378 ΤΗΣ
3066 5325 3584 5383 ΜΗΤΡΟΠΟΑΕΩΣ

2001 5395 2137 5448 ΤΟΥ
2168 5396 2434 5449 ΛΥΚΙΟΥ
2459 5396 2729 5448 ΕΘΝΟΥΣ
2759 5399 2800 5448 0
2829 5397 3081 5449 ΔΗΜΟΣ.

2070 5465 2680 5537 (9)1iistoriarscilicet
2721 5465 2787 5519 de
2819 5465 2985 5535 Gyge,
3024 5467 3237 5537 Scylla,
3274 5467 3570 5536 Charybde

1998 5542 2052 5590 ct
2091 5536 2239 5595 aliis.
2272 5551 2411 5604 quas
2440 5535 2668 5589 Nonnus
2691 5537 2967 5604 exposuit.
3101 5535 3112 5537 ἡ
3428 5535 3436 5536 ί
3465 5587 3468 5590 ,

2071 5605 2184 5674 (10)
2226 5607 2394 5664 Editi.
2433 5607 2660 5668 rectius,
2691 5605 3055 5674 Μαξιμιανός.
3092 5605 3225 5671 Qute
3255 5606 3342 5660 hic
3369 5605 3445 5658 Gr
3480 5621 3582 5668 ao-

2001 5675 2227 5746 riusait
2250 5675 2316 5729 de
2349 5675 2641 5729 Maximino
2661 5684 2715 5728 ct
2742 5677 2861 5738 ejus
2888 5676 3113 5738 statuis,
3147 5677 3261 5731 harc
3293 5679 3476 5746 potius
3505 5677 3576 5733 ad

2005 5745 2392 5805 Maximiauum
2426 5755 2674 5803 snt-ctare
2705 5746 2976 5802 videntur.
