3856 6220
431 213 569 272 1151

1803 216 2047 275 BASILII
2082 219 2300 277 MINIMI

3548 212 3695 269 1152

434 340 554 388 erat
596 324 915 387 dis'tinctum
949 343 1131 386 crucis
1168 345 1403 402 Signum,
1438 329 1691 401 quodque
1738 346 2004 402 superna-

2118 359 2172 412 ιά
2204 358 2394 429 ἱμάτια
2441 356 2617 410 αὑτῶν
2661 356 2880 427 ἄστροις
2911 354 3278 408 ὲνετετύταοτο
3310 349 3488 406 τδτοῦ
3518 361 3697 404 σταυ-

434 425 613 480 turalc
656 422 793 478 illud
828 422 1162 494 prodigium,
1218 439 1325 477 non
1367 424 1424 477 in
1463 424 1653 494 paucis
1697 424 1895 489 solum,
1944 432 2005 478 ut

436 531 528 573 res
568 531 633 571 ea
662 515 903 571 obscura
940 523 1208 578 maneret,
1246 528 1345 569 nec
1380 514 1435 568 in
1476 515 1684 570 nostris
1713 513 2000 578 duntaxat,

435 615 498 663 ut
525 607 581 662 id
614 616 870 676 tanquam
898 604 1147 660 ﬁctitium
1184 604 1460 675 repudiari
1492 604 1700 675 possit;
1739 605 1836 660 sed
1865 612 1918 660 et
1947 606 2004 660 in

436 697 767 754 adversariis
805 711 1025 768 quoque
1073 696 1424 766 perspicuum
1460 696 1565 751 hoc
1598 695 1815 766 signum
1862 704 2001 753 erat.

439 790 616 844 Simul
644 804 708 844 ac
736 788 940 858 aliquis
984 788 1244 842 narrabat
1282 788 1397 843 haec
1429 789 1606 855 alteri,
1646 790 1767 860 ipse
1806 798 2005 845 semet-

435 880 614 951 ipsum
644 881 818 936 stellis
846 879 1130 951 perfusum
1177 880 1418 945 videbat,
1463 880 1828 951 crucibusque
1858 881 2004 936 omni

434 987 502 1027 ex
553 979 705 1043 parte
740 972 796 1025 in
825 970 1171 1026 vestimentis
1231 985 1578 1042 respersum,
1637 983 1800 1043 atque
1855 974 2004 1027 omni

435 1067 670 1119 textorio
707 1063 920 1118 calculo
943 1103 958 1127 ,
999 1063 1384 1133 elaborataque
1446 1064 1659 1135 pictura
1710 1063 1882 1134 magis
1913 1077 2005 1117 va-

433 1154 599 1208 rium.
642 1153 823 1223 Atque
866 1153 971 1207 hoc
1016 1153 1342 1208 miraculum
1380 1168 1598 1211 omnem
1632 1155 1800 1209 animi
1838 1142 2005 1210 'dissi-

434 1244 613 1300 dentis
645 1244 1061 1315 ambiguitatem
1099 1245 1392 1315 superabat
1428 1264 1442 1300 :
1481 1261 1659 1315 neque
1686 1245 1831 1301 enim
1864 1242 2003 1299 tem-

436 1334 585 1405 poris
633 1341 880 1390 vetustas
928 1335 978 1390 ei
1032 1336 1402 1405 suspicionem
1458 1334 1749 1400 afferebat,
1802 1336 2007 1406 quippe

435 1439 562 1480 cum
589 1439 657 1480 ex
692 1425 897 1481 recenti
934 1425 1112 1480 adhuc
1140 1437 1477 1493 cerneretur,
1524 1442 1588 1482 ac
1616 1443 1773 1499 pene,
1804 1444 1870 1484 ex
1897 1442 2006 1498 quo

436 1523 678 1586 tempore
715 1532 806 1572 res
836 1532 898 1572 ea
927 1519 1256 1590 contigerat,
1293 1520 1483 1576 eadem
1516 1519 1698 1575 adhuc
1723 1521 2003 1575 hominum

437 1608 716 1678 generatio
752 1619 1036 1679 superstes
1066 1619 1234 1675 esset,
1279 1611 1373 1683 qui
1401 1612 1524 1667 visu
1553 1618 1609 1667 et
1650 1610 1843 1667 auditu
1868 1611 2001 1667 illud

2008 1198 2033 1249 Ἰ

435 1698 613 1768 palam
645 1701 1056 1770 perspexissent
1094 1680 1442 1758 miraculum.
2031 1680 2075 1736 Β

508 1878 677 1948 Atque
711 1878 999 1933 utilitatem
1035 1893 1101 1934 ea:
1151 1891 1338 1936 timore
1372 1880 1657 1936 consecuti.
1699 1880 2003 1946 Quamnam

446 1969 780 2023 utilitatem?
802 1969 956 2036 Quod
987 1980 1133 2027 metu
1166 1972 1383 2028 liberati
1416 1978 1566 2030 sunt.
1605 1972 1726 2039 Quo
1761 1974 1908 2028 enim
1939 1973 2006 2027 ti-

442 2076 596 2116 more
644 2063 912 2131 propulsi,
949 2062 1017 2117 ad
1050 2064 1316 2120 ecclesias
1370 2073 1749 2135 properantes,
1778 2074 1835 2120 et
1873 2079 2003 2120 san-

447 2161 540 2209 cto
588 2154 916 2223 baptismate
952 2155 1248 2225 purificati,
1294 2157 1398 2212 hoc
1431 2157 1563 2213 utile
1591 2156 2005 2227 consequeban-

440 2250 531 2297 tur
560 2245 703 2312 quod
733 2246 911 2301 omnis
941 2246 1153 2303 timoris
1184 2248 1453 2303 immunes
1485 2256 1663 2304 erant.

514 2334 738 2391 Furoris
759 2347 914 2391 uestro
945 2339 1191 2406 percitus.
1223 2337 1391 2405 Quasi
1423 2347 1594 2394 (nstro
1631 2342 1999 2396 excruciatus.

438 2426 695 2483 (Estrum
728 2427 986 2496 exiguum
1020 2426 1295 2498 quoddam
1331 2428 1533 2482 animal
1570 2438 1867 2498 pennatum
1897 2439 2001 2494 est,

437 2516 495 2569 in
546 2515 713 2571 boves
756 2517 1031 2583 involans,
1077 2517 1360 2585 atrocique
1403 2518 1594 2573 aculeo
1623 2533 1718 2575 eos
1766 2517 1995 2585 feriens,

434 2621 546 2677 quo
578 2608 794 2678 perciti,
830 2608 898 2663 ad
931 2615 1170 2675 montes,
1224 2616 1418 2679 stagna
1465 2617 1519 2664 et
1562 2608 1758 2666 ﬂuvius
1808 2611 2004 2681 {haeci-

435 2700 534 2771 piti
564 2700 766 2768 impetu
802 2699 1075 2755 feruntur.
1122 2699 1214 2754 Sic
1236 2708 1293 2755 et
1312 2701 1402 2756 ille
1427 2701 1719 2770 impulsus,
1742 2718 1807 2758 ex
1836 2704 2003 2759 animi

435 2792 522 2847 sui
563 2792 834 2847 sententia
856 2808 944 2847 res
969 2792 1410 2847 Christianorum
1461 2793 1664 2850 habere
1694 2794 2002 2863 videbatur,

432 2899 501 2938 ex
531 2884 620 2941 his
651 2900 773 2956 qua:
795 2884 907 2954 jam
941 2884 1279 2953 confecerat,
1328 2895 1382 2942 et
1426 2902 1486 2942 se
1528 2888 1797 2960 quidquid
1841 2890 2004 2945 vellet

432 2991 748 3048 expugnare
780 2992 940 3048 posse
966 2978 1240 3034 credebat.

501 3069 576 3121 Ac
599 3084 661 3122 ne
687 3066 822 3121 illud
849 3067 1057 3138 quidem
1083 3070 1422 3138 perspiciens.
1453 3070 1639 3137 Quid?
1679 3068 1880 3142 Nempe
1917 3071 2004 3126 in-

434 3166 518 3213 ter
546 3158 767 3230 θράσος,
801 3159 1075 3228 ﬁduciam,
1103 3169 1157 3214 et
1187 3159 1409 3231 θάρσος,
1437 3162 1745 3225 audaciam,
1766 3163 2003 3216 muitum

434 3249 723 3313 interesse,
755 3250 971 3306 etiamsi
1014 3252 1216 3321 alioqui
1260 3253 1546 3306 nominum
1579 3252 1840 3309 atliuitate
1873 3269 2008 3309 con-

429 3338 582 3409 jungi
615 3340 927 3401 videantur,
971 3340 1114 3395 sicut
1152 3342 1298 3395 inter
1347 3340 1723 3398 fortitudinem
1762 3352 1817 3399 et
1848 3345 2003 3417 igna—

433 3430 596 3484 viam.
633 3426 992 3483 Fortitudinis
1021 3431 1168 3484 enim
1220 3438 1328 3493 est.
1362 3431 1419 3486 in
1453 3432 1523 3488 iis
1564 3433 1733 3489 rebus
1783 3435 1839 3490 in
1882 3437 2006 3508 qui-

433 3519 539 3576 bus
560 3520 788 3575 audacia
817 3521 1126 3577 adhibenda
1157 3532 1241 3578 est
1282 3531 1336 3579 et
1366 3539 1488 3593 quae
1520 3525 1664 3581 vires
1698 3542 1805 3581 non
1843 3543 2004 3583 exce-

434 3615 591 3678 dunt,
628 3613 814 3667 ﬁdenti
845 3612 1029 3669 animo
1057 3630 1215 3682 esse;
1246 3617 1475 3687 ignavia:
1491 3625 1672 3673 autem
1694 3621 2001 3689 periculum

436 3699 758 3759 detrectare.
789 3706 855 3758 At
896 3720 1027 3760 vero
1058 3707 1322 3763 adversus
1366 3709 1731 3780 impossibilia
1779 3721 1835 3768 et
1868 3729 2003 3768 con-

433 3793 601 3847 traria
634 3808 692 3849 se
720 3793 957 3863 objicere
999 3796 1324 3853 temeritatis
1353 3807 1460 3864 est,
1501 3808 1556 3854 et
1597 3799 1849 3873 refugere
1871 3820 2004 3858 cau-

433 3886 596 3941 tionis
643 3900 707 3939 ac
747 3888 1080 3942 securitatis.
1136 3889 1203 3943 Et
1247 3906 1370 3960 qua:
1431 3893 1703 3949 habentur
1756 3898 1896 3952 tueri
1948 3908 2003 3952 ct

429 3990 619 4031 eorum
649 3992 768 4046 qua:
799 3993 905 4033 non
938 3977 1142 4033 habeas
1172 3979 1378 4049 aliquid
1416 3982 1647 4053 adipisci
1686 4000 1796 4041 non
1829 4004 1999 4042 unum

429 4077 483 4119 et
517 4067 657 4122 idem
679 4077 826 4123 sunt.
865 4068 927 4123 Si
961 4070 1182 4140 quidem
1216 4072 1362 4127 baud
1401 4090 1598 4146 magno
1643 4081 1866 4149 negotio
1898 4083 1951 4137 id
1978 4102 2009 4140 a

2106 449 2201 523 ροῦ
2226 449 2583 502 κατάστικτον
2612 448 2857 518 σημεῖον,
2888 446 2983 499 xui.
3012 446 3094 498 ὅτι
3134 445 3195 497 τὸ
3221 444 3495 515 ὑπερφυὲς
3529 441 3697 497 τοῦτο

2102 538 2519 609 τερατούργημα
2546 537 2645 589 ούκ
2678 527 2735 589 έν
2761 535 3041 606 βραχέσιν,
3069 535 3211 589 ὥστε
3248 534 3341 587 καὶ
3380 531 3693 593 λανθάνειν,

2101 629 2209 682 οὐδ’
2248 629 2307 681 ἐν
2348 627 2636 699 ἡμετέροις
2680 627 2860 696 μόνον,
2899 624 3039 677 ὥστε
3084 625 3179 679 καὶ
3226 621 3697 696 παραγράφεσθαι

2101 718 2177 783 ώς
2205 719 2597 788 πλαττόμενον·
2632 716 2768 770 ἀλλὰ
2796 715 2904 787 γάρ
2945 716 3051 769 κάν
3087 718 3198 780 τοῖς
3228 715 3492 776 ἐναντίοις
3525 715 3697 784 ἐναρ-

2102 810 2196 880 γὲς
2219 810 2280 863 τὸ
2315 812 2537 883 σημεῖον
2558 828 2570 842 ⁸
2598 809 2659 864 οὐ
2684 807 2793 879 γάρ
2820 807 2957 877 ἔφθη
2984 824 3068 871 τις
3103 806 3458 879 διηγούμενος
3489 805 3696 875 ἑτέρῳ,

2102 899 2201 953 καὶ
2247 900 2434 953 ἑαυτὸν
2480 898 2733 971 καθεώρα
2763 898 2873 969 (28)
2916 898 3244 970 κατάστερον
3286 898 3382 951 καὶ
3426 896 3701 949 πάντοθεν

2102 993 2534 1063 ἐσταυρωμένον,
2552 992 2733 1063 πάσης
2761 991 3130 1062 ίστουργικῆς,
3157 990 3313 1060 φησὶ,
3335 988 3576 1060 ψηφῖδας
3606 988 3703 1040 καὶ

2103 1084 2394 1157 περιέργου
2412 1082 2723 1155 ζωγραφίας
2737 1081 3120 1153 ποικιλώτερον
3136 1082 3251 1153 (29)
3278 1079 3703 1152 ἀμπισχόμενον

2102 1175 2192 1233 τὸν
2225 1174 2426 1245 χιτῶνα
2464 1174 2594 1245 (50).
2645 1175 2756 1228 Καὶ
2795 1175 2857 1227 τὸ
2885 1172 3068 1244 θαῦμα
3101 1172 3287 1244 μεῖζον
3332 1172 3516 1241 πάσης
3560 1168 3700 1223 ἀπε-

2104 1281 2227 1318 στου
2249 1263 2473 1335 γνώμης
2505 1262 2854 1333 καθέστηκεν,
2884 1263 2990 1317 ἀπὸ
3016 1261 3110 1316 τοῦ
3146 1261 3281 1333 μηδὲ
3309 1261 3520 1333 χρόνων
3557 1277 3701 1332 παρ-

2100 1359 2285 1422 ολκαῖς
2313 1374 2422 1412 τισι
2466 1355 2793 1429 πλάττεσθαι
2834 1354 3030 1420 δοκέω,
3069 1354 3144 1418 ὡς
3190 1354 3256 1407 ἂν
3296 1354 3376 1425 τῷ
3408 1354 3599 1425 ἀδήλῳ
3635 1352 3700 1407 τὸ

2103 1450 2341 1504 ὕποπτον
2392 1448 2565 1519 ἔχειν·
2618 1447 2676 1514 ἐξ
2731 1446 2987 1515 ὑπογυίου
3035 1445 3145 1518 γὰρ
3199 1445 3545 1517 γέγραπται,
3598 1445 3698 1498 καὶ

2104 1543 2286 1613 σχεδὸν
2315 1541 2399 1611 ἐφ’
2425 1534 2469 1608 ᾧ
2498 1539 2592 1595 τοῦ
2629 1540 2821 1610 καιροῦ
2851 1541 3183 1609 πέπρακται,
3211 1539 3312 1609 τῆς
3346 1537 3522 1607 αὐτῆς
3563 1526 3694 1608 [ηιξ.

2104 1633 2207 1687 575
2234 1630 2423 1703 αὐτοῦ]
2453 1631 2745 1700 ἱσταμένης
2768 1631 2980 1698 γενεᾶς,
3019 1630 3113 1682 xui.
3144 1628 3252 1682 τῶν
3294 1626 3441 1696 (cod.
3473 1644 3529 1698 p.
3560 1627 3695 1689 275)

2103 1724 2281 1779 αὐτῶν
2314 1723 2435 1794 ὄψει
2459 1740 2521 1776 τε
2546 1723 2638 1775 καὶ
2675 1722 2810 1791 ἀκοῇ
2841 1719 3260 1791 ὲπησθημένων·
3293 1717 3610 1788 προσώπων
3636 1717 3701 1770 τὸ

2104 1830 2161 1866 τε
2170 1811 2440 1883 ρατούργη
2449 1828 2545 1881 μα.

2173 1903 2291 1959 Col.
2312 1903 2418 1958 672
2442 1902 2482 1958 C
2504 1901 2557 1957 6.
2578 1901 2813 1955 Διὰτῶν
2823 1899 3089 1970 φοϐερῶν
3103 1899 3214 1970 (51)
3234 1898 3693 1968 ἀψεληθέγτιιηρ.

2104 1994 2239 2049 Τίνα
2258 1993 2525 2063 ὠφέλειαν
2544 2010 2558 2058 ;
2580 1992 2642 2045 τὸ
2681 1992 2755 2063 μὴ
2782 1990 3062 2060 φοϐεῖσθαι
3079 2006 3095 2021 ·
3121 1990 3209 2045 διὰ
3237 1990 3347 2062 γὰρ
3376 1989 3488 2042 τῶν
3513 1989 3696 2042 τοιού-

2103 2101 2209 2138 των
2268 2083 2513 2155 φοϐερῶν
2572 2086 2692 2146 ταῖς
2748 2082 3068 2153 ἐκκλησίαις
3119 2080 3694 2152 προσδεδραμηκὸτες,

2104 2178 2198 2231 καὶ
2237 2175 2315 2246 τῷ
2360 2176 2499 2246 ἁγίῳ
2526 2175 2864 2246 βαπτίσματι
2910 2173 3278 2242 ἀγνισθέντες,
3316 2171 3604 2243 ώφέληντο
3634 2172 3697 2226 τὸ

2109 2266 2184 2338 μὴ
2216 2265 2534 2330 δεδοικέναι,
2560 2266 2756 2329 παντὸς
2781 2264 2931 2327 δέους
2953 2264 3057 2330 ἔξω
3088 2264 3464 2334 γεγενημένοι.

2174 2357 2310 2414 Ibid.
2334 2358 2418 2413 10.
2437 2357 3038 2426 Οιστρηλατούμενος,
3075 2356 3161 2419 Ὧς
3185 2356 3244 2408 ὲν
3262 2355 3464 2427 οἴστρῳ
3480 2354 3699 2409 ἐλαυνό-

2108 2467 2284 2520 μενος.
2322 2445 2549 2519 Οἷστρος
2574 2449 2686 2520 (52)
2717 2449 2774 2525 δὲ
2811 2446 3047 2514 ζωύφιόν
3089 2447 3140 2499 τί
3180 2448 3327 2501 ἐστιν
3356 2447 3689 2518 ὑπόπτερον,

2105 2541 2288 2612 βουσὶν
2312 2540 2699 2611 ὲφιπτάμενον,
2729 2541 2823 2593 xui.
2866 2539 3076 2610 κέντρῳ
3112 2537 3269 2608 δεινῷ
3320 2537 3582 2609 πλῆττον,
3617 2537 3695 2598 ὡς

2106 2631 2444 2697 ἐλαύνεσθαι,
2483 2631 2579 2685 xui.
2616 2631 2749 2701 πρὸς
2788 2630 2889 2700 ὅρη
2930 2628 3025 2682 xui.
3061 2628 3256 2699 λίμνας
3284 2629 3375 2681 καὶ
3413 2628 3693 2698 ποταμοὺς

2107 2726 2247 2795 σφᾶς
2278 2722 2448 2786 αύτάς
2478 2721 2785 2790 ἐπαφιέναι.
2828 2720 3014 2785 Οὕτως
3037 2717 3129 2775 οὖν
3168 2721 3261 2774 καὶ
3292 2718 3454 2782 αὐτὸς
3487 2719 3700 2772 ὲλαυνό.

2108 2832 2286 2886 μενος,
2317 2814 2489 2867 ἐδόκει
2516 2811 2659 2866 κατὰ
2679 2812 2770 2865 τὸν
2802 2809 2926 2864 νοῦν
2950 2810 3042 2865 καὶ
3068 2809 3163 2881 τὴν
3187 2809 3379 2880 βουλὴν
3405 2807 3575 2862 αὐτοῦ
3601 2807 3697 2861 καὶ

2103 2906 2173 2961 τά
2201 2905 2308 2959 τῶν
2336 2904 2680 2977 Χριστιανῶν
2712 2903 2876 2974 ἔχειν,
2904 2897 2987 2967 οἷς
3018 2902 3121 2974 ἤδη
3168 2902 3550 2973 κατείργαστο.
3604 2901 3698 2953 καὶ

2025 3009 2072 3068 c
2104 2997 2164 3052 τὸ
2189 3000 2296 3052 πᾶν
2321 2998 2604 3068 θελήσαντι
2631 2995 2777 3066 αὐτῷ
2802 2996 2960 3066 μόνον
2984 2995 3188 3049 ἁλωτὸν
3218 2990 3356 3048 εἶναι
3380 2995 3692 3047 ἐπίστευεν.

2172 3091 2292 3148 Col.
2332 3091 2435 3145 675
2459 3091 2502 3144 Α
2534 3091 2585 3142 7.
2619 3089 2731 3143 Καὶ
2782 3087 2925 3143 οὐδὲ
2956 3087 3151 3141 ἐκεῖνο
3186 3085 3458 3141 συνιδεῖν
3491 3084 3689 3156 [CoisL

2109 3178 2424 3250 συνᾴδειν]
2464 3178 2759 3244 δυνηθείς.
2793 3178 2985 3241 Ποῖον;
3017 3177 3099 3229 ὅτι
3147 3176 3347 3247 θράσος
3375 3175 3468 3228 καὶ
3496 3174 3701 3245 θάρσος

2105 3271 2239 3324 πολὺ
2273 3271 2547 3341 διήνεγκε,
2584 3269 2688 3323 κάν
2723 3270 2834 3331 τοῖς
2868 3267 3092 3337 ὀνόμασι
3127 3266 3309 3337 δοκοίη
3352 3265 3699 3335 πλησιάζειν.

2107 3365 2234 3416 ὅσον
2261 3362 2451 3432 ἀνδρία
2491 3362 2587 3414 xui.
2636 3359 2917 3429 ἀνανδρία.
2954 3358 3165 3429 Ἀνδρία
3204 3357 3302 3427 μὲν
3358 3356 3465 3427 γάρ
3498 3353 3704 3409 ἔστιτὸ

2114 3454 2174 3506 ὲν
2205 3454 2316 3516 τοῖς
2343 3452 2629 3522 τολμητοῖς
2664 3450 2755 3502 καὶ
2795 3449 3038 3511 δυνατοῖς
3068 3446 3451 3517 καταθαρσεῖν,
3497 3444 3702 3502 δειλίας

2112 3542 2169 3595 δὲ
2196 3543 2256 3594 τὸ
2286 3540 2538 3611 ὑφίεσθαι
2558 3557 2571 3569 ⁸
2594 3540 2656 3593 τὸ
2696 3539 2738 3592 δ’
2763 3542 2820 3592 ὲν
2857 3542 2966 3602 τοῖς
2993 3538 3254 3600 ἐναντίοις
3284 3539 3378 3589 xui.
3416 3536 3703 3595 ἀδυνάτοις

2111 3633 2277 3703 ὁμόσε
2314 3633 2510 3702 χωρεῖν
2550 3630 2803 3701 θράσους,
2845 3629 2906 3682 τὸ
2944 3629 2989 3681 δ’
3033 3629 3335 3699 ὑποχωρεῖν
3364 3626 3698 3696 ἀσφαλείας·

2110 3724 2285 3777 καὶτὸ
2327 3724 2559 3793 φυλάξαι
2605 3718 2698 3776 οὖν
2737 3723 2807 3776 τά
2846 3722 2974 3774 ὄντα
3017 3721 3111 3775 xui.
3142 3720 3248 3773 τῶν
3287 3721 3386 3773 οὐκ
3434 3720 3609 3773 ὄντων
3650 3739 3701 3773 τι

2111 3817 2461 3888 προσλαϐεῖν,
2505 3817 2566 3869 ού
2614 3816 2837 3871 ταυτόν·
2879 3813 2973 3867 τοῦ
3021 3813 3197 3867 τοίνυν
3234 3812 3370 3883 μετά
3418 3812 3703 3882 ῥᾳστώνης

2110 3901 2317 3970 ἀγαθοῦ
2362 3901 2632 3972 σώφροσιν
2672 3899 2978 3962 ἀνθεκτέον,
3008 3898 3070 3951 τὸ
3105 3898 3151 3950 δ’
3177 3897 3495 3950 ἀντιπίπτον
3544 3913 3703 3965 περι-

2109 3993 2334 4045 οπτέον·
2392 3991 2620 4061 ἀνόητον
2655 3990 2713 4044 δὲ
2758 3989 2820 4043 τὸ
2859 3990 3000 4060 ὑπὲρ
3048 3989 3293 4058 κτήσεως
3335 3986 3700 4050 ὲλπιζοιιένων

2116 4082 2445 4138 κινδυνεύειν
2472 4084 2583 4145 τοῖς
2612 4082 2947 4153 ὑπάρχουσιν
2979 4081 3203 4135 ἀπασιν.

430 4162 769 4231 sapientibus
824 4164 1134 4233 comparari
1194 4174 1379 4235 queat,
1427 4170 1843 4243 accipiendum;
1897 4179 1983 4233 sin
2036 4190 2215 4234 autem
2273 4178 2327 4231 in
2375 4176 2714 4230 contrarium
2783 4173 2961 4239 cedat,
3005 4170 3491 4228 contemnendum.
3549 4168 3699 4222 Stul-

431 4263 546 4308 tum
574 4254 718 4309 enim
738 4263 844 4314 est.
889 4263 949 4308 ut
992 4264 1332 4325 speratorum
1381 4258 1587 4329 aliquid
1641 4264 1991 4335 adipiscaris,
2031 4273 2098 4325 de
2139 4283 2319 4323 rerum
2351 4267 2595 4321 omnium
2626 4277 2840 4321 tuarum
2872 4279 3087 4319 summa
3111 4262 3430 4333 periclitari.

503 4344 576 4398 Ac
609 4342 949 4399 Salmoneum
997 4347 1275 4417 quemdam
1305 4365 1332 4402 e
1386 4350 1530 4405 corio
1572 4361 1862 4411 tonantem.
1899 4360 2004 4412 Im-

429 4436 577 4506 pium
612 4437 899 4506 quemdam
935 4439 1080 4494 hunc
1117 4439 1287 4495 fuisse
1317 4441 1559 4515 tingunt,
1588 4445 1682 4514 qui
1729 4457 2006 4503 tonantem

2190 4358 2327 4413 Ibid.
2375 4357 2436 4412 Β.
2496 4358 2584 4411 M.
2621 4360 2731 4412 Καὶ
2788 4357 3149 4426 Σαλμωνεύς
3204 4370 3295 4420 τις
3340 4353 3411 4406 ἐκ
3462 4352 3701 4418 ,ϐύρσης

2108 4448 2403 4518 βροντῶν.
2460 4449 2657 4519 Ἀσεϐῆ
2724 4466 2845 4501 τινα
2910 4448 3226 4504 μυθεύονται
3301 4441 3438 4496 εἶναι
3499 4441 3701 4505 τοῦτον,

502 4668 613 4789 ἕεὶδ)
651 4665 778 4721 Mss.
809 4668 966 4720 ambo
992 4669 1115 4737 ἔφη,
1142 4669 1400 4722 mendose
1426 4677 1479 4722 et
1511 4670 1622 4725 fere
1652 4672 1771 4727 sine
1798 4690 1959 4730 sensu
1990 4695 2003 4729 :

431 4739 495 4803 ξφ
537 4757 567 4803 η
600 4736 813 4803 scripsi.
847 4736 1077 4789 Coislin.
1112 4739 1272 4803 ἕτερα
1309 4754 1407 4803 pro
1437 4740 1627 4803 ἑτέρῳ,
1662 4754 1719 4794 ιιι
1754 4754 1898 4797 recte
1932 4748 2004 4799 le-

2118 4680 2178 4733 I‘ii
2221 4683 2404 4745 verba,
2428 4681 2564 4753 ὁμοῦ
2603 4697 2663 4732 τε
2708 4676 2825 4748 γὰρ.
2857 4674 3028 4728 ταῦτα
3055 4672 3293 4742 διηγεῖτό
3326 4689 3476 4734 τις...
3514 4675 3609 4727 καὶ
3650 4674 3701 4724 τὸ

2118 4751 2297 4803 θαῦμα
2328 4752 2495 4803 έώοα.
2544 4751 2830 4803 lectionem
2866 4761 3041 4798 nteant
3078 4745 3440 4803 confirmant;
3477 4744 3700 4797 formula

537 4757 567 4807 η
598 4736 813 4809 scripsi.
847 4736 1090 4789 Coislin.’
1112 4739 1272 4807 ἕτερα
1309 4754 1407 4807 pro
1437 4740 1627 4809 ἑτέρῳ,
1662 4754 1719 4794 ιιι
1754 4754 1898 4797 recte
1932 4748 2006 4799 le-

433 4817 506 4875 git
533 4805 634 4862 ms.
666 4805 905 4878 Regius:
939 4823 1039 4861 ms.
1076 4805 1686 4878 ιιιειυιιιιο“ἑαυτά,’‹ιίιοι1
1715 4810 1920 4868 muta’vi
1952 4817 2004 4869 in

430 4873 640 4929 ἑαυτόν.
696 4873 904 4929 Sensus
956 4891 1039 4930 est
1082 4895 1094 4929 :
1141 4873 1242 4930 Vii
1291 4873 1691 4946 aliquis'a'lteri
1734 4885 2004 4939 mirabilia

434 4947 547 5000 haec
571 4954 905 5005 narraverat,
927 4947 1042 5014 ipse
1064 4947 1415 5014 semetipsum
1443 4950 1699 5005 crucibus
1729 4955 2001 5009 stellatum

431 5016 648 5089 videbat
674 5031 689 5077 ;
717 5015 799 5068 vel
829 5032 862 5089 _:_
884 5014 1055 5089 Simul
1098 5031 1163 5068 ac
1201 5017 1397 5089 aliquis
1432 5021 1703 5087 narrabat,
1734 5022 1868 5089 ipse,
1894 5035 2000 5078 etc.

433 5084 589 5139 liunc
614 5083 866 5152 loquendi
900 5085 1138 5146 modum,
1171 5087 1231 5137 οὐ
1260 5083 1510 5153 φθάνω...
1543 5089 1654 5148 καί.
1690 5083 2009 5151 inter-alios

434 5157 845 5229 illustraverunt
898 5152 1214 5229 Marckland
1262 5152 1349 5229 (ad
1405 5157 1589 5226 Suppl.
1641 5160 1791 5229 l2l9)
1837 5173 1890 5216 et
1938 5164 2005 5216 Dl'

434 5226 609 5302 βοτη
643 5224 731 5302 (qd
772 5221 1046 5302 llippocr,,
1098 5224 1174 5302 De
1208 5221 1559 5302 gtjuistct'cl,
1597 5221 1843 5302 μηθξίῧ),
1870 5250 2008 5302 quos

431 5297 544 5367 jam
579 5293 787 5367 lauda_v_i
824 5294 876 5367 in
917 5295 1059 5367 notis
1087 5294 1165 5367 ad
1205 5294 1515 5367 Eunapium
1539 5293 1614 5367 (νζ
1648 5300 1779 5367 2ῑ5)
1804 5293 2008 5358 ’ἰιιῚιοο

437 5362 557 5439 loco
592 5364 670 5439 _(p.
721 5362 790 5439 77_
821 5362 1105 5439 Geminei.)
1135 5366 1253 5439 ἰού
1287 5362 1394 5439 γάρ
1431 5362 1667 5439 ἔφθανεν-
1705 5362 1909 5435 ἐκεῖνος
1951 5375 2007 5439 ἐξ

435 5432 736 5513 ἀνθρώπων
768 5431 965 5513 ἀπιὼν,
996 5431 1165 5513 κάξ-ἥ
1213 5450 1270 5486 τε
1300 5431 1573 5505 θεραπεία
1602 5436 1708 5490 τῶν
1744 5431 2007 5513 κατάτὴν

450 5502 849 5575 ζᾼλεξὰνδρειαν
875 5502 970 5575 xui.
995 5502 1056 5554 τὸ
1081 5502 1384 5575 Σεραπεῖον
1402 5507 1541 5575 ἱερὸν
1571 5502 1975 5564 διεσκεδάννυτό
1993 5526 2010 5541 ⁸

456 5567 554 5623 Via:
583 5567 624 5623 ἀ
677 5567 803 5642 uiuis
859 5571 1068 5642 abierat,
1097 5567 1404 5642 Antoninus
1452 5567 1569 5628 cum
1617 5578 1839 5642 dispersi
1885 5593 2009 5638 sum

446 5642 662 5694 deorum
690 5641 917 5695 ministri
938 5642 993 5696 in
1037 5641 1359 5697 Alexandria
1404 5655 1452 5697 et
1498 5641 1763 5715 Serapeio.
1803 5647 2009 5719 (ἔνθεο.

2113 4751 2297 4821 θαῦμα
2328 4744 2495 4823 ἐώρα,
2544 4744 2830 4823 lectionem
2866 4761 3041 4823 nteant
3078 4745 3443 4823 confirmant,
3477 4744 3700 4797 formula

2112 4811 2280 4884 enim,
2314 4811 2418 4875 oux
2439 4811 2578 4889 ἔφθη
2597 4837 2680 4881 τις
2701 4815 3119 4889 διηγούμενος...
3149 4811 3262 4889 καί,
3298 4816 3700 4889 omninnsyno-

2112 4883 2275 4961 nyma
2293 4901 2376 4946 est
2406 4883 2531 4945 cum
2554 4883 2687 4958 ὁμοῦ
2717 4883 2973 4961 τέταῦτα
3005 4883 3239 4959 διηγεῖτό
3264 4897 3419 4961 ’ἓξ-ε..
3450 4883 3566 4961 καί.

2183 4960 2295 5030 (29)
2347 4961 2472 5015 11ςιιο
2514 4950 2741 5030 narrant
2799 4950 3214 5030 Socrates‘t‘t‘iit
3277 4950 3392 5020 20),
3449 4952 3696 5006 Sozome—

2111 5023 2217 5084 nus
2247 5023 2449 5101 (ἥπερ.)
2480 5039 2531 5083 et
2557 5027 2932 5101 Tlicodorelus
2962 5026 3072 5101 (ιιι,
3099 5023 3214 5101 20)..

2183 5093 2294 5167 (50)
2326 5093 2811 5153 11ιε’ρ()ιιίίι·ιιιιιιιιιν
2850 5094 3014 5148 lectio
3062 5093 3297 5161 plurium
3342 5106 3503 5167 mss_.,
3535 5093 3697 5162 ἀμπε-

2111 5162 2335 5239 χόμενον
2381 5171 2461 5223 vel
2503 5168 2928 5238 cumq-opm»),
2957 5179 3098 5233 quae,
3147 5170 3203 5215 ut
3252 5171 3414 5232 puto,
3458 5162 3515 5215 in
3559 5172 3697 5217 textu

2110 5230 2904 5311 Gregot'iirecipicndaessein
2974 5230 2992 5233 _
3034 5303 3046 5311 _
3135 5303 3149 5311 _
3211 5230 3271 5311 ,ί
3478 5298 3524 5311 -.
3596 5302 3606 5311 .

2182 5298 2294 5380 (31)
2339 5298 2572 5380 Omnino
2636 5307 2956 5380 legendum,
3017 5302 3445 5380 ὠφεληθέντας..
3478 5298 3700 5380 variant

2109 5372 2239 5434 editi
2277 5372 2337 5432 in
2374 5380 2475 5432 hoc
2502 5378 2640 5439 loco,
2677 5372 2731 5429 at
2766 5379 3051 5428 it‘t'llOﬂeﬂl
3086 5372 3228 5425 Billii
3256 5372 3613 5442 praettligrim.

2184 5450 2294 5517 (δὲ)
2324 5449 2435 5502 Hoc
2478 5449 2727 5502 scholion
2768 5446 2983 5517 laudavi
3025 5446 3079 5497 in
3130 5439 3276 5517 notis
3327 5442 3392 5494 ad
3443 5439 3696 5517 Epimgri-

2114 5509 2288 5573 sm‘ata'
2319 5518 2612 5573 Herodiani
2643 5521 2721 5586 (p.
2756 5516 2902 5586 Mi),
2925 5528 3099 5583 usque
3136 5512 3203 5586 ad
3241 5513 3567 5586 _ér:ucp~._a’vut.
3599 5509 3693 5564 his.

2115 5589 2216 5644 575
2241 5590 2388 5658 legit,
2418 5589 2556 5650 σφᾶς
2586 5583 2754 5649 αὐτὰς
2787 5585 2998 5639 ἐπιέναι
3032 5600 3090 5637 τε
3113 5584 3207 5636 καὶ
3238 5583 3550 5652 ἐπαφιέναι.
