3856 6220
474 264 609 324 H55

1812 251 2053 313 BASlLll
2084 248 2308 308 MlNlMl

3576 247 3725 303 ΗΜ

472 377 800 450 Babylonem
844 374 1166 432 obsidentis.
1197 375 1392 442 Quem,
1421 386 1544 428 cum
1571 386 1690 427 eam
1723 383 2037 442 oppugnare

2167 383 2237 418 »ου
2325 363 2531 429 τελῶν,
2602 360 3015 434 πολιορκοῦντος
3086 359 3382 415 Βαϐυλῶνα
3448 361 3540 414 καὶ
3620 361 3729 431 οὐχ

472 470 695 524 minime
731 475 935 540 posset,
964 466 1119 529 adiit,
1142 466 1292 521 urbis
1330 462 1787 535 oppugnationem
1826 460 2039 531 pollici-

474 568 587 615 tus.
619 559 697 613 Ac
725 574 785 615 se
816 559 993 628 ipsum
1039 555 1181 611 foede
1226 554 1564 617 dilacerans,
1610 551 1681 605 ad
1716 549 2040 621 Babylonios

474 650 790 718 transfugit,
826 649 985 720 quasi
1006 648 1149 721 Cyro
1183 646 1421 700 maxime
1449 643 1720 706 infensus,
1741 641 1834 712 qui
1860 641 2038 711 ipsum

477 742 613 797 adeo
643 740 920 797 atrocibus
951 739 1128 811 plagis
1178 738 1627 799 excruciavisset,
1681 734 2039 805 corporisque

476 832 877 887 mutilationem
908 830 1226 886 ostendens.
1253 829 1336 883 llli
1360 844 1492 883 vero
1532 828 1653 883 istis
1678 827 1837 881 fidem
1885 823 2042 880 adhi-

478 925 669 979 bentes
697 931 751 977 et
784 922 974 978 fraude
1006 923 1242 993 decepti,
1268 922 1427 977 inscii
1464 921 1677 990 scipsos
1707 925 1762 975 et
1802 916 2040 988 Babylo-

477 1032 600 1073 nem
632 1014 844 1087 Zopyro
870 1023 923 1072 et
955 1013 1099 1086 Cyro
1135 1014 1499 1069 tradiderunt.

545 1218 623 1270 Ae
644 1215 784 1270 risus
820 1213 1031 1282 insuper
1077 1209 1375 1266 accedebat.
1424 1208 1766 1276 Quibusnam
1812 1205 2041 1265 accede-

476 1308 603 1364 bat?
629 1305 833 1375 Nempe
866 1303 1138 1358 hostibus.
1171 1298 1641 1356 Persuadentine?
1665 1298 1748 1353 vel
1782 1310 2047 1367 persuaso

479 1408 532 1457 et
561 1395 871 1456 exercitui?
906 1395 1188 1456 Hostibus.
1243 1396 1490 1465 inquam,
1541 1391 1690 1448 risus
1733 1388 2044 1456 accedebat,

480 1509 604 1547 cum
635 1492 747 1563 jam
780 1492 836 1545 in
874 1505 938 1545 eo
964 1497 1149 1544 essent
1180 1497 1238 1543 ut
1283 1501 1577 1558 persuasos
1644 1482 1984 1539 trucidarent
2030 1501 2044 1536 :

487 1599 628 1653 quos
663 1582 808 1638 enim
850 1582 953 1637 sibi
992 1581 1128 1652 ipsis
1160 1588 1390 1635 mortem
1422 1574 2053 1640 consciscerevidebant,

482 1675 865 1745 propriamque
887 1673 1118 1729 salutem
1150 1672 1274 1742 igne
1305 1670 1708 1739 conflagrantes
1732 1708 1746 1734 ,
1778 1664 2053 1737 quomodo

483 1778 733 1838 poterant
777 1784 887 1823 non
944 1766 1168 1822 ridere?
1206 1765 1362 1832 Quod
1416 1763 1636 1834 quidem
1678 1775 1779 1831 pro
1825 1759 1954 1830 joco
1999 1766 2055 1811 et

482 1861 602 1921 risu
650 1857 982 1923 habendum,
1027 1855 1330 1911 credidisse
1370 1854 1587 1910 scilicet
1638 1852 1959 1922 Apostatam
2001 1855 2056 1903 et

484 1965 614 2006 suos
678 1964 708 2002 a
756 1948 864 2003 Deo
928 1946 1200 2002 dementia
1245 1945 1548 2017 perculsos,
1597 1940 1755 2013 quasi
1796 1953 2057 2010 superva-

484 2057 649 2103 cuum
681 2057 819 2097 onus
845 2039 1156 2109 rejicientes
1202 2045 1259 2093 et
1331 2037 1566 2094 celerius
1611 2048 1776 2107 quam
1817 2046 1939 2104 quae
1987 2046 2055 2085 ex

485 2132 743 2205 opinione
773 2130 1031 2203 praedicta
1056 2136 1235 2196 erant,
1267 2128 1504 2184 evenire.

562 2413 825 2469 Nonnulli
862 2413 1001 2467 enim
1061 2428 1096 2465 a
1146 2410 1327 2465 Persis
1382 2426 1503 2464 eum
1538 2409 1726 2479 jaculo
1784 2408 2055 2477 conﬁxum

485 2506 648 2577 fuisse
676 2505 844 2557 aiunt.
877 2500 1106 2569 Quidam
1130 2501 1274 2557 enim
1290 2516 1415 2554 eum
1448 2499 1737 2555 temerario
1760 2514 1824 2554 ac
1849 2498 2059 2553 furioso

486 2598 693 2666 impetu
726 2596 833 2649 huc
866 2602 1030 2665 atque
1059 2593 1190 2647 illuc
1241 2600 1492 2647 ruentem
1540 2590 1683 2644 idem
1732 2591 1877 2662 quod
1916 2590 2059 2661 Cyro

487 2686 824 2758 Parysatidis
852 2685 966 2740 filio
1006 2684 1442 2753 Artaxerxisque
1499 2680 1657 2736 fratri
1684 2681 1903 2748 accidit,
1930 2696 2061 2752 pas-

490 2794 613 2835 sum
643 2777 813 2832 fuisse
843 2777 1017 2831 aiunt.
1044 2773 1145 2829 llic
1202 2775 1346 2830 enim
1391 2773 1591 2845 Cyrus,
1640 2773 1736 2829 sed
1778 2788 1889 2827 non
1940 2787 2060 2827 ma—

488 2885 649 2943 gnus,
699 2867 1046 2939 congregatis
1086 2865 1272 2921 decem
1328 2864 1643 2922 Graecorum
1691 2863 1958 2931 millibus,
2004 2865 2059 2918 in

493 2962 700 3030 quibus
725 2957 1028 3028 Xenophon
1050 2954 1223 3027 Grylli
1253 2955 1418 3021 filius,
1452 2962 1512 3009 ut
1544 2955 1632 3009 ille
1656 2953 1773 3024 ipse
1795 2954 1850 3007 in
1880 2969 1976 3008 sua
1996 2953 2063 3008 de

2139 458 2252 511 οἵου
2294 473 2354 509 τε
2387 455 2539 517 ὄντος
2572 453 2735 516 ἑλεῖν,
2783 450 3101 523 προσελθὼν
3152 450 3729 523 Κύρῳ,,ύπισχνεῖται

2137 547 2236 619 τὴν
2271 548 2505 601 ἅλωσινο
2554 545 2650 598 καλ⁵
2694 543 2760 615 δὴ
2788 543 3141 613 αἰκισάμενος
3169 543 3384 606 ἑαυτὸν,
3427 542 3733 612 αὐτομολεῖ

2139 635 2528 698 Βαϐυλωνίοις,
2580 632 2655 699 ὡς
2694 632 2756 704 δή
2777 630 3307 704 τιπροσκεκρουκὼς
3344 631 3546 705 Κύρῳ,
3592 632 3628 682 ὁ
3670 631 3731 682 δὲ

2140 725 2403 781 αἱκίσαιτο
2446 727 2567 789 ταῖς
2609 725 2954 788 ἀνυποίστοις
2998 724 3225 788 ταύταις
3275 722 3476 786 αὐτὸν,
3531 724 3731 795 φησὶν,

2141 816 2331 889 [CoisL
2374 817 2538 869 άνυπ.
2578 815 2801 879 ταύταις
2839 814 3034 886 φησ.],
3070 815 3310 880 αἰκίαις,
3361 815 3577 879 δεικνὺς
3628 814 3733 884 τὴν

2141 906 2234 961 τοῦ
2268 904 2518 977 σώματος
2542 902 2724 976 λώϐην
2749 921 2762 933 ·
2788 905 2837 957 οἱ
2862 904 2919 957 δὲ
2939 908 3061 968 ταῖς
3090 905 3365 969 τοιαύταις
3392 905 3736 959 πιστεύσαν-

2142 1015 2235 1060 τες
2279 995 2375 1049 καὶ
2413 992 2816 1067 τεθαρρηκότες
2852 980 3123 1057 ἀπάταις,
3165 991 3356 1059 ἔλαθον
3406 991 3644 1055 ἑαυτούς
3672 1007 3736 1044 τε

2144 1086 2543 1161 προδεδωκότες
2571 1085 2665 1138 καὶ
2689 1084 2984 1138 Βαϐυλῶνα
3011 1082 3258 1155 Ζωπύρῳ
3279 1082 3375 1135 καὶ
3404 1081 3596 1154 Κύρῳ.

2218 1198 2443 1255 Ibid..C
2483 1198 2570 1252 l2.
2599 1196 2711 1252 Καὶ
2746 1194 3037 1266 προσῆνό
3072 1196 3280 1267 γέλως.
3322 1196 3448 1251 Τίσι
3479 1195 3738 1265 προσῆνς

2152 1286 2263 1361 ἆρα
2291 1292 2404 1353 τοῖς
2448 1287 2763 1360 πολεμίοις;
2800 1288 2835 1358 ἢ
2877 1287 2956 1358 τῷ
2988 1287 3379 1358 βουλεύσαντι;
3419 1286 3454 1357 ἢ
3495 1286 3574 1356 τῷ
3608 1303 3741 1338 πει-

2150 1382 2327 1436 σθέντι
2357 1381 2451 1435 καὶ
2485 1382 2552 1452 τῇ
2593 1381 2862 1453 στρατιᾷς
2894 1380 3018 1443 Τοῖς
3063 1379 3369 1451 πολεμίοις,
3406 1375 3599 1448 οἶμαι,
3634 1396 3742 1432 κα-

2148 1473 2390 1542 τάγελως
2436 1468 2525 1545 ἦν,
2577 1471 2765 1541 ἐπειδὴ
2810 1471 2904 1525 καὶ
2934 1473 2968 1542 ὴ
3019 1471 3203 1541 σφαγὴ
3232 1471 3296 1524 ού
3352 1470 3573 1543 μακρὰν
3624 1470 3743 1523 «In

2152 1566 2594 1620 πεπιστευκότων
2619 1580 2631 1595 ο
2662 1563 2984 1635 αὐτόχειρας
3012 1564 3120 1633 γὰρ
3154 1564 3251 1635 τῆς
3275 1563 3485 1617 ἑαυτῶν
3513 1562 3744 1631 σφαγῆς

2151 1657 2446 1727 γεγονότας
2490 1655 2818 1727 ἑωρακότες,
2848 1655 2943 1708 καὶ
2984 1652 3172 1725 [CoisL
3210 1670 3317 1709 om.
3364 1653 3481 1725 καὶ]
3510 1653 3616 1725 τὴν
3648 1653 3746 1707 αύ-

2153 1746 2260 1799 τῶν
2295 1746 2567 1816 σωτηρίαν
2608 1744 2742 1814 πυρὶ
2791 1743 3239 1816 παραδεδωκότας
3265 1783 3280 1807 ,
3318 1743 3435 1808 πῶς
3467 1745 3531 1797 ού
3560 1761 3746 1797 κατα-

2154 1836 2317 1906 γελᾷν
2349 1837 2493 1899 εἰκὸς
2517 1831 2619 1907 ἦν;
2654 1835 2810 1888 Ἔστι
2834 1834 2893 1889 δὲ
2919 1839 3059 1890 νοεῖν
3086 1835 3182 1888 καὶ
3211 1835 3288 1899 ὡς
3319 1837 3378 1889 ὲν
3406 1836 3607 1907 παιδιᾷ
3640 1836 3740 1889 καὶ

2155 1927 2353 1996 γέλωτι
2386 1926 2531 1997 ἔχειν
2578 1927 2640 1980 τὸ
2666 1926 2887 1997 γεγονὸς
2908 1967 2923 1991 ,
2955 1927 3044 1982 τόν
3082 1944 3143 1980 τε
3195 1927 3573 1982 πιστεύσαντα
3607 1925 3743 1999 [ωε.

2158 2021 2262 2075 575
2300 2020 2393 2073 τὸν
2421 2017 2599 2089 πιστ.]
2637 2019 2974 2090 Ἀποστάτην
3006 2020 3132 2085 τοὺς
3174 2021 3273 2075 σὺν
3318 2020 3469 2091 αὐτῷ
3511 2021 3747 2074 0:061:1-

2157 2110 2280 2183 ϐεία
2317 2110 2630 2181 βληθέντας,
2663 2109 2739 2175 ὡς
2766 2110 3018 2183 περιττὸν
3046 2111 3242 2183 φόρτον
3274 2112 3742 2184 ἀποσεισαμένων

2158 2201 2282 2273 [ms.
2305 2202 2409 2256 575
2424 2201 2877 2276 ἀποσεισάμενον]
2894 2205 2989 2258 καὶ
3014 2203 3207 2258 θᾶττον
3236 2207 3360 2273 (ms.
3390 2205 3499 2260 575
3519 2222 3575 2276 p.
3600 2206 3677 2259 27
3688 2206 3745 2273 4)

2156 2293 2263 2347 τῶν
2288 2296 2429 2349 κατά
2450 2294 2674 2366 γνώμην
2702 2294 3163 2367 προηγγελμένων
3196 2297 3496 2365 ἐπιτυχεῖν.

2238 2405 2358 2461 Col.
2391 2405 2497 2461 680
2530 2408 2571 2459 Α
2617 2408 2672 2462 4.
2729 2409 2795 2460 οι
2822 2405 2939 2476 μὲν
2972 2408 3084 2478 τὰρ
3132 2408 3253 2461 ὑπὸ
3293 2407 3546 2476 Περσῶν
3603 2424 3744 2462 κατ-

2157 2499 2510 2565 ηκοντίσθαι
2531 2500 2741 2566 φασιν.
2759 2497 3059 2561 Ἀτάκτοις,
3084 2500 3269 2570 φησὶν,
3299 2499 3594 2571 ἐκδρομαῖς
3615 2500 3746 2571 τῇδε

2158 2590 2383 2644 κάκεῖσε
2413 2589 2509 2642 σὺν
2536 2588 2813 2661 ὲμπληξίᾳ
2843 2588 3034 2661 [CoisL
3064 2589 3365 2663 ὲκπληξίᾳ]
3412 2593 3745 2664 φερόμενον,

2158 2680 2341 2753 ὅμοιόν
2362 2697 2411 2734 τι
2437 2680 2759 2735 πεπονθέναι
2783 2681 2948 2754 Κύρῳ
2967 2681 3047 2753 τῷ
3069 2683 3456 2754 Παρυσάτιδος,
3484 2685 3581 2739 καὶ
3616 2688 3745 2758 ’Δρσ

2158 2769 2416 2842 ταξέρξου
2448 2770 2691 2843 ἀδελφῷ·
2718 2765 2870 2835 οὗτος
2896 2771 3005 2843 γὰρ
3035 2774 3065 2826 ὁ
3093 2772 3296 2844 Κῦρος,
3324 2775 3437 2828 ἀλλ’
3467 2777 3567 2846 οὐχ
3587 2778 3620 2831 ὀ
3648 2777 3746 2848 μέ-

2160 2878 2283 2930 γας,
2329 2860 2666 2915 συνανελθὼν
2700 2863 2841 2933 μετά
2869 2863 3079 2934 μυρίων
3134 2863 3426 2936 Ἑλλήνων,
3451 2867 3510 2920 ἐν
3539 2861 3626 2931 οἷς
3655 2866 3748 2921 καὶ

2161 2951 2408 3023 Ξενοφῶν
2460 2955 2488 3007 ὁ
2530 2954 2768 3026 Γρύλλου
2790 2994 2805 3019 ,
2844 2956 2922 3019 ὡς
2953 2958 3116 3020 αὐτὸς
3150 2959 3355 3022 ἐκεῖνος
3385 2959 3445 3012 ὲν
3481 2963 3549 3031 τῇ
3598 2963 3749 3014 Ἀναο

487 3051 613 3122 Cyri
649 3048 994 3119 expeditione
1018 3046 1254 3101 historia
1285 3053 1495 3110 narrat,
1521 3043 1675 3098 fratri
1705 3044 1761 3097 in
1809 3044 1926 3098 acie
1965 3058 2058 3097 oc-

2167 3042 2319 3097 ϐάσει
2346 3043 2547 3116 γράφει
2572 3084 2588 3108 ,
2620 3044 2796 3100 συνὼν
2828 3045 3017 3119 [CoisL
3055 3048 3248 3120 συνῆν]
3279 3049 3417 3119 μετά
3449 3050 3546 3104 τοῦ
3588 3052 3746 3105 ἀδελ-

490 3138 685 3202 currit,
718 3146 772 3193 et
799 3151 926 3191 cum
956 3149 1022 3190 eo
1051 3147 1400 3203 congressus,
1447 3131 1673 3200 jamque
1698 3130 1901 3194 victor,
1935 3143 2062 3198 pru-

488 3231 609 3301 prio
643 3230 844 3298 impetu
873 3227 1061 3298 lapsus
1091 3238 1216 3278 cum
1249 3221 1415 3276 fratre
1440 3221 1671 3278 interiit.
1703 3218 1797 3274 Sic
1824 3227 1879 3273 et
1929 3233 2057 3273 eum

491 3322 645 3375 aiunt
674 3318 951 3372 interiisse
980 3331 1010 3369 a
1037 3314 1222 3370 Persis
1262 3313 1447 3383 jaculo
1487 3311 1789 3368 conﬁxum.
1830 3311 2063 3381 Quoquo

493 3419 670 3464 autem
704 3412 867 3476 pacto
893 3421 979 3460 res
1014 3419 1076 3460 se
1106 3404 1325 3469 habeat,
1374 3411 1428 3457 et
1480 3418 1512 3456 ει
1578 3418 1689 3473 quo
1734 3402 2062 3458 interfectus

493 3500 587 3564 sit,
621 3498 782 3552 letale
810 3503 961 3550 certe
1005 3494 1233 3563 orbique
1270 3492 1534 3547 universo
1578 3492 1815 3546 salutare
1863 3492 2063 3547 vulnus

495 3588 716 3658 accipit,
748 3600 813 3640 ac
844 3601 941 3656 per
969 3584 1188 3639 unicam
1240 3583 1569 3638 incisionem
1615 3583 1912 3638 multorum
1952 3583 2065 3637 vis-

496 3694 706 3743 rerum,
738 3678 879 3733 male
907 3676 1264 3739 creditorum,
1303 3674 1591 3730 incisionis
1645 3689 1836 3744 poenas
1883 3676 2063 3731 exsol-

498 3772 600 3824 vit.
627 3768 782 3835 Quod
817 3768 978 3823 etiam
1001 3766 1183 3837 ipsum
1231 3764 1594 3820 admiratione
1632 3766 1877 3839 dignum,
1924 3782 2061 3837 quo-

497 3861 661 3916 modo
686 3860 779 3930 qui
817 3874 877 3914 se
904 3873 1001 3929 per
1034 3858 1306 3913 viscerum
1358 3857 1635 3913 sectiones
1673 3857 1856 3912 omnia
1904 3873 2067 3913 nosse

497 3950 889 4013 arbitrabatur,
925 3947 1142 4019 plagam
1171 3947 1584 4015 sectionemque
1613 3946 1925 4002 visceribus
1948 3949 2067 4003 suis

500 4039 842 4110 inlligendam
881 4035 1158 4109 ignorarit.

571 4148 873 4221 Tyrannide
898 4147 1129 4216 profecto
1151 4145 1333 4218 digna.
1405 4148 1693 4204 Jovianum
1750 4148 1884 4203 dicit
1914 4150 2065 4218 pium

498 4241 678 4296 virum
737 4248 902 4309 atque
957 4237 1189 4307 imperio
1244 4236 1539 4291 admodum
1592 4238 1837 4307 dignum.
1872 4237 2067 4295 (Prisci

498 4334 643 4388 enim
669 4345 827 4401 reges
858 4338 1122 4400 tyrannos
1157 4327 1528 4399 appellabant,
1551 4339 1606 4384 et
1632 4344 1861 4400 regnum
1884 4338 2069 4401 tyran-

500 4424 702 4478 nidem.
737 4421 933 4477 Postea
969 4428 1152 4475 autem
1191 4419 1488 4477 discrimen
1516 4419 1631 4475 haec
1681 4435 1788 4475 vox
1832 4421 2065 4492 accepit,

499 4523 560 4569 ut
576 4514 668 4584 qui
698 4528 793 4584 per
816 4512 924 4566 vim
956 4526 1021 4566 ac
1050 4526 1161 4565 non
1194 4525 1261 4565 ex
1293 4511 1472 4581 legum
1502 4513 1826 4582 praescripto
1853 4529 1943 4569 res
1973 4513 2070 4567 ad-

510 4605 884 4668 ministraret,
928 4610 1200 4673 tyrannus
1235 4610 1554 4668 vocaretur;
1612 4618 1707 4658 rex
1750 4606 2071 4674 autem,qui

501 4698 742 4769 legitime
769 4697 1055 4767 imperium
1100 4696 1452 4766 gubernaret,
1485 4705 1542 4750 et
1584 4696 1876 4752 consilium
1920 4697 2071 4751 adhi-

500 4792 673 4854 beret,
733 4803 932 4860 resque
962 4788 1259 4859 prudenter
1295 4795 1350 4843 et
1378 4788 1632 4844 consulte
1663 4795 1899 4859 gereret.

566 4990 673 5043 Aut
693 4985 842 5041 aliud
876 4985 1134 5055 quiddam
1161 5001 1365 5048 eorum,
1399 5002 1517 5056 qua:
1546 4985 1695 5054 fama
1739 4987 2065 5053 ferebantur,

500 5089 808 5135 metuentes.
848 5077 1152 5144 Quaenam?
1184 5073 1525 5132 Timuerunt
1551 5078 1700 5132 enim
1727 5093 1798 5133 ne
1819 5077 1962 5133 forte
1986 5095 2075 5133 ne-

498 5172 755 5229 cessitate
800 5170 866 5224 ad
921 5167 1361 5238 desperationem
1411 5167 1696 5239 compulsi,
1735 5182 1798 5223 ac
1832 5184 1929 5240 per
1977 5169 2075 5224 de-

501 5261 870 5335 Sperationem
918 5259 1432 5331 excitatis‘animis,
1493 5258 1757 5315 furiosius
1788 5260 1842 5315 in
1864 5276 1961 5316 eos
1998 5261 2076 5315 ir-

570 5487 684 5557 ᾦῦ)
720 5486 778 5543 Si
815 5487 995 5557 reipsa
1043 5487 1281 5544 Basilius
1309 5487 1363 5542 in
1405 5496 1587 5544 mente
1637 5489 1869 5557 habuit,
1902 5498 1963 5544 ut
1996 5506 2064 5545 ex

499 5559 815 5629 ejusrtextu
839 5628 846 5629 ί
873 5557 1055 5612 induci
1100 5565 1317 5629 potest,
1355 5557 1559 5629 Cyrum
1605 5567 1661 5629 et
1699 5559 2066 5616 Artaxerxem

502 5643 609 5682 una
638 5628 690 5681 in
723 5628 907 5698 praelio
934 5630 1077 5696 apud
1111 5628 1605 5687 Cunaxam’casos
1634 5628 1830 5697 fuisse,
1864 5645 1894 5685 a
1931 5644 2067 5687 vero

500 5698 729 5770 multum
765 5698 1061 5753 aberravit.
1652 5718 1657 5721 ν

1953 5783 2011 5838 ,ο

2163 3133 2285 3204 φοῦ,
2327 3135 2641 3206 συμϐαλὼν,
2667 3137 2780 3205 καὶ,
2811 3137 2974 3191 νικῶν
2998 3137 3100 3209 ἢδη
3119 3180 3135 3205 ,
3164 3139 3354 3210 θράσει
3386 3143 3574 3213 οἰκείῳ
3601 3160 3746 3214 συμ-

2163 3225 2343 3280 πεσὼν
2372 3227 2450 3297 τῷ
2488 3228 2705 3300 ἀδελφῷ
2747 3231 3114 3302 συνανῄρηται
3163 3232 3299 3302 ('55).
3331 3232 3487 3287 Οὕτω
3541 3235 3608 3307 δὴ
3652 3238 3747 3291 καὶ

2163 3315 2322 3370 αὐτόν
2354 3333 2514 3385 φασιν
2563 3318 2869 3390 ἀνῃρῆσθαι
2904 3320 3009 3374 ὑπὸ
3044 3321 3271 3392 Περσῶν
3311 3322 3681 3396 βεϐλημένονο
3712 3324 3746 3396 ἦ

2162 3404 2255 3462 οὖν
2301 3406 2476 3473 οὕτως
2515 3409 2547 3481 ἢ
2582 3411 2805 3474 ἐκείνως
2840 3410 3033 3483 [CoisL
3065 3413 3295 3487 ἐκεῖνος]
3318 3455 3334 3479 ,
3370 3418 3460 3486 ὑφ’
3489 3419 3617 3471 ὅτου
3652 3420 3748 3473 καὶ

2163 3499 2249 3570 δὴ,
2306 3500 2454 3571 ὅμως
2504 3500 2720 3571 δέχεται
2776 3502 2999 3575 πληγὴν
3059 3506 3280 3577 καιρίαν
3331 3509 3426 3562 καὶ
3463 3510 3632 3563 παντὶ
3674 3509 3750 3581 τῷ

2165 3591 2355 3661 κόσμῳ
2394 3593 2659 3663 σωτήριον
2682 3633 2699 3658 ,
2735 3594 2835 3665 μιᾷ
2881 3595 3057 3669 τόλμῃ
3086 3597 3201 3665 ('56)
3242 3600 3497 3668 σφαγέως
3532 3602 3750 3656 πολλῶν

2168 3679 2488 3751 σπλάγχνων
2500 3683 2777 3753 ἀνατομῆς
2799 3685 2985 3747 κακῶς
3006 3684 3405 3742 πιστευθέντων
3422 3691 3750 3764 ἀπαιτηθεὶς

2165 3771 2470 3843 τιμωρίαν·
2515 3773 2652 3844 ὅπερ
2693 3776 2788 3828 καὶ
2833 3774 3109 3846 θαύματος
3154 3777 3323 3844 ἄξιον,
3373 3780 3521 3843 ὅπως
3568 3785 3750 3837 πάντα

2166 3858 2451 3927 γινώσκειν
2481 3861 2726 3931 οἰόμενος
2752 3864 2873 3924 ταῖς
2904 3864 3202 3935 ἀνατομαῖς
3224 3908 3239 3932 ,
3279 3867 3380 3939 τὴν
3404 3868 3516 3923 τῶν
3552 3870 3749 3926 ἑαυτοῦ

2171 3950 2493 4021 σπλάγχνων
2521 3952 2754 4023 ἠγνόησε
2784 3955 2959 4026 τομὴν
2995 3956 3089 4008 καὶ
3117 3956 3354 4028 πληγήν.

2237 4144 2354 4202 Col.
2394 4146 2488 4201 68l
2528 4147 2567 4202 Β
2602 4148 2653 4201 Ι.
2688 4148 2797 4202 Καὶ
2838 4149 2903 4203 τὸ
2935 4144 3097 4216 εἴδοέ
3146 4152 3389 4222 άληθῶς
3419 4157 3598 4221 ἀξιον
3647 4178 3749 4214 τυ-

2161 4236 2466 4304 para-[60¢
2512 4238 2766 4291 Ἰοϐιανὸν
2792 4239 2938 4309 λέγει
2961 4241 3128 4311 ἄνδρα
3152 4245 3350 4315 εὐσεϐῆ
3391 4248 3485 4299 καὶ
3518 4248 3580 4301 τὺ
3606 4246 3747 4313 εἶδος

2170 4328 2317 4394 ἄξιον
2345 4327 2537 4398 ἔχοντα
2566 4328 2870 4398 βασιλείας·
2899 4333 3024 4395 τοὺς
3052 4334 3159 4406 γάρ
3188 4334 3428 4405 βασιλεῖς
3455 4339 3503 4391 οί
3527 4339 3748 4393 παλαιοὶ

2173 4420 2466 4490 τυράννους
2507 4420 2732 4475 ἐκάλουν
2755 4462 2769 4486 ,
2819 4424 2914 4476 καὶ
2956 4424 3053 4495 τὴν
3099 4424 3377 4494 βασιλείαν
3422 4431 3744 4500 τυραννίδα’

2176 4512 2400 4584 ὕστερον
2422 4513 2531 4584 γὰρ
2555 4514 2818 4586 διαφορὰν
2838 4516 3056 4583 ἐδέξατο
3083 4520 3117 4588 ἡ
3143 4518 3313 4589 φωνὴ,
3337 4520 3430 4573 τὸν
3461 4522 3564 4592 μὲν
3579 4522 3747 4594 βίαιον

2175 4604 2268 4655 καὶ
2303 4604 2377 4674 μὴ
2412 4604 2552 4657 κατὰ
2587 4607 2713 4669 τοὺς
2749 4606 2947 4677 νόμους
2987 4609 3400 4680 πολιτευόμενον
3452 4614 3739 4687 μόναρχον.

2176 4694 2456 4765 τύραννον,
2490 4695 2713 4765 βασιλέα
2740 4697 2818 4763 δὲ,
2848 4698 2939 4751 τὸν
2966 4698 3288 4769 πειθόμενον
3315 4703 3524 4774 νόμοις,
3561 4711 3657 4761 καὶ
3688 4709 3743 4778 τῇ

2181 4784 2341 4855 βουλῇ
2381 4785 2682 4857 χρώμενον,
2737 4789 2831 4842 καὶ
2880 4791 3187 4860 πράττοντα
3228 4794 3298 4848 τά
3354 4795 3746 4868 βεϐουλευμένα

2184 4877 2274 4928 καὶ
2309 4876 2526 4947 ἔννομα.

2252 4988 2386 5043 Ibid.
2416 4990 2469 5044 9.
2508 4991 2588 5045 Ἥ
2615 5008 2670 5044 τι
2708 4992 3025 5059 Δείσαντες
3053 4994 3210 5050 ἄλλο
3241 4995 3363 5050 τῶν
3391 5000 3743 5069 λεγομένων.

2180 5081 2355 5133 Τίνων
2397 5081 2736 5152 λεγομένων;
2769 5083 2982 5138 ἔδεισαν
3011 5086 3119 5156 γὰρ
3153 5086 3286 5152 ἴσως
3321 5090 3396 5160 μή
3427 5107 3546 5153 πως
3590 5092 3746 5161 ὁμόσε

2179 5175 2248 5244 τῇ
2290 5173 2503 5245 ἀνάγκῃ
2547 5174 2897 5245 χωρήσαντες
2944 5177 3038 5229 καὶ
3082 5178 3389 5246 ἀπογνώσει
3444 5180 3537 5233 τὸν
3587 5182 3750 5252 θυμὸν

2181 5263 2518 5333 ἀνάψαντες,
2571 5269 2691 5318 κατ’
2726 5267 2907 5321 αὐτῶν
2952 5270 3266 5340 ὁρμήσωσιν
3306 5273 3746 5345 ἀμεταστρεπτὶ,

2246 5493 2354 5566 (56)
2388 5495 2706 5570 lepqms.
2728 5568 2735 5570 Α
2760 5505 3024 5568 uterque;
3057 5498 3192 5554 editi
3223 5501 3388 5570 τομῇ,
3420 5498 3568 5568 quod
3617 5514 3749 5570 prr-

2176 5565 2409 5640 stat;’et
2439 5565 2700 5620 Basilium
2725 5565 2918 5639 ipsum
2933 5572 3075 5639 τομῇ
3110 5565 3309 5640 legisse
3336 5565 3485 5640 patet
3516 5585 3584 5626 ex
3618 5565 3748 5627 vace

2174 5635 2466 5708 ἀνατομῆς,
2491 5651 2615 5708 quae
2643 5635 2766 5692 cuni
2800 5641 2939 5710 τομῇ
2979 5635 3276 5694 υήῐίῑιιῦεἰη
3308 5635 3493 5695 efficit.
