3856 6220
162 255 289 314 HM

1042 250 1340 308 SCHOLIA
1371 252 1438 307 IN
1472 251 1683 307 ORAT.
1719 251 1773 307 ll‘
1801 248 2081 309 CONTRA
2115 251 2485 312 JULIANL‘M.

3278 255 3416 312 “42

161 378 219 429 ὲν
264 376 381 438 τοῖς
430 371 664 437 ἀδύτοις,
707 366 811 444 ἦγε
872 371 940 426 τὰ
998 372 1162 443 αἴσχη
1196 373 1266 426 τὰ
1323 373 1580 444 μυστικὰ,
1635 374 1749 438 καὶ,

1880 375 2067 438 πέψει,
2106 385 2162 430 et
2204 384 2498 448 corruptus
2547 374 2666 447 ipse
2716 383 2770 432 et
2810 389 3202 446 corrumpens;
3253 381 3416 443 atque

160 465 634 537 συμφθειρόμενος
673 469 764 520 καὶ
797 469 1056 540 φθείρων,
1120 471 1351 524 ἔκλεπτε
1390 472 1450 524 τὸ
1497 473 1744 540 ἀσελγὲς,

159 558 240 621 ὡς
272 557 336 629 δή
369 575 422 611 τι
452 557 644 629 [CoisL
668 558 812 632 δῆτι]
840 560 981 615 θεῖον
1012 563 1294 626 ἐπιτελῶν,
1331 564 1607 635 προπίνων
1631 566 1749 626 ταῖς

164 649 398 720 πόρναις
443 651 538 703 καὶ
586 652 978 724 προπινόμενος
1006 656 1097 708 ὑπ’
1146 656 1344 719 αὐτῶν,
1379 657 1617 728 σχήματι
1655 659 1748 709 καὶ

161 742 435 812 προφάσει
465 743 776 814 μυστηρίων
793 747 1126 816 ἐναγιασμοῦ
1145 747 1246 818 [ms
1258 749 1390 816 5575
1405 747 1745 820 ἐναγισμοῦ]·

161 832 390 886 τοιαῦτα
411 835 439 886 ὁ
472 833 666 903 σεμνὸς
697 829 849 898 οὗτος
874 837 1124 906 βασιλεὺς
1159 839 1252 892 καὶ
1275 839 1536 911 κρείττων
1548 839 1747 910 ὑμνού-

167 943 332 994 μενος
366 926 566 995 ἡδονῶν
597 929 858 986 ἐπετέλει.

235 1017 376 1072 Ibid.
404 1019 446 1070 Β
470 1021 518 1074 1.
585 1020 727 1075 Τότε
764 1025 973 1078 τοίνυν
1000 1027 1072 1079 οὺ
1108 1026 1342 1094 φαῦλος
1361 1025 1476 1096 ἐγὼ
1511 1025 1619 1079 τοῦ
1647 1025 1751 1079 ἀν-

165 1108 332 1178 δρός.
370 1110 706 1180 Σημειωτέον
729 1113 790 1166 τὸ
844 1110 974 1186 ἦθος
1022 1117 1114 1169 τοῦ
1159 1119 1486 1171 Ἀποστάτου
1525 1118 1599 1180 ὼς
1631 1116 1753 1183 ἐξά-

168 1218 359 1268 γιστον
417 1203 512 1255 καὶ
557 1204 921 1276 σεσοϐημένον
970 1210 1071 1262 καὶ
1100 1210 1372 1280 δαιμονῶν
1409 1209 1556 1281 (48)⁶
1598 1209 1628 1261 ὃ
1660 1209 1754 1262 καὶ

175 1293 390 1362 μάντις,
425 1291 594 1365 οἶμαι,
643 1298 736 1351 καὶ
788 1299 1032 1371 ἀσφαλὴς
1068 1302 1456 1372 φυσιογνώμων
1489 1301 1754 1372 ὲθήρασεν

172 1382 262 1444 ἂν,
315 1383 486 1437 εἰπὼν
546 1387 724 1460 πλήρη
785 1389 1049 1461 δαιμόνων
1092 1393 1182 1447 τὸν
1218 1393 1405 1464 ἄνδρα,
1444 1393 1535 1447 καὶ
1560 1393 1755 1456 κακίας

176 1473 398 1541 ἀπάσης
447 1477 642 1544 μεστὸν
683 1479 1055 1548 καταγώγιον·
1080 1482 1452 1554 ὲκπέφρασται
1503 1483 1560 1536 δὲ
1615 1484 1755 1537 πάνυ

174 1563 414 1627 οἰκείως,
443 1568 535 1619 κοιλ⁸
563 1567 642 1638 τῷ
671 1570 842 1639 Πατρὶ
873 1572 966 1624 καὶ
996 1573 1347 1644 προφητικῶς
1376 1575 1546 1628 ταῦτα
1575 1574 1759 1645 διηγό-

176 1669 371 1722 ρευται
394 1673 406 1684 ·
437 1657 674 1710 δείκνυσι
733 1660 840 1730 γὰρ
886 1662 1092 1726 τούτοις
1127 1666 1259 1734 ἡμῖν
1294 1665 1388 1718 καὶ
1417 1667 1658 1737 ἐναργῶς
1681 1666 1761 1736 τῷ

174 1744 322 1814 λόγῳ
388 1746 714 1817 παρίστησιν
778 1752 957 1804 ὁποῖον
1015 1755 1050 1824 ἡ
1093 1757 1255 1824 πεῖρα
1294 1755 1384 1808 διὰ
1426 1757 1532 1810 τῶν
1585 1757 1760 1828 ἔργων

177 1836 445 1906 ἐγνώρισε
493 1837 676 1908 τέρας,
722 1835 833 1894 οἷον
859 1844 920 1896 οὐ
961 1845 1222 1916 πρότερον
1264 1848 1298 1916 ἡ
1334 1846 1493 1915 φύσις
1537 1847 1761 1919 ἐγέννη-

178 1943 292 1986 σεν,
325 1927 609 1981 ἀλλόκοτόν
644 1948 696 1984 τι
742 1931 925 2002 θηρίον
955 1936 1096 1988 κατὰ
1139 1937 1238 1998 τὰς
1278 1937 1517 2000 Σκύλλας
1549 1940 1761 2002 ὲκείνας

177 2020 274 2072 καὶ
299 2021 577 2093 Χιμαίρας
616 2023 740 2094 [ηις.
783 2026 906 2091 575,
943 2029 1039 2082 Σκ.
1072 2031 1169 2082 καὶ
1200 2030 1362 2102 Χιμ.]
1391 2031 1757 2102 δεικνύμενον.

251 2109 371 2164 Col.
402 2110 505 2166 695
534 2113 574 2165 Β
605 2114 658 2167 2.
697 2115 790 2180 Ὡς
812 2119 923 2170 οὐκ
963 2117 1296 2187 ἐφορῶντός
1335 2137 1500 2187 τινος
1532 2123 1604 2176 τὰ
1625 2121 1763 2191 ὴμέ-

178 2217 339 2270 τερα.
369 2201 536 2255 Τοῦτο
568 2203 676 2275 γὰρ
715 2206 960 2272 ἐδόξαζεν
989 2209 1145 2278 ἡμῶν
1184 2211 1245 2262 τὸ
1277 2211 1593 2277 ἀντίπαλον,
1626 2213 1762 2282 μηδὲ

183 2293 315 2362 μίαν
343 2294 576 2366 κυϐερνή
586 2299 906 2360 σεωςαίτίαν
924 2299 955 2369 ἢ
970 2299 1102 2353 Θεὸν
1121 2301 1312 2372 ἔφορον
1330 2299 1468 2355 εἶναι
1486 2302 1597 2356 τῶν
1612 2304 1760 2374 τῇδε,
1798 2323 1801 2325 ·

181 2384 298 2438 ἀλλ’
324 2387 650 2456 αὐτομάτως
677 2391 738 2442 τὸ
785 2393 892 2446 πᾶν
921 2391 1063 2444 οὕτω
1092 2393 1351 2464 φέρεσθαι
1381 2396 1472 2447 καὶ
1498 2395 1606 2448 τῶν
1639 2391 1698 2449 εὖ
1729 2397 1762 2466 ἢ

182 2477 373 2542 κακῶς
386 2478 644 2549 βιούντων
659 2484 768 2537 οὐδ’
791 2486 983 2556 ἥντινα
1004 2487 1104 2559 τὴν
1132 2489 1486 2544 ἀνταπόδοσιν
1521 2490 1762 2548 ἔσεσθαι.

253 2654 395 2710 Ibid.
421 2657 464 2710 C
485 2657 538 2712 6.
576 2659 674 2713 Ἐκ
697 2659 815 2712 τῶν
845 2665 982 2730 παρ’
1008 2663 1152 2733 ἡμῖν
1175 2683 1338 2732 τινος
1365 2667 1630 2736 ἁσόφων.
1675 2669 1770 2723 Ἐκ

180 2747 292 2798 τῶν
343 2750 635 2820 προφητῶν
682 2769 828 2817 τινος
884 2754 994 2808 τῶν
1042 2757 1339 2811 δοκούντων
1379 2759 1528 2829 ὑμῖν,
1581 2761 1765 2830 φησιν,

181 2839 403 2907 ἁσόφων
430 2841 689 2911 λαμϐάνω
714 2845 801 2897 τὸν
832 2848 1094 2902 ἐπινίκιον
1113 2866 1125 2878 ·
1157 2847 1239 2913 οἷς
1278 2853 1638 2906 ὲπισυνάπτει
1676 2853 1770 2905 καὶ

183 2931 286 2992 τὰς
315 2933 504 2996 Θυσίας
529 2935 736 2998 καὶτὰς
761 2936 982 3001 τελετὰς
1019 2941 1113 2993 καὶ
1146 2940 1215 2993 τά
1259 2941 1357 3012 τῆς
1383 2943 1634 3007 ἀσεϐείας
1671 2959 1769 3012 μυ-

187 3022 406 3090 στήρια,
443 3025 534 3075 καὶ
554 3025 620 3077 τὰ
647 3025 854 3090 τούτοις
885 3029 1136 3099 ἐχόμενα.

259 3110 392 3163 Ibid.
427 3112 512 3164 11.
567 3114 693 3167 Ποῦ
742 3116 1047 3172 Βαϐυλών.
1084 3117 1267 3173 Ταῦτα
1295 3120 1403 3192 γὰρ
1431 3122 1578 3193 αύτῷ
1604 3125 1696 3176 καὶ
1735 3125 1768 3196 ἡ

184 3203 479 3273 οἰκουμένη
503 3206 649 3258 πᾶσα
680 3205 743 3258 ὲκ
790 3207 896 3259 τῶν
935 3209 1258 3280 εἰρημένων,
1291 3213 1531 3283 ἐντόμων
1570 3232 1630 3267 τε
1679 3217 1774 3268 καὶ

189 3294 436 3361 σφαγίων
461 3296 595 3367 (49),
616 3299 711 3352 καὶ
736 3298 846 3352 τῶν
876 3301 1074 3355 λοιπῶν
1105 3303 1513 3374 ὠνειροπολεῖτο
1543 3306 1623 3378 τῷ
1649 3307 1776 3361 δυσ-

190 3385 341 3438 σεϐεῖ
371 3388 716 3458 χειρούμενα.

259 3477 381 3531 Col.
418 3479 521 3532 696
567 3479 610 3534 C
637 3481 690 3534 5.
761 3483 828 3537 Ἦ
857 3482 963 3536 τὸν·
997 3487 1294 3553 ὀμνύοντα
1346 3493 1496 3545 κατὰ
1526 3494 1636 3562 τῆς
1674 3495 1776 3549 Ἰα-

188 3569 314 3624 κὼϐ
348 3572 761 3640 ὑπερηφανίας
819 3578 966 3629 Θεόν
1001 3578 1131 3648 (50).
1175 3581 1330 3634 Ἤτοι
1374 3584 1464 3636 τὸν
1509 3585 1776 3656 ὀμνύοντα

189 3662 334 3715 κατὰ
361 3664 453 3715 τὸν
499 3664 690 3717 Ἰακὼϐ
713 3669 789 3729 είς
806 3669 959 3733 τίνα;
1010 3675 1088 3734 εἰς
1126 3671 1217 3725 τὸν
1248 3676 1344 3745 τῆς
1379 3677 1650 3750 ὑπεροχῆς
1683 3683 1777 3734 καὶ

191 3753 452 3825 ὑπεράνω
484 3756 700 3810 πάντων
738 3759 1058 3830 φαινόμενον
1086 3763 1218 3818 Θεόν
1243 3782 1255 3796 ’
1291 3766 1328 3836 ἦ
1373 3767 1460 3820 τὸν
1505 3770 1778 3838 ,ὀμνύοντα

190 3847 325 3900 Θεὸν
361 3847 503 3900 κατὰ
526 3850 624 3919 τῆς
640 3850 834 3904 Ἰακὼϐ
867 3853 959 3905 καὶ
996 3855 1229 3919 πίστεως
1259 3857 1349 3910 καὶ
1374 3861 1776 3931 μεγαλοφροσύ-

192 3955 309 4010 νης,
333 3937 523 4007 ῶσπερ
545 3941 704 4010 φησὶν
722 3943 749 3994 ὁ
765 3941 956 3994 Ἰακώϐ
975 3957 989 3971 ’
1017 3943 1078 3996 οὐ
1096 3945 1236 3998 κατὰ
1250 3947 1516 4016 δαιμόνων
1541 3949 1774 4020 ῶμνυεν,

192 4029 329 4085 ἀλλὰ
361 4032 500 4084 κατὰ
532 4032 662 4085 Θεόν
685 4049 700 4065 ⁸
747 4037 826 4097 είς
878 4036 1037 4105 ὅρκον
1081 4038 1208 4109 γὰρ,
1237 4041 1420 4110 φησὶν,
1446 4043 1504 4095 ού
1521 4043 1779 4114 δαίμονας

192 4121 521 4190 ἐλάμϐανεν,
579 4122 714 4176 ἀλλὰ
760 4123 892 4176 Θεὸν
921 4125 1157 4190 εὐσεϐῶς
1201 4128 1361 4198 ὅρκον
1401 4131 1654 4196 ἐποιεῖτο,
1686 4133 1778 4187 τὸν

195 4210 455 4282 ὑπεράνω
472 4211 689 4266 πάντων
719 4215 954 4269 καὶὸντα
982 4217 1126 4287 (cod.
1153 4234 1207 4288 p.
1232 4219 1358 4287 276,
1391 4220 1443 4292 1)
1475 4223 1567 4277 καὶ
1591 4225 1779 4292 φαινό-

195 4317 380 4374 μενον.

1793 1727 1840 1782 Β

1854 465 2100 522 libidinis
2143 469 2500 538 petulantiam
2543 469 2874 532 occultabat,
2913 483 3109 538 nempe
3153 475 3418 536 tanquam

1854 557 2062 627 aliquid
2090 559 2334 614 divinum
2369 575 2658 630 peragens,
2702 559 2900 615 scortis
2933 557 3260 628 praabibens,
3299 568 3420 624 qua:

1853 650 2018 705 etiam
2059 650 2165 720 ipsi
2207 651 2454 707 vicissim
2498 651 2892 720 praebibebant,
2929 649 3032 704 sub
3077 646 3419 701 nefariorum

1853 745 2246 816 mysteriorum
2272 745 2460 815 specie
2489 755 2653 816 atque
2685 745 2910 799 obtentu
2937 761 2952 796 :
2987 740 3289 812 gravis-hie
3319 738 3423 791 im-

1855 844 2098 906 perator,
2143 845 2199 892 et
2226 839 2320 907 qui
2365 847 2426 890 ut
2456 837 2830 908 voluptatibus
2863 835 3116 905 superior
3157 830 3430 886 laudaba»

1856 937 1969 988 tur,
2000 929 2313 998 hujusmodi
2345 944 2436 984 res
2469 928 2713 998 gerebat.

1930 1019 2076 1074 Tunc
2099 1021 2258 1090 igitur
2291 1037 2372 1074 me
2401 1037 2503 1074 non
2534 1018 2734 1072 malum
2773 1017 2836 1071 de
2875 1018 2970 1071 hoc
3003 1016 3134 1070 viro.
3175 1008 3436 1065 Notanda.

1857 1112 2135 1182 Apostatae
2172 1114 2402 1177 indoles,
2431 1121 2490 1168 ut
2527 1114 2785 1178 scelesta,
2814 1121 2868 1164 et
2899 1109 3120 1179 agitata,
3142 1112 3200 1160 et
3222 1103 3431 1157 ὼεηιοοι

1857 1207 2038 1260 niaca.
2069 1206 2242 1271 Quam
2265 1205 2484 1275 quidem
2511 1213 2686 1269 vates,
2717 1205 2934 1276 opinor,
2965 1206 3258 1267 certusque
3287 1195 3425 1265 phy-

1861 1297 2184 1366 siognomon
2257 1296 2736 1367 deprehendisset,
2797 1295 3025 1364 plenum
3085 1285 3441 1344 decurionibus-

1859 1387 2036 1443 virum
2076 1387 2398 1452 declarans,
2443 1386 2700 1456 omnique
2749 1384 2990 1454 nequitia
3041 1380 3308 1448 repletum
3350 1375 3426 1428 di-

1862 1479 2188 1534 versorium.
2222 1478 2485 1549 Exposita
2516 1485 2644 1534 sunt
2677 1477 2912 1531 maxime
2947 1471 3164 1544 proprie
3191 1476 3247 1525 et
3268 1484 3297 1521 a
3325 1466 3426 1520 Pa—

1862 1581 1947 1626 tre
1975 1573 2288 1643 prophetice
2318 1574 2436 1628 haec
2475 1573 2620 1628 dicta
2656 1579 2804 1627 sunt.
2850 1565 3100 1624 Ostendit
3131 1563 3273 1617 enim
3317 1559 3447 1614 illis-

1864 1665 2044 1728 nobis,
2077 1673 2131 1719 et
2155 1663 2442 1720 manifeste
2467 1678 2719 1718 sermone
2743 1659 3047 1722 constituit,
3079 1655 3237 1726 quale
3261 1665 3429 1720 expe-

1865 1750 2060 1811 rientia
2111 1756 2373 1826 operibus
2419 1756 2676 1826 cognovit
2729 1760 3057 1814 monstrum,
3107 1745 3268 1816 quale
3312 1755 3424 1797 non

1861 1848 2015 1917 prius
2054 1854 2251 1902 natura
2287 1849 2508 1918 genuit,
2563 1848 2733 1902 variis
2782 1843 3074 1916 generibus
3135 1837 3424 1893 conﬂatam

1862 1941 2100 1996 belluam
2132 1949 2412 1997 ostensam
2456 1941 2606 1996 velut
2661 1938 2855 2008 Scyllae
2899 1936 3002 1988 illae
3034 1938 3088 1986 et
3115 1929 3450 1988 Chimaerae...

1939 2120 2214 2189 Tanquam
2248 2117 2483 2173 videlicet
2512 2132 2660 2170 nemo
2687 2121 2822 2168 esse!
2857 2112 2947 2180 qui
2977 2125 3058 2162 res
3100 2113 3310 2160 nostras
3348 2101 3433 2153 in-

1863 2213 2104 2283 spiceret.
2139 2209 2254 2266 Hoc
2281 2211 2425 2265 enim
2449 2208 2734 2278 jactabant
2768 2195 3292 2259 adversariinostri,
3331 2207 3432 2246 ne-

1865 2320 1972 2376 que
2013 2306 2180 2360 ullam
2225 2299 2641 2374 gubernationis
2686 2311 2911 2352 causam
2959 2292 3046 2346 vel
3075 2289 3258 2385 .Deum
3311 2299 3434 2384 esse

1867 2396 2154 2453 terrestria
2200 2393 2626 2464 inspicientem,
2681 2389 2776 2443 sed
2829 2381 3290 2440 fortuito'omnia
3357 2381 3433 2464 ita

1867 2487 2018 2554 ferri,
2049 2495 2214 2556 atque
2250 2463 2319 2540 iis
2345 2482 2439 2553 qui
2469 2482 2699 2535 honeste
2725 2477 2809 2532 vel
2838 2474 2979 2528 male
3008 2472 3284 2525 vixerunt
3305 2463 3430 2517 nul.

1866 2581 1974 2634 lam
2007 2579 2245 2633 futuram
2277 2592 2401 2632 esse
2433 2573 2876 2630 retributionem.

1937 2672 2014 2726 Ab
2044 2670 2376 2726 indoctorum
2414 2665 2731 2721 nostratium
2760 2657 3009 2730 quodam.
3059 2653 3106 2707 A
3148 2646 3437 2722 propheta-

1868 2779 1990 2819 rum
2029 2763 2287 2833 quodam,
2335 2760 2431 2831 qui
2463 2757 2668 2813 indocti
2707 2752 2852 2823 apud
2888 2764 2986 2803 vos
3018 2745 3295 2804 videntur,
3334 2740 3434 2800 ait,

1871 2857 2201 2927 triumphale
2245 2869 2468 2910 carmen
2515 2853 2765 2906 desumo.
2809 2845 3020 2913 Quibus
3067 2837 3438 2936 subjungit'et

1869 2947 2162 3012 sacriﬁcia,
2205 2955 2259 3002 et
2296 2944 2671 3009 czeremonias,
2715 2949 2769 2994 et
2819 2933 3116 3007 impietatis
3149 2933 3435 2999 mysteria,

1796 3068 1840 3126 α
1872 3050 2175 3110 θεειετοίιυε
2202 3036 2537 3108 hujusmodi.

1951 3132 2050 3187 Ubi
2100 3131 2384 3201 Babylon?
2430 3128 2605 3196 Hujus
2655 3132 2816 3194 atque
2865 3116 3105 3174 universi
3150 3113 3322 3216 orbis,
3370 3124 3438 3215 ex

1872 3225 1996 3280 istis
2029 3239 2150 3294 quae
2178 3223 2290 3292 jam
2319 3221 2559 3276 diximus
2593 3213 3062 3272 immolationibus
3097 3217 3262 3278 atque
3298 3213 3438 3258 inci-

1875 3316 2144 3380 sionibus,
2227 3313 2562 3383 reliquisque
2626 3311 2768 3374 aliis,
2814 3303 3218 3376 possessionem
3278 3303 3440 3367 quasi

1877 3407 2160 3462 somnians
2180 3406 2285 3461 sibi
2320 3402 2690 3474 promittebat.

1947 3498 2114 3553 Deum
2162 3498 2251 3565 qui
2293 3496 2446 3565 jurat
2493 3493 2739 3548 adversus
2789 3486 3086 3557 superbiam
3147 3478 3333 3536 Iacob.
3382 3475 3443 3530 In

1877 3607 2037 3661 quem
2067 3590 2328 3644 adversus
2361 3586 2530 3642 Jacob
2571 3583 2883 3655 jurantem?
2933 3579 2990 3632 lu
3033 3570 3445 3646 supereminen-

1877 3693 1986 3736 tem
2033 3682 2325 3749 omniaque
2375 3685 2718 3747 superantem
2771 3674 2958 3728 Deum.
3008 3671 3115 3722 Aut
3165 3666 3441 3735 jurantem

1880 3775 2048 3831 Deum
2082 3789 2178 3844 per
2224 3772 2392 3827 Jacob
2417 3772 2576 3825 [idem
2619 3779 2672 3823 et
2721 3763 3247 3835 magnanimitatem,
3299 3755 3445 3809 sicut

1879 3866 1955 3920 ait
2001 3863 2219 3918 Jacob:
2277 3877 2386 3916 non
2438 3876 2532 3930 per
2581 3859 2856 3922 daemones
2915 3851 3143 3924 juravit,
3189 3845 3283 3901 sed
3347 3860 3444 3914 per

1879 3957 2068 4012 Deum.
2112 3956 2170 4010 In
2210 3952 2592 4025 jusjurandum
2642 3950 2808 4012 enim,
2857 3946 2952 4009 ait,
3006 3958 3114 3998 non
3167 3940 3443 4035 daemones

1879 4049 2112 4117 accepit,
2141 4046 2236 4101 sed
2266 4043 2434 4099 Deum
2473 4040 2725 4110 religiose
2751 4034 3136 4108 jusjurandum
3167 4028 3313 4090 fecit,
3347 4028 3470 4096 qui.

1880 4157 2044 4212 super
2070 4138 2255 4193 omnia
2292 4145 2346 4192 et
2373 4143 2457 4191 est
2483 4143 2536 4188 et
2574 4132 2808 4188 videtur.

265 4397 387 4451 Col.
430 4395 534 4452 698
571 4397 618 4450 A
667 4397 718 4452 7.
769 4399 958 4453 Ταῦτα
1003 4403 1382 4471 Χριστιανοῖς
1428 4407 1588 4475 παρὰ
1630 4410 1766 4464 σοῦ.

1951 4425 2080 4480 Hac
2111 4431 2165 4476 tu
2194 4419 2394 4474 salice:
2424 4415 2765 4472 Christianis.
2793 4408 2917 4464 Hac
2942 4405 3272 4463 Christianis
3301 4413 3444 4472 prae-

195 4487 385 4542 Ταῢτα
432 4489 799 4576 ἀνταποδίδως
836 4492 1130 4564 τάπίχειρα
1182 4494 1319 4566 [ms.
1354 4499 1459 4553 575
1490 4500 1558 4554 τὰ
1601 4501 1772 4576 ἐπίχ.]

196 4581 565 4650 Χριπιανοῖς,
601 4580 717 4632 ἀνθ’
751 4574 826 4635 ὧν
853 4583 888 4654 ἢ
928 4583 994 4636 δι’
1025 4579 1098 4638 ὧν
1143 4586 1324 4651 καλῶς
1362 4589 1572 4661 ἐσώθης
1605 4574 1776 4664 ἁναρξ

196 4670 430 4734 πασθεὶς
463 4669 554 4724 ὑπ’
585 4670 786 4738 αὐτῶν,
818 4674 914 4727 καὶ
944 4674 1043 4746 τῆς
1071 4675 1278 4731 ἐνδίκου
1319 4681 1534 4752 σφαγῆς
1567 4682 1776 4756 λυτρω-

199 4760 336 4826 (θείς.

270 4852 411 4909 lbid.
452 4853 505 4907 '5.
554 4855 690 4907 Τότε
719 4855 838 4923 μὲν
873 4855 1490 4929 δυσανασχετοῦντες.
1531 4865 1675 4937 Πρὸς
1713 4867 1774 4921 τὸ

203 4963 225 4998 ι
262 4944 529 5018 πρότερον
565 4964 583 4997 ι
615 4945 928 5001 ἀποδέδοται
951 4948 1140 5002 τούτο⁹
1170 4951 1538 5020 ἀναλαμϐάνει
1560 4958 1666 5030 γὰρ
1689 4960 1774 5013 ὅτι

269 5139 384 5210 (48)
414 5143 697 5209 Δαιμόνων
726 5159 883 5211 mss.,
916 5145 1031 5200 sine
1053 5163 1238 5202 sensu.
1269 5148 1588 5208 Emendatio
1614 5156 1775 5211 obvia

196 5220 254 5304 et
305 5225 420 5304 gogn
453 5211 638 5304 dlibia.
691 5214 866 5304 ξυρνὲ
897 5215 1193 5300 Gregorius
1223 5218 1290 5275 de
1332 5219 1548 5278 Iuliano
1577 5226 1674 5290 ait,
1709 5229 1773 5298 τῇ

195 5283 343 5350 ψυχῇ
368 5280 634 5347 δαιμόνων
649 5285 744 5336 καὶ
771 5280 884 5348 τοῖς
910 5280 1216 5357 πράγμασι.
1659 5280 1672 5290 ’
1748 5280 1773 5298 ¹’

271 5348 394 5434 μθ).
435 5349 624 5434 ,διξΡτὲ
645 5353 755 5434 ia"!
795 5353 993 5434 ἔῖῗομέἕ
1017 5373 1112 5434 Βίῗν
1133 5373 1316 5434 γραφη]
1336 5362 1577 5434 ,Ξεξάγιαγ
1605 5380 1774 5434 expo-

200 5420 334 5506 suit.
361 5419 694 5506 S’choliastés
719 5419 988 5506 Apollonii
1014 5419 1208 5506 Rhodii
1236 5427 1295 5506 (ι,
1333 5419 1504 5506 58.1)}
1554 5419 1775 5506 ἔντομα,

198 5489 533 5572 ablegare,
557 5489 848 5572 κυρίωςτᾲ
876 5498 985 5558 τοῖς
1013 5501 1223 5572 νεκροῖς
1241 5489 1629 5572 ’ἐναγιζόμενα.

274 5558 388 5625 150)
409 5558 784 5618 Clemencetus
813 5565 866 5617 in
901 5576 1027 5619 nota
1049 5558 1123 5620 ad'
1144 5558 1288 5620 hunc
1309 5558 1486 5624 locum
1529 5573 1773 5628 scholion

201 5627 394 5713 pastui
417 5630 872 5713 retulitusquehad
897 5634 1030 5688 ἀλλὰ
1058 5638 1198 5713 κατέ
1224 5638 1526 5713 8e_<iv.hlale
1553 5627 1776 5713 scripsit

200 5699 368 5769 ἡτουν
398 5715 500 5772 pro
545 5701 580 5773 ἢ
622 5699 731 5758 τόν.
763 5703 898 5761 Cum
948 5714 1126 5762 autem
1162 5707 1347 5767 Basilii
1400 5699 1785 5784 interpretatio,

1878 4519 1988 4573 mia
2027 4512 2314 4585 persolvis,
2352 4523 2449 4579 pro
2488 4507 2554 4561 iis
2597 4511 2691 4558 aut
2728 4510 2952 4573 propter
2994 4511 3058 4553 ea
3087 4494 3288 4566 quibus
3323 4491 3445 4561 pul-

1877 4609 2009 4664 chre
2036 4608 2284 4660 servatus
2317 4616 2378 4656 es
2405 4599 2474 4653 ab
2505 4595 2641 4667 ipsis
2671 4594 3009 4657 subtractus,
3043 4599 3098 4643 et
3133 4587 3278 4656 justa
3312 4595 3446 4637 nece

1877 4701 2163 4756 liberatus.

1953 4870 2085 4924 Tum
2111 4884 2204 4922 nos
2237 4881 2369 4936 wgre
2389 4873 2439 4919 et
2469 4862 2656 4917 acerbe
2676 4861 2915 4931 ferentes.
2952 4857 3048 4911 Ad‘
3068 4875 3086 4910 ι
3125 4856 3288 4927 prius-
3325 4853 3449 4923 qui-

1881 4963 2001 5019 dem
2031 4981 2051 5014 ι
2088 4962 2204 5018 haec
2225 4957 2556 5014 referuntur.
2591 4954 2806 5024 Repetit
2831 4952 2977 5006 enim
3007 4947 3295 5020 quodcum
3327 4961 3447 5001 sus-

1881 5156 2015 5211 satis
2046 5156 2115 5211 sit
2142 5152 2419 5225 impedita,
2449 5150 2522 5225 D._
2541 5151 2917 5225 Clemencetus
2939 5146 3159 5225 conjicit
3174 5146 3449 5225 apndvovea

1922 5242 1979 5279 ro
2003 5215 2288 5295 ὀμνύοντα,
2319 5222 2408 5291 qui
2437 5221 2744 5295 opitulatur,
2789 5218 3196 5295 qui_ulciscitur.
3218 5215 3336 5269 Sed
3359 5218 3448 5295 ni:

1922 5243 1979 5279 ro
2003 5243 2288 5295 ομνυοντα,
2319 5243 2408 5291 qut
2437 5243 2744 5286 opitulatur,
2789 5243 2876 5286 qui
2904 5243 3196 5270 utuacuur.
3233 5243 3336 5269 ortu
3359 5243 3414 5270 ιιι
3435 5247 3448 5256 ·

1880 5243 1957 5349 bil
2001 5293 2341 5351 mutandum,
2386 5306 2508 5345 cum
2541 5289 2826 5343 manifeste
2866 5287 3110 5357 Gregorii
3167 5301 3346 5340 sermo
3381 5285 3450 5340 ad

1881 5365 1994 5420 haec
2017 5365 2179 5418 verba
2204 5361 2664 5440 ριορζιειεεᾼηιρε,
2685 5365 2956 5440 spectaret
2984 5373 3104 5440 qua;
3127 5357 3308 5410 laudat
3333 5358 3451 5440 ipse

1877 5428 2255 5489 Clemencetus
2282 5428 2322 5482 ί
2343 5429 2562 5499 ὐμνύει
2587 5428 2787 5498 Κύριος
2804 5428 2946 5499 κατὰ
2962 5428 3057 5496 τῆς
3075 5428 3451 5497 ὑπερηφανίας

1894 5503 2107 5557 Ἰακώϐ.
2137 5498 2510 5555 Maleomniuo
2537 5498 2770 5552 Basilius
2821 5498 3208 5567 interpretatus
3252 5505 3354 5560 est,
3395 5504 3450 5552 et

1879 5590 1998 5647 eam
2034 5571 2291 5647 Gregorio
2331 5579 2566 5647 mentem
2604 5568 2775 5623 fuisse
2822 5575 2968 5647 patet
2998 5575 3057 5620 ut
3097 5568 3450 5647 signiﬁcaret,

1886 5661 1907 5696 ι
1947 5643 2116 5709 Quem
2147 5638 2328 5695 'alium
2364 5639 2663 5708 adjutorem
2708 5645 3025 5709 exspectare
3049 5638 3450 5709 potuimusnisi

1881 5706 2048 5771 Deum
2067 5713 2216 5770 illum
2245 5711 2338 5782 qui
2362 5706 2565 5782 juravit
2585 5716 2777 5766 contra
2799 5706 3107 5780 Superbiam
3122 5706 3329 5765 Iacob?
3355 5726 3378 5761 ι
