3856 6220
426 272 571 327 Hi3

1785 271 2030 327 BASILII
2072 268 2293 327 MINIMI

3517 252 3685 309 il“

428 362 696 415 tincretur
743 366 909 431 atque
959 358 1270 417 differretur
1326 375 1357 414 a
1403 359 1514 417 Deo
1574 375 1673 418 sua
1708 362 1992 427 adversus

2114 360 2253 433 γνὶκα
2306 354 2627 412 ἀνεϐάλλετο
2676 351 2768 405 καὶ
2829 348 3029 419 ἀνοχῆς
3079 346 3255 418 εἴχετο
3297 346 3331 415 ἡ
3381 344 3515 398 κατὰ
3554 344 3674 397 ιερῶν

430 450 630 521 impios
659 450 762 518 ira,
801 466 903 506 nos
931 465 1072 522 aegre
1097 450 1332 507 ferentes
1363 468 1458 508 eas
1482 452 1865 509 emittebamus
1896 470 1991 508 vo-

429 554 544 595 ces.
584 540 717 595 Dein
778 550 899 611 post
972 543 1139 595 multa
1196 542 1425 613 adjicit:
1484 541 1613 598 Hazc
1663 552 1836 599 autem
1886 546 1993 610 ipse

428 631 664 698 prius...
701 648 836 687 nunc
873 649 1008 701 vero,
1038 641 1092 689 et
1122 634 1356 705 reliqua.

500 805 700 861 Cecidit
742 808 857 869 Bel,
907 813 1168 866 contritus
1221 822 1300 867 est
1346 813 1558 885 Dagon,
1610 817 1763 884 palus
1817 816 1991 887 factus

429 907 509 952 est
534 898 724 954 Saron.
751 901 866 966 Bel,
899 902 1083 974 Dagon
1114 915 1170 960 et
1197 904 1397 975 Saron,
1428 910 1626 979 templa
1658 917 1712 964 et
1749 911 1901 980 signa
1939 919 1994 963 et

431 990 735 1046 daemonum
766 995 1010 1050 nomina.
1052 995 1095 1050 Ε
1125 996 1408 1070 Scriptura
1435 1000 1551 1054 haec
1578 1009 1793 1071 sumpta
1825 1012 1951 1057 sunt
1976 1020 1987 1053 :

432 1083 499 1136 ad
535 1082 947 1140 similitudinem
984 1103 1174 1143 eorum
1216 1106 1335 1161 quae
1377 1091 1481 1146 hoc
1508 1095 1766 1163 temporis
1798 1110 1994 1149 evene-

432 1183 579 1228 runt.
615 1174 661 1228 A
700 1178 805 1247 piis
849 1179 994 1233 enim
1032 1180 1145 1236 haec
1174 1184 1355 1237 omnia
1387 1185 1562 1239 deleta
1601 1193 1656 1240 et
1694 1200 1904 1250 eversa,
1938 1195 1993 1240 et

431 1267 648 1330 penitus
690 1268 872 1323 diruta
914 1280 1063 1325 sunt.
1106 1272 1312 1329 Deinde
1352 1275 1543 1346 adjicit
1581 1284 1637 1331 et
1677 1284 1888 1341 nostra,
1942 1286 1995 1330 et

430 1355 614 1411 futura
647 1363 994 1429 praznuntiat,
1024 1381 1146 1435 quae
1173 1374 1228 1419 et
1254 1382 1399 1421 nunc
1437 1368 1614 1422 adhuc
1654 1367 1994 1439 perspiciun-

431 1457 522 1502 tur
545 1450 634 1505 vel
661 1454 990 1522 evenientia,
1031 1457 1116 1511 vel
1156 1458 1267 1526 jam
1313 1459 1557 1529 impleta,
1592 1460 1674 1515 vel
1714 1469 1864 1514 certe
1910 1459 1995 1513 fu-

430 1547 575 1606 tura,
610 1548 666 1593 ut
698 1544 868 1612 probe
897 1546 1013 1601 scio
1056 1565 1070 1602 :
1106 1548 1174 1603 iis
1216 1550 1360 1604 enim
1403 1565 1523 1621 qua:
1566 1559 1764 1606 eventu
1795 1550 1994 1607 conﬁr-

430 1638 576 1684 mata
602 1644 730 1687 sunt
763 1635 817 1689 in
850 1635 1161 1694 futurorum
1193 1640 1297 1695 ﬁde
1321 1641 1675 1698 conﬁrmatus
1707 1658 1850 1698 sum.

502 1806 623 1863 Non
646 1810 764 1878 jam
786 1812 1063 1869 adversum
1092 1833 1184 1871 nos
1209 1817 1369 1886 festos
1388 1817 1498 1872 dies
1524 1828 1698 1889 agent.
1730 1817 1995 1872 Solemni-

2093 450 2303 506 ἀσεϐῶν
2355 447 2491 518 ὀργὴ
2530 442 2624 498 τοῦ
2677 441 2832 507 Θεοῦ,
2884 436 3406 508 δυσανασχετοῦντες
3451 435 3671 497 ὲκείνας

2093 545 2324 615 ὴφίεμεν
2347 540 2445 602 τὰς
2466 536 2666 607 φωνάς·
2697 528 2794 585 εἶτ’
2820 531 3018 600 ἐπάγει
3046 528 3183 601 μετά
3212 527 3382 581 πολλά
3406 524 3526 597 (col.
3559 524 3669 580 700

2092 634 2138 685 Α
2172 632 2288 701 11)⁹
2327 628 2514 683 Ταῦτα
2541 624 2657 695 μὲν
2687 619 2800 677 οὖν
2836 621 3144 690 πρότερον,
3169 617 3310 671 ’νυνὶ
3348 616 3443 683 δὲ,
3470 616 3565 670 καί
3597 615 3688 738 τὸι

2161 814 2282 869 Col.
2325 811 2422 865 701
2467 810 2511 864 Α
2555 810 2609 864 3.
2647 809 2871 861 Ἔπεσε
2904 806 3055 873 Βὴλ,
3088 802 3404 872 συνετρίϐη
3437 798 3678 868 Δαγὼν,

2092 898 2204 973 ἕλη
2242 904 2477 973 ἐγένετο
2510 905 2542 955 ό
2572 898 2796 968 Σαρὼν.
2831 899 2940 970 Βὴλ
2975 899 3068 953 καὶ
3094 896 3282 967 Δαγὼν
3313 896 3406 950 καὶ
3434 891 3630 965 Σαρὼν
3653 933 3672 957 ,

2094 994 2213 1047 ναοὶ
2254 993 2348 1047 καὶ
2384 991 2575 1062 στῆλαι
2606 991 2700 1044 καὶ
2742 990 3009 1061 δαιμόνων
3048 988 3323 1057 ὀνόματα·
3367 988 3429 1039 ὲκ
3471 984 3528 1037 δὲ
3564 985 3672 1053 τῆς

2092 1087 2313 1157 Γραφῆς
2340 1084 2474 1155 (Isa.
2505 1100 2651 1149 XLVI,
2680 1083 2745 1147 1;
2780 1097 2976 1146 xxxltt,
3024 1082 3079 1147 9)
3111 1079 3318 1150 ἐλήφθη
3348 1077 3439 1131 καὶ
3468 1075 3670 1129 ταῦτα·

2094 1179 2215 1232 καθ’
2249 1178 2505 1248 ὁμοίωσιν
2530 1175 2637 1230 τῶν
2662 1176 2782 1230 κατ’
2804 1177 2978 1228 έκεῖνο
3000 1172 3189 1247 [CoisL
3216 1168 3448 1241 ἐκείνου]
3465 1166 3671 1238 καιροῦ

2096 1267 2550 1339 συμϐεϐηκότων·
2600 1265 2705 1319 ὑπὸ
2754 1264 2863 1335 γὰρ
2914 1263 3021 1317 τῶν
3065 1261 3305 1316 εὐσεϐῶν
3356 1259 3675 1328 καθῄρηται

2093 1359 2263 1412 ταῦτα
2304 1359 2399 1411 καὶ
2442 1356 2753 1427 συνετρίϐη,
2799 1354 2893 1408 καὶ⁸
2932 1352 3177 1423 ἀπωλείᾳ
3210 1348 3391 1419 τελείᾳ
3428 1346 3676 1416 παραδέ-

2093 1451 2238 1504 δοται
2262 1466 2277 1481 ·
2306 1446 2423 1503 εἶτα
2447 1448 2693 1519 ἐπιφέρει
2724 1446 2817 1498 καὶ
2841 1444 2910 1497 τὰ
2943 1442 3183 1514 ἡμέτερα
3209 1441 3303 1495 καὶ
3334 1435 3675 1509 προφητεύει

2093 1544 2162 1597 τὰ
2195 1542 2474 1614 μέλλοντα,
2509 1538 2544 1594 ἃ
2573 1540 2668 1592 καὶ
2703 1537 2798 1591 νῦν
2837 1536 2915 1588 ἔτι
2952 1533 3251 1603 καθορᾶται
3279 1530 3536 1599 γινόμενα
3573 1525 3675 1581 καὶ

2094 1636 2356 1705 γεγονότα
2387 1631 2518 1705 ἥδη’,
2554 1632 2648 1685 καὶ
2682 1627 3021 1700 γενησόμενα
3052 1620 3110 1679 εῦ
3155 1621 3271 1677 οἶδα
3294 1639 3309 1651 ·
3357 1624 3467 1684 τοῖς
3515 1618 3674 1672 τελε-

2072 723 2275 801 ⁶λοιπά.

2022 1716 2066 1771 Β
2098 1727 2268 1780 σθεῖσι
2284 1726 2391 1797 γὰρ
2414 1723 2645 1795 βεϐαίως
2664 1720 2773 1791 ἔχω
2797 1717 2989 1790 [CoisL
3014 1713 3175 1786 ἔχων]
3204 1713 3294 1766 καὶ
3319 1711 3386 1765 τὰ
3412 1710 3677 1780 ἐσόμενα.

2164 1817 2299 1871 Ibid.
2338 1815 2379 1870 C
2419 1814 2473 1869 2,
2522 1815 2643 1867 Οὐκ
2675 1811 2763 1865 ἔτι
2801 1806 3287 1878 πανηγυρίσουσι
3319 1803 3446 1856 καθ’
3475 1799 3673 1870 ήμῶν.

430 1908 573 1958 tates
612 1919 675 1959 ac
711 1905 848 1963 festa
876 1908 1254 1974 celebrabant,
1280 1911 1579 1981 gaudentes
1604 1911 1869 1967 adversus
1893 1926 1995 1967 nos

2114 1906 2438 1979 Ῑανηγύρεις
2465 1904 2740 1958 τελέσουσι
2764 1901 2858 1954 καὶ
2891 1897 3106 1968 ἑορτὰς,
3137 1893 3511 1964 ἐπιχαίροντες
3537 1891 3677 1960 ἡμῖν

432 1992 586 2062 impii
624 1995 854 2062 inimici,
900 2012 963 2052 ac
1011 1999 1144 2069 legis
1188 2001 1389 2070 iniquae
1433 2001 1652 2056 decreto
1688 2017 1719 2055 a
1761 2001 1896 2057 falsa
1939 2008 1995 2057 et

2114 2005 2143 2056 ii
2175 2001 2549 2072 ἐχθραίνοντες
2578 1996 2815 2059 ἀσεϐεῖς,
2853 1993 3002 2064 νόμῳ
3030 1991 3219 2060 ἀνόμῳ
3246 1984 3678 2044 ἀποκλείσαντες

431 2082 739 2140 adulterina
784 2088 1031 2143 doctrina
1073 2105 1175 2146 nos
1209 2093 1581 2148 excludentes.
1626 2092 1996 2147 Prohibebant

2114 2098 2193 2166 τῆς
2237 2092 2486 2164 κιϐδήλου
2526 2091 2621 2143 καὶ
2672 2089 2933 2158 ἀδοκίμου
2990 2082 3356 2143 παιδεύσεως·
3406 2075 3677 2147 ἀπεῖρξαν

432 2174 578 2227 enim
608 2191 677 2230 ne
701 2178 998 2234 Christiani
1032 2181 1345 2237 Graecarum
1369 2185 1674 2240 litterarum
1705 2200 1769 2239 ac
1799 2186 1998 2239 doctri-

432 2279 624 2318 narum
658 2268 951 2340 participes
984 2282 1167 2329 essent
1199 2293 1211 2328 :
1248 2276 1350 2331 hac
1378 2277 1585 2332 ratione
1608 2292 1667 2330 se
1699 2276 1832 2330 illud
1866 2291 2000 2331 con-

431 2367 717 2414 secuturos
754 2361 1108 2433 arbitrantes,
1157 2377 1217 2421 ut
1258 2367 1473 2439 linguas
1521 2384 1742 2440 quoque
1781 2378 1999 2424 nostras

432 2449 487 2501 in
497 2448 764 2506 biberent.

502 2537 685 2608 Ignem
720 2542 910 2613 facifer
947 2555 1068 2601 tuas
1104 2550 1421 2619 exstinguat.
1463 2549 1648 2620 ignem
1692 2551 1915 2621 gerebat
1954 2551 2002 2605 is

431 2630 524 2699 qui
559 2630 730 2687 facem
773 2637 1013 2703 tenebat,
1058 2639 1221 2694 simul
1262 2650 1316 2695 et
1348 2642 1631 2696 sacriﬁciis
1672 2642 1853 2712 ignem
1902 2642 2004 2695 im-

429 2725 678 2789 mittens,
709 2740 765 2782 et
792 2744 949 2784 sacra
978 2739 1034 2785 et
1069 2735 1423 2790 caeremonias
1452 2735 1516 2789 ad
1546 2735 1764 2805 aliquod
1789 2720 2004 2803 tempus

433 2814 751 2891 illuminans
780 2828 1116 2892 :posteaque
1136 2824 1387 2879 eumdem
1416 2826 1791 2896 exstinguens,
1823 2827 2005 2895 turpia

430 2909 482 2955 et
493 2903 729 2960 obscena
746 2910 1005 2979 mysteria
1021 2911 1075 2965 in
1093 2913 1330 2967 tenebris
1344 2912 1651 2968 celebrandi
1667 2914 1903 2983 spatium
1917 2913 2008 2967 da.

429 2996 541 3048 bat.
567 2996 642 3051 Ac
671 3005 784 3053 tum
805 3015 1087 3056 sacrorum
1116 3005 1669 3061 antistesmeretricia
1684 3015 1836 3061 veste
1854 3004 2008 3059 indu-

2096 2186 2203 2257 γὰρ
2227 2182 2582 2256 Χριστιανοὺς
2601 2179 2846 2242 παιδείας
2878 2174 3198 2245 Ἑλληνικῆς
3211 2173 3306 2225 καὶ
3329 2168 3521 2236 σοφίας
3581 2182 3685 2257 με-

2096 2256 2479 2347 ταλαμϐάνειν,
2496 2271 2698 2334 καὶτὰς
2716 2268 2958 2337 γλώττας
2983 2266 3139 2338 ἡμῶν
3170 2265 3315 2329 citato;
3326 2260 3539 2330 ράττειν
3566 2256 3676 2308 κάν

2098 2367 2271 2435 τούτῳ
2312 2361 2632 2432 κακούργως
2674 2359 2930 2429 οἰόμενοι.

2171 2540 2285 2595 Col.
2335 2537 2439 2592 704
2478 2535 2523 2589 Α
2568 2534 2620 2589 6.
2676 2530 2951 2587 Σϐεσάτω
3000 2528 3069 2581 τὸ
3116 2526 3235 2606 ,τξῦρ
3273 2526 3308 2577 ό
3353 2517 3672 2587 δᾳδοῦχος.

2114 2631 2441 2700 Ἐπυρφόρει
2487 2621 2641 2688 οὗτος
2680 2626 2708 2676 ό
2748 2621 3021 2694 δᾳδοῦχος,
3064 2617 3199 2687 ὁμοῦ
3247 2613 3345 2675 τὰς
3382 2627 3443 2663 τε
3483 2607 3677 2700 θυσίας

2104 2719 2408 2777 ὁλοκαυτῶν
2436 2718 2529 2771 καὶ
2553 2712 2800 2786 φωτίζων
2828 2712 2919 2765 ὲπί
2948 2726 3071 2763 τινα
3090 2706 3279 2777 χρόνον
3305 2702 3402 2764 τάς
3429 2696 3677 2758 τελετάς·

2106 2810 2231 2867 εἶτα
2256 2806 2664 2864 κατασϐεννύων
2686 2804 2854 2858 ἐδίδου
2885 2800 3074 2871 καιρὸν
3097 2801 3154 2850 ὲν
3180 2795 3355 2864 σκότῳ
3376 2792 3445 2845 τά
3474 2785 3678 2859 αἰσχρὰ

2106 2905 2214 2958 τῶν
2251 2901 2561 2974 μυστηρίων
2591 2896 2879 2951 τελεῖσθαι.
2915 2891 3183 2961 Πορνικὴν
3215 2888 3273 2940 δὲ
3313 2884 3506 2954 στολὴν
3537 2883 3568 2933 ὁ
3600 2882 3678 2974 is:

2114 2967 2383 3067 ροφάντης
2416 2967 2876 3059 -ένδιδυσκόμενος
2934 2981 3173 3052 αἰσχρῶς
3232 2975 3537 3047 ἱερούργει·

430 3093 520 3142 tus
536 3091 764 3160 turpiter
783 3092 851 3148 de
885 3094 1051 3151 rebus
1074 3098 1249 3153 sacris
1270 3099 1596 3154 disserebat.
1635 3100 1758 3154 Ideo
1782 3100 2002 3168 subjun-

2114 3047 2382 3156 Ξέτίφέρείἶ
2406 3103 2425 3134 ι
2464 3047 2729 3149 Ἐπίσχες
2743 3095 2836 3131 σου
2855 3047 2951 3139 τὰς
2967 3047 3197 3143 αἰσχρὰς
3214 3071 3306 3124 καὶ
3322 3067 3546 3127 σκότους
3567 3062 3685 3133 (51.)

433 3177 511 3245 git
537 3196 588 3231 τι
620 3179 814 3237 Fcedas
837 3193 961 3240 tuas
988 3194 1043 3239 et
1071 3187 1312 3242 tenebris
1338 3189 1526 3257 plenas
1550 3200 1738 3245 noctes
1758 3190 2003 3244 cohibe.»

502 3270 689 3324 Aerem
723 3277 939 3342 sparsit.
980 3275 1207 3347 Proprie
1237 3279 1452 3349 singula
1493 3280 1750 3349 exprimit
1777 3298 1791 3333 :
1823 3298 1841 3329 ‹
1873 3277 2011 3333 Pro-

433 3362 610 3428 duxit,
650 3366 905 3433 ﬁrmavit,
943 3371 1202 3434 tornavit,
1245 3371 1470 3440 sparsit,
1496 3372 1696 3427 limites
1726 3374 2003 3442 imposuit,

437 3455 622 3519 traxit,
661 3458 843 3511 anima
879 3460 1122 3526 donavit,
1166 3462 1235 3516 ad
1266 3477 1420 3518 suam
1465 3462 1693 3518 formam
1725 3464 1946 3520 elﬁnxit.
1982 3486 2003 3518 ›

448 3544 765 3616 Ἐμόρφωσε
795 3549 864 3604 ad
906 3548 1002 3605 Dei
1041 3567 1260 3623 quoque
1295 3553 1585 3623 imaginem
1631 3555 1829 3611 innuit.
1870 3556 2009 3626 Εψό-

435 3654 599 3708 χωσε,
633 3639 737 3694 hoc
765 3649 868 3704 est,
910 3644 1166 3697 animalia
1193 3646 1424 3701 rationis
1464 3648 1729 3716 expertia,
1770 3648 1932 3703 bruta
1955 3657 2009 3704 et

437 3730 706 3785 sentiendi
755 3732 1010 3789 facultate
1060 3737 1285 3806 praedita
1344 3739 1523 3793 anima
1575 3740 1816 3797 donavit.
1880 3740 2008 3797 Flu-

436 3820 645 3874 ininum
671 3828 905 3878 tractum
934 3836 1095 3896 atque
1121 3843 1341 3883 cursum
1373 3845 1508 3886 voce
1536 3832 1789 3898 Εῖλκυσε,
1817 3836 2005 3899 traxit,

437 3911 784 3980 signiﬁcavit.
811 3913 1022 3985 Ὥρισε,
1058 3917 1283 3972 limitem
1320 3919 1531 3973 scilicet
1561 3922 1695 3974 mari
1728 3923 2004 3991 imposuit.

440 3999 742 4054 Terminum
789 4006 958 4067 enim,
1026 4005 1240 4075 inquit,
1316 4009 1603 4075 imposuit,
1680 4029 1830 4082 quem
1902 4030 2008 4068 non

436 4094 723 4158 pra’teribit
763 4096 826 4148 η.
874 4097 1067 4151 Aerem
1100 4114 1321 4169 quoque
1370 4118 1617 4169 sparsum
1674 4120 1796 4159 esse
1852 4107 2006 4160 valde

437 4183 655 4252 proprie
687 4185 865 4239 dixit:
899 4186 989 4242 ille
1026 4190 1172 4243 enim
1206 4206 1305 4260 per
1343 4191 1658 4247 universum
1709 4195 1894 4259 inane,
1946 4204 2007 4251 ut

2110 3178 2385 3248 γεμούσας
2416 3174 2633 3237 νύκτας.
2674 3191 2692 3222 ι

2182 3271 2321 3325 Ibid.
2367 3268 2409 3321 Β
2456 3268 2542 3321 12.
2596 3266 2914 3330 Ἕσπειρεν
2956 3256 3121 3325 ἀέρα,
3170 3251 3399 3313 Οἰκείως
3451 3249 3683 3301 ἕκαστον

2110 3362 2458 3418 ἀποδίδωσιν·
2532 3375 2551 3407 ι
2614 3355 2993 3423 ὑπεστήσατο,
3050 3347 3317 3417 ἧδρασεν.
3369 3340 3691 3411 ὲγύρωσεν,

2109 3456 2380 3522 ἔσπειρεν,
2413 3450 2630 3522 ὥρισεν,
2662 3446 2928 3505 εἵλκυσεν,
2962 3439 3263 3508 ὲψύχωσεν,
3296 3434 3610 3504 ἐμόρφωσε·
3656 3446 3679 3481 ι

2108 3546 2195 3600 διὰ
2221 3520 2323 3615 μέν¹
2344 3520 2577 3613 γὰρήτοῦ
2612 3557 2632 3590 ι
2670 3535 2957 3607 ἐμόρφωσε
2989 3550 3008 3582 ι
3040 3524 3244 3584 τὸκατ’
3271 3525 3455 3580 εἰκόνα
3480 3520 3679 3592 δηλῶν·

2106 3638 2195 3691 διὰ
2224 3612 2295 3689 ⁷δὲ
2322 3633 2417 3687 τοῦ
2454 3649 2473 3684 ι
2520 3630 2765 3701 ἐψύχωσε
2802 3645 2822 3678 ι
2875 3625 2934 3678 τὸ
2966 3622 3200 3689 ζωτικὸν
3228 3617 3442 3687 λογικόν
3474 3632 3537 3668 τε
3591 3612 3687 3667 καὶ

2109 3729 2233 3801 [ms.
2258 3727 2383 3789 575,
2414 3722 2644 3787 ζωτικόν
2668 3738 2728 3772 τε
2752 3718 2869 3786 λόγ.
2902 3716 2996 3770 καὶ
3022 3714 3039 3785 1
3066 3712 3247 3783 νοερὸν
3276 3711 3372 3762 καὶ
3396 3711 3459 3760 τὸ
3486 3707 3683 3801 ἄλογον

2111 3795 2274 3892 μέρος
2304 3819 2403 3888 τῆς
2426 3815 2632 3886 ψυχῆς·
2667 3811 2755 3864 διά
2783 3809 2875 3861 τοῦ
2912 3827 2931 3859 ι
2974 3806 3191 3859 εἵλκυσε
3228 3822 3245 3852 ι
3286 3800 3378 3862 τὸν
3404 3798 3565 3852 ὁλκὸν
3592 3795 3685 3849 καὶ

2235 3907 2344 3961 τῶν
2384 3903 2644 3973 ποταμῶν
2675 3899 2847 3971 φοράν
2872 3912 2885 3925 ·
2922 3896 2982 3949 τὸ
3014 3894 3071 3948 δὲ
3114 3912 3133 3943 ι
3176 3891 3375 3961 ῶρισεν
3406 3907 3423 3937 ι
3450 3890 3682 3957 ὲμψατι-

2107 3977 2201 4053 κόν
2244 4002 2358 4051 ἐστι
2405 3995 2498 4049 τοῦ
2531 3988 2809 4062 διορισμοῦ
2844 3986 2945 4057 τῆς
2980 3983 3277 4054 θαλάσσης,
3308 3981 3514 4048 Ὅριον
3548 3977 3681 4047 γὰρ,

2107 4091 2289 4161 φησιν,
2323 4087 2463 4141 ἔθου
2494 4083 2526 4137 ὃ
2565 4084 2637 4135 οὺ
2689 4078 3121 4147 παρελεύσεται
3173 4074 3192 4143 (
3228 4071 3373 4125 Psal.
3422 4085 3543 4131 cur,
3583 4067 3680 4135 9).

2117 4160 2415 4249 Ἐνσπάρθαι
2464 4174 2519 4227 δὲ
2547 4173 2648 4249 ’καὶ
2692 4172 2784 4224 τὸν
2833 4169 2972 4239 ἀέρα
3018 4167 3243 4228 εἰκότως
3279 4160 3418 4216 εἶπε·
3454 4160 3681 4247 κέχυται

437 4274 761 4342 appellatur,
795 4275 950 4334 fusus
979 4294 1042 4332 ac
1075 4246 1300 4349 sparsus
1340 4293 1443 4338 est.
1474 4285 1610 4354 Apte
1648 4294 1827 4341 autem
1872 4246 2002 4344 illud

2114 4273 2213 4344 γὰρ
2236 4246 2330 4324 καὶ
2360 4246 2682 4334 δίέσπαρται
2715 4263 2877 4315 παντὶ
2905 4259 3181 4330 λεγομένῳ
3211 4254 3371 4325 κενῷ·
3401 4246 3602 4305 οἰκεῖον
3626 4249 3689 4303 δὲ

436 4361 623 4425 etiam,
681 4363 927 4417 «coelum
978 4368 1233 4422 tornavit.
1273 4388 1293 4420 ›
1349 4342 1541 4435 ρυειεί⁸
1567 4373 1621 4425 in
1682 4375 1891 4430 circulo
1949 4386 2002 4432 et

2114 4342 2199 4420 καὶ
2226 4363 2290 4416 τὸ
2322 4379 2343 4410 σ
2376 4362 2655 4431 ὲγύρωσεν
2697 4375 2716 4407 ι
2765 4354 2996 4425 ούρανοῦ
3019 4369 3031 4379 ·
3061 4351 3136 4413 ὡς
3162 4351 3218 4402 ἐν
3256 4347 3410 4420 γύρῳ
3442 4344 3552 4414 γὰρ
3590 4342 3681 4397 καὶ

438 4458 597 4506 torno
623 4455 1077 4522 circumductum,
1109 4462 1374 4528 sphaerica
1392 4461 1566 4516 forma
1592 4464 1864 4520 emnctum
1896 4477 1998 4522 est.

2114 4458 2277 4528 τόρνῳ
2320 4422 2675 4523 περιαγαγὼν
2703 4422 3167 4517 (52)*σφαιρικῶς
3213 4440 3569 4509 ἐτεκτήνατο⁹

436 4540 681 4597 Firmum
730 4545 1074 4616 solidumque
1120 4526 1278 4604 terrae
1312 4555 1589 4623 proprium
1634 4565 1736 4611 est.
1790 4556 2002 4612 Lumini

2114 4550 2149 4602 δ’
2170 4526 2382 4619 ἑδραῖον
2412 4544 2506 4597 καὶ
2530 4541 2747 4612 στερεὸν
2777 4538 2907 4591 ἴδιον
2935 4535 3077 4604 (cod.
3114 4551 3167 4605 ι).
3191 4533 3316 4595 276,
3353 4532 3408 4601 Ξ)
3438 4531 3540 4599 γῆς
3561 4546 3576 4559 ·
3609 4526 3685 4597 τῷ

439 4641 621 4688 autem
667 4636 845 4691 solute
897 4646 952 4691 et
999 4641 1155 4709 quasi
1205 4621 1624 4712 incorporaliter
1666 4649 1819 4701 eunti
1859 4647 2002 4703 dedit

2114 4640 2248 4710 φωτὶ
2278 4639 2335 4691 δὲ
2363 4637 2671 4705 λελυμένως
2704 4632 2799 4685 καὶ
2837 4625 2945 4683 οἷον
2983 4627 3290 4696 ἁσωμάτως
3333 4624 3462 4676 ξόντι
3487 4621 3683 4674 δέδωκε

438 4722 622 4779 locum
656 4726 958 4796 subjiciens
990 4747 1113 4787 acre
1143 4734 1332 4803 gracili
1359 4742 1414 4789 et
1441 4736 1596 4791 exsili
1630 4738 1774 4792 vehi.

2114 4734 2290 4804 χώραν
2324 4731 2633 4800 ὑποστήσας
2663 4723 3000 4778 ἐπιϐατεύειν
3032 4720 3157 4789 ἀέρι
3191 4717 3370 4790 ἀραιῷ
3402 4715 3529 4787 [ms.
3581 4712 3681 4768 575

2111 4824 2302 4895 εὐρεῖ]
2330 4824 2420 4876 καὶ
2452 4817 2650 4888 λεπτῷ.

507 4911 691 4982 Dejicc
720 4910 842 4974 iam
868 4910 1212 4978 Triptolemos
1256 4921 1392 4967 tuos.
1434 4913 1552 4969 Jam
1581 4915 1650 4970 de
1697 4916 1764 4970 iis
1799 4915 2002 4971 dictum

2182 4916 2319 4969 Ibid.
2366 4915 2407 4969 C.
2445 4913 2500 4966 '5.
2549 4907 2856 4965 Κατάϐαλέ
2891 4920 3005 4960 σου
3039 4903 3181 4968 τοὺς
3230 4900 3678 4970 Τριπτολέμους.

437 5012 522 5063 est
591 5004 647 5058 in
695 5002 947 5057 oratione
1000 5004 1054 5056 in
1102 5003 1514 5072 Theophaniam,
1562 5020 1627 5059 ac
1678 5005 1745 5061 de
1788 5003 2002 5075 Orpheo

2114 5007 2341 5078 Εἴρηται
2359 5022 2425 5058 πε
2433 5005 2487 5064 pl.
2511 5002 2713 5056 τούτων
2734 5002 2791 5054 ἐν
2817 4998 2894 5069 τῷ
2912 4999 2999 5061 εἰς
3012 4998 3084 5048 τὰ
3100 4992 3394 5062 Θεοφάνια
3411 4992 3556 5061 λόγῳ
3574 4990 3681 5058 (55)

510 5098 553 5130 ³⁸
593 5095 739 5153 Psal.
767 5111 882 5162 CIV,
911 5094 965 5151 9.

509 5189 626 5260 (51)
661 5189 765 5260 Ms.
803 5188 907 5260 575
957 5186 1168 5240 σκότου.
1207 5182 1481 5260 scribitur
1575 5185 1798 5260 σκότος
1846 5190 1899 5239 et
1932 5184 2021 5260 ab

441 5254 654 5323 σκότος.
705 5259 769 5313 D.
822 5259 1201 5314 Clemencetus
1249 5254 1377 5324 legit
1424 5254 1649 5316 σκότους
1692 5254 1848 5324 juxta
1894 5255 2013 5324 ple-

438 5346 645 5399 rosque
672 5344 806 5385 mss.
844 5329 964 5382 Mox
1007 5323 1340 5399 Gregorius,
1368 5324 1669 5399 abesto-go;
1702 5324 1878 5378 ἔλυσε.
1916 5323 2013 5379 Est

442 5400 499 5454 in
530 5392 650 5468 eius
681 5398 1020 5468 carminibus
1055 5392 1210 5449 locus
1239 5392 1384 5468 haud
1419 5394 1728 5468 absimilis:

589 5467 770 5522 Τινῶν
795 5467 864 5521 δὲ
888 5468 1124 5531 νύκτες,
1150 5463 1374 5528 νυκτὸς
1415 5462 1600 5528 ὅντως
1629 5463 1810 5527 ἄξιαι.

440 5537 524 5606 Ad
564 5553 687 5606 quae
727 5537 1046 5593 scholiastes
1090 5532 1745 5606 DoctoriisUClarke‘haec
1790 5534 2015 5606 adnotat

444 5601 662 5664 (Catal.
693 5606 972 5662 Gaisford.
1007 5621 1062 5674 p.
1099 5604 1207 5674 55)
1246 5622 1259 5656 :
1307 5601 1521 5674 Νύκτες
1556 5602 1616 5674 δέ
1648 5606 1754 5657 εἱσι
1790 5604 2016 5669 σκότους

442 5674 591 5753 ἄξιαι
602 5678 668 5757 _a.i
695 5676 835 5731 κατὰ
856 5676 946 5730 τὸν
969 5672 1151 5731 κέλεὸν
1174 5674 1267 5730 καὶ
1292 5672 1360 5728 τὰ
1379 5673 1478 5744 τῆς
1505 5672 1711 5729 ἐκείνου
1743 5675 2015 5745 μυστήρια

444 5757 686 5815 τελετης.

2182 5183 2293 5255 (52)
2346 5182 2634 5255 Hicrvoce
2691 5181 3050 5255 περιαγαγεῖν
3097 5179 3430 5255 explicatur_
3456 5175 3678 5255 verbum

2108 5246 2350 5325 γυροῦνι
2409 5254 2546 5319 alias
2601 5255 2720 5325 vice
2769 5246 3141 5325 versa._(_lum
3171 5246 3357 5325 'eni_m_
3392 5246 3683 5325 Gregorius

2111 5315 2165 5380 in
2185 5315 2291 5377 alio
2320 5315 2573 5379 sermone
2594 5324 2823 5377 dixisset
2848 5324 2950 5392 (or.
2974 5322 3065 5383 54,
3085 5334 3246 5392 nunc
3274 5315 3504 5392 28),_::£;
3537 5331 3682 5392 περις

2112 5397 2321 5465 ήγαγεν
2351 5394 2613 5463 οὐρανόν;
2646 5381 2879 5465 Basilius
2906 5392 3021 5465 haec
3049 5381 3309 5465 observat
3341 5381 3357 5441 Ξ
3388 5387 3532 5465 ξίσον
3567 5381 3681 5438 ἐστὶ

2218 5457 2465 5535 ἔγύρωσε
2485 5503 2499 5526 ,
2527 5463 2829 5535 κυκλοτερῆ
2872 5462 2967 5535 καὶ
3001 5458 3314 5535 σςραιροειδῆ
3354 5457 3678 5535 εἰργάσατοξ

2323 5520 2464 5603 ’περὶ
2481 5520 2689 5617 ἐκύκλον
2738 5520 2990 5618 σημαίνει
3009 5546 3022 5558 ’
3117 5520 3559 5618 έηνᾲπὲριιρορὰν
3591 5520 3687 5578 τοῦ

2114 5598 2510 5674 κυκλοφορικοῦ
2539 5602 2727 5656 τούτου
2757 5598 3008 5674 σώματος
3032 5598 3391 5674 ύποληπτέον.

2188 5662 2309 5743 (55)’
2343 5662 2402 5727 Ιή
2459 5672 2645 5729 Basilii
2688 5662 2928 5743 iscbuliis
2976 5662 3445 5743 _ad_ser'mone|n.
3473 5668 3563 5731 εις
3603 5662 3685 5743 ,τὰ

2120 5734 2412 5813 Sabe-circa
2436 5744 2608 5816 (orat.
2640 5742 2761 5813 58),
2795 5740 2926 5795 nihil
2960 5740 3027 5795 de
3062 5737 3403 5807 Triptolemo
3433 5734 3677 5792 invenire
