3856 6220
296 293 440 352 ιιιθ
1216 292 1507 351 SCIIOLIA
1529 292 1597 347 IN
1636 290 1850 351 ORAT.

1983 292 2234 350 ZONTRA
2259 289 2620 354 JULIANUM.
3402 290 3462 344 Il
3475 290 3545 344 50

291 412 358 466 τὺ
389 411 728 484 ἀποϐεϐηκὸς
759 411 860 484 ήδη
891 411 1051 479 τάξαι
1081 411 1300 480 λέγεται
1328 412 1419 466 τὸν
1451 411 1584 465 Θεὸν
1612 412 1865 483 γραφικῷ

1983 411 2067 466 :iis
2112 426 2211 481 per
2263 410 2417 464 illum
2449 408 2544 478 qui
2593 410 2650 464 in
2700 408 2822 480 ipso
2851 408 3068 463 locutus
3111 414 3248 474 erat,
3298 414 3543 477 peccato.

293 503 636 575 χαρακτῆρι,
685 504 776 557 τὸν
817 501 961 556 οὕτω
1001 502 1094 555 τὸν
1136 500 1420 573 ἄνθρωπον
1449 501 1730 555 πλάσαντα
1774 502 1865 555 καὶ

1983 499 2202 568 Propter
2243 508 2497 554 eventum
2542 498 2653 567 jam
2713 498 3073 554 constituisse
3118 498 3324 552 dicitur
3376 498 3544 552 Deum

292 594 489 647 τούτου
517 593 764 648 δεκτικὸν
789 593 1185 664 ἐργασάμενον.

255 738 280 766 ⁸¹
366 765 484 820 Col.
521 765 623 820 708
647 766 692 818 Α
726 766 761 820 2
815 768 1102 835 Δεύτερον
1137 765 1205 820 δὲ
1230 768 1311 833 ὡς
1333 767 1534 839 [δοίδλ
1561 768 1721 822 δεύτ·
1756 766 1868 839 ὡς]

291 855 430 925 ἐμοῖ
453 857 631 910 δοκεῖ.
664 855 886 926 Πρώτου
922 856 1052 927 [ms.
1090 856 1193 911 573
1221 856 1479 930 Πρῶτος]
1504 857 1748 921 τεθέντος
1774 857 1870 910 τοῦ

296 947 375 1018 μὴ
399 949 664 1018 ἁμαρτεῖν
699 949 732 1018 ἢ
776 949 850 1019 μὴ
884 948 1052 1018 μέγα,
1085 948 1334 1018 δεύτερον
1379 949 1568 1002 ἕπεται
1617 948 1678 1001 τὸ
1707 947 1868 1001 πταί-

294 1057 498 1103 σαντας
526 1041 621 1092 καὶ
652 1039 1056 1102 παιδευθέντας,
1086 1035 1207 1092 εἶτα
1233 1039 1468 1103 ἀνέσεως
1497 1039 1867 1110 ἐπιτυχόντας,

292 1131 354 1182 ἒν
396 1130 645 1202 αἰσθήσει
687 1131 774 1183 ἀεὶ
825 1132 918 1184 καί
960 1132 1149 1203 μνήμῃ
1192 1131 1291 1200 τῆς
1334 1120 1667 1194 ’παιδεύσεως
1696 1127 1866 1194 εἶναι,

295 1223 393 1274 καὶ
443 1220 519 1291 μῆ
572 1223 839 1293 ἁμαρτεῖν
877 1221 1069 1285 πάλιν,
1110 1221 1224 1274 ἀλλ’
1279 1224 1580 1289 ἀποφυγεῖν
1633 1223 1870 1291 μάστιγα

287 1311 547 1385 δευτέρα)
571 1315 636 1366 ὲκ
656 1313 909 1383 δευτέρας
930 1354 946 1378 ,
976 1312 1108 1383 φησὶ
1131 1354 1147 1377 ,
1176 1313 1371 1376 κακίας
1402 1313 1495 1368 καὶ
1521 1311 1810 1383 ἁμαρτίας.

365 1489 485 1543 Col.
521 1489 623 1543 709
652 1490 694 1541 Α
722 1490 776 1542 4.
821 1489 985 1555 Μηδὲ
1023 1489 1126 1542 τὸν
1173 1489 1438 1556 παρόντα
1474 1489 1681 1557 καιρὸν
1706 1488 1872 1545 ἐπαί-

281 1597 502 1649 ρωμεν.
551 1581 841 1643 Τουτέστι,
888 1579 963 1649 μὴ
1018 1582 1136 1641 ταῖς
1185 1579 1468 1640 ἐπινικίοις
1513 1578 1669 1648 ήμῶν
1735 1579 1867 1652 [ms.

329 1672 398 1725 75
426 1670 617 1741 ὑμῶν]
645 1670 984 1741 πανηγύρεσι
1007 1671 1101 1723 καὶ
1133 1670 1387 1740 εὐωχίαις
1415 1672 1529 1733 ταῖς
1552 1671 1869 1741 εἰρημέναις

1971 589 2228 659 graphico
2258 591 2594 653 charactere,
2623 589 2716 658 qui
2748 590 2822 643 ita
2861 590 3137 645 hominem
3169 587 3437 643 emnxcrit
3462 596 3571 640 ιιι-ι

1971 694 2077 749 que
2100 678 2263 747 hujus
2298 694 2554 749 capacem
2576 678 2841 733 eifecerit.

2045 767 2361 821 Proximum
2386 778 2586 833 autem,
2615 777 2671 820 ut
2696 766 2825 819 mihi
2855 766 3079 820 videtur.
3109 765 3407 835 Postquam
3428 764 3549 835 pri-

1971 874 2117 913 mum
2148 860 2360 928 positus
2389 868 2473 914 est
2500 859 2721 912 minime
2744 873 2994 928 peccare,
3012 858 3093 912 vel
3117 865 3264 910 certe
3288 873 3396 910 non
3421 872 3552 927 gra-

1970 950 2134 1011 viter,
2168 948 2469 1003 secundum
2508 954 2613 1009 est,
2664 947 2711 1002 si
2746 962 2870 1001 cum
2906 956 3134 1016 peccato
3178 945 3420 1000 admisso
3454 960 3550 999 ca-

1973 1040 2178 1109 stigati,
2209 1054 2272 1093 ac
2301 1047 2491 1108 postea
2526 1039 2901 1108 indulgentius
2931 1038 3127 1104 habiti,
3154 1038 3208 1090 in
3238 1036 3549 1107 disciplinae

1973 1147 2191 1200 semper
2234 1147 2400 1187 sensu
2450 1139 2504 1186 et
2546 1133 2810 1185 memoria
2860 1131 3123 1196 haereant,
3172 1145 3275 1183 nec
3322 1144 3546 1183 rursum

1971 1223 2285 1294 indulgeant
2309 1235 2552 1292 peccato,
2582 1224 2931 1295 secundaque
2958 1226 3185 1279 verbera
3227 1224 3297 1277 ob
3329 1238 3536 1276 secuno

1971 1315 2118 1377 dam,
2157 1324 2217 1368 ut
2255 1317 2363 1381 ait,
2409 1316 2753 1386 iniquitatem
2805 1314 3215 1384 secundumque
3254 1322 3545 1384 peccatum

1972 1404 2204 1475 fugiant.
2376 1462 2379 1467 ,

2048 1495 2130 1549 Ne
2155 1512 2383 1563 prresens
2409 1506 2609 1566 tempus
2637 1496 2983 1551 extollamus.
3016 1495 3074 1551 Id
3113 1501 3199 1551 est
3218 1536 3234 1561 ,
3271 1511 3340 1550 ne
3367 1494 3547 1557 festis.

1971 1587 2418 1642 solemnitatibus
2473 1600 2638 1656 atque
2682 1588 2999 1657 unguentis,
3060 1596 3120 1642 ut
3158 1586 3324 1641 modo
3378 1586 3546 1649 dixit,

1972 1679 2109 1733 adeo
2141 1679 2479 1765 ex‘sultemus
2508 1686 2567 1732 ut
2598 1693 2661 1732 ea
2683 1678 3015 1733 extollamus
3054 1686 3109 1732 et
3134 1678 3549 1747 magniﬁcemus

289 1763 671 1834 ὲπιχαίρωμεν
719 1761 1006 1826 τοσοῦτον,
1053 1761 1193 1815 ὥστε
1228 1762 1322 1814 καὶ
1352 1760 1596 1833 ἐπαίρειν
1646 1763 1741 1815 καὶ
1769 1779 1864 1832 με-

1983 1771 2113 1824 ultra
2159 1760 2306 1839 quod
2359 1770 2537 1833 decet,
2582 1770 2727 1825 sicut
2769 1773 2825 1824 in
2872 1771 3201 1841 quibusdam
3224 1770 3545 1825 Graecorum

290 1854 545 1923 γαλύνειν
588 1853 760 1918 αὐτὰς
794 1853 954 1906 πλέον
987 1852 1019 1924 ἢ
1049 1853 1153 1924 χρὴ
1196 1852 1522 1923 Ἑλληνικοῖς
1547 1870 1687 1905 τισιν
1721 1852 1867 1906 ἔθεσι

291 1945 388 1997 καὶ
428 1942 872 2013 καλλωπισμοῖς·
923 1943 1059 2013 μηδὲ
1113 1942 1327 2012 κρότοις
1380 1943 1475 1995 καὶ
1530 1942 1720 2012 μέθαις
1754 1942 1865 2011 (68)

289 2034 604 2105 ἐπαίρωμεν
639 2032 729 2086 τόν
756 2033 973 2104 καιρόν·
1017 2034 1078 2085 οὐ
1118 2032 1227 2103 γὰρ
1271 2031 1419 2098 ἄξιόν
1458 2033 1575 2083 ἐστι
1603 2032 1770 2102 τιμᾷν
1798 2031 1869 2084 τὰ

289 2125 413 2178 θεῖα
456 2126 551 2178 καὶ
578 2124 648 2176 τὰ
675 2124 919 2194 ἡμέτερα
944 2122 1157 2187 τούτοις
1182 2123 1288 2176 τῶν
1328 2123 1686 2193 πανηγύρεων
1705 2139 1720 2154 ·
1753 2124 1870 2175 άτι-

290 2217 392 2288 μία
417 2215 546 2286 γὰρ,
581 2215 695 2275 ἀλλ’
720 2216 778 2267 οὐ
805 2215 938 2284 τιμὴ
959 2255 972 2277 ,
1003 2214 1071 2267 τὰ
1093 2213 1234 2266 οὕτω
1257 2213 1572 2283 τελούμενα.
1812 2252 1815 2255 -

358 2309 499 2364 Ibid.
550 2307 591 2361 C
614 2309 667 2361 5.
698 2309 764 2360 El
795 2307 889 2360 καὶ
916 2305 1295 2372 ὀρχήσασθαι
1318 2304 1515 2357 δεῖσε.
1541 2304 1652 2374 Τὴν
1695 2304 1872 2375 Ἡρω-

288 2400 466 2463 διάδος
493 2399 721 2470 δρχησιν
758 2399 1102 2466 παραιτεῖται
1122 2437 1134 2458 ,
1172 2391 1239 2469 ἦς
1269 2394 1449 2465 ἔργον,
1482 2396 1636 2465 φησι,
1663 2396 1869 2448 Βαπτι.

290 2491 417 2545 στοῦ
468 2491 723 2553 θάνατος·
768 2489 864 2560 τὴν
902 2489 960 2541 δὲ
996 2487 1091 2541 τοῦ
1120 2487 1283 2540 Δαυῒδ
1308 2487 1444 2559 [ms.
1479 2488 1584 2541 575
1630 2485 1747 2559 δᾶδ]
1775 2487 1869 2540 καὶ

288 2582 593 2652 ἐπικρίνει,
643 2580 715 2651 μὴ
768 2578 1084 2650 ἀτιμάζων,
1134 2579 1226 2631 ἐπὶ
1275 2581 1342 2649 τῇ
1387 2578 1728 2632 καταπαύσει
1769 2579 1870 2647 τῆς

287 2674 528 2728 κιϐωτοῦ
546 2717 559 2739 ,
593 2676 659 2745 ἢν
688 2674 780 2725 καὶ
809 2672 911 2742 τῆς
934 2673 1218 2741 εὐκινὴτου
1245 2670 1338 2724 καὶ
1369 2670 1738 2740 πολυστρόφου
1770 2670 1869 2739 τῆς

290 2766 437 2821 κατὰ
473 2766 607 2818 Θεὸν
649 2763 874 2835 πορείας
916 2764 1211 2834 μυστήριον
1249 2763 1462 2831 ἡγεῖται
1491 2760 1867 2831 ’ἀλληγορῶν,

286 2857 387 2910 καὶ
409 2856 592 2909 δίδωσι
623 2854 831 2916 τούτοις
849 2857 988 2906 νοεῖν
1015 2853 1115 2905 οὐκ
1145 2852 1450 2922 ἀπόϐλητον
1478 2847 1618 2904 εἶναι
1650 2852 1745 2903 καὶ
1771 2850 1868 2922 τὴν

288 2949 350 3000 ὲν
399 2947 613 3017 ἑορταῖς
649 2945 742 2998 καὶ
796 2942 1154 3012 εὐφροσύναις
1188 2941 1281 2994 καὶ
1326 2939 1667 3009 πανηγύρεσι
1699 2937 1870 3001 θείαις

287 3037 536 3107 διάχυσιν
565 3035 743 3106 ψυχῆς
768 3032 1052 3095 εὐσεϐοῦς,
1086 3029 1444 3100 δοξαζομένου
1480 3028 1614 3082 Θεοῦ
1636 3068 1651 3092 ,
1684 3027 1779 3081 καὶ
1801 3030 1865 3097 τῇ

286 3129 573 3199 οἰκονομίᾳ
594 3126 612 3199 (
631 3126 748 3181 cod.
777 3142 833 3195 p.
861 3124 1000 3194 277)
1029 3122 1275 3196 Χριστοῦ
1306 3123 1400 3174 καὶ
1422 3123 1542 3183 ταῖς
1569 3119 1677 3173 τῶν
1703 3119 1872 3187 ἁγίων
1899 3112 1940 3167 C

293 3222 509 3294 μνείαις
556 3218 1074 3289 ὲλλαμπρυνομένης
1137 3213 1340 3286 [CoisL
1392 3214 1635 3283 μνήμαις
1674 3212 1874 3282 ἐλλαμ-

290 3312 792 3385 πομένης].Ἔνθεν
812 3351 826 3376 ,
853 3306 1007 3380 οἶμαι
1026 3347 1041 3372 ,
1071 3309 1171 3361 οὐκ
1193 3306 1561 3374 ἀποϐέϐληται
1579 3345 1593 3370 ,
1624 3320 1873 3375 παρακε-

288 3407 537 3479 χώρηται
572 3404 632 3457 δέ
671 3421 811 3466 πως,
859 3403 954 3455 καὶ
1003 3400 1078 3463 ὼς
1108 3398 1328 3460 εὐσεϐὲς
1351 3395 1555 3469 Coisl.
1585 3397 1679 3449 καὶ
1713 3394 1870 3467 εὐσ.]

288 3498 595 3567 λελόγισται
642 3496 676 3565 ὴ
720 3493 829 3546 τῶν
869 3492 1126 3564 ᾀσμάτων
1154 3489 1424 3560 ύμνῳδία,
1480 3487 1736 3552 ποικίλως
1776 3488 1872 3540 σὺν

288 3591 450 3662 ἡδονῇ
495 3586 864 3659 στρεφομένης
917 3582 1129 3655 [ϐοἱεί.
1174 3579 1549 3653 τρεφομένης,
1597 3594 1697 3632 ms.
1769 3577 1873 3631 575

292 3676 716 3754 στρεφομένοις]
742 3678 856 3738 τοῖς
893 3673 1118 3747 ῥυθμοῖς
1146 3673 1245 3741 τῆς
1269 3671 1432 3743 ᾠδῆς,
1470 3671 1546 3734 ὡς
1569 3671 1663 3724 καὶ
1684 3671 1871 3740 χεῖρας

290 3768 582 3840 εὐρύθμως
604 3763 872 3834 νομᾶσθαί
897 3778 957 3815 τε
991 3762 1086 3814 καὶ
1109 3760 1274 3820 πόδα
1293 3799 1308 3823 ,
1337 3760 1431 3812 καὶ
1452 3759 1570 3813 ὅλον
1599 3776 1717 3822 πως
1749 3776 1872 3813 συν-

290 3860 624 3917 διατίθεσθαι
651 3856 730 3927 τῷ
765 3856 917 3925 μέλει
944 3856 1006 3909 τὸ
1037 3854 1196 3926 σῶμα
1222 3850 1678 3918 ἀκαταγνώστως.

360 3953 479 4009 Col.
507 3950 614 4004 712
637 3954 678 4003 A
712 3946 798 4001 14.
838 3945 935 4015 Μὴ
962 3940 1050 4000 ὧν
1072 3944 1469 4015 κατέγνωμεν.
1509 3942 1765 3995 Τουτέστι
1794 3941 1868 4011 μὴ

288 4049 398 4102 τῶν
424 4045 675 4117 πράξεων
706 4036 780 4096 ὧν
812 4041 1187 4111 κατέγνωμεν,
1215 4039 1291 4101 ὡς
1328 4037 1516 4106 βιαίων
1550 4036 1644 4089 καὶ
1673 4052 1870 4106 τυραν-

288 4140 479 4202 νικῶν,
510 4137 581 4192 τά
613 4136 752 4190 αὐτὰ
795 4135 909 4205 (69)
942 4134 1049 4189 τῶν
1085 4131 1337 4206 πράξεων
1373 4130 1599 4199 ἐκείνων
1638 4128 1868 4199 διαπρα-

342 4231 537 4286 ἰηιεθα.

342 4233 353 4249 ’
414 4233 537 4286 εθα.

291 4233 500 4378 g“Illi-nd.
518 4322 559 4376 Β
571 4323 623 4374 7.
637 4321 734 4389 Μὴ
747 4320 955 4375 τοίνυν
968 4317 1317 4386 θελήσωμεν
1330 4316 1445 4385 τὴν
1455 4315 1640 4385 ὀργὴν
1654 4330 1867 4383 μετρη-

1970 1863 2171 1917 ritibus
2198 1871 2252 1916 et
2287 1863 2522 1933 pompis.
2583 1860 2770 1932 Neque
2796 1861 3081 1932 plausibus
3107 1869 3162 1916 et
3185 1861 3548 1916 ebrietatibus

1969 1963 2184 2022 tempus
2209 1954 2554 2008 extollamus.
2586 1952 2705 2008 Non
2736 1954 2881 2008 enim
2926 1953 3081 2008 decet
3119 1952 3306 2007 divina
3330 1961 3550 2007 nostra-

1968 2062 2078 2115 que
2132 2045 2252 2100 istis
2302 2045 2743 2101 solemnitatibus
2784 2045 3058 2099 venerari.
3116 2043 3254 2098 Nam
3300 2059 3422 2114 quae
3472 2044 3546 2096 ita

1968 2137 2108 2192 ﬁunt
2143 2136 2382 2193 dedecus
2414 2144 2563 2203 sunt,
2591 2153 2700 2192 non
2730 2152 2859 2191 vero
2886 2136 3075 2190 decus.

2040 2313 2194 2381 Quod
2216 2315 2263 2367 si
2297 2322 2345 2367 te
2374 2314 2537 2367 etiam
2565 2312 2767 2366 saltare
2810 2319 3032 2382 oportet.
3083 2308 3412 2365 IIerodiadis
3443 2309 3551 2365 sal-

1967 2406 2233 2459 tationem
2264 2403 2580 2473 exprobrat,
2605 2417 2726 2471 quaa
2754 2401 3035 2471 Baptistae,
3060 2402 3157 2464 ait,
3182 2415 3373 2455 necem
3397 2407 3544 2453 attu-

1968 2495 2050 2550 lit.
2085 2494 2303 2550 Davidis
2344 2510 2470 2549 vero
2506 2495 2870 2548 incessionem
2921 2493 3135 2563 probat,
3162 2506 3269 2546 non
3313 2489 3541 2546 indeco-

1967 2602 2107 2651 ram,
2140 2587 2209 2642 ob
2230 2602 2372 2641 arca:
2419 2586 2685 2656 requiem,
2726 2599 2891 2654 quam
2930 2584 3153 2654 quidem
3202 2582 3540 2638 incessionis

1967 2678 2079 2733 Deo
2104 2687 2272 2749 grata:
2296 2678 2592 2748 agilitatem
2616 2690 2670 2732 et
2698 2678 3095 2732 volubilitatem
3131 2676 3361 2747 mystice
3395 2674 3542 2745 ﬁgu-

1968 2784 2094 2824 rare
2119 2777 2349 2824 censet:
2388 2777 2555 2838 atque
2604 2768 2707 2822 hoc
2759 2768 2894 2838 ipsis
2946 2766 3365 2837 intelligendum
3407 2780 3548 2835 prai-

1967 2860 2099 2923 bet,
2146 2860 2376 2913 minime
2415 2859 2781 2928 abjiciendam
2828 2865 2992 2926 atque
3034 2856 3450 2926 improbandam
3495 2855 3552 2910 in

1968 2951 2123 3006 festis
2146 2966 2209 3005 ac
2234 2951 2438 3005 divinis
2477 2950 2887 3005 celebritatibus
2917 2949 3083 3002 animi
3123 2948 3466 3002 dimisionem
3498 2958 3554 3001 et

1973 3042 2308 3097 modulatam
2341 3044 2717 3112 agitationem,
2749 3050 2912 3112 atque
2940 3042 3010 3095 ob
3026 3040 3119 3095 Dei
3141 3041 3368 3110 gloriam
3400 3039 3552 3109 ejus-

1973 3148 2080 3201 que
2112 3140 2427 3187 sanctorum
2456 3130 2805 3186 celebritates
2833 3144 3062 3199 corpore
3095 3145 3218 3183 cum
3244 3128 3426 3183 animo
3452 3129 3555 3183 tri-

1973 3223 2254 3293 pudiante.
2278 3222 2458 3286 Unde,
2494 3222 2711 3291 opinor,
2748 3237 2857 3275 non
2889 3220 3253 3290 improbatur,
3288 3220 3383 3274 sed
3414 3235 3554 3289 quo-

1972 3314 2261 3367 dammodo
2285 3313 2467 3369 licitus
2492 3322 2597 3378 est,
2627 3323 2682 3368 et
2710 3322 2766 3367 ut
2796 3313 2919 3381 pius
2946 3313 3179 3366 habetur
3201 3310 3550 3366 canticorum

1972 3405 2411 3475 bymnorumque
2445 3412 2663 3467 cantus,
2694 3410 2749 3459 et
2790 3418 2949 3458 voces
2990 3418 3114 3456 cum
3156 3403 3436 3470 voluptate
3459 3416 3555 3454 va-

1971 3497 2055 3551 rie
2084 3496 2359 3566 rhythmis
2390 3496 2704 3559 modulatae,
2742 3510 3051 3565 manusque
3076 3506 3144 3549 .et
3187 3496 3353 3565 pedes
3401 3501 3555 3549 certa

1971 3587 2204 3657 quadam
2234 3602 2585 3641 numerorum
2623 3587 3001 3642 moderatione
3027 3587 3251 3658 agitati,
3290 3602 3353 3641 ac
3377 3594 3551 3640 totum

1971 3676 2206 3748 denique
2235 3695 2437 3749 corpus
2468 3680 2704 3749 quadam
2735 3680 3027 3736 inﬂexione
3056 3696 3166 3734 non
3198 3678 3555 3751 vituperabili

1972 3769 2041 3822 ad
2067 3779 2288 3824 cantum
2329 3772 2721 3841 compositum.

2059 3943 2143 3999 Ne
2183 3961 2298 4015 qua:
2324 3946 2470 4014 prius
2491 3944 2949 4015 reprehendamus.
2996 3946 3110 4002 Hoc
3155 3957 3269 4012 est,
3336 3964 3404 4004 ne
3435 3964 3557 4018 qua:

1969 4037 2078 4093 illis
2114 4037 2528 4107 objiciebamus,
2563 4046 2623 4094 ut
2651 4046 2792 4094 tetra
2831 4049 2886 4095 et
2935 4039 3239 4110 tyrannica,
3282 4039 3471 4094 eadem
3499 4040 3554 4092 in

1969 4145 2064 4187 eos
2093 4145 2440 4202 usurpenius.

2041 4303 2275 4359 Proinde
2308 4321 2372 4359 ne
2429 4305 2568 4358 iram
2611 4305 2787 4359 metiri
2830 4305 2885 4356 in
2925 4304 3168 4357 animum
3210 4303 3554 4356 inducamus.

289 4415 491 4484 θῆναι.
507 4408 632 4466 Οῖον
653 4410 1024 4482 ἀντισηκῶσαι
1047 4411 1140 4463 καὶ
1167 4407 1559 4479 ἀντιμετρῆσαι
1580 4405 1677 4473 τὴν
1697 4402 1864 4474 ὀργὴν

1983 4395 2182 4466 Nempe
2212 4396 2456 4477 remetiri
2487 4405 2544 4450 et
2567 4411 2931 4467 compensare
2968 4395 3108 4448 iram
3146 4402 3202 4450 et
3226 4408 3438 4465 pinnas.
3477 4391 3562 4450 Ne

290 4503 498 4567 καὶτὰς
512 4501 800 4573 τιμωρίαις⁶
810 4501 883 4570 μὴ
900 4500 1075 4552 τοίνυν
1092 4497 1404 4569 θελήσωμεν
1414 4494 1716 4549 ἀντιδοῦναι
1735 4493 1865 4547 κακό

1983 4489 2152 4560 igitur
2185 4490 2240 4543 in
2270 4490 2511 4544 animum
2560 4489 2888 4544 inducamus
2936 4488 3077 4542 mala
3107 4503 3208 4559 pro
3271 4487 3431 4543 malis
3470 4502 3559 4542 re-

289 4595 412 4649 ἀντὶ
440 4593 626 4647 κακῶν
650 4632 667 4657 ,
716 4592 810 4645 καὶ
857 4585 945 4644 οἷα
965 4589 1069 4643 ὑπὸ
1092 4588 1198 4641 τῶν
1230 4587 1497 4658 Ἑλλήνων
1536 4585 1865 4656 πεπόνθαμει

1983 4580 2239 4651 pendere,
2264 4589 2319 4636 et
2359 4597 2480 4651 qua:
2522 4597 2552 4635 a
2595 4581 2800 4637 Graecis
2840 4581 2986 4651 passi
3026 4598 3239 4647 sumus,
3267 4594 3331 4635 ea
3363 4579 3419 4633 in
3460 4592 3560 4634 eos

293 4686 518 4753 ποιῆσαι
544 4686 624 4747 εἰς
657 4681 882 4745 αὐτούς’
919 4680 1085 4747 ἀξίως
1112 4680 1220 4751 γὰρ
1245 4681 1304 4732 οὐ
1342 4678 1685 4748 δυνησόμεθα
1711 4678 1875 4731 κολόι⁴

295 4793 386 4829 σαι
417 4776 549 4845 (70).
590 4772 748 4826 Ἐπεὶ
775 4768 867 4826 οὖν
891 4772 953 4824 τὸ
981 4773 1089 4824 πᾶν
1114 4769 1512 4841 εἰσπράξασθαι
1542 4769 1602 4821 οὐ
1633 4769 1872 4832 δυνατὸν,

293 4866 355 4917 τὸ
382 4866 491 4918 πᾶν
524 4863 986 4934 σὺγχωρήσωμεν.

1978 4674 2180 4727 facere.
2214 4671 2441 4743 Dignam
2467 4673 2610 4728 enim
2634 4688 2852 4743 poenam
2902 4688 3120 4728 sumere
3168 4670 3554 4742 nequiremus.

1979 4762 2181 4818 Verum
2212 4765 2471 4834 quoniam
2504 4780 2696 4835 pinnas
2722 4781 2915 4821 omnes
2954 4766 3023 4819 ab
3075 4764 3212 4834 ipsis
3254 4778 3558 4833 exposcere

1971 4870 2080 4909 non
2108 4870 2422 4925 possumus,
2456 4871 2648 4926 pinnas
2668 4872 2860 4912 omnes
2884 4857 3018 4928 ipsis
3048 4856 3412 4911 remittamus.

366 5063 799 5137 (68iAGregorius
825 5076 987 5131 supra
992 5060 1029 5137 ’ς
1045 5060 1153 5137 co_l_._
1178 5059 1283 5114 ’ῖθὸ
1303 5059 1344 5113 C
1372 5058 1475 5137 ιε)
1504 5057 1865 5137 μηδὲ-κωμοις

1983 5071 2062 5137 ξος
2099 5056 2289 5137 (Rom.
2321 5072 2467 5137 sui,
2514 5056 2638 5137 15)_
2660 5074 2674 5137 ι
2697 5028 3033 5137 κώμοις
3064 5055 3439 5137 και-μέθᾳιςι·Δ
3464 5055 3560 5109 καὶ

290 5125 388 5191 καί
410 5125 708 5208 μέθαιςξιιι
731 5125 964 5209 fortasse
992 5130 1226 5184 Basilius
1251 5125 1516 5209 ..κρότοις
1549 5125 1771 5208 scripsit
1808 5136 1865 5181 ut

1983 5125 2251 5209 ὒεόκριτος
2276 5125 2677 5209 (_Id_yll.__ll.t,"i)
2703 5125 2719 5180 ξ
2750 5125 3225 5209 Κωμάιζδωρῐρὸς
3258 5126 3370 5179 τὰν
3403 5126 3560 5196 Ἀμα-

292 5201 656 5277 synonyntum
688 5202 805 5277 reci
833 5201 1060 5277 κώμοις.
1092 5215 1216 5253 nam
1232 5201 1295 5277 ὀἱ
1335 5201 1516 5277 κρότοι
1538 5239 1553 5262 ,
1587 5201 1865 5277 strepitus2

289 5267 532 5345 pinusu's,
564 5267 1194 5345 conviviaremittuntur.
1232 5267 1547 5345 κωμάζειν,
1586 5268 1866 5345 inquit‘ad

288 5337 440 5400 hunc
473 5347 647 5397 locum
672 5341 998 5396 scholiastes
1022 5337 1361 5400 Montacutii,
1386 5340 1502 5390 ἐστὶ
1531 5339 1664 5406 μετὰ
1697 5337 1865 5407 μέθης

292 5414 538 5485 αἰσχρῶς
564 5412 711 5485 ᾄδειν
730 5428 743 5440 '
790 5410 976 5479 κῶμος
1015 5410 1071 5485 δὲ
1110 5409 1170 5485 τό
1196 5409 1389 5485 ὄνομαἒ
1419 5407 1655 5485 Basilius
1680 5407 1748 5461 ad
1766 5424 1858 5485 _v_o_-

289 5477 774 5553 ςειιΓκωμάστής
800 5477 964 5553 quam
1013 5480 1069 5533 in
1100 5480 1206 5553 alia
1254 5478 1499 5553 oratione
1535 5480 1703 5553 (orat.
1751 5477 1861 5553 43_)

290 5547 593 5624 Gregorius
606 5547 894 5624 adhibuit
896 5589 911 5610 ,
947 5550 1061 5624 haec
1086 5549 1347 5624 adnotat;
1388 5547 1731 5624 Kwuas-ghg,
1757 5547 1864 5599 κῶ-

296 5617 435 5693 μοςῖ
458 5639 538 5693 ηις
567 5622 689 5693 5_73,
716 5636 768 5693 p.
796 5621 921 5693 7105,
947 5620 1017 5688 2)
1047 5620 1143 5693 καὶ
1164 5619 1223 5671 τὸ
1248 5618 1516 5693 παίγνιον,
1546 5617 1640 5693 κα).
1657 5620 1685 5669 ὁ
1708 5617 1863 5693 Errat-

292 5684 435 5755 νος,
455 5691 515 5759 ἐξ
544 5684 605 5745 οὗ
651 5684 745 5743 καὶ
789 5684 1063 5761 ἐγκώμιον
1090 5688 1337 5761 εἴρηται,
1356 5684 1504 5758 καὶὴ
1538 5687 1695 5761 μέθη,
1728 5686 1863 5761 ἀλλὰ

295 5765 391 5818 καὶ
415 5764 451 5835 ἡ
486 5755 549 5817 ἐκ
590 5761 760 5835 μέθης
784 5755 1061 5829 ἀσέλγεια.
1097 5755 1405 5813 Δίαστέλλει
1430 5755 1573 5813 καὶὸ
1609 5755 1860 5809 Ἀπόστο-

1960 5197 2252 5262 pauida,
2274 5198 2395 5250 ἀντὶ
2416 5195 2508 5250 τοῦ
2541 5198 2633 5248 ἐπὶ
2659 5197 2887 5266 πορνείᾳ
2911 5195 3236 5266 πορεύομαι.

2037 5265 2149 5335 (69)
2193 5269 2273 5319 Ex
2294 5269 2379 5321 his
2405 5273 2551 5335 patet
2587 5263 2875 5335 legendum
2910 5267 2965 5319 in
2986 5263 3135 5319 textu
3170 5264 3447 5335 Gregorii.
3478 5263 3556 5335 μὴ

1964 5329 2419 5407 ὧιίκατέγνωμεν
2444 5335 2616 5388 ταύτά
2640 5329 2968 5405 πράξωμεν,
3009 5350 3109 5404 pro
3134 5329 3327 5389 ταῦτα.

2042 5426 2152 5495 (70)
2192 5426 2291 5482 Hie
2317 5440 2543 5495 mancus
2564 5432 2647 5478 est
2669 5432 2845 5495 textus
2863 5424 3176 5495 scholiastis
3200 5423 3553 5495 Montacutiir;

1982 5492 2263 5564 Ἐάσωμεν
2309 5492 2475 5552 οὖν...
2527 5511 2659 5561 ετρα
2689 5492 3015 5564 κολάζεσθαι
3063 5495 3187 5556 τοὺς
3210 5493 3436 5564 ἐχθροὺς
3477 5493 3556 5563 τῷ

1970 5563 2229 5622 συνειδότι
2278 5566 2721 5637 πληττομένουςᾲ,
2771 5563 2913 5637 κατά
2970 5564 3071 5634 τὴν
3115 5563 3481 5637 τραγῳδίαχῇ⁸
3512 5566 3545 5633 ἡ

1970 5640 2185 5701 σύνεσις
2215 5638 2323 5706 γὰρ
2352 5632 2613 5689 ἀπόλλυσι
2647 5635 2739 5687 τὸν
2772 5633 2939 5706 δεινὰ-
2962 5632 3356 5706 εἰργασμένον.Δ
3382 5632 3552 5706 Videé

1968 5721 2059 5765 tur
2103 5699 2410 5779 legendum,
2456 5706 2710 5776 ἐάσωμεν
2756 5699 2850 5757 οὖν
2880 5699 3174 5778 σύμμετρα
3201 5702 3549 5769 κολάξεσθαι.
