3856 6220
177 291 191 304 ‘
273 283 410 343 ιιδι

1635 277 1878 335 BASlLIl
1918 279 2144 336 MINIMI

3391 273 3547 332 “5‘3

351 399 456 463 Qui
509 413 626 450 cum
678 411 769 464 per
809 413 873 451 ea
924 413 1041 467 qua:
1088 411 1276 465 passus
1323 407 1425 453 est.
1479 395 1583 463 Qui
1629 396 1850 466 quidem

2024 396 2158 452 lbid.
2195 398 2283 452 l5.
2331 400 2429 463 Ὃς
2456 392 2547 463 οἷς
2600 395 2878 450 πέπονθε.
2925 394 3112 457 Ὅστις
3156 389 3391 464 Χριστὸς
3439 391 3543 444 καὶ

279 488 535 541 Christus
567 485 820 556 Deusque
845 495 1036 542 noster
1066 526 1081 551 ,
1111 486 1272 541 victis
1306 501 1404 556 per
1424 500 1489 540 ea
1515 500 1635 555 qua:
1667 500 1861 555 passus

282 589 370 632 est
400 580 864 648 persecutoribus,
894 595 960 633 eo
987 578 1209 632 nomine
1226 578 1395 632 multo
1419 578 1594 648 magis
1635 591 1862 646 supera-

283 672 384 735 vit,
403 671 549 741 quod
568 685 691 724 cum
718 671 906 724 multis
925 670 1177 740 partibus
1198 670 1459 739 majorem
1483 670 1751 724 adversus
1767 683 1861 723 eos

285 760 426 814 iram
449 760 736 816 ostendere
769 773 991 830 posset,
1026 762 1127 814 hoc
1152 767 1339 814 tamen
1376 775 1484 815 non
1540 760 1703 813 modo
1748 774 1861 813 non

288 849 441 913 fecit,
462 866 645 905 verum
661 850 825 904 etiam
853 865 951 917 pro
965 852 1228 921 singulari
1243 850 1481 921 quadam
1500 849 1861 920 benignitate,

289 941 531 1010 proipsis
551 940 760 996 Patrem
774 950 1026 1011 precatus
1052 950 1138 997 est
1153 957 1220 997 ne
1233 943 1336 997 hoc
1358 943 1427 997 iis
1442 942 1658 997 crimini
1686 943 1861 997 daret.

364 1099 519 1153 Mitto
551 1100 729 1154 divina
752 1109 801 1154 et
831 1110 1031 1156 nostra.
1087 1100 1219 1166 Quae
1255 1115 1286 1154 a
1328 1101 1438 1155 Deo
1478 1110 1535 1156 et
1578 1117 1609 1155 a
1652 1101 1856 1158 divinis

296 1193 660 1263 scriptoribus
705 1193 772 1248 de
808 1194 1097 1263 suppliciis
1157 1195 1295 1248 istos
1347 1194 1437 1248 hic
1493 1194 1865 1257 manentibus,

293 1285 623 1355 accepimus.
663 1285 758 1349 ait,
795 1286 951 1339 mitto
973 1286 1156 1341 dicere
1181 1296 1235 1342 et
1256 1297 1543 1356 praatereo.
1605 1288 1674 1341 At
1710 1296 1768 1341 tu
1799 1287 1870 1342 ad

293 1382 419 1427 tuos
443 1374 753 1428 Graecorum
785 1391 1065 1432 sermones
1105 1380 1292 1434 venias
1313 1418 1327 1440 ,
1377 1381 1578 1449 quibus
1615 1389 1785 1449 poeta:
1816 1388 1870 1434 et

297 1466 606 1536 philosophi
651 1467 1026 1536 delectantur;
1067 1473 1162 1539 qui
1209 1472 1440 1540 quidem.
1476 1473 1665 1542 igneos
1702 1488 1871 1541 quos-

296 1559 421 1610 dam
452 1558 653 1621 ﬂuvios
682 1559 748 1613 ad
771 1560 1144 1630 improborum
1168 1564 1472 1617 cruciatum
1501 1564 1867 1627 tradiderunt,

296 1646 822 1720 Pyriphlegetontes,
842 1659 895 1707 et
919 1651 1183 1723 Cocytos,
1207 1662 1261 1708 et
1287 1653 1629 1711 Acherontes
1651 1657 1869 1725 (plurali

1961 488 2092 551 Θεὸς
2116 487 2271 559 ἡμῶν
2300 489 2384 558 ἐφ’
2419 482 2498 551 οἷς
2526 487 2757 541 πέπονθε
2793 486 2853 539 τὺ
2894 485 3177 556 εὐδόκιμον
3202 484 3296 536 καὶ
3318 483 3532 536 αινετδν

1962 580 2042 641 εἰς
2056 578 2211 649 νίκην
2226 577 2386 647 ἔχων,
2418 577 2597 648 πολλῷ
2611 577 2772 631 πλέον
2781 576 3085 646 νενίκηκεν,
3106 575 3189 643 ἐφ’
3202 568 3304 653 οἷς,
3325 574 3401 637 ὡς
3413 574 3542 637 θεὸς

1962 669 2184 732 δυνατὸς
2214 667 2288 723 ὢν
2320 668 2717 722 πολλαπλάσιον
2744 669 2824 732 είς
2852 667 3047 730 αὐτοὺς
3080 664 3413 729 ἐνδείξασθαι
3433 665 3543 735 τὴν

1963 757 2151 828 ὀργὴν,
2186 756 2343 810 τοῦτο
2364 757 2463 810 οὐκ
2487 757 2759 828 ἐποίησεν,
2796 757 2933 811 ἀλλὰ
2958 757 3052 810 καί
3081 754 3438 825 ὑπερεύχεται
3458 754 3542 824 τῷ

1965 849 2139 919 Πατρὶ
2163 848 2237 918 μὴ
2261 848 2453 919 στῆναι
2479 850 2662 911 αὐτοῖς
2683 848 2782 919 τὴν
2811 848 3101 919 ἁμαρτίαν,
3129 845 3553 915 φιλανθρωπίας

1969 938 2265 1011 ὑπερϐολῇ.

2036 1095 2156 1148 Col.
2189 1094 2291 1149 7M
2323 1092 2365 1146 B
2386 1094 2439 1149 9.
2487 1093 2593 1147 Ἐῶ
2610 1093 2685 1147 τὰ
2706 1093 2831 1147 θεῖα
2854 1094 2951 1147 καὶ
2990 1095 3061 1148 τὰ
3090 1093 3363 1164 ἡμέτερα.
3396 1095 3549 1148 Ὅσα

1968 1187 2034 1239 ἐκ
2062 1185 2196 1238 Θεοῦ
2228 1186 2321 1239 καὶ
2366 1186 2473 1240 τῶν
2521 1185 2692 1254 ἁγίων
2741 1186 2935 1257 ἔχομεν
2978 1186 3209 1258 Γραφῶν
3259 1187 3387 1258 περὶ
3430 1187 3550 1241 τῶν

1969 1277 2182 1330 ἐκεῖθεν
2224 1276 2653 1347 δικαιωτηρίων,
2697 1276 2790 1338 ὲῶ,
2827 1277 2983 1346 φησὶ,
3010 1277 3104 1329 καὶ
3136 1276 3549 1347 καταλιμπάνω

1969 1368 2143 1421 ταῦτα
2162 1381 2175 1395 ⁸
2218 1369 2310 1420 ἐπὶ
2341 1367 2398 1420 δὲ
2425 1368 2552 1430 τοὺς
2587 1368 2711 1431 σοὺς
2741 1366 2860 1420 ἐλθὲ
2888 1367 2996 1420 τῶν
3038 1367 3300 1438 Ἐλλήνων
3328 1368 3549 1437 λόγους,

1969 1456 2051 1524 οἷς
2096 1459 2419 1531 ἀρέσκονται
2477 1460 2696 1529 ποιηταὶ
2729 1458 2822 1512 καὶ
2874 1459 3185 1527 φιλόσοφοι,
3232 1460 3282 1512 οἳ
3335 1458 3548 1532 [ϐοἱδί.

1970 1548 2118 1625 οἷον]
2168 1552 2444 1623 ποταμοὺς
2474 1553 2645 1623 πυρὸς
2677 1553 2756 1617 είς
2793 1552 3013 1606 κόλασιν
3045 1553 3343 1613 ὲκτιθέασι,
3376 1554 3555 1625 Πυρι-

1972 1644 2347 1713 φλεγέθοντας,
2383 1643 2677 1715 Κωκυτούς
2703 1660 2763 1697 τε
2798 1644 2890 1696 καὶ
2935 1643 3274 1713 Ἀχέροντας,
3308 1643 3555 1713 πληθυνε-

297 1742 510 1798 scilicet
549 1760 776 1799 numero
799 1746 878 1800 sic
919 1747 1333 1815 quodammodo
1369 1732 1737 1818 appellatos);
1778 1764 1874 1818 per

1987 1737 2140 1799 ιικῷς
2164 1737 2276 1808 (71)
2326 1736 2466 1791 οὕτω
2504 1755 2622 1802 πως
2655 1735 3013 1808 εἰρημένους’
3051 1730 3247 1790 οἷστισι
3288 1737 3557 1800 τοιούτοις

296 1849 435 1902 quos
454 1836 674 1904 quidem
698 1834 893 1892 ﬂuvios
925 1838 1067 1907 apud
1105 1854 1202 1894 vos
1248 1847 1419 1909 poetae
1447 1856 1511 1896 ac
1558 1840 1871 1910 philosophi

301 1926 714 1995 improbitatem
743 1929 1017 1983 cruciant.
1070 1928 1136 1983 Et
1158 1929 1447 1984 Tantalum
1475 1930 1683 2000 duplici
1712 1946 1874 2000 poma

300 2016 638 2072 laborantem
662 2019 837 2083 aiunt,
864 2022 1006 2075 inter
1034 2036 1207 2090 aquas
1232 2030 1469 2076 stantem
1506 2038 1683 2091 usque
1715 2025 1782 2078 ad
1812 2039 1875 2080 os

299 2120 355 2163 et
393 2110 638 2164 barbam.
668 2111 738 2164 At
767 2128 890 2166 cum
928 2129 1119 2177 senex,
1152 2122 1212 2167 ut
1244 2112 1513 2170 Homerus
1537 2116 1642 2178 ait,
1674 2129 1876 2184 corpus

300 2200 779 2257 demittitbibendi
826 2204 1243 2273 cupidissimus,
1286 2206 1540 2274 protinus
1597 2207 1873 2276 paludem,

301 2292 359 2345 in
386 2309 494 2362 qua
525 2295 809 2352 demersus
828 2298 1034 2362 stabat,
1093 2298 1314 2353 daztnon
1358 2301 1622 2355 exsiccat.
1660 2299 1875 2371 Tityum

301 2397 432 2437 vero
458 2399 621 2454 super
655 2388 824 2443 multa
851 2389 1067 2457 plethra
1097 2391 1511 2445 recumbentem
1531 2393 1706 2459 (tanta
1728 2392 1877 2446 enim

300 2476 551 2543 corporis
577 2486 697 2531 erat
726 2479 1096 2550 magnitudo),
1126 2489 1180 2535 et
1210 2482 1280 2535 ab
1311 2483 1507 2538 avibus
1533 2483 1722 2552 jecore
1743 2482 1880 2537 dila-

303 2572 489 2619 cerato
514 2580 837 2638 semperque
882 2581 1096 2631 vorato,
1131 2586 1257 2626 cum
1293 2587 1508 2642 semper
1546 2575 1876 2641 renascitur,

303 2666 494 2708 narrat
512 2656 714 2713 fabula.
741 2661 920 2729 Atque
973 2663 1212 2718 Ixionem
1263 2672 1395 2718 rota:
1436 2679 1635 2734 magno
1674 2665 1879 2737 impetu

302 2754 536 2802 versatae
559 2749 875 2806 devinctum
910 2760 965 2808 et
1011 2769 1136 2808 cum
1190 2770 1253 2809 ea
1296 2756 1350 2811 in
1387 2757 1574 2811 orbem
1613 2760 1878 2814 volutum.

306 2834 373 2889 lli
397 2846 526 2892 sunt
550 2841 643 2909 qui
678 2841 979 2898 inferorum
1001 2845 1287 2915 suppliciis
1317 2846 1521 2901 addicti
1553 2856 1701 2904 sunt.
1726 2849 1884 2915 Qua:-

308 2942 436 2980 nam
465 2944 596 2984 vero
624 2932 1010 3002 impiissimum
1069 2937 1236 2992 istum
1294 2938 1575 2995 lulianum
1619 2944 1885 2996 manent?

312 3018 485 3122 IMult-o
520 3025 772 3092 graviora
804 3027 938 3090 illis,
967 3029 1064 3092 ait,
1111 3031 1456 3100 perpetietur
1499 3041 1554 3087 et
1602 3049 1668 3088 eo
1711 3035 1883 3105 magis
1911 3065 1953 3122 ϐ

311 3112 540 3178 lugebit,
570 3130 681 3185 quo
720 3118 900 3187 magis
940 3119 1291 3189 improbitate
1340 3132 1566 3193 przestat
1599 3143 1611 3178 :
1660 3127 1885 3195 quando

310 3203 534 3271 quidem
577 3222 752 3275 pmnae
790 3217 957 3279 atque
999 3212 1285 3267 cruciatus
1328 3230 1430 3284 pro
1463 3215 1632 3272 modo
1657 3232 1882 3286 eorum,

190 3326 207 3346 ι
311 3312 435 3365 quae
462 3299 696 3370 quisque
727 3302 994 3359 scelerate
1025 3304 1179 3369 fecit,
1216 3307 1565 3362 tribuuntur.

387 3550 504 3605 Hoc
534 3551 629 3606 tibi
658 3569 755 3621 pro
794 3557 923 3623 pede
955 3556 1025 3610 sit
1050 3573 1264 3611 munus.
1306 3558 1602 3615 Narratum
1635 3569 1721 3616 est
1751 3577 1889 3631 quo-

314 3649 478 3703 modo
535 3647 801 3720 Ulysses,
862 3650 962 3706 llio
1010 3663 1332 3721 revertens,
1394 3657 1585 3711 multis
1639 3658 1888 3729 obiectus

314 3744 483 3799 fuerit
510 3746 799 3815 periculis,
840 3756 1006 3817 atque
1038 3749 1306 3806 vicesimo
1351 3766 1498 3806 anno
1534 3754 1757 3807 domum
1802 3769 1891 3808 re-

316 3843 504 3910 dierit,
523 3846 754 3915 pauperi
781 3847 997 3913 similis,
1017 3849 1383 3919 omnibusque
1400 3850 1638 3920 ignotus.
1660 3852 1891 3907 Arcum-

314 3955 424 4008 que
489 3942 723 4011 experiri
812 3942 1083 3998 simulans
1135 3960 1244 4014 quo
1296 3945 1613 4015 Penelope,
1691 3961 1889 4016 procos

315 4053 449 4092 suos
480 4038 731 4103 eludens,
764 4055 862 4110 per
894 4041 1173 4095 securium
1204 4042 1475 4095 foramina
1517 4045 1779 4113 sagittare
1801 4045 1891 4113 ju-

315 4130 499 4185 bebat.
530 4129 660 4186 Istis
696 4147 888 4201 parum
918 4132 1362 4202 proficientibus,
1387 4133 1504 4202 ipse
1535 4135 1775 4189 intendit
1797 4151 1890 4188 ar-

315 4239 463 4291 cum,
496 4224 608 4278 telo
642 4224 709 4278 ad
735 4225 1075 4281 destinatum
1100 4226 1294 4289 misso,
1332 4224 1636 4280 Antinoum
1695 4242 1889 4297 proco-

317 4332 443 4371 rum
504 4317 744 4387 primum
804 4316 1099 4388 transﬁgit,
1150 4325 1459 4388 opportune
1511 4333 1887 4388 percussum:

1974 1829 2256 1893 κολάζουσι
2271 1828 2390 1901 [ηις.
2409 1829 2536 1892 575,
2552 1824 2748 1883 οἷστισι
2765 1827 2907 1900 κολ.)
2932 1831 3196 1898 ποταμοῖς
3208 1829 3257 1882 οἱ
3273 1832 3396 1900 παρ’
3420 1830 3559 1898 ὑμῖν

1978 1920 2172 1992 [(Ιοὶδί.
2201 1921 2359 1991 ἡμῖν]
2392 1921 2613 1991 ποιηταὶ
2638 1923 2733 1975 καὶ
2756 1920 3034 1990 φιλόσοφοι
3062 1919 3159 1991 τὴν
3185 1921 3406 1974 κακίαν.
3437 1921 3558 1973 Καὶ

1976 2011 2248 2065 Τάνταλον
2271 2010 2398 2083 δίψῃ
2429 2013 2560 2081 φασὶ
2586 2011 2769 2079 (ibid.)
2799 2009 3160 2081 κολαζόμενον
3195 2010 3386 2083 [CoisL
3417 2011 3558 2081 δίψῃ

1976 2099 2118 2172 κολ.]
2136 2101 2220 2170 ἐφ’
2240 2100 2426 2163 ὓδατος
2441 2083 2710 2171 ἑστηκότα
2731 2100 2896 2170 μέχρι
2917 2102 3183 2171 στόματος
3201 2103 3295 2154 καί
3314 2101 3559 2169 γενείου.

1979 2191 2225 2260 Ὅμηρος
2259 2188 2477 2260 (Odyss.
2515 2190 2623 2257 XI),
2666 2189 2780 2243 ἀλλ’
2809 2190 2921 2252 ὅτε,
2953 2189 3138 2260 φησὶν,
3171 2192 3200 2242 ό
3237 2190 3413 2261 γέρων
3453 2189 3559 2242 κύο

1976 2281 2094 2350 ψειε
2108 2282 2279 2335 πιέειν
2303 2280 2616 2352 μενεαίνων,
2639 2280 3018 2348 καταζήνασκε
3042 2279 3234 2350 [CoisL
3270 2279 3559 2352 κατεζήν.]

1977 2373 2206 2443 δαίμων,
2241 2372 2507 2445 ξηραίνων
2560 2373 2658 2443 τὴν
2696 2374 2753 2425 ἐν
2882 2372 3078 2441 ἕστηκε
3107 2372 3322 2442 λίμνην.
3357 2372 3558 2425 Τιτυὸν

1979 2465 2033 2518 δὲ
2064 2465 2155 2517 ἐπὶ
2181 2463 2349 2518 πολλὰ
2371 2465 2621 2534 κείμενον
2652 2464 2763 2533 (72)
2794 2464 3031 2534 πέλεθρα
3051 2464 3321 2534 (τοσοῦτος
3345 2463 3456 2535 γάρ
3483 2459 3559 2533 ἦν

1980 2563 2041 2610 τὸ
2086 2555 2300 2627 σῶμα),
2341 2555 2516 2626 δρνισι
2564 2556 2626 2609 τὸ
2674 2550 2830 2627 ἧπαρ
2860 2557 3175 2629 κειρόμενόν
3222 2574 3281 2609 τε
3326 2556 3419 2610 καὶ
3463 2557 3561 2610 ἀεὶ

1982 2647 2310 2718 ἐσθιόμενον,
2339 2650 2386 2701 εί
2409 2648 2504 2702 καὶ
2533 2648 2622 2702 ἀεὶ
2643 2647 3015 2721 πληρούμενον
3045 2647 3180 2720 [ηις.
3202 2649 3307 2703 575
3322 2647 3436 2701 ὲσθ.
3458 2649 3556 2701 καὶ

1987 2740 2059 2810 μὴ
2094 2737 2319 2811 πληρ.],
2367 2742 2396 2793 ὁ
2442 2739 2611 2810 μῦθός
2679 2757 2844 2810 φησι’
2909 2739 3100 2805 Ἰξίονα
3131 2741 3185 2794 δὲ
3220 2739 3563 2811 ροιζουμένῳ

1982 2829 2160 2901 τροχῷ
2188 2829 2564 2898 συνδεδεμένον
2590 2830 2684 2883 καὶ
2711 2830 3176 2899 συγκυκλούμενον
3197 2830 3329 2899 (75)-
3348 2829 3445 2882 καὶ
3462 2824 3561 2883 οὗ·

1982 2939 2066 2975 τοι
2102 2923 2199 2991 μὲν
2228 2924 2275 2975 οἱ
2301 2923 2408 2975 τῶν
2434 2924 2493 2976 ὲν
2534 2922 2660 2994 ᾅδου
2690 2923 3065 2994 κολαστηρίων
3099 2921 3391 2991 ἠξιωμένοι
3410 2937 3427 2951 θ
3466 2922 3563 2973 οὑ-

1986 3013 2103 3065 τοσὶ
2129 3013 2187 3065 δὲ
2227 3011 2256 3064 ὁ
2302 3013 2587 3082 ἐξάγιστος
2633 3011 2917 3076 Ἰουλιανὸς
2954 3014 3146 3075 τίνων;
3188 3012 3346 3072 πολὺ,
3398 3013 3561 3081 φησὶ,

1987 3101 2380 3173 χαλεπωτέρων
2421 3102 2625 3157 τούτων
2670 3104 2766 3157 καὶ
2810 3106 3056 3157 πείσεται
3100 3104 3195 3156 καὶ
3238 3102 3560 3173 οἰμώξεται,

1987 3196 2094 3263 ὅσῳ
2116 3195 2212 3248 καὶ
2234 3195 2470 3265 πονηρία
2502 3195 2660 3266 [forte
2685 3194 2940 3266 πονηρία]
2970 3197 3253 3265 διήνεγκεν
3270 3212 3285 3226 ·
3319 3195 3443 3248 ἐπεὶ
3462 3196 3566 3249 καὶ

1988 3287 2041 3338 αἱ
2068 3284 2237 3349 τίσεις
2263 3287 2358 3338 καὶ
2385 3286 2679 3349 ἀντιδόσεις
2708 3287 2850 3340 κατὰ
2876 3286 2936 3339 τὸ
2958 3286 3156 3357 μέτρον
3176 3285 3429 3357 νέμονται
3448 3287 3567 3341 τῶν

1986 3379 2018 3445 ἡ
2030 3393 2205 3447 μαρτη
2215 3376 2410 3446 μένων.

2059 3571 2176 3627 Col.
2211 3572 2313 3626 716
2355 3572 2401 3626 Α
2438 3573 2491 3627 5.
2523 3572 2704 3627 Τοῦτό
2733 3589 2823 3625 τοι
2863 3571 2995 3625 ἀντὶ
3041 3569 3227 3637 ποδὸς
3271 3570 3563 3637 ξεινήῑον.

1989 3668 2218 3738 Εἴρηται
2255 3665 2330 3728 ὡς
2374 3665 2657 3728 Ὀδυσσεὺς
2696 3660 3048 3735 ὑποστρέφων
3091 3662 3306 3715 Ἰλιόθεν
3347 3663 3564 3725 πολλοῖς

1990 3761 2374 3833 περιπέπτωκε
2425 3758 2568 3829 (cod.
2605 3772 2655 3827 p.
2679 3756 2807 3826 278)
2858 3755 3155 3818 κινδύνοις,
3194 3755 3290 3808 καὶ
3333 3754 3569 3823 εἰκοστῷ

1992 3852 2177 3925 [CoisL
2210 3847 2643 3924 περιπεπτωκὼς
2671 3848 2807 3901 κινδ.
2849 3845 2983 3918 sim]
3028 3846 3135 3898 ἔτει
3161 3846 3220 3899 ὲν
3253 3844 3333 3915 τῷ
3368 3844 3569 3899 ἑαυτοῦ

1991 3946 2224 4014 ἔφθασεν
2263 3944 2398 4013 οἴκῳ
2422 3983 2438 4005 ,
2495 3939 2695 4011 πτωχῷ
2741 3938 2959 4009 ὅμοιος,
2998 3938 3133 4009 μηδὲ
3163 3936 3573 4007 γνωριζόμενος

1992 4038 2098 4090 ὑπό
2128 4053 2291 4100 τινος,
2328 4035 2421 4088 καὶ
2451 4033 2722 4105 προφάσει
2750 4030 2980 4100 δοκιμῆς
3009 4030 3070 4082 τὸ
3098 4028 3249 4093 τόξον
3274 4027 3568 4096 λαμϐάνει,

1990 4124 2140 4197 ᾧτινι
2187 4127 2490 4199 Πηνελόπη,
2527 4127 2653 4188 τοὺς
2678 4123 2878 4191 ἑαυτῆς
2920 4120 3110 4194 [ϐοίεί.
3141 4118 3389 4189 ἑαυτοὺς]
3439 4119 3570 4185 ἐξα-

1993 4221 2222 4276 πατῶσα
2274 4219 2622 4291 μνηστῆρας,
2673 4213 2910 4279 τοξεύειν
2955 4210 3096 4266 κατὰ
3144 4210 3251 4264 τῷν
3280 4211 3430 4263 ὀπῶν
3456 4210 3572 4265 τῶν

1994 4313 2264 4367 πελέκεων
2309 4308 2672 4364 διεκελεύετο’
2706 4305 2815 4358 τῶν
2866 4305 2924 4358 δὲ
2977 4303 3368 4372 ὴπορηκότων,
3414 4296 3572 4363 οὗτος

316 4408 386 4463 ad
425 4424 586 4478 quem
622 4409 892 4478 dejectum
930 4410 1044 4463 haec
1070 4409 1239 4485 verba
1273 4409 1412 4464 dixit
1445 4430 1459 4465 :
1513 4410 1627 4465 Hoc
1662 4411 1760 4466 tibi
1790 4426 1876 4482 ρι’(

1995 4403 2219 4457 ἐντείνει
2251 4401 2349 4471 μὲν
2375 4400 2437 4451 τὸ
2461 4398 2633 4464 τόξον,
2670 4397 2764 4449 καὶ
2798 4394 2890 4447 τοῦ
2919 4391 3123 4446 σκοποῦ
3152 4390 3351 4460 τυχὼν,
3379 4390 3573 4444 λοιπὸν

315 4501 455 4570 pede
480 4501 552 4556 sit
577 4515 799 4555 munus.
842 4499 1039 4555 Pedem
1066 4516 1198 4557 vero
1243 4502 1401 4557 bovis
1446 4503 1650 4566 innuit,
1702 4519 1813 4574 quo
1858 4520 1876 4558 ε

1992 4498 2083 4550 ἐπὶ
2124 4494 2386 4547 Ἀντίνοον
2435 4492 2526 4544 τὸν
2572 4488 2784 4561 πρῶτον
2833 4486 3015 4557 βάλλει
3062 4484 3170 4537 τῶν
3216 4484 3570 4555 μνηστήρων,

316 4602 510 4647 mensa
571 4602 795 4663 arrepto
856 4595 1220 4664 conjectoque
1269 4595 1576 4665 supplicem
1638 4596 1876 4667 Ulyssem

1993 4588 2221 4660 καιρίως
2249 4585 2474 4657 πλήξας,
2503 4583 2636 4655 πρὸς
2667 4581 2726 4634 ὃν
2759 4581 2852 4634 καὶ⁹
2886 4579 3037 4632 τουτὶ
3073 4576 3134 4629 τὸ
3170 4575 3301 4639 ἔπος
3345 4575 3567 4644 (Odyss.

316 4686 460 4741 male
499 4686 859 4740 multaverat.
894 4686 992 4742 His
1038 4702 1261 4756 quoque
1303 4704 1439 4742 usus
1487 4699 1574 4743 est
1630 4689 1876 4745 adversm

1994 4699 2130 4745 nu,
2161 4680 2288 4748 9.90)
2336 4677 2726 4745 ἐπιφθέγγεται
2776 4673 3030 4731 πεσόντα,
3075 4670 3221 4723 Ἀντὶ
3266 4668 3443 4730 ποδὸς,
3475 4668 3571 4720 λέ-

316 4778 483 4833 istum
525 4778 855 4833 homicidam
894 4776 1198 4833 Idolianum
1238 4779 1359 4849 (sic
1387 4780 1535 4834 enim
1564 4794 1689 4834 eum
1722 4781 1876 4835 nomi.

1995 4791 2127 4844 γων,
2159 4772 2306 4826 τουτί
2342 4787 2423 4825 σοι
2452 4770 2513 4822 τὸ
2566 4767 2735 4832 ξένιον
2768 4764 2956 4839 [CoisL
2985 4761 3211 4833 ξένειον]
3244 4760 3353 4832 (74)
3382 4776 3397 4790 ·
3431 4760 3571 4812 πόδα

382 4999 497 5073 (7|)
542 5000 693 5073 Tabe
723 4997 1228 5073 Πυριφλεγέθοντάς
1245 5068 1257 5073 Α
1276 5013 1371 5051 σου
1415 4997 1509 5073 καὶ
1537 4996 1663 5073 τοὺς
1691 4997 1876 5073 [Eamu-

1988 4992 2357 5073 tamscripsit
2393 5004 2533 5073 qum”
2567 4988 2646 5043 sic
2684 4985 2947 5073 incipiat;
2982 4980 3258 5073 Ξολάςετε
3284 4981 3342 5034 δὲ
3371 4981 3429 5033 ὲν
3464 4980 3574 5052 ᾷδῃ

314 5065 440 5154 eoi};
478 5065 576 5125 καὶ
621 5072 749 5133 τοὺς
802 5065 1159 5140 Ἇχέροντας,
1209 5068 1284 5122 ait
1329 5067 1639 5137 emphatice
1683 5065 1894 5136 Grego-

317 5157 453 5196 I'llls.

390 5233 519 5304 (72),
545 5232 648 5288 Ms.
695 5232 833 5304 5_'_75,
876 5229 1122 5304 πλέθρα.-
1154 5228 1396 5304 Alteram
1433 5227 1724 5283 lectionem
1759 5226 1896 5298 elegi

317 5298 670 5371 quam'habet
707 5301 978 5356 Homerus
1016 5298 1144 5369 (0d.
1179 5315 1255 5366 ιι,
1282 5298 1405 5370 576)
1441 5316 1455 5351 :

320 5414 429 5469 Kal
452 5412 661 5467 Τιτυὸν
685 5409 867 5477 εἶδον,
900 5409 1080 5476 Γαίης
1112 5406 1418 5475 ἐρικυδέος
1441 5407 1594 5470 υἱὸν,

322 5484 605 5552 Κειμενον
623 5484 694 5537 ἐν
712 5482 949 5552 δαπέδῳ
966 5498 979 5510 ·
1012 5483 1043 5533 ό
1069 5478 1119 5530 δ’
1150 5477 1327 5552 έννέᾳ
1354 5477 1511 5552 κεῖςο
1533 5477 1820 5552 πέλεθρα·

323 5545 491 5606 Γῦὲιε
525 5552 594 5607 δέ
626 5570 732 5622 μιν
770 5545 1046 5619 ἑκάτερθε
1081 5546 1399 5616 παρημένω
1437 5545 1600 5616 ἧπαρ
1638 5547 1892 5613 ἔκειρον.

408 5665 741 5722 Scholiastes
775 5682 880 5720 ms.
900 5663 1142 5719 doctoris
1165 5662 1357 5717 Clarke
1384 5659 1586 5731 (Catal.
1613 5657 1889 5731 qusford.

328 5753 381 5804 ῃ.
411 5737 521 5807 55),
549 5736 642 5807 qui
671 5751 795 5792 cum
819 5735 1012 5790 Nonno
1035 5732 1269 5789 conferri
1294 5730 1492 5802 potest,
1522 5731 1588 5786 de
1621 5730 1763 5785 Titio
1790 5743 1890 5782 no-

1990 5063 2172 5126 Τιτύς.
2205 5053 2347 5130 Lege
2366 5053 2656 5123 κολάζεται
2680 5056 2740 5109 δὲ
2766 5058 2824 5108 ὲν
2852 5054 2956 5127 ᾅδῃ
2985 5053 3198 5115 Τιτυός.

2070 5153 2180 5220 (75)
2223 5150 2355 5205 Vide
2390 5151 2639 5204 eumdem
2678 5146 3009 5220 scholiasten
3064 5144 3142 5213 (p.
3189 5140 3281 5210 M)
3317 5139 3574 5220 induunt:

1991 5209 2235 5294 Gregorii
2259 5236 2474 5276 versum
2508 5224 2705 5288 (carm.
2728 5216 2783 5280 8,
2812 5215 2884 5268 De
2914 5209 3116 5275 anima,
3143 5209 3288 5267 vers.
3317 5209 3411 5280 38)
3447 5226 3461 5262 :

2183 5333 2436 5398 Ἰξίονος
2464 5331 2782 5384 κύκλωσιν
2819 5325 3292 5395 ἁλιτροτάτοιο...

2070 5446 2182 5518 (74)
2215 5443 2563 5518 Μνημονικδν
2582 5439 2909 5518 ἁμάρτημα.
2943 5437 3196 5518 Eumaeus
3226 5433 3571 5518 glesippum,

1999 5505 2110 5573 non
2155 5505 2450 5569 Antinoum
2490 5505 3058 5581 alloquiturl'Lapsus
3082 5515 3175 5561 est-
3201 5505 3367 5581 etiam
3403 5505 3577 5581 scho-

2000 5590 2187 5643 liastes
2212 5583 2548 5640 Montacutii.
2592 5573 2648 5635 In
2682 5573 3028 5650 proverbium
3066 5581 3306 5650 gesserat
3334 5574 3441 5628 hoc
3474 5573 3579 5627 he-

2004 5656 2336 5714 mistichium
2365 5671 2379 5710 :
2404 5651 2574 5707 Τοῦτό
2601 5645 2697 5705 σοι’
2716 5649 2840 5705 ἀντὶ
2867 5646 3027 5711 ποδὸς
3061 5645 3308 5717 ξεινήϊον.
