3856 6220
288 287 432 343 1155

1191 285 1485 343 SCHOLIA
1521 284 1589 340 IN
1621 283 1830 344 ORAT.
1860 285 1905 341 il
1939 281 2225 341 CONTRA
2263 270 2647 341 JULIANUM.

3415 289 3554 348 HM

286 405 347 458 δὲ
373 403 521 471 λέγει
543 401 732 475 [CoisL
766 403 902 458 πόδα
926 403 1069 476 λέγ.)
1105 403 1245 474 βοὸς,
1285 405 1468 458 ὅντινα
1501 401 1883 474 προσαιτοῦντι

1990 401 2110 455 nari
2139 402 2317 471 magis
2345 395 2636 471 proprium
2665 402 2805 475 erat)
2837 417 2936 473 pro
2950 412 3027 457 'ea
3054 417 3160 473 qua
3190 403 3246 458 in
3285 403 3557 461 Christia-

288 494 374 566 τῷ
414 496 660 551 Ὀδυσσεῖ
687 496 794 550 ἀπὸ
824 497 924 566 τῆς
949 496 1230 568 τραπέζης
1258 496 1438 549 λαϐὼν
1459 496 1551 549 καὶ
1581 494 1878 567 ἐπιρρίψας

290 587 479 650 κακῶς
510 587 725 658 διέθηκε
744 603 757 616 '
806 587 1070 660 κέχρηται
1107 588 1165 640 δὲ
1204 587 1377 657 τούτῳ
1407 586 1548 641 κατὰ
1572 586 1668 639 τοῦ
1701 587 1876 640 παλα-

296 678 492 750 μναίου
544 678 866 732 Είδωλιανοῦ
930 678 1042 747 (75)
1094 677 1277 750 (οὕτω
1322 678 1431 750 γὰρ
1480 678 1646 732 αὐτὸν
1693 676 1878 731 καλεῖν

297 751 668 844 οἰκειότερον)
702 773 819 825 ἀνθ’
848 761 929 824 ὧν
957 771 1122 842 ὼμιῖις
1149 771 1413 843 κέχρηται
1451 771 1548 825 καὶ
1593 770 1882 843 ἀπανθρώ-

294 880 415 926 πως
441 866 810 935 Χριστιανοὶς,
841 866 888 917 εί
913 863 1011 917 καὶ
1034 863 1112 934 τῷ
1138 863 1315 933 κωδίῳ
1341 866 1441 934 τῆς
1465 863 1728 930 δοκούσης
1760 863 1880 914 ἐπι-

290 955 503 1016 εικείας
523 955 612 1009 τὸν
652 955 938 1025 Ἀραϐικὸν
959 956 1056 1025 τῆς
1084 956 1280 1026 μανίας
1316 954 1479 1009 λύκον
1504 954 1615 1025 (76)
1650 955 1884 1023 ὑπέκρο-

1984 508 2087 549 nos
2144 510 2282 549 usus
2312 501 2398 548 est
2434 493 2765 552 crudelitate
2796 536 2812 559 ,
2842 496 2946 552 etsi
2982 497 3252 551 simulata:
3295 511 3556 554 mansue-

1986 585 2193 639 tudinis
2227 585 2425 640 vellere
2453 585 2752 641 Arabicum
2780 587 2990 642 furoris
3034 589 3217 658 lupum
3253 588 3558 644 absconde-

1985 676 2080 730 rit.
2114 674 2325 741 Λώστε,
2357 674 2415 731 id
2440 685 2527 732 est
2562 677 2786 746 optime,
2823 679 3088 748 praeclare
3119 695 3217 748 per
3240 679 3555 735 irrisionem

1987 768 2299 837 compellat,
2344 769 2581 838 propriis
2612 768 2810 839 {ipsum
2856 770 3038 825 verbis
3090 772 3386 834 allocutus,
3419 786 3558 840 quo-

1984 860 2133 914 niam
2163 860 2479 927 hujusmodi
2505 859 2776 915 dictiones
2829 876 2896 915 ex
2935 861 3171 916 ethnicis
3217 861 3557 917 carminibus

1989 965 2054 1005 ac
2084 952 2459 1006 monumentis
2488 950 2808 1021 desumptas
2836 967 2960 1007 esse
2996 961 3232 1006 constat.

294 1062 433 1099 πτεν
465 1045 588 1117 [ηις.
628 1045 731 1101 573
758 1047 1007 1120 ἀπέκρ.],
1029 1048 1226 1114 λῷστε
1246 1047 1303 1101 δὲ
1331 1044 1482 1100 εἶπεν
1507 1047 1628 1101 ἀντὶ
1659 1046 1752 1099 τοῦ
1785 1044 2025 1115 βέλτιστε
2072 1043 2168 1096 καὶ
2194 1042 2344 1108 καλὲ,
2374 1043 2659 1115 σαρκάζων
2700 1047 3012 1115 προσειπεῖν
3033 1043 3089 1096 δὲ
3114 1044 3274 1097 αὐτὸν
3313 1044 3414 1114 ἔφη
3447 1044 3559 1106 τοῖς

295 1135 697 1211 αύτοῦ,ὲπειδὴ
736 1139 848 1194 τῶν
888 1142 1211 1214 Ἑλληνικῶν
1237 1143 1556 1214 ποιημάτων
1573 1141 1669 1195 καὶ
1700 1138 2145 1209 συγγραμμάτων
2176 1139 2234 1190 al
2263 1143 2614 1210 κομμωτικα)⁸
2644 1138 2755 1209 (77)
2791 1130 2950 1192 αὗται
2977 1137 3150 1203 λέξεις
3176 1135 3555 1208 γνωρίζονται.

374 1228 514 1283 Ibid.
575 1231 663 1284 12.
743 1232 1045 1300 Νειλῴους
1118 1234 1494 1304 καταράκτας
1547 1231 1672 1306 [ms.
1725 1232 1832 1287 573
1861 1271 1878 1295 ν

294 1318 574 1391 suntadd]
624 1325 953 1390 Αἰθιοπίας.
1001 1325 1209 1398 Πέτραι
1252 1326 1457 1396 ὑψηλαὶ
1495 1326 1591 1379 κα)⁸
1616 1323 1881 1393 ἀπότομοί

294 1415 444 1467 εἰσιν
473 1412 709 1486 ὕπερθεν
727 1417 1124 1483 Αἰθιοπίας,-ἐξ
1139 1412 1215 1474 ὧν
1236 1420 1686 1490 καταρρήγνυται
1709 1418 1738 1470 ὁ
1759 1415 1885 1467 Νεῖ-

292 1503 397 1568 λος
422 1505 519 1559 καὶ
551 1509 836 1578 καταρρεῖ·
871 1508 1055 1578 δούπῳ
1090 1508 1148 1562 δέ
1190 1511 1287 1562 καὶ
1333 1509 1452 1579 ἤχῳ
1500 1505 1681 1577 πολλῷ
1714 1519 1883 1576 προσ-

305 1596 689 1667 αρασσόμενος
717 1601 837 1664 ταῖς
870 1600 1099 1671 πέτραις
1130 1600 1302 1671 ὄνομα
1327 1599 1407 1671 τῷ
1434 1598 1584 1670 τόπῳ
1607 1595 1884 1652 Καταδού-

297 1704 441 1751 πουε,
471 1685 660 1759 [CoisL
692 1689 835 1743 κατὰ
859 1689 1090 1763 δουπῶν]
1115 1691 1347 1761 ἀφῆκεν.
1376 1691 1588 1761 Ὠσπερ
1614 1689 1672 1743 δὲ
1690 1687 1885 1743 ἀδύνα-

298 1792 402 1828 τον
437 1775 625 1848 [CoisL
665 1777 809 1832 ῶσπ.
854 1778 1028 1851 ἀδύν.]
1058 1780 1261 1835 τούτων
1288 1783 1575 1850 κατασχεῖν
1607 1779 1698 1833 τὸν
1734 1776 1881 1848 ῥοῦν,

2060 1228 2372 1285 Cataractae
2408 1229 2531 1289 Nili
2569 1232 2634 1284 ab
2680 1230 2977 1299 Ethiopia.
3031 1230 3204 1286 Petra:
3245 1242 3371 1287 sunt
3403 1232 3559 1286 altis-

1987 1318 2140 1374 simae
2189 1330 2244 1374 et
2293 1331 2579 1391 praeruptae
2642 1335 2807 1391 supra
2859 1320 3153 1391 Ethiopia
3192 1330 3473 1386 montana,
3525 1336 3559 1376 e

1989 1408 2193 1478 quibus
2224 1410 2442 1478 prosilit
2473 1422 2526 1465 et
2570 1409 2761 1465 deﬂuit
2799 1409 2954 1475 Nilus
2990 1428 3004 1464 :
3064 1420 3230 1481 atque
3278 1427 3388 1465 non
3434 1412 3559 1467 sine

1990 1501 2195 1569 ingenti
2232 1500 2439 1571 δουπῷ,
2466 1501 2516 1556 id
2546 1484 2636 1556 cst
2666 1501 2852 1556 sonitu
2885 1516 2949 1556 ac
2995 1501 3215 1571 fragore
3270 1503 3441 1571 petris
3479 1503 3559 1555 al-

1988 1593 2200 1655 liditur,
2224 1591 2370 1648 unde
2401 1591 2565 1647 etiam
2598 1592 2725 1647 huic
2756 1594 2876 1648 loco
2906 1592 3319 1661 Cataduparum
3346 1608 3551 1647 nomen

1987 1685 2224 1739 inditum
2255 1693 2361 1741 est.
2398 1684 2553 1740 Sicut
2601 1685 2772 1755 igitur
2820 1685 3161 1756 impossibile
3204 1697 3287 1740 est
3341 1686 3557 1740 illarum

1989 1774 2326 1846 profluentes
2352 1790 2525 1846 aquas
2554 1790 2833 1841 coercere,
2867 1775 2966 1839 sic,
3002 1785 3059 1830 ut
3086 1777 3182 1841 ait,
3198 1783 3251 1830 et
3289 1776 3559 1831 Christia-

295 1865 473 1932 οὕτω,
501 1869 686 1941 φησιν,
711 1873 988 1943 ἀμήχανον
1018 1873 1229 1936 καὶτὰς
1250 1871 1590 1946 Χριστιανῶν
1613 1869 1884 1940 γλώσσας.

1991 1882 2186 1923 norum
2217 1868 2418 1939 lingua:
2446 1868 2665 1923 vincula
2700 1867 2879 1935 injici,
2906 1884 2995 1924 res
3017 1877 3230 1924 vestras
3262 1869 3557 1924 insectanti

299 1959 558 2031 πεδῆσαι,
573 1960 667 2015 τοῦ
688 1964 761 2034 μὴ
776 1963 846 2016 τὰ
867 1965 1108 2035 ὑμέτερα
1128 1965 1422 2036 διελέγχειν
1445 1965 1883 2036 στηλιτευούσας.

384 2052 522 2108 Ibid.
557 2053 619 2108 Β.
661 2056 853 2111 Ταῦτα
892 2058 1208 2125 Βασίλειος
1236 2058 1337 2112 καί
1362 2062 1708 2130 Γρητόριος.
1749 2061 1882 2114 Κοι-

303 2147 607 2198 νοποιείται
629 2147 909 2202 κάνταῦθα
942 2149 1011 2202 τὰ
1030 2150 1228 2205 ἑαυτοῦ
1259 2156 1370 2216 τοῖς
1393 2152 1488 2207 τοῦ
1515 2153 1752 2224 μεγάλου
1782 2151 1883 2205 Bato

304 2234 534 2304 σιλείου,
573 2236 687 2303 οὓς,
722 2239 908 2310 φησιν,
956 2242 1114 2307 εἰδὼς
1146 2244 1503 2315 ὁμονοοῦντας
1545 2247 1640 2300 καὶ
1670 2247 1884 2300 ἀντιδο-

296 2327 534 2394 ξοῦντάς
568 2348 672 2396 σοι,
714 2351 731 2383 ι
775 2333 874 2404 τὴν
916 2334 1274 2391 Κυκλώπειον
1328 2338 1520 2409 ἐτίμας
1558 2339 1746 2410 τιμὴν,
1792 2341 1883 2394 καὶ

298 2418 652 2485 τελευταίους
683 2423 972 2494 ἐταμιεύου
1001 2425 1079 2497 τῷ
1107 2427 1358 2499 κινδύνῳ,
1390 2429 1486 2482 καὶ
1517 2428 1689 2501 δῶρον
1712 2432 1885 2484 ἐπινί-

299 2524 429 2561 κιον
459 2509 701 2574 ἐπενόεις
732 2516 843 2576 τοῖς
874 2514 1144 2585 δαίμοσιν,
1188 2518 1244 2569 εί
1266 2535 1326 2571 σε
1362 2519 1471 2572 ἀπὸ
1496 2519 1597 2590 τῆς
1625 2520 1885 2592 Περσίδος

292 2596 689 2683 ,ὑπεδεξάμεθα
720 2601 848 2673 [ms.
877 2604 1005 2668 575,
1039 2605 1205 2679 ἐδεξ.]
1231 2608 1591 2680 ἐπανήκοντα.
1625 2610 1886 2664 »Κυκλώ-

302 2704 464 2743 πειον
494 2691 551 2744 δὲ
580 2693 746 2764 τιμὴν
774 2695 892 2748 τίνα
924 2695 1105 2764 λέγεις
1152 2698 1459 2766 Ὀδυσσεὺς,
1491 2700 1613 2754 καθ’
1638 2702 1884 2776 Ὅμηρον

304 2779 531 2850 (Odyss.
580 2785 681 2854 Ix),
717 2785 796 2839 ἔτι
825 2787 1265 2860 περισωζομένης
1306 2792 1455 2863 αὐτῷ
1486 2794 1585 2863 τῆς
1625 2794 1749 2865 νηὸς
1791 2796 1883 2849 καί

298 2890 470 2927 ’τινων
503 2876 749 2948 ἑταίρων,
784 2880 864 2942 είς
899 2880 1059 2950 νῆσον
1103 2883 1351 2955 καταίρει
1383 2885 1721 2941 Κυκλώπων.
1773 2888 1883 2941 Καὶ

296 2968 376 3037 δὴ
403 2967 504 3038 τῆς
530 2969 656 3040 νηὸς
708 2971 920 3035 ἀποϐὰς
949 2974 1121 3027 ἄνεισι
1153 2977 1289 3046 πρὸς
1317 2977 1414 3048 τὴν
1445 2978 1626 3049 νῆσον,
1655 2980 1711 3032 εἴ
1732 2998 1884 3046 τινας

301 3060 610 3132 ἀνθρώπων
644 3061 793 3134 εὖροι
821 3066 1227 3132 κατοικοῦντας.
1275 3069 1332 3123 '0
1364 3070 1422 3124 δέ
1455 3072 1702 3145 σπηλαίῳ
1743 3075 1883 3146 κενῷ

307 3153 638 3225 περιτυχὼν,
678 3157 772 3209 καί
808 3173 928 3212 τινα
975 3162 1174 3231 σημεῖα
1222 3163 1572 3219 ἐνοικούντων
1608 3167 1878 3239 εὑρηκὼς,
1907 3201 1950 3260 c

301 3243 470 3313 ἔμενε
500 3247 626 3310 τοὺς
647 3249 934 3321 οἰκήτορας
952 3267 967 3281 ·
997 3247 1129 3322 ἦλθε
1158 3251 1214 3305 δέ
1241 3270 1324 3315 τις
1354 3254 1492 3327 ἀνὴρ
1520 3256 1659 3328 ὑπὲρ
1682 3260 1878 3333 ἄνδρα·

300 3335 430 3388 οὐδὲ
448 3336 555 3408 γὰρ
573 3338 753 3408 ἐῴκει,
770 3340 934 3411 φησὶν
973 3342 1220 3415 ’Όμηρος
1233 3344 1451 3415 (Odyss.
1469 3361 1544 3410 lx,
1569 3349 1713 3418 190),
1729 3351 1884 3424 ἀνδρὶ

304 3430 606 3498 σιτοφάγῳ.
624 3430 863 3500 Κύκλωψ
877 3425 1031 3495 οὗτος
1050 3428 1138 3504 ἦν,
1157 3435 1326 3506 ὄνομα
1346 3438 1691 3510 Πολύφημος,
1718 3443 1885 3514 θρέμ-

308 3534 457 3586 ματα
486 3519 576 3571 καὶ
595 3520 774 3590 νέμων
803 3522 895 3574 καὶ
926 3524 1247 3579 εἰσελαύνων
1276 3528 1376 3599 ἤδη
1410 3531 1467 3582 ἐν
1494 3531 1572 3601 τῷ
1603 3534 1847 3606 σπηλαίῳ
1866 3553 1878 3565 ·

296 3611 338 3662 ὁ
361 3609 416 3662 δὲ
441 3610 628 3663 τοῦτον
652 3613 745 3665 καὶ
771 3615 895 3678 τοὺς
922 3616 1169 3687 ἑταίρους
1194 3618 1335 3683 ἰδὼν,
1359 3621 1502 3686 τίνες
1521 3619 1629 3677 εἶεν
1660 3625 1848 3697 ἠρώτα
1866 3644 1880 3658 ·

321 3701 606 3777 Ὀδυσσεὺς
633 3703 687 3757 δὲ
707 3706 995 3789 καταλέγει
1026 3709 1095 3763 τά
1109 3727 1167 3762 τε
1198 3710 1331 3765 ἄλλα
1360 3715 1452 3767 καὶ
1479 3713 1715 3787 τοῦνομα
1734 3718 1877 3789 (cod.

306 3806 364 3859 p.
399 3790 524 3856 278,
552 3793 630 3862 2),
669 3787 829 3850 Οὖτιν
862 3799 1051 3852 ἑαυτὸν
1101 3804 1494 3874 παρονομάξων
1514 3824 1528 3837 ο
1559 3802 1678 3861 εἶτα
1706 3787 1802 3862 σύν
1823 3827 1881 3862 τε

298 3881 399 3937 δύο
429 3884 535 3937 τῶν
565 3886 795 3958 ἑταίρων
840 3889 1062 3961 μάρψας
1093 3909 1153 3946 τε
1179 3895 1274 3947 καὶ
1305 3897 1619 3969 συντρίψας,
1650 3900 1879 3965 δεῖπνον,

302 3977 475 4047 φησιν
514 3976 756 4046 (Homer.
812 3979 848 4035 ί.
907 3998 954 4035 c.
1001 3982 1151 4052 289),
1186 3986 1363 4057 ἑαυτῷ
1393 3993 1644 4044 ποιεῖται.
1690 3992 1881 4061 Δείσας

299 4063 401 4123 οὖν
461 4069 750 4135 Ὀδυσσεὺς
794 4074 922 4146 οῐνῳ
967 4077 1128 4129 αὐτὸν
1179 4079 1464 4146 δεξιοῦται,
1513 4084 1572 4138 ὃν
1624 4087 1682 4140 ὲν
1729 4089 1882 4161 ἀσκῷ

303 4162 489 4235 φέρων
544 4159 669 4236 ἧκε,
731 4165 858 4229 καὶ,
921 4167 1099 4236 λόγοις
1151 4171 1657 4243 ὲκμειλισσόμενος,
1712 4159 1881 4243 ξένιον

303 4253 597 4324 ἐπεζήτει·
643 4256 672 4306 ὁ
705 4254 760 4307 δὲ
801 4256 1048 4327 πύματον
1098 4257 1201 4330 ἔφη
1237 4260 1455 4331 (Odyss.
1507 4280 1583 4329 lx,
1630 4266 1756 4337 569)
1791 4270 1881 4323 τὸν

302 4341 473 4399 Οὖτιν
522 4344 861 4410 κατέδεσθαι,
902 4366 920 4397 ι
958 4347 1128 4402 Τοῦτό
1166 4367 1249 4403 τοι
1283 4351 1515 4424 ξεινήϊον
1565 4374 1583 4406 ι
1639 4358 1880 4413 ἐπειπών

304 4434 468 4507 (αὕτη
497 4433 591 4489 οὖν
615 4437 648 4506 ἡ
674 4437 1020 4501 Κυκλιῦπειος
1039 4440 1249 4513 εἴρηται
1272 4444 1472 4515 χάρις)·
1505 4445 1563 4499 ὃν
1595 4447 1651 4501 ἐν
1670 4449 1881 4521 ὑστέρῳ

1986 1971 2051 2012 ac
2083 1958 2460 2026 proscindenti
2491 1958 2608 2012 fieri
2639 1973 2749 2012 non
2786 1966 2987 2028 potest.

2059 2050 2188 2106 Haec
2228 2050 2322 2106 tibi
2350 2050 2587 2105 Basilius
2617 2052 2668 2106 el
2698 2050 3003 2122 Gregorius.
3032 2051 3132 2107 llic
3170 2052 3393 2123 propria
3433 2067 3558 2108 cum

1987 2140 2172 2213 Magni
2200 2142 2391 2197 Basilii
2421 2144 2682 2213 operibus
2708 2144 3019 2215 coniungit,
3073 2160 3235 2215 quos,
3286 2146 3384 2208 ait,
3434 2161 3560 2201 cum

1985 2235 2210 2290 noveris
2236 2236 2540 2291 concordes
2568 2251 2631 2290 ac
2664 2236 2764 2290 tibi
2792 2236 3164 2301 adversarios,
3206 2257 3225 2290 ι
3265 2238 3559 2309 Cyclopico

1986 2322 2199 2378 honore
2229 2323 2526 2389 aﬂiciehas,
2559 2335 2975 2397 postremosque
3021 2327 3088 2382 ad
3138 2329 3442 2398 periculum
3476 2346 3561 2384 rc-

1984 2415 2263 2479 servabas,
2284 2431 2348 2470 ac
2371 2415 2606 2473 fortasse
2629 2425 2888 2488 tanquam
2911 2420 3239 2490 triumphale
3285 2422 3557 2491 quoddam

1984 2510 2179 2580 ingens
2207 2517 2262 2564 et
2292 2510 2642 2579 magnificum
2678 2527 2881 2567 munus
2919 2510 3260 2569 daemonibus
3287 2515 3561 2582 excogita-

1983 2602 2104 2668 has,
2140 2602 2186 2658 si
2219 2610 2271 2659 te
2299 2618 2330 2657 a
2361 2602 2586 2658 Perside
2615 2602 2934 2660 redeuntem
2972 2606 3335 2676 excepissent.
3376 2625 3396 2657 ι
3427 2604 3563 2673 Qui-

1984 2709 2113 2749 nam
2145 2703 2328 2750 autem
2358 2696 2694 2767 Cyclopicus
2732 2696 2820 2750 hic
2846 2696 3024 2751 honor
3050 2698 3169 2752 est?
3202 2695 3428 2769 Ulysses
3449 2738 3464 2763 ,
3500 2706 3558 2753 ut

1984 2786 2258 2843 Homerus
2284 2788 2545 2858 prodidit,
2575 2790 2754 2844 adhuc
2789 2789 2999 2845 salvata
3029 2791 3133 2859 ipsi
3168 2806 3307 2845 nave
3338 2800 3393 2846 et
3424 2807 3561 2845 non-

1985 2882 2149 2937 nullis
2182 2882 2396 2945 amicis,
2433 2884 2488 2935 in
2546 2881 2843 2953 Cyclopum
2879 2882 3112 2938 insulam
3144 2881 3371 2952 appulit.
3393 2881 3563 2937 Cum-

1983 2988 2091 3042 que
2121 2988 2150 3027 ε
2184 2973 2307 3026 navi
2331 2973 2706 3029 descendisset
2746 2990 2810 3028 ac
2860 2989 2957 3044 per
2996 2974 3229 3029 insulam
3258 2975 3560 3041 oberraret,

1988 3064 2036 3119 si
2081 3079 2222 3134 quos
2253 3066 2463 3121 incolas
2490 3065 2779 3133 inveniret,
2811 3066 2865 3119 in
2904 3073 3123 3121 antrum
3165 3066 3439 3137 quoddam
3476 3067 3564 3122 in-

1984 3156 2138 3216 cidit,
2172 3157 2389 3227 illicque
2416 3158 2571 3229 signa
2600 3158 2848 3227 quaedam
2883 3159 3185 3214 incolarum
3217 3170 3434 3224 nactus,
3476 3161 3565 3215 in-

1983 3246 2133 3301 colas
2180 3248 2551 3316 exspectabat.
2590 3245 2749 3302 Venit
2782 3256 2964 3302 autem
2999 3249 3084 3303 vir
3126 3249 3349 3318 quidam
3376 3250 3557 3304 inusi-

1982 3344 2109 3392 tatae
2155 3338 2568 3409 magnitudinis.
2601 3338 2789 3410 Neque
2824 3341 2969 3396 enim
2991 3380 3007 3405 ,
3035 3349 3095 3395 ut
3127 3338 3348 3396 Homeri
3378 3340 3562 3395 verbis

1986 3442 2126 3496 utar,
2164 3432 2362 3488 similis
2385 3440 2503 3487 erat
2531 3433 2651 3486 viro
2700 3432 3034 3487 frumentum
3075 3431 3278 3488 edenti.
3326 3432 3562 3504 Cyclops

1984 3538 2148 3593 porro
2179 3524 2270 3578 hic
2298 3534 2449 3591 erat,
2490 3525 2718 3580 nomine
2744 3523 3135 3596 Polyphemus,
3177 3534 3426 3582 armenta
3465 3542 3562 3596 pa—

1983 3630 2143 3670 scens
2181 3631 2354 3685 eaque
2382 3615 2495 3685 jam
2547 3617 2600 3670 in
2643 3624 2861 3669 antrum
2907 3617 3200 3672 reducens.
3244 3617 3348 3684 Qui
3378 3658 3390 3677 ,
3437 3617 3561 3671 viso

1983 3703 2177 3775 Ulysse
2232 3705 2464 3774 ejusque
2513 3705 2681 3760 sociis
2714 3746 2730 3771 ,
2804 3705 3028 3775 quinam
3087 3713 3278 3760 essent
3314 3705 3558 3775 rogabat.

1982 3792 2207 3866 Ulysscs
2267 3803 2471 3859 autem,
2515 3811 2639 3849 cum
2694 3796 2823 3860 alia,
2895 3802 3011 3849 tum
3078 3811 3285 3850 nomen
3343 3810 3561 3864 quoque

1983 3903 2142 3942 suum
2173 3889 2434 3958 exponit,
2461 3887 2744 3943 Neminem
2785 3888 2999 3943 scilicet
3059 3890 3297 3959 seipsum
3341 3904 3559 3942 nuncu.

1981 3994 2137 4049 pans.
2169 3979 2305 4033 Tum
2337 3994 2468 4033 vero
2504 3980 2595 4035 ille
2621 3980 2764 4035 duos
2794 3995 2859 4033 ex
2910 3980 3049 4050 ipsis
3103 3980 3265 4036 simul
3309 3988 3562 4050 arreptos

1982 4071 2260 4130 contrivit.
2295 4087 2597 4141 eorumque
2627 4072 2973 4142 corporibus,
3000 4080 3058 4125 ut
3084 4073 3178 4137 ait,
3210 4072 3315 4127 sibi
3345 4087 3558 4127 coenam

1981 4162 2214 4232 paravit.
2246 4160 2579 4218 Perterritus
2603 4163 2767 4233 igitur
2799 4161 3026 4233 Ulysses
3073 4164 3222 4226 vino,
3271 4163 3417 4232 quod
3469 4179 3559 4218 see

1982 4268 2107 4307 cum
2134 4253 2186 4306 in
2226 4260 2347 4308 utre
2373 4252 2672 4320 detulerat,
2705 4269 2831 4308 eum
2856 4252 3071 4317 delinit,
3114 4267 3178 4307 ac
3212 4253 3394 4307 verbis
3420 4253 3560 4306 mul-

1982 4354 2087 4409 cet,
2128 4362 2439 4416 munusque
2469 4347 2743 4417 hospitale
2785 4347 2854 4401 ah
2882 4360 2948 4399 eo
2991 4346 3242 4416 requirit.
3297 4345 3391 4399 Ille
3427 4360 3561 4401 vero

1983 4434 2122 4489 dixit
2163 4446 2500 4505 postremum
2546 4438 2831 4494 Neminem
2857 4445 3158 4492 comestum
3209 4438 3277 4491 iri
3320 4454 3335 4491 :
3369 4458 3387 4490 ι
3417 4436 3555 4505 Hoc,

301 4527 382 4597 τῷ
414 4527 543 4597 οἴνῳ
586 4527 685 4590 τὰς
714 4530 915 4599 φρένας
950 4529 1289 4601 δαμασθέντα
1316 4535 1529 4590 ἐτίσατο
1571 4539 1877 4610 Ὀδυσσεὺς,

1990 4527 2178 4597 inquit,
2213 4529 2311 4583 tibi
2337 4529 2610 4598 hospitale
2637 4545 2840 4584 munus
2875 4530 3025 4601 (haec
3068 4531 3239 4601 igitur
3285 4531 3557 4603 Cyclopea

302 4617 586 4689 ὀφθαλμοῦ
616 4618 866 4683 ἁλαώσας
904 4637 961 4673 τε
995 4622 1089 4674 καὶ
1121 4625 1521 4696 ἀποστερήσας.

377 4872 514 4929 Ibid.
569 4874 611 4929 C
664 4875 715 4930 i.
766 4879 849 4931 Οὐ
914 4877 1025 4947 γὰρ
1082 4882 1497 4955 ἀγεννέστεροι
1558 4888 1676 4946 τῶν
1744 4908 1879 4945 νεα-

300 4967 534 5020 νίσκων
576 4968 842 5024 ἐκείνων.
873 4970 993 5024 Τῶν
1020 4974 1187 5043 τριῶν
1217 4975 1362 5045 λέγει
1399 4980 1623 5047 παίδων,
1654 4983 1748 5037 καὶ
1776 4987 1881 5038 Δα-

303 5059 423 5129 νιὴλ
440 5058 535 5113 τοῦ
564 5061 866 5131 προφήτου,
890 5064 1105 5118 καὶτῶν
1133 5065 1177 5130 ζ’
1193 5068 1566 5127 Μακκαϐαίων
1593 5076 1690 5129 σὺν
1712 5077 1880 5148 μητρὶ

375 5252 486 5328 (75)
530 5254 661 5328 Vide
693 5274 859 5328 supra
888 5260 958 5315 ad
992 5263 1098 5318 col.
1137 5263 1241 5321 604
1265 5267 1308 5320 Α
1340 5268 1425 5322 is.

374 5324 487 5395 (76)
529 5324 777 5398 ﬁasilius'
801 5331 983 5385 forsan
1020 5334 1260 5389 animum
1290 5339 1602 5394 intendebat
1628 5341 1695 5395 ad
1727 5342 1874 5398 hunc

300 5393 485 5477 Ιρειιιιι
529 5396 764 5477 Matthazi
804 5403 925 5477 (v_tt,
954 5402 1107 5477 15)“:
1161 5406 1462 5477 Προσέχετε
1492 5393 1565 5463 δὲ

297 5463 782 5585 ἓξνδοπροφητῶν,
813 5463 1303 5545 οἵτινεςίέρχονῖιαι
1339 5463 1483 5550 ’πρὸς
1519 5463 1758 5549 ὑμᾶς-έν

332 5550 503 5585 om:
554 5537 863 5585 προϐάτων-
913 5541 1115 5585 eadem
1154 5545 1212 5585 δέ
1258 5549 1361 5585 ειη.
1413 5548 1561 5585 ιιινη.
1600 5550 1849 5585 ειη-νην..-

332 5537 510 5622 pstulat
549 5537 863 5622 739064193,
1257 5549 1363 5622 sict
1392 5537 1569 5622 ’λύκοί
1600 5537 1870 5622 ἅρπαγες.

302 5604 462 5685 Quod
502 5604 645 5685 vero
675 5610 910 5685 similius
956 5614 1233 5685 videbitur
1269 5618 1315 5671 si
1356 5604 1689 5685 attendatu'r,
1724 5604 1873 5678 Κόιῖὲ

306 5674 492 5760 pullos
525 5677 791 5760 (antiquos
824 5679 1015 5760 Patres
1059 5684 1113 5738 in
1155 5687 1272 5742 suis
1309 5674 1712 5760 exemplaribus
1734 5674 1875 5747 "id-

300 5741 436 5807 δίοις
474 5741 731 5804 habuisse
769 5765 867 5819 pro
899 5752 1159 5824 ἐνδύμασι
1205 5741 1347 5828 (vide
1391 5741 1638 5816 his};
1653 5741 1868 5820 ﬁli-fallit.

1984 4621 2186 4675 dicitur
2210 4622 2463 4694 gratim)»
2499 4622 2673 4689 Quem
2720 4640 2867 4689 vero,
2890 4641 3014 4679 cum
3059 4625 3277 4681 demum
3333 4628 3558 4698 Ulysscs

1984 4713 2158 4783 ipsius
2209 4721 2446 4769 mentem
2492 4715 2622 4771 vino
2664 4717 3070 4782 concussisset,
3116 4720 3293 4775 oculis
3339 4722 3556 4776 orbavit

1985 4812 2149 4873 atque
2173 4803 2245 4857 ita
2281 4819 2475 4874 poenas
2507 4807 2766 4875 sumpsit.

2058 4893 2239 4965 Neque
2290 4897 2430 4951 enim
2490 4897 2905 4956 adolescentibus
2969 4903 3080 4957 illis
3124 4904 3417 4973 tgnaviores
3460 4921 3556 4958 su-

1987 5006 2125 5045 mus.
2162 4989 2298 5046 Tres
2333 4990 2467 5044 dicit
2494 5006 2729 5060 pueros,
2778 5002 2834 5048 et
2878 4993 3157 5049 Danielem
3212 4997 3556 5066 prophetam,

1986 5089 2039 5136 et
2070 5088 2275 5147 septem
2304 5079 2644 5139 Machabaeos
2679 5099 2803 5137 cum
2827 5094 2999 5141 matre
3026 5102 3089 5141 ac
3122 5088 3376 5157 pontifice
3407 5090 3555 5158 peri-

1985 5277 2256 5347 loc.cit.).
2297 5277 2381 5333 Ad
2420 5281 2669 5336 eumdem
2757 5278 2937 5334 locum
2975 5282 3161 5336 eodem
3210 5284 3376 5338 verbo
3450 5289 3556 5340 uti-

1985 5360 2073 5402 tur
2103 5349 2400 5426 Gregorius
2427 5351 2480 5404 in
2515 5351 2617 5405 hoc
2646 5370 2807 5426 νει-ευ
2831 5356 3092 5410 carminis
3126 5357 3192 5410 17
3231 5368 3417 5411 contra
3452 5357 3561 5426 [al-

1983 5435 2068 5472 sos
2104 5419 2393 5486 episcopos,
2433 5436 2575 5475 vers.
2608 5424 2678 5478 58
2715 5443 2728 5479 ε

2092 5487 2163 5561 [ὁ
2195 5486 2414 5561 κῴδιον
2449 5490 2729 5561 πάρελθε,
2761 5493 2869 5548 τὸν
2898 5495 3090 5548 λύκον
3114 5495 3332 5559 βλέπε.

2055 5557 2168 5637 (77)
2220 5557 3127 5637 (ξοὶεικκωμωτικαίεϐιεεοιὶιιεή
3160 5567 3329 5620 verbo
3384 5565 3557 5637 λῷστε

1980 5628 2161 5704 ridere
2181 5629 2356 5704 voluit
2384 5628 2661 5704 Iulianum
2684 5636 2893 5690 Atticos
2920 5628 3134 5704 lEpores
3184 5628 3556 5691 aﬂectanteiu.

1982 5695 2097 5750 Vox
2132 5708 2217 5753 est
2258 5701 2458 5768 priscis
2480 5706 2823 5768 ‘auctorihus
2857 5695 3056 5764 Atticis
3086 5709 3221 5763 satis
3269 5708 3467 5763 usitata
3500 5716 3554 5762 et

1992 5716 2097 5750 vox
2132 5716 2217 5753 εει
2258 5716 2458 5768 pl‘lSClS
2541 5716 2823 5760 uctormus
2857 5716 2919 5759 Al

1987 5768 2129 5839 apud
2159 5770 2429 5840 sophistas
2462 5716 2919 5844 ﬁqueutissima.
