3856 6220
312 258 461 317 ΗΕΒ

1740 258 1993 316 BASTLII
2024 259 2244 318 ΜῙΝΙΜῙ

3442 264 3576 321 1156

307 382 464 437 .culis
511 395 634 437 sese
687 377 1046 448 objicientcs,
1086 393 1301 449 eosque
1346 379 1439 449 qui
1479 385 1542 434 te
1595 380 1897 449 imperante

2009 385 2097 436 καὶ
2130 385 2265 455 ἱερεῖ
2288 384 2865 461 συγκινδυνευσάντων,
2894 386 2987 439 καὶ
3011 384 3119 439 τῶν
3141 404 3160 437 ι
3183 385 3305 440 Ἐπὶ
3334 387 3430 441 σοῦ
3458 407 3580 445 νεα-

321 482 613 528 strenuum
639 472 884 526 animum
934 471 1343 540 praestiterunt;
1375 486 1441 524 ex
1488 470 1692 540 quibus
1735 471 1897 533 alter,

320 580 449 619 cum
488 563 727 620 Deorum
770 572 988 617 tuorum
1030 564 1189 617 matri
1234 563 1633 619 contumeliam
1679 564 1901 619 intulis-

319 669 431 721 set,
480 668 646 726 atque
688 654 867 725 ipsius
915 669 1070 708 aram
1117 655 1424 724 dirupisset
1480 662 1537 709 et
1582 656 1899 720 evertisset,

318 758 586 821 tanquam
614 765 740 804 reus
776 755 1003 803 vocatus
1034 755 1139 811 est,
1176 754 1237 800 ut
1267 749 1449 802 victor
1490 758 1673 802 autem
1711 748 1778 801 ad
1817 748 1902 802 in-

313 840 750 911 terrogationem
788 840 1072 909 ingressus
1103 846 1209 902 est,
1246 852 1312 892 ac
1344 853 1467 892 cum
1517 839 1714 907 majori
1761 838 1902 893 (iduo

321 932 409 987 cia
462 940 517 986 et
575 932 831 985 libertate
886 946 1149 1000 egressus
1209 936 1321 984 est.
1382 929 1697 985 Periculum
1753 930 1900 985 enim

317 1040 485 1097 quem
516 1039 627 1079 non
659 1024 791 1078 vicit
821 1023 995 1090 magis
1019 1037 1144 1078 eum
1174 1021 1483 1077 conﬁrmat.
1526 1042 1545 1073 ι
1585 1022 1738 1076 Alter
1770 1036 1902 1077 vero

319 1127 437 1171 toto
467 1130 698 1185 corpore
730 1113 1014 1184 δορκαλίσι
1037 1114 1375 1170 dilaceratus
1414 1132 1434 1165 ι
1474 1114 1545 1184 |id
1576 1121 1662 1168 est.
1688 1128 1901 1183 capreae

319 1208 506 1263 nervis
538 1222 602 1261 ac
632 1206 788 1260 loris.
818 1205 972 1271 Quos
998 1213 1180 1260 autem
1220 1220 1343 1260 esse
1381 1211 1613 1258 narrant
1658 1203 1900 1257 Arethu-

321 1301 466 1355 sium
507 1298 783 1363 Marcum,
828 1298 1163 1367 beatumque
1203 1295 1502 1352 Eusebium
1545 1293 1902 1349 Samosaten-

312 1407 458 1447 .sem.
492 1389 561 1444 Et
596 1391 809 1459 reliqua
840 1388 1326 1444 animadversione
1377 1386 1565 1456 digna,
1621 1385 1901 1455 quomodo

321 1484 622 1539 irrideatur
671 1491 837 1553 atque
864 1481 1106 1537 ludibrio
1134 1476 1383 1536 vertatur
1430 1481 1721 1550 impiorum
1747 1478 1901 1532 furor

319 1575 586 1646 patientia
607 1575 844 1645 piorum,
872 1583 927 1627 et
959 1588 1128 1643 parva
1169 1572 1357 1626 omnia
1389 1570 1508 1624 dira
1529 1612 1545 1636 ,
1574 1579 1630 1625 et
1659 1571 1899 1623 maxima

318 1667 492 1732 dices,
540 1658 618 1721 ad
667 1666 942 1721 excelsam
997 1678 1365 1734 magnamque
1414 1662 1609 1716 animae
1655 1668 1895 1732 paratam

312 1757 634 1814 elationem.

394 1866 525 1922 Hac
561 1867 737 1921 oratio
789 1865 1077 1936 Porphyrii
1126 1863 1440 1919 mendaciis.
1490 1862 1598 1918 Iste
1644 1862 1897 1934 Porphy~

323 1961 447 2015 rius
471 1960 739 2014 adversus
775 1959 933 2013 (idem
973 1966 1219 2013 nostram
1268 1958 1527 2026 scripsit,
1560 1967 1613 2011 et
1647 1956 1716 2012 de
1748 1955 1899 2010 (ἕνω-

314 2068 513 2110 corum
546 2052 920 2121 dogmatibus,
978 2059 1241 2119 tanquam
1292 2050 1496 2105 divinis
1532 2056 1587 2104 et.
1619 2049 1900 2103 admiran-

314 2144 430 2209 dis,
460 2144 622 2197 verba
654 2143 889 2206 faciens,
929 2142 1133 2195 multas
1183 2155 1360 2208 nugas
1415 2149 1580 2209 atque
1618 2140 1897 2209 excogita-

316 2240 504 2291 tiones
541 2234 809 2300 condidit;
841 2243 1104 2302 tanquam
1132 2233 1249 2302 ipse
1280 2238 1430 2286 esset
1473 2231 1567 2300 qui
1613 2231 1814 2284 caelum
1840 2239 1897 2284 et

318 2338 532 2383 terram
575 2336 821 2381 creasset
862 2336 1026 2395 atque
1074 2324 1484 2390 constituisset;
1539 2337 1639 2378 nec
1668 2331 1909 2377 tantum-

320 2420 485 2475 modo
515 2421 582 2474 de
618 2419 787 2474 rebus
812 2419 866 2473 in
893 2434 1114 2481 sensus,
1149 2418 1244 2472 sed
1280 2418 1446 2471 etiam
1478 2418 1537 2472 in
1585 2416 1903 2485 intelligen-

322 2514 451 2568 tiam
483 2513 813 2567 cadentibus
848 2512 1020 2565 multa
1053 2511 1356 2565 insolenter
1395 2509 1712 2563 blateravit.

388 2650 497 2702 Aut
532 2649 694 2702 etiam
722 2663 836 2716 prie
874 2646 1231 2716 Misopogone.
1270 2646 1405 2700 Cum
1440 2644 1693 2700 Julianus
1717 2644 1905 2699 Antio-

321 2740 504 2797 chiam
554 2741 819 2805 venisset,
879 2740 1144 2796 adversus
1209 2738 1408 2795 Persas
1469 2756 1592 2793 cum
1659 2740 1903 2794 exercitu

322 2838 631 2909 profectus,
670 2837 1072 2892 Antiochenses
1098 2851 1223 2890 cum
1258 2835 1365 2888 alia
1398 2835 1593 2905 ipsius,
1633 2841 1748 2887 tum
1772 2834 1893 2888 bar-

320 2932 446 2985 bam
478 2930 647 2985 etiam
681 2929 896 2984 cavillis
947 2929 1323 2993 incesserunt,
1366 2935 1427 2980 ut
1472 2927 1590 2997 ipse
1636 2926 1902 2996 Opinaba-

2000 477 2386 547 νιευσαμένων,
2402 470 2476 530 ὧν
2500 479 2529 529 ὁ
2558 477 2654 546 μὲν
2678 477 2776 546 τὴν
2801 477 3012 549 μητέρα
3034 478 3142 531 τῶν
3154 478 3262 531 σῶν
3284 478 3424 534 θεῶν
3451 484 3583 534 καθ-

2001 567 2231 637 υϐρίσας
2291 585 2407 631 παυς
2437 568 2532 620 καὶ
2555 567 2644 621 τὸν
2670 567 2849 637 βωμὸν
2890 567 3229 640 διασπείρας,
3274 589 3294 623 ι
3336 571 3433 623 καὶ
3463 571 3578 625 δια-

2003 659 2324 731 σκορπίσας,
2369 656 2709 729 προσεκλήθη
2756 656 2884 729 [ωε.
2929 659 3034 713 575
3075 660 3256 713 διασκ.
3287 660 3580 731 προσεκλ.]

2004 752 2104 823 μὲν
2148 752 2220 815 ὡς
2254 750 2579 822 κατάκριτος
2603 749 2730 821 [ms.
2763 749 2888 813 573,
2915 750 2991 813 ὼς
3019 748 3248 822 κριτός],
3282 749 3504 819 εἰσῆλθε
3526 750 3583 803 δὲ

2002 846 2139 917 πρὸς
2159 844 2256 916 τὴν
2277 844 2544 915 ἐρώτησιν
2592 845 2685 897 καὶ
2706 844 2950 909 ἐξέτασιν
2970 844 3281 914 νικηφόρος,
3310 842 3506 913 ἐξῆλθε
3527 842 3584 895 δὲ

2002 937 2245 1001 πλείονος
2262 937 2362 1007 τῆς
2392 935 2703 1009 παρρησίας
2723 953 2737 967 ·
2762 938 2797 1005 ἡ
2822 938 2984 1006 πεῖρα
3014 935 3122 1007 γὰρ
3154 936 3584 1007 εὐθαρσέστερον

2001 1027 2291 1097 ἐργάζεται
2319 1026 2409 1079 τὸν
2433 1028 2532 1096 οὐχ
2559 1025 2882 1097 ἡττημένον.
2928 1044 2947 1076 ι
2989 1026 3048 1077 '0
3085 1026 3143 1078 δὲ
3179 1027 3291 1079 πᾶν
3331 1023 3392 1077 τὸ
3421 1025 3586 1097 σῶμα

2000 1117 2279 1188 δορκαλίσι
2307 1116 2680 1182 καταξανθεὶς,
2725 1134 2743 1167 ι
2774 1116 3286 1188 τουτέστιδορκάδος
3309 1116 3524 1187 νεύροις
3547 1115 3582 1187 ἢ

2001 1208 2194 1280 λώροις
2209 1208 2344 1279 (78).
2360 1208 2590 1271 Τούτους
2613 1208 2668 1261 δέ
2686 1225 2850 1276 φασιν
2876 1204 3015 1261 εἶναι
3029 1209 3119 1261 τόν
3134 1226 3196 1261 τε
3236 1208 3585 1278 ’Δρεθούσισν

2001 1300 2247 1369 Μάκρον,
2265 1298 2464 1352 καὶτὸν
2490 1300 2795 1370 μακαρίτην
2814 1298 3069 1352 Εὐσέϐιον
3085 1299 3416 1369 Σαμοσάτων
3437 1300 3582 1370 (79).

2002 1390 2112 1443 Καὶ
2142 1389 2211 1442 τὰ
2259 1388 2425 1443 λοιπὰ
2455 1387 2581 1453 ἀξια
2629 1388 2998 1458 σημειῶσεως,
3030 1390 3177 1452 ὅπως
3209 1388 3436 1458 mam
3485 1392 3586 1445 καὶ

2002 1479 2394 1544 καταπαίζεται
2429 1478 2593 1551 μανία
2619 1478 2832 1532 ἀσεϐῶν
2875 1480 3141 1550 καρτερίᾳ
3166 1479 3273 1533 τῶν
3313 1481 3582 1543 εὐσεϐῶν,

2002 1574 2095 1627 καὶ
2121 1572 2292 1644 μικρὰ
2316 1573 2492 1626 πάντα
2517 1571 2586 1625 τὰ
2603 1571 2771 1634 δεινὰ,
2800 1572 2894 1625 καὶ
2908 1573 2978 1626 τὰ
3002 1573 3230 1643 μέγιστα
3247 1573 3419 1636 εἴποις
3436 1574 3581 1645 (80),

1930 1722 1973 1775 Β
2002 1667 2136 1739 πρὸς
2162 1667 2364 1740 ὑψηλὸν
2394 1667 2489 1721 καὶ
2515 1668 2657 1738 μέγα
2682 1668 2742 1720 τὸ
2764 1668 2865 1738 τῆς
2889 1667 3064 1739 ψυχῆς
3093 1668 3426 1739 κεκτημένον
3455 1669 3587 1722 ἀνά-

2003 1777 2201 1832 στημα-

2069 1875 2186 1928 Uol.
2222 1874 2325 1927 717
2351 1873 2391 1926 Β
2422 1874 2473 1928 1.
2508 1875 2632 1928 Τῶν
2661 1874 3001 1942 Πορφυρίου
3040 1875 3426 1945 ψευσμάτων.
3473 1869 3588 1929 Οὗ-

2000 1981 2091 2025 τος
2127 1966 2155 2018 ὁ
2206 1964 2513 2036 Πορφύριος
2560 1963 2700 2017 κατὰ
2742 1965 2839 2035 τῆς
2876 1964 3110 2029 πίστεως
3141 1964 3299 2036 ἡμῶν
3344 1965 3583 2037 ἔγραφε,

2000 2055 2094 2109 καὶ
2150 2057 2278 2127 περὶ
2346 2056 2629 2127 δογμάτων
2700 2056 3025 2127 Ἑλληνικῶν
3080 2057 3157 2121 ῶς
3216 2059 3345 2129 περὶ
3416 2058 3587 2112 θείων

2001 2146 2208 2214 διεξιὼν
2256 2146 2447 2219 [CoisL
2492 2147 2724 2219 δεξιῶνῙ,
2780 2148 3033 2214 συνέταξε
3085 2150 3282 2221 λήρους
3326 2150 3423 2203 καὶ
3468 2152 3586 2219 φάο

2004 2256 2205 2309 σματα,
2240 2240 2316 2302 ὡς
2348 2240 2510 2302 αὐτὸς
2541 2240 2635 2293 καὶ
2667 2240 2858 2303 κτίσας
2887 2242 2980 2294 καὶ
3009 2241 3176 2307 τάξας
3220 2243 3449 2312 οὐρανὸν
3482 2244 3590 2295 καὶ

2001 2330 2124 2400 γῆν,
2162 2329 2252 2382 καὶ
2283 2329 2350 2382 τὰ
2383 2332 2440 2382 ὲν
2485 2330 2735 2401 αἰσθήσει
2785 2331 2982 2395 πάντα,
3025 2333 3087 2384 οὐ
3142 2332 3300 2403 μόνον
3331 2331 3410 2395 δὲ,
3440 2332 3587 2385 ἀλλὰ

2002 2423 2098 2473 καὶ
2150 2419 2278 2490 περὶ
2322 2422 2527 2489 νοητῶν
2575 2421 3099 2492 καταφρυαξάμενος
3163 2421 3352 2496 [CoisL
3410 2441 3588 2477 κατα-

2002 2511 2479 2583 θρασσυνόμενος].

2073 2648 2209 2705 Ibid.
2254 2651 2307 2705 5.
2362 2652 2438 2705 ’Ἠ
2488 2648 2594 2703 τοῦ
2636 2649 3096 2720 Μισοπώγωνος.
3138 2651 3333 2704 Ἦνίκα
3374 2650 3485 2723 γὰρ
3519 2655 3586 2705 ὲν

2016 2742 2312 2812 Ἀντιοχείᾳ
2333 2740 2554 2809 γέγονεν
2587 2741 2869 2805 Ἰουλιανὸς
2898 2742 2988 2794 ἐπὶ
3009 2742 3223 2813 Πέρσας
3246 2743 3587 2815 στρατεύων,

2004 2831 2339 2900 ἀπέσκωψαν
2363 2834 2445 2893 είς
2472 2831 2632 2884 αὐτὸν
2672 2833 2959 2902 Ἀντιοχεῖς
2986 2833 3057 2885 τά
3083 2850 3143 2885 τε
3173 2832 3364 2904 [CoisL
3408 2836 3478 2889 τά
3505 2834 3585 2907 τ’]

2005 2923 2139 2977 ἄλλα
2168 2923 2261 2976 καὶ
2285 2922 2375 2974 τὸν
2403 2922 2661 2990 πώγωνα,
2694 2924 2769 2987 ὡς
2797 2924 2958 2986 αὐτὸς
2982 2922 3137 2993 ῷετο,
3166 2925 3256 2977 τὸν
3283 2925 3450 2995 βαθὺν
3483 2927 3589 2979 καὶ

320 3034 433 3089 tur,
467 3021 795 3093 profundam
822 3027 877 3076 et
920 3020 1214 3084 hirsutam,
1269 3027 1321 3072 et
1363 3018 1786 3082 sacerdotalem,
1833 3017 1897 3071 ob

2009 3014 2414 3084 κατεσκληκότα
2444 3014 2537 3067 καὶ
2574 3015 2845 3085 ἱερατικὸν
2882 3014 3071 3085 [CoisL
3120 3016 3446 3088 ίερατικὴν],
3495 3019 3586 3084 ἐφ’

320 3134 487 3189 quam
519 3129 701 3173 tamen
728 3117 845 3187 ipse
884 3129 1214 3185 magnopere
1235 3113 1340 3166 sibi
1371 3113 1644 3182 placebat.
1684 3111 1762 3165 Illi
1799 3126 1898 3164 au-

318 3218 428 3267 tem
460 3209 679 3279 oblique
708 3222 831 3263 eum
868 3214 929 3260 ut
961 3203 1902 3275 Apostatamirridebaut,barbam-

320 3315 427 3369 que
455 3298 728 3353 conviciis
756 3297 1132 3351 incessebant.
1170 3296 1453 3350 Adversus
1486 3311 1629 3365 quos
1660 3294 1902 3365 Misopo-

323 3407 520 3462 gonem
551 3391 702 3444 illum
737 3389 965 3458 scripsit
990 3394 1045 3442 et
1102 3387 1528 3452 Antiochicum;
1568 3403 1806 3457 namque
1847 3395 1901 3443 et

322 3482 479 3536 illum
512 3482 695 3535 libello
724 3480 946 3534 titulum
983 3479 1291 3549 inscripsit.
1324 3478 1593 3534 Fucatum
1637 3479 1743 3549 ipsi
1767 3494 1895 3533 ora-

320 3574 493 3629 tionis
525 3573 888 3643 propositum.
921 3570 1179 3627 Laudans
1213 3573 1361 3627 enim
1392 3572 1687 3641 vituperat,
1724 3580 1777 3624 et
1808 3587 1901 3641 pa-

322 3679 444 3717 rum
472 3678 671 3717 curare
716 3661 1022 3727 simulans,
1073 3669 1136 3714 ut
1187 3661 1554 3731 philosophus
1602 3660 1897 3723 videlicet,

320 3755 547 3809 omnino
581 3755 661 3807 ira
700 3753 971 3819 vincitur,
1017 3752 1393 3807 Vehementius
1441 3751 1726 3815 invehens,
1776 3768 1900 3805 eos-

319 3857 427 3912 quc
459 3841 553 3912 qui
588 3841 766 3911 ipsum
807 3842 1118 3906 irriserant,
1147 3842 1397 3896 oratione
1427 3828 1684 3912 tanquam
1714 3857 1897 3895 morsu

321 3934 651 4003 corripiens.
686 3933 864 3988 Nudat
905 3936 1053 3989 enim
1103 3934 1355 3987 oratione
1385 3949 1509 4002 quae
1558 3934 1745 3986 animo
1786 3934 1902 3987 vol-

321 4026 501 4092 vehat,
541 4035 596 4079 et
634 4026 1003 4079 contumelias
1034 4026 1263 4095 profert,
1300 4040 1466 4096 atque
1513 4027 1570 4079 in
1615 4025 1898 4079 Christum

325 4116 480 4173 (idem
509 4119 723 4189 probris
755 4118 951 4186 afﬁcit;
981 4134 1161 4189 neque
1197 4122 1487 4189 quisquam
1523 4119 1672 4175 aliud
1708 4122 1764 4173 in
1798 4119 1901 4174 hac

321 4198 573 4263 oratione
613 4208 962 4264 manifestius
994 4223 1059 4263 ac
1092 4209 1430 4265 luculentius
1460 4209 1901 4265 animadvertere

322 4303 546 4372 poterit.
578 4299 748 4354 Multa
778 4302 925 4355 enim
986 4301 1211 4371 probra,
1258 4311 1520 4371 tanquam
1562 4300 1900 4356 Antiochen-

2004 3103 2084 3170 οἷς
2109 3106 2269 3169 αὐτὸς
2297 3106 2389 3160 καὶ
2413 3104 2604 3179 [CoisL
2641 3107 2724 3174 ἐφ’
2754 3100 2833 3169 οἷς
2854 3105 2971 3177 καὶ]
3003 3108 3142 3177 μέγα
3171 3109 3387 3179 ἐφρόνει
3408 3125 3421 3138 ·
3448 3112 3497 3161 οἱ
3525 3110 3588 3163 δὲ

2005 3198 2246 3267 πλαγίως
2271 3197 2365 3251 καὶ
2394 3198 2469 3262 ὡς
2491 3196 2819 3267 ¹ἀποστάτην
2862 3196 3047 3268 [CoisL
3082 3198 3174 3250 xui.
3218 3197 3587 3271 ἀποστασίαν]

2002 3290 2427 3354 ὲπιτωθάζοντες
2474 3291 2566 3343 καὶ
2619 3290 2709 3345 τὸν
2766 3289 3004 3357 πώγωνα
3046 3290 3382 3361 ἐλοιδόρουν·
3441 3291 3587 3361 πρὸς

2000 3382 2095 3446 οὓς
2124 3383 2217 3435 τὸν
2250 3380 2633 3451 Μισοπὼγωνα
2658 3380 2849 3435 τοῦτον
2876 3382 3110 3451 γράφει,
3165 3383 3283 3453 ἦτοι
3321 3383 3589 3453 Ἀντιοχιο

2001 3474 2099 3529 κόν
2121 3493 2135 3506 ο
2162 3476 2258 3528 καὶ
2308 3474 2466 3526 τοῦτο
2509 3474 2616 3544 γὰρ
2643 3476 3100 3545 προσεπιγράφει.
3149 3474 3584 3544 Ἐσχημάτισται

1998 3568 2054 3621 δὲ
2090 3568 2236 3637 αὐτῷ
2264 3567 2332 3621 τὰ
2359 3567 2458 3637 τῆς
2488 3565 2795 3629 ὑποθέσεως
2816 3584 2828 3596 ·
2870 3566 3105 3620 ἐπαινῶν
3130 3566 3239 3637 γὰρ
3274 3568 3453 3636 ψέγει,
3484 3567 3588 3620 καὶ

1998 3659 2170 3714 δοκῶν
2198 3660 2587 3728 ἀφροντιστεῖν,
2619 3658 2695 3720 ὼς
2714 3656 2872 3728 δῆθεν
2894 3656 3219 3725 φιλοσοφῶν,
3255 3659 3399 3712 πάνυ
3420 3663 3584 3713 νικᾶν

2000 3769 2088 3805 ται
2109 3754 2175 3821 τῇ
2199 3753 2359 3822 ὀργῇ,
2381 3751 2732 3822 σφοδρότερον
2751 3748 2980 3815 ἐπεξιὼν
2997 3751 3090 3803 καὶ
3102 3750 3311 3803 δάκνων
3335 3750 3584 3823 τῷλόγῳ

1998 3845 2123 3908 τοὺς
2156 3842 2509 3912 σκώψαντας·
2534 3843 2840 3912 ἀπογυμνοῖ
2857 3841 2967 3913 γὰρ
2998 3845 3055 3894 ὲν
3070 3843 3147 3914 τῷ
3169 3842 3311 3912 λόγῳ
3333 3846 3401 3897 τὰ
3420 3846 3480 3897 ἐν
3498 3846 3585 3918 τῷ

2000 3934 2096 4006 νῷ,
2114 3935 2319 3997 καὶτὰς
2338 3935 2523 4006 ὕϐρεις
2554 3936 2818 4005 προφέρει
2848 3934 2981 4004 (8|),
3004 3935 3101 3988 καὶ
3120 3936 3217 4006 τὴν
3236 3939 3315 3999 εἰς
3343 3939 3583 4007 Χριστὸν

2003 4026 2390 4098 προσονειδίζει
2419 4028 2601 4079 πίστιν
2635 4025 2921 4097 [Μὶεορορ.
2955 4043 3010 4096 p.
3039 4027 3142 4082 557
3176 4026 3239 4099 (ἶ]
3263 4046 3275 4058 ·
3319 4029 3356 4082 ἆ
3377 4047 3460 4093 τις
3482 4032 3584 4083 καὶ

2000 4120 2059 4171 ὲν
2097 4117 2244 4187 αὐτῷ
2281 4116 2359 4187 τῷ
2392 4116 2535 4186 λόγῳ
2576 4118 2780 4170 κατίδοι
2813 4119 3142 4188 σαφέστερόν
3173 4136 3233 4171 τε
3278 4120 3373 4172 καὶ
3406 4120 3581 4184 διεξο-

1999 4208 2324 4279 δικώτερον·
2363 4200 2531 4260 πολλὰ
2580 4206 2688 4276 γὰρ
2742 4208 3034 4277 στίγματα,
3083 4208 3158 4271 ὡς
3191 4210 3459 4280 προσόντα
3508 4214 3581 4283 τῇ

2003 4298 2157 4370 (Cod.
2197 4314 2252 4369 ι).
2288 4297 2415 4368 279)
2486 4298 2803 4367 Ἀντιοχέων
2853 4299 3025 4361 πόλει,
3075 4300 3344 4365 ὲνέστιξεν
3375 4302 3579 4371 ἐαυτῷ,

323 4395 467 4445 sium
501 4391 711 4446 civitati
747 4405 1014 4461 congrua,
1048 4390 1104 4445 in
1139 4392 1318 4461 ipsum
1359 4393 1610 4463 conjicit,
1667 4392 1897 4447 Libaniu

2009 4391 2254 4446 Λιϐανίου
2304 4390 2788 4460 συμπεπονηκότος
2833 4393 2899 4461 τῇ
2945 4395 3266 4463 συγγραφῇο
3315 4394 3373 4446 ὲν
3404 4386 3449 4460 ᾧ
3484 4394 3583 4447 καὶ

322 4480 454 4537 huic
481 4482 632 4552 Operi
674 4483 1083 4538 conscribendo
1127 4474 1530 4540 collaborante.
1584 4486 1642 4538 ln
1687 4500 1797 4555 quo
1842 4493 1896 4539 et

393 4679 905 4754 (7‘8)rScho_liastrs‘
929 4678 1245 4754 Montarutii
1283 4680 1394 4754 ait:
1439 4681 1761 4754 Δορκαλίδες
1794 4685 1893 4754 δρ-

319 4752 463 4822 γανά
488 4748 594 4822 εἰσι
620 4749 934 4822 κολαστικά,
963 4758 1025 4822 et
1038 4748 1175 4822 forte
1203 4749 1408 4819 ﬂagella
1438 4748 1891 4822 ex'pellegdorca-

320 4818 408 4878 dis
449 4820 718 4875 confecta.
774 4818 947 4887 Supra
994 4818 1229 4874 Basiiius
1264 4818 1451 4872 vocem
1510 4818 1726 4889 μάστιξι
1759 4839 1893 4877 voce

317 4890 598 4963 δορκαλίσι
626 4891 882 4963 exponit;
904 4897 1109 4963 atAvero
1134 4890 1315 4963 simile
1336 4890 1549 4963 videtur
1568 4906 1635 4944 ex
1661 4906 1891 4963 enarra-

320 4958 487 5017 tionis
535 4961 926 5013 consecutione
965 4958 1477 5028 Bapxaliﬁagetiam
1520 4976 1731 5028 ungues
1784 4960 1895 5015 fer-

323 4978 487 5017 ttonts
535 4978 926 5013 consecutione
965 4978 1025 5012 οο
1063 4978 1274 5021 acutos;
1316 4978 1477 5011 etiam
1520 4978 1731 5028 ungues
1784 4978 1891 5015 Ier-

323 5047 447 5088 reos
480 5029 671 5088 fuisse,
696 5037 755 5081 ut
779 5029 988 5098 putavit
1011 4978 1257 5083 lfudmus.
1283 5026 1365 5082 Cf.
1397 5028 1725 5082 Tltesaurum
1749 5028 1891 5086 Grat-

321 5118 442 5155 cum
493 5099 780 5170 Stephani.
845 5100 909 5152 'H
963 5099 1161 5170 δορκὰς
1215 5106 1299 5170 est
1343 5101 1425 5153 vel
1467 5100 1774 5169 capreolus,
1809 5103 1894 5155 vel

320 5173 515 5235 dama,
578 5168 663 5224 vel
724 5170 875 5240 σάκει
938 5168 1084 5240 apud
1155 5169 1365 5223 Arabes
1405 5170 1563 5240 (Vide
1616 5171 1792 5240 Coray
1839 5172 1895 5224 in

324 5241 605 5309 Theophr.,
637 5256 691 5310 p.
727 5238 862 5307 192;
892 5238 1094 5310 Canius
1138 5240 1193 5292 in
1227 5240 1498 5310 Aristot.).
1535 5238 1710 5303 Philo,
1745 5238 1895 5295 Car—

320 5308 604 5381 patltensis
629 5308 938 5380 episcopus,
970 5311 1024 5363 in
1048 5308 1402 5381 Enarratione
1425 5309 1635 5381 cantici
1674 5312 1889 5381 cantio,

321 5380 397 5450 (ρ.
434 5381 524 5449 62)
556 5382 806 5436 dorcadis
841 5381 1045 5434 nomini
1068 5380 1257 5434 Graeco
1279 5380 1659 5450 etymologiam
1692 5380 1771 5435 sic
1804 5396 1896 5435 as.

319 5454 501 5520 signat
536 5470 550 5505 :
588 5453 795 5520 Δορκὰς
826 5450 1113 5520 ὀξυδερκές
1139 5452 1275 5520 κὲστι
1307 5450 1471 5520 ζῶον·
1515 5449 1594 5520 δι’)
1635 5451 1727 5502 καὶ
1763 5467 1893 5520 φερ-

318 5519 550 5588 ωνύμως
590 5518 849 5588 κέκληται
878 5518 1092 5601 δορκάς.
1131 5519 1195 5572 Et
1229 5521 1356 5572 alibi
1388 5518 1467 5641 ἕρ.
1503 5518 1892 5589 ἓΙΟ);Δορκᾶς

319 5587 609 5641 ὀξυδερκὲς
634 5590 728 5641 καὶ
754 5590 865 5641 ὀξεῖ
889 5606 965 5641 τω
998 5590 1181 5641 δοόιιω
1213 5590 1274 5641 τὸ
1310 5588 1385 5641 ζῶ
1419 5607 1445 5641 ν
1491 5591 1657 5641 ἐστιν.
1717 5588 1892 5641 Reno-

319 5587 609 5660 ὀξυδερκὲς
634 5590 728 5642 καὶ
750 5587 865 5660 ὀξεῖ
889 5587 965 5658 τῷ
998 5590 1190 5660 δρόμῳ
1213 5590 1283 5660 τὸ,
1310 5587 1445 5652 ζῶόν
1491 5591 1686 5660 genva
1717 5587 1894 5656 Repo-

325 5658 562 5728 tlendum
591 5668 719 5728 puto
752 5658 843 5723 ὀξύ
885 5673 984 5727 pro
1005 5659 1135 5722 ὀξεῖ.
1156 5658 1378 5713 Ρεειιυε
1399 5660 1454 5712 in
1486 5658 1817 5727 Paraphrasi
1838 5660 1892 5713 in

326 5724 604 5782 Canticum
622 5729 695 5802 (ρ.
720 5744 781 5799 ιι,
811 5745 865 5786 ιι.
885 5724 947 5799 ’9)
981 5728 1048 5783 ad
1070 5730 1209 5784 hanc
1237 5728 1615 5798 etymologiam
1633 5724 1895 5784 animum

2008 4484 2217 4553 μεγάλα
2234 4482 2428 4543 lCoisl.
2450 4480 2614 4552 μέγαῖ
2642 4483 3026 4537 ὲπεκόαπασεν
3055 4484 3338 4548 Ἰουλιανὸς
3364 4502 3586 4555 προστι-

2004 4684 2235 4735 intendit
2273 4697 2394 4735 cum
2431 4682 2538 4736 ait:

2015 4754 2087 4806 Ἠ
2124 4752 2192 4805 δὲ
2233 4750 2455 4820 δορκάς
2495 4768 2595 4806 σοι
2638 4751 2930 4821 τροπικῶς
2982 4751 3089 4805 τὸν
3132 4751 3447 4893 βλέὗαονξτα
3468 4769 3583 4821 ση.

3376 4840 3465 4876 νει
3490 4840 3505 4854 ο

3376 4840 3465 4876 νει
3490 4840 3505 4854 ο

2006 4892 2167 4947 οὕτω
2184 4891 2303 4960 ,γὰρ
2317 4890 2578 4955 βλέπειν
2600 4892 2871 4960 πέφυκεν
2882 4890 3163 4960 ἁπάντων
3188 4890 3295 4956 τᾶς
3309 4892 3577 4958 καρδίας.

2002 4960 2107 5033 I_’ro
2138 4956 2281 5033 οὕτω
2324 4956 2692 5033 scribendum
2714 4960 2858 5014 forte
2895 4956 3057 5033 οὗτος
3076 4978 3100 5033 3
3133 4969 3189 5033 et
3236 4965 3319 5016 sic
3362 4956 3578 5033 legebat

2004 5030 2382 5102 Zino,gqui_i_n
2429 5046 2527 5102 sua
2570 5032 3016 5100 interpretatione
3071 5031 3265 5086 Latina
3288 5030 3437 5102 τιιυιι⁷
3466 5049 3580 5102 ipse

2001 5099 2244 5169 scripsit.
2299 5099 2731 5171 Etymologicum’
2781 5116 3054 5171 magnum,
3115 5102 3337 5157 nonnisi
3399 5099 3579 5171 forma

2002 5185 2281 5237 magnum.
2313 5170 2561 5240 eamdem
2589 5170 2970 5240 etymologiam
3004 5172 3272 5240 agnoscit.

2072 5240 2184 5308 (79)
2228 5241 2294 5293 Et
2330 5256 2394 5293 ea
2432 5239 2536 5293 fuit
2587 5238 2855 5295 sententia
2903 5238 3059 5293 Elia!
3083 5239 3382 5297 Cretensis.
3439 5240 3580 5296 Vide

1999 5310 2323 5365 Clemenceti
2351 5318 2557 5363 notam.

2071 5377 2183 5450 (80)
2224 5376 2446 5450 Fositan
2473 5380 2633 5450 εἴπῃς
2655 5379 2971 5441 scripserat.
3001 5378 3179 5448 Supra
3194 5380 3366 5437 Cois].
3398 5381 3580 5435 πάντα

1996 5450 2105 5503 τῶν
2145 5448 2355 5510 δεινῶν,
2387 5449 2531 5517 quod
2575 5448 2714 5503 forte
2747 5456 2989 5517 praestat.

2070 5518 2178 5585 (8!)
2220 5517 2442 5582 Gallice,
2489 5519 2559 5572 ad
2600 5519 2824 5588 verbum
2860 5538 2873 5573 :
2909 5520 2952 5572 il
2980 5519 3187 5588 profére
3218 5519 3309 5572 des
3349 5520 3576 5588 injures.

1995 5588 2614 5655 PetrusAlexandrinus
2642 5589 2784 5656 apud
2802 5587 3205 5643 Theodoretum
3232 5587 3577 5649 (ΗίειζΕεεί.

1996 5674 2070 5733 ιν,
2104 5659 2194 5720 22,
2218 5675 2280 5733 Ap.
2318 5657 2434 5733 i78_
2455 5658 2521 5733 ᾼ)
2546 5673 2561 5710 :
2596 5659 2752 5711 Κατὰ
2776 5657 2883 5733 τῶν
2909 5658 3003 5733 του
3028 5660 3264 5733 Χριστοῦ
3290 5659 3581 5733 παρθένων

1999 5727 2180 5800 ὕϐρεις,
2213 5728 2280 5790 ἃς
2318 5730 2349 5797 ἡ
2384 5728 2596 5797 γλῶττα
2627 5729 2919 5798 προφέρειν
2950 5729 3050 5783 οὐκ
3082 5727 3351 5801 ἀνέχεται.
