3856 6220
205 297 349 355 {£61

1281 296 1576 354 SCIIOLIA
1613 297 1676 352 IN
1716 296 1924 352 OBAT.
1967 297 2054 352 DE
2088 293 2390 352 HERONE.

3349 307 3488 366 {169

206 431 385 478 σκων,
415 410 654 484 ἐλέγχων
677 411 908 476 ίδιιῖιτας,
941 411 1230 484 ἄρχοντας,
1266 412 1372 482 ἰδίᾳ
1400 413 1495 466 ml.
1526 410 1761 483 δημοσίᾳ

1902 409 2228 475 admonens,
2266 410 2474 465 docens
2497 409 2657 476 atque
2684 411 2986 470 confutans
3017 414 3087 470 ab
3119 416 3286 487 impio
3316 426 3486 491 magi-

203 507 306 563 καὶ
337 507 404 576 δὴ
451 503 853 576 συναρπασθεὶς
900 503 1005 556 ὑπὸ
1036 504 1136 575 τῆς
1185 502 1479 566 δυσσεὸοὖς
1525 503 1795 568 ἐξουσίας,

202 598 452 667 ξαίνεται
481 598 623 652 κατά
642 595 811 650 νώτου
847 595 1069 659 πολλὰς,
1103 595 1199 649 καὶ
1233 593 1500 668 ὑπερορίᾳ
1526 595 1794 669 κατακρί-

201 706 383 743 νεται.
413 687 558 759 Πρὸς
577 685 767 740 τοῦτον
787 681 880 740 οὖν
899 684 1283 757 ἐκπεφώνηται
1313 688 1342 739 ὀ
1368 684 1527 754 λόγος
1553 685 1795 756 παρόντα

201 783 302 835 καὶ
335 780 445 835 τῶν
472 780 710 833 ἐπαίνων
733 777 841 833 τῶν
872 775 1068 831 ἐαυτοῦ
1108 777 1390 832 ἐπαΐοντα.

275 871 400 927 Col.
471 871 608 926 1197
644 871 686 924 Α
721 869 777 924 9...
831 871 945 924 Τὸν
997 871 1340 940 φιλόσοφον
1380 867 1790 937 ἐπαινέσομαι.

199 968 316 1022 Καὶ
368 967 426 1020 ἐν
468 965 546 1038 τῷ
607 965 841 1036 σώματι,
869 964 1054 1036 φησὶν,
1091 962 1333 1026 ἀσθενῶς
1373 961 1674 1035 διάκειμαι,
1702 960 1793 1014 τὸν

199 1060 496 1130 φιλόσοφον
521 1060 669 1128 ὅμως
698 1055 1000 1110 ἐπαινέσωο
1028 1056 1159 1110 αὐτὸ
1185 1056 1294 1127 γάρ
1313 1055 1470 1108 τοῦτο
1491 1055 1552 1108 τὸ
1581 1054 1793 1125 φιλόσο-

197 1172 304 1225 φον
341 1155 603 1218 ἐπαινεῖν,
629 1150 916 1220 φιλόσοφόν
952 1151 1067 1202 ἐστι
1096 1148 1190 1202 καὶ
1223 1146 1516 1218 προσφιλὲς
1539 1146 1618 1218 τῷ
1649 1145 1788 1217 Θεῷ.

273 1243 415 1299 Ibid.
479 1241 809 1299 Ἐπαίνεονω
856 1239 934 1310 (4)
981 1237 1070 1292 δέ.
1131 1236 1463 1308 Κατασκευὴ
1513 1235 1672 1289 τοῦτο
1691 1235 1793 1305 τῆς

201 1333 525 1406 πρπάσεὼς
549 1334 697 1386 ἐστιν
724 1331 782 1398 ἐξ
814 1331 992 1394 αἰτίας
1010 1348 1023 1361 ·
1056 1328 1168 1399 ἐγὼ
1188 1329 1296 1401 γάρ
1321 1329 1532 1399 σοφίας,
1555 1329 1672 1399 ἦτοι
1693 1327 1790 1381 τοῦ

197 1425 366 1490 Θεοῦ,
396 1424 651 1498 Θεράπων
673 1423 790 1494 εἰμὶ
822 1422 915 1475 καὶ
947 1420 1151 1486 δοῦλος,
1178 1421 1463 1491 φιλόσοφος
1491 1421 1547 1473 δέ
1564 1421 1789 1485 ἐκεῖνος,

196 1516 454 1571 τουτέστι
490 1514 622 1568 Θεδν
639 1513 807 1582 φιλῶν
827 1529 840 1542 ·
883 1512 1122 1565 ἐπαινῶν
1143 1507 1237 1565 οὖν
1262 1510 1446 1577 αὑτὸν,
1471 1509 1601 1564 Θεὸν
1628 1509 1787 1579 φιλῶ,

197 1609 300 1664 καὶ
329 1605 628 1680 προσφιλές
647 1622 701 1658 τι
729 1603 850 1676 Θεῷ
877 1604 1205 1676 ἐργάζομαι,
1228 1603 1323 1657 καί
1357 1601 1648 1671 φιλοσοφῶ.

1901 511 2073 558 stratu
2103 504 2419 574 corripitur,
2449 500 2749 573 multisque
2781 507 3102 562 verberibus
3126 508 3291 564 dorso
3323 525 3484 568 acce-

1898 593 2027 663 ptis,
2063 594 2258 651 exsilio
2296 597 2578 650 multatur.
2624 596 2707 649 Ad
2750 596 2900 652 hunc
2943 598 3109 668 igitur
3166 600 3278 655 haec
3307 605 3486 658 oratio

1898 685 2084 741 habita
2112 693 2228 750 est,
2267 695 2617 757 praesentem,
2661 686 3026 758 propriasque
3071 690 3248 760 ipsius
3292 691 3485 747 laudes

1897 779 2226 835 audientem.
3113 781 3117 784 “

1968 869 2349 940 Philosophum
2389 871 2645 927 laudabo.
2681 871 2793 928 Etsi
2827 873 3044 927 inﬁrmo
3077 889 3196 929 sum
3225 889 3476 946 corpore,

1895 961 1994 1025 ait,
2023 961 2406 1032 philosophum
2453 970 2636 1018 tamen
2678 963 2930 1018 laudibus
2963 965 3100 1020 meis
3137 982 3473 1038 prosequar;

1895 1053 2330 1124 philosophicum
2353 1055 2497 1108 enim
2517 1062 2602 1110 est
2630 1063 2684 1108 et
2707 1055 2815 1109 Deo
2841 1064 3074 1127 gratum,
3095 1058 3477 1129 philosophum

1896 1143 2146 1200 laudare.

1963 1235 2218 1292 Laudabo
2272 1249 2468 1292 autem.
2505 1236 2858 1294 Conﬁrmatio
2920 1239 3034 1294 hac
3083 1243 3478 1312 propositionis

1892 1339 2033 1386 esta
2079 1345 2247 1386 causa
2296 1331 2606 1402 desumpta.
2675 1332 2788 1403 Ego
2831 1332 2979 1386 enim
3036 1331 3348 1404 Sapientiae,
3378 1334 3476 1391 Dei

1892 1422 2122 1487 scilicet,
2177 1422 2416 1479 famulus
2465 1437 2588 1478 sum
2619 1431 2674 1478 et
2707 1439 2926 1490 servus,
2955 1423 3315 1496 philosophus
3343 1442 3473 1482 vero

1891 1507 2002 1570 ille,
2031 1507 2086 1562 id
2103 1514 2185 1564 est
2197 1507 2366 1564 Deum
2388 1509 2641 1580 diligens.
2667 1509 2924 1566 Laudans
2947 1512 3113 1582 igitur
3133 1529 3279 1578 eum,
3304 1513 3476 1571 Deum

1889 1594 2092 1665 diligo,
2148 1598 2631 1671 gratissimumque
2684 1600 2794 1656 Deo
2849 1600 3013 1665 facio,
3063 1610 3119 1658 et
3169 1604 3474 1677 philosophi

1890 1701 2028 1756 opus
2064 1702 2353 1758 exsequor.

270 1783 411 1839 Ibid.
435 1783 489 1838 5.
528 1783 712 1837 Ὥστε
756 1798 857 1852 μοι
901 1779 1003 1834 καὶ
1034 1779 1186 1849 πρὸς
1223 1779 1410 1850 λόγον
1446 1782 1480 1834 ό
1516 1778 1775 1845 ἔπαινος.

1961 1779 2039 1830 Ac
2065 1780 2282 1846 proinde
2321 1796 2425 1834 non
2475 1782 2763 1853 incongrue
2800 1783 3087 1838 hoclaudis
3141 1802 3331 1842 munus
3355 1805 3473 1844 sus-

209 1879 362 1932 ’Δντὶ
388 1876 482 1932 τοῦ
534 1876 754 1946 εὔλογος
785 1877 880 1929 καὶ
912 1873 1056 1928 κατά
1084 1871 1241 1942 λόγον
1264 1872 1645 1944 γεγενημένος,
1678 1871 1784 1937 ἵνα,

193 1977 248 2029 εί
291 1973 369 2044 μή
387 1989 442 2026 τι
475 1969 623 2034 ἄλλο,
659 1971 715 2023 ἐν
738 1967 816 2040 τῷ
845 1967 1148 2040 θαυμάζειν
1172 1965 1264 2019 τὸν
1306 1964 1614 2035 φιλόσοφον,
1640 1965 1789 2034 φιλο-

197 2063 353 2134 σοφῶ
375 2079 392 2096 ο
420 2061 496 2126 ὡς
528 2060 638 2132 γὰρ
688 2061 718 2114 ὁ
758 2058 890 2130 ἐμὸς
921 2057 1079 2126 λόγος
1109 2056 1204 2110 κα)⁸
1231 2056 1260 2109 ὁ
1287 2054 1486 2118 σκοπὸς
1516 2054 1651 2126 ἔχει,
1691 2053 1786 2107 εὖ·

193 2157 357 2225 λογόν
388 2157 536 2208 ἐστιν
574 2152 959 2225 ἥφιλοσοφεῖν,
987 2149 1020 2220 ἢ
1065 2149 1230 2220 τιμᾷν
1265 2146 1603 2217 φιλοσοφίαν,
1637 2147 1786 2209 ὅπως

197 2245 277 2316 μὴ
301 2244 526 2312 ἀλογίαν
548 2241 691 2316 (cod.
715 2256 770 2312 p.
794 2240 917 2304 19.9,
951 2239 998 2310 ι)
1026 2236 1447 2309 κατακριθῶμεν
1466 2235 1614 2302 ὄντες
1641 2235 1785 2303 λογι-

193 2337 284 2391 κοί
310 2354 324 2367 ο
357 2337 454 2389 καὶ
481 2335 570 2389 διὰ
612 2332 707 2388 τοῦ
747 2331 990 2386 τοιούτου
1021 2329 1182 2400 λόγου
1229 2329 1329 2400 τῆς
1357 2327 1672 2398 φιλοσοφίας
1702 2328 1784 2392 είς

191 2429 287 2484 τὸν
306 2426 450 2483 θεῖον
459 2425 634 2496 Λόγον
660 2415 962 2494 σπεύδομεν
990 2419 1232 2476 ἀνελθεῖν
1259 2419 1358 2492 (5).

263 2604 408 2662 Ibid.
442 2605 480 2658 Β
504 2603 560 2658 2.
591 2600 773 2656 Τοῦτο
811 2598 923 2672 γὰρ
951 2601 1063 2654 οὐκ
1093 2597 1182 2652 ἔτι
1219 2595 1647 2666 περιφρονήσει
1686 2614 1783 2665 φι-

192 2698 479 2769 ⁸ιοσοςοίιι.
508 2695 680 2750 Τοῦτο
705 2712 718 2724 ο
753 2695 940 2759 ποῖον;
974 2691 1035 2746 τὸ
1060 2692 1209 2762 ἡμᾶς
1238 2689 1466 2759 ὠφελεῖν
1484 2700 1499 2715 ⁶
1518 2687 1629 2754 τίς;
1660 2689 1782 2760 ἥτις

193 2786 484 2858 φιλοσοφία
539 2784 700 2858 ἔργον
763 2782 876 2854 ἔχει
919 2783 1014 2836 καὶ
1045 2779 1365 2851 σπούδασμα
1384 2779 1444 2833 τὸ
1470 2778 1780 2832 καλοποιεῖν

191 2882 286 2937 τὸν
318 2879 586 2950 ἡμέτερον
618 2875 754 2948 βίον.

263 2972 384 3027 Col.
415 2969 556 3025 1200
580 2969 627 3022 A
660 2967 747 3022 13.
769 2965 881 3022 Καὶ
909 2965 984 3020 δι’
999 2963 1383 3035 εὐγλωττίας.
1419 2959 1591 3015 Τοῦτο
1617 2959 1776 3031 ἔργον

190 3067 291 3139 τῆς
312 3065 468 3120 νόθου
499 3063 712 3134 σοφίας,
732 3062 768 3133 ἢ
798 3063 855 3116 ἐν
881 3061 1026 3130 λόγῳ
1057 3059 1203 3131 μόνῳ
1222 3060 1400 3160 κεῖται
1423 3053 1776 3160 καῖεύγλωτ-
1804 3101 1848 3160 c

189 3159 306 3230 τίᾳ,
338 3153 815 3225 καταγοητεύουσα
843 3151 939 3206 καὶ
969 3149 1355 3221 κατακηλοῦσα
1385 3148 1480 3202 καὶ
1505 3145 1636 3199 ὡσεί
1660 3162 1778 3208 πως

193 3244 649 3318 φαρμακεύουσα,
680 3239 1030 3313 ὑπεράνωθεν
1055 3239 1112 3293 δὲ
1142 3239 1332 3291 τούτου
1367 3235 1671 3307 ἐπαρθῆναι
1703 3233 1777 3306 μὴ

190 3337 487 3408 δυναμένη,
513 3334 648 3390 ἀλλὰ
683 3333 816 3405 μηδὲ
843 3329 1165 3404 βουλομένη,
1201 3327 1354 3400 φησί.

263 3431 402 3485 Ibid.
438 3428 481 3482 Β
513 3429 564 3483 1.
613 3428 678 3481 '0
701 3423 1036 3495 περιδέξιος
1058 3421 1176 3490 τὴν
1189 3419 1429 3490 ἀρετήν.
1459 3421 1518 3475 '0
1543 3419 1777 3492 ἀμφιδέ-

194 3521 331 3586 ξιος,
362 3523 392 3574 ὁ
423 3517 760 3592 ἀμφοτέραις
787 3515 944 3587 χερσ)⁸
971 3511 1280 3585 χρήσασθαι
1299 3509 1545 3577 δυνατὸς,
1581 3510 1676 3564 καὶ
1708 3512 1777 3581 τῇ

195 3612 460 3684 ἀριστερᾷ
487 3609 676 3682 ὥσπερ
697 3610 764 3679 τῇ
778 3606 930 3678 δεξιᾷ
961 3606 1206 3676 ἐνεργεῖν
1233 3603 1333 3675 (6).

276 3702 366 3755 Ἐν
393 3702 690 3770 ἀλλοτρίῳ
715 3699 772 3752 δὲ
800 3697 1085 3767 σχήματι,
1119 3699 1186 3767 τῇ
1217 3693 1606 3766 λαμπροφορίᾳ
1619 3691 1771 3764 φησί.

192 3793 459 3866 ἡμέτερον
475 3793 584 3864 γὰρ
611 3792 674 3845 τὸ
709 3791 1138 3863 μελανειμονεῖν,
1161 3788 1255 3840 ml.
1280 3785 1422 3840 κατά
1445 3784 1542 3856 τὴν
1573 3783 1776 3852 ἐσθῆτα

193 3883 661 3952 ταπεινοφρονεῖν,
705 3880 801 3933 καὶ
857 3877 932 3949 μὴ
974 3877 1278 3948 περπερείᾳ
1309 3876 1387 3946 (7)
1431 3871 1772 3944 ἐπαίρεσθαι,

193 3975 288 4028 καὶ
333 3973 568 4046 ¹ἱματίων
621 3967 996 4040 καλλωπισμῷ
1041 3967 1217 4022 σοϐεῖν
1245 4007 1260 4031 ,
1299 3964 1435 4019 ἀλλά
1491 3964 1584 4018 καὶ
1633 3960 1776 4016 κατὰ

190 4066 362 4120 ταῦτα
407 4065 714 4134 φιλοσοφεῖν
747 4059 964 4130 ἀληθῶς
986 4077 1000 4090 ο
1027 4061 1056 4112 ὀ
1081 4059 1138 4113 δὲ
1171 4057 1328 4129 τύπῳ
1366 4055 1656 4126 ἐγκωμίων
1679 4053 1772 4107 εύ-

190 4157 361 4227 φήμῳ
384 4153 555 4217 οὕτως
581 4150 658 4222 τῷ
683 4146 960 4220 ἀγγελικῷ
988 4145 1376 4219 περιτεθεικὼς
1404 4141 1774 4213 ἀποσεμνύνει

188 4244 268 4316 τῷ
301 4245 560 4315 σχήματι-

261 4334 397 4389 Ibid.
440 4332 482 4387 Β
527 4333 614 4388 10.
658 4333 844 4402 Δεῦρό
898 4348 1033 4402 μοι,
1074 4329 1393 4399 φιλόσοφε.
1428 4325 1651 4388 Τούτοις
1693 4323 1771 4395 (8)

1889 1871 2025 1940 cipio
2053 1871 2190 1942 πρὸς
2229 1871 2408 1942 λόγον,
2441 1874 2497 1930 id
2530 1883 2616 1930 est
2669 1886 2792 1946 apte
2815 1884 2868 1931 et
2897 1876 3053 1946 juxta
3075 1879 3362 1943 rationem,
3393 1889 3474 1947 ut,

1889 1962 1937 2017 si
1975 1963 2114 2018 nihil
2143 1965 2313 2030 aliud,
2341 1965 2446 2021 hoc
2477 1966 2670 2022 saltem
2705 1967 2852 2037 quod
2881 1969 3262 2040 philosophum
3293 1971 3474 2028 admi-

1888 2068 2002 2119 ror,
2026 2055 2398 2127 philosopher.
2425 2056 2498 2112 Ut
2534 2057 2680 2112 enim
2733 2057 2864 2111 mihi
2888 2061 3159 2114 sententia
3189 2067 3245 2116 et
3270 2075 3472 2131 propo-

1887 2143 2053 2198 situm
2085 2159 2206 2199 sese
2229 2143 2415 2209 habet,
2441 2145 2740 2199 secundum
2771 2145 3040 2199 rationem
3070 2153 3156 2200 est
3185 2152 3278 2200 aut
3307 2145 3486 2215 philo-

1886 2233 2129 2305 sophari,
2155 2241 2249 2289 aut
2267 2236 2666 2308 philosophiam
2696 2237 2904 2292 honore
2927 2238 3204 2308 prosequi,
3235 2254 3308 2295 ne
3340 2240 3471 2296 insi-

1884 2323 2100 2394 pientia:
2123 2324 2467 2392 damnemur,
2495 2327 2848 2382 rationabiles
2879 2326 3008 2382 dum
3047 2343 3274 2393 sumus;
3298 2335 3353 2384 et
3377 2345 3471 2400 per

1887 2416 2035 2471 hunc
2082 2416 2441 2487 philosophia:
2495 2432 2806 2474 sermonem
2855 2418 2924 2473 ad
2953 2418 3200 2475 divinum
3228 2420 3468 2478 Verbum

1882 2509 2168 2577 pervenire
2201 2523 2582 2580 properamus.

1955 2599 2075 2654 Hoc
2105 2602 2370 2655 enimnon
2407 2601 2527 2671 jam
2583 2610 2873 2656 contemnet
2919 2603 3272 2675 philosophia.
3323 2603 3466 2670 Quid

1881 2691 2024 2746 hoc?
2064 2691 2474 2762 nobismetipsis
2516 2691 2796 2764 prodesse.
2837 2693 2970 2760 Quis
3018 2693 3301 2764 proderit?
3336 2693 3468 2749 Phi-

1880 2781 2147 2852 losophia,
2199 2783 2358 2853 cujus
2398 2784 2503 2839 hoc
2545 2800 2746 2841 munus
2784 2795 2838 2840 et
2879 2785 3120 2842 studium
3165 2797 3272 2852 est,
3310 2794 3372 2842 ut
3399 2787 3468 2844 de

1880 2872 1992 2927 vita
2019 2881 2210 2930 nostra
2233 2874 2492 2946 praeclare
2539 2887 2831 2931 mereatur.

1949 2963 2027 3018 Ac
2062 2980 2155 3034 per
2201 2964 2394 3036 lingua:
2446 2965 2772 3033 facundiam.
2822 2964 2936 3021 Hoc
2965 2981 3102 3038 opus
3149 2966 3466 3022 adulterina:

1881 3055 2181 3126 sapientiae,
2215 3071 2336 3127 quae
2367 3058 2422 3111 in
2458 3057 2626 3112 verbo
2670 3065 2884 3112 tantum
2931 3073 2996 3114 ac
3032 3059 3228 3131 linguae
3274 3057 3466 3115 facun—
3522 3116 3524 3118 ,

1880 3147 1970 3201 dia
2002 3146 2107 3202 sita
2137 3155 2242 3212 est,
2275 3149 2547 3220 praestigia
2577 3146 2901 3215 oﬂ'undens,
2948 3157 3004 3204 et
3058 3149 3362 3215 deliniens,
3407 3160 3466 3207 et

1877 3244 2142 3308 tanquam
2176 3253 2386 3294 veneno
2413 3239 2685 3308 inliciens,
2716 3255 2884 3312 supra
2906 3241 3021 3296 haec
3069 3248 3252 3299 autem
3275 3242 3460 3301 ell’erri

1877 3343 1981 3384 nec
2014 3335 2216 3400 potest,
2246 3345 2348 3385 nec
2378 3330 2550 3401 cupit,
2581 3339 2640 3385 ut
2668 3332 2764 3386 ait.

1955 3418 2164 3475 Virtute
2183 3418 2386 3477 dexter.
2431 3420 2510 3477 Ita
2563 3423 2747 3479 vocari
2794 3424 2972 3481 solent
3004 3441 3100 3496 qui
3131 3426 3463 3484 ambidextri

1879 3519 2037 3580 sunt,
2089 3511 2146 3567 id
2190 3518 2276 3568 est
2322 3521 2557 3584 utraque
2611 3529 2778 3570 manu
2825 3531 2890 3574 ac
2930 3518 3155 3575 sinistra
3197 3526 3462 3590 tanquam

1877 3600 2068 3655 dextra
2093 3601 2174 3656 uti
2202 3612 2453 3672 possunt.

1945 3695 2012 3747 In
2035 3694 2208 3748 alieno
2230 3694 2434 3751 habitu.
2449 3694 2651 3766 Nempe
2670 3697 2900 3754 vestitus
2921 3697 3181 3755 candore.
3199 3697 3462 3757 Nostrum

1877 3785 2022 3840 enim
2053 3793 2135 3841 est
2168 3787 2384 3857 nigrum
2411 3787 2798 3844 lvestimentum
2842 3797 3079 3859 gestare,
3120 3790 3463 3860 humilesque

1875 3884 2058 3932 vestes
2087 3875 2336 3943 induere,
2368 3885 2424 3932 et
2468 3878 2719 3933 vanitate
2757 3892 2821 3933 ac
2843 3881 3102 3950 superbia
3133 3896 3241 3935 non
3281 3881 3460 3938 inﬂari

1875 3983 1978 4024 nec
2005 3968 2345 4024 vestimentis
2367 3969 2673 4039 superbire,
2695 3969 2788 4025 sed
2819 3979 2876 4026 et
2897 3971 3196 4027 secundum
3227 3987 3290 4027 ea
3321 3989 3460 4042 quo-

1875 4075 1982 4130 que
2009 4075 2139 4116 vere
2164 4059 2518 4131 philosophos
2554 4075 2654 4115 nos
2687 4076 2892 4131 gerere.
2925 4063 3026 4116 llic
3064 4072 3246 4117 autem
3278 4062 3453 4132 ﬁgura

1873 4150 2098 4206 laudum
2128 4166 2236 4206 non
2263 4151 2474 4223 ingrata
2497 4151 2578 4207 sic
2600 4151 2850 4222 angelico
2872 4151 3223 4206 circumdans
3254 4152 3460 4206 exaltat

1873 4243 2087 4300 habitu.

1945 4335 2236 4403 Adesdum,
2268 4336 2593 4406 philosophe.
2619 4335 2716 4393 His
2755 4335 2938 4392 verbis
2967 4335 3110 4389 inter
3134 4335 3457 4404 sapientiam

188 4422 451 4493 διαφορὰν
479 4423 668 4492 σοφίας
719 4424 814 4476 καὶ
866 4421 1182 4493 φιλοσοφίας
1228 4418 1534 4490 νομοθετεῖο
1586 4416 1773 4485 ἓτερον

1896 4426 2349 4498 :tpbilosophiam
2388 4426 2751 4482 diﬁ‘erentiam
2797 4425 3058 4482 ostendit.
3100 4424 3262 4479 Aliud
3301 4425 3452 4480 enim

189 4513 301 4584 γάρ
326 4514 442 4566 ἐστι
480 4513 539 4566 τὸ
578 4512 918 4584 φιλούμενον,
958 4505 1067 4564 οἷον
1090 4511 1251 4578 σοφία
1277 4508 1351 4572 ὼς
1388 4507 1766 4576 ὑποκείμενον·

189 4605 376 4676 ἕτερον
397 4603 454 4658 δέ
497 4604 560 4657 τὸ
604 4603 788 4674 φιλοῦν
819 4604 1132 4676 πρόσωπον,
1172 4603 1200 4654 ὁ
1231 4601 1397 4666 δεῖνα,
1433 4600 1462 4652 δ
1493 4599 1589 4652 καὶ
1636 4614 1768 4651 κατ-

189 4695 562 4768 ηγορουμένου
584 4694 752 4750 τύπον
771 4695 1054 4767 ἐπέχει.Εί
1088 4694 1162 4765 μὴ
1187 4693 1296 4764 γάρ
1320 4693 1404 4755 τίς
1437 4693 1553 4743 ἐστι
1583 4689 1764 4757 σοφία,

193 4786 354 4858 μέχρι
400 4785 544 4850 τίνος
577 4785 770 4858 ῥηθείη
823 4786 884 4840 τὸ
928 4786 1117 4855 σοφίαν
1150 4785 1360 4854 φιλεῖν;
1405 4784 1550 4845 Ἕως
1619 4779 1767 4845 τίνος

187 4878 538 4949 ὁρισθήσεται
569 4877 632 4930 τὸ
663 4877 859 4947 φιλεῖν,
911 4879 960 4929 εί
999 4878 1073 4948 μή
1111 4894 1165 4930 τι
1203 4877 1266 4929 τὸ
1301 4874 1622 4945 φιλούμενον
1652 4870 1763 4942 εἴη,

189 4963 300 5022 οἷον
326 4969 524 5040 σοφίας

256 5059 394 5116 Ibid.
434 5061 519 5116 15.
573 5061 782 5131 Κάμοῦ
827 5061 936 5116 τοῦ
960 5061 1060 5116 διὰ
1101 5063 1325 5115 τούτων
1343 5073 1769 5130 μυσταγωγου-

277 5309 334 5373 4)
370 5309 512 5366 Edit.
543 5310 926 5379 ἐπαινέσομαι.

278 5381 332 5448 5)
362 5379 489 5436 Haec
514 5380 633 5436 fuse
661 5377 884 5436 enarrat
917 5377 1062 5434 Elias
1093 5377 1402 5448 Cretensis.

359 5451 473 5505 Καὶ
496 5452 642 5516 ὅπως
668 5449 948 5520 ἀποφεύξῃ
978 5450 1040 5502 τὸ
1058 5446 1508 5522 σὸν-περιδέξιον,
1530 5445 1607 5500 ait
1629 5447 1766 5522 tire-

190 5516 373 5586 gorius
404 5522 461 5576 in
493 5523 597 5575 alia
631 5516 882 5576 oratiune
916 5516 1082 5588 (orat.
1116 5519 1207 5581 29,
1252 5516 1389 5588 olim
1427 5516 1516 5583 55)
1557 5526 1612 5572 et
1635 5517 1767 5588 qlia-

189 5585 344 5662 Silius
369 5592 484 5646 haec
506 5591 768 5662 adnotat:
799 5585 1129 5662 Περιδέξιος,
1158 5590 1187 5641 ὁ
1221 5585 1564 5662 ἀμφιδέξιος,
1591 5586 1767 5662 εῖτουᾲν

187 5661 214 5733 ᾧ
252 5663 592 5733 ἀμφοτέραις
633 5657 1143 5733 ἐπίσηςλγγζρώμενος
1179 5660 1299 5733 ταῖς
1335 5657 1652 5733 χξρσὶνρῦς
1676 5660 1757 5733 ⁸τῇ

106 5793 111 5800 ,
187 5726 331 5803 δεξιᾷ
350 5726 552 5801 καῖ’τῇ
584 5726 1143 5803 ἀριστερᾷξίτοίοῦτᾏοι
1183 5728 1238 5780 δὲ
1274 5726 1465 5803 Δπολλοὶ
1504 5726 1618 5803 τῶν
1663 5726 1759 5803 ἀνξ

189 5797 438 5872 θρώπων.
499 5797 794 5872 Ὄμηρος(
825 5797 1036 5870 βάλλων
1078 5798 1451 5870 ἀμφοτέρῃσι,
1503 5797 1632 5866 περὶ
1665 5797 1758 5851 τοῦ

337 5900 616 5962 ΡΑτιιοι.
651 5899 769 5961 Gn.
810 5897 1110 5960 XXXVI.

1875 4527 1959 4574 est
1995 4517 2142 4588 quod
2189 4525 2422 4581 amatur,
2461 4519 2605 4573 sicut
2645 4517 2914 4589 sapientia
2940 4517 3097 4588 quasi
3128 4517 3454 4586 subjectum,

1874 4609 2020 4664 aliud
2043 4607 2294 4679 estquod
2326 4615 2495 4670 amat,
2534 4607 2683 4677 quod
2725 4615 2780 4663 et
2810 4605 3080 4677 designati
3113 4608 3342 4678 ﬁguram
3371 4608 3456 4661 in-

1871 4701 2041 4756 hibet.
2069 4698 2125 4754 Si
2165 4699 2310 4756 enim
2357 4715 2468 4754 non
2517 4699 2699 4768 aliqua
2749 4699 2822 4756 sit
2853 4700 3144 4769 sapientia,
3196 4715 3357 4770 quem
3399 4701 3456 4753 in

1873 4791 2034 4846 ﬁnem
2065 4791 2339 4846 diceretur
2367 4790 2692 4860 sapientiam
2723 4791 2943 4845 amare?
2977 4789 3274 4860 Quousque
3319 4790 3456 4845 deﬁ-

1871 4879 2054 4934 nietur
2087 4879 2177 4933 ille
2207 4893 2381 4947 amor,
2425 4880 2471 4936 si
2521 4894 2630 4936 non
2672 4880 2742 4934 sit
2786 4879 2994 4950 aliquid
3037 4879 3181 4950 quod
3223 4888 3456 4946 ametur,

1874 4969 2018 5025 sicut
2051 4969 2353 5038 sapientia?

1944 5062 2114 5131 Atque
2152 5061 2220 5115 ad
2259 5077 2359 5126 me,
2398 5065 2489 5132 qui
2529 5080 2619 5133 per
2658 5063 2768 5118 hwc
2811 5065 2865 5118 in
2900 5065 3153 5134 mysteria
3193 5081 3311 5116 sum
3361 5064 3458 5116 ad-

1875 5302 2258 5378 ξΑστεροπαίου
2303 5307 2481 5378 φησὶν
2515 5306 2607 5377 (II.
2642 5323 2769 5378 Ant,
2801 5308 2961 5375 162),
2992 5307 3116 5360 ἐπεὶ
3153 5305 3458 5378 περιδέξιος

1861 5372 1982 5448 ἦεν.
2009 5372 2260 5448 Τοιοῦτον
2401 5377 2497 5448 καὶ
2523 5372 2606 5448 ’τὸ
2639 5373 2789 5431 ’κατὰ
2828 5372 3165 5448 διλήμματον
3203 5372 3413 5448 ἐρωτᾷν
3437 5393 3454 5410 ο

1862 5444 1955 5499 δύο
1995 5445 2134 5498 κατά
2164 5444 2359 5526 ταυτὸν
2398 5446 2620 5528 ἐρωτῶν
2646 5444 3034 5530 ἀμφοτέρωθι-έν
3052 5444 3269 5569 gem.»
3285 5444 3453 5505 δοκεῖ.

1935 5517 2011 5569 (7)
2065 5513 2312 5568 Vanitate
2337 5524 2387 5568 et
2408 5515 2655 5569 superbia
2688 5534 2794 5569 non
2820 5518 3024 5569 inﬂari.
3099 5533 3129 5569 e
3157 5531 3294 5569 voce
3316 5518 3453 5569 πέο-

1935 5517 2011 5586 (7)
2065 5513 2312 5588 Vanitute
2337 5524 2387 5588 et
2408 5513 2665 5588 superbia
2688 5513 2794 5588 non
2820 5513 3024 5585 inﬂari.
3052 5513 3129 5570 De
3148 5531 3294 5588 _v_oce
3316 5518 3454 5588 πέρ-

1865 5585 2108 5657 περοςει
2136 5585 2207 5657 ab
2231 5599 2295 5639 ea
2316 5585 2584 5657 derivatis
2617 5587 2743 5642 vide
2794 5589 3124 5657 interpretes
3147 5585 3405 5657 Hesychii
3435 5604 3452 5655 ;

2041 5654 2103 5739 ΕΞ
2122 5652 2566 5739 Qasaubonianas
2599 5652 2995 5739 emendationes
3019 5655 3220 5739 Toup.)
3251 5652 3358 5712 étc.

1939 5726 2013 5798 (8)
2060 5723 2282 5788 Τούτοις
2312 5735 2526 5795 spectat
2549 5728 2616 5782 ad
2651 5728 2816 5782 verba
2849 5735 3051 5794 textus,
3078 5723 3332 5798 φιλόσοφε
3359 5728 3453 5781 καὶ

1869 5813 2024 5865 σοφε.

3085 5893 3163 5955 3¹⁶ἷ
