3856 6220
356 170 516 233 1163

1770 182 2013 240 BASILII
2054 183 2274 243 MINIMI

3496 177 3632 234 Ηθδ

368 293 588 350 ductus.
623 291 716 349 Vel
757 293 1110 362 electionem,
1148 294 1234 351 vel
1283 272 1496 352 sacram
1544 295 1852 351 doctrinam
1903 307 1958 354 et

2080 301 2263 354 ιένου.
2289 299 2360 352 Ἢ
2392 298 2490 370 τὴν
2525 295 2880 372 χειροτονίαν,
2916 297 2951 368 ἢ
2982 294 3084 368 τὴν
3130 290 3522 366 μυσταγωγίαν
3547 294 3635 343 καὶ

375 383 708 454 baptismum
739 385 894 449 dicit,
919 386 1061 457 quod
1089 395 1142 442 et
1168 387 1341 459 magis
1363 386 1660 457 probabile.
1690 385 1962 442 Christia-

378 493 575 535 norum
601 479 747 534 enim
778 479 1086 535 doctrinam
1117 495 1309 552 sapere
1334 488 1499 549 atque
1537 480 1789 536 excolere
1821 496 1962 534 non-

378 569 509 626 dum
558 571 950 627 catechumeno
995 581 1051 627 et
1089 572 1414 642 baptismate
1447 572 1690 626 nondum
1721 571 1961 637 initiato,

381 662 590 717 licitum
623 671 766 720 erat.
797 663 1024 730 Quando
1059 673 1240 718 autem
1269 663 1337 717 iis
1365 671 1581 734 tempus
1617 662 1721 719 rite
1752 663 1962 717 consti-

381 760 558 808 tutum
577 752 874 817 adveniret,
893 754 1224 824 baptismum
1247 755 1441 810 melius
1469 753 1962 810 administrabant:

382 844 456 897 ita
483 854 660 898 autem
688 859 782 914 per
815 844 1146 906 sacerdotes,
1179 852 1276 897 aut
1304 845 1562 916 mysteria
1595 853 1690 900 aut
1720 859 1962 901 mensam

380 936 665 1008 mysticam
696 937 936 1006 loquitur
968 955 980 991 :
1013 936 1078 991 ad
1121 952 1241 1007 qua:
1274 944 1330 992 te
1365 937 1644 992 adducunt
1668 943 1722 991 et.
1747 937 1966 1006 sapien-

379 1027 468 1082 tia!
496 1043 679 1083 sermo
707 1028 916 1098 piaeque
938 1027 1260 1098 disciplinac,
1291 1036 1345 1084 et
1377 1029 1486 1083 vita
1515 1030 1674 1100 plena
1712 1027 1960 1099 negotio-

379 1133 501 1171 rum
534 1125 588 1182 et
621 1117 884 1184 actionis;
916 1134 1012 1188 per
1044 1135 1151 1184 me,
1181 1120 1277 1186 ait,
1311 1121 1403 1191 qui
1445 1136 1542 1192 per
1571 1121 1685 1176 haec
1743 1119 1965 1175 deiﬁca-

379 1208 582 1262 tionem
601 1208 877 1278 proﬁteor.
899 1209 1179 1266 Christum
1205 1209 1351 1266 enim
1382 1211 1694 1276 induentes,
1723 1209 1815 1266 Dei
1845 1208 1961 1276 lilii,

378 1300 564 1370 diique
590 1300 692 1373 ipsi
723 1301 904 1358 timus.

2060 391 2123 444 τὸ
2153 389 2435 462 βάπτισμα
2466 390 2636 460 λέγει,
2666 391 2695 444 δ
2715 392 2810 445 καὶ⁵
2846 389 3046 461 μᾶλλον
3097 386 3244 450 εἰκός
3272 387 3350 458 (9)
3375 399 3394 417 °
3432 383 3505 438 τὰ
3545 383 3638 454 μιν

2062 479 2170 550 γὰρ
2186 480 2528 553 Χριστιανῶν
2557 481 2657 552 ήδη
2685 482 2780 535 καὶ
2791 481 3010 553 φρονεῖν
3029 477 3126 533 καὶ
3147 478 3320 531 ποιεῖν
3344 474 3484 538 τέως
3510 473 3638 527 ἀκα-

2062 573 2282 644 τηχήτῳ
2309 574 2403 628 καὶ
2437 572 2534 627 τοῦ
2570 573 2944 644 βαπτίσματος
2969 572 3112 642 άπερ
3138 569 3309 624 ὲτέλει
3336 566 3450 639 (10)
3468 584 3482 598 ·
3508 566 3582 629 ὡς
3611 569 3636 618 ὁ

2063 664 2252 734 καιρὸς
2281 665 2508 730 ἐκείνοις
2538 665 2739 737 ὲθίμως
2759 662 3061 734 τηνικαῦτα
3095 659 3261 733 εῖχεν,
3301 661 3360 713 ἐν
3389 657 3471 729 τῷ
3501 657 3636 710 τέλει

2061 755 2514 826 ταμιευσομένοις
2534 755 2597 808 τὸ
2633 755 2917 826 βάπτισμα
2936 771 2950 784 ·
2985 754 3078 808 διὰ
3127 752 3329 807 τούτων
3359 750 3440 814 δὲ,
3469 747 3504 820 ἢ
3536 747 3640 800 τῶν

2066 845 2258 916 ίερέων
2302 847 2416 917 (11)
2451 847 2655 918 λέγειῆ
2683 846 2792 900 τῶν
2821 845 2980 899 θείων
3011 844 3240 898 τελετῶν
3274 842 3370 896 καὶ
3419 841 3522 911 τῆς
3545 856 3642 910 μυ-

2065 937 2254 1008 στικῆς
2289 938 2590 1010 τραπέζης,
2620 933 2702 1002 οἷς
2733 955 2792 992 σε
2821 935 3241 1010 προσάγεικαὶὸ
3259 934 3416 1002 λόγος
3436 931 3540 1002 τῆς
3562 947 3641 984 σο-

2065 1029 2194 1098 φίας
2234 1030 2328 1082 καὶ
2361 1030 2460 1100 τῆς
2490 1029 2748 1094 εὐσεϐοῦς
2791 1029 3157 1092 διδασκαλίας,
3198 1025 3293 1080 καὶ
3324 1026 3354 1078 δ
3392 1023 3510 1094 βίος
3546 1022 3642 1092 τῆς

2065 1120 2342 1184 πολιτείας
2358 1120 2454 1174 καὶ
2479 1121 2765 1192 πράξεως,
2801 1121 2868 1174 δι’
2903 1119 3067 1190 ἐμοῦ,
3152 1117 3304 1189 φησὶ,
3336 1115 3430 1170 τοῦ
3480 1131 3646 1186 μυστ-

2064 1209 2405 1280 αγωγοῦντος
2455 1213 2556 1282 τὴν
2603 1212 2818 1267 θέωσιν.
2849 1211 3085 1284 Χριστὸν
3118 1210 3230 1280 (12)
3271 1208 3359 1263 διὰ
3398 1207 3497 1261 τοῦ
3533 1224 3645 1274 φωο

2061 1303 2323 1372 τίσματος
2385 1303 2728 1374 ἐνδυόμενοι,
2788 1304 2893 1358 υἱοὶ
2962 1301 3098 1357 Θεοῦ
3167 1301 3260 1356 καὶ
3327 1299 3440 1353 θεοὶ
3494 1297 3641 1367 γινό-

1968 1382 1972 1386 ’
2066 1391 2229 1460 μεθα.

453 1477 521 1532 Et
561 1481 904 1548 proclamabo
958 1497 1061 1536 non
1099 1483 1151 1535 in
1190 1481 1362 1536 media
1411 1480 1680 1553 Olympia.
1717 1480 1962 1552 Olympia

379 1568 534 1624 locus
563 1579 682 1624 erat
708 1569 954 1625 Arcadiae
982 1571 1036 1625 in
1067 1569 1442 1640 Peloponneso
1461 1613 1476 1634 ,
1509 1580 1563 1627 et
1591 1588 1748 1628 mons
1783 1573 1963 1628 excel-

383 1675 515 1724 sus;
563 1659 617 1713 in
655 1675 764 1729 quo
806 1674 987 1714 annua
1033 1662 1332 1717 certamina
1377 1661 1751 1725 celebrabant,
1786 1661 1947 1715 victo-
1993 1637 2036 1693 Β

383 1765 580 1818 resque
633 1751 1046 1821 proclamabam
1094 1760 1149 1808 et
1197 1751 1416 1807 coronis
1471 1752 1762 1807 ornabant.
1814 1751 1958 1806 Pan-

383 1843 614 1896 cratium
671 1851 876 1908 autem,
937 1851 992 1898 et
1049 1850 1308 1909 caestum,
1361 1850 1416 1897 et
1486 1857 1709 1898 cursum
1762 1858 1959 1913 genera

384 1933 743 1987 certaminum
780 1949 905 1989 esse
949 1933 1104 2000 dicit,
1151 1933 1220 1990 de
1249 1934 1450 2004 quibus
1502 1934 1638 1989 alias
1664 1933 1840 1990 fusius
1877 1935 1960 1990 di-

385 2034 534 2079 ctum
570 2034 672 2092 est,
735 2027 790 2080 in
845 2026 1110 2081 honorem
1170 2027 1398 2082 heroum
1441 2026 1526 2082 vel
1570 2027 1958 2082 nonnullorum

384 2117 690 2172 daemonum
724 2118 1019 2184 celebrata,
1053 2119 1370 2190 calamitate
1399 2117 1636 2188 quadam
1680 2126 1736 2174 et
1772 2119 1960 2190 mytho

385 2208 797 2263 honoratorum.
822 2206 1157 2264 Fabulantur
1181 2209 1326 2265 enim
1358 2187 1596 2281 aliquem
1621 2210 1672 2266 vi
1705 2187 1962 2266 interem-

386 2306 537 2367 ptum
577 2299 665 2353 hic
705 2300 978 2370 sepultum
1041 2298 1214 2356 fuisse
1262 2321 1276 2356 :
1311 2301 1379 2356 de
1405 2316 1514 2373 quo
1557 2310 1612 2356 et
1659 2309 1958 2357 certamen.

386 2389 848 2446 Consuetudinem
877 2391 1171 2462 legitimam
1220 2391 1380 2456 dixit,
1410 2393 1554 2463 quod
1589 2392 1704 2448 hac
1727 2407 1960 2449 consue-

388 2480 576 2536 tudine
607 2481 759 2551 prius
789 2481 1084 2547 celebrata,
1138 2497 1205 2538 ac
1231 2481 1430 2540 deinde
1458 2483 1603 2556 .lege
1641 2483 1961 2554 praescripta
2002 2522 2016 2536 κ

388 2579 538 2629 sunt.

456 2664 624 2736 Atque
647 2683 851 2732 eorum,
874 2667 964 2737 qui
989 2667 1184 2736 ipsum,
1213 2667 1426 2738 injuriae
1461 2665 1749 2736 inferenda:
1773 2683 1960 2732 causa,

387 2758 846 2827 persequebantur.
901 2757 979 2811 Ita
1031 2773 1341 2814 sermonem
1400 2765 1618 2814 strues:
1666 2767 1722 2814 et
1777 2774 1964 2830 perse-

381 2849 672 2918 quentium
725 2849 1165 2918 persecutionum
1240 2856 1582 2920 persecutor.
1633 2847 1962 2915 Quomodo?

387 2939 600 2996 scilicet
651 2939 868 2996 fortiter
905 2941 1164 3012 patiendo
1224 2942 1462 2997 illatasa
1517 2941 1962 3011 persecutoribus

392 3029 647 3100 injurias.
674 3029 819 3085 Nihil
847 3033 1015 3095 enim,
1071 3032 1168 3098 ait,
1206 3032 1280 3087 ita
1305 3040 1711 3103 persecutorem
1744 3042 1800 3089 et
1826 3033 1965 3087 male

392 3119 682 3175 facientem
711 3129 954 3191 superat,
979 3131 1038 3176 ut
1056 3121 1312 3193 patientis
1341 3123 1615 3178 alacritas.

465 3209 579 3266 Nec
633 3213 1071 3282 philosophicum.
1119 3215 1324 3282 Nempe
1364 3229 1542 3284 neque
1594 3219 1841 3268 nostrum
1885 3221 1971 3268 est

391 3299 556 3355 talem
590 3299 778 3353 mirari
818 3299 1183 3365 nobilitatem,
1217 3314 1340 3370 qua:
1390 3315 1458 3355 ex
1510 3299 1869 3370 sanguinibus
1917 3309 1971 3355 et

393 3407 459 3446 ex
491 3391 761 3460 corporali
816 3391 962 3446 coitu
1004 3409 1019 3446 :
1071 3391 1214 3445 hanc
1245 3391 1390 3446 enim
1425 3399 1612 3446 noctes
1645 3392 1968 3461 largiuntur.

393 3481 525 3546 Quae
556 3493 735 3536 autem
788 3497 855 3536 ex
906 3482 1126 3546 litteris,
1161 3498 1348 3553 regum
1399 3497 1616 3547 manus,
1655 3484 1971 3555 scriptaque

389 3572 564 3638 iussa.
595 3571 982 3627 Ascensionem
1013 3588 1141 3627 vero
1185 3573 1254 3627 ad
1285 3573 1518 3642 primum
1558 3574 1691 3628 illud
1742 3576 1968 3641 bonum,

392 3674 514 3730 quae
545 3659 603 3713 ﬁt
633 3675 729 3730 per
755 3661 1072 3716 exercitium
1100 3669 1152 3715 et
1174 3663 1428 3717 virtutem
1457 3663 1513 3718 in
1549 3664 1792 3720 divinum
1811 3667 1970 3722 illud-

393 3764 501 3821 que
549 3750 849 3806 secundum
884 3751 1174 3824 imaginem
1217 3753 1339 3824 ejus
1382 3770 1446 3810 ex
1487 3771 1599 3826 quo
1623 3763 1677 3812 et
1705 3757 1972 3829 originem

394 3841 682 3897 traximus.

467 3931 570 3989 Sed
597 3936 758 3989 etiam
792 3952 858 3990 ea:
889 3940 1231 4008 martyribus.
1259 3939 1398 4007 Quia
1452 3947 1662 4013 martyr
1708 3941 1799 3998 ille
1830 3950 1886 3998 et
1941 3957 1973 3997 a

395 4025 728 4097 martyribus
757 4029 1074 4096 parentibus
1097 4037 1261 4085 natus
1290 4041 1396 4086 est.

469 4116 610 4172 Civis
647 4120 810 4182 enim,
849 4121 897 4174 si
943 4120 1153 4184 quidem
1205 4123 1480 4190 sapientia:
1527 4124 1666 4177 ratio
1691 4123 1969 4180 habeatur.

398 4201 496 4257 Hic
521 4203 868 4271 subauditur,
897 4205 1076 4262 factus
1104 4215 1209 4264 est.
1237 4207 1388 4265 Civis
1430 4208 1606 4265 factus
1629 4219 1734 4274 est,
1771 4211 1970 4282 inquit,

2133 1480 2268 1536 Ibid.
2300 1481 2341 1538 C
2399 1483 2451 1538 5.
2505 1482 2616 1536 Καὶ
2655 1480 3011 1548 ἀνακηρύξω
3068 1481 3177 1535 οὐκ
3224 1478 3294 1533 ἐν
3332 1477 3644 1547 Ὀλυμπίᾳ,

2076 1569 2346 1642 Ὀλυμπία
2376 1572 2540 1636 τόπος
2593 1567 2661 1642 ἦν
2711 1572 2771 1624 ἐν
2807 1569 3064 1642 Ἀρκαδίᾳ
3087 1569 3184 1640 τῆς
3207 1567 3646 1635 Πελοποννήσου.

2063 1663 2156 1715 καὶ
2179 1663 2304 1734 δρος
2324 1662 2525 1734 ὑψηλόν
2541 1681 2554 1694 ·
2575 1663 2634 1716 ὲν
2652 1655 2697 1730 ᾧ
2711 1661 2928 1731 ἀγῶνας
2949 1659 3196 1730 ἐτησίους
3213 1657 3487 1723 ὲξετέλουν
3509 1657 3648 1726 (I3).

2063 1754 2158 1807 καὶ
2185 1755 2310 1818 τοὺς
2338 1754 2601 1818 νικῶντας
2617 1753 2944 1823 ἐστεφάνουν
2965 1751 3432 1823 άνακηρύττοντες
3451 1767 3466 1781 ο
3501 1764 3653 1815 παγ-

2063 1846 2290 1916 κράτιον
2317 1845 2373 1900 δὲ
2409 1846 2504 1900 καὶ
2534 1846 2758 1918 πυγμὴν
2791 1847 2885 1900 καὶ
2921 1845 3136 1899 δίαυλον
3165 1844 3309 1915 (cod.
3336 1858 3391 1913 p.
3429 1841 3555 1905 129,
3589 1839 3648 1904 2)

2063 1939 2178 2009 εῐδη
2197 1939 2591 2012 ἀγωνισμάτων
2605 1940 2768 2010 φησὶν
2795 1938 2975 2011 (ibid.)
3002 1934 3162 2001 εἶναι,
3186 1937 3314 2008 περὶ
3331 1929 3408 1990 ὧν
3428 1935 3652 2007 εἴρηται

2063 2031 2122 2084 ὲν
2158 2029 2338 2092 ἄλλοις
2364 2028 2475 2103 (ῌ)
2497 2027 2849 2101 πλατύτερον,
2879 2029 2959 2092 είς
2978 2027 3142 2099 τιμὴν
3161 2024 3352 2098 ἡρώων
3372 2025 3463 2078 καί
3484 2040 3659 2076 τινων

2063 2119 2330 2191 δαιμόνων
2355 2119 2677 2192 τελούμενα,
2707 2120 2958 2191 συμφορᾷ
2981 2136 3087 2172 τινι
3120 2119 3215 2172 καὶ
3236 2117 3391 2189 μύθῳ
3411 2134 3651 2188 τετιμη-

2068 2210 2243 2282 μένων
2266 2227 2281 2242 ο
2321 2210 2639 2282 μυθεύονται
2663 2210 2794 2281 γάρ,
2837 2209 3026 2280 βιαίως
3060 2209 3205 2272 τινος
3235 2209 3353 2262 ἐκεῖ
3391 2205 3659 2276 τελευτή-

2068 2318 2278 2366 σαντος,
2321 2303 2501 2355 ἐκεῖσε
2549 2301 2806 2371 ταφῆναι,
2857 2301 2987 2372 περὶ
3032 2293 3093 2354 οῦ
3127 2299 3223 2354 καὶ
3252 2299 3281 2352 ό
3326 2297 3477 2367 ἁγών
3505 2295 3656 2366 (15).

2065 2392 2358 2464 Συνήθειαν
2385 2392 2442 2446 δὲ
2492 2392 2713 2464 ἔννομον
2763 2387 2884 2446 εἷπε
2929 2391 3132 2462 (ibid.),
3164 2391 3253 2445 διὰ
3287 2390 3349 2444 τὺ
3383 2387 3657 2460 συνηθείᾳ

2069 2484 2170 2554 μέν
2221 2501 2328 2536 τινι
2387 2483 2650 2557 πρότερον
2677 2483 2848 2538 ταῦτα
2905 2482 3197 2549 τελεῖσθαι,
3247 2481 3515 2536 ἔπειταδὲ
3549 2482 3656 2535 καὶ

2064 2576 2214 2648 νόμῳ
2241 2575 2622 2647 κρατύνεσθαι.

2136 2665 2258 2721 Col.
2295 2665 2425 2720 1201
2456 2665 2568 2720 Α9.
2601 2663 2709 2720 Καὶ
2743 2663 2861 2718 τῶν
2885 2663 3222 2718 διωκόντων
3257 2661 3338 2728 τῷ
3367 2660 3513 2734 [cod.
3549 2660 3660 2735 τὸ]

2067 2757 2260 2812 ποιεῖν
2300 2755 2516 2822 κακῶς.
2551 2754 2709 2809 υῦτω
2764 2753 3023 2824 συνάψεις
3065 2754 3156 2807 τὸν
3202 2752 3357 2820 λόγον
3395 2751 3490 2805 καὶ
3536 2750 3658 2803 τῶν

2073 2847 2381 2902 διωκόντων
2405 2844 2648 2900 διωκτῶν
2703 2843 2939 2915 διώκτης
2963 2860 2977 2873 ·
3015 2841 3160 2907 πῶς;
3195 2842 3252 2894 ὲν
3281 2839 3357 2910 τῷ
3415 2838 3661 2908 πάσχειν

2069 2937 2362 3008 προθύμως
2415 2935 2485 2989 τά
2541 2935 2688 2988 κακά
2738 2933 3039 3005 ποιούμενα
3078 2931 3184 2986 ύπὺ
3227 2931 3340 2984 τῶν
3367 2928 3654 2984 διωκτῶνο

2067 3025 2220 3083 οὐδὲν
2243 3028 2313 3099 γὰ
2323 3046 2372 3102 ρ,
2387 3027 2520 3100 φησὶ
2542 3027 2746 3097 (ibid.),
2763 3025 2906 3081 οὕτω
2925 3027 3014 3080 τὸν
3027 3023 3260 3095 διώκτην
3275 3023 3368 3076 καὶ
3393 3019 3662 3076 ποιοῦντα

2068 3120 2254 3184 κακῶς
2279 3122 2425 3192 νικᾷ,
2457 3121 2532 3183 ὡς
2555 3121 2589 3190 ἡ
2619 3118 2898 3191 προθυμία
2919 3117 3013 3172 τοῦ
3041 3117 3362 3188 πάσχοντος.

2138 3207 2274 3264 Ibid.
2307 3208 2349 3262 Β
2378 3209 2427 3262 1.
2460 3207 2613 3262 Οὐδὲ
2650 3208 3010 3277 φιλόσοφον.
3042 3207 3199 3260 Ἔστι
3241 3202 3503 3276 δηλονότι,
3526 3201 3661 3256 οὐδὲ

2068 3299 2356 3374 ἡμέτερον,
2411 3299 2510 3372 τὴν
2557 3300 2812 3369 τοιαύτην
2849 3298 3145 3370 θαυμάζειν
3192 3297 3488 3366 εὐγένειαν,
3525 3295 3663 3348 ούδι

2068 3388 2165 3460 τὴν
2186 3389 2244 3455 ἐξ
2265 3389 2510 3460 αἱμάτων
2539 3389 2634 3442 καὶ
2659 3391 2723 3441 ἐκ
2749 3389 3033 3451 συνουσίας
3059 3385 3378 3457 σωματικῆς
3403 3401 3416 3414 ·
3445 3382 3665 3454 ταύτην

2069 3482 2177 3552 γὰρ
2204 3481 2397 3544 νύκτες
2425 3479 2770 3551 χαρίζονται·
2799 3481 2899 3553 τὴν
2923 3480 2987 3533 ὲκ
3010 3477 3354 3550 γραμμάτων
3385 3477 3462 3532 δὲ.
3497 3474 3666 3545 βασι-

2070 3575 2206 3629 λέων
2235 3577 2414 3646 χεῖρες
2439 3575 2533 3628 καὶ
2564 3573 2632 3628 τά
2670 3573 2924 3644 ἔγγραφα
2952 3571 3328 3641 διατάγματα·
3373 3569 3557 3624 ἄνοδον
3598 3568 3667 3622 δὲ

2070 3665 2170 3737 τὴν
2204 3665 2340 3736 πρὸς
2367 3665 2429 3718 τὺ
2455 3663 2672 3736 πρῶτον
2728 3663 2952 3732 άγαθδν,
3005 3662 3105 3733 τὴν
3133 3661 3203 3714 δι’
3240 3661 3524 3730 ἀσκήσεως
3557 3661 3668 3713 καὶ

2071 3756 2274 3827 ἀρετῆς
2309 3758 2390 3819 είς
2416 3755 2477 3810 τὸ
2509 3755 2651 3810 θεῖον
2684 3755 2780 3810 καὶ
2815 3755 2877 3808 τὸ
2899 3754 3023 3810 κατ’
3047 3753 3231 3808 εἰκόνα
3259 3751 3320 3817 ἐξ
3358 3743 3418 3805 οὗ
3442 3750 3535 3804 καὶ
3563 3767 3670 3819 γε-

2070 3850 2328 3920 γόναμεν.

2139 3939 2277 3996 Ibid.
2323 3940 2410 3996 10.
2457 3940 2558 3994 Ἐκ
2585 3939 2904 4009 μαρτύρων
2946 3937 3033 3993 δέ.
3088 3934 3216 3992 Ὀτι
3247 3934 3458 4008 μάρτυς
3497 3925 3671 3998 οὗτος

2070 4032 2166 4087 καὶ
2194 4035 2259 4087 ὲκ
2300 4032 2594 4105 μαρτύρων
2613 4033 2818 4101 γονέων
2843 4032 2965 4101 ἔφυ.

2145 4121 2282 4178 Ibid.
2316 4124 2406 4177 11.
2438 4123 2701 4192 Πολίτης
2733 4123 2804 4176 δὲ
2840 4123 3026 4190 σοφίᾳ
3051 4122 3190 4190 μέν.
3226 4118 3668 4185 Συνεξακούεται

2072 4214 2135 4268 τὸ
2152 4253 2168 4278 ,
2197 4213 2423 4283 γέγονεο
2458 4213 2687 4286 πολίτης
2710 4215 2922 4282 γέγονε,
2951 4213 3106 4282 φησι,
3126 4214 3194 4283 τῇ
3231 4211 3330 4282 μὲν
3353 4209 3532 4280 σοφίᾳ,
3552 4209 3669 4280 τῆς

397 4294 661 4364 sapientia
683 4296 924 4364 quidem,
962 4299 1130 4354 totius
1163 4300 1316 4355 orbis
1349 4309 1640 4355 terrarum.
1674 4301 1789 4356 Non
1823 4304 1966 4357 enim

2080 4306 2400 4377 οἰκουμένης
2453 4306 2667 4377 πάσης’
2713 4305 2776 4358 ού
2821 4305 2930 4375 γάρ
2986 4305 3388 4376 περιγράφεται
3439 4309 3668 4375 μικροῖς

397 4383 867 4441 circumscribitur
919 4389 1134 4459 exiguis
1189 4390 1457 4445 limitibus
1500 4393 1624 4448 talis
1677 4394 1967 4463 sapientia.

398 4471 468 4523 At
499 4473 544 4526 si
598 4488 798 4544 corpus
849 4484 1179 4545 spectemus,
1233 4479 1576 4536 Alexandriae
1629 4483 1782 4538 urbis
1835 4483 1973 4540 civis

399 4629 732 4755 adtgzuﬁloias
782 4631 1062 4690 Cretensis
1106 4633 1253 4691 hanc
1300 4636 1807 4708 interpretationem
1857 4656 1966 4696 non

468 4769 580 4840 (l0)
603 4769 710 4844 Hic
742 4770 990 4844 quaedam
1021 4773 1214 4830 deesse
1241 4775 1514 4844 videntur,
1535 4789 1629 4834 aut
1661 4782 1763 4836 sub
1790 4781 1971 4838 verbis

400 4841 550 4923 ειπερ
597 4841 766 4923 ἐτέλει
821 4843 951 4923 latet
978 4845 1169 4923 .altera
1195 4845 1414 4923 lectio.‘
1441 4841 1652 4923 Scribe,
1686 4860 1743 4905 ut
1771 4868 1972 4908 sensus

401 4911 745 4992 restituatur.1
788 4911 927 4975 τέως
967 4914 1295 4986 ἀκατηχήτῳ
1333 4917 1428 4970 καὶ
1469 4919 1563 4973 τοῦ
1590 4911 1972 4994 βαπτίσματος

396 4981 629 5046 ἀμυήτῳ
659 4980 808 5046 ὲξην.

441 4997 808 5051 μυητφαεςηνο

907 5051 1090 5132 στῆθι.
1120 5053 1367 5126 πλησίον,
1407 5073 1472 5112 ex
1518 5068 1799 5127 contextu,
1847 5077 1972 5132 quae

399 5117 540 5174 forte
563 5117 745 5175 omisit
773 5117 1144 5178 amanuensis.

471 5191 583 5265 (12)
611 5187 770 5265 Eone
802 5192 1036 5265 Χριστὸν
1057 5195 1185 5265 γάρο

402 5327 416 5342 .
471 5259 582 5342 (l3)
626 5259 783 5342 Errat
822 5259 1166 5342 sclioliastes‘.
1212 5264 1357 5342 Elias
1403 5267 1970 5342 Cretensis,rectius,

394 5332 551 5408 juxta
581 5332 870 5408 veritatem
898 5333 1214 5408 historicam
1237 5375 1252 5396 ,
1277 5335 1450 5408 Certis
1496 5332 1836 5408 temporibus,
1887 5332 1973 5396 in;

401 5401 541 5468 quit,
577 5401 839 5454 theatrum
872 5404 1310 5459 constituebatur.
1360 5401 1774 5464 Videtur'etiam
1819 5411 1976 5466 Basi-

401 5470 533 5550 lius.
562 5469 864 5550 Olympiam
919 5475 1119 5550 urbem.
1162 5490 1196 5528 a
1233 5485 1418 5531 monte
1440 5477 1672 5550 Olympo
1703 5498 1812 5536 non
1859 5482 1974 5536 dis-

403 5539 900 5614 tittxisse._l_unota
932 5545 1175 5614 proxime
1199 5549 1452 5614 sequenti
1502 5539 1682 5604 l'ocum
1740 5553 1973 5606 alterum

403 5607 592 5689 adero,
616 5609 714 5689 ilbi
738 5613 794 5664 ὲν
817 5607 1083 5689 _’U).u‘p.rr_qi
1100 5629 1198 5682 pro
1227 5607 1498 5689 Ὀλυμπίᾳ
1526 5621 1764 5688 scripsit.

476 5678 590 5748 (14)
610 5678 782 5746 Quem
816 5678 992 5738 locum
1027 5678 1219 5740 innuat
1251 5678 1564 5744 non'vid'co.
1620 5678 1676 5744 lii
1727 5689 1981 5745 Encomio

2076 4395 2244 4467 ὁρίοις
2274 4397 2308 4467 ἡ
2335 4395 2560 4466 τοιαύτη
2595 4396 2775 4464 σοφία.
2805 4394 2896 4465 Τῷ
2920 4395 2978 4448 δὲ
3005 4394 3240 4464 σώματι,
3265 4394 3367 4464 τῆς
3405 4393 3667 4458 ’ἔλεξανο

2076 4486 2248 4556 δρέων
2276 4487 2466 4556 γέγονε
2489 4487 2730 4558 πολίτης,
2758 4486 2858 4558 τῆς
2884 4488 2980 4540 σὺν
3011 4487 3160 4556 ὑμῖν,
3181 4487 3291 4548 τοῖς
3316 4486 3668 4538 Κωνσταντί-

2074 4643 2137 4700 S.
2163 4643 2433 4714 Cypriani,
2467 4643 2571 4699 sub
2603 4643 2761 4706 linem
2795 4641 2958 4714 (orat.
2989 4641 3080 4703 24,
3109 4640 3238 4714 olim
3251 4638 3476 4714 _l8),__ad
3505 4637 3657 4714 Gre-

2077 4709 2438 4784 gorii'verba,
2467 4715 2539 4784 οὑν
2575 4709 3196 4784 κότινος”ολυμπικός,
3250 4709 3486 4784 Basilius
3545 4710 3667 4784 hanc

2079 4779 2336 4838 adnotat:
2373 4785 2473 4839 Ἔν
2522 4783 2668 4853 (cod.
2701 4783 2824 4853 575,
2853 4797 2906 4852 p.
2949 4779 3295 4853 {25.3)}:th
3323 4779 3512 4853 τόποις
3539 4779 3679 4852 ὡρι-

2079 4853 2296 4925 σμένοις
2321 4849 2540 4923 ἀγῶνας
2573 4855 2622 4906 ol
2664 4849 2884 4906 παλαιοὶ
2910 4852 3028 4916 ςτῶν
3076 4849 3346 4922 Ἐλλήνων
3386 4849 3668 4916 ἐτίθεσαν,

2077 4925 2146 4994 ὲν
2165 4918 2246 4987 οἷς
2273 4925 2386 4978 νέοι
2415 4923 2561 4987 τινὲς
2589 4923 2682 4994 καὶ
2711 4922 2904 4994 ἔφηϐοι
2945 4920 3320 4994 ἠγωνίζοντο·
3357 4919 3668 4994 τοῖς-δὲμνι-

2201 4950 2246 4982 ις
2273 4950 2386 4978 νευι
2415 4950 2559 4982 τινες
2591 4950 2682 4976 και
2711 4950 2904 4982 ιψῐιυυι
2951 4950 3279 4982 ιηωνιιιυνιυ
3357 4950 3466 4982 ἰυιν
3493 4950 3550 4972 υι
3584 4950 3668 4973 νι-

2077 4961 2386 5059 ξιὶῖᾶἱζξῐΐ
2409 4961 2920 5062 ᾀέἶῗἬῑᾰᾷτῖᾀΓΞὲ
2952 4961 3668 5062 ’ὲᾶῗεζιῖιζὶῖτοιῖξῖιῐᾶιοὶξ,

2079 5062 2342 5132 στέφανος
2375 5059 2572 5116 ἐδίδοτο
2602 5059 2696 5126 εἰς’
2708 5059 2880 5132 γέρας
2902 5079 2915 5091 ·
2945 5061 3006 5132 ὲν
3025 5060 3082 5114 δὲ
3101 5059 3356 5132 ίΔελφος.
3392 5059 3565 5132 μῆλα·
3607 5062 3667 5114 ἐν

2075 5133 2134 5186 δὲ
2172 5127 2368 5204 Ἰσθμῷ
2395 5135 2552 5204 πίτυς
2572 5150 2587 5165 ο
2636 5134 2695 5185 ὲ)
2808 5131 3015 5204 Νεμέᾳ,
3052 5127 3284 5204 σέλιναέ.⁸
3298 5128 3363 5182 Ει
3395 5127 3464 5204 in,
3484 5127 3667 5184 Pane-

2077 5205 2255 5272 gyrico
2282 5187 2717 5257 'M‘achabazorum
2743 5187 2906 5272 (orat:
2951 5187 3037 5272 1⁸5,
3064 5201 3193 5253 olim
3217 5199 3330 5272 22),
3362 5201 3435 5272 ad
3475 5215 3670 5272 uocent
3703 5246 3710 5251 .

2079 5267 2502 5344 Ὀλυμπιονίκης
2528 5274 2724 5342 legitur
2752 5267 3204 5344 hgcischuliastis
3229 5269 3410 5344 brevis
3437 5267 3669 5344 adnota-

2080 5345 2157 5397 tio
2185 5337 2402 5405 εόῦτως
2428 5337 2650 5413 (ὀυιίξι).
2689 5337 2816 5406 119)
2858 5343 2888 5394 ὀ
2917 5343 3059 5394 κατὰ
3086 5341 3214 5404 τοὺς
3254 5339 3672 5409 Ὀλυμπιακοῦς

2080 5413 2299 5481 ἀγῶνας
2327 5411 2626 5481 νενικηκὼς
2648 5413 2913 5466 ἐκαλεῖτο.

2153 5474 2421 5551 (15)]1ιιξο
2443 5474 2792 5552 intelligenda
2821 5479 3035 5535 suntde
3059 5479 3204 5552 ludis
3241 5477 3494 5552 Negatis.
3523 5474 3672 5552 Vide

2087 5546 2425 5606 Scholiaslas
2454 5546 2766 5619 Pindari,in
2796 5553 3049 5609 Nema'is.
3085 5550 3243 5604 initio
3268 5567 3284 5612 ;
3314 5546 3588 5605 Villoison
3614 5548 3670 5604 in

2090 5622 2358 5680 Hemoriis
2387 5623 2708 5690 Academia,
2744 5631 2783 5677 t.
2817 5619 3082 5677 XXXVIII
3117 5620 3181 5690 H,
3207 5636 3261 5692 p.
3296 5620 3386 5679 51.
