3856 6220
245 268 394 326 1185'

1342 277 1627 335 SCIIOLIA
1669 277 1734 333 IN
1775 279 1984 335 ORAT.
2028 280 2128 337 DE‘
2157 277 2463 337 HERONE.

3373 282 3509 337 1166

248 403 344 440 νου
401 384 682 452 πολίταις,
738 385 771 456 ἢ
805 385 1006 450 εὐθέως
1052 387 1172 458 μεθ’
1206 388 1372 460 ὑμᾶς,
1408 391 1502 444 καὶ
1529 372 1649 463 ⁸τῆς
1704 391 1824 463 ἴσης

1947 402 2088 449 natus
2115 405 2220 457 est,
2259 410 2379 465 qua:
2411 389 2494 448 vel
2529 402 2649 446 cum
2697 392 2836 449 urbe
2876 400 3077 457 vestra,
3111 405 3144 446 ο
3194 391 3508 446 Constanti-

247 481 403 549 ὑμῖν,
431 477 464 549 ἦ
489 477 766 550 δευτέρας,
797 480 951 548 φησὶ,
984 479 1077 532 καὶ
1103 479 1222 550 μεθ’
1247 482 1412 551 ὑμᾶς,
1437 482 1514 546 ῶς
1545 484 1619 555 μὴ
1645 484 1829 553 ἀνεχο-

250 569 422 641 μένης
447 568 641 640 ἑτέρας
665 569 923 640 δευτέραν
947 570 1214 641 ὑπάρχειν
1240 573 1335 625 καὶ
1357 572 1582 627 ἐλάττω.

319 750 459 807 Ibid.
491 751 533 806 C
565 751 654 806 11.
706 750 946 818 Ἐπειδὴ
974 750 1133 815 ,βίων
1159 751 1446 820 αἱρέσεως
1474 750 1641 825 [cod.
1669 753 1829 821 αἰρέ-

248 839 427 912 σεις].
472 840 647 904 Ἐπεὶ,
679 841 864 910 φησὶν,
895 839 1170 910 αἱρεῖσθαί
1203 857 1326 893 τινα
1352 840 1461 895 τῶν
1497 840 1626 911 βίων
1656 841 1830 895 ἐδόκει

249 933 422 1004 αὐτῷ,
453 933 520 1004 ἢν
548 933 760 1004 αἵρεσιν
789 933 885 986 καὶ
915 931 1176 1004 ἐπιλογὴν
1204 934 1299 985 καὶ
1328 931 1440 1003 (16)
1471 933 1712 1005 κρηπῖδα
1733 936 1828 988 καὶ

250 1020 691 1097 οίονειθεμέλιον
722 1024 815 1078 τοῦ
843 1025 1024 1089 καλῶς
1054 1025 1314 1096 πράττειν
1342 1025 1453 1092 ἐγὼ
1482 1024 1754 1097 ὁρίζομαι.

323 1119 464 1177 Ibid.
497 1119 581 1174 15.
610 1115 748 1172 Εἶδέ
787 1135 840 1171 τι
864 1117 1019 1187 μέγα
1058 1119 1158 1172 καί
1194 1121 1496 1186 νεανικόν.
1530 1119 1675 1172 Ἀντὶ
1707 1119 1825 1184 τοῦ,

253 1212 516 1275 συνεῖδεν,
565 1209 964 1274 ἐϐουλεύσατο,
1010 1209 1107 1263 καὶ
1149 1209 1454 1279 διανοηθεὶς
1502 1210 1825 1282 προέκρινεο

249 1302 352 1373 τὴν
381 1300 446 1356 δὲ.
471 1300 788 1370 φιλοσοφίαν
823 1299 973 1368 λέγει
1007 1302 1284 1371 προτιμᾷν
1303 1317 1317 1330 ⁸
1351 1301 1525 1364 οὐδεὶς
1558 1301 1666 1372 γὰρ
1696 1318 1830 1372 προ-

251 1394 431 1462 κρίνει
461 1408 514 1443 τι
547 1391 623 1463 μὴ
653 1391 1114 1463 βουλευσάμενοςο
1142 1395 1386 1465 προτιμᾷ
1415 1394 1462 1446 δ’
1493 1388 1587 1448 οὖν
1619 1393 1830 1463 φιλοσο-

251 1485 404 1553 φίαν,
436 1480 506 1557 ἧς
544 1485 640 1538 καὶ
671 1484 992 1556 προΐσταται
1027 1485 1170 1557 (17)·
1219 1485 1485 1557 ἐπειδὴδὲ
1527 1487 1676 1557 διττή
1715 1503 1830 1550 πως

251 1575 433 1646 τούτῳ
462 1573 780 1646 καθεώρατο
801 1617 817 1642 ,
847 1575 968 1628 οὐδὲ
1001 1575 1198 1647 βουλῆς
1225 1574 1387 1629 τοῦτο
1431 1575 1689 1640 ἀξιώσας,
1731 1577 1830 1646 τὴν

250 1668 362 1734 ἔξω
380 1667 715 1730 καταλιπὼν,
740 1667 1023 1740 προκρίνει
1049 1669 1147 1740 τὴν
1175 1669 1452 1740 ἡμετέραν
1471 1668 1671 1740 ψήφοις
1690 1668 1831 1722 άπά-

253 1777 401 1824 σαις.
432 1761 605 1817 Πάλαι
635 1759 743 1832 γὰρ
769 1761 825 1813 αἱ
854 1761 1065 1831 κρίσεις
1084 1759 1288 1830 ψήφοις
1311 1759 1586 1830 ἐκρίνοντο
1610 1759 1830 1824 λευκαῖς

249 1872 313 1908 τε
350 1854 444 1908 καὶ
481 1853 792 1924 μελαίναις,
823 1854 881 1906 ἐν
921 1846 1011 1916 αἷς
1054 1845 1367 1907 συνέϐαινεν
1404 1853 1497 1906 ἐπί
1537 1870 1700 1908 τινων
1749 1853 1826 1924 μὴ

250 1948 437 2012 πάσας
459 1946 772 2017 συμψηφεῖν
809 1945 909 2017 τὴν
941 1945 1245 2009 δικαίωσιν,
1275 1946 1365 1998 ὅτε
1397 1945 1460 2016 δὴ
1493 1947 1681 2000 καὶτὰ
1717 1945 1829 1999 τῶν

251 2038 586 2111 ζητημάτων
630 2038 1137 2107 ᾱιμιρεγνωμονεῖτο⁸
1173 2034 1588 2107 ὁμορῤοθουσῶν
1620 2035 1677 2088 δὲ
1719 2035 1829 2088 τῶν

250 2128 464 2182 λευκῶν
493 2126 742 2190 ἁπασῶν,
771 2127 894 2197 ᾔρει
923 2127 942 2198 (
968 2127 1090 2181 cod.
1117 2141 1172 2196 ι).
1206 2126 1329 2190 150,
1358 2125 1413 2195 1)
1444 2126 1534 2180 τὸν
1561 2126 1829 2180 ἀντίδικον

250 2221 282 2273 ὁ
312 2221 434 2284 ταῖς
459 2219 682 2284 λευκαῖς
728 2217 986 2289 ἐντυχὼν,
1029 2218 1063 2290 ἢ
1109 2219 1209 2281 τὰς
1249 2217 1505 2281 πλείστας
1532 2216 1671 2288 ἔχων
1703 2218 1827 2271 λευ-

250 2313 360 2376 κὰς
396 2312 431 2383 ἢ
459 2309 560 2376 τὰς’
589 2312 826 2375 ἁπάσας,
867 2309 922 2363 αἳ
962 2311 1059 2364 καὶ
1085 2310 1338 2383 λαμπρὸν
1375 2310 1470 2362 καὶ
1515 2310 1828 2383 άναμφήρι-

253 2422 384 2458 στον
412 2405 570 2475 νίκην
600 2407 858 2476 παρεῖχον
889 2401 1025 2474 (18).

325 2597 446 2653 Col.
489 2596 630 2652 1204
663 2595 704 2650 Β
736 2596 786 2650 1.
823 2594 1142 2665 Πανταχοῦ
1171 2595 1282 2664 γὰρ
1310 2594 1392 2661 τῷ
1428 2595 1556 2650 καθ’
1589 2594 1826 2649 ἑαυτόν.

256 2710 277 2744 ι
328 2690 473 2762 Πρδς
515 2689 613 2761 τὴν
653 2687 1022 2760 αἱρετωτέραν
1070 2687 1165 2741 καὶ
1215 2686 1661 2758 λυσιτελεστέραν
1712 2686 1830 2740 ὅδὸν

250 2781 393 2834 πᾶσι
435 2780 820 2849 Χριπιανοῖς,
863 2796 882 2828 ι
936 2776 1238 2831 συναπτέον
1281 2777 1442 2830 τοῦτο
1483 2777 1563 2848 τῷ
1614 2776 1830 2846 φιλοσο-

250 2874 378 2942 φεῖν
404 2871 534 2943 (19)’
567 2871 659 2925 καὶ
696 2871 794 2924 σὺν
830 2869 910 2941 τῷ
948 2868 1142 2922 ἐαυτοῦ
1168 2869 1397 2923 ἕκαστον
1432 2868 1829 2940 συλλαμϐάνειν

252 2964 356 3019 καὶ
388 2963 448 3017 τὸ
479 2963 690 3017 κοινὸψ
718 2962 877 3016 τοῦτο
909 2963 1019 3036 γὰρ
1055 2963 1236 3034 ψυχῆς
1271 2960 1704 3032 ἐπιτελεωτάτης
1737 2959 1831 3013 καὶ

1929 485 2251 554 nopolitani,
2277 486 2363 541 vel
2393 491 2543 539 certe
2572 483 2759 538 statim
2790 491 2916 554 post
2942 492 3202 546 vestram,
3244 496 3364 550 qum
3389 484 3506 550 pari

1928 577 2099 647 gloria
2129 591 2193 631 ac
2219 592 2338 640 vos,
2375 577 2459 632 vel
2497 575 2772 639 secunda,
2804 575 2910 641 ait,
2958 585 3012 631 et
3042 583 3166 646 post
3202 588 3334 636 vos,
3368 574 3507 628 nulli

1929 668 2020 721 alii
2050 668 2259 722 civitati
2284 667 2514 723 inferior
2534 675 2588 722 et
2629 666 2892 721 secunda.

2000 759 2132 813 Cum
2165 758 2387 830 eligendi
2415 759 2534 813 vitae
2552 759 2751 829 generis
2776 766 2977 825 tempus
3002 795 3016 809 .
3050 755 3372 826 Postquam,
3401 754 3503 817 ait,

1928 849 2147 919 aliquod
2175 851 2301 905 vitae
2317 866 2491 922 genus
2512 850 2710 920 eligere
2733 848 2837 904 sibi
2870 848 3176 913 videbatur,
3212 862 3374 917 quam
3403 859 3506 915 ego

1927 941 2143 1012 quidem
2169 943 2487 998 electionem
2510 947 2564 996 et
2601 941 2891 1002 delectum,
2910 939 3085 994 basim
3116 944 3170 994 et
3192 939 3349 1010 quasi
3380 937 3504 992 fun-

1927 1031 2240 1097 damentum
2267 1033 2387 1086 vitae
2415 1041 2562 1086 recte
2587 1029 2908 1101 peragendae
2938 1043 3062 1084 esse
3091 1028 3255 1082 duco.

2006 1122 2148 1178 Vidit
2193 1139 2438 1194 magnum
2466 1120 2665 1193 aliquid
2704 1130 2753 1174 et
2797 1136 3120 1190 generosum.
3155 1117 3307 1180 Εἷδε,
3337 1117 3498 1180 vidit,

1928 1214 1983 1269 id
2021 1223 2136 1279 est,
2182 1214 2502 1279 constituit,
2553 1213 2776 1267 molitus
2822 1221 2906 1268 cst
2957 1220 3012 1268 et
3060 1212 3352 1266 meditatus
3392 1211 3503 1264 cleo

1928 1306 2025 1376 git.
2090 1304 2495 1375 Philosophiam
2563 1320 2621 1358 se
2690 1303 2826 1358 dicit
2901 1311 3253 1374 anteponere.
3329 1301 3501 1356 Nemo

1927 1399 2070 1453 enim
2131 1397 2432 1468 quidquam
2484 1395 2737 1465 prazl‘eret
2788 1411 2898 1450 non
2955 1396 3138 1448 animo
3179 1393 3496 1448 meditatus.

1930 1490 2222 1560 Anteponit
2257 1489 2425 1559 igitur
2467 1487 2886 1557 philosophiam,
2930 1501 3092 1556 quam
3123 1494 3176 1540 et
3224 1485 3326 1538 sibi
3358 1498 3500 1554 prie-

1931 1581 2058 1634 licit.
2096 1581 2390 1650 Postquam
2415 1590 2598 1636 autem
2635 1580 2836 1649 duplex
2868 1575 3274 1648 quodammodo
3301 1576 3349 1631 ei
3379 1575 3497 1629 visa

1933 1671 2056 1739 fuit,
2105 1687 2175 1726 ne
2225 1672 2282 1726 in
2340 1669 2790 1727 deliberationem
2848 1669 3066 1739 quidem
3133 1668 3189 1722 id
3249 1668 3496 1726 admisit.

1933 1773 2266 1834 externaque
2352 1764 2543 1818 relicta
2575 1803 2592 1829 ,
2678 1771 2921 1818 nostram
3005 1763 3162 1831 longe
3231 1761 3500 1832 potiorem

1934 1856 2111 1912 duxit.
2183 1856 2324 1911 Olim
2376 1855 2522 1911 enim
2594 1855 2738 1926 apud
2794 1854 3017 1911 Graecos
3079 1854 3294 1924 iudices
3360 1852 3501 1907 albis

1935 1948 2174 2020 nigrisve
2199 1947 2621 2018 lapillisjudicia
2657 1948 3005 2010 exercebant,
3039 1945 3092 1999 in
3127 1945 3328 2015 quibus
3366 1959 3503 1998 con-

1935 2041 2180 2113 tingebat
2237 2039 2306 2096 de
2355 2039 2686 2110 quibusdam
2721 2055 2830 2095 non
2859 2053 3050 2094 omnes
3079 2037 3325 2093 eamdem
3362 2035 3505 2090 ferre

1935 2131 2296 2194 sententiam,
2333 2145 2458 2187 cum
2507 2131 2798 2201 ambiguus
2845 2136 2993 2186 esset
3027 2129 3220 2198 judicii
3250 2137 3500 2182 eventus.

1934 2221 2410 2278 Concordantibus
2441 2231 2622 2278 autem
2658 2222 2819 2286 albis,
2850 2221 2982 2275 vicit
3003 2221 3382 2276 adversarium
3406 2219 3502 2289 qui

1935 2312 2088 2367 albos
2142 2313 2370 2368 sortitus
2409 2320 2516 2376 est,
2571 2313 2688 2368 sive
2731 2313 3022 2382 plerosque
3076 2311 3230 2366 albos
3274 2311 3505 2377 habens,

1936 2405 2051 2460 sive
2079 2418 2290 2468 omnes,
2323 2402 2468 2474 quod
2517 2403 2838 2475 praeclaram
2897 2412 2952 2458 et
3002 2403 3227 2458 minime
3279 2400 3505 2458 dubiam

1937 2497 2221 2552 victoriam
2255 2499 2478 2568 praebet.

2005 2600 2281 2654 Privatum
2310 2599 2644 2654 commodum
2680 2615 2800 2653 cum
2831 2597 3096 2653 communi
3133 2595 3320 2666 ubique
3360 2609 3504 2649 com-

1937 2692 2112 2761 plecti.
2157 2691 2280 2745 (Ad
2329 2690 2761 2763 praestantiorem
2804 2698 2860 2744 et
2908 2688 3327 2742 fructuosiorem
3381 2685 3506 2738 vitae

1937 2784 2202 2837 rationem
2226 2781 2481 2838 omnibus
2505 2780 2865 2835 Christianis:
2891 2797 2910 2832 ›
2933 2778 3035 2832 hoc
3051 2792 3177 2830 cum
3197 2774 3502 2846 φιλοσοφεῖν

1937 2875 2365 2931 construendum
2429 2881 2514 2928 est
2549 2892 2561 2927 :
2596 2880 2648 2927 et
2697 2886 2822 2927 cum
2872 2869 3094 2942 proprio
3135 2881 3406 2938 quemque
3449 2871 3505 2918 et

1937 2981 2226 3022 commune
2273 2965 2476 3020 bonum
2509 2963 2835 3033 complecti;
2871 2960 3014 3032 quod
3057 2959 3276 3030 quidem
3309 2955 3504 3011 anima:

250 3055 702 3127 φιλοσοφωτάτης
719 3071 734 3086 ο
757 3053 880 3108 οὐδὲ
908 3053 1017 3126 γὰρ
1040 3053 1271 3108 ἕκαστον
1294 3051 1454 3124 ήμῶν
1481 3050 1678 3122 ἐαυτῷ,
1709 3049 1830 3104 ἀντὶ

1943 3056 2345 3127 pedectissimae
2395 3062 2450 3110 et
2509 3054 2932 3124 sapientissimae
2977 3057 3081 3106 est.
3134 3048 3320 3118 Neque
3354 3045 3501 3101 enim

245 3144 378 3210 τοῦ,
411 3148 473 3200 οὐ
502 3146 567 3199 δι’
599 3145 788 3199 ἐαυτὸν
820 3144 980 3216 μόνον
999 3184 1014 3210 ,
1049 3144 1322 3215 γενέσθαι,
1354 3141 1490 3196 ἀλλὰ
1521 3142 1618 3196 καὶ
1644 3142 1831 3206 πᾶσιν,

245 3239 378 3310 ἦτοι
409 3237 498 3293 διὰ
524 3237 733 3302 πάντας
759 3239 873 3292 ὅσοι
899 3237 998 3310 τῆς
1023 3237 1193 3308 αὐτῆς
1225 3238 1392 3308 ἐσμεν
1421 3228 1655 3303 φύσεως.

333 3438 469 3494 Ibid.
530 3427 616 3492 12.
679 3437 866 3506 Ὁρῶν
910 3436 979 3490 δὲ
1025 3436 1132 3490 τὸν
1165 3437 1283 3506 μὲν
1331 3435 1636 3504 ἐρημικόν.
1701 3433 1835 3487 Ἀπὸ

247 3530 601 3599 συγκρίσεως
647 3529 755 3582 τῶν
800 3529 929 3599 βίων
978 3529 1156 3600 μέγαν
1199 3527 1347 3599 [cod.
1385 3523 1551 3598 μέγα]
1607 3525 1703 3596 μέν
1740 3525 1835 3578 καὶ

249 3622 468 3694 ὑψηλὸν
501 3623 595 3677 καὶ
633 3621 774 3694 ὑπὲρ
805 3621 878 3674 τά
913 3619 1230 3694 ἀνθρώπινα
1269 3620 1484 3692 ἐπαίρει
1519 3618 1610 3672 τὸν
1642 3620 1837 3689 ἐρημι-

250 3715 359 3768 κδν
391 3713 502 3783 βίον
522 3731 536 3744 ι
567 3715 661 3766 τὸν
693 3712 750 3766 δὲ
783 3712 959 3767 κοινὸν
982 3712 1078 3772 καὶ
1108 3712 1397 3782 ἐπίμικτον
1425 3711 1561 3784 πρὸς
1588 3710 1677 3762 τὸν
1711 3725 1833 3762 και-

255 3806 358 3880 ρὸν
383 3805 528 3876 νόμῳ
557 3806 768 3859 ἐπαινεῖ
799 3804 1112 3875 ἐγκωμίων,
1139 3804 1234 3858 καὶ
1267 3803 1434 3872 ἐγγὺς
1465 3801 1615 3865 θείας
1641 3802 1840 3854 οίκονο-

257 3895 394 3967 μίας
417 3896 656 3963 συνάγει·
683 3893 891 3964 σχῆμα
912 3893 970 3947 δὲ
989 3895 1087 3948 καί
1110 3892 1371 3962 σκηνὴν,
1399 3892 1490 3947 τὸν
1528 3891 1836 3962 Ἑλληνικὸν

253 3986 430 4053 τῦφον
464 3987 558 4039 καὶ
585 3987 687 4058 τὴν
720 3986 1004 4056 ὑπόκρισιν
1034 3984 1322 4054 ἀποφαίνει
1342 3999 1356 4012 ⁸
1385 3984 1493 4039 άπὸ
1527 3985 1836 4056 μεταφορᾶς

251 4076 370 4132 τῶν
398 4078 670 4148 σκηνικῶν
693 4077 1071 4150 προσωπείων,
1097 4078 1225 4148 περὶ
1247 4070 1322 4132 ὧν
1345 4078 1445 4148 ἤδη
1476 4077 1676 4149 ἐρρέθη
1701 4076 1832 4147 (‘20).

335 4168 451 4223 Col.
493 4168 634 4225 1205
677 4169 724 4222 Α
755 4169 806 4222 1.
834 4167 940 4222 Διά
970 4168 1148 4223 τοῦτο
1178 4167 1540 4237 περιπάτους
1565 4167 1714 4236 μὲν,
1743 4167 1838 4220 καὶ

255 4261 332 4316 τά
362 4260 508 4332 ἑξῆς.
540 4261 670 4332 Εῐδη
701 4259 1005 4330 φιλοσόφων
1030 4260 1202 4328 λέγει,
1227 4259 1334 4314 ἀπὸ
1361 4259 1541 4313 τόπων
1568 4247 1663 4313 καὶ
1689 4261 1839 4331 ἐνερ-

253 4351 447 4421 γειῶν,
474 4351 567 4405 καὶ
595 4351 702 4404 τῶν
733 4351 1106 4423 προεστώτων,
1135 4349 1554 4420 ὠνομασμένων.
1583 4349 1693 4402 Καὶ
1728 4349 1836 4402 ἀπὸ

1934 3164 2262 3222 quemquam
2318 3155 2565 3204 nostrum
2614 3145 2743 3212 sibi,
2800 3143 2857 3200 id
2883 3151 2969 3200 est
3005 3157 3117 3197 non
3172 3147 3397 3218 propter
3442 3153 3503 3191 se

1935 3242 2112 3298 solum
2142 3247 2328 3295 natum
2361 3240 2550 3303 fuisse,
2581 3238 2674 3294 sed
2708 3243 2764 3292 et
2798 3234 3074 3298 omnibus,
3105 3230 3156 3286 id
3185 3235 3505 3300 estpmpter

1935 3349 2126 3390 omnes
2153 3333 2249 3404 qui
2289 3330 2533 3402 ejusdem
2578 3337 2787 3385 natura:
2817 3326 3111 3397 participes
3146 3336 3358 3378 sumus.

2017 3447 2209 3503 Viden;
2247 3455 2424 3502 autem
2455 3446 2617 3500 vitam
2642 3442 2968 3498 solitariam.
3007 3438 3066 3492 In
3095 3437 3330 3492 vitat-um
3358 3447 3508 3488 com-

1937 3540 2221 3610 paratione
2243 3552 2493 3607 magnam
2515 3535 2734 3606 quidem
2769 3531 3166 3600 sublimemque
3195 3533 3358 3596 atque
3382 3524 3506 3586 plus

1937 3643 2099 3697 quam
2157 3627 2450 3682 humanam
2493 3624 2696 3680 exaltat
2753 3619 3052 3677 solitariam
3097 3616 3289 3670 vitam.
3345 3612 3508 3668 Com-

1937 3733 2157 3774 munem
2191 3732 2318 3773 vero
2348 3716 2805 3781 commistamque
2837 3711 3003 3764 vitam
3047 3707 3116 3761 ad
3147 3712 3364 3775 tempus
3400 3719 3503 3758 usu

1936 3809 2178 3865 celebrat
2210 3805 2476 3872 laudans,
2506 3813 2668 3874 atque
2703 3800 2902 3856 divina:
2946 3803 3156 3851 naturae
3201 3793 3505 3864 proximam

1937 3899 2156 3954 asserit.
2189 3896 2448 3950 Habitum
2494 3905 2545 3950 et
2584 3895 2813 3960 larvam,
2850 3888 3162 3945 Graecorum
3215 3885 3414 3941 fastum
3451 3894 3507 3936 et

1936 3990 2424 4048 dissimulationem
2454 3985 2724 4057 designat.
2753 3983 3065 4039 Desumitur
3093 3978 3412 4048 metaphora
3437 3990 3508 4030 ex

1939 4097 2116 4140 scenae
2147 4081 2496 4150 spectaculis,
2526 4078 2593 4132 de
2617 4077 2817 4147 quibus
2849 4075 2961 4144 jam
2997 4072 3204 4127 dictum
3231 4076 3335 4125 est.

2010 4175 2086 4227 Ac
2106 4170 2336 4240 proinde-
2369 4168 2862 4238 Peripateticorum,
2907 4171 3013 4219 etc.
3052 4159 3505 4230 Philosophorum

1937 4277 2136 4337 genera
2163 4261 2317 4323 dicit,
2345 4276 2376 4316 e
2414 4260 2570 4325 locis,
2597 4255 2938 4319 muneribus,
2970 4251 3297 4323 praesidibus
3328 4250 3504 4304 nomi-

1941 4364 2213 4409 natorum.
2235 4349 2313 4405 Ex
2335 4350 2650 4404 charactere
2673 4345 2891 4417 quidem
2913 4341 3270 4412 Peripatetica
3294 4338 3503 4402 schola,

260 4444 366 4516 μὲν
395 4444 696 4515 ἐνεργείας,
725 4445 758 4515 ἠ
783 4442 1209 4515 περιπατητικὴ,
1234 4441 1328 4496 τοῦ
1349 4441 1552 4512 ταύτης
1576 4444 1831 4511 προϊστα-

1943 4445 2101 4514 cujus
2141 4457 2343 4513 prazses
2389 4441 2618 4496 comites
2677 4453 2742 4493 ac
2801 4435 3099 4505 discipulos
3147 4432 3507 4487 deambulans

259 4535 430 4607 μένου
468 4536 594 4598 τοὺς
639 4535 873 4599 οἰκείους
913 4535 1177 4605 ὁμιλητὰς
1219 4532 1649 4602 περιπατοῦντος
1692 4532 1834 4586 διδά-

259 4643 515 4688 σκοντος·
544 4626 655 4678 ἀπὸ
677 4625 733 4679 δε
763 4625 866 4695 τῆς
907 4625 1262 4695 Ἀκαδημίας,
1306 4624 1712 4695 Ἀκαδημαϊκή·
1742 4623 1837 4676 καὶ

259 4719 496 4791 Στωϊκή,
521 4717 630 4771 ἀπὸ
658 4719 755 4788 τῆς
786 4718 977 4782 Στοᾶς.
999 4717 1072 4770 Τὸ
1099 4716 1154 4770 δὲ
1185 4716 1486 4787 αὐτόματον
1517 4716 1837 4787 Ἐπικούρου

260 4811 462 4880 φησιν,
516 4807 691 4872 οὕτως
740 4807 1031 4878 ληροῦντος
1078 4807 1113 4878 ἢ
1153 4806 1587 4876 φιλοσοφοῦντος,
1625 4807 1694 4860 τὰ
1740 4807 1840 4877 τῆς

335 4985 448 5052 (16)
477 4984 772 5039 Delendum
800 4982 899 5054 καί
923 4990 1048 5039 ante
1078 4984 1337 5054 κρηπῖδα.
1360 4981 1656 5054 Gregorius
1681 4984 1836 5039 dixe-

259 5065 371 5119 rat.
401 5055 590 5125 ἐπειδὴ
619 5053 1048 5125 βίοεθᾼαίρέσεως
1077 5053 1266 5125 καιρὸς
1298 5054 1492 5125 ἐδόκει,
1510 5055 1576 5124 ἡν
1599 5055 1837 5124 κρηπῖδα

259 5127 358 5182 τοῦ
381 5121 642 5196 πράττειν
673 5121 732 5178 εὗ
757 5123 789 5193 ἢ
819 5121 1004 5196 κακῶς
1031 5124 1142 5196 ἐγὼ
1171 5121 1421 5196 τίθεμαι·
1471 5121 1706 5196 Basilius
1740 5140 1837 5179 vo-

261 5212 382 5252 cem
401 5192 612 5266 σζῖρεσιν
640 5210 734 5266 per
758 5192 850 5248 καὶ
868 5192 1124 5266 ἐπιλογήν
1148 5210 1209 5249 ex
1219 5192 1371 5266 ponit
1396 5204 1450 5248 et
1471 5193 1709 5266 κρηπῖδα
1743 5209 1838 5260 per

263 5267 358 5320 ml.
389 5261 552 5320 οἱονεὶ
574 5261 843 5334 Θεμέλιον.
873 5261 1142 5335 Repetitio
1174 5261 1379 5335 vocula
1408 5261 1520 5335 καὶ]
1550 5261 1676 5335 ante
1703 5281 1839 5335 κρη-

263 5337 392 5390 πῖδα
413 5332 762 5391 amanuensis
777 5333 1080 5389 oscitantis:
1099 5335 1216 5388 sine
1236 5333 1402 5387 dubio
1425 5332 1710 5392 tribuenda
1731 5332 1835 5389 est.

334 5406 449 5472 (17)
481 5405 791 5476 Legendum
824 5405 888 5475 ἢν
918 5403 1014 5458 καὶ
1041 5405 1380 5476 προίσταται.

336 5471 449 5544 (l8)
508 5471 647 5530 Ilinc
692 5471 896 5529 dictum
949 5471 1322 5546 proverbiale,
1370 5474 1569 5546 πάσαις
1616 5471 1836 5543 ψήφοις,

265 5543 467 5608 πάσαις
494 5547 672 5617 νικᾷν,
694 5543 1173 5617 κρατείνίαίρεξν,
1220 5543 1385 5617 cujus
1416 5543 1610 5617 multa_
1640 5557 1837 5617 occur-

267 5626 396 5670 runt
411 5611 656 5684 exempla
691 5611 755 5669 in'
777 5611 1062 5682 Ellipsibus
1085 5611 1280 5684 Graecis
1303 5611 1557 5684 editionis
1579 5611 1836 5669 Schaefer.

340 5686 450 5754 (l9)
478 5683 655 5740 Locus
689 5685 913 5739 vitiatus
946 5701 960 5737 τ
997 5684 1133 5754 πρός
1161 5683 1447 5754 delendum
1477 5690 1579 5745 est,
1629 5689 1684 5736 et
1739 5697 1838 5751 pro

267 5751 576 5825 φιλοσοφεῖν
625 5754 909 5828 legendum
945 5751 1239 5824 φιλοσοφεῖ.
1290 5751 1442 5817 Quod
1471 5769 1535 5808 ex
1561 5759 1833 5827 ‘contextu

1939 4537 2245 4601 edocebat;
2321 4549 2388 4588 ex
2458 4530 2749 4586 Academia
2824 4544 2954 4583 vero
3018 4526 3382 4592 Academica,
3453 4533 3507 4590 et

1943 4630 2124 4685 Stoica
2169 4643 2200 4682 e
2236 4625 2386 4680 Stoa.
2423 4623 2642 4695 Epicuri
2692 4629 2873 4676 autem
2921 4619 3286 4675 atomisticam
3337 4617 3502 4675 dicit.

1943 4724 2025 4777 sic
2071 4717 2367 4776 eﬂ‘utientis
2399 4731 2464 4770 ac
2499 4713 2957 4785 philOSOphantis,
2999 4709 3508 4778 Providentiamque

1945 4810 2214 4880 ejicicntis
2246 4820 2408 4879 atque
2431 4805 2743 4862 inducentis
2797 4811 3031 4868 atomos,
3070 4801 3509 4870 voluptatemque

1981 4993 2109 5039 atet.

1943 5003 2126 5123 pagi.)
2157 5053 2234 5106 Ad
2260 5054 2375 5107 haec
2405 5050 2650 5123 Gregorii
2683 5051 2847 5123 verba
2889 5052 3058 5123 (orat.
3092 5049 3197 5123 l6,_
3216 5047 3344 5123 olim
3370 5045 3468 5123 )5)
3495 5063 3510 5099 :

1943 5127 2006 5179 Ol
2021 5117 2150 5187 τοῖς
2170 5124 2392 5194 ὑψηλοῖς
2421 5117 2630 5194 Θρόνοις
2677 5121 3098 5194 ἐχκαθεζόμενοι
3109 5117 3339 5194 -καὶΙτὴν
3359 5117 3516 5194 ὰ-ρχιο

1942 5195 2048 5274 κὴν
2063 5187 2279 5274 σκηνῇν
2301 5187 2566 5274 αζρονῖτες.
2595 5221 2668 5274 -τ
2693 5187 2826 5274 Τῆς,
2852 5193 2937 5272 ait
2948 5187 3188 5274 Basilius
3209 5187 3512 5274 (cod.‘5'7§,

1940 5256 2261 5334 p.'128;'l)',
2302 5256 2411 5316 τῶν
2449 5256 2774 5334 ἀξιωμάτων
2803 5261 2978 5331 ἀρχῆς
3002 5261 3093 5334 τὸν
3123 5256 3333 5334 κόμπον
3365 5256 3514 5334 λέγει

1944 5327 2170 5411 σκηνὴν,
2317 5327 2628 5411 μεταφορᾶς
2658 5328 2768 5382 τῶν
2801 5327 3073 5411 σκηνικῶν
3088 5327 3203 5411 μτῆς
3227 5327 3514 5411 κωμῳδίας
3552 5357 3563 5411 μ

1939 5397 2177 5474 τρόπων,
2224 5405 2282 5455 ἐν
2318 5397 2406 5474 ὀἷς
2463 5397 2765 5474 πρόσωπα,
2824 5397 3029 5474 μᾶλλον
3083 5397 3168 5474 δέν
3197 5397 3514 5474 προσωπεῖα

1943 5470 2206 5543 βασιλέων
2232 5472 2538 5543 εἰσάγεται,
2572 5471 2680 5543 καὶ*
2705 5470 3004 5543 τυράννων,
3019 5470 3128 5543 Δκαὶ
3169 5470 3510 5543 στρατηγῶν,
3552 5493 3562 5542 ί

1942 5535 2047 5596 ὗπὺ
2078 5544 2344 5612 πενήτων,
2366 5535 2459 5594 καὶ
2490 5538 2720 5612 εὐτελῶν
2744 5535 2888 5612 [τὰς
2914 5539 3136 5592 ἐκείνων
3195 5535 3516 5612 exossam:
3552 5535 3562 5542 ’
3590 5589 3594 5599 ,

1939 5631 2048 5666 των
2075 5603 2294 5674 σκεόὰς.
2324 5610 2390 5676 ἃς
2428 5610 2568 5680 μετὰ
2588 5610 2685 5680 τὴν
2732 5603 2987 5680 τοιαίδτην
3043 5608 3270 5680 πομπήν
3309 5622 3369 5680 τε
3421 5603 3514 5680 καὶ

1943 5683 2145 5754 σκηνὴν
2167 5675 2479 5748 ἀποδύντες,
2508 5675 2653 5751 Ἶροι
2675 5679 2765 5732 καὶ
2781 5675 3033 5744 εὐτελεῖς,
3064 5675 3250 5747 ὥσπερ
3276 5675 3336 5728 τὸ
3362 5675 3514 5745 πρὶν,

1947 5771 2010 5824 με
2021 5754 2333 5825 μενήκασιν.

3414 5465 3602 5524 (amr
