3856 6220
354 247 375 301 1
395 249 486 302 lli'l
1738 247 1919 302 BASII.

2026 246 2240 302 MINIMI
3471 243 3489 293 ί
3514 241 3638 295 H33

354 360 630 416 fclicitatis
687 360 848 416 ﬁnem
904 377 1028 419 esse
1078 363 1414 418 aﬂirmantis.
1451 363 1606 416 Plato
1645 371 1825 417 autem
1871 364 1919 416 in

2029 361 2292 431 Προνοίας
2329 357 2710 422 ἐκδάλλοντος,
2744 352 2963 416 καὶτὰς
2996 351 3232 423 ἀτόμους
3263 351 3631 420 αἰτιωμένου,

359 447 666 518 Republica,
685 451 980 508 Homerum
1007 453 1382 508 commdorum
1436 451 1558 505 lana
1607 462 1919 506 coronatum

2035 453 2131 506 καὶ
2162 453 2262 522 τὴν
2290 451 2483 521 ἡδονὴν
2519 449 2672 510 τέλος
2713 448 2811 516 τῆς
2840 442 3186 515 εὐδαιμονίας
3225 438 3367 495 εἶναι
3405 441 3630 511 ὁρίζον-

353 556 419 594 ειι
453 540 672 594 civitate
703 555 802 594 sua
833 543 1209 612 expellendum
1239 551 1447 605 censet,
1474 541 1919 611 quemadmodum

2033 561 2142 606 τος.
2176 541 2400 595 Πλάτων
2438 541 2482 593 δ’
2515 541 2574 592 ὲν
2604 540 2724 601 ταῖς
2758 535 3092 600 Πολιτείαις
3121 533 3251 604 (ιιι,
3281 547 3334 586 c.
3369 532 3425 595 9,
3456 533 3580 584 Ast.
3608 537 3630 598 )

356 648 386 685 a
417 634 737 688 mulieribus
766 634 1090 689 hirundines
1117 633 1289 705 fugari
1319 634 1518 698 solent,
1554 643 1776 704 propter
1807 648 1931 704 gar-

357 723 658 779 rulitatem.

427 815 594 883 Atque
636 815 853 866 illorum
904 813 1116 884 quidem
1157 815 1523 882 arrogantiam
1575 813 1832 882 refutans.
1875 813 1930 866 In

355 899 576 957 habitus
611 902 969 958 similitudine
1001 904 1135 956 nihil
1161 904 1409 957 imminui
1443 912 1498 957 et
1531 903 1675 968 lanii,
1713 902 1932 956 vincere

355 1003 538 1048 autem
574 995 750 1064 magis
780 995 1011 1048 istorum
1039 993 1363 1062 jactantiam
1413 1003 1578 1063 atque
1624 993 1932 1056 audaciam,

353 1085 438 1138 vel
473 1085 654 1153 potius
679 1083 1100 1154 impudentiam.
1145 1082 1356 1137 Etenim
1388 1099 1453 1137 ex
1481 1083 1806 1153 etymologia
1838 1082 1934 1134 αὐ-

353 1175 772 1241 τὸς-ἁκδδάνω,
801 1176 1040 1246 aliquem
1083 1175 1407 1244 sibimetipsi
1452 1175 1756 1245 placentem
1797 1174 1935 1228 dici-

354 1283 477 1322 mus
510 1267 752 1322 habitum
787 1267 1006 1323 habere.

427 1465 552 1521 Non
606 1485 844 1521 sermone
894 1469 1033 1535 ﬁctae
1085 1469 1344 1522 civitates.
1387 1467 1574 1532 Qualis
1620 1483 1648 1520 a
1706 1465 1934 1520 Platone

354 1557 479 1611 ﬁcta
530 1559 744 1623 civitas,
775 1573 896 1628 quae
938 1574 1216 1628 nunquam
1257 1559 1483 1613 exstitit.
1537 1557 1768 1626 Ideoque
1801 1558 1932 1610 sub-

349 1647 470 1713 jicit
524 1665 538 1700 :
581 1644 864 1714 Scindapsi
918 1647 1135 1716 quidam
1184 1657 1234 1700 et
1284 1646 1465 1699 blituri
1518 1659 1567 1698 et
1615 1644 1929 1715 tragelaplti,

2036 636 2281 706 ’Όμηρον
2333 631 2610 703 κωμῳδῶν
2660 631 2793 700 ἐρίῳ
2829 626 3132 696 στέψαντας
3175 623 3462 678 ἐκϐάλλειν
3506 622 3629 690 ἔφη

2032 726 2134 797 τῆς
2191 725 2395 788 οίκείας
2458 722 2764 784 πολιτείας,
2823 720 3011 791 ῶσπερ
3074 719 3173 782 τάς
3223 718 3501 790 χελιδόνας
3566 716 3634 768 αἱ

2035 820 2309 888 γυναῖκες,
2344 815 2500 885 φησι,
2523 815 2610 868 διά
2639 815 2738 883 τὴν
2766 811 3098 880 ἀδολεσχίαν.

2108 910 2246 964 ibid.
2279 910 2332 964 9.
2365 908 2474 962 Kal
2507 903 2691 960 νικῶν
2721 904 2836 971 τὴν
2857 903 2976 972 μὲν
2997 904 3244 957 ἐκείνων
3271 901 3630 958 αὐθάδειαν.

2049 1003 2136 1055 Ἐν
2183 1004 2252 1070 τῇ
2281 999 2378 1052 τοῦ
2423 998 2702 1069 σχήματος
2739 995 3017 1066 ὁμοιότητι
3055 993 3218 1064 μηδὲν
3263 991 3632 1045 ἐλαττοῦσθαι

2036 1093 2130 1146 καὶ
2168 1087 2690 1160 παραὸλάπτεσθαι,
2728 1089 2885 1157 νικᾷν
2917 1086 2973 1140 δέ
3017 1085 3218 1154 μᾶλλον
3252 1085 3352 1156 τὴν
3393 1085 3633 1137 ἐκείνων

2036 1182 2353 1246 ἀλαζονείαν
2380 1179 2474 1232 καὶ
2507 1177 2903 1249 αὐταρέσκειαν
2922 1216 2936 1240 ,
2967 1177 3142 1229 εῐτουν
3171 1175 3494 1229 αὐθάδειαν·
3523 1173 3630 1226 οὖ-

2035 1290 2142 1336 τως
2172 1272 2281 1343 γάρ
2317 1289 2429 1334 πως
2463 1269 2633 1340 αὐτὴν
2665 1266 3082 1338 ἐτυμολογοῦσιν
3107 1307 3122 1332 ,
3151 1265 3475 1342 αὐτοάδειάν
3501 1283 3632 1317 τινι-ι

2032 1361 2218 1426 οὖσαν,
2251 1363 2324 1425 ὡς
2359 1363 2426 1416 ἂν
2464 1361 2558 1414 τοῦ
2594 1362 2872 1432 σχήματος
2901 1359 3117 1428 ἔχωσιν.

2104 1453 2240 1508 Ibid.
2285 1452 2325 1506 B
2360 1453 2445 1506 i0.
2488 1453 2569 1505 Οὐ
2612 1455 2774 1520 λόγῳ
2807 1451 3229 1519 πλαττόμεναι.
3282 1450 3386 1503 Οἴα
3427 1452 3462 1520 ἠ
3513 1449 3630 1502 ὑπὸ

2033 1543 2322 1606 Πλάτωνος
2355 1541 2657 1596 πλασθεῖσα
2692 1542 2811 1613 μὲν,
2842 1541 3110 1612 μηδέποτε
3147 1541 3204 1594 δὲ
3234 1543 3510 1610 γεγονυῖα·
3537 1542 3630 1594 διὸ

2033 1636 2127 1688 καὶ
2155 1636 2371 1703 ἐπάγει,
2398 1633 2726 1701 σκινδαψοί
2752 1651 2912 1698 τινες
2942 1633 3041 1688 καὶ
3061 1635 3302 1702 βλίτυρι
3326 1633 3425 1688 καὶ
3452 1650 3633 1703 τραγ

355 1711 538 1791 inania
581 1711 816 1806 negotia,
869 1711 990 1808 quas
1020 1753 1116 1808 per
1159 1739 1467 1793 litterarum
1515 1747 1569 1792 et
1623 1711 1919 1792 dictionum

2035 1727 2245 1796 ἐλαφοι
2269 1727 2402 1797 (21),
2429 1725 2751 1796 ἀνύπαρκτα
2790 1725 3093 1796 πράγματα
3117 1767 3130 1790 ,
3164 1725 3446 1788 συνθέσεις
3472 1743 3628 1778 στοι-

353 1829 713 1883 structionem
762 1837 1190 1899 componuntur,
1244 1844 1309 1883 ac
1347 1830 1529 1900 lingua
1571 1827 1835 1882 duntaxat
1879 1835 1919 1881 el

2033 1820 2194 1889 χείων
2219 1819 2312 1872 καὶ
2342 1819 2561 1884 λέξεων,
2598 1819 2812 1892 γλώττῃ
2857 1821 3017 1890 μόνον
3055 1821 3149 1873 καὶ
3185 1819 3411 1888 στόματι
3445 1818 3624 1888 φερό-

352 1932 450 1970 ore
484 1918 854 1986 proferuntur.
893 1919 1187 1989 Categoriw
1208 1928 1388 1974 autem
1422 1919 1764 1984 Aristotelis,
1799 1933 1919 1988 pro-

2035 1929 2187 1982 μενα.
2227 1931 2245 1964 ι
2283 1913 2625 1984 Κατηγορίαι
2668 1932 2687 1966 ι
2723 1914 2780 1966 δὲ
2827 1913 3263 1984 Ἀριστοτέλους,
3295 1913 3351 1967 αἱ
3380 1913 3441 1977 ἐξ
3482 1913 3628 1967 ὐπο-

353 2009 655 2078 positiones
683 2026 806 2078 quas
834 2027 898 2065 ex
936 2012 1187 2080 subjecto
1220 2019 1274 2065 et
1309 2011 1607 2080 praedicata
1649 2016 1919 2074 constantl

2031 2004 2285 2074 κειμένου
2333 2005 2426 2058 καὶ
2468 2005 2952 2076 κατηγορουμένου
2989 2004 3310 2074 προτάσεις,
3353 2004 3412 2070 ἐξ
3455 2000 3532 2058 ῶν
3565 2005 3626 2058 oi

352 2117 418 2154 cx
450 2101 649 2169 quibus
686 2101 985 2171 syllogismi
1020 2110 1336 2167 nectuntur,
1375 2111 1429 2156 et
1453 2103 1507 2156 in
1535 2117 1674 2172 quas
1706 2117 1919 2157 rursum

2034 2096 2386 2168 συλλογισμοὶ
2428 2097 2853 2168 συμπλέκονται,
2879 2098 2974 2152 καὶ
3005 2101 3086 2161 εἰς
3114 2097 3259 2168 ἆπερ
3291 2097 3626 2152 ἀναλύονται

352 2189 700 2244 resolvuntur
738 2207 750 2242 :
789 2190 1248 2259 quemadmodum
1298 2192 1507 2246 scilicet
1539 2192 1703 2246 etiam
1733 2193 1836 2245 illa;
1865 2207 1933 2245 ex

353 2281 621 2342 terminis.
661 2289 716 2335 et
776 2281 832 2336 in
889 2281 1109 2337 eosdem
1168 2298 1385 2338 rursum
1442 2284 1812 2338 resolvuntur.
1863 2286 1933 2337 At

351 2388 482 2426 vero
547 2373 834 2428 mistiones
907 2375 999 2444 (ut
1051 2373 1466 2444 appellantur),
1511 2375 1932 2444 conjunctiones

345 2461 598 2532 quaedam
623 2470 752 2517 sunt
779 2463 1133 2516 materiarum
1159 2470 1212 2518 et
1237 2479 1421 2518 rerum
1461 2464 1930 2527 necessariarum,

345 2556 781 2624 contingentium
823 2563 878 2606 et
920 2553 1311 2609 accidentium.
1367 2553 1546 2626 Hujus
1589 2555 1734 2610 enim
1784 2555 1931 2624 quod

343 2646 547 2700 dicitur
582 2645 955 2714 impossibile,
1001 2649 1339 2700 contrarium
1387 2655 1472 2698 est
1510 2640 1924 2697 necessarium:

352 2754 522 2792 unum
565 2737 712 2792 enim
764 2749 990 2792 necesse
1030 2747 1117 2794 est
1155 2751 1299 2804 esse,
1326 2736 1558 2792 alterum
1595 2750 1730 2791 non.
1803 2731 1928 2788 Haec

307 2856 315 2864 -
346 2840 478 2879 vero
510 2824 843 2894 symbamata
871 2834 920 2877 et
957 2828 1428 2892 parasymbamata
1457 2824 1621 2878 modo
1655 2823 1926 2878 dictarum

349 2917 747 2982 categoriarum
791 2913 1009 2967 diversa
1055 2920 1186 2967 sunt
1233 2928 1472 2982 genera,
1530 2913 1596 2967 de
1627 2912 1830 2983 quibus
1879 2912 1925 2967 si

351 3002 528 3056 fusius
557 3001 848 3055 dicendum
890 3001 1028 3054 foret
1062 3009 1277 3069 tempus
1305 2999 1580 3055 deﬁceret.

2031 2189 2222 2242 πάλιν·
2253 2192 2309 2243 αἱ
2338 2190 2394 2243 δὲ
2424 2190 2485 2254 ἐξ
2513 2191 2656 2261 ὅρων
2690 2190 2784 2242 καὶ
2813 2191 2976 2243 αὐταὶ
3007 2191 3388 2260 συγκείμεναι,
3413 2191 3507 2242 καὶ
3535 2192 3626 2253 είς

2030 2281 2225 2344 αὐτοὺς
2247 2276 2402 2344 αὖθις
2434 2279 2453 2352 (
2479 2283 2603 2336 cod.
2641 2296 2697 2352 p.
2734 2279 2854 2347 150,
2881 2279 2938 2349 2)
2969 2280 3310 2336 ἀναλύονται.
3337 2282 3404 2333 Δί
3430 2281 3488 2334 δέ
3519 2281 3614 2334 λε-

2029 2370 2256 2440 γόμεναι
2293 2389 2311 2422 ι
2351 2370 2527 2440 μίξεις
2564 2390 2582 2422 ι
2607 2411 2621 2434 ,
2653 2369 2962 2440 συμπλοκαί
2997 2370 3141 2434 τινές
3179 2372 3317 2424 εἰσιν
3345 2369 3486 2424 ὑλῶν
3517 2374 3628 2424 καὶ

2031 2459 2371 2530 πραγμάτων
2406 2457 2720 2526 ἀναγκαίων
2740 2498 2754 2522 ,
2805 2459 3172 2529 ἐνδεχομένων
3213 2459 3309 2512 καὶ
3341 2460 3624 2530 ὑπαρχόν-

2026 2566 2136 2603 των
2155 2567 2168 2580 ·
2197 2551 2232 2621 ή
2256 2549 2364 2620 γάρ
2393 2548 2487 2602 τοῦ
2513 2549 2810 2619 λεγομένου
2843 2551 3107 2606 ἀδυνάτου
3131 2552 3465 2624 ἀντιστροφή
3493 2555 3624 2606 ἐστι

2025 2637 2121 2691 τοῦ
2145 2635 2444 2705 ἀναγκαίου
2461 2653 2475 2668 ·
2500 2637 2529 2690 ὃ
2550 2638 2658 2709 γάρ
2687 2638 2900 2708 ἀνάγκη
2925 2634 3084 2704 εἶναι,
3107 2639 3265 2693 τοῦτο
3292 2641 3502 2710 ἀνάγκη
3536 2643 3625 2711 μὴ

2026 2724 2187 2784 εἷναι.
2229 2728 2310 2781 Τά
2351 2727 2409 2781 δέ
2455 2747 2474 2780 ι
2535 2730 2869 2800 συμϐάματα
2908 2731 3005 2785 καὶ
3042 2733 3558 2803 παρασυμϐάματα,
3597 2753 3620 2786 ι

2026 2817 2136 2871 τῶν
2185 2818 2495 2890 εἰρημένων
2546 2821 2892 2892 κατηγοριῶν
2935 2823 3074 2875 εἰσιν
3119 2822 3271 2894 είδη,
3311 2823 3441 2894 περὶ
3479 2815 3560 2878 ὧν
3593 2826 3623 2877 έ

2026 2910 2218 2981 χρόνος
2243 2912 2376 2982 ἡμῖν
2403 2911 2671 2983 ἐπιλείψει
2698 2911 3024 2986 λεπτότερον
3057 2914 3466 2988 ἐξηγουμένοις.

424 3093 534 3147 Nec
567 3094 717 3146 linere
766 3093 1033 3161 quadam.
1085 3090 1203 3145 Non
1232 3092 1368 3146 satis
1411 3100 1752 3163 compertum
1795 3105 1919 3160 quo-

2098 3085 2234 3141 lbid.
2272 3086 2313 3142 C
2353 3087 2404 3141 Ι.
2442 3087 2594 3143 Οὐδὲ
2633 3091 2893 3160 γραμμαί
2928 3109 3108 3158 τινες.
3150 3093 3463 3166 Ἀπορεῖται
3492 3095 3619 3159 πῶς

349 3182 511 3235 modo
541 3183 697 3237 lineae
723 3197 846 3236 esse
882 3181 1119 3250 possint,
1145 3197 1418 3250 nusquam
1450 3183 1592 3246 sitae,
1626 3181 1771 3236 sicut
1804 3195 1925 3250 geo-

348 3281 535 3327 metrae
565 3273 631 3327 de
665 3271 960 3328 sensilibus
995 3271 1080 3325 his
1124 3270 1474 3342 lineis,quasi
1503 3273 1571 3327 de
1605 3274 1706 3326 hac
1734 3272 1923 3326 dextra

344 3393 435 3428 --,
467 3375 521 3420 et
546 3365 613 3420 de
647 3367 748 3420 hac
780 3381 1009 3422 recurva
1031 3365 1224 3441 /\,
1259 3375 1312 3422 et
1342 3365 1408 3420 de
1439 3367 1662 3421 sinuosa
1689 3387 1920 3431 M,

347 3471 468 3523 qua:
490 3455 576 3509 hic
607 3457 944 3523 scribuntur,
966 3465 1020 3513 et
1045 3458 1162 3513 sitae
1185 3467 1331 3518 sunt,
1352 3465 1405 3512 et
1427 3458 1698 3524 videntur,
1715 3459 1923 3515 ratione

347 3545 1093 3616 sejungentesamateria,et
1145 3549 1470 3617 corporibus
1517 3558 1571 3602 et
1621 3552 1917 3618 sensilibus

347 3638 562 3706 absque
604 3640 833 3692 materia
859 3651 912 3693 et
951 3655 1014 3694 ex
1054 3641 1395 3694 detractione
1443 3641 1592 3710 ipsas
1624 3641 1918 3696 desumunt

346 3730 548 3798 quibus
609 3731 760 3784 varia
797 3734 1110 3801 geometria:
1156 3733 1433 3786 schemata
1469 3742 1918 3788 construxerunt.

347 3819 485 3874 "inc
512 3828 566 3875 et
609 3823 962 3876 astronomiae
1007 3824 1241 3879 studiosi
1283 3825 1563 3879 stellarum
1615 3825 1817 3896 ﬁguras
1841 3823 1922 3881 ef-

346 3915 576 3982 ﬁngunt,
607 3913 1075 3984 astrologicasque
1102 3915 1318 3970 tabulas
1355 3923 1597 3980 struunt,
1661 3924 1716 3971 et
1743 3917 1920 3972 sidera

345 4005 823 4068 circumscribunt,
866 4006 1066 4076 quibus
1091 4015 1146 4062 et
1168 4022 1504 4078 cognoscere
1529 4017 1584 4062 et
1620 4009 1920 4077 praedicere

342 4098 634 4164 opinantur
667 4095 872 4162 futura,
926 4096 1353 4163 Providentiam,
1410 4100 1506 4160 ait,
1555 4099 1919 4165 ludiﬁcantes,

342 4202 404 4240 ac
429 4185 796 4243 Providentiae
826 4199 1040 4244 secreta
1066 4199 1422 4259 usurpantes.
1477 4190 1608 4256 Quae
1643 4192 1919 4246 secunda-

346 4281 422 4331 ria
450 4279 576 4333 huic
608 4279 935 4351 philosopho
962 4290 1016 4337 et
1047 4284 1206 4353 quasi
1233 4285 1392 4338 ludus
1418 4295 1594 4345 erant,
1627 4293 1687 4338 ut
1726 4285 1817 4353 qui
1850 4284 1917 4340 iis

341 4386 448 4423 non
481 4382 743 4438 uteretur,
774 4374 866 4429 sed
912 4375 1055 4429 scire
1094 4375 1228 4429 satis
1261 4375 1502 4437 haberet,
1551 4384 1608 4428 ut
1643 4391 1710 4429 ne
1742 4375 1810 4428 ab
1845 4375 1912 4430 iis
1946 4393 1990 4448 ι)

339 4463 430 4532 qui
450 4478 640 4516 earum
663 4480 846 4518 rerum
872 4465 1156 4520 scientiam
1181 4465 1286 4520 sibi
1309 4465 1656 4536 arrogabaut,
1680 4467 1914 4520 circum-

338 4555 615 4608 veniretur
646 4570 710 4608 ac
739 4555 1114 4611 deluderetur.

409 4731 468 4785 Si
513 4749 689 4786 omnes
728 4731 965 4786 studium
1016 4749 1172 4786 suum
1222 4743 1376 4802 atque
1409 4750 1620 4802 operam
1672 4735 1908 4788 contule-

334 4825 471 4876 rint.
505 4823 583 4876 Ad
614 4824 744 4894 quid
789 4824 1169 4879 contulerint?
1197 4824 1263 4878 ad
1289 4826 1728 4896 syllogismorum
1773 4842 1909 4882 con-

333 4913 658 4968 clusionem.
693 4913 848 4979 Quod
879 4915 1022 4969 enim
1042 4931 1138 4985 per
1161 4917 1538 4986 syllogismum
1569 4917 1909 4973 demonstra-

333 5010 444 5065 tur,
481 5004 766 5059 conclusio
785 5011 1033 5060 vocatur.
1067 5008 1308 5076 Exempli
1339 5009 1534 5076 gratia,
1563 5011 1805 5063 essentia
1839 5011 1905 5064 de

333 5093 480 5147 omni
511 5094 732 5149 animali
779 5094 1151 5151 demonstrata
1182 5095 1562 5167 patefactaque
1597 5107 1649 5152 et
1683 5101 1903 5153 animali
1937 5157 1944 5167 η

405 5280 514 5343 (2|)
549 5278 684 5333 Vide
709 5279 890 5334 Basilii
928 5280 1135 5335 scholia
1167 5280 1234 5334 ad
1280 5280 1585 5336 Orationem
1637 5282 1664 5335 I
1710 5283 1763 5336 in
1802 5283 1896 5338 Ju-

305 5353 555 5412 .lianum,
588 5358 722 5413 not.,
757 5367 941 5418 supra.

402 5420 511 5490 (22)
541 5420 688 5475 Alias
707 5421 868 5491 etiam
905 5421 1197 5490 Gregorius
1239 5419 1306 5474 de
1345 5422 1504 5475 lineis
1549 5425 1896 5491 geometricis

330 5491 569 5564 laquitur
632 5497 796 5564 (orat,
821 5490 912 5553 28,
943 5492 1201 5564 ohmhl’it)
1221 5509 1241 5564 _:
1277 5494 1425 5555 ποῖος
1455 5490 1747 5563 Εὐκλείδης
1775 5495 1897 5564 ἐμι-

333 5560 961 5632 μήσατοταῦταγζιιρυηι
1008 5561 1238 5632 cellulae)
1274 5566 1558 5631 γραμμαῖς
1610 5560 1895 5632 ἐμφιλοσο-

303 5629 443 5698 ςφῶν
473 5631 590 5698 ταῖς
609 5631 705 5682 οὐκ
735 5629 939 5688 οὔσαις,
970 5633 1062 5682 καὶ
1084 5629 1398 5698 κάμνῳνέν
1415 5635 1532 5693 ταῖς
1560 5629 1896 5697 ἀποδείξεως

329 5693 458 5762 Quae
500 5697 584 5754 sic
617 5701 838 5768 exponit
890 5699 1122 5756 Basilius
1154 5693 1361 5764 Ξυῦτος
1415 5702 1558 5772 (cod.
1602 5720 1654 5772 p.
1679 5693 1804 5771 215,
1841 5693 1896 5774 2)

2023 3171 2136 3230 οἷόν
2158 3178 2218 3231 τέ
2246 3179 2392 3231 ἐστιν
2425 3175 2566 3232 εἶναι
2595 3180 2863 3252 γραμμάς
2895 3181 3146 3253 μηδαμοῦ
3187 3185 3468 3255 κειμένας,
3497 3182 3619 3239 οἷον

2023 3269 2333 3339 γεωμέτραι
2377 3269 2486 3322 ἀπὸ
2541 3271 2650 3324 τῶν
2700 3271 2975 3343 αἰσθητῶν
3028 3275 3260 3328 τουτωνὶ
3310 3276 3617 3346 γραμμῶν,

2021 3354 2132 3413 οἷον
2163 3360 2376 3424 εὐθείας
2401 3362 2664 3432 ταυτησὶ,
2719 3365 2816 3420 καὶ
2860 3364 3157 3435 καμπύλης
3199 3366 3297 3420 καὶ
3331 3366 3614 3438 ξυστροει-

2021 3451 2163 3514 δοῦς,
2198 3451 2305 3505 τῶν
2329 3453 2578 3507 ἐνταυθοῖ
2604 3455 2698 3509 καὶ
2717 3454 3080 3526 γραφομένων
3100 3457 3194 3510 καὶ
3220 3457 3491 3527 κειμένων
3512 3461 3616 3512 καὶ

2021 3543 2345 3613 ὁρωμένων,
2387 3544 2465 3616 τῷ
2496 3544 2640 3616 λόγῳ
2681 3545 3008 3617 χωρίζοντες
3039 3549 3150 3603 ἀπὸ
3195 3553 3297 3621 τῆς
3341 3550 3474 3622 ὕλης
3510 3555 3615 3606 καὶ

2021 3633 2130 3686 τῶν
2165 3636 2434 3705 σωμάτων
2463 3635 2558 3690 καὶ
2585 3635 2696 3690 τῶν
2724 3637 3017 3710 αἰσθητῶν,
3051 3641 3232 3706 ἀΰλως
3264 3642 3444 3696 νοοῦσι
3473 3645 3612 3697 ταύ-

2018 3743 2118 3790 τας
2145 3728 2236 3780 καὶ
2275 3728 2527 3796 ἀφέτως,
2559 3729 2651 3800 ὐφ’
2694 3723 2769 3784 ὧν
2806 3732 2900 3785 καὶ
2940 3733 3008 3786 τά
3055 3734 3307 3805 πολυειδῆ
3345 3736 3614 3806 σχήματα

2022 3815 2327 3870 συντιθέασι
2355 3816 2454 3886 τῆς
2488 3820 2830 3890 γεωμετρίας
2863 3821 2996 3889 (22).
3039 3821 3134 3875 Ἕκ
3155 3822 3357 3876 τούτων
3387 3819 3479 3876 οὖν
3508 3827 3613 3878 καὶ

2019 3908 2068 3961 οἱ
2104 3909 2468 3980 ἀστρονομίας
2512 3911 2970 3981 μεταποιούμενοι
3009 3915 3134 3976 τοὺς
3186 3917 3611 3986 σχηματισμοὺς

2019 3999 2126 4052 τῶν
2157 4000 2401 4071 ἀστέρων
2431 3999 2774 4067 διατυποῦσι,
2819 4003 2915 4056 καὶ
2955 4004 3022 4056 τά
3055 4005 3322 4076 λεγόμενα
3362 4005 3608 4077 θεμάτια

2021 4093 2347 4159 συντιθέασι,
2375 4093 2469 4146 καὶ
2503 4094 2919 4164 καταγράψουσι
2946 4098 3072 4160 τοὺς
3119 4098 3389 4167 ἀστέρας,
3429 4098 3489 4163 ἐξ
3524 4092 3610 4152 ὧν

2019 4183 2112 4235 καὶ
2137 4182 2423 4251 γινώσκειν
2448 4183 2543 4236 καὶ
2574 4185 2860 4254 προλέγειν
2883 4186 3081 4240 οἴονται
3109 4188 3176 4240 τά
3207 4189 3461 4258 ἐσόμενα,
3494 4191 3604 4259 τῆς

2018 4275 2280 4343 Προνοίας
2307 4315 2321 4338 ,
2368 4276 2522 4344 φησὶ,
2566 4278 2999 4341 καταπαίζοντες
3022 4318 3036 4341 ,
3072 4279 3259 4332 καὶτά
3308 4282 3605 4352 ἀπόρρητα

2017 4363 2117 4434 τῆς
2174 4365 2432 4436 Προνοίας
2481 4365 2919 4437 σφετερίζοντες·
2954 4368 2990 4422 ἀ
3027 4369 3281 4440 πάρεργα
3330 4370 3409 4441 τῷ
3444 4373 3602 4440 φιλο⁹

2020 4457 2168 4526 σόφῳ
2219 4457 2392 4530 τούτῳ
2433 4461 2527 4513 καὶ
2559 4460 2861 4530 παιζόμενα
2906 4463 3173 4534 ὑπῆρχον,
3221 4465 3295 4534 μὴ
3327 4467 3603 4538 χρωμένῳ

2021 4550 2142 4619 μὲν,
2174 4550 2336 4602 εἰδότι
2365 4551 2441 4616 δὲ,
2471 4552 2547 4616 ὡς
2577 4554 2652 4624 μὴ
2680 4554 3115 4620 καταπαίζεσθαι
3149 4557 3254 4610 ὑπὸ
3278 4557 3388 4610 τῶν
3417 4559 3601 4629 οίομέο

2017 4659 2123 4694 νων
2152 4641 2322 4695 ταῦτα
2351 4644 2568 4697 εἰδέναι.

2088 4732 2205 4788 Col.
2257 4734 2394 4790 1208
2440 4734 2479 4787 Β
2516 4736 2565 4789 1.
2614 4737 3004 4801 Συναγηόντων
3058 4739 3171 4808 μὲν
3219 4740 3480 4797 πάντων.
3529 4743 3599 4797 ΤΞ

2014 4827 2390 4894 συναγόντων;
2435 4827 2901 4899 συλλογιζομένων
2925 4871 2939 4893 ,
2991 4833 3500 4902 συμπεραινόντων·
3533 4837 3597 4889 τὸ

2010 4918 2118 4986 γάρ
2163 4916 2620 4987 ἀποδεικνύμενον
2667 4919 2776 4971 ἀπὸ
2826 4919 2920 4972 τοῦ
2973 4920 3335 4992 συλλογισμοῦ
3384 4925 3597 4994 συμπέ-

2009 5024 2193 5078 ρασμα
2231 5007 2482 5074 λέγεται·
2512 5004 2645 5076 οἷον,
2676 5011 2776 5080 τῆς
2807 5011 2996 5076 οὐσίας
3030 5013 3172 5066 κατά
3215 5014 3415 5078 παντὸς
3450 5015 3594 5079 ζώου

2007 5100 2488 5170 κατηγορουμένης
2517 5102 2611 5154 καὶ
2639 5100 2960 5173 λεγομένης,
2986 5103 3079 5157 καὶ
3108 5103 3204 5156 τοῦ
3228 5103 3366 5167 {dion
3389 5105 3593 5175 ὁμοίως

2006 5287 2345 5358 γεωμετρίας
2387 5288 2728 5358 διδάσκαλος,
2763 5290 2822 5341 ἒν
2862 5283 3490 5358 τρισκαίδεκαμβιδλίοις
3521 5285 3590 5338 τά

2007 5354 2544 5431 τοιαῦταίσυντάξαςΔ
2568 5354 3187 5431 μαθήματα.Τραμμάς
3214 5355 3396 5431 δὲ-οὐκ
3420 5354 3587 5431 οὔσας

2008 5422 2425 5499 εἶπενηέπειδὴ
2468 5422 2648 5499 τίθησι
2703 5422 3188 5499 μὲνγκαιγρᾶφ-ει
3242 5426 3590 5499 εὐθεῖανλκαὶ

2009 5497 2304 5568 καμπύλην
2327 5493 2628 5568 γραμμὴν,
2655 5493 2747 5551 καὶ
2770 5497 2837 5550 τὰ
2861 5493 3035 5568 λοιπᾷ
3057 5493 3261 5548 τούτων
3292 5494 3429 5562 εἴδη,
3457 5493 3586 5568 $953-

2009 5566 2159 5640 ἶδξται
2188 5567 2243 5620 δὲ
2280 5567 2353 5640 μὴ
2383 5566 3126 5640 Ἶτῆνζγραφομένην-ταύῖην
3171 5568 3333 5640 νοεῖν.
3373 5566 3586 5640 venue;

2009 5636 2064 5687 δέ
2098 5655 2212 5698 πως
2244 5635 2453 5705 καὶτῆς
2483 5635 2612 5707 ὕλης
2637 5635 2790 5700 ἐκτὸς
2815 5635 2987 5692 ταῦτα
3019 5637 3271 5704 θεωρεῖν⁹
3303 5635 3587 5707 καιῌτυχὸν

2012 5708 2068 5758 ἐν
2096 5707 2303 5770 τούτοις
2333 5703 2548 5777 κάμνει,
2569 5703 2917 5777 ’κοπούμενος
2949 5709 3005 5760 ἐν
3036 5703 3155 5769 ταῖς
3192 5703 3522 5770 ἀποδείξεσι.
