3856 6220
221 359 349 414 1169

1309 367 1600 425 SCHOLIA
1639 369 1706 424 IN
1744 370 1950 426 ORAT.
1993 371 2082 424 DE
2123 369 2417 426 HEIlONE.

3343 379 3478 434 H70

221 478 352 531 κατὰ
395 478 600 543 παντὸς
626 479 941 552 ἀνθρώπου,
966 482 1016 534 τί
1045 481 1065 554 [
1090 481 1210 537 cod.
1240 483 1294 537 τί
1324 485 1404 538 τό.
1439 516 1499 524 -
1531 483 1618 554 Cf.
1652 483 1788 540 Elia:

1907 487 2110 556 pariter
2137 487 2204 543 de
2233 488 2380 541 omni
2416 485 2653 553 homine,
2686 487 2822 558 quid
2852 506 2916 545 ex
2950 491 3016 546 iis
3049 492 3293 563 arguitur
3318 501 3478 562 atque

219 568 354 624 Cret.
383 571 529 639 infra
557 571 631 624 ad
662 571 798 626 hunc
817 571 1023 645 locum]
1049 576 1112 627 ἐκ
1139 574 1342 628 τούτων
1371 577 1788 649 συμπεραίνεται

1902 578 2280 632 concluditur?
2324 577 2628 634 Essentiam
2668 589 2724 636 et
2765 597 2889 637 esse
2932 592 2987 636 et
3023 583 3383 638 demonstrari
3411 584 3480 639 de

219 663 307 714 καὶ
333 663 672 730 συνάγεται;
704 665 766 717 τὸ
805 666 905 736 τὴν
929 666 1117 719 οὐσίαν
1147 667 1242 721 καὶ
1264 661 1405 720 εἶναι
1436 670 1530 723 καὶ
1560 686 1797 741 κατηγο-

219 755 419 826 ρεῖσθαι
451 755 600 809 κατὰ
627 757 828 820 παντὸς
852 745 1162 830 ἀνθρώπου.

161 863 170 874 ι
283 847 408 902 Ibid.
441 846 486 901 B
507 849 562 902 5.
600 849 793 904 Ταῦτα
818 851 929 919 τῆς
981 851 1392 919 Ἀντισθένους
1424 853 1795 920 ἀλαζονείας.

1902 668 2054 722 omni
2083 669 2321 725 homine.

1975 847 2104 901 Haec
2144 847 2207 900 de
2245 845 2570 901 Antistheni:
2608 847 2856 902 vanitate.
2905 846 3006 902 Hic
3041 848 3206 902 etiam
3242 848 3481 918 philoso-

217 941 315 992 Καὶ
344 933 500 1004 οὗτος
533 940 827 1011 φιλόσοφος
853 939 921 1015 ἦν
957 943 1175 1007 ἀλαζὼν
1203 945 1295 998 καὶ
1324 947 1689 1016 ὑπερήφανος,
1721 946 1788 1009 ὡς

1897 939 2038 1009 phus
2067 953 2237 992 vanus
2272 945 2325 992 et
2369 953 2654 1008 arrogans.
2686 936 2857 1008 Cujus
2885 954 3009 994 cum
3047 939 3299 1009 petulans
3355 941 3478 1011 qui-

215 1034 311 1086 ὑπό
347 1049 494 1097 τινος
552 1035 813 1105 ὑϐριστοῦ
861 1035 923 1089 τδ
978 1037 1268 1108 πρόσωπον
1307 1038 1644 1109 συντριϐεὶς,
1694 1041 1793 1091 ἐπ-

213 1125 412 1197 έγραψε
454 1126 510 1180 δε
557 1126 640 1198 τῷ
693 1128 1004 1199 προσώπῳ,
1040 1130 1230 1202 ὥσπερ
1273 1131 1331 1182 ἐν
1365 1130 1664 1201 ἀνδριάντι,
1703 1130 1794 1184 τὸν

213 1217 500 1280 παίσαντα,
535 1218 872 1289 στηλιτεύων
905 1220 996 1272 τὸν
1032 1220 1314 1291 ὑϐριστὴν,
1339 1221 1424 1274 ἵνα
1457 1221 1793 1293 θερμοτέραν

210 1302 303 1374 τὴν
328 1306 672 1376 κατηγορίαν
696 1307 989 1371 ἐνδείξαιτο
1007 1307 1140 1378 (25).
1171 1311 1265 1362 καὶ⁸
1286 1309 1544 1380 Διογένης
1567 1312 1793 1384 γαστρί-

214 1411 436 1465 μαργος.
499 1397 562 1449 ὃν
608 1415 742 1465 φασι
793 1398 907 1469 (24)
947 1398 1222 1453 πολύποδα
1269 1400 1419 1471 ὠμὸν
1473 1400 1791 1471 βεϐρωκότα

209 1486 548 1558 τελευτῆσαι.
591 1491 701 1542 Καὶ
729 1493 756 1544 6
803 1492 1029 1562 Κράτης
1062 1491 1163 1561 τῆς
1196 1493 1368 1562 αὐτῆς
1398 1496 1516 1547 ἐστι
1543 1494 1651 1547 τῶν
1681 1497 1790 1548 Κυ-

210 1576 310 1631 νῶν
340 1581 646 1651 φρατρίας,
673 1584 823 1646 ὅστις
857 1585 952 1637 καὶ
993 1585 1208 1647 κοινοὺς
1249 1581 1391 1638 εῖναι
1421 1588 1547 1650 τοὺς
1579 1587 1790 1656 γάμους

209 1671 511 1740 ἐνομοθέτει
555 1673 691 1744 (25).
737 1673 955 1728 Τούτων
989 1677 1082 1729 καὶ
1111 1676 1386 1745 φείδεσθαι
1416 1676 1518 1748 ἔφη
1558 1677 1649 1730 διὰ
1691 1678 1790 1749 τὴν

210 1766 582 1836 προσηγορίαν
603 1768 701 1836 τῆς
730 1769 957 1838 κυνικῆς
982 1769 1320 1838 φιλοσοφίας,
1349 1770 1683 1841 αἰδούμενος,
1712 1770 1787 1835 ὥς

1897 1030 2022 1084 dam
2051 1029 2244 1085 faciem
2279 1031 2651 1098 contrivisset,
2683 1031 2804 1101 ejus
2836 1046 2864 1085 a
2891 1046 3000 1101 quo
3024 1045 3320 1101 percussus
3353 1031 3473 1088 fue-

1896 1133 2003 1187 rat,
2028 1138 2227 1177 nomen
2257 1124 2313 1178 in
2344 1124 2522 1179 fronte
2547 1139 2668 1187 sua,
2698 1133 2956 1194 tanquam
2989 1125 3045 1178 in
3071 1131 3250 1179 statua
3281 1126 3478 1181 inscri-

1893 1216 2003 1284 psit
2035 1233 2048 1268 :
2085 1222 2146 1268 ut
2179 1215 2331 1280 huic,
2359 1230 2390 1269 a
2430 1230 2536 1285 quo
2573 1215 2956 1269 contumeliam
2990 1224 3296 1285 acceperat,
3334 1217 3475 1271 infa-

1893 1308 2015 1360 miae
2077 1315 2262 1361 notam
2322 1307 2582 1376 majorem
2651 1306 2912 1362 inureret.
2978 1305 3243 1378 Diogenes
3295 1309 3473 1364 ventri

1893 1398 2028 1452 adeo
2064 1397 2282 1454 deditus
2323 1405 2469 1463 erat,
2504 1408 2562 1452 ut
2610 1399 2786 1468 ipsum
2841 1398 3021 1455 ferant
3063 1399 3235 1456 crudo
3276 1402 3474 1472 polypo

1891 1504 1986 1559 per
2021 1490 2316 1559 ingluviem
2352 1489 2615 1544 devorato
2641 1497 2872 1545 mortem
2902 1491 3122 1546 obiisse.
3157 1491 3224 1544 Et
3256 1491 3470 1558 Crates,

1890 1580 2136 1648 ejusdem
2171 1581 2487 1652 cynicorum
2525 1580 2764 1645 familia},
2791 1595 3108 1636 communes
3131 1598 3252 1638 esse
3275 1584 3471 1641 mulie-

1889 1688 1979 1728 res
2001 1673 2232 1730 volebat.
2278 1673 2479 1728 Verum
2519 1672 2592 1726 ob
2629 1673 2835 1743 cynicae
2870 1673 3228 1744 philosOphiaa
3271 1689 3468 1730 nomen

1889 1763 1956 1820 iis
2002 1764 2332 1834 parcendum
2370 1765 2667 1830 existimat,
2699 1767 2925 1830 veritus,
2969 1768 3109 1821 sicut
3143 1767 3237 1830 ait,
3268 1775 3328 1822 ut
3360 1783 3468 1822 non

208 1869 388 1922 φησιν,
422 1855 577 1920 ὅπως
602 1858 697 1911 καὶ
728 1859 868 1929 (cod.
915 1875 969 1929 p.
1013 1860 1136 1930 151)
1166 1862 1319 1914 αὺτοί
1347 1879 1405 1914 τε
1431 1861 1788 1934 παραπολαύ-

1895 1855 2058 1909 ullum
2106 1856 2211 1925 ipsi
2248 1869 2464 1926 quoque
2514 1855 2750 1910 fructum
2790 1872 2857 1912 ex
2895 1858 2998 1912 viri
3049 1858 3254 1912 laudati
3287 1858 3466 1929 philo-

211 1958 352 1994 σαιεν
386 1944 482 1997 τοῦ
515 1945 617 1999 νῦν
643 1948 832 2000 τούτου
867 1951 1258 2020 ἐπαινουμένου
1291 1951 1500 2025 ἀνδρός.

272 2035 407 2091 Ibid.
443 2035 487 2091 C
525 2038 580 2091 1.
613 2034 730 2094 Ἦν
766 2040 866 2094 ὅτε
898 2042 1193 2110 γαλήνην.
1243 2038 1382 2110 Ἦν,
1405 2045 1559 2114 φησὶ,
1599 2044 1787 2116 καιρὸς

207 2125 290 2177 ὅτε
314 2127 541 2200 εἰρήνην
577 2131 794 2202 εἴχομεν
824 2133 918 2186 καὶ
949 2133 1190 2204 γαλήνην
1227 2135 1335 2188 άπὸ
1366 2134 1472 2189 τῶν
1501 2137 1786 2206 ἐπικειμέ-

208 2233 308 2270 νων
336 2219 547 2274 τούτων
576 2223 861 2293 αἱρέσεων,
897 2224 1139 2295 Σίμωνος
1170 2225 1264 2278 τοῦ
1288 2227 1478 2295 Μάγου
1511 2229 1605 2281 καὶ
1630 2230 1788 2300 Μαρ-

209 2307 415 2374 κὲωνος,
452 2312 551 2365 καὶ
574 2311 684 2366 τῶν
720 2316 841 2367 κατ’
865 2315 1063 2379 αὐτούς
1084 2332 1098 2345 ’
1125 2309 1198 2371 ὧν
1226 2319 1254 2370 6
1294 2318 1392 2387 μὲν
1423 2317 1633 2389 πατέρα
1658 2319 1783 2370 ἐαυ-

208 2399 293 2453 τὸν
336 2402 592 2475 ὠνόμαζε
638 2405 731 2459 τοῦ
781 2408 1041 2478 Χριστοῦ.
1081 2410 1414 2480 συνεπήγετο
1444 2409 1501 2462 δέ
1548 2411 1642 2464 καὶ
1686 2427 1785 2478 γυ-

207 2493 364 2546 ναῖκά
388 2511 511 2548 τινα
549 2497 823 2568 μυσαχθῆ,
859 2501 1113 2570 μαγείαις
1141 2502 1235 2555 καὶ
1253 2501 1530 2573 γοητείαις
1559 2501 1787 2566 πολλοὺς

209 2582 460 2646 ὲξιστῶψ
493 2589 524 2640 6
571 2588 628 2641 δὲ
673 2591 938 2661 Μαρκίων
985 2592 1231 2664 μαθητὴς
1275 2588 1342 2663 ῆν
1391 2593 1694 2664 Κέρδωνος,
1727 2593 1788 2657 ὃς

210 2674 297 2728 καὶ
324 2676 417 2730 δύο
447 2678 626 2748 ἀρχὰς
658 2681 867 2751 εἰσῆγε,
918 2682 1015 2752 τὴν
1062 2683 1159 2753 μὲν
1204 2683 1436 2755 ἀγαθὴν,
1472 2683 1571 2755 τὴν
1599 2683 1655 2736 δὲ
1687 2701 1786 2736 πο-

209 2766 392 2836 νηρὰν,
418 2769 514 2822 καὶ
548 2770 639 2823 τὸν
671 2772 905 2842 Χριστὸν
925 2772 1141 2844 δοκήσει
1174 2772 1458 2845 ἄνθρωπον
1481 2771 1784 2842 γεγονέναι,

209 2857 297 2910 καὶ
315 2858 412 2930 τὴν
438 2860 620 2932 ψυχὴν
650 2865 844 2935 μοῖραν
874 2860 1012 2918 εἶναι
1033 2865 1134 2935 τῆς
1154 2866 1248 2918 τοῦ
1271 2867 1404 2919 Θεοῦ
1429 2866 1617 2930 οὐσίας
1636 2865 1749 2938 (26)
1769 2881 1785 2900 ⁶

209 2948 263 3015 ἐξ
292 2943 365 3003 ὧν
391 2953 440 3005 οἰ
486 2952 772 3024 λεγόμενοι
808 2953 1254 3029 Ἀρτοτυρεῢται,
1284 2957 1405 3010 ἐπεὶ
1422 2957 1656 3026 γάλακτι
1687 2973 1788 3028 φυ-

212 3039 466 3110 ράσαντες
512 3043 694 3116 ζύμην
740 3049 853 3110 τοῖς
905 3045 1178 3118 μαθηταῖς
1227 3047 1600 3118 μεταδιδόασιν
1648 3049 1783 3121 (27).

209 3126 367 3197 Οὗτος
393 3131 488 3189 οὖν
523 3139 554 3190 6
584 3135 866 3208 Μαρκίων,
901 3139 994 3192 καὶ
1022 3138 1382 3210 Πολύκαρπον
1427 3142 1783 3212 συναντήσας,
1812 3175 1856 3234 c

209 3223 372 3275 εἰπεῖν
409 3224 630 3294 λέγεται
665 3226 803 3297 πρὸς
835 3227 995 3280 αὐτόν
1020 3244 1035 3258 ·
1079 3247 1097 3279 ι
1155 3227 1572 3297 Ἐπιγινὼσκεις
1615 3232 1783 3300 ἡμᾶς,

211 3314 570 3388 Πολύκαρπες
604 3338 622 3370 ι
657 3320 687 3372 6
713 3319 770 3372 δὲ
799 3321 935 3392 πρὸς
968 3321 1150 3386 αὐτὸν,
1190 3340 1210 3373 ι
1248 3321 1626 3391 Ἐπιγινώσκω
1647 3339 1729 3386 σε,
1761 3341 1781 3375 ι

209 3405 328 3477 ἔφη,
357 3427 377 3461 ι
397 3408 492 3462 τὸν
518 3409 862 3480 πρωτότοκον
899 3410 992 3463 τοῦ
1025 3412 1258 3465 Σατανᾶ.
1300 3429 1319 3462 ι
1363 3410 1713 3474 Οὐαλεντῖνος
1731 3411 1790 3465 δέ

209 3498 298 3551 καὶ
315 3497 637 3570 Βασιλείδης
655 3541 670 3566 ,
696 3502 724 3553 6
755 3499 854 3571 μὲν
874 3502 1161 3570 ἀσώματον
1183 3501 1418 3572 φανῆναι
1443 3502 1534 3555 τὸν
1556 3503 1788 3573 Χριστὸν

211 3590 504 3660 ἐμυθεύετο
531 3593 624 3646 καὶ
659 3591 864 3656 πάθους
891 3593 1046 3655 ἐκτὸς
1067 3589 1228 3657 εἶναι,
1263 3594 1356 3648 καὶ
1385 3595 1660 3665 γοητείαις
1694 3594 1788 3648 xal.

211 3681 437 3751 ἐπῳδαῖς
488 3683 690 3754 ἐχρῆτο
742 3683 834 3738 καὶ
879 3682 1281 3747 εἰδωλοθύτοιςο
1338 3683 1687 3748 Οὐαλεντίνος
1729 3683 1788 3738 δὲ

214 3771 375 3826 Βυθδν
405 3774 504 3827 καὶ
552 3773 718 3846 Σιγὴν
764 3775 1054 3845 εἰσηγεῖτο,
1096 3775 1193 3828 καὶ
1224 3774 1316 3828 τὸν
1356 3775 1592 3846 Χριστὸν
1641 3772 1788 3827 ἀσώ-

217 3879 376 3931 ματον
423 3865 677 3938 ὀφθῆναι,
731 3865 827 3919 καὶ
881 3867 1034 3930 τέλος
1077 3868 1158 3930 εἰς
1211 3867 1434 3936 ἔσχατον
1471 3865 1629 3936 βυθὸν
1673 3863 1788 3937 (28)

214 3955 493 4025 ἀσελγείας
543 3957 860 4022 ἐξώκειλεν’
915 3954 983 4029 ἦν
1025 3958 1082 4010 δέ
1139 3959 1433 4021 ἐπίσκοπος
1483 3955 1784 4026 Αἰγύπτου.

215 4046 317 4100 Καὶ
341 4048 613 4121 Κήρινθος
647 4051 741 4102 καὶ
785 4051 1190 4121 Καρποκράτης
1266 4052 1330 4104 ἐκ
1378 4051 1662 4115 συνουσίας
1693 4052 1790 4105 άνο

212 4135 328 4207 δρὸς
350 4141 446 4194 καὶ
461 4140 722 4208 γυναικὸς
748 4141 838 4194 τὸν
860 4140 1092 4213 Χριστὸν
1116 4141 1440 4214 γεννηθῆναι
1461 4141 1785 4214 ἐληρώδουν,

213 4230 329 4285 ὃθεν
393 4233 490 4286 καὶ
557 4233 772 4304 Πτωχονι¹
832 4233 1212 4306 ὠνομάζοντοι
1253 4234 1416 4288 ὀὓτω
1475 4234 1586 4307 γάρ
1655 4237 1787 4308 παρ’

224 4321 489 4396 Ἑδραίοις
521 4326 880 4397 ἑρμηνεύεται
910 4329 937 4380 6
975 4326 1305 4390 Ἐϐιωναῖος.

1887 1947 2082 2016 sophia
2111 1949 2351 2018 capiant.

1956 2039 2091 2094 Cum
2131 2039 2426 2110 tranquilla
2473 2043 2653 2096 omnia
2695 2043 3024 2097 haberemus.
3066 2042 3325 2114 Tempus,
3371 2044 3468 2114 ait,

1885 2148 2009 2188 cum
2041 2147 2230 2203 pacem
2271 2133 2599 2190 haberemus
2631 2136 3033 2206 tranquillaque
3059 2135 3245 2190 omnia
3265 2133 3336 2191 ab
3363 2134 3473 2191 hae-

1884 2240 2072 2280 resum
2105 2225 2384 2295 procellis,
2418 2223 2659 2282 Simonis
2691 2227 2944 2302 videlicet
2972 2225 3134 2298 Magi,
3167 2236 3222 2283 et
3247 2227 3473 2284 Marcio-

1885 2315 1972 2370 nis
2006 2322 2060 2368 et
2100 2323 2418 2370 czeterorum
2440 2317 2532 2386 qui
2575 2332 2698 2372 cum
2737 2318 2842 2374 illis
2891 2319 3166 2373 vixerunt.
3223 2321 3467 2384 Quorum

1885 2407 2106 2477 quidem
2134 2409 2271 2462 alter
2303 2408 2544 2478 seipsum
2596 2409 2801 2465 Christi
2851 2417 3062 2480 patrem
3125 2410 3466 2470 nominabat,

1884 2498 2122 2555 confecit
2148 2515 2279 2554 vero
2304 2508 2359 2556 et
2391 2501 2676 2556 mulierem
2700 2502 2992 2571 quamdam
3021 2501 3465 2566 abominabilem,

1885 2588 2114 2658 magicis
2146 2595 2200 2643 et
2227 2587 2457 2645 nefariis
2485 2590 2694 2646 artibus
2719 2591 2921 2645 multos
2950 2598 3174 2660 stupore
3194 2589 3461 2647 afficiens.

1886 2679 2124 2736 Marcion
2151 2681 2367 2750 quidem
2400 2681 2664 2738 Cerdonis
2686 2690 2804 2738 erat
2833 2683 3154 2753 discipulus.
3171 2681 3290 2738 Duo
3310 2682 3465 2754 prin-

1884 2772 2027 2842 cipia
2054 2773 2288 2836 induxit,
2310 2774 2513 2829 bonum
2544 2783 2597 2830 et
2625 2775 2858 2840 malum;
2889 2783 2943 2829 et
2971 2775 3249 2834 Christum
3276 2788 3463 2831 natum

1886 2863 2056 2920 fuisse
2096 2865 2369 2920 hominem
2414 2881 2510 2936 per
2548 2866 2781 2936 speciem
2805 2908 2820 2934 ,
2865 2868 3214 2936 animamque
3255 2873 3463 2936 partem

1885 2970 2008 3011 esse
2038 2955 2128 3012 Dei
2156 2959 2428 3012 essentia}.
2461 2957 2542 3011 Ex
2569 2973 2680 3028 quo
2722 2957 3038 3029 Artotyrita:
3083 2956 3290 3022 vocati,
3336 2970 3462 3011 cum

1887 3045 2031 3099 lacte
2085 3044 2410 3102 fermentum
2463 3047 2740 3103 diluentes
2798 3048 2942 3103 inter
2971 3047 3274 3118 discipulos
3319 3045 3464 3102 divi-

1889 3136 2042 3190 dant.
2077 3135 2182 3192 lste
2206 3136 2370 3206 igitur
2392 3136 2656 3202 Marcion,
2682 3154 2808 3194 cum
2845 3137 3204 3210 Polycarpum
3239 3135 3462 3192 obvium

1889 3227 2136 3289 haberet,
2185 3229 2235 3283 ei
2293 3229 2500 3285 dixisse
2539 3229 2712 3284 fertur
2757 3249 2770 3286 :
2812 3249 2832 3282 ι
2868 3227 3082 3285 Nostin’
3119 3243 3245 3291 nos,
3299 3227 3468 3300 Poly-

1887 3317 2091 3388 carpe?
2113 3319 2234 3372 ι-ἃ
2253 3316 2469 3391 Optime
2491 3326 2544 3373 te
2564 3331 2755 3386 nosco,
2780 3336 2800 3371 ι
2834 3317 3033 3388 inquit,
3060 3335 3078 3369 ι
3115 3320 3332 3374 Satanae
3354 3320 3465 3388 pri-

1887 3409 2242 3480 mogenitum,
2288 3427 2306 3460 ι
2347 3405 2672 3464 Valentinus
2707 3423 2836 3464 vero
2883 3416 2939 3464 et
2975 3409 3286 3466 Basilides;
3328 3409 3467 3464 alter

1887 3500 2107 3569 quidem
2146 3501 2532 3570 incorporeum
2567 3500 2886 3570 apparuisse
2923 3499 3204 3555 Christum
3248 3500 3461 3556 fabula-

1888 3592 2070 3656 batur,
2102 3601 2157 3647 et
2209 3592 2485 3662 passionis
2525 3591 2824 3674 immunem
2865 3607 3024 3657 esse;
3065 3601 3120 3647 et
3181 3592 3464 3647 maleficiis

1887 3683 2463 3753 incantationibusque
2511 3697 2646 3737 usus
2691 3689 2777 3736 est
2817 3690 2872 3736 et
2906 3682 3067 3737 idolis
3107 3682 3459 3742 sacriﬁcavit,

1889 3772 2211 3830 Valentinus
2267 3783 2448 3829 autem
2510 3771 2747 3842 Bytbum
2795 3779 2850 3825 et
2907 3770 3070 3842 Sigen
3125 3771 3364 3835 induxit,
3411 3779 3464 3826 et

1887 3864 2166 3921 Christum
2201 3865 2586 3936 incorporeum
2622 3865 2798 3920 visum
2827 3863 3020 3928 fuisse,
3052 3879 3115 3918 ac
3149 3863 3384 3935 denique
3409 3865 3465 3918 in

1888 3956 2057 4010 imum
2089 3954 2601 4025 abyssumlicentiaa
2631 3953 2888 4022 delapsus
2915 3962 3021 4008 est.
3068 3952 3286 4023 Egypti
3347 3960 3466 4007 erat

1888 4048 2201 4117 episcopus.
2255 4043 2552 4100 Cerinthus
2591 4051 2648 4096 et
2694 4041 3059 4113 Carpocrates
3118 4056 3150 4096 e
3198 4043 3299 4096 viri
3338 4058 3462 4096 cum

1888 4138 2122 4193 muliere
2150 4136 2445 4191 concubitu
2464 4135 2744 4190 Christum
2765 4133 2933 4188 fuisse
2957 4142 3299 4202 procreatum
3321 4135 3466 4216 pias--

1888 4231 2240 4303 pbemabant,
2270 4230 2415 4284 unde
2447 4236 2504 4284 et
2537 4227 2753 4290 Ptochi,
2811 4227 3062 4290 Mendici,
3106 4227 3466 4282 nominaban-

1889 4334 2014 4381 tur:
2057 4325 2132 4379 ita
2184 4324 2366 4388 enim;
2387 4322 2531 4394 apud
2593 4319 2852 4376 Hebraeos
2904 4319 3302 4387 interpretatur
3360 4333 3463 4372 vox

1889 4415 2183 4469 Ebionites.

283 4509 387 4562 Kal
427 4508 583 4578 ὑπὲρ
615 4509 722 4563 τοῦ
773 4509 998 4578 ἀγαθοῦ
1039 4507 1120 4575 τῷ
1143 4507 1485 4581 Δημιουργῷ
1523 4509 1786 4581 πολεμή-

1965 4507 2271 4577 Bellumque
2284 4521 2378 4574 pro
2399 4505 2532 4560 bona
2557 4502 2808 4556 adversus
2839 4499 3144 4556 Creatorem
3168 4507 3462 4571 gesserunt.

280 4683 392 4756 (2'5)
421 4685 504 4741 Ad
527 4687 756 4743 verbum
791 4684 1272 4756 feregGregorium
1330 4685 1647 4756 exscripsit,
1693 4684 1787 4753 qui

214 4755 323 4827 haec
365 4755 556 4827 narrat
599 4759 655 4811 in
686 4757 861 4827 prima
907 4755 1244 4827 Steliteutica
1286 4756 1415 4825 (col.
1456 4755 1578 4820 596,
1620 4755 1784 4827 Bil):

210 4826 392 4894 Μέγας
419 4831 449 4881 6
490 4824 838 4897 Ἀντισθένης
871 4827 974 4891 ὅτι,
1006 4826 1094 4897 ,τὸ
1141 4824 1431 4897 πρόσωπον
1481 4824 1790 4897 συντριϐεὶς

213 4897 312 4949 ὑπὸ
331 4915 476 4969 τινος
499 4897 609 4969 τῷν
639 4894 912 4969 ὑϐριστῶν
934 4896 1029 4969 καὶ
1055 4894 1340 4969 θρασέων,
1374 4896 1668 4969 ἐπιγράφει
1709 4894 1789 4969 τῷ

216 4967 444 5052 μετώπῳ
496 4967 676 5038 μόνον,
711 4964 921 5039 ⁷ὦσπερ
981 4964 1254 5108 meritam
1298 4964 1647 5050 δημιουργὸς,
1698 4964 1789 5018 τὸν

214 5051 498 5108 παισαντα,
531 5038 662 5108 ἴσως
691 5039 781 5092 ἵνα
813 5053 1060 5108 κατηγορ
1105 5037 1589 5108 σῃᾼθερμοτερονὲί

299 5055 788 5180 Ἒῑιὲσὲἓηένῖ
813 5055 1172 5180 ξὲἜῖἓξὲιῗῖλ
1181 5055 1616 5180 ἕὲἕέἒῗῖἱῗῗῗειθ.

300 5179 389 5249 25}
423 5176 756 5248 Gregorius;
785 5176 1206 5249 τῆς-Κράτητος
1240 5176 1616 5249 κοινογαμίας.

302 5246 392 5316 26)
423 5246 735 5312 Φεύξονται,
769 5246 852 5302 ait
881 5247 938 5302 S.
973 5246 1272 5318 Gregorius
1303 5246 1480 5318 7(orat.
1527 5248 1616 5318 55,
1655 5247 1788 5318 olim

352 5315 679 5390 Μαρκίωνος
705 5319 800 5372 τὸν
825 5321 890 5390 ἐκ
932 5315 1211 5390 στοιχείων
1231 5315 1625 5390 καῖ-ἀριθμῷνῗ
1646 5317 1789 5390 θεόν.

219 5385 474 5457 Marcion,
521 5389 777 5444 observat
832 5389 921 5443 hic
955 5385 1189 5444 Basilius
1233 5387 1378 5456 (cod.
1404 5385 1649 5457 p.185,
1682 5387 1735 5455 1)
1774 5404 1787 5440 :

217 5453 366 5531 Κατὰ
389 5458 736 5531 Πυθαγόραν,
764 5459 1105 5531 εἰς-,ἀριθμὸν
1137 5453 1325 5531 λόγοις
1355 5453 1653 5531 Δἀναλογίας
1693 5453 1792 5531 τῂν

221 5476 366 5513 tuta
389 5476 736 5582 ιιυυαγοεαν,
764 5476 1105 5544 ειςυαριυμον
1146 5476 1325 5527 Αογοις
1361 5476 1653 5525 αναΑογιας
1693 5476 1792 5538 την

217 5527 488 5601 Θερλογίαν
522 5531 612 5600 ap:
654 5547 899 5601 μητικως
927 5530 1264 5601 ἐφιλοσόφει,
1314 5527 1410 5601 τὰς
1436 5528 1636 5601 ⁸όιρχᾶις
1680 5543 1792 5580 των

220 5596 384 5671 {regis
427 5596 915 5671 ὑποστησάμενος.
967 5596 1090 5654 τότε
1116 5669 1122 5671 _
1148 5596 1206 5652 ἓν
1255 5599 1352 5671 καὶ
1391 5596 1523 5671 τὴν,
1539 5596 1790 5671 ἀόριστον

219 5665 381 5725 δυάδα
409 5689 424 5703 ο
455 5671 515 5724 τὸ
537 5665 641 5740 μὲν
667 5665 748 5735 ἓν,
775 5672 837 5724 τὸ
859 5669 1197 5740 αὐτοάγαθον
1222 5670 1321 5740 καὶ,
1346 5665 1464 5740 τῷν
1500 5665 1668 5740 ὄντων
1707 5668 1790 5740 αῖ-

219 5752 323 5812 ειον
355 5756 368 5768 ·
401 5740 501 5812 τὴν
533 5734 784 5811 ἆὸριστον
803 5741 860 5796 δε
895 5734 1082 5804 δυάδα,
1104 5740 1248 5812 κατὰ
1278 5739 1340 5812 τὸ
1377 5734 1515 5801 εἶδος
1559 5739 1652 5791 καὶ
1685 5737 1791 5812 ’τὴν

221 5804 364 5936 ὓληιὲἱ
417 5804 510 5864 καὶ
565 5804 626 5864 τδ
671 5813 810 5883 μέγα
843 5812 936 5868 καὶ
970 5811 1184 5884 μικρὸν,
1234 5810 1329 5867 καὶ
1374 5804 1790 5882 πεπερασμένον

222 5893 304 5931 και
367 5898 566 5936 πειρον.

222 5893 304 5931 και
329 5893 566 5954 ἄπειρον.

1963 4681 2076 4754 (27)
2108 4679 2361 4754 Mendum
2395 4677 2620 4754 retinui,
2657 4677 2847 4754 atsine
2875 4675 3043 4754 dubio
3069 4675 3300 4754 Basilius
3327 4674 3466 4754 scrif

1890 4745 2002 4825 psit
2037 4745 2123 4830 vel
2163 4750 2408 4830 scribere
2442 4749 2637 4830 debuit
2661 4748 3062 4830 :Ap‘tO'Wpt‘t‘qJ,
3103 4761 3170 4800 ex
3208 4745 3370 4830 ἄρτος
3411 4752 3466 4800 et

1891 4818 2125 4894 τυρεύω,
2159 4829 2218 4894 ut
2249 4825 2398 4888 patet
2423 4834 2492 4873 ex
2525 4819 2709 4894 verbis
2744 4818 3100 4894 sequentibus
3128 4818 3467 4894 φυράσαντες

1891 4886 2072 4964 ζύμην
2093 4886 2295 4964 quibus
2325 4904 2516 4964 vocem
2538 4886 3215 4964 'A_91010_pz‘_tq.t_expllca!3
3243 4886 3465 4964 conjec:

1891 4955 2069 5016 turam
2093 4955 2379 5015 confirmat
2401 4960 2556 5014 locus
2577 4955 2847 5014 Timothei
2873 4955 3124 5024 (Coteler.
3157 4955 3461 5024 Monumul,

1888 5033 2017 5103 293)
2043 5033 2134 5101 qui
2168 5045 2290 5084 cum
2312 5029 2511 5103 Basilii
2541 5036 2689 5103 textu
2715 5021 2956 5103 conferri
3006 5025 3168 5103 debet
3196 5026 3326 5103 ιηοἰ
3372 5021 3468 5103 οὖν

1904 5094 2277 5174 Ἀρτοτυρῖται
2307 5101 2372 5155 ἐκ
2403 5101 2503 5169 τῆς
2523 5099 2789 5174 αἰρέσᾼεως
2822 5097 3026 5174 τούτῳ,
3059 5094 3172 5174 τοῦ.
3206 5094 3467 5165 Μαρκίω-

1891 5165 1980 5236 νος
2010 5165 2338 5239 κατάγονται
2366 5189 2380 5201 ·
2411 5165 2816 5239 παραμείϐουσι
2848 5167 2906 5220 δὲ
2944 5165 3467 5239 τὴνμκλῆσινῌπροσ-

1892 5232 2087 5312 θήκαις
2129 5232 2383 5312 ἐπινοιῷν
2414 5256 2428 5270 ·
2481 5232 2714 5312 γάλακτι
2762 5238 2873 5310 γὰρ
2929 5232 3211 5307 φυρῶντες
3261 5232 3462 5306 ζύμην,

1892 5309 2009 5385 τοῖς
2032 5311 2253 5385 οἰκείοις
2287 5309 2517 5385 μύσταις
2550 5309 2854 5385 όρέγουσιν.
2877 5375 2931 5385 Δ.
3030 5373 3064 5385 _
3237 5375 3248 5385 .

1967 5373 2078 5453 (98)
2107 5373 2537 5453 Ludit'Basilius
2565 5373 2620 5432 in
2647 5373 2782 5453 voce
2805 5375 2988 5453 βυθός,
3025 5373 3348 5453 Gregorium
3380 5390 3468 5430 sev

1893 5443 2076 5515 cuius,
2111 5451 2270 5520 cujus
2310 5452 2427 5505 haec
2463 5458 2593 5505 sunt
2614 5443 2821 5520 verba}
2868 5446 3061 5520 Omnes
3109 5443 3240 5499 istos
3285 5443 3468 5497 absor-

1895 5525 2006 5578 buit
2035 5517 2216 5577 eorum
2256 5522 2490 5592 abyssus
2527 5517 3153 5592 etg_operuit_si_lenti_um_,
3199 5523 3261 5592 at
3301 5531 3468 5592 mere:

1895 5597 2105 5647 bantur.
2124 5583 2353 5645 Ἔπειτα
2380 5583 2756 5658 κατεπόθησαν
2772 5586 2854 5658 τῷ
2883 5587 3089 5658 ἐαυτῷν
3116 5583 3272 5658 Βυθῴ
3288 5585 3381 5658 xal
3401 5588 3466 5655 τῇ

1895 5605 2105 5647 bantur.
2126 5605 2353 5645 Ἐπειτα
2380 5605 2756 5658 κατεπουησαν
2772 5606 2801 5640 τ
2883 5605 3089 5639 εαυτων
3116 5605 3272 5653 υυοῳ
3288 5605 3381 5636 και
3401 5605 3466 5655 τῃ

1893 5666 2029 5734 Σιγῇ
2059 5661 2475 5735 παραδοθέντες,
2498 5661 2688 5739 (ἕσπερ
2717 5654 2784 5739 ᾖν
2803 5605 2973 5739 ἔειφ’.
3000 5655 3335 5739 Αίὶαἱειὶαη]
3367 5654 3468 5739 hac

1895 5725 2152 5803 imagine'
2189 5748 2323 5788 usus
2377 5741 2464 5803 est
2507 5725 2806 5803 Gregorius
2835 5747 2846 5781 :
2895 5727 3016 5803 Τόν⁸
3037 5725 3210 5803 suam
3241 5725 3336 5803 καὶ
3367 5725 3468 5802 τῂν

1893 5793 2060 5928 ξιγῆν
2089 5804 2181 5929 Egi
2206 5805 2329 5868 τοὺς
2359 5793 2872 5875 μυθικοὺςἈίῶνας,
2899 5798 2968 5853 τὰ
2991 5795 3152 5868 βυθοῦ
3188 5793 3280 5848 καὶ
3308 5793 3468 5864 σιγῆς

1926 5891 2059 5929 ντως
2129 5891 2236 5929 csa.

1926 5891 2059 5938 ντως
2092 5873 2236 5940 ἄξια.
