3856 6220
213 318 337 378 1177

1297 321 1596 378 SCIIOLIA.
1631 321 1700 377 IN
1737 322 1945 378 ORAT.
1987 323 2075 378 DE
2118 323 2421 381 IIEliONE.

3312 326 3452 384 H78

211 438 384 508 χρόνος
413 434 508 490 καὶ
552 435 618 490 τὸ
674 435 924 493 ἀνούσιον
951 437 1322 512 πρεσϐύτερον
1346 441 1433 509 εἴη
1454 438 1563 493 τῶν
1579 438 1776 492 οὐσιῶν

1889 448 2144 510 quantum
2180 439 2246 494 ad
2292 449 2531 510 tempus,
2570 437 2828 512 principii
2859 451 3115 513 expertes
3149 449 3299 496 sunt.
3340 439 3452 495 Nec

211 526 297 579 καὶ
315 523 561 580 ἑστώτων
585 523 673 579 ἀεί
691 541 708 592 ;

1879 531 2026 586 enim
2056 534 2288 601 tempori
2319 529 2551 600 subjecti
2599 540 2748 588 sunt.
2789 533 3076 600 Quomodo
3111 533 3278 599 enim,
3306 541 3451 602 quod

210 615 338 679 tluit,
381 625 597 685 tempus
641 624 699 672 et
727 615 872 688 quod
917 633 1029 674 non
1076 625 1218 686 erat,
1254 618 1320 675 iis
1388 633 1511 691 quae
1565 616 1782 675 stabilia
1817 627 1946 674 sunt
1987 629 2041 676 et
2079 637 2199 692 quae
2245 637 2458 693 semper
2493 623 2846 690 exstiterunt,
2899 624 3051 695 prius
3097 635 3261 696 atque
3306 623 3454 678 anti-

209 709 360 778 quius
392 709 579 763 esset?

283 799 399 858 Col.
423 800 557 855 122-1
596 802 640 854 Α
673 801 723 856 Ι.
782 801 945 870 Μήτε
972 804 1122 874 μίαν
1162 803 1516 874 ἰουδατκήν.
1553 801 1776 873 Στενὴν,

209 892 380 964 φησιν,
409 890 486 956 ὡς
508 892 962 964 μονοπρόσωπονο
993 894 1260 966 φθονερὰν
1285 895 1342 948 δὲ
1372 897 1466 949 καὶ
1493 894 1776 960 ἀδύνατον,

208 983 330 1054 ὡςῆ
391 983 465 1055 μὴ
512 983 838 1055 δυναμένην,
866 987 900 1056 ἢ
932 987 1228 1056 φθονοῦσαν
1259 988 1333 1059 μή
1363 1005 1466 1041 που
1489 987 1552 1040 τὸ
1576 985 1778 1055 ἀγαθὸν

209 1073 615 1144 ὑπερεκσλύσαν
646 1076 726 1138 είς
765 1075 898 1129 Υἱοῦ
952 1077 1204 1148 γέννησιν
1242 1078 1514 1149 διαχεθείη
1543 1076 1577 1148 ἢ
1605 1075 1780 1131 Πνεύ-

209 1180 367 1232 ματος
416 1165 498 1228 είς
553 1164 909 1236 προέλευσιν·
951 1165 1031 1220 διὸ
1060 1169 1153 1221 καί
1201 1185 1344 1232 τινες
1388 1167 1587 1230 αὐτῶν,
1617 1165 1770 1236 φησὶ,

206 1255 496 1328 προάγουσι
549 1257 652 1328 μὲν
695 1259 822 1312 Υίὸν
861 1260 930 1312 ἐκ
980 1258 1076 1313 τοῦ
1115 1259 1348 1331 Πατρὸς,
1381 1260 1460 1323 εἰς
1490 1256 1681 1311 ἑαυτὸν
1713 1256 1774 1310 δὲ

205 1347 358 1402 πάλιν
384 1349 680 1404 ἀναλύουσι
698 1350 791 1404 τὸν
808 1351 1028 1423 Πατέρα
1046 1367 1061 1381 ⁶
1079 1351 1200 1404 οἱδὲ
1229 1351 1343 1422 (56)
1377 1347 1773 1404 καταδάλλουσι

206 1439 296 1502 τὰς
319 1439 525 1509 φύσεις,
555 1439 809 1512 θεότητος
830 1442 1255 1513 ἀλλοτριοῦντες,
1282 1441 1470 1514 ὥσπερ
1502 1441 1604 1511 τῆς
1623 1439 1771 1502 θείας

207 1529 412 1598 φύσεως
439 1532 745 1597 δεδοικυίας
776 1535 850 1604 μὴ
879 1532 1259 1602 ἀντεξάγοιντο
1284 1534 1378 1587 καὶ
1403 1530 1774 1602 ἀντιφέροιντο

205 1619 471 1691 ἀλλήλαις.
499 1622 575 1675 Τὸ
597 1622 657 1675 δὲ
693 1642 712 1675 ι
749 1623 889 1696 ὑπὲρ
907 1624 974 1678 τὰ
994 1623 1268 1694 κτίσματα
1293 1641 1312 1674 ι
1333 1621 1476 1676 οὕτω
1493 1620 1770 1691 συνάψεις·

1952 797 2135 870 Neque
2179 815 2341 852 unam
2379 798 2688 859 Iudaicam.
2737 802 3045 872 Angustum
3090 803 3188 870 ait,
3231 814 3454 875 propter

1876 889 2095 943 unicam
2128 903 2453 957 personam;
2479 889 2724 944 invidum
2750 905 2880 946 vero
2902 901 3066 962 atque
3092 892 3448 956 imbecillum,

1874 978 2077 1048 quippe
2123 979 2268 1048 quod
2300 979 2383 1033 vel
2417 995 2528 1033 non
2567 987 2770 1050 potest,
2819 983 2903 1036 vel
2933 981 3159 1045 invidet,
3207 998 3276 1038 ne
3317 984 3449 1053 quid

1875 1069 2008 1124 boni
2039 1069 2298 1124 exsiliens
2346 1071 2400 1123 in
2443 1069 2564 1125 Filii
2605 1073 2956 1142 generatione
3003 1073 3450 1142 perfunderetur,

1875 1161 1962 1216 vel
2009 1160 2064 1214 in
2099 1159 2336 1231 Spiritus
2382 1163 2753 1230 processione.
2811 1163 3042 1234 Ideoque
3088 1181 3275 1219 eorum
3312 1181 3451 1220 non-

1877 1251 2036 1316 nulli,
2059 1253 2156 1316 ait,
2188 1251 2387 1306 Filium
2419 1253 2640 1323 quidem
2664 1270 2731 1309 ex
2759 1253 2923 1310 Patre
2948 1255 3278 1325 producunt,
3303 1273 3452 1311 eum-

1877 1342 2000 1399 dem
2029 1351 2210 1398 autem
2243 1359 2463 1398 rursum
2497 1345 2552 1399 in
2584 1344 2800 1401 Patrem
2835 1347 3156 1415 resolvunt;
3196 1348 3287 1402 alii
3311 1364 3452 1403 .vero

1876 1442 2104 1488 naturas
2134 1431 2420 1503 dejiciunt,
2468 1449 2502 1488 a
2547 1433 2843 1491 Divinitate
2874 1437 3184 1499 alienando,
3228 1437 3452 1506 perinde

1877 1540 1941 1579 ac
1972 1524 2018 1580 si
2048 1522 2232 1577 divina
2269 1532 2465 1578 natura
2500 1525 2735 1590 timeret,
2771 1543 2840 1582 ne
2888 1527 3019 1597 ipsa:
3065 1527 3354 1582 adversum
3390 1543 3451 1583 se

1877 1613 2222 1684 insurgerent
2257 1626 2322 1666 ac
2353 1612 2585 1667 invicem
2624 1614 2825 1669 bellum
2857 1615 3140 1670 inl'errent.
3175 1614 3287 1670 Hoc
3317 1632 3451 1670 vero

205 1709 276 1774 ὡς
299 1710 370 1783 μὴ
382 1711 685 1785 δυναμένην
712 1713 852 1786 ὑπὲρ
861 1715 930 1769 τὰ
945 1716 1067 1768 κτίσ
1073 1733 1217 1786 ματα
1229 1715 1423 1785 γεννᾷν
1441 1715 1476 1785 ἢ
1489 1713 1770 1784 προάγεινο

1889 1720 1902 1754 ι
1943 1702 2118 1772 Supra
2151 1715 2241 1756 res
2265 1701 2516 1758 conditas
2540 1722 2559 1755 ι
2595 1703 2671 1758 ita
2694 1705 3175 1775 construes,quasi
3205 1706 3312 1760 vim
3339 1722 3448 1760 non

206 1799 443 1874 θειοτέρα
466 1805 579 1876 γὰρ
603 1804 697 1859 καὶ
731 1805 873 1878 ὑπὲρ
895 1806 967 1860 τά
995 1806 1272 1877 κτίσματα
1294 1807 1328 1878 ἡ
1351 1803 1471 1860 θεία
1497 1805 1767 1876 γέννησις,

206 1890 315 1948 ἀλλ’
339 1893 403 1949 ού
440 1893 669 1967 ζωώδης
690 1896 786 1950 καὶ
818 1897 1129 1969 σωματικὴ.

229 2109 232 2112 λ
269 2065 400 2124 Ibid.
439 2069 496 2126 9.
520 2070 633 2126 Kal
663 2072 840 2126 τοῦτο
884 2070 1086 2126 θετκὸν
1110 2068 1344 2139 ἔχουσι.
1383 2068 1458 2124 Τὸ
1485 2067 1772 2140 μοναδικὸν

204 2157 430 2230 δηλονότι
461 2179 474 2192 ·
496 2163 690 2234 ὥσπερ
714 2165 747 2235 ἡ
774 2161 937 2232 φύσις
985 2161 1085 2232 μία
1137 2159 1232 2215 καὶ
1266 2160 1526 2232 μοναδικὴ
1569 2161 1773 2214 ἔνεστιν

205 2251 261 2304 ὲν
281 2255 392 2316 τοῖς
418 2255 620 2324 τρισὶν,
643 2248 725 2318 εἷς
758 2253 918 2323 μόνος
943 2253 1134 2324 Πατὴρ
1157 2253 1258 2307 οὐκ
1295 2252 1473 2316 ἀλλος,
1504 2245 1585 2314 εἷς
1613 2248 1774 2322 μόνος

214 2343 325 2408 ι’ίὸς
359 2347 452 2398 καὶ
502 2346 606 2399 οὐκ
659 2344 836 2409 ἄλλος,
867 2345 961 2399 καὶ
1005 2344 1063 2397 ἓν
1092 2343 1314 2414 Πνεῦμα
1349 2344 1504 2413 ἅγιον
1543 2342 1640 2396 καὶ⁹
1672 2343 1775 2395 οὐκ

206 2432 325 2488 ἄλλο
341 2453 356 2468 ·
383 2435 479 2490 καὶ
499 2432 634 2489 πολύ
656 2452 741 2504 γε,
768 2435 924 2506 φησὶ,
948 2435 1057 2489 τῶν
1076 2437 1203 2506 παρ’
1224 2436 1355 2505 ἡμῖν
1391 2433 1772 2504 ἀληθέστερον·

208 2523 406 2596 Πατὴρ,
427 2526 513 2581 ὅτι
549 2526 726 2595 μόνως
753 2527 849 2581 καὶ
893 2526 1242 2598 ἰδιοτρόπωςο
1273 2526 1334 2579 ού
1359 2523 1469 2596 γὰρ
1498 2524 1611 2588 υἱός
1629 2539 1777 2586 τινος

208 2617 480 2689 πρότερον,
543 2613 665 2672 εἶτα
711 2617 914 2690 πατὴρ,
961 2619 1054 2672 καὶ
1103 2617 1164 2670 ού
1207 2617 1344 2688 μετά
1387 2615 1649 2684 συζυγίας
1681 2614 1778 2668 καὶ

209 2709 527 2779 σωματικῶς
557 2708 746 2780 ὥσπερ
777 2711 958 2780 ἡμεῖς,
985 2709 1078 2762 καὶ
1099 2708 1218 2762 ὅλον
1242 2706 1434 2779 Πατὴρ
1459 2708 1553 2760 ἀπ’
1580 2706 1774 2778 ἀρχῆς

207 2797 378 2871 τὸγὰρ
404 2800 694 2872 ἡμέτερον,
717 2802 901 2871 φησὶν,
923 2799 1117 2869 ἄδηλον
1137 2818 1152 2832 ·
1179 2803 1363 2864 ποίον;
1389 2799 1450 2852 τὸ
1469 2797 1588 2862 ὲνὸς
1614 2798 1776 2868 μόνου

208 2891 294 2945 καὶ
313 2892 434 2946 ὅλου
477 2890 603 2949 υίοῦ
646 2893 858 2965 πατέρα
885 2891 1007 2946 τινὰ
1042 2891 1401 2964 χρηματίσαι,
1429 2888 1780 2962 ἐνδεχομένου

207 2981 295 3036 καὶ
317 2983 541 3055 ἑτέρων.

1872 1793 2081 1850 habens
2103 1808 2268 1862 supra
2296 1808 2385 1848 res
2407 1793 2658 1851 conditas
2686 1796 2941 1867 gignendi
2973 1797 3058 1852 vel
3085 1797 3448 1867 producendi.

1873 1885 2117 1940 Divinior
2155 1885 2301 1940 enim
2340 1893 2397 1940 et
2431 1900 2598 1956 supra
2643 1901 2734 1941 res
2773 1887 3026 1942 conditas
3059 1887 3243 1942 divina
3285 1903 3452 1959 gene-

1871 1975 2032 2038 ratio,
2065 1991 2175 2029 non
2214 1983 2394 2030 autem
2419 1976 2672 2030 animalis
2703 1976 2789 2030 vel
2819 1977 3138 2045 corporalis.

1950 2064 2018 2119 Ut
2048 2066 2146 2119 hoc
2191 2081 2395 2136 quoque
2443 2066 2678 2120 divinum
2723 2067 2969 2122 habeant.
3007 2067 3451 2138 Singularitatem

1873 2158 2154 2215 nimirum.
2191 2157 2664 2224 Quemadmodum
2703 2167 2901 2214 natura
2937 2175 3045 2215 una
3074 2172 3127 2214 et
3159 2161 3454 2232 singularis

1875 2252 1932 2306 in
1972 2251 2150 2307 tribus
2188 2251 2353 2314 inest,
2387 2267 2537 2310 unus
2566 2251 2721 2306 solus
2764 2251 2928 2307 Pater
2965 2267 3074 2306 non
3109 2252 3272 2315 alius,
3311 2268 3454 2307 unus

1875 2345 2027 2402 solus
2083 2343 2256 2400 Filius
2293 2351 2349 2399 et
2382 2359 2492 2398 non
2537 2345 2702 2410 alius,
2737 2352 2794 2398 et
2855 2360 2999 2399 unus
3042 2341 3281 2413 Spiritus
3321 2359 3452 2399 san-

1874 2444 1996 2493 ctus
2020 2444 2075 2492 et
2119 2452 2230 2492 non
2275 2437 2458 2490 alius:
2509 2443 2562 2490 et
2605 2435 2710 2489 hoc
2764 2435 2938 2490 multo
2985 2434 3205 2506 quidem
3245 2436 3452 2499 verius,

1877 2529 1976 2592 ait,
2011 2541 2175 2598 quam
2205 2541 2330 2598 quae
2356 2525 2500 2596 apud
2530 2539 2633 2581 nos
2666 2525 2771 2580 hoc
2798 2539 3000 2580 nomen
3035 2524 3308 2582 obtinent.
3344 2523 3450 2576 Pa-

1875 2627 1979 2686 ter,
2013 2620 2143 2691 quia
2174 2619 2399 2689 proprio
2444 2627 2497 2672 et
2537 2617 2804 2687 singulari
2851 2615 3044 2683 modo;
3086 2631 3265 2685 neque
3304 2615 3452 2670 enim

1874 2713 2022 2771 ﬁlius
2084 2709 2317 2779 alicujus
2349 2709 2452 2764 fuit
2487 2709 2664 2779 prius,
2707 2716 2896 2778 postea
2945 2715 3118 2779 pater,
3155 2715 3210 2762 et
3243 2722 3351 2761 non
3385 2723 3452 2762 ex

1873 2803 2262 2873 conjunctione
2289 2809 2345 2856 et
2363 2802 2725 2872 corporaliter
2750 2801 2895 2854 sicut
2922 2814 3046 2865 nos,
3073 2800 3168 2855 sed
3191 2800 3245 2854 in
3279 2807 3454 2854 totum

1873 2893 2036 2950 Pater
2065 2894 2135 2949 ab
2162 2893 2338 2948 initio.
2371 2891 2446 2947 De
2485 2893 2645 2947 nobis
2668 2931 2683 2956 ,
2717 2890 2814 2955 ait,
2864 2891 2970 2946 hoc
3007 2898 3162 2946 certo
3197 2889 3456 2946 allirmari

1875 2985 2083 3056 nequit.
2109 2983 2417 3051 Quidnam?
2444 2983 2650 3054 Nempe
2675 2981 2820 3053 quod
2856 2983 3029 3039 solius
3052 2990 3108 3038 et
3137 2984 3305 3039 totius
3359 2983 3460 3040 lilii

1800 3066 1844 3124 C
1876 3089 2029 3150 pater
2065 3075 2334 3145 quispiam
2360 3080 2606 3139 vocetur,
2641 3071 2789 3142 quod
2817 3072 3031 3128 caeteris
3057 3071 3334 3127 convenit.

272 3177 405 3235 Ibid.
447 3181 537 3234 10.
564 3179 720 3235 Οὐδὲ
754 3179 999 3252 μᾶλλον
1042 3178 1140 3235 καὶ
1173 3175 1377 3251 ἧττον.
1409 3179 1776 3251 Αύτοαγιότης

207 3269 308 3342 γάρ
340 3271 464 3328 ὅλον
490 3271 582 3338 ὃν,
615 3272 678 3325 τὸ
723 3271 922 3344 μᾶλλον
958 3273 1054 3326 καὶ
1081 3267 1245 3344 ἦττον
1287 3272 1388 3326 οὐκ
1429 3271 1496 3325 ἂν
1526 3271 1733 3337 δέξαιτο
1757 3285 1772 3302 ο

207 3361 264 3415 τὸ
281 3363 336 3416 δὲ
370 3363 447 3436 μὴ
507 3363 788 3433 γεγονέναι
843 3365 947 3418 ὑπό
989 3382 1134 3428 τινος
1162 3363 1256 3417 καὶ
1281 3365 1316 3434 ἡ
1345 3363 1538 3434 θεότης
1572 3363 1773 3427 κοινὸν,

208 3454 354 3526 φησι,
383 3456 487 3526 τῆς
545 3457 709 3525 ἁγίας
741 3456 990 3528 Τριάδος,
1023 3455 1136 3527 Υίῷ
1179 3455 1237 3509 δὲ
1268 3455 1362 3510 καὶ
1428 3455 1571 3527 ἁγίῳ
1605 3455 1775 3509 Πνεύ-

211 3562 333 3615 tum
362 3547 426 3602 τὸ
454 3549 519 3600 ὲκ
546 3547 640 3602 τοῦ
661 3547 894 3621 Πατρὸς,
930 3548 1006 3612 ὡς
1037 3547 1098 3614 ἐξ
1131 3547 1328 3601 αἰτίου.

271 3724 407 3782 Ibid.
443 3725 487 3782 C
516 3727 568 3780 ι.
599 3729 667 3781 El
687 3725 756 3781 δὲ
781 3726 890 3781 τὸν
911 3727 1136 3795 τρόπον
1159 3727 1468 3795 ἐπιζητεῖς.
1503 3726 1590 3790 Ὦς
1607 3725 1778 3798 ἀπόρ-

211 3815 366 3886 ῥητον
391 3815 553 3869 τοῦτο
575 3816 1007 3890 παρακρούεται,
1031 3818 1307 3889 ἐπιφέρων
1334 3818 1524 3886 ταυτὶ,
1562 3837 1582 3870 ι
1612 3819 1777 3872 Γενοῦ

208 3923 276 3974 τι,
324 3927 344 3960 ι
385 3907 580 3976 λέγων,
615 3927 634 3960 ι
683 3909 948 3980 πρότερον
979 3909 1090 3964 τῶν
1129 3909 1438 3981 λεγομένων
1481 3931 1501 3966 ι
1533 3911 1780 3965 τουτέστι

207 3996 358 4064 Θεοῦ,
405 3999 501 4054 καὶ
525 3993 637 4053 οἷον
684 3999 787 4071 τῆς
828 4001 1146 4072 ὲλλάμψεως
1195 4002 1410 4074 ἐκείνης
1457 4003 1778 4075 ἠξιωμένος,

209 4091 298 4144 καὶ
331 4092 638 4163 τηνικαῦτα
663 4093 917 4147 τοσοῦτον
944 4094 1067 4169 εἴσῃ
1085 4095 1208 4149 ὅσον
1241 4095 1332 4150 ὑπ’
1361 4096 1589 4151 ἐκείνων
1614 4096 1780 4166 γινώ-

211 4196 390 4237 σκεται
419 4184 515 4237 καὶ
535 4184 932 4256 γνωσθήσεται.

273 4274 408 4330 Ibid.
441 4274 485 4328 D
517 4275 571 4331 5.
603 4275 958 4344 Παράδοξον
1006 4276 1296 4346 ἔχουσαν.
1347 4277 1652 4350 Παράδοξον
1672 4278 1781 4350 γὰρ

207 4362 280 4427 ὡς
300 4365 514 4438 ἀληθῶς
537 4366 694 4420 τοῦτο
713 4367 1037 4440 διαιρεῖσθαί
1061 4387 1113 4423 τι
1137 4369 1480 4442 ἀδιαιρέτως,
1511 4374 1605 4426 καὶ
1627 4372 1779 4426 ἐνοῦ-

211 4453 333 4508 σθαι
363 4456 706 4528 διῃρημένως
731 4473 745 4485 ·
775 4457 804 4510 ὃ
838 4459 1016 4527 μόνως
1043 4463 1286 4532 τηρεῖται
1317 4463 1374 4516 ὲν
1404 4465 1471 4535 τῇ
1504 4463 1635 4534 ἁγίᾳ
1671 4462 1777 4517 τῶν

198 4546 582 4616 ύποστάσεων,
635 4549 824 4619 Τριάδι
881 4552 983 4604 κάν
1027 4551 1136 4624 τῷ·
1167 4554 1437 4626 μοναδικῷ
1483 4555 1584 4626 τῆς
1646 4557 1778 4610 Θεό-

205 4653 384 4708 τητος.

274 4728 410 4784 lbid.
443 4730 499 4785 6.
551 4731 706 4785 Ἀλλ’
732 4733 842 4786 οὐκ
875 4734 1278 4804 ἀνθρωπικῶς.
1311 4731 1386 4792 Οῦ
1417 4739 1577 4812 γάρὴ
1612 4738 1782 4812 ῦπαρ-

208 4819 284 4885 ξις
305 4823 399 4876 καὶ
435 4823 497 4877 τὸ
521 4820 659 4880 εἶναι
685 4827 783 4880 οὐκ
813 4827 1170 4900 ἀνθρώπινον,
1197 4829 1388 4884 τούτου
1405 4833 1499 4886 καὶ
1523 4835 1555 4903 ή
1585 4833 1777 4904 γέννη-

209 4924 289 4972 σις
314 4909 413 4963 οὐκ
437 4910 749 4985 ἀνθρωπίνη
771 4931 784 4945 ·
831 4916 1046 4989 ἀπαθὴς
1077 4917 1206 4992 γάρ.
1239 4919 1522 4976 Φοδεῖσθαι
1554 4922 1612 4975 δὲ.
1644 4924 1775 4995 χρό-

207 5014 292 5050 νον
319 4999 414 5052 καὶ
435 5001 611 5054 κτίσιν
641 5004 831 5072 εἰπὼν,
868 5005 1121 5078 ἀγορεύει
1155 5007 1268 5078 (57)
1305 5008 1379 5079 μὴ
1421 5007 1654 5079 λέγεινῆ
1694 5027 1783 5062 πι-

208 5090 413 5144 στεύειν
455 5095 673 5149 κτιστόν
705 5112 757 5149 τι
811 5098 907 5150 καὶ
949 5099 1208 5170 γεννητὸν
1246 5100 1344 5170 τῆς
1393 5100 1556 5168 ἁγίας
1615 5101 1781 5172 Τριά-

205 5180 310 5244 δος.
330 5182 482 5252 Μηδὲ
505 5189 824 5256 συνηγορεῖν
867 5189 1040 5243 δοκῶν
1083 5189 1159 5262 τῷ
1185 5190 1323 5262 Θεῷ,
1367 5191 1583 5264 ἀνέλῃς,
1623 5195 1778 5266 φησὶ,
1805 5211 1808 5214 '

205 5271 355 5340 Θεὸν,
374 5275 652 5331 τουτέστιν
705 5278 1005 5352 ἀναιρήσῃς
1025 5297 1039 5310 '
1081 5283 1359 5354 ἀναίρεσις
1391 5284 1500 5356 γὰρ
1529 5286 1780 5357 θεότητος

208 5362 337 5418 Υίοῦ
376 5367 473 5420 καὶ
524 5367 681 5436 ἁγίου
711 5371 1028 5442 Πνεύματος
1073 5375 1186 5428 ἴσον
1228 5377 1345 5430 ἐστὶ
1387 5375 1481 5430 τοῦ
1520 5377 1652 5430 Θεὸν
1686 5379 1781 5430 ἁν-

207 5455 366 5510 ελεϊν.

275 5547 392 5608 Col.
422 5554 557 5608 1224
596 5555 641 5608 Α
684 5555 737 5609 4.
769 5557 866 5625 Μὴ
923 5559 1192 5627 φοϐηθῇς
1224 5557 1339 5628 τὴν
1359 5559 1637 5628 πρόοδον.
1671 5559 1778 5615 Τοῦ

284 5728 394 5796 (56)
434 5731 621 5788 Ariani
670 5735 897 5792 scilicet.
937 5735 1068 5796 Vide
1127 5739 1300 5799 Eliam
1350 5739 1663 5798 Cretensem
1711 5743 1776 5799 ad

211 5797 356 5857 hunc
388 5802 587 5859 locum.

1947 3166 2059 3222 Nec
2083 3167 2250 3235 magis
2279 3173 2329 3219 et
2365 3165 2566 3220 minus.
2607 3162 2860 3234 Namque
2893 3178 3019 3218 cum
3063 3163 3294 3234 ipsamet
3327 3178 3459 3219 san-

1875 3260 2038 3316 ctitas
2067 3260 2121 3314 in
2157 3267 2333 3314 totum
2367 3265 2477 3324 est,
2510 3272 2614 3313 nec
2644 3258 2821 3329 magis
2851 3273 2954 3313 nec
2994 3258 3177 3312 minus
3209 3258 3461 3325 accipere

1876 3360 2075 3424 potest.
2107 3353 2151 3406 A
2180 3353 2337 3407 nullo
2374 3361 2625 3407 creatum
2656 3351 2825 3406 fuisse
2857 3359 3023 3421 atque
3051 3351 3229 3421 ipsam
3262 3349 3460 3406 divini-

1876 3451 2040 3499 tatem
2075 3443 2150 3498 ait
2177 3443 2352 3498 sancti
2378 3443 2633 3498 Trinitati
2664 3457 2980 3505 commune,
3011 3439 3152 3495 Filio
3186 3448 3241 3497 et
3268 3448 3465 3496 sancto

1879 3534 2142 3605 Spiritui,
2197 3533 2346 3604 quod
2387 3545 2618 3606 uterque
2667 3548 2861 3590 eorum
2902 3548 2970 3588 ex
3021 3531 3182 3589 Patre
3233 3532 3382 3589 velut
3431 3550 3465 3586 ιι

1877 3626 2146 3697 principio
2173 3633 2279 3681 est.

1950 3717 2105 3784 Quod
2134 3717 2182 3772 si
2217 3716 2430 3772 modum
2458 3718 2678 3788 quaeris.
2712 3715 3001 3787 Tanquam
3041 3729 3304 3770 arcanum
3328 3712 3464 3768 illud

1878 3807 2128 3876 expellit,
2172 3808 2278 3863 hoc
2334 3807 2548 3876 adjecto
2589 3827 2602 3863 :
2654 3827 2672 3859 ι
2732 3805 2842 3862 Fac
2884 3808 2962 3864 sis
3004 3806 3263 3877 quiddam
3308 3807 3463 3877 prius

1878 3912 2068 3954 eorum
2108 3914 2230 3969 quae
2258 3899 2843 3961 commemoravimus,
2894 3918 2914 3950 ›
2957 3897 3102 3952 Deus
3137 3897 3372 3960 scilicet,
3406 3904 3470 3950 et

1879 3990 1971 4045 illa
2017 3991 2354 4061 glorilicatus
2406 3990 2827 4054 illuminatione,
2881 3999 2999 4046 tum
3045 3991 3266 4045 demum
3318 3988 3463 4044 scies

1879 4091 2146 4152 quantum
2183 4082 2252 4137 ab
2285 4082 2398 4138 illis
2425 4083 2778 4154 cognoscitur
2814 4090 2870 4138 et
2897 4090 3283 4154 eognoscetur.

1953 4280 2123 4352 Cujus
2152 4281 2342 4336 divisio
2371 4280 2528 4350 plane
2561 4281 2917 4335 admirabilis.
2951 4280 3190 4337 Prorsus
3220 4278 3463 4335 admira-

1885 4372 1994 4426 bile
2023 4371 2156 4426 illud
2185 4380 2291 4436 est,
2321 4370 2467 4441 quod
2495 4377 2550 4425 et
2594 4373 2732 4425 citra
2765 4371 3090 4427 divisionem
3122 4371 3462 4435 dividuntur,

1884 4472 1939 4519 et
1969 4463 2194 4518 divisim
2235 4462 2564 4534 capulantur
2594 4479 2608 4515 :
2635 4461 2782 4532 quod
2820 4462 3165 4518 solummodo
3199 4463 3464 4519 observa-

1885 4566 1974 4610 tur
2004 4556 2060 4609 in
2106 4561 2296 4610 sancta
2331 4568 2690 4624 personarum
2726 4554 2995 4610 Trinitate
3026 4555 3157 4610 etin
3197 4555 3465 4609 Divinita-

1885 4647 1956 4702 tis
1981 4647 2209 4702 unitate.

1958 4739 2084 4794 Non
2121 4747 2298 4793 autem
2335 4737 2565 4794 humano
2597 4738 2773 4794 modo.
2810 4737 2981 4810 Cujus
3007 4739 3152 4794 enim
3194 4737 3466 4794 exsisten-

1885 4830 1963 4884 tia
2035 4841 2090 4886 et
2149 4845 2274 4886 esse
2335 4829 2636 4884 humanum
2713 4838 2834 4898 est,
2883 4832 3004 4900 ejus
3060 4839 3116 4885 et
3185 4829 3468 4900 generatio

1886 4935 1998 4975 non
2041 4921 2304 4976 humana.
2341 4921 2425 4974 Ab
2472 4919 2620 4974 omni
2672 4922 2818 4976 enim
2864 4919 3120 4990 passione
3148 4919 3326 4974 aliena
3355 4925 3462 4972 est.

1887 5011 2049 5068 Metui
2083 5021 2262 5067 autem
2300 5022 2516 5084 tempus
2564 5023 2618 5070 et
2647 5014 2982 5069 creationem
3029 5013 3240 5078 dicens,
3278 5011 3466 5082 probi-

1885 5104 1976 5159 bet
2003 5120 2072 5159 ne
2115 5104 2332 5160 dicatur
2363 5105 2446 5160 vel
2481 5105 2740 5161 credatur
2788 5103 3072 5175 quidpiam
3119 5113 3365 5157 creatum
3411 5113 3466 5157 et

1885 5195 2129 5264 genitum
2179 5204 2379 5252 sanetae
2428 5197 2746 5264 Trinitatis;
2810 5204 2864 5250 et
2923 5209 3048 5248 cum
3098 5194 3460 5265 patrocinium

1889 5287 1982 5342 Dei
2035 5288 2317 5356 suscipere
2365 5303 2473 5342 non
2516 5289 2629 5354 vis,
2684 5285 2885 5348 Deum,
2923 5285 3017 5346 ait,
3053 5285 3235 5347 tollas,
3285 5283 3339 5337 id
3378 5289 3464 5336 est

1888 5379 2066 5434 tolles.
2124 5377 2372 5433 Sublatio
2416 5379 2562 5433 enim
2633 5376 2938 5432 divinitatis
2993 5374 3118 5430 Filii
3165 5383 3222 5430 et
3282 5374 3462 5429 sancti

1889 5470 2127 5541 Spiritus
2157 5468 2302 5524 idem
2332 5478 2419 5523 est
2445 5477 2610 5538 atque.
2640 5467 2806 5521 Deum
2832 5467 3042 5521 tollere.

1962 5560 2357 5616 Processionem
2391 5577 2453 5614 ne
2487 5569 2713 5615 metuas.
2752 5558 2948 5614 Saneti‘
2970 5557 3208 5628 Spiritus
3242 5571 3464 5628 proceso

1961 5742 2071 5814 (57)
2100 5740 2293 5814 Nullus
2321 5742 2512 5800 dubito
2557 5742 2688 5814 quin
2715 5742 2950 5799 Basilius
2985 5741 3286 5812 scripserit,
3317 5739 3462 5794 ἀπα-

1889 5813 2125 5883 γορεύει,
2160 5813 2412 5882 pro/libet.
