3856 6220
375 340 512 398 “79
1753 338 1898 392 BASI

2096 332 2251 389 ININI
3482 332 3619 388 H80

374 456 541 532 ἁγίου.
578 453 898 526 Πνεύματος
939 454 1038 528 τὴν
1088 455 1314 526 πρόοδον
1343 455 1524 524 λέγει’
1575 456 1678 519 ότι,
1711 456 1896 526 φησὶν,

2098 467 2265 508 .onem
2293 453 2448 508 dicit.
2476 451 2711 523 Quippe,
2743 453 2840 516 ait,
2873 451 2928 506 in
2964 450 3222 506 omnibus
3253 447 3407 504 dives
3437 463 3504 503 ac
3528 463 3621 518 po-

371 545 626 611 πλούσιος
657 548 752 601 καὶ
785 548 1005 613 δυνατὸς
1035 550 1176 602 κατὰ
1217 549 1394 602 πάντα
1429 550 1532 603 οὐκ
1561 549 1804 618 ἀνάγκην
1830 548 1894 618 ἔχη

2094 560 2171 599 :us
2214 560 2324 598 non
2364 545 2748 599 necessitatem
2799 543 2962 597 habet
3010 542 3090 598 vel
3135 556 3245 596 non
3295 540 3617 610 producere.

372 639 405 710 ἢ
454 638 527 709 μὴ
568 639 892 710 προϐάλλειν
918 655 932 671 ο
987 639 1247 711 ἑκάτερον
1290 639 1398 711 γὰρ
1435 641 1633 711 ὁμοίως
1674 640 1895 694 ἀϐιάστο

2100 645 2356 706 trumque
2383 637 2528 691 enim
2564 636 2771 706 pariter
2803 642 2998 705 sponte
3035 633 3130 700 fit;
3167 642 3330 702 atque
3363 629 3623 700 produxit

373 727 506 796 ἔχει,
545 729 634 781 καὶ
693 727 1063 798 προϐέϐληκεν
1114 728 1216 800 ἤδη
1276 729 1335 782 τὸ
1374 729 1527 797 ἆγιον
1577 728 1820 800 ἀχρόνως
1853 746 1896 783 κς

2106 745 2156 782 m
2197 736 2450 784 sanctum
2503 743 2612 782 non
2654 727 2709 781 in
2740 735 3007 797 tempore,
3035 740 3144 780 non
3185 731 3410 779 coactus
3450 719 3625 792 Spiri-

375 816 647 879 ἀϐιάστως
679 815 925 885 Πνεῦμα.

679 815 925 885 Πνεῦμα.
2049 829 2181 874 tum.

450 909 580 960 Ibid.
627 906 715 960 15.
747 905 911 972 Mure
958 903 1070 974 τῆς
1101 908 1352 975 τριθετας
1384 906 1675 976 ἔγκλημα.
1715 908 1820 960 Καὶ
1845 906 1950 977 μὴν

2124 908 2238 964 Nec
2277 925 2398 963 vero
2433 907 2656 962 tritlteite
2698 908 2916 960 crimen.
2951 905 3161 975 Quippe
3202 905 3408 960 editum
3451 902 3627 956 fuerat

378 997 726 1068 διαϐέϐληται
776 998 836 1050 τὸ
889 998 988 1068 τῆς
1042 998 1284 1069 τριθεῖας
1327 999 1522 1068 δόγμα,
1564 999 1704 1052 κατὰ
1739 998 1830 1051 τὸν
1856 1016 1901 1050 τι

2104 1001 2293 1056 ιίιιιεὶαξ
2341 997 2539 1067 dogma
2573 1013 2604 1052 a
2641 998 2876 1066 quodam
2908 995 3208 1066 Philopono
3245 995 3413 1057 dicto,
3447 993 3541 1064 qui
3572 997 3627 1048 in

376 1088 664 1159 λεγομένου
686 1088 971 1142 Φιλοπόνου
997 1087 1159 1159 λῆρον
1176 1089 1311 1160 (58),
1336 1089 1393 1152 ὃς
1423 1091 1501 1152 είς
1523 1090 1750 1160 μερικὰς
1765 1089 1899 1142 ούσίι

2103 1092 2275 1146 irttles
2305 1089 2643 1146 substantias
2673 1089 3016 1144 Aristotelice
3045 1087 3238 1142 dividit
3277 1098 3331 1141 et
3363 1087 3626 1141 divinita-

386 1168 830 1252 Ἀριστοτελικῶς
885 1178 1058 1251 διῄρει
1110 1180 1204 1232 καὶ
1256 1180 1353 1252 τὴν
1383 1179 1549 1233 θείαν.
1590 1179 1724 1232 Ἀλλ’
1751 1181 1812 1232 ού
1842 1179 1909 1248 γὰ

2104 1199 2159 1235 ιιι
2187 1200 2200 1236 :
2234 1183 2336 1236 hoc
2352 1197 2480 1237 vero
2498 1198 2606 1236 non
2627 1182 2699 1234 ita
2722 1181 3131 1252 intelligendum
3156 1191 3258 1236 est.
3278 1179 3458 1234 Unius
3483 1179 3627 1234 enim

377 1273 475 1341 οὐχ
502 1271 674 1334 οὕτως
702 1271 874 1325 ταῦτα
900 1272 1135 1342 νοητέονο
1172 1275 1302 1343 μιᾶς
1323 1273 1412 1326 καὶ
1438 1272 1536 1341 τῆς
1561 1273 1730 1343 αὐτῆς
1760 1288 1900 1340 μενοι

2111 1272 2408 1342 usdemque
2437 1275 2709 1329 manentis
2740 1273 3142 1329 indivisibiliter
3180 1273 3235 1326 in
3267 1271 3470 1332 tribus,
3502 1275 3627 1324 est:

382 1378 485 1430 σης
512 1362 828 1435 ἁδιαιρέτως
854 1365 910 1415 ὲν
935 1366 1047 1427 τοῖς
1067 1363 1234 1434 τρισὶ,
1267 1363 1368 1417 κᾶν
1392 1363 1540 1426 Θεὸς,
1571 1363 1666 1416 καὶ
1686 1363 1837 1428 Θεὸς,
1861 1380 1905 1415 κε

2106 1380 2223 1429 eus,
2243 1363 2406 1427 Deus,
2431 1364 2574 1420 Deus
2603 1366 2836 1435 quisque
2866 1365 3099 1420 dicatur.
3130 1362 3454 1418 Communis
3483 1360 3629 1414 enim

379 1453 514 1516 Θεὸς
532 1453 760 1508 ἕκαστον
787 1454 1011 1526 λέγηται
1030 1473 1044 1488 ·
1075 1454 1228 1526 κοινὴ
1257 1456 1364 1526 γὰρ
1381 1456 1475 1508 κα)⁵
1499 1455 1595 1525 μία
1611 1455 1821 1526 θεότης.
1863 1459 1902 1510 Μ

2107 1496 2110 1508 ,
2144 1471 2250 1510 una
2282 1455 2481 1512 deitas.
2511 1455 2590 1512 Ne
2633 1457 2819 1528 igitur,
2860 1457 2968 1516 ait.
3021 1466 3073 1510 te
3107 1454 3330 1524 pudeat,
3383 1451 3630 1521 quandiu

382 1542 560 1597 τοίνυν
585 1543 901 1614 αἰσχυνθῇς,
939 1545 1092 1613 φησὶ,
1131 1544 1234 1609 ἕως
1257 1545 1321 1599 ἂν
1350 1545 1444 1598 καὶ
1483 1545 1640 1608 ἄλλος
1674 1545 1905 1599 κινδυνειζ

2118 1549 2203 1602 ius
2226 1563 2446 1618 quoque
2470 1549 2658 1603 eadem
2689 1547 2905 1602 ratione
2931 1547 2986 1600 in
3011 1545 3226 1601 ditheie
3248 1545 3496 1616 pericqu
3517 1559 3633 1598 ver-

384 1634 744 1705 ζημιούμενος
769 1637 866 1704 τὴν
887 1636 1092 1691 διθεῖαν
1116 1653 1130 1668 ο
1165 1641 1415 1709 κρεῖσσον
1440 1637 1550 1708 γὰρ
1574 1637 1734 1692 τοῦτο
1757 1639 1907 1706 λέγει

2110 1647 2234 1692 ιιιιτ.
2265 1637 2456 1694 Melius
2504 1639 2647 1694 enim
2691 1637 2796 1693 hoc
2824 1638 3030 1700 dicere,
3067 1636 3413 1692 conﬁtentem
3448 1635 3502 1688 in
3533 1634 3633 1687 tri-

382 1725 747 1796 ὁμολογοῦντα
775 1727 871 1798 τὴν
920 1730 977 1781 ὲν
1013 1731 1126 1792 τοῖς
1170 1729 1317 1799 τρισὶ
1354 1729 1602 1800 θεότητα,
1633 1730 1728 1784 καὶ
1767 1731 1840 1801 μὴ
1867 1731 1905 1794 ζ·

2110 1745 2163 1785 us
2194 1729 2557 1793 divinitatem,
2585 1745 2686 1785 nec
2717 1729 3018 1799 periculum
3053 1728 3334 1782 incurrere
3360 1725 3633 1781 ditheiam

385 1816 651 1888 μιωθῆναι
705 1817 1032 1873 κινδυνεύειν
1087 1819 1185 1891 τὴν
1239 1819 1443 1874 διθεϊαν
1481 1820 1659 1888 λέγειν
1692 1820 1822 1873 Υἱοῦ
1867 1838 1908 1873 κε

2112 1819 2279 1876 .cendi
2313 1818 2436 1874 Filii
2463 1827 2518 1874 et
2555 1823 2728 1876 sancti
2759 1818 3018 1890 Spiritus.
3052 1816 3208 1884 Quod
3241 1816 3465 1885 quidem
3504 1815 3635 1869 Ari-

390 1908 549 1978 ἁγίου
610 1909 951 1980 Πνεύματος·
973 1914 1110 1983 ὅπερ
1134 1913 1332 1983 οἱπερὶ
1361 1915 1578 1984 ’Δρειον
1603 1913 1696 1966 καὶ
1721 1914 1913 1968 Μακεδι

2116 1911 2149 1965 ιὶ
2195 1923 2248 1967 et
2283 1909 2652 1966 Macedoniam
2701 1911 2769 1965 de
2816 1910 3099 1965 divinitate
3135 1907 3497 1962 admiserunt.
3542 1903 3639 1958 Et-

386 2016 497 2052 νιον
528 2003 654 2072 περὶ
677 2003 775 2074 τὴν
806 2003 1034 2075 θεότητα
1074 2005 1370 2059 πεπόνθασι
1398 2023 1410 2036 ·
1439 2005 1472 2076 ἦ
1520 2006 1628 2077 γὰρ
1669 2005 1909 2058 συνέλυσι

2112 2003 2204 2056 iim
2259 2009 2354 2056 aut
2411 2004 2622 2057 crimen
2666 2001 2940 2070 obiectum
2998 1999 3175 2054 dilues
3229 1995 3635 2052 circumcidens

386 2094 732 2164 περικόπτων
759 2093 857 2165 τὴν
875 2094 983 2149 τῶν
1007 2095 1100 2148 δύο
1143 2095 1370 2166 θεότητα
1413 2098 1508 2150 καὶ
1541 2096 1909 2169 ἀφαιρούμενο

2115 2095 2354 2164 Lriusque
2384 2094 2720 2149 divinitatem
2749 2100 2914 2162 atque
2938 2091 3232 2156 auferens;
3268 2095 3362 2143 aut
3388 2102 3518 2142 cum
3541 2087 3638 2140 illo

388 2183 422 2254 ἢ
454 2185 834 2257 συνηπόρησας
853 2189 935 2249 εἰς
962 2188 1196 2259 ἀπορίαν
1226 2187 1415 2242 ἐλθών.
1449 2189 1574 2252 Πῶς
1608 2190 1668 2242 ού
1703 2189 1911 2242 κινδυνιὲ

2116 2186 2293 2241 erebis
2333 2185 2497 2240 animi
2541 2186 2812 2240 anxietate
2857 2183 3133 2238 laborans.
3171 2180 3460 2247 Quomodo
3491 2177 3639 2233 enim

387 2273 550 2354 δης.ὴ
577 2276 824 2347 τριθεῖας
867 2278 1003 2332 ἀλλὰ
1032 2279 1190 2332 τοῦτο
1233 2279 1308 2350 μὴ
1349 2279 1593 2351 φοδηθῇς
1614 2297 1630 2313 ·
1675 2281 1704 2332 ὁ
1738 2281 1835 2351 μὲν
1857 2280 1910 2347 γέ

2111 2293 2176 2331 on
2228 2276 2536 2346 periculosa
2576 2275 2834 2330 tritheia?
2873 2273 3075 2329 Verum
3120 2271 3253 2328 illud
3303 2285 3372 2325 ne
3415 2269 3634 2325 timeas.

391 2366 657 2430 συλλύσας
694 2367 789 2421 καὶ
835 2370 1136 2440 περικόψας
1167 2372 1493 2442 ὲναυάγησε,
1526 2372 1664 2442 μετὰ
1691 2372 1800 2426 τῶν
1822 2373 1914 2441 λογ

2120 2369 2160 2421 ie
2197 2366 2342 2422 enim
2385 2366 2599 2422 diluens
2631 2374 2686 2420 et
2733 2364 3134 2420 circumcidens
3162 2359 3516 2430 naufragium
3559 2357 3643 2411 fa-

393 2457 545 2528 σμῶν
573 2459 666 2513 καὶ
693 2459 921 2530 θεότητα
972 2459 1270 2532 ζημιωθείς
1296 2477 1310 2494 ⁸
1340 2464 1422 2516 σοὶ
1443 2464 1500 2516 δὲ
1542 2463 1822 2535 περιμένει
1851 2462 1916 2516 σιξ

2122 2467 2192 2520 et,
2221 2472 2346 2511 cum
2373 2456 2683 2512 rationibus
2718 2455 2836 2510 suis
2863 2453 3164 2508 divinitatis
3201 2451 3479 2520 jacturam
3511 2464 3645 2519 pas-

392 2554 425 2624 ἡ
451 2552 660 2624 θεότης
691 2554 794 2608 κᾶν
817 2555 1176 2629 ὲξησθένησεν
1200 2561 1228 2612 ό
1252 2559 1429 2628 λόγος,
1450 2559 1543 2614 τὸν
1563 2559 1662 2631 τῆς
1684 2558 1915 2632 ὑπάρξει

2121 2564 2192 2616 is;
2239 2549 2335 2602 tibi
2384 2558 2565 2602 autem
2608 2546 2948 2618 permanebit
3000 2542 3296 2599 incolumis
3341 2541 3644 2602 divinitas:

392 2645 592 2716 τρόπον
618 2645 892 2718 διαπορῶν
926 2650 1026 2720 τῆς
1057 2648 1323 2720 τριθεῒας.
1805 2631 1810 2632 ν

2125 2640 2170 2694 si
2215 2639 2357 2692 ratio
2407 2639 2526 2708 ipsa
2562 2637 2933 2693 imbecillitate
2977 2633 3260 2701 laborarit,
3303 2633 3373 2688 de
3404 2631 3648 2687 tritheia

2067 2729 2402 2787 exsistentiae
2431 2729 2591 2784 modo
2623 2728 2903 2783 dubitans.

461 2824 600 2880 Ibid.
643 2826 682 2880 Β
703 2827 755 2883 7.
795 2828 915 2898 Τὴν
941 2831 1092 2886 νέαν
1121 2832 1453 2887 εὐσέϐειαν.
1487 2833 1764 2904 Εὑφήμως
1798 2833 1972 2896 οὕτως

2139 2824 2442 2892 Novamqne
2479 2821 2748 2890 pietatem.
2778 2819 2884 2874 Per
2911 2817 3236 2888 euphoniam
3275 2815 3357 2872 sic
3386 2813 3650 2904 impieta-

395 2916 494 2989 τὴν
530 2919 786 2975 ἀσέϐειαν
811 2918 955 2986 εἶπε,
983 2924 1084 2995 τὴν
1114 2925 1522 2996 τεχνολογικῶς,
1553 2902 1667 2980 ἀλλί
1703 2927 1805 2979 οὐκ
1846 2927 1973 2979 ἀπο-
2069 2918 2177 2968 tem
2204 2919 2385 2974 νοσεῖν
2422 2909 2718 2964 arundo“
2758 2908 2853 2964 sed
2891 2922 3000 2962 ηοη
3041 2905 3340 2977 θροειοιῑοο
3387 2902 3460 2958 ab
3489 2903 3651 2958 ἥδεθ’

399 3009 660 3073 στολικῶς
707 3013 1115 3085 κηρυττομένην
1146 3015 1251 3068 ὑπὸ
1289 3013 1397 3068 τῶν
1430 3015 1866 3080 άντιδοξούντων,
1905 3017 1922 3067 ¹Ι

2126 3003 2295 3058 idoxis
2329 3001 2730 3066 annuntiatam,
2772 3015 3044 3070 quamque
3070 3000 3312 3070 jejunam
3363 3011 3428 3050 ac
3460 2997 3649 3050 minu-

399 3099 489 3193 καὶ
509 3102 827 3174 μικρόλογον
846 3104 948 3177 ἔφη
967 3107 1178 3176 σοφίαν.
1210 3108 1284 3161 Ού
1306 3107 1476 3160 δεινὸν
1503 3107 1648 3176 λέγει
1675 3106 1922 3177 ἡττηθῆνι

2133 3110 2184 3148 ιιι
2223 3095 2549 3165 sapientiam
2588 3092 2746 3148 dixit.
2791 3091 2907 3146 Non
2945 3107 3109 3162 grave
3133 3098 3187 3146 et
3222 3089 3480 3145 acerbum
3512 3087 3651 3143 dicit

396 3191 540 3265 λόγῳ
559 3199 1024 3266 κατασοφισθέντα
1039 3200 1158 3254 τινὰ
1174 3200 1268 3254 καὶ
1282 3200 1553 3253 κλαπέντα
1565 3199 1919 3270 ψευδολογίαις

2127 3199 2331 3239 :rmone
2371 3183 2572 3237 victum
2602 3197 2725 3237 esse
2755 3181 3052 3251 sophistica
3088 3179 3458 3251 disputatione
3490 3177 3650 3233 delu-

395 3283 567 3340 δεινὸν
590 3286 647 3341 δὲ
667 3289 864 3358 μᾶλλον
896 3289 956 3343 τὸ
985 3290 1326 3364 ζημιωθῆναι
1346 3269 1595 3362 θεότητα.

2131 3291 2198 3329 im
2235 3283 2398 3344 atque
2422 3274 2748 3344 deceptum;
2783 3287 2948 3341 grave
2968 3279 3151 3327 autem
3180 3278 3235 3326 et
3269 3269 3531 3327 acerbum
3563 3279 3654 3326 est

2075 3366 2292 3422 deitatis
2319 3366 2588 3435 jacturam
2623 3362 2839 3420 fecisse.

471 3437 607 3494 Ibid.
639 3439 680 3494 (Σ
709 3440 761 3495 8.
811 3442 925 3509 Τῆς
975 3443 1216 3512 Τριὰδος
1265 3443 1686 3511 κατοικούσης.
1731 3443 1805 3496 Τὸ
1851 3442 1977 3514 ἑξῆς

2150 3454 2430 3510 Trinitatis
2463 3454 2776 3508 habitantis.
2825 3451 2904 3506 lla
2950 3451 3240 3508 verborum
3282 3451 3458 3507 series
3502 3450 3655 3506 acci-

401 3527 590 3593 οὕτως·
621 3532 881 3602 Μέμνησό
903 3550 991 3603 μοι
1010 3535 1107 3604 τῆς
1130 3533 1377 3604 Τριάδος,
1403 3533 1504 3604 τῆς
1528 3535 1586 3587 ὲν
1613 3535 1735 3597 ταῖς
1754 3551 1924 3603 σκηνα

2134 3545 2271 3599 enda
2299 3563 2313 3598 :
2363 3542 2568 3598 Memor
2593 3553 2712 3598 esto
2749 3541 2883 3596 mihi
2911 3533 3213 3606 Trinitatis,
3247 3555 3369 3610 qua:
3397 3539 3452 3593 in
3485 3553 3657 3608 auge-

402 3619 510 3672 τῶν
535 3622 800 3689 ἀγγέλων,
837 3625 930 3677 καὶ
965 3624 1068 3694 τῆς
1109 3628 1166 3678 ὲν
1191 3626 1380 3687 αὑταῖς
1413 3625 1794 3695 κατοικούσης,
1825 3625 1925 3695 δηλε

2135 3650 2252 3688 rum
2285 3633 2681 3700 tabernaculis,
2718 3641 2773 3688 et
2803 3649 2924 3702 quae
2955 3633 3010 3688 in
3039 3635 3119 3688 eis
3141 3633 3370 3694 habitat,
3397 3629 3658 3685 videlicet

403 3711 516 3763 νότι
538 3711 788 3783 Τριάδος·
810 3715 1076 3780 τουτέστι,
1101 3717 1346 3788 μέμνησό
1374 3735 1484 3788 μοι,
1503 3717 1633 3769 πότε
1652 3733 1665 3782 ;
1683 3717 1812 3770 ὅταν
1831 3717 1926 3769 ὲκδ

2134 3725 2384 3780 riuitatis.
2409 3723 2522 3779 Hoc
2539 3735 2644 3790 est,
2671 3739 2880 3780 memor
2905 3733 3026 3780 esto
3043 3725 3176 3779 mihi
3200 3743 3213 3778 :
3238 3721 3489 3794 quando?
3509 3720 3657 3776 Cum

407 3803 588 3874 μήσῃς
609 3821 621 3833 ·
649 3804 752 3857 ποῦ
775 3822 788 3869 ;
821 3807 878 3859 ὲν
907 3810 1026 3870 ταῖς
1052 3812 1296 3878 σκηναῖςο
1335 3809 1550 3873 ποίαις;
1583 3808 1681 3878 τῆς
1707 3824 1930 3862 κατοικο

2137 3815 2573 3884 :regriuatiouem
2618 3815 2858 3882 obieris;
2910 3814 3040 3870 ubi?
3073 3815 3130 3870 In
3168 3813 3558 3870 tabernaculis.
3593 3813 3660 3867 In

407 3909 506 3963 σης
550 3896 608 3948 ὲν
660 3897 879 3963 αὐταῖς,
933 3899 1032 3969 τῆς
1065 3901 1224 3968 ἁγίας
1272 3901 1519 3971 Τριὰδος,
1558 3901 1679 3963 ταῖς
1722 3900 1780 3953 ἐν
1823 3895 1909 3962 αἷς

2134 3908 2448 3962 ,tibnsuam?
2495 3907 2804 3963 Habitantis
2853 3907 2910 3962 in
2948 3909 3068 3970 eis,
3110 3917 3310 3964 sancta:
3341 3903 3657 3970 Trinitatis,

406 3983 538 4052 ἁγία
568 3985 738 4056 Τριὰς
771 3993 1031 4042 κατοικεῖ.
1072 3991 1181 4044 Καὶ
1201 3989 1294 4044 τοῦ
1328 3990 1522 4061 μικροῦ
1552 3989 1744 4043 τούτου
1773 3990 1927 4061 Θέρου

2136 4029 2138 4051 ι
2185 4001 2385 4068 quibus
2433 4007 2624 4053 sancta
2686 3997 2930 4053 Trinitas
2974 3998 3277 4063 inhabitat;
3338 4004 3395 4050 et
3453 3995 3659 4051 messis

405 4071 514 4125 ἀπὸ
550 4074 729 4127 κοινοῦ
751 4075 812 4128 τὸ
846 4077 1089 4147 μέμνησο
1113 4094 1126 4107 ·
1160 4077 1254 4132 τοῦ
1299 4078 1507 4150 καρποῦ
1548 4079 1646 4148 τῆς
1673 4078 1814 4148 ἐμῆς
1847 4079 1928 4148 πρέ

2141 4089 2250 4156 ijus
2291 4091 2522 4156 exiguae,
2564 4088 2818 4143 similiter
2847 4101 3056 4142 memor
3087 4095 3226 4149 esto,
3279 4086 3491 4141 fructus
3520 4100 3661 4140 mea:

410 4164 468 4217 σὲ
500 4164 846 4230 διδασκαλίας
871 4169 964 4221 καὶ
995 4171 1349 4240 κατηχήσεως
1371 4187 1386 4202 ·
1426 4169 1460 4240 ἦ
1485 4170 1567 4223 ὃτι
1607 4170 1826 4240 βραχεῖς
1847 4170 1933 4222 τέο

2138 4181 2150 4233 l
2185 4190 2238 4235 te
2281 4180 2582 4248 disciplina:
2629 4188 2682 4234 et
2722 4178 3106 4240 catecheseos;
3138 4179 3222 4235 vel
3250 4178 3506 4248 quoniam
3545 4176 3661 4233 huc

405 4249 546 4324 ἦσαν
569 4257 619 4308 οἱ
643 4257 954 4329 δεδεγμένοι
978 4261 1069 4314 τὸν
1090 4261 1198 4315 τῶν
1229 4263 1406 4332 όρθῶν
1446 4263 1730 4335 δογμάτων
1763 4265 1928 4336 σπόρο

2137 4285 2259 4340 sque
2297 4273 2453 4342 pauci
2479 4278 2636 4324 erant
2667 4271 2761 4340 qui
2788 4279 3064 4326 rectorum
3099 4271 3410 4340 dogmatum
3443 4270 3660 4325 semina

409 4344 502 4396 zeal.
516 4343 606 4398 διὰ
629 4345 788 4400 τοῦτο
819 4343 939 4402 εἷπε
967 4349 1030 4402 τὸ
1052 4349 1207 4420 θέρος
1240 4351 1455 4422 μικρόν.

2087 4367 2445 4430 acceperant;
2481 4359 2714 4429 ideoque
2749 4374 2982 4414 messem
3016 4359 3266 4426 exiguam
3298 4357 3452 4412 dicit.

477 4434 596 4490 Col.
629 4437 766 4493 1225
796 4438 840 4492 Α
863 4439 915 4493 4.
955 4440 1074 4507 Τὴν
1127 4441 1422 4510 ἡμετέραν
1453 4440 1685 4510 κλῆσιν
1728 4443 1825 4497 καὶ
1867 4442 1983 4508 τὴν

2172 4450 2507 4505 νυσαιὶοηεηι
2536 4461 2776 4506 nostram
2803 4460 2852 4505 et
2885 4449 3242 4504 incredibilem
3274 4449 3659 4518 peregrinatto~

409 4525 668 4582 ἄπιστον
687 4530 1028 4600 ἐπιδημίαν.
1057 4533 1210 4602 Τάχα
1239 4533 1446 4605 ἐκλήθη
1475 4534 1570 4588 καὶ
1589 4527 1742 4598 οὗτος
1767 4536 1858 4588 ὑπ’
1881 4538 1932 4589 αι

2138 4558 2225 4597 rm.
2263 4541 2506 4597 Breviter
2529 4553 2754 4598 vocatus
2779 4551 2861 4598 est
2888 4542 2978 4596 ille
3003 4541 3073 4596 ah
3103 4555 3168 4595 eo
3207 4541 3261 4594 in
3291 4541 3504 4593 exsilio.
3543 4537 3661 4595 Hoc

408 4617 503 4671 τοῦ
536 4619 595 4672 ὲν
629 4623 696 4692 τῇ
731 4622 1021 4694 ὃπερορίᾳ·
1057 4623 1215 4677 τοῦτο
1241 4623 1348 4696 γὰρ
1370 4625 1458 4678 διὰ
1485 4625 1594 4678 τῶν
1627 4627 1931 4698 ὲπαγομένιι

2137 4633 2234 4684 riim
2266 4633 2334 4687 iis
2379 4649 2501 4703 qua:
2535 4641 2843 4703 sequuntur
2878 4633 2930 4686 in
2976 4633 3151 4685 lucem
3199 4631 3485 4701 promitur.
3519 4627 3660 4684 Nam

409 4707 740 4762 αἰνίττεται·
798 4712 1236 4780 συγκακοπαθεῖν
1269 4715 1376 4786 γὰρ
1409 4710 1581 4778 εἶπεν,
1612 4713 1728 4768 ἀλλ’
1765 4717 1827 4769 ού
1860 4732 1932 4768 συε

2140 4737 2150 4776 ι
2179 4737 2549 4778 aerumnarum
2584 4725 2794 4779 socium
2828 4723 2998 4778 fuisse
3039 4722 3192 4786 dicit,
3228 4738 3337 4776 non
3378 4731 3556 4775 autem
3603 4731 3663 4776 ut

409 4803 621 4873 τρυφᾷν
682 4803 1182 4876 ὲπιδεδημήκαμεν.
1237 4807 1340 4862 Καὶ
1404 4807 1543 4876 πρὸς
1586 4808 1750 4872 ὑμᾶς,
1793 4809 1932 4878 φησὶε

2138 4812 2409 4866 eliciarum
2440 4820 2586 4868 esset
2621 4813 2914 4882 particeps.
2959 4811 3024 4865 Et
3055 4811 3123 4865 ad
3163 4826 3278 4874 vos,
3319 4809 3419 4872 ait,
3463 4823 3661 4865 rursus

411 4892 619 4946 ὲπανίω
647 4893 808 4948 πάλιν
829 4893 963 4966 (59),
985 4896 1170 4966 σαφῶς
1191 4898 1279 4952 διὰ
1316 4897 1425 4950 τῶν
1444 4898 1698 4952 τοιούτων
1729 4899 1934 4970 δηλοῢτι

2140 4903 2414 4974 egredere;
2443 4904 2731 4961 manifeste
2759 4921 2856 4976 per
2882 4905 2995 4960 haec
3032 4903 3342 4960 ostenditur
3371 4903 3518 4957 hunc
3548 4901 3663 4972 phi-

411 4983 838 5056 ἑκδεδημηκέναι
865 4987 1024 5042 αὐτόν
1045 5005 1147 5042 που
1181 4989 1272 5043 τὸν
1289 4990 1598 5061 φιλόσοφον,
1632 4992 1727 5046 καὶ
1750 4993 1810 5047 τὸ
1839 5011 1934 5066 την

2139 4995 2382 5067 ›εοριιιιω
2411 4995 2740 5068 decessisse,
2762 5005 2974 5067 ettunc,
3007 4995 3251 5051 nondum
3279 5010 3310 5050 e
3339 4995 3445 5049 vita
3468 5009 3662 5051 exces-

413 5072 607 5142 καῢτα,
635 5077 802 5148 μήπω
832 5077 925 5132 τοῦ
959 5077 1078 5148 βίου
1108 5082 1470 5151 μεταστάντα.
2090 5087 2247 5144 sisse.

484 5247 1130 5333 (38)!)rtecipuiJoannis
1149 5255 1988 5333 Rhiloponierroresdeprehen-
2095 5261 2240 5333 mine
2287 5259 2638 5333 Rhilopanus.
2692 5257 2828 5318 Vide
2873 5261 3128 5316 Biblioth.
3171 5278 3274 5333 gr.,
3309 5270 3350 5315 t.
3411 5259 3656 5333 X,pagg.

412 5322 683 5394 dunturin
700 5322 938 5379 tractatu
959 5327 1048 5380 cui
1067 5326 1284 5381 titulum
1301 5322 1528 5383 fecerat:
1547 5322 1777 5394 Arbiter",
1796 5332 1987 5394 ὁΔιαι-
2094 5330 2198 5385 640
2225 5337 2278 5384 et
2299 5331 2422 5385 651.

412 5391 838 5472 τητ,ής;“ᾼιεοιρι·
887 5394 1008 5460 fuit,
1037 5398 1231 5472 saltem
1257 5414 1398 5472 unus
1425 5414 1491 5454 ex
1519 5391 1848 5472 auctoribus
1870 5393 1989 5454 baz-
2112 5469 2124 5472 _
2166 5399 2280 5472 (39)
2304 5400 2404 5455 Hic
2430 5401 2616 5472 lapsus
2657 5412 2742 5458 est
2767 5401 3139 5456 amanuensis.
3167 5400 3400 5458 Basilius
3425 5401 3663 5458 scribere

414 5459 556 5546 regis
573 5459 1004 5546 Iritheitarugu.
1037 5467 1095 5519 Ὀ
1124 5466 1214 5546 ad“
1229 5468 1431 5538 μάταια
1462 5469 1703 5546 πονήσας
1739 5468 1937 5546 ἰωάνντ

1944 5485 1989 5538 ις
2093 5459 2300 5539 debuit,
2326 5472 2418 5525 καὶ
2456 5459 2592 5544 πρὸς
2619 5473 2790 5545 ημᾶς,
2820 5473 3003 5546 φησιν,
3038 5473 3255 5527 ἐπάνιθι
3284 5471 3467 5531 πάλιν.

413 5529 448 5582 ό
470 5529 776 5602 Τριθεϊτης,
807 5536 881 5590 ait
904 5533 1144 5593 Joannes
1179 5529 1548 5595 Damascenus
1577 5529 1770 5595 l'udéns
1797 5539 1852 5594 in
1883 5529 1986 5594 no;
