3856 6220
212 342 334 402 “Si

866 338 1162 395 senum
1205 337 1294 393 AD
1331 332 1735 391 ORATIONEM
1774 330 1935 388 sum.
1977 311 2458 388 micmssmuu
2499 327 2863 392 FRATREM.

3048 493 3430 509 ψ

1201 657 1344 773 EJ
1367 654 1839 773 USDEM
1953 652 2470 770 BASILII

1563 909 2072 1006 SCHOLIA

715 1133 803 1195 Ad
846 1135 909 1195 S.
950 1133 1235 1212 Gregorii
1255 1134 1402 1196 Naz.
1449 1133 1809 1195 Orationem
1850 1130 2182 1193 funebrem
2227 1131 2294 1191 in
2318 1131 2658 1193 Cwsarium
2687 1131 2977 1209 fratrem.

970 1310 1156 1376 (Edidit
1177 1313 1299 1362 Lud.
1325 1313 1388 1362 de
1413 1313 1609 1363 Sinner.
1636 1313 1774 1362 Paris
1800 1311 1936 1372 1836,
1969 1325 2048 1374 ap.
2078 1311 2262 1360 Gaume
2290 1309 2482 1370 fratres,
2510 1309 2647 1358 iu-l'ﬂ
2676 1317 2691 1371 )

262 1635 378 1691 Coi.
411 1633 520 1690 756
563 1633 607 1687 Α
649 1632 703 1688 5.
747 1630 960 1686 Οιεσθέ
1007 1649 1084 1700 με
1117 1632 1284 1698 ἴσως,
1346 1628 1394 1687 ὦ
1440 1635 1628 1703 φίλοι,
1673 1636 1772 1690 καί

1902 1589 1904 1592 Ι
1951 1634 2233 1689 Οίεσθε...
2257 1633 2356 1686 καὶ
2377 1629 2646 1699 πατέρες.
2691 1628 3122 1699 Propinquitatis
3141 1627 3256 1682 haec
3274 1629 3458 1699 proxi-

201 1733 468 1802 ἀδελφοὶ,
507 1730 614 1785 καὶ
651 1730 926 1797 πατέρες.
969 1728 1075 1798 Γῆς
1106 1729 1463 1800 γνησιότητος
1511 1729 1581 1784 τά
1611 1728 1777 1799 ὲγγύ-

201 1842 327 1896 τερα
355 1824 535 1879 ταῦτα
560 1822 803 1894 ὀνόματα
823 1837 837 1850 ·
861 1821 1016 1874 οὐδὲν
1041 1820 1151 1892 γὰρ
1187 1821 1394 1892 πατρὸς
1426 1822 1776 1893 οἰκειότερον,

202 1915 316 1968 οὐδὲ
341 1912 579 1983 ἁδελφοό
601 1913 992 1983 γνησιώτερον,
1027 1910 1060 1981 ἢ
1103 1911 1260 1981 φίλου
1295 1912 1491 1965 πιστοῦ
1518 1912 1777 1984 τιμιώτε-

205 2022 321 2077 ρον·
366 2004 567 2074 γλυκὺ
597 2004 653 2057 δὲ
695 2002 936 2072 πρᾶγμα
967 2003 1065 2057 καὶ
1099 2002 1308 2073 ὄνομα,
1342 2005 1422 2066 είς
1450 2002 1510 2057 ἒν
1545 2003 1778 2058 συνελὼν

201 2093 367 2147 ταῦτα
405 2089 585 2147 εἶπεν.
633 2091 764 2144 Ἦδὺ
809 2091 909 2162 μὲν
935 2089 1047 2162 γὰρ
1086 2090 1182 2144 καὶ
1210 2090 1383 2160 φίλος,
1415 2092 1565 2162 ἥδιον
1594 2092 1653 2146 δὲ
1683 2094 1778 2146 καὶ

200 2185 438 2254 ἁδελφὸς,
476 2187 507 2238 ό
536 2184 637 2254 τῆς
661 2182 1020 2254 ἀδελφότητος
1041 2183 1104 2236 τὸ
1139 2185 1375 2254 πρᾶγμα
1413 2183 1491 2254 τῷ
1529 2183 1644 2238 om
1675 2201 1776 2256 τη-

204 2275 327 2347 ρῶν,
354 2275 469 2329 ἀλλ’
501 2272 628 2343 οὐχὶ
675 2271 819 2327 κατὰ
861 2272 954 2326 τὸν
976 2273 1117 2326 Κάῖν
1153 2273 1382 2327 λυττῶν.
1420 2273 1676 2328 Ἥδιστον
1720 2273 1778 2327 δὲ

204 2368 412 2420 πάντων
443 2364 650 2435 πατὴρ,
683 2363 713 2415 ὀ
738 2363 947 2434 πατρὸς
976 2363 1048 2416 τὰ
1079 2365 1305 2438 σχετικὰ
1335 2364 1530 2438 ὥσπερ
1561 2368 1589 2419 ὁ
1614 2365 1777 2419 Δαυῖδ

204 2455 382 2522 σώζων
415 2455 665 2528 πατρικὰ
701 2455 1006 2526 σπλάγχνα,
1032 2457 1127 2509 καὶ
1149 2457 1241 2510 τὸν
1271 2457 1602 2528 πατραλοίαν
1631 2455 1777 2510 οὕτω

203 2548 412 2621 θερμῶς
451 2547 888 2618 ἁποκλαιόμενος
919 2547 1057 2601 υίόν.
1105 2547 1329 2612 Τούτοις
1376 2543 1470 2602 οὖν
1519 2548 1775 2618 σεμνύνει

203 2642 290 2694 καὶ
327 2640 492 2705 αὐτὸς
536 2640 664 2703 τοὺς
710 2638 847 2709 πρὸς
879 2637 974 2702 οὓς
1004 2639 1154 2710 αὐτῷ
1185 2641 1214 2692 ὁ
1238 2639 1378 2711 πρὸς
1411 2639 1502 2693 τὸν
1546 2640 1776 2709 ἀδελφὺν

205 2732 504 2802 ἐπιτάφιος,
540 2728 736 2786 Οἷεσθέ
779 2747 869 2800 με,
901 2730 1097 2799 λέγων,
1124 2731 1215 2784 τὸν
1248 2731 1406 2800 λόγον
1427 2731 1776 2802 ὑποδεδέχθαι

201 2821 422 2886 τουτονὶ,
458 2821 537 2885 ὡς
562 2820 793 2893 θρήνους
818 2822 912 2874 καὶ
939 2821 1210 2892 ὀδυρμοὺς
1244 2822 1673 2894 ὑποϐεϐληκέναι
1697 2821 1776 2892 τῷ

201 2909 433 2982 ﬁdem;
470 2910 774 2982 Οὐμενοῦν,
801 2911 904 2964 οὐκ
930 2909 1045 2963 ἐστι
1074 2911 1253 2975 τοῦτο,
1278 2911 1444 2981 φησίν
1466 2927 1479 2940 ’
1511 2909 1624 2964 ἀλλ’
1653 2910 1776 2962 οὐδὲ

202 3001 312 3054 κατ’
337 3000 603 3066 ἐπίδειξίν
625 3019 746 3056 τινα
771 3003 866 3058 καὶ
886 3002 1162 3074 κομψείαν
1193 3003 1332 3073 πρὸς
1359 3002 1423 3056 τὸ
1444 3001 1626 3068 θέλξαι
1645 3003 1775 3066 τοὺς

205 3094 492 3164 ἀκροατὰς,
544 3095 639 3148 καὶ
673 3094 868 3166 ἡδονὴν
915 3094 1010 3148 καὶ
1059 3095 1223 3166 χάριν
1264 3095 1628 3167 ἐργάσασθαι,
1673 3103 1773 3166 την

203 3185 364 3256 ἀκοὴν
391 3185 549 3258 ὑμῶν
576 3185 895 3241 έστιάσοντα
924 3184 1060 3257 (40).

267 3461 506 3520 ιυῑςιριο.
532 3463 640 3519 Kal
657 3464 1016 3533 σοφίσεσθαι
1032 3462 1221 3534 (41)τὸ
1235 3462 1484 3533 ἀλγοῦν.
1513 3463 1638 3528 Πῶς
1658 3463 1776 3518 ἐστι

217 3553 532 3623 σοφίσασθαι
561 3554 624 3607 τὸ
657 3553 886 3626 ἀλγοῦν;
927 3554 997 3606 Ἢ
1027 3552 1140 3625 (42)
1159 3553 1335 3623 δῆλον,
1366 3553 1438 3623 μὴ
1461 3553 1773 3622 ἀλγοῦντες,

202 3641 273 3707 ὡς
291 3643 582 3714 ἀλγοῦντες
607 3643 970 3714 διατιθέμενοι
989 3658 1004 3672 ⁸
1025 3645 1140 3706 τοῖς
1167 3641 1432 3711 φιλικοῖς
1449 3643 1506 3696 δὲ
1534 3642 1774 3711 πάθεσι,

204 3736 467 3800 τουτέστι,
513 3739 625 3800 τοῖς
661 3735 954 3807 ἡμετέροις
976 3751 990 3765 ·
1023 3736 1180 3788 αὐτοὶ
1227 3735 1326 3805 μὲν
1366 3735 1532 3806 μηδὲν
1575 3733 1776 3804 ἄλγους

206 3827 550 3892 πεπονθότες,
574 3829 688 3890 τοῖς
727 3827 904 3897 φίλοις
933 3827 992 3881 δὲ
1018 3824 1430 3898 συμπαθοῦντες
1459 3827 1612 3897 ἡμῖν.

268 3917 398 3973 l-bid.
429 3918 518 3972 12.
549 3917 776 3988 Χρῆναι
798 3918 908 3989 γὰρ
933 3915 1112 3987 ἡμᾶς.
1155 3917 1390 3981 Ὧσανεὶ,
1423 3917 1612 3988 φησὶν,
1645 3917 1776 3987 ἡμῖν

207 4008 391 4079 χρῆναι
426 4011 523 4064 καὶ
550 4010 649 4082 τὴν
675 4009 962 4081 συμφορὰν
991 4009 1150 4080 ήμῶν
1175 4007 1560 4072 ἐπιδεικτικῶς
1591 4025 1652 4061 τε
1681 4008 1775 4062 καὶ

208 4099 493 4170 πομπικῶς
537 4099 615 4170 τῷ
648 4099 792 4171 λόγῳ
834 4099 1155 4166 διατιθέναι,
1209 4101 1462 4172 καθάπερ
1493 4101 1584 4154 ὅτε
1630 4095 1775 4172 ἦμεν

207 4189 327 4255 νέοι,
373 4191 472 4244 καὶ
500 4190 636 4262 πρὸς
669 4189 848 4244 πάντα
875 4191 1150 4262 φιλότιμοι
1187 4192 1282 4245 καὶ
1313 4192 1582 4263 περιττοὶ,
1616 4193 1686 4246 τά
1710 4208 1774 4245 τε

207 4283 327 4352 περὶ
347 4283 448 4354 τὴν
478 4281 611 4354 ὓλην
639 4282 735 4336 καὶ
767 4284 894 4347 τοὺς
921 4282 1114 4353 λόγους
1137 4283 1354 4347 αὐτούς.

269 4460 404 4516 Ibid.
445 4460 488 4514 Β
513 4461 568 4516 5.
598 4460 697 4530 Μὴ
724 4463 902 4518 τοῦτο
933 4463 1068 4532 περὶ
1098 4462 1272 4532 ἡμῶν
1312 4456 1678 4534 ὑπολάϐητε.
1709 4467 1774 4520 Et

206 4548 359 4605 καλόν
377 4569 432 4605 τι
459 4552 554 4606 καὶ
565 4552 737 4619 δεξιὸν
767 4554 1179 4625 ὑπολαμϐάνειν
1201 4555 1416 4609 ἐθέλετε
1445 4558 1574 4628 περὶ
1589 4557 1771 4628 ἡμῶν,

206 4639 438 4695 τοιοῦτόν
484 4658 539 4695 τι
593 4643 914 4714 μηδαμῶς,
966 4647 1162 4718 φησιν,
1225 4645 1568 4714 ὑπολάϐητε
1589 4664 1604 4678 ·
1662 4648 1773 4701 εἴτε

208 4727 358 4784 πλέον
400 4730 435 4802 ἢ
481 4731 664 4793 καλῶς
707 4731 822 4804 ἔχει
861 4734 1170 4806 θρηνῆσαν
1215 4735 1328 4788 εἴτε
1359 4735 1544 4806 ἁϐρῶς
1583 4753 1643 4790 τε
1674 4737 1771 4789 καὶ

207 4823 424 4894 κομψῶς
451 4824 784 4893 ἀπαγγεῖλαι
813 4825 908 4879 καὶ
928 4827 1050 4879 κατ’
1079 4826 1338 4892 ἐπίδειξιν
1373 4827 1464 4882 τὸν
1488 4827 1644 4897 λόγον
1672 4844 1775 4882 κα-

207 4913 551 4969 τακαλλῦναι.

271 5001 404 5057 lbid.
449 5002 536 5057 12.
580 5001 742 5058 Ἀλλ’
789 5002 940 5058 ὅσον
975 5004 1435 5074 ἀφοσιώσασθαι
1478 5005 1588 5059 τὸν
1635 5005 1771 5073 περὶ

209 5092 386 5150 ταῦτα
433 5097 622 5165 λόγον
655 5096 792 5168 (45).
835 5098 910 5151 Τὸ
948 5099 1094 5153 ὅσιον
1118 5100 1210 5152 καί¹
1233 5098 1471 5171 καθῆκον
1496 5097 1775 5171 ἑκατέροις

206 5183 602 5258 ἐναρμόσασθαι
643 5188 737 5242 καὶ
777 5189 1089 5256 ἀποδοῦναι,
1123 5189 1407 5262 θαυμάσαι
1439 5207 1500 5243 τε
1533 5189 1770 5261 ἀπερίτ-

205 5289 325 5339 τως,
353 5277 450 5330 καὶ
484 5277 753 5350 δακρῦσαι
798 5279 1034 5352 μετρίως
1057 5297 1073 5314 ο
1112 5281 1214 5352 τῆς
1244 5282 1352 5352 γὰρ
1381 5281 1640 5334 ἀνωτάτω
1664 5280 1762 5335 καὶ

205 5365 472 5438 ἡμετέρας
499 5370 820 5440 φιλοσοφίας
855 5372 1167 5439 καὶταῦτα,
1198 5373 1259 5427 τό
1290 5391 1352 5426 τε
1384 5373 1610 5428 δικαίων
1648 5373 1769 5443 μετ’

204 5455 486 5531 ἐγκωμίων
532 5462 861 5536 μεμνῆσθαι,
889 5467 983 5519 καὶ
1028 5466 1088 5520 τὸ
1136 5465 1351 5539 θρήνων
1403 5467 1497 5519 ἐπὶ
1553 5466 1767 5538 νεκρῶν

272 5640 379 5714 (49)
428 5640 542 5714 Aut
585 5643 727 5699 male
755 5644 1022 5700 intellexit
1046 5643 1325 5706 Nostrum,
1350 5644 1616 5702 autaliter
1638 5647 1767 5714 legit

207 5706 288 5763 hic
320 5706 574 5787 Basilius.
614 5714 986 5786 Supplendum
1025 5717 1238 5774 videtur
1279 5715 1573 5771 ὑπολαϐεῖν
1617 5706 1764 5787 ὑμᾶς

207 5793 270 5848 με
298 5784 421 5854 χρή·

1877 1729 2052 1784 miora
2087 1729 2338 1785 nomina.
2381 1727 2531 1782 Nihil
2561 1728 2706 1783 enim
2757 1734 2910 1796 patre
2959 1726 3272 1794 antiquius,
3318 1726 3454 1779 nihil

1878 1815 2046 1872 fratre
2097 1815 2396 1880 sincerius,
2445 1825 2539 1870 aut
2579 1813 2727 1871 ﬁdeli
2760 1815 2938 1869 amico
2975 1816 3297 1886 pretiosius.
3351 1814 3455 1869 Res

1877 1908 2056 1963 suavis
2086 1923 2376 1978 nomenque
2401 1923 2562 1962 suave
2600 1906 2669 1962 ad
2715 1920 2981 1976 personas
3013 1906 3290 1977 praedictis
3326 1905 3455 1959 cha-

1877 1999 2062 2055 ritatis
2113 1997 2297 2054 titulis
2348 1998 2690 2069 designatas,
2763 2011 2903 2066 quas
2957 2012 3104 2051 nunc
3153 2005 3338 2051 mente
3399 1995 3455 2049 in

1879 2104 2050 2144 unum
2089 2088 2324 2159 colligit,
2371 2089 2560 2145 refert.
2619 2087 2800 2143 Suave
2837 2088 2984 2143 euim
3032 2087 3162 2156 quid
3219 2088 3454 2152 amicus,

1878 2178 2108 2236 suavius
2139 2188 2323 2234 autem
2355 2189 2410 2235 et
2456 2179 2651 2244 frater,
2686 2180 2782 2251 qui
2827 2179 3186 2234 fraternitatis
3218 2177 3455 2234 olllcium

1877 2277 2060 2326 servat
2103 2285 2234 2341 erga
2277 2269 2528 2336 fratrem,
2563 2285 2675 2326 non
2706 2280 2890 2326 autem
2931 2271 3082 2327 velut
3121 2269 3257 2325 Cain
3301 2269 3457 2324 rabie

1876 2361 2134 2430 effertur;
2184 2363 2580 2419 suavissimum
2627 2372 2812 2420 autem
2861 2363 3108 2419 omnium
3145 2369 3322 2432 pater,
3360 2362 3452 2432 qui

1875 2470 1999 2524 quae
2027 2463 2240 2525 patrem
2288 2455 2486 2512 decent
2519 2463 2750 2526 paterna
2793 2464 2977 2511 servat
3021 2455 3254 2518 viscera,
3304 2454 3455 2508 velut

1878 2545 2052 2602 David
2100 2548 2438 2618 parricidam
2491 2557 2601 2604 tam
2652 2547 2956 2604 affectuose
3001 2563 3209 2604 vocans
3253 2546 3448 2600 filium.

1876 2637 1976 2694 iis
2013 2654 2146 2710 ergo
2187 2640 2472 2695 charitatis
2502 2639 2680 2694 titulis
2730 2639 2848 2710 ipsa
2897 2640 3074 2694 oratio
3107 2638 3360 2694 funebris
3395 2639 3450 2692 in

1876 2730 2103 2788 fratrem
2148 2731 2390 2789 illustrat
2432 2748 2529 2788 eos
2575 2750 2714 2805 quos
2749 2734 3068 2805 alloquitur,
3105 2731 3451 2789 Existimatis

1875 2835 1984 2886 me,
2026 2821 2240 2886 dicens,
2295 2822 2443 2877 hunc
2495 2839 2801 2880 sermonem
2857 2825 3141 2896 suscipere
3191 2832 3450 2894 tanquam

1877 2911 2111 2981 gemitus
2161 2913 2696 2971 et-lamentationes
2735 2915 2895 2970 fratri
2929 2915 3214 2971 daturum?
3285 2912 3449 2970 Nullo

1879 3001 2062 3068 modo,
2093 3018 2204 3058 non
2240 3013 2324 3060 est
2368 3005 2472 3071 sic,
2505 3004 2722 3076 inquit;
2770 3021 2881 3062 non
2913 3007 3060 3062 enim
3095 3007 3161 3062 ad
3205 3012 3452 3062 ostenta-

1847 3091 2083 3154 tionem
2139 3093 2434 3164 quamdam
2488 3096 2576 3150 vel
2631 3096 2965 3168 elegantiam
3006 3097 3075 3152 ad
3131 3096 3451 3152 mulcendas

1878 3183 2173 3252 auditores,
2207 3200 2315 3240 non
2363 3184 2433 3240 ad
2472 3187 2792 3243 suavitatem
2822 3199 2875 3244 et
2905 3190 3136 3260 gratiam
3174 3193 3448 3246 sermonis

1876 3274 2226 3342 eliciendam,
2263 3291 2352 3333 me
2398 3277 2646 3333 auditum
2689 3289 2937 3336 vestrum
2987 3281 3314 3349 invocasse,
3351 3298 3451 3339 vos

1877 3367 2103 3424 credere
2142 3378 2381 3440 oportet.

1947 3460 2060 3514 Καὶ
2103 3461 2316 3529 σοφίσ.
2352 3461 2422 3516 τὸ
2471 3462 2724 3535 ἀλγοῦν.
2783 3464 2925 3534 Quid
2979 3473 3063 3522 est
3108 3465 3322 3523 discere
3368 3467 3452 3522 lu-

1876 3551 2065 3605 ctum?
2108 3550 2167 3605 id
2211 3559 2318 3617 est,
2349 3568 2461 3608 non
2497 3555 2770 3626 lugentes,
2823 3555 2980 3628 quasi
3030 3557 3276 3628 lugentes
3323 3573 3452 3614 seu-

1875 3641 2015 3708 tire;
2045 3643 2206 3697 amici
2235 3644 2664 3714 calamitatibus,
2700 3647 2754 3702 id
2793 3657 2878 3704 est
2923 3651 3121 3704 nostris
3145 3663 3164 3702 :
3195 3647 3298 3720 ipsi
3327 3650 3450 3719 qui-

1876 3730 2000 3785 dem
2043 3731 2181 3786 nihil
2215 3732 2398 3791 luctus
2447 3735 2621 3805 passi,
2665 3736 2858 3792 amicis
2892 3746 3072 3792 autem
3117 3738 3279 3793 nobis
3318 3753 3452 3793 con-

1876 3823 2140 3879 dolentes.

1943 3913 2170 3983 Χρῆναι
2207 3915 2318 3987 γὰρ
2346 3915 2524 3986 ἡμᾶς.
2565 3918 2758 3985 Quasi,
2791 3918 2987 3989 inquit,
3017 3928 3300 3990 oporteret
3325 3936 3447 3988 nos,

1875 4005 2237 4062 calamitatem
2285 4017 2532 4065 nostram
2578 4025 2701 4064 cum
2737 4011 3106 4066 ostentatione
3139 4019 3193 4066 et
3229 4027 3446 4082 pompa,

1875 4113 2132 4155 sermone
2193 4102 2490 4171 explicare,
2545 4103 2714 4156 veluti
2767 4102 2964 4165 fiebat,
3021 4116 3146 4155 cum
3195 4101 3447 4170 juniores

1873 4205 2148 4256 essemus,
2203 4199 2259 4246 et
2318 4193 2372 4246 in
2426 4193 2686 4247 omnibus
2739 4192 2970 4260 gloriam
3031 4200 3339 4257 quarentes
3391 4205 3448 4247 et

1801 4317 1844 4376 ϐ
1878 4282 2154 4338 ambitiosi
2179 4294 2292 4338 tum
2323 4283 2471 4339 circa
2502 4299 2591 4339 res
2621 4292 2891 4351 terrenas,
2923 4291 3036 4336 tum
3061 4282 3206 4338 circa
3237 4297 3448 4338 sermo-

1875 4386 1975 4426 nes
2004 4387 2176 4442 Ipsos.

1941 4459 2042 4529 Μὴ
2084 4461 2332 4517 τοῦτο...
2371 4460 2736 4530 ὑπολάϐητε.
2812 4461 2872 4518 Si
2925 4462 3060 4534 quid
3113 4463 3327 4534 pulchri
3393 4473 3448 4519 et

1870 4551 2049 4606 dextri
2082 4553 2150 4608 de
2182 4553 2343 4608 nobis
2385 4554 2554 4609 vultis
2599 4568 2928 4624 supponere,
2953 4556 3104 4612 nullo
3130 4559 3294 4612 modo
3315 4556 3446 4626 quid

1871 4643 2002 4707 tale,
2041 4643 2246 4713 inquit,
2301 4643 2655 4708 existimetis,
2705 4658 2809 4699 nos
2841 4642 2961 4699 sive
3011 4646 3246 4714 amplius
3280 4661 3445 4715 quam

1873 4749 1973 4804 par
2007 4734 2101 4799 sit,
2148 4734 2418 4798 lucturos,
2460 4734 2578 4791 sive
2618 4735 2861 4791 molliter
2903 4741 2958 4790 et
3007 4743 3198 4790 ornate
3233 4736 3450 4789 locutu-

1873 4839 1967 4880 ros
1997 4833 2052 4880 et
2089 4824 2157 4880 ad
2200 4827 2627 4885 ostentationem
2664 4836 2965 4886 ornaturos
3006 4843 3338 4885 sermonem.

1959 5003 2109 5058 Ἀλλ’
2160 5003 2382 5062 ὅσον...
2433 5005 2641 5078 λόγον.
2699 5008 2974 5076 Quantum
3010 5008 3210 5064 sufﬁcit
3262 5015 3320 5062 ut
3360 5007 3449 5076 ju-

1875 5104 2017 5150 stum
2040 5106 2094 5151 et
2139 5112 2445 5169 congruum
2484 5100 2637 5156 laudi
2671 5111 2726 5156 et
2769 5101 3030 5172 lacrymis
3057 5101 3310 5164 tribuam,
3349 5116 3449 5153 nec

1878 5187 2020 5240 ultra
2070 5190 2292 5244 modum
2342 5191 2616 5248 laudando
2671 5207 2772 5248 nec
2811 5193 2934 5263 plus
2972 5207 3135 5262 quam
3166 5193 3325 5246 decet
3368 5194 3449 5245 lu-

1876 5279 2082 5348 gendo;
2130 5283 2374 5338 caelestis
2403 5284 2550 5338 enim
2591 5293 2793 5341 nostras
2833 5285 3189 5355 philosophiae.
3243 5292 3349 5350 est,
3397 5294 3452 5337 et

1872 5370 2146 5440 justorum
2192 5375 2513 5431 meminisse
2557 5391 2684 5430 cum
2739 5376 3034 5441 laudibus,
3079 5386 3134 5430 et
3167 5376 3452 5446 planctum

1878 5481 2044 5536 super
2075 5465 2308 5521 mortuis
2349 5468 2660 5538 auspicari;
2693 5483 2803 5523 non
2852 5474 3037 5527 tamen
3066 5468 3124 5522 in
3154 5466 3454 5540 gemitibus

1952 5643 2061 5710 (tl)
2093 5643 2232 5716 [iege
2259 5645 2553 5716 σοφίσησθε
2598 5647 2936 5716 cum_edilis.

1954 5716 2061 5789 (te)
2106 5713 2311 5789 Forsan
2326 5713 2698 5789 scribendum
2722 5713 2778 5789 ἦ.

1955 5786 2064 5858 (45)
2104 5783 2246 5842 Editi
2281 5787 2466 5858 νόμον.

3323 337 3459 394 1182
3573 381 3578 386 .
