3872 6222
383 329 523 387 “85

1760 325 2007 384 BASILII
2051 325 2280 382 ΜΙΜΜΙ

3495 333 3646 390 ιιει

380 445 599 515 longius
633 443 952 515 procedere,
996 443 1144 516 quod
1186 443 1252 500 ad
1293 441 1804 498 immoderationem
1835 461 1958 515 per-

2080 445 2286 518 μνὰρξαι
2307 462 2320 474 ο
2347 445 2410 499 οὐ
2446 445 2552 516 μὴν
2581 446 2674 500 καὶ
2699 447 2889 518 πρόσω
2914 447 3035 510 ταῖς
3054 447 3327 517 οἰμωγαῖς
3355 450 3609 520 χωρῆσαι
3627 467 3646 485 ο

378 538 616 602 tineret;
666 538 926 610 lacrymis
965 547 1149 594 autem
1195 535 1422 592 omnino
1467 535 1746 591 abstinere
1792 537 1957 591 duri-

379 630 508 682 tiam
536 629 682 684 dico.

454 720 526 775 Τὸ
553 721 704 790 μετὰ
739 721 914 775 τοῦτο
954 719 1092 789 ἤδη.
1116 718 1256 774 Hinc
1297 718 1494 774 statuit
1541 719 1811 773 sermonis
1858 733 1956 772 ca-

380 813 526 882 pita;
573 821 628 868 et
661 813 743 868 sic
783 820 908 882 post
945 812 1173 868 exordia
1206 812 1404 866 transit
1454 811 1521 866 ad
1554 810 1788 882 primam
1838 811 1956 866 lau-

377 903 507 958 dum
539 912 774 975 partem,
802 904 857 958 id
889 911 974 960 est
1000 903 1068 958 ad
1097 902 1392 973 originem.

443 1078 748 1150 Καισαρίῳ
814 1080 1066 1150 πατέρες
1108 1079 1246 1150 μέν.
1306 1079 1585 1153 Originem
1639 1079 1752 1150 jam
1812 1079 1958 1135 cele-

376 1171 570 1236 brans,
603 1174 683 1228 sic
712 1172 899 1228 laudat
927 1172 1178 1227 fratrem.

445 1265 554 1319 Καὶ
596 1264 1264 1331 τοσοῦτον...πιότητος.
1310 1263 1482 1333 Cujus
1506 1272 1561 1320 et
1586 1271 1808 1334 quantae
1836 1265 1960 1334 pin-

374 1357 670 1428 guedinis?
703 1356 848 1411 Olete
887 1355 1213 1422 fructiferae,
1245 1356 1486 1426 pietatis,
1511 1371 1579 1411 ex
1606 1371 1713 1427 qua
1743 1364 1958 1409 tantum

376 1451 680 1521 assumpsit
725 1449 1101 1521 pinguedinis,
1156 1458 1218 1503 ut
1257 1457 1311 1503 et
1349 1450 1488 1503 alios
1533 1449 1588 1504 in
1630 1449 1775 1520 piam
1798 1449 1958 1504 fidem

374 1545 664 1606 insereret,
697 1543 942 1608 doceret,
985 1543 1042 1596 in
1077 1543 1516 1598 necessitatibus
1564 1542 1954 1604 auxiliaretur,

375 1635 576 1690 animis
624 1635 820 1689 morbo
863 1635 1070 1691 erroris
1119 1635 1502 1692 laborantibus
1548 1635 1851 1691 remedium
1903 1643 1958 1688 et

375 1727 719 1781 curationem
759 1734 1072 1796 praestaret.

445 1903 647 1970 Πολὺς
694 1903 763 1956 τὸ
799 1903 1183 1972 φαινόμενον.
1229 1901 1326 1957 llis
1366 1901 1548 1957 verbis
1593 1901 1763 1956 multa
1800 1907 1956 1957 exte-

375 1995 539 2050 rioris
577 1995 802 2050 virtutis
849 1994 906 2048 in
958 2005 1113 2063 patre
1161 1992 1503 2048 demonstrat
1555 1991 1788 2059 indicia,
1834 1994 1955 2062 plu-

375 2089 545 2143 rimas
579 2095 761 2138 autem
804 2086 1042 2140 virtutes
1078 2083 1433 2140 absconditas
1481 2084 1671 2138 multis
1715 2085 1955 2154 ignotas,

376 2193 516 2247 quas
545 2178 786 2248 expedit,
818 2179 1023 2248 inquit,
1053 2178 1408 2248 Opinionibus
1435 2178 1634 2233 vestris
1659 2185 1714 2233 et
1741 2177 1956 2247 cogita-

376 2270 622 2327 tionibus
659 2271 994 2340 relinquere,
1034 2285 1144 2324 non
1185 2277 1366 2324 autem
1398 2284 1653 2324 sermone
1692 2268 1959 2324 tentando

373 2379 673 2434 exponere,
736 2363 862 2419 illas
917 2363 1193 2430 minuere,
1233 2362 1485 2435 ipsisque
1542 2362 1693 2434 quod
1753 2361 1961 2416 habent

374 2457 628 2512 miraculi
655 2456 890 2526 eripere.

448 2634 631 2689 Ὥστε
694 2631 793 2687 καὶ
844 2630 963 2701 ἤδη
1019 2631 1162 2686 τισί.
1211 2628 1566 2685 Constructio
1622 2635 1706 2682 est
1751 2645 1764 2678 :
1820 2625 1961 2678 ὥστε

375 2727 735 2800 πιστευθῆναι
761 2725 857 2780 καὶ
888 2725 1120 2796 ῥηθῆναί
1165 2739 1296 2788 τισι,
1334 2721 1471 2794 μηδὲ
1506 2719 1605 2791 τὴν
1641 2717 1737 2772 τοῦ
1770 2715 1964 2788 ἀνδρὸς

376 2819 713 2889 τελειότητα,
739 2825 847 2873 etc.
882 2835 897 2873 :
932 2815 1255 2886 interposita
1286 2814 1448 2868 enim
1483 2811 1830 2882 parenthesis
1857 2809 1964 2863 dis-

373 2910 559 2982 junxit
612 2907 858 2964 membra
897 2905 1154 2977 phrasis;
1205 2919 1406 2959 sensus
1446 2911 1627 2955 autem
1668 2906 1754 2955 est
1793 2917 1808 2953 :
1840 2913 1967 2967 per-

383 3003 672 3058 fectionem
707 2999 891 3054 mariti
936 2999 1003 3053 ad
1046 2997 1263 3052 nullum
1314 2995 1482 3049 alium
1513 3008 1680 3063 quam
1717 2991 1784 3046 ad
1811 2989 1966 3062 [san-

379 3107 523 3152 ctam
556 3091 732 3166 illam]
790 3102 1042 3156 matrem,
1077 3099 1132 3144 ut
1181 3087 1357 3160 ipsius
1392 3100 1553 3156 opus,
1605 3082 1799 3140 referri
1834 3082 1967 3152 (hoc

2057 537 2119 590 τὸ
2153 538 2253 606 μὲν
2284 537 2393 608 γὰρ
2425 539 2713 610 ἀμετρίας,
2743 538 2806 592 τὺ
2832 538 2889 592 δὲ
2911 539 3248 610 ἀναλγησίας
3276 539 3444 609 λέγω,
3471 542 3531 596 τὸ
3565 543 3644 615 μὴ

2057 629 2346 701 δακρῦσαι.

2134 723 2255 778 Col.
2309 723 2410 778 757
2441 724 2486 777 A
2525 723 2580 778 6.
2630 723 2699 777 Τὸ
2728 723 2879 793 μετὰ
2929 723 3107 778 τοῦτο
3155 723 3294 792 ἤδη.
3358 726 3649 780 Ἐντεῦθεν

2059 816 2442 887 προεκτίθεται
2474 815 2543 869 τὰ
2571 817 2670 886 τῆς
2693 815 3005 879 ὑποθέσεως
3032 816 3302 884 κεφάλαια
3324 834 3339 848 ο
3372 819 3470 872 καὶ
3501 817 3649 872 οὕτω

2061 909 2202 980 μετὰ
2230 907 2298 961 τὰ
2328 909 2594 978 προοίμια
2622 911 2792 978 χωρεῖ
2824 908 2962 979 πρὸς
2990 908 3052 962 τὸ
3083 909 3301 980 πρῶτον
3325 909 3439 964 τῶν
3464 911 3650 979 ἐγκωο

2062 1001 2203 1072 μίων
2233 1000 2419 1071 μέρος,
2462 1000 2640 1053 εἶτουν
2673 999 2734 1052 τὺ
2763 999 2941 1068 γένος.

2130 1092 2267 1148 Ibid.
2301 1091 2343 1144 Β
2369 1093 2416 1145 I.
2452 1092 2755 1160 Καισαρίῳ
2787 1089 3041 1159 πατέρες
3063 1092 3200 1160 μέν.
3245 1090 3318 1143 Τὸ
3355 1093 3516 1159 γένος
3545 1092 3653 1163 ἤδη

2060 1183 2318 1246 ἐπαινῶν,
2343 1182 2452 1235 κάκ
2477 1181 2668 1235 τούτου
2699 1182 2955 1251 σεμνύνει
2976 1183 3068 1235 τὸν
3096 1181 3350 1252 ἀδελφόν.

2131 1276 2268 1331 Ibid.
2294 1276 2335 1331 C
2361 1279 2417 1330 Ξ.
2447 1276 2554 1330 Καὶ
2577 1275 2871 1330 τοσοῦτον
2897 1275 3278 1342 κοινωνήσας
3301 1273 3413 1340 τῆς
3437 1277 3654 1340 πιότη-

2062 1385 2184 1435 τος.
2232 1367 2406 1420 Πόσον
2448 1366 2542 1420 καὶ
2573 1365 2733 1429 ποίας
2781 1365 3072 1434 πιότητος;
3119 1365 3231 1434 Τῆς
3279 1362 3654 1427 καλλιελαίου,

2061 1459 2162 1529 τῆς
2186 1457 2493 1520 εὐσεϐείας,
2518 1457 2610 1524 ἀφ’
2636 1451 2704 1528 ἦς
2723 1454 2977 1509 τοσοῦτον
3005 1454 3107 1524 τῆς
3130 1455 3385 1522 πιότητος
3408 1453 3659 1507 ἐπεσπά-

2064 1567 2212 1612 σατο,
2248 1549 2389 1602 ὥστε
2429 1549 2523 1601 καὶ
2547 1541 2847 1611 ἄλλουςέίς
2876 1547 2977 1617 τὴν
3010 1546 3208 1614 εὐσεϐῆ
3236 1546 3422 1599 πίστιν
3456 1547 3656 1612 ἐγκεν-

2060 1641 2268 1713 τρίσαι,
2301 1641 2397 1694 καὶ
2429 1638 2664 1705 διδάξαι,
2708 1639 2805 1692 καὶ
2843 1637 2944 1707 τῆς
2984 1635 3256 1701 ὡφελείας
3299 1633 3657 1706 μεταδοῦναι.

2062 1733 2144 1796 είς
2182 1731 2373 1804 ψυχῶν
2409 1732 2552 1802 νόσῳ
2593 1731 2956 1794 κακοπιστίας
2990 1728 3317 1800 καμνουσῶν
3349 1727 3663 1800 θεραπείαν

1991 1831 2035 1887 Β
2064 1825 2159 1879 καὶ
2185 1823 2354 1880 ῐασιν.

2132 1916 2271 1971 Ibid.
2304 1917 2358 1972 9.
2408 1916 2610 1982 Πολὺς
2651 1914 2718 1969 τὸ
2768 1917 3156 1984 φαινόμενον.
3209 1908 3384 1964 Τοῦτο
3428 1907 3508 1971 ὡς
3560 1907 3665 1960 καὶ

2061 2008 2203 2064 κατὰ
2232 2009 2292 2062 τὸ
2334 2007 2660 2078 φαινόμενον
2687 2007 2860 2060 πολλὰ
2895 2005 3143 2077 σύμϐολα
3183 2003 3282 2073 τῆς
3318 2001 3414 2054 τοῦ
3442 2001 3666 2073 πατρὸς

2059 2101 2378 2157 δείκνυσθαι
2407 2101 2612 2173 ἀρετῆς
2632 2115 2645 2129 ·
2680 2099 2914 2152 πλεῖστα
2942 2099 3000 2152 δὲ
3031 2097 3125 2152 καὶ
3149 2093 3389 2167 κρυπτὰ,
3431 2092 3506 2164 μὴ
3542 2093 3665 2154 τοῖς

2062 2190 2278 2253 πολλοῖς
2302 2189 2686 2258 γινωσκόμενα
2707 2205 2722 2220 ο
2756 2186 2791 2242 ἃ
2811 2189 2904 2242 καὶ
2925 2185 3180 2251 βέλτιόν
3202 2187 3321 2237 ἐστι
3351 2183 3482 2248 ταῖς
3506 2184 3668 2236 ﬁxo-

2060 2283 2276 2347 νοίαις,
2313 2281 2469 2353 φησι,
2523 2281 2619 2334 καὶ
2651 2282 2770 2345 ταῖς
2805 2279 3038 2348 ἀγαθαῖς
3071 2276 3375 2347 ὐπολήψεσι
3418 2291 3668 2344 συγχωο

2054 2373 2211 2444 pair,
2264 2372 2400 2426 ἀλλὰ
2452 2373 2549 2443 μὴ,
2596 2371 2676 2437 τῷ
2725 2374 2885 2440 λόγῳ
2932 2369 3313 2441 πειρωμένους
3355 2365 3665 2428 ἐκτιθέναι,

2061 2463 2322 2518 ἐλαττοῦν
2362 2464 2458 2518 καὶ
2489 2464 2873 2532 περικόπτειν
2908 2462 2971 2516 τδ
3013 2461 3321 2532 ἐνυπάρχον
3365 2457 3476 2514 τοῦ
3511 2458 3669 2514 0m}-

2061 2573 2274 2626 ματος.

2133 2647 2250 2700 Col.
2289 2646 2390 2701 τσο
2431 2647 2468 2699 Α
2499 2647 2554 2701 5.
2593 2646 2764 2699 Ὥστε
2801 2645 2900 2699 και
2929 2643 3044 2714 (ιι)
3074 2643 3192 2712 ἤδη
3217 2642 3362 2697 τισί.
3386 2641 3463 2695 τδ
3490 2638 3666 2711 ἑξῆς.

2064 2736 2219 2792 ὥστε
2237 2737 2634 2806 πιστευθῆναι
2663 2737 2758 2790 καὶ
2778 2735 3042 2804 ῥηθῆναί
3063 2749 3208 2800 τισι,
3223 2733 3382 2804 μηδὲ
3403 2732 3525 2801 τὴν
3552 2731 3668 2787 τοῦ

2066 2823 2288 2892 ἀνδρὸς
2331 2824 2707 2890 τελειότητα·
2762 2819 2966 2893 μεταξὺ
3001 2821 3112 2892 γὰρ
3157 2822 3192 2892 ἡ
3233 2819 3511 2891 περικοπή
3572 2835 3669 2871 τεο

2068 2915 2224 2970 θεῖσα
2253 2915 2504 2986 διέστησε
2533 2914 2600 2968 τὰ
2621 2916 2719 2986 τῆς
2735 2914 2976 2978 διανοίας
3001 2932 3015 2947 '
3038 2913 3156 2968 ἐστι
3173 2913 3230 2966 δὲ
3251 2911 3426 2974 οὓτως
3442 2913 3472 2964 ὁ
3499 2909 3634 2971 νοῦς
3649 2927 3663 2940 ·

2066 3009 2168 3080 τὴν
2197 3007 2512 3080 τελειότητα
2534 3007 2627 3061 τοῦ
2655 3008 2870 3078 ἀνδρὸς,
2904 3007 2980 3078 μὴ
3002 3007 3166 3061 ἄλλου
3191 3005 3338 3068 τινὸς
3363 3003 3669 3073 πιστευθῆ-

2068 3115 2157 3153 ναι
2188 3095 2349 3162 εῖναι,
2383 3099 2499 3152 ἀλλ’
2542 3099 2576 3169 ἡ
2615 3099 2713 3169 τῆς
2744 3099 2955 3169 μητρὸς
2987 3097 3149 3171 ἔργον
3178 3096 3465 3166 γενέσθαι·
3500 3095 3668 3150 τοῦτο

377 3185 524 3240 enim
545 3223 561 3247 ο
635 3179 816 3252 ίιιειιιὶι
840 3219 857 3246 ν
923 3177 1174 3273 nonnum
1241 3176 1472 3230 θτθίίυηι
1510 3181 1565 3228 ει
1622 3170 1966 3273 Ρτεάί⁰³ξ¹¹)ν
1999 3205 2044 3264 c
2077 3189 2205 3261 γὰρ,
2235 3190 2388 3260 φησι.
2408 3189 2516 3242 τισὶ
2544 3189 2639 3242 καὶ
2672 3170 3028 3260 πιστευθῆναι
3054 3189 3150 3242 καὶ
3173 3187 3407 3260 ῥηθῆναι
3428 3186 3664 3257 συνέϐη·

380 3277 653 3346 ltujusque
693 3273 907 3347 pietatis
934 3270 1217 3342 praemium
1257 3275 1312 3324 et
1363 3280 1624 3321 coronam
1665 3270 1961 3319 accessisse

2080 3281 2296 3352 καὶτῆς
2334 3279 2617 3344 εὐσεϐείας
2653 3279 2862 3352 ταύτης
2901 3277 3063 3334 ἆθλον
3107 3280 3202 3333 καὶΙ
3235 3280 3501 3349 στέφανον
3553 3280 3667 3332 ἐπι-

379 3369 645 3438 majorem
689 3372 746 3421 et
788 3361 1169 3434 perfectiorem
1202 3360 1457 3432 pietatem
1495 3355 1689 3428 patris.

464 3543 567 3598 Ἐκ
596 3539 708 3609 τῆς
753 3555 894 3607 παρ.
933 3539 1021 3602 εις
1062 3535 1177 3604 τὴν
1218 3532 1550 3588 κατοικίαν.
1595 3530 1676 3585 Ex
1721 3529 1966 3585 terrenis

381 3643 436 3689 et
479 3628 819 3685 transitoriis
869 3629 1064 3692 rebus;
1110 3625 1167 3678 in
1220 3624 1310 3679 his
1359 3623 1506 3677 enim
1537 3628 1623 3676 est
1669 3621 1965 3680 incolatus,

387 3722 653 3780 habitatio
684 3728 868 3775 autem
902 3726 1108 3773 aeterna
1159 3724 1213 3773 et
1243 3715 1568 3771 indeftciens
1607 3720 1690 3768 est
1733 3712 1968 3768 felicitas

383 3824 440 3872 ct
469 3814 712 3870 caelestis
737 3810 1041 3866 beatitudo.

453 3895 713 3973 Πλήρεις
769 3898 1028 3970 ἡμερῶν.
1102 3897 1395 3954 Communi
1469 3897 1682 3953 dierum
1743 3896 1969 3952 nomine

388 3999 680 4067 utriusque
729 3993 858 4048 vitae
895 3991 1317 4062 comprehendit
1355 3989 1474 4046 dies
1522 4005 1663 4060 quos
1709 3990 1964 4062 plenissi-

387 4106 508 4146 tnos
551 4101 677 4143 esse
724 4084 1011 4141 declarat:
1059 4080 1242 4154 [pleni,
1297 4081 1503 4152 inquit,
1555 4079 1788 4152 dierum]
1851 4089 1965 4136 tum

385 4180 833 4238 transitoriorum
877 4183 932 4232 et
961 4174 1360 4238 deficientium,
1394 4180 1510 4228 tum
1547 4173 1714 4228 etiam
1745 4188 1968 4243 perma-

389 4275 634 4333 nentium
665 4280 721 4329 et
769 4280 1146 4334 aeternorum;
1201 4267 1351 4338 pleni
1403 4275 1533 4321 sunt
1578 4281 1711 4336 ergo
1749 4265 1966 4318 illorum

388 4367 531 4430 dies,
567 4379 678 4420 non
712 4360 1045 4434 imperfecti.
1083 4359 1286 4430 quippe
1320 4358 1528 4432 quibus
1555 4371 1657 4412 nec
1683 4355 1970 4426 longitudo

390 4457 557 4528 hujus
594 4455 719 4512 vitae
746 4467 848 4508 nec
878 4453 1002 4507 vitae
1031 4451 1272 4507 ctelestis
1305 4449 1567 4522 splendor
1597 4448 1744 4505 desit
1770 4449 1928 4521 (45⁸).

2072 3373 2296 3442 τεθῆναι
2327 3373 2426 3445 τὴν
2467 3371 2561 3426 τοῦ
2594 3373 2799 3443 πατρὸς
2820 3370 2994 3442 μείζω
3019 3371 3151 3443 (M‘)
3182 3371 3279 3425 καὶ
3299 3369 3669 3440 τελεωτέραν

2074 3465 2412 3518 εὐσέϐειαν.

2147 3555 2281 3610 Ibid.
2318 3555 2360 3609 Β
2389 3555 2434 3607 I.
2481 3557 2582 3609 Ἐκ
2607 3554 2717 3623 τῆς
2738 3555 3050 3621 παροικίας
3068 3555 3155 3620 είς
3178 3553 3294 3620 τὴν
3326 3555 3664 3608 κατοικίαν.

2089 3649 2186 3701 Ἐκ
2218 3647 2329 3700 τῶν
2360 3647 2488 3717 τῇδε
2540 3647 2633 3699 καὶ
2671 3645 3023 3717 προσκαίρων
3042 3663 3058 3678 ο
3087 3643 3314 3713 τοιαύτη
3332 3641 3444 3714 γὰρ
3463 3644 3498 3714 ἡ
3521 3659 3669 3716 παρ-

2069 3737 2219 3793 οικία
2243 3755 2258 3770 ο
2323 3736 2579 3789 κατοικία
2613 3736 2691 3803 δέ,
2721 3740 2754 3806 ἠ
2785 3735 2981 3789 αίωνία
3008 3735 3104 3789 καὶ
3131 3735 3206 3806 μὴ
3239 3720 3665 3806 μεταπίπτουσα

2074 3828 2408 3900 εὐδαιμονία,
2437 3829 2530 3880 καὶ
2560 3829 2593 3898 ἡ
2629 3828 2840 3882 ἐκεῖθεν
2883 3827 3241 3898 μακαριότης.

2142 3919 2278 3974 Ibid.
2314 3919 2363 3975 6.
2398 3922 2640 3986 Πλήρης
2666 3919 2778 3989 (45)
2809 3916 3064 3988 ἡμερῶν.
3097 3917 3307 3982 Κοινῶς
3323 3917 3423 3981 τὰς
3445 3917 3665 3988 ἡμέρας

2074 4011 2176 4075 τὰς
2203 4011 2303 4082 τῆς
2325 4009 2472 4082 ζωῆς
2499 4010 2880 4080 πληρεστάτας
2899 4009 3168 4079 ἑκατέρας
3189 4009 3392 4078 ὁμοίως
3409 4009 3658 4079 ἐκφέρει,

2074 4103 2185 4155 τῶν
2217 4119 2275 4155 τε
2313 4101 2593 4173 λυομένων
2637 4101 2734 4155 καὶ
2771 4100 3147 4172 προσκαίρων,
3182 4100 3274 4152 καὶ
3311 4099 3422 4152 τῶν
3468 4117 3664 4169 μενου-

2077 4196 2186 4248 σῶν
2219 4195 2313 4249 καὶ
2342 4194 2600 4258 αἰωνίων,
2634 4195 2710 4258 ὡς
2740 4194 2988 4265 πλήρεις,
3018 4193 3134 4247 ἀλλ’
3172 4194 3272 4246 οὐκ
3301 4193 3543 4254 ἐλλιπεῖς
3582 4188 3663 4246 εί-

2074 4305 2184 4350 ναι,
2221 4288 2318 4340 καὶ
2362 4288 2461 4359 τῆς
2502 4286 2650 4358 ζωῆς
2707 4287 2913 4358 ταύτης
2970 4288 3066 4342 καὶ⁵
3116 4286 3216 4358 τῆς
3273 4286 3660 4360 λαμπρότητος

2074 4373 2294 4445 ἐκείνης
2324 4373 2423 4444 οὐχ
2445 4375 2767 4445 ὐφειμένας.

457 4569 571 4626 Καὶ
597 4568 800 4636 πάσης
835 4566 1069 4636 εὐδαιμο
1099 4566 1233 4636 μέτ.
1275 4566 1664 4634 ἐπλήρωσαν·
1707 4563 1764 4618 In
1798 4561 1970 4618 οωῐιίο
1995 4565 2049 4626 Β
2144 4569 2280 4624 Ibid.
2309 4571 2360 4625 9.
2388 4569 2495 4624 Καὶ
2519 4568 2723 4636 πάσης
2751 4569 3139 4638 εὐδαιμονίας
3152 4568 3374 4637 μέτρον
3389 4568 3661 4638 ἐπλήρω-

389 4664 494 4719 bus
527 4667 583 4717 et
609 4675 706 4730 per
737 4659 921 4715 omnia
955 4673 1274 4713 mensuram
1315 4657 1596 4714 felicitatis
1627 4664 1682 4712 et
1724 4655 1968 4712 beatitu-

391 4755 557 4822 dinis,
592 4760 858 4824 quantum
893 4751 1156 4822 possibile
1200 4761 1344 4814 erat,
1384 4751 1769 4821 expleverunt,
1812 4766 1967 4804 exce-

388 4859 502 4920 pta,
551 4847 751 4916 inquit,
797 4844 897 4898 illa
940 4852 1232 4912 postrema,
1292 4857 1405 4897 non
1455 4843 1596 4898 dixit
1633 4841 1967 4906 calamitate,

391 4940 487 4996 sed
520 4935 934 5008 dispensatione,
979 4941 1034 4988 et
1073 4934 1406 5005 probatione,
1444 4940 1505 4986 ut
1535 4931 1814 5003 quispiam
1850 4933 1970 4988 exi-

390 5033 620 5086 stimare
659 5035 848 5100 queat,
882 5027 1084 5099 inquit.
1132 5025 1269 5083 Vide
1306 5023 1584 5094 quomodo
1633 5034 1688 5079 et
1729 5024 1864 5079 illud
1900 5024 1966 5079 ad

391 5125 702 5180 felicitatem
762 5123 983 5178 illorum
1029 5120 1276 5186 referat,
1327 5119 1475 5191 quod
1501 5159 1516 5186 ,
1559 5118 1848 5191 praemisso
1900 5133 1968 5173 eo

391 5215 504 5270 tilio
535 5215 628 5269 cui
673 5221 898 5285 propter
923 5213 1103 5269 aetatis
1147 5211 1418 5267 lubricum
1454 5211 1629 5281 magis
1663 5209 1967 5264 timendum

389 5315 530 5372 erat,
579 5306 685 5376 ipsi
727 5319 928 5361 securo
977 5306 1164 5361 animo
1191 5303 1364 5358 vitam
1408 5301 1714 5358 clauserint
1751 5309 1806 5356 et
1841 5317 1966 5356 cum

391 5397 648 5453 universa
689 5397 858 5453 domo
900 5395 970 5451 ad
1017 5395 1271 5452 caelestia
1307 5393 1782 5465 transmigrarint,
1819 5391 1965 5462 quod

392 5493 574 5561 reipsa
598 5488 856 5561 perfectae
885 5495 971 5544 est
999 5486 1308 5544 felicitatis.

462 5674 597 5742 (ιδ’)
623 5675 872 5729 Graecum
899 5673 1065 5745 hujus
1086 5673 1276 5730 scltolii
1305 5671 1880 5745 textum,dissolut_um
1905 5681 1959 5729 et

389 5745 748 5824 ἀνακόλουθίᾳ
799 5743 1033 5802 maxime
1068 5746 1428 5812 laborantem,
1461 5743 1760 5800 divinando
1791 5743 1960 5824 inter-

399 5817 594 5886 pretati
633 5830 843 5870 sumus.
1801 5815 1812 5831 ‘

2071 4676 2212 4717 σαν.
2259 4661 2372 4715 Καὶ
2403 4663 2461 4714 ἐν
2500 4663 2636 4714 πᾶσι
2687 4660 2783 4714 καὶ
2823 4662 2965 4715 κατὰ
3006 4661 3184 4713 πάντα
3217 4660 3280 4712 τὸ
3315 4659 3517 4729 μέτρον
3561 4661 3658 4728 τῆς

2071 4751 2418 4820 εὐδαιμονίας
2466 4751 2560 4804 καὶ
2595 4750 3030 4821 μακαριότητος,
3065 4751 3298 4819 ὅσονπερ
3345 4750 3509 4820 ἐνῆν,
3548 4749 3659 4815 ἐξε-

2073 4841 2370 4912 πλήρωσαν
2395 4840 2890 4911 ἐσχηκότες,πλὴν
2908 4839 3018 4907 τῆς
3041 4839 3387 4906 τελευταίας
3409 4841 3652 4906 ταύτης

2070 4933 2132 4986 οὐ
2163 4933 2450 5003 συμφορᾶς
2479 4931 2536 4984 δὲ
2575 4928 2748 4994 εἶπεν,
2791 4933 2931 4986 ἀλλ’
2978 4932 3324 5000 οἰκονομίας
3358 4930 3460 4983 καὶ
3495 4930 3654 4985 60m-

2071 5026 2318 5095 μασίας,
2351 5025 2428 5088 ὡς
2470 5025 2538 5079 ἄν
2579 5042 2683 5088 τις,
2732 5026 2919 5094 φησιν,
2966 5023 3249 5078 ὑπολάϐοι.
3293 5023 3406 5078 Καὶ
3452 5022 3646 5076 θέασαι

2076 5118 2224 5179 ὅπως
2256 5115 2466 5180 τούτοις
2495 5117 2576 5180 είς
2620 5116 2969 5187 εὐδαιμονίαν
3010 5118 3106 5170 καλ⁵
3153 5116 3327 5169 ταῦτα
3369 5116 3519 5169 ἕλκει
3563 5115 3653 5169 καὶ

2082 5207 2437 5280 παρατίθησι,
2465 5208 2528 5261 τὸ
2572 5209 2661 5262 τὸν
2700 5208 3113 5279 σφαλερώτατον
3158 5208 3248 5262 διὰ
3289 5208 3518 5277 νεότητα
3564 5208 3651 5262 καὶ

2079 5299 2296 5371 ἡλικίαν
2327 5299 2436 5353 τῶν
2476 5299 2683 5353 παίδων
2713 5300 3058 5373 προπέμψαι,
3091 5302 3184 5354 καὶ
3215 5302 3272 5353 ἐν
3302 5301 3535 5370 ἀσφαλεῖ
3563 5299 3650 5353 τὸν

2080 5393 2193 5463 βίον
2245 5392 2569 5456 καταλῦσαι,
2623 5393 2718 5446 καὶ
2753 5393 2889 5465 πρὸς
2931 5395 3001 5448 τὰ
3044 5393 3272 5465 οὐράνια
3323 5393 3649 5467 μεταστῆναι

2077 5486 2320 5550 πανοικὶ,
2348 5485 2486 5556 ὅπερ
2512 5485 2721 5549 τελείας
2750 5485 3095 5557 εὐδαιμονίας
3129 5487 3294 5540 ἐστίν.

2143 5672 2257 5741 (44)
2295 5673 2407 5726 Καὶ
2437 5688 2549 5728 om.
2585 5673 2640 5727 in
2677 5673 2864 5729 editis.

2311 5743 2460 5814 I‘Iditi
2497 5743 2738 5814 μείζονα.

2149 5813 2262 5883 (45)
2305 5812 2749 5887 Ξειὶιιεπλήρεις
2777 5827 2903 5870 cum
2934 5812 3095 5870 editis
