3872 6222
201 249 322 304 "85

192 455 433 512 τοιούτων
481 455 830 527 γεννητόρων
875 456 1178 528 ἀμελήσας,
1227 458 1321 510 καὶ
1363 457 1474 511 τῶν
1527 456 1756 526 ἑγγύθεν

190 547 599 618 ὑποδειγμάτων
628 549 1076 618 καταφρονήσας,
1114 547 1190 620 μὴ
1221 548 1488 620 Θαύμαζε,
1521 549 1676 620 φησὶ,
1705 551 1755 603 εί

191 643 312 713 πρὸς
345 641 574 711 ἑτέρους
589 641 692 693 οὐκ
725 635 887 704 εἶδεν,
915 639 1203 710 ἀλλὰπρὸς
1222 639 1447 703 τούτους
1464 656 1478 670 ·
1507 639 1755 710 θαύμαζε

187 729 236 783 δὲ
269 729 464 799 μᾶλλον
496 729 563 783 τὸ
590 729 833 782 ἑναντίον
865 729 914 780 εἰ
945 728 1081 800 πρὸς
1114 729 1334 800 ἑτέρους
1381 727 1506 781 ἰδὼν
1536 730 1631 783 καὶ
1656 730 1756 782 οὐκ

189 821 435 874 ἐπαινετὰ
459 820 864 889 ὑποδείγματα,
895 819 1101 874 τούτων
1124 821 1558 892 ὑπερεφρόνησε.

246 949 377 1005 Ibid.
412 951 501 1005 12.
545 952 658 1006 Kal
688 950 802 1020 τὴν
839 952 938 1006 ἐπὶ
972 952 1124 1008 πᾶσι
1165 952 1276 1007 τοῦ
1310 953 1530 1023 ἀνδρὸς
1557 953 1748 1024 χάριν.

186 1041 252 1095 Τδ
282 1043 600 1112 σωματικὸν
629 1043 877 1115 χάρισμα
920 1044 1090 1112 λέγει,
1124 1046 1218 1099 καὶ
1243 1045 1306 1098 τὸ
1339 1046 1534 1108 κάλλος
1553 1060 1567 1073 ⁸
1597 1046 1756 1099 τοῦτο

185 1131 282 1203 γὰρ
311 1133 344 1203 ἡ
369 1133 714 1203 εὐαρμοστία
740 1133 1060 1205 παραδηλοῖ,
1091 1134 1186 1187 καὶ
1214 1134 1275 1187 τὸ
1298 1137 1355 1188 ἑν
1380 1136 1515 1188 πᾶσι
1538 1133 1634 1188 τοῦ
1663 1135 1755 1188 ἀν-

183 1221 298 1292 δρὸς
329 1221 498 1276 καλὸν
529 1226 628 1276 καὶ
659 1221 950 1294 σύμφωνον
975 1223 1051 1286 ὡς
1075 1225 1133 1279 ἑν
1165 1223 1413 1294 φθόγγῳ.

244 1333 358 1391 Col.
379 1336 476 1391 761
513 1336 559 1388 A
592 1336 646 1391 5.
678 1337 748 1392 ’Ὠ
779 1335 906 1402 πῶς
929 1335 1221 1404 ἀδακρυτὶ
1253 1335 1546 1404 παρέλθω.
1589 1335 1755 1388 Ἀνω-

183 1425 335 1498 τὲρω,
376 1428 474 1481 καὶ
520 1430 579 1480 ὲν
617 1427 752 1498 αὐτῇ
787 1430 854 1498 τῇ
884 1428 1026 1498 ἀρχῇ
1062 1425 1156 1479 τοῦ
1196 1425 1379 1495 λόγου,
1423 1425 1516 1479 τὸν
1559 1425 1753 1497 θρῆνον

185 1519 270 1572 καὶ
312 1519 439 1582 τοὺς
489 1518 823 1589 θρηνοῦντας
875 1517 1376 1588 παραιτησάμενος,
1426 1516 1520 1570 νῦν
1562 1515 1754 1589 ὥσπερ

185 1609 494 1680 αἰσθόμενος
528 1611 723 1664 ἑαυτὸν
765 1612 844 1672 είς
888 1607 1115 1664 τοιαῦτα
1154 1609 1454 1679 ἐληλυθότα
1493 1609 1588 1663 καὶ
1631 1625 1753 1678 σχε-

783 245 1074 303 SCI'IOLIA
1111 247 1203 303 AD
1235 247 1643 305 OBATIONEM
1671 247 1833 306 FUN.
1868 249 1934 304 IN
1972 249 2352 308 CESARIUM
2401 240 2764 305 FRATREM.

253 362 384 418 Ibid.
421 360 463 417 (Σ
510 361 564 416 7.
623 363 802 416 Ἀλλά
855 363 1232 418 τούναντίον.
1293 364 1484 430 Ποῖον;
1541 365 1605 418 El
1649 365 1757 418 τῶν
1783 373 1832 428 Α

3284 255 3422 311 H86

1940 367 2127 420 Ἀλλὰ
2170 360 2546 419 τούναντίον.
2585 359 2666 418 Νε
2724 364 2964 432 mireris,
3014 364 3210 435 inquit,
3258 367 3304 422 si
3353 369 3421 422 ad

1855 465 2085 513 caeteros
2116 456 2294 510 noluit
2336 460 2608 525 spectare,
2651 455 2855 510 talibus
2889 455 3152 526 neglectis
3185 457 3420 526 parenti-

1855 548 1983 612 bus,
2011 557 2065 601 ει
2092 545 2296 616 spretis
2321 546 2698 615 proximorum
2728 545 3026 614 exemplis;
3060 547 3260 600 mirare
3295 561 3426 600 vero

1853 640 2038 710 potius
2093 637 2241 709 quod
2297 636 2442 708 apud
2503 637 2642 692 alios
2703 638 2899 692 videns
2955 652 3066 693 non
3127 636 3423 691 laudabilia

1852 729 2118 800 exempla,
2138 729 2230 784 illa
2259 728 2674 800 contempserit.

1923 948 2038 1003 Kal
2090 949 2272 1017 τὴν...
2332 950 2525 1019 χάριν.
2578 949 2930 1021 Corporalem
2977 955 3319 1004 venustatem
3367 958 3421 1003 et

1851 1041 2318 1112 pulchritudinem
2350 1042 2504 1096 dicit.
2550 1041 2663 1096 Hoc
2691 1043 2837 1097 enim
2869 1042 3142 1112 signiﬁcat
3179 1042 3420 1112 εὐαρμο-

1854 1133 1998 1197 στία,
2041 1134 2381 1204 pulcherque
2423 1134 2530 1188 viri
2565 1134 2622 1188 in
2651 1135 2928 1200 omnibus,
2961 1135 3111 1188 velut
3156 1134 3212 1188 in
3242 1135 3419 1199 sonis,

1851 1233 2172 1281 concentus.

1922 1331 1984 1385 Ὢ
2011 1332 2137 1399 πῶς
2168 1331 2455 1401 ἀδακρυτὶ
2493 1333 2790 1403 παρέλθω.
2833 1332 3098 1404 Superius
3135 1341 3189 1388 et
3215 1333 3270 1387 in
3303 1333 3422 1404 ipso

1850 1425 2124 1479 sermonis
2162 1427 2411 1491 exordio,
2447 1428 2706 1496 gemitum
2747 1436 3114 1496 etgementes
3156 1426 3419 1496 depreca-

1849 1523 1961 1579 tus,
2002 1532 2150 1572 nunc
2191 1518 2353 1588 quasi
2397 1519 2639 1574 inchoati
2677 1519 2914 1590 gemitus
2954 1525 3008 1573 et
3049 1518 3285 1588 querelae
3315 1519 3419 1572 sibi

1851 1611 2130 1675 conscius,
2174 1613 2418 1682 seipsum
2466 1612 2652 1667 statim
2694 1621 2911 1667 coercet
2945 1621 3138 1666 contra
3172 1613 3422 1681 proposi-

183 1699 490 1764 τλιάσαντα,
527 1699 724 1752 θᾶττον
757 1697 1188 1768 ἐπιλαμϐάνεται
1223 1697 1416 1751 ἑαυτοῦ
1461 1697 1614 1770 παρὰ
1652 1699 1751 1768 τὴν

1868 1715 1968 1753 .um
2007 1698 2322 1768 facientem,
2373 1718 2542 1773 seque
2586 1711 2816 1759 excusat
2861 1719 2931 1758 ne
2971 1704 3149 1774 ipsum
3215 1703 3419 1757 inﬁrmi

185 1793 430 1846 ὑπόθεσιν
455 1793 830 1864 πεπραγότος,
865 1793 961 1846 καὶ
981 1791 1331 1860 ἀπολογεῖται
1361 1791 1436 1855 ὡς
1466 1791 1540 1862 μὴ
1569 1791 1753 1860 ἀφιλό-

186 1901 334 1953 σοφον
393 1883 716 1954 λογισθῆναι
771 1882 861 1936 διὰ
901 1883 964 1936 τὸ
1019 1882 1221 1945 πάθος·
1270 1883 1449 1936 καίτοι
1488 1881 1753 1954 δακρῦσαι

184 1975 268 2027 ἑπὶ
292 1972 470 2045 νεκρῷ
499 1973 601 2026 οὐκ
637 1970 761 2038 ἔξω,
797 1971 925 2042 ἔφη,
951 1971 1046 2024 τοῦ
1075 1972 1344 2043 ἡμετέρου
1367 1973 1531 2043 νόμου
1554 1989 1569 2002 ·
1596 1973 1755 2044 ἑνάρο

185 2064 265 2131 ξαι
309 2065 492 2136 μέντοι
541 2065 636 2117 καὶ
672 2062 748 2134 μὴ
796 2063 981 2128 πλέον,
1030 2064 1062 2136 ῆ
1118 2063 1299 2126 καλῶς
1349 2063 1483 2134 ἔχει,
1536 2063 1753 2136 θρηνεῖν

184 2157 392 2221 ἐξεῖναι.
429 2155 762 2227 Σχετλιάσας
792 2150 885 2209 οὖν
915 2155 1009 2208 καὶ¹
1044 2156 1113 2208 Ὢ
1142 2152 1269 2221 πῶς
1294 2155 1485 2220 εἰπὼν,
1515 2155 1576 2208 οὐ
1621 2154 1754 2227 θρη-

183 2252 255 2303 νεῖ
281 2250 493 2311 πάντως
513 2265 526 2278 ⁸
565 2249 627 2301 οὐ
675 2247 783 2319 γὰρ
809 2249 842 2318 ὴ
873 2247 1018 2318 ἀρχὴ
1047 2246 1246 2317 θρήνου
1287 2246 1390 2317 ῆδη
1427 2247 1523 2300 καὶ
1558 2246 1753 2318 θρῆνός

184 2342 338 2404 ἑστιν,
379 2341 573 2411 ὥσπερ
613 2339 720 2392 οὐδ’
757 2339 917 2410 ήτῆς
958 2337 1078 2392 ὁδοῦ
1115 2338 1282 2410 ἀρχὴ,
1316 2338 1457 2402 ὁδὸς,
1486 2337 1626 2392 κατά
1660 2337 1752 2391 τὸν
1781 2341 1784 2346 ’

187 2432 348 2501 μέγαν
370 2432 680 2486 Βασίλειον.

241 2545 370 2600 Ibid.
396 2545 439 2600 B
465 2545 520 2599 5.
555 2545 652 2609 Τίς
670 2542 740 2597 δὲ
764 2541 840 2611 τῇ
865 2541 986 2595 τῶν
999 2543 1344 2606 ,βελτίστων
1361 2542 1549 2596 αὐτὸν
1567 2554 1752 2612 προσ-

184 2632 383 2702 έθηκε;
433 2635 566 2698 Τίς,
607 2634 774 2705 φησὶ,
831 2631 1037 2686 τούτων
1089 2631 1286 2694 πλέον,
1331 2632 1576 2685 τουτέστι
1634 2629 1754 2685 τῶν

180 2725 530 2788 βελτίστων,
557 2727 671 2787 τοῖς
699 2741 760 2777 τε
788 2723 970 2786 ἀλλοις
999 2723 1225 2786 καὶτοῖς
1251 2725 1316 2775 ἐκ
1340 2727 1437 2794 τῆς
1471 2723 1750 2796 πατρίδος,

186 2815 600 2886 προυτίμησενῆ
633 2813 1020 2885 προστέθεικεν
1049 2813 1278 2879 ἑαυτόνς

247 2927 378 2984 Ibid.
405 2929 460 2983 8.
485 2929 691 2982 Καίτοι
715 2927 848 2998 (45⁶)
882 2925 982 2981 διὰ
1016 2925 1086 2980 τό
1101 2925 1372 3008 μέγεθος.
1406 2927 1518 2998 Τῆς
1548 2925 1752 2989 πόλεως

199 3020 596 3091 Ἀλεξανδρείας
627 3019 849 3090 δηλαδὴ,
873 3018 949 3081 ὼς
979 3017 1240 3088 μεγίστης
1269 3019 1438 3087 αὐτῆς
1471 3017 1752 3089 ὑπαρχού-
1778 3061 1825 3122 c

187 3124 305 3179 σηςο
332 3111 428 3162 καὶ
460 3108 549 3160 διὰ
579 3107 642 3160 τὸ
672 3107 902 3178 μέγεθος
947 3106 1164 3160 πάντων
1211 3106 1396 3177 σχεδὸν
1437 3106 1752 3178 κρυπτομέη

188 3215 303 3263 νων,
336 3201 434 3254 καὶ
466 3198 603 3270 μηδὲ
631 3199 1073 3271 γνωριζομένων,
1101 3197 1276 3261 οὐδεὶς
1317 3196 1509 3250 τούτου
1552 3213 1756 3267 γνωρι-

181 3291 482 3361 μώτεροςῆ
503 3289 1010 3358 περιφανέστερος
1030 3289 1123 3342 ἐπὶ
1145 3287 1473 3359 σωφροσύνῃ
1493 3289 1589 3342 καὶ
1605 3304 1756 3344 συν-

186 3381 322 3438 ἐστι.

249 3493 380 3550 Ibid.
402 3498 445 3550 C
463 3495 515 3550 2.
536 3495 646 3548 Kal
669 3494 910 3547 πάντων
928 3489 1039 3562 (ιθ)
1057 3491 1135 3556 ὡς
1154 3491 1224 3546 ἐν
1239 3489 1612 3557 ἐξασκήσας.
1631 3491 1757 3543 Συν-

187 3584 284 3655 ήθη
322 3585 498 3639 ταῦτα
539 3583 617 3655 τῷ
651 3582 827 3653 Πατρὶ
873 3581 937 3634 τὸ
984 3578 1236 3650 στρέφειν
1275 3595 1337 3632 τε
1372 3577 1466 3631 καὶ
1503 3575 1754 3644 συνάγειν

192 3677 318 3746 μετὰ
345 3677 598 3743 κάλλους,
629 3675 698 3729 τά
719 3677 788 3745 τῇ
808 3672 1007 3744 φράσει
1022 3669 1478 3741 συνεστραμμένα
1501 3668 1594 3723 καὶ
1619 3685 1753 3721 κατ-

189 3764 570 3836 ηναγκασμένα
619 3762 917 3833 ἁδρότερον
960 3759 1344 3829 ἀπαγγέλλειν.
1397 3757 1600 3810 Πάντα
1638 3751 1752 3819 οὖν,

190 3859 365 3928 φησιν,
409 3858 490 3923 ὡς
517 3855 588 3910 ἓν
627 3855 737 3909 τῶν
782 3853 1121 3924 μαθημάτων
1159 3851 1448 3922 ἑξήσκησε,
1495 3849 1590 3902 καὶ
1633 3849 1755 3902 οὐδὲ

189 3949 287 4002 τῶν
316 3946 708 4022 πρεσϐυτέρων
740 3963 847 4010 τις,
883 3943 958 4016 μὴ
991 3945 1072 3998 ὅτι
1100 3961 1163 4012 γε
1187 3941 1294 3995 τῶν
1325 3941 1550 4012 ἡλίκων,
1583 3938 1755 4002 οὕτως

190 4036 414 4101 εὐκόλως
445 4036 540 4090 καὶ
565 4033 822 4104 ἀσφαλῶς
846 4031 1198 4103 κατώρθωσε.
1223 4032 1336 4084 Καὶ
1363 4029 1525 4084 πάλιν
1549 4029 1755 4083 τούτων

189 4126 408 4182 ἕκαστον
440 4127 560 4180 ἀντὶ
579 4127 819 4188 πάντων,
840 4123 1106 4186 τουτέστι,
1143 4121 1323 4175 πάντα
1343 4119 1417 4184 ὡς
1444 4119 1504 4174 ἓν
1525 4121 1753 4191 μάθημα

189 4216 314 4288 ᾔδει,
348 4219 444 4272 καὶ
473 4218 706 4270 ἑκαστον
734 4215 810 4278 ὡς
833 4214 1040 4268 πάνταο
1069 4213 1166 4284 τὴν
1197 4212 1399 4282 γνῶσιν
1436 4210 1545 4282 γὰρ
1582 4210 1755 4264 ἀπάν-

190 4326 289 4364 των
305 4310 380 4374 ώς
402 4309 521 4372 ἑνὸς
548 4308 871 4380 μαθήματος
897 4301 1032 4376 εἶχε,
1062 4306 1158 4359 καὶ
1189 4303 1308 4368 ἑνὸς
1341 4303 1576 4358 ἑκάστου
1603 4302 1752 4374 εἴδη-

192 4417 270 4456 σιν
293 4403 474 4468 πάλιν,
505 4401 581 4465 ὡς
604 4400 878 4454 ἁπάντων.

253 4512 388 4570 Ibid.
419 4517 468 4569 7.
503 4513 611 4568 Kal
649 4511 760 4580 τῆς
791 4509 1180 4564 ἐπικινδύνου
1219 4508 1345 4574 τοῖς
1377 4507 1592 4575 ἄλλοις
1621 4522 1756 4562 παι-

192 4603 464 4672 δεύσεως.
498 4605 610 4674 Τῆς
656 4601 1020 4674 ἀστρονομίας
1059 4601 1152 4654 καὶ
1182 4599 1556 4670 ἀστρολογίας,
1592 4599 1756 4668 λέγει,

193 4690 256 4764 ἧς
299 4695 395 4749 καὶ
425 4696 486 4748 τὸ
518 4695 788 4766 χρήσιμον
822 4693 1094 4762 ἐπιφέρει,
1142 4691 1204 4744 τὸ
1235 4693 1300 4745 ἑκ
1328 4691 1426 4761 τῆς
1457 4690 1567 4742 τῶν
1599 4691 1762 4761 οὐρα-

192 4785 312 4842 νίων
352 4789 618 4858 κινήσεως
676 4786 769 4838 τὸν
813 4783 1154 4856 Δημιουργὺν
1192 4781 1512 4854 θαυμάζειν,
1562 4782 1656 4835 καὶ⁵
1699 4781 1762 4834 τὸ

195 4878 448 4950 βλαϐερόν
488 4897 548 4934 τε
589 4881 684 4932 καὶ
717 4878 986 4950 ἄχρηστον
1012 4876 1390 4940 ἐπιδείκνυσιν,
1418 4874 1550 4948 (46')
1581 4877 1654 4929 οὐ
1682 4873 1758 4943 τῇ

193 4969 339 5041 φορᾷ
361 4973 480 5028 τῶν
499 4973 756 5041 ἄστρων,
796 4971 891 5024 καὶ
920 4969 988 5023 τὰ
1017 4968 1144 5040 ἑξῆς
1177 4969 1283 5024 τῶν
1313 4971 1615 5040 ἑπομένων.

259 5086 390 5142 Ibid.
417 5087 533 5141 Di.
579 5082 866 5154 Ἀριθμῶν
917 5085 1016 5139 καὶ
1067 5079 1398 5153 λογισμῶν.
1426 5081 1587 5137 ’Ἠτοι
1641 5082 1762 5153 ἀρι-

196 5171 481 5245 θμητικῆς,
516 5172 616 5243 τῆς
652 5173 710 5225 ἑν
751 5171 1047 5241 ποσότησιν
1095 5169 1346 5240 ἀριθμῶν
1398 5169 1558 5238 δίκην
1589 5185 1762 5240 γραμ-

199 5264 328 5331 μῶν,
354 5267 412 5320 ἑν
435 5263 721 5336 τριγώνοις
760 5263 854 5316 καὶ
879 5259 1241 5333 τετραγώνοις
1266 5260 1508 5330 σχήμασι
1535 5261 1630 5314 καὶ
1657 5277 1758 5313 που

195 5349 446 5420 λυγώνοις
479 5351 915 5422 ποικιλλομένης.
942 5348 1258 5419 Λογισμῶν
1279 5348 1356 5412 δὲ,
1388 5349 1561 5402 εῐτουν
1584 5349 1758 5418 λόγων

195 5457 249 5494 τε
279 5446 372 5498 καὶ
411 5443 732 5512 ἀναλογιῶν,
769 5441 844 5503 ώς
878 5439 1060 5508 ἔχουσι
1113 5438 1248 5510 πρὸς
1292 5437 1584 5510 ἀλλήλους·
1629 5439 1758 5510 περὶ

263 5624 395 5688 (ιδ’)
441 5622 578 5676 Εὰἱιί
612 5621 787 5675 καίτοι
826 5636 910 5687 γε.

264 5686 370 5763 (ιω)
410 5697 550 5765 Lege
589 5695 764 5746 πάντα
792 5686 914 5744 cum
951 5686 1132 5743 editis.

1781 4387 1828 4443 D

1854 1791 2024 1846 animi
2059 1807 2182 1849 esse
2210 1792 2369 1848 dolor
2390 1802 2602 1864 arguat.
2627 1793 2738 1850 Nec
2765 1804 2969 1859 tamen,
2999 1794 3201 1867 inquit,
3228 1800 3419 1848 contra

1853 1882 2028 1954 legem
2084 1893 2330 1939 nostram
2394 1892 2480 1940 est
2533 1887 2717 1956 lugere
2777 1894 3095 1952 mortuum;
3158 1885 3423 1940 inchoare

1852 1971 2134 2044 planctum
2165 1987 2219 2032 et
2243 1977 2386 2030 intra
2403 1979 2582 2046 justos
2607 1978 2808 2032 limites
2834 1977 3122 2033 lamentari
3147 1977 3292 2032 licet.
3318 1975 3422 2031 Ge-

1853 2081 2009 2123 mens
2042 2082 2172 2138 ergo
2221 2077 2276 2122 et
2314 2068 2378 2121 Ὢ
2410 2069 2526 2133 πῶς
2561 2072 2899 2134 exclamans,
2941 2085 3050 2124 non
3081 2067 3426 2123 lamentatio-

1852 2171 1978 2210 nem
2033 2158 2294 2227 perﬁcit:
2328 2159 2608 2226 inchoatio
2660 2162 2806 2216 enim
2844 2161 3258 2216 lamentationis
3308 2175 3420 2215 non

1850 2254 1934 2304 est
1966 2247 2081 2316 ipsa
2118 2249 2454 2316 lamentatio,
2498 2252 2642 2307 sicut
2668 2253 2888 2308 initium
2918 2255 3017 2308 vite
3049 2267 3160 2307 non
3189 2254 3307 2323 ipsa
3335 2252 3422 2306 via

1851 2345 1955 2403 est,
1980 2340 2140 2410 juxta
2173 2357 2432 2414 magnum
2461 2343 2747 2400 Basilium.

1927 2535 2023 2602 Τίς
2045 2535 2114 2589 δὲ
2136 2535 2234 2606 τῇ.
2255 2576 2304 2593 ..
2339 2539 2676 2608 προσέθηκε
2703 2557 2724 2605 ;
2761 2541 2919 2609 Quis,
2966 2545 3165 2616 inquit,
3195 2547 3335 2613 illis,
3365 2549 3420 2604 id

1851 2636 1936 2683 est
1966 2630 2094 2682 uiris
2130 2632 2344 2698 optimis
2378 2671 2394 2697 ,
2425 2647 2549 2687 cum
2582 2636 2726 2701 aliis,
2760 2647 2876 2691 tum
2920 2653 2987 2693 ex
3033 2639 3206 2710 ipsius
3243 2643 3420 2712 patria

1851 2721 2105 2776 oriundis
2141 2723 2318 2794 magis
2363 2726 2589 2780 assidua
2626 2727 3000 2786 familiaritate
3041 2747 3101 2787 se
3135 2733 3424 2803 adjunxit?

1852 2812 1986 2878 Quis
2019 2814 2141 2869 illos
2173 2815 2227 2868 in
2267 2816 2458 2885 majori
2503 2818 2681 2888 pretio
2708 2820 2942 2875 habuit?

1920 2905 2122 2958 Καίτοι
2160 2905 2259 2959 διὰ
2305 2907 2372 2959 τὸ
2399 2906 2670 2976 μέγεθος.
2716 2909 2876 2968 Urbis
2921 2913 3301 2970 Alexandrinae
3337 2933 3422 2970 vi-

1853 2995 2086 3061 delicet,
2122 3013 2244 3067 qua:
2276 3013 2464 3054 revera
2498 3002 2737 3056 maxima
2771 3011 2908 3058 erat.
2940 3003 3202 3071 Quamvis
3231 3009 3420 3078 igitur,

1854 3098 2082 3158 pr0pter
2116 3089 2270 3144 urbis
2307 3091 2763 3162 magnitudinem,
2794 3109 2985 3150 omnes
3023 3095 3136 3152 l‘ere
3169 3098 3422 3163 laterent,

1853 3179 2057 3249 vixque
2086 3181 2237 3236 ullus
2274 3190 2620 3248 notesceret,
2669 3201 2830 3241 nemo
2877 3188 2972 3242 illo
3007 3189 3208 3245 clarior
3235 3201 3330 3246 aut
3361 3194 3424 3248 il-

1854 3269 2085 3326 lustrior
2113 3273 2183 3328 ob
2215 3276 2632 3344 temperantiam
2661 3284 2716 3331 et
2755 3279 3132 3348 sagacitatem.

1923 3470 2034 3525 Kal
2071 3471 2271 3527 πάντα
2309 3473 2389 3540 ὠς
2431 3474 2503 3529 ἐν
2531 3475 2904 3544 ὲξασκήσας.
2943 3478 3233 3535 Concisam
3277 3481 3424 3537 hanc

1854 3569 1910 3616 et
1964 3564 2271 3632 elegantem
2340 3567 2632 3622 verborum
2685 3571 3090 3639 oppositionem
3157 3588 3429 3645 usurpare

1855 3660 2003 3706 amat
2039 3651 2223 3712 Pater.
2246 3653 2471 3720 Omnia,
2499 3657 2698 3728 inquit,
2727 3671 2785 3713 ut
2814 3677 2997 3726 unum,
3029 3663 3081 3719 id
3105 3675 3209 3728 est,
3232 3680 3426 3724 omnes

1856 3741 2120 3798 scientias
2145 3753 2202 3797 ut
2232 3759 2417 3810 unam,
2452 3747 2792 3811 excoluerat,
2829 3758 2884 3804 et
2916 3751 3104 3806 nullus
3136 3753 3281 3809 inter
3307 3770 3428 3810 ma-

1849 3831 2001 3901 jores
2032 3841 2185 3897 natu,
2235 3833 2435 3888 nedum
2462 3835 2607 3890 inter
2637 3838 2896 3906 aequales,
2940 3843 3014 3894 ita
3059 3840 3204 3896 facili
3241 3852 3425 3898 certo-

1854 3939 1962 3994 que
1989 3923 2124 3994 pede
2166 3923 2309 3979 hanc
2347 3925 2491 3980 viam
2534 3928 2820 3994 cucurrit;
2852 3929 3064 4001 singula
3109 3948 3321 3986 rursum
3363 3946 3426 3988 ιιι

1856 4020 2060 4081 omnia,
2093 4032 2287 4072 omnes
2315 4017 2567 4073 videlicet
2595 4020 2855 4076 scientias
2887 4029 2942 4075 ut
2980 4038 3145 4077 unam
3167 4025 3428 4091 callebat,

1855 4114 1910 4162 et
1959 4123 2404 4179 unamquamque
2462 4118 2521 4164 ut
2574 4126 2798 4178 omnes;
2860 4114 3104 4168 omnium
3167 4115 3311 4169 enim
3364 4129 3425 4170 ut

1855 4200 2021 4253 unius
2087 4199 2340 4254 notitiam
2398 4200 2668 4267 habebat,
2748 4210 2804 4256 et
2872 4203 3314 4275 uniuscujusque
3361 4217 3427 4262 ut

1855 4303 2098 4344 omnium
2109 4332 2121 4345 .

1921 4491 2031 4546 Kal
2060 4490 2238 4560 τῆς...
2267 4493 2657 4558 παιδεύσεως.
2698 4493 2776 4550 De
2802 4497 3142 4551 astronomia
3167 4506 3220 4553 et
3248 4512 3427 4556 astro-

1854 4581 1997 4652 logia
2057 4583 2324 4652 loquitur,
2375 4586 2534 4654 cujus
2579 4587 2886 4657 disciplina:
2938 4604 3063 4644 cum
3108 4591 3422 4656 utilitatem,

1857 4675 2276 4732 admirationem
2321 4679 2532 4733 scilicet
2561 4679 2842 4735 Creatoris
2868 4697 2932 4736 ex
2979 4697 3275 4752 corporum
3308 4699 3424 4738 cce-

1858 4768 2079 4823 leslium
2105 4779 2278 4834 motu,
2301 4779 2416 4826 tum
2446 4773 2750 4843 periculum
2781 4783 2834 4830 et
2862 4775 3156 4830 vanitatem
3183 4777 3425 4846 exponit,

1860 4874 1984 4914 cum
2031 4861 2214 4917 dicit:
2247 4864 2320 4918 Οὐ
2362 4867 2428 4937 τῇ
2481 4867 2624 4936 φορᾷ
2662 4865 2769 4920 τῶν
2819 4867 3054 4938 ἄστρων,
3093 4877 3150 4924 ει
3188 4884 3309 4939 qua:
3343 4885 3430 4926 se-

1860 4962 2124 5023 quuntur.

1945 5069 2229 5140 Ἀριθμῶν
2273 5071 2376 5125 καὶ
2419 5075 2745 5143 λογισμῶν.
2797 5074 2853 5130 Id
2902 5084 2988 5131 est
3045 5076 3428 5142 arithmeticae,

1861 5178 1982 5233 quae
2004 5163 2151 5218 circa
2174 5165 2508 5231 quantitates
2530 5182 2883 5222 numerorum
2914 5177 3184 5233 versatur,
3211 5168 3429 5235 horum,

1862 5257 2133 5311 linearum
2161 5255 2376 5320 instar,
2403 5257 2658 5326 trigonis,
2687 5259 3010 5329 tetragonis,
3037 5260 3430 5330 polygonisque

1865 5348 2056 5419 ﬁguris
2101 5347 2351 5414 variata;
2399 5347 2694 5420 λογισμῶν,
2750 5350 2806 5405 id
2868 5358 2954 5406 est
3025 5353 3304 5407 rationum
3378 5363 3428 5408 et

1866 5441 2244 5510 analogiarum
2278 5440 2582 5512 quibusad
2610 5457 2671 5499 se
2705 5443 2940 5500 invicem
2971 5444 3288 5502 referuntur
3321 5461 3333 5496 :
3366 5445 3430 5502 de

1939 5621 2073 5695 (46‘)
2117 5619 2213 5678 llic
2247 5619 2492 5692 quaedam
2526 5619 2717 5680 deesse
2750 5617 3022 5675 videntur.
