3872 6222
383 214 519 270 1187

1714 198 1716 200 ⁷
1745 203 1988 258 BASILII
2031 197 2255 258 MINIMI

3500 214 3638 268 “88

381 349 492 402 quo
541 329 716 385 fusius
765 325 1122 382 tractavimus
1168 323 1222 378 in
1273 322 1685 378 commentariis
1745 321 1951 378 nostris

2071 315 2131 376 ἓν
2156 321 2372 393 εἴρηται
2395 322 2730 396 πλατύτερον
2742 325 2854 395 (47)
2870 324 2928 379 ἐν
2945 325 3024 396 τῷ
3041 326 3123 389 εἰς
3139 327 3238 397 τὴν
3255 328 3638 402 Πεντηκοστὴν

382 424 451 478 ad
483 435 801 479 sermonem
837 418 906 474 de
932 416 1274 473 Pentecoste.

451 515 563 570 Kal
597 513 708 582 τῆς
736 511 1070 580 θαυμασίας
1093 506 1379 577 ἰατρικῆς.
1408 505 1528 560 Non
1551 505 1759 560 ironice
1788 504 1962 558 admi-

383 605 603 660 rabilem
633 611 791 658 voeat
817 610 990 654 artem
1022 598 1313 661 medicam,
1349 596 1442 652 sed
1467 596 1611 666 quod
1649 611 1839 650 verum
1879 603 1964 651 est

382 696 543 756 dicit.
610 693 752 747 Vere
800 693 945 746 enim
991 687 1354 743 admiratione
1399 685 1563 757 digna
1608 685 1828 742 videtur
1870 700 1962 740 ars

382 805 506 860 quae
527 783 826 856 exploratis
845 781 1057 836 naturis
1087 789 1140 835 et
1172 778 1640 848 temperamentis.
1669 777 1962 848 therapeu-

382 880 506 931 tica:
550 873 775 943 exponit
813 871 1050 942 regulas.
1095 868 1215 923 Non
1267 869 1510 940 loquitur
1551 869 1697 924 enim
1743 869 1811 924 de
1847 880 1964 924 arte

383 970 474 1024 illa
514 967 776 1036 empirica
810 972 864 1018 et
895 963 1105 1018 insulsa
1146 977 1270 1031 quae
1308 977 1420 1016 non
1465 961 1654 1026 semel,
1694 977 1760 1016 ex
1809 961 1964 1033 igno-

381 1058 566 1114 rantia
615 1057 915 1128 primarum
966 1070 1281 1118 causarum,
1323 1069 1527 1109 nocere
1579 1062 1801 1124 potest:
1843 1069 1964 1123 quae

383 1165 563 1207 causae
577 1149 730 1219 juxta
752 1147 992 1203 scientiae
1017 1145 1230 1215 regulas
1261 1147 1638 1211 consideratae,
1671 1147 1964 1214 investiga-

381 1252 472 1309 tae,
507 1257 721 1297 necnon
761 1243 902 1295 inter
919 1256 975 1294 se
1010 1239 1312 1294 secundum
1342 1247 1616 1294 naturaeet
1636 1239 1864 1293 rationis
1887 1240 1963 1292 le-

383 1349 477 1402 ges
507 1334 738 1396 collatae,
770 1331 1089 1385 morborum
1121 1330 1280 1398 quasi
1317 1330 1531 1384 radices
1564 1339 1616 1384 et
1649 1329 1829 1384 fontes
1866 1345 1962 1399 pa-

384 1424 668 1486 tefaciunt,
693 1438 758 1477 ex
797 1421 999 1490 quibus
1032 1419 1195 1473 variae
1217 1417 1572 1472 aﬂ'ectionum
1599 1418 1813 1488 species
1843 1431 1967 1472 sca-

387 1515 601 1570 turiunt
643 1521 698 1569 et
749 1514 1057 1583 germinant
1097 1527 1111 1563 :
1151 1512 1266 1566 haec
1319 1522 1499 1565 autem
1537 1525 1829 1580 pravarum
1879 1524 1970 1564 ra-

2061 413 2205 485 λόγῳ
2236 415 2325 469 διὰ
2355 415 2462 470 τῶν
2491 418 2774 492 ἡμετέρων
2808 419 3238 490 ὑπομνημάτων.

2131 503 2268 560 Ibid.
2314 505 2424 561 Kal
2457 506 2565 575 τῆς
2610 510 2951 578 θαυμασίας
2992 513 3279 582 ιατρικῆς.
3320 513 3437 568 Οὐκ
3481 517 3640 588 εἰρω-

2061 596 2352 666 νευόμενος
2389 600 2729 669 θαυμασίας
2760 597 2934 667 εἶπεν,
2964 603 3100 658 ἀλλὰ
3127 605 3190 658 τὸ
3231 605 3292 658 ὃν
3330 606 3470 679 ἔφη·
3508 608 3639 663 θαύ-

2065 705 2232 758 ματος
2263 688 2369 762 γὰρ
2398 690 2475 761 τῷ
2506 691 2618 745 δντι
2647 692 2775 760 ἀξία
2816 696 2850 766 ἡ
2885 696 2950 749 ἐκ
2992 696 3102 749 τῶν
3135 697 3352 766 φύσεων
3388 700 3488 754 καὶ
3529 700 3642 756 τῶν

2062 777 2314 848 κράσεων
2345 779 2730 849 μεθοδεύουσα,
2767 787 2861 838 καὶ
2897 786 2997 858 τῆς
3029 787 3325 858 θεραπείας
3351 791 3483 856 τοὺς
3517 794 3644 864 τρό-

2063 887 2199 933 πους
2237 873 2622 943 παραδιδοῦσα.
2661 876 2736 929 Οὐ
2779 877 2885 948 μὴν
2920 879 3018 950 τῆς
3049 880 3378 953 ἐμπειρικῆς
3414 885 3512 937 καὶ
3541 885 3641 955 τῆς

2063 963 2260 1032 ἀλόγου
2305 966 2517 1038 τριϐῆς,
2563 968 2597 1038 ἢ
2629 971 2722 1022 καὶ
2756 970 3009 1040 βλάψειεν
3038 971 3186 1026 ἔστιν
3213 974 3301 1027 ὅτε
3339 979 3407 1046 τῇ
3448 976 3645 1046 ἀγνοίᾳ

2062 1057 2171 1109 τῶν
2186 1059 2418 1129 πρώτων
2438 1061 2624 1115 αἰτίων
2645 1077 2658 1092 ο
2676 1061 2866 1135 ὥσπερ
2890 1065 3266 1135 ἐπιστημόνως
3289 1068 3647 1140 θεωρούμενά

2062 1165 2122 1200 τε
2152 1151 2248 1203 καὶ
2292 1150 2710 1223 ὃιερευνώμενα,
2763 1157 2858 1208 καὶ
2903 1158 3148 1224 φυσικῶς
3184 1176 3246 1212 τε
3274 1162 3368 1214 καὶ¹
3407 1161 3645 1230 λογικῶς

2066 1242 2487 1312 συγκρινόμενα,
2527 1246 2932 1314 ἀπαγγέλλουσι
2961 1247 3060 1312 τὰς
3091 1245 3202 1303 οἷον
3232 1252 3389 1322 ῥίζας
3423 1255 3519 1307 καὶ
3545 1272 3646 1325 τιτι-

2064 1328 2166 1397 γὰς
2185 1328 2290 1382 τῶν
2317 1334 2658 1401 νοσημάτων,
2679 1337 2736 1402 ἐξ
2761 1330 2837 1390 ὧν
2862 1335 3183 1404 ἐκϐλύζουσι
3210 1343 3388 1397 καὶτὰ
3419 1346 3644 1400 ποικίλα

2064 1423 2171 1475 τῶν
2200 1424 2389 1478 παθῶν
2422 1425 2877 1483 ἐκϐλαστάνουσιν
2909 1429 3048 1501 εἴδη,
3088 1424 3164 1484 ὧν
3185 1430 3349 1503 ριξῶν
3369 1437 3491 1499 ταῖς
3511 1454 3651 1491 κατ-

2065 1511 2316 1584 αλλήλοις
2385 1515 2496 1567 τῶν
2548 1517 2854 1588 φαρμάκων
2901 1519 3164 1590 ἰατρείαις
3197 1520 3645 1576 ἐκκόπτυνταιτε

381 1609 566 1662 dicum
620 1622 786 1676 prava
841 1619 1080 1676 prOpago
1121 1605 1382 1674 congruis
1433 1604 1960 1658 medicamentorum

2071 1603 2169 1654 καὶ
2190 1607 2684 1677 καταμαραίνονται
2705 1607 2775 1662 τὰ
2804 1608 3180 1680 βλαστήματα.

381 1697 820 1752 adhibitionibus
850 1697 1152 1752 succiditur
1193 1705 1246 1750 et
1277 1695 1589 1749 marcescit.

451 1790 590 1845 Μετ’
625 1787 928 1842 ἐκεῖνον...
965 1786 1286 1856 ἀριθμοῒτο.
1324 1783 1496 1840 Nemo
1539 1785 1726 1854 igitur,
1765 1783 1960 1855 inquit,

381 1883 456 1938 ita
496 1883 713 1952 ineptus
751 1889 870 1936 erat
903 1887 962 1933 ut
1008 1879 1086 1933 illi
1125 1879 1333 1948 primas
1371 1876 1676 1943 invideret;
1731 1876 1862 1940 imo,
1913 1876 1963 1932 si

379 1975 509 2040 quis
546 1973 754 2043 primas
782 1970 1040 2033 ambiret,
1074 1969 1165 2023 ille
1208 1969 1264 2022 in
1312 1968 1536 2022 maximi
1571 1967 1800 2022 honoris
1843 1968 1964 2022 loco

382 2065 616 2122 habebat
651 2065 774 2118 illas
806 2061 1044 2118 Caesario
1078 2060 1399 2126 concedere,
1442 2060 1792 2132 primumque
1823 2062 1966 2116 inter

381 2155 660 2214 secundos
686 2155 935 2210 obtinere
964 2153 1168 2208 locum.

461 2247 655 2304 Ἠνῦν
681 2245 944 2312 κακῶς...
963 2244 1340 2300 διαλυθεῖσα.
1373 2242 1481 2298 Par
1504 2244 1967 2315 contemplatione

378 2339 605 2409 dignum
634 2338 793 2393 matri
818 2337 1165 2403 videbantur,
1188 2335 1333 2406 quod
1357 2351 1522 2402 nunc,
1551 2336 1762 2406 inquit,
1790 2344 1966 2390 morte

379 2447 477 2502 per
516 2430 776 2485 invidiam
811 2428 1143 2485 dissolutum
1172 2434 1278 2484 est.
1332 2426 1547 2497 Corpus
1585 2435 1641 2481 et
1672 2441 1966 2496 personam

380 2523 598 2580 invidia:
628 2521 841 2586 tribuit,
878 2536 1000 2592 quae
1033 2537 1128 2590 per
1177 2533 1238 2574 se
1275 2519 1581 2574 subsistere
1602 2519 1814 2588 nequit.
1845 2517 1963 2571 Non

378 2628 512 2683 ergo
543 2613 684 2666 hanc
731 2612 931 2665 malam
966 2609 1365 2665 dissolutionem
1411 2610 1569 2679 quasi
1609 2624 1826 2680 poenam
1870 2623 1968 2662 na-

381 2715 519 2760 turae
565 2705 817 2759 humanae
845 2702 1104 2759 inﬂictam
1137 2700 1383 2772 exponit,
1425 2700 1574 2770 quod
1606 2699 1968 2770 probabiliter

381 2798 568 2855 facere
607 2797 897 2869 potuisset.
949 2794 1042 2851 Sic
1073 2804 1256 2849 autem
1295 2794 1529 2864 loquens
1559 2794 1691 2865 quid
1733 2793 1839 2849 sibi
1873 2807 1968 2846 vo-

381 2891 548 2959 luerit
584 2889 796 2954 nescio,
842 2888 951 2943 nisi
988 2887 1127 2942 forte
1173 2887 1240 2941 ad
1273 2895 1482 2957 patrem
1513 2887 1731 2941 invidia:
1767 2886 1968 2939 alluse-

2132 1777 2269 1834 lbid.
2306 1781 2360 1835 6.
2409 1780 2547 1836 Mer‘
2584 1781 2820 1838 ἐκεῖνον
2858 1785 3040 1852 εὐθὺς
3072 1786 3396 1856 ἁριθμοῖτο.
3447 1790 3645 1855 οὐδεὶς

2062 1867 2174 1936 οὖν,
2208 1873 2391 1942 φησὶ-ν,
2421 1873 2646 1944 ἀμαθῶς
2666 1875 2839 1946 τούτῳ
2870 1879 2999 1949 περὶ
3026 1880 3332 1950 πρεσϐειῶν
3354 1881 3647 1953 ἀμφισϐη-

2063 1965 2274 2033 τήσειε·
2310 1965 2454 2035 μέγα
2475 1966 2532 2018 δὲ
2560 1967 2638 2037 τῷ
2663 1969 2886 2039 τοιούτῳ
2913 1971 2992 2042 τῷ
3021 1972 3150 2043 περὶ¹
3183 1973 3470 2043 πρωτείων
3494 1974 3650 2042 φιλο-

2064 2053 2353 2116 νεικοῦντι,
2399 2058 2817 2129 παραχωροῦντι
2849 2063 3136 2132 Καισαρίῳ
3164 2062 3232 2116 τὰ
3261 2065 3555 2136 πρεσϐεῖα,
3589 2055 3654 2118 ἐν

2063 2143 2176 2204 τοῖς
2199 2142 2470 2214 δευτέροις
2491 2145 2553 2198 τὸ
2595 2148 2880 2218 πρεσϐεῖον
2901 2149 3219 2221 λαμϐάνειν.

2068 2300 2082 2312 ⁵
2134 2231 2253 2286 Col.
2295 2233 2397 2288 764
2435 2235 2477 2288 Β
2517 2237 2568 2290 8.
2629 2237 2699 2292 'H
2732 2239 2850 2293 νῦν
2887 2242 3084 2309 κακῶς
3127 2243 3246 2297 ὑπὸ
3273 2244 3382 2298 τοῦ
3411 2246 3657 2314 φθόνου

2065 2310 2436 2378 διαλυθεῖσα.
2486 2321 2627 2386 Θέας
2670 2324 2796 2391 ἀξία
2838 2325 3068 2399 ξυνωρὶς
3097 2335 3164 2403 τῇ
3199 2336 3366 2406 μητρὶ
3394 2310 3653 2408 καθορώ-

2069 2430 2238 2482 μενοι,
2271 2415 2394 2484 ἥτις
2429 2413 2545 2474 νῦν.
2581 2417 2736 2488 φησὶ,
2768 2419 2983 2492 θανάτῳ
3003 2422 3106 2476 ὑπὸ
3131 2423 3224 2477 τοῦ
3255 2425 3452 2494 φθόνου
3483 2428 3652 2482 λέλυ-

2065 2519 2180 2557 ται.
2209 2504 2582 2573 Σωματοποιεί
2614 2507 2672 2559 δὲ
2713 2508 2806 2561 καὶ
2849 2515 3257 2580 προσωποποιεί
3291 2513 3382 2566 τὸν
3421 2515 3647 2583 φθόνον,

2066 2596 2300 2664 πρᾶγμα
2333 2595 2407 2667 μὴ
2440 2597 2564 2650 καθ’
2596 2599 2756 2652 ἑαυτὸ
2791 2600 3050 2670 συστῆναι
3081 2603 3399 2674 δυνάμενον.
3430 2609 3524 2681 Μὴ
3554 2606 3657 2663 οὖν

2065 2687 2126 2739 τὺ
2154 2687 2252 2757 τῆς
2277 2688 2493 2757 φύσεως
2515 2691 2786 2762 ἐπιτίμιον
2815 2693 2949 2758 τέως
2984 2696 3121 2766 ἔχων
3144 2699 3420 2754 αἰτιᾶσθαι
3449 2701 3513 2754 τὺ
3545 2718 3650 2757 κα-

2067 2778 2178 2839 κῶς
2195 2777 2314 2833 εἷπε
2343 2781 2587 2852 λυθῆναν
2603 2785 2703 2838 οὐκ
2725 2781 2821 2840 οἷδ’
2843 2789 3010 2849 ὅπως,
3037 2791 3069 2860 ἦ
3101 2789 3234 2863 (47⁸)
3262 2795 3334 2864 μή
3354 2811 3485 2848 ποτε
3509 2797 3648 2850 ἀνάο

2067 2886 2179 2937 γων
2210 2873 2290 2934 εἰς
2329 2872 2391 2925 τὸ
2432 2875 2786 2944 πρωτότυπον
2823 2878 2919 2932 τοῦ
2951 2879 3167 2948 φθόνου,
3207 2882 3380 2948 οὕτως
3406 2885 3512 2957 ἔφη
3539 2909 3555 2920 ο
3586 2888 3649 2952 ἐξ

376 2984 470 3038 rit.
504 2981 584 3035 Ex
615 2995 681 3036 eo
705 2980 850 3034 enim
893 2977 1096 3033 invidia
1130 2989 1185 3033 et
1211 2992 1381 3045 mors,
1413 2978 1614 3048 inquit,
1645 2992 1840 3048 nempe
1865 2975 1963 3031 Sa-

2071 2961 2294 3067 ἐκείνου.
2315 2964 2424 3034 γὰρ
2453 2965 2481 3017 ὃ
2519 2983 2578 3018 τε
2625 2967 2821 3035 φθόνος
2859 2971 2954 3024 καὶ
2990 2973 3019 3024 ὁ
3056 2970 3308 3039 θάνατος,
3342 2975 3513 3045 λέγει,
3546 2979 3651 3034 τοῦ

377 3081 508 3129 tana
542 3072 765 3127 invidiae
799 3077 977 3142 patre.

449 3184 561 3241 Kal
601 3185 820 3254 πρὸς...
857 3179 1180 3250 σταλῆναι.
1210 3179 1620 3242 Constantium,
1674 3179 1730 3233 ni
1781 3176 1964 3244 fallor,

376 3275 616 3343 indicat,
660 3275 728 3330 ad
753 3288 915 3345 quem
963 3274 1263 3334 absentem,
1289 3272 1568 3326 communi
1610 3278 1833 3326 senatus
1874 3270 1970 3324 de-

377 3377 535 3436 creto
567 3369 657 3423 hic
682 3367 896 3436 legatus
923 3364 1129 3420 missus
1159 3372 1266 3426 est,
1295 3370 1590 3434 rogaturus
1618 3371 1680 3417 ut
1708 3363 2002 3432 princepS'

376 3449 573 3513 civitas
597 3459 717 3511 viro
741 3456 1079 3510 eruditorum
1106 3453 1356 3524 principe
1376 3462 1694 3518 ornaretur,
1725 3453 1771 3508 si
1797 3453 1962 3508 modo

378 3549 638 3622 primaria
672 3561 862 3602 revera
899 3545 1036 3601 urbs
1057 3555 1112 3601 et
1144 3547 1366 3601 nomine
1412 3559 1515 3601 suo
1559 3546 1726 3616 digna
1776 3543 1966 3600 futura

380 3647 549 3697 esset.

450 3750 821 3822 Evrtvxta...
856 3750 1096 3820 ἄλογος.
1127 3748 1284 3816 Quod
1314 3749 1522 3820 absque
1558 3748 1706 3803 omni
1732 3747 1966 3804 consilio

377 3853 434 3901 et
462 3844 857 3900 deliberatione
902 3840 1124 3905 accidit,
1171 3841 1278 3896 hoc
1312 3839 1606 3910 συντυχίαν
1636 3840 1830 3910 ἄλογον
1864 3839 1962 3892 καὶ

381 3936 624 3992 ἀναίτιον
663 3934 920 4004 (eventum
949 3932 1232 4002 fortuitum
1263 3932 1474 3986 ratione
1499 3940 1548 3986 et
1569 3947 1732 3985 causa
1755 3929 1960 4002 carens)

380 4028 638 4100 appellat.
676 4027 754 4081 Ad
787 4025 840 4080 id
883 4041 1058 4096 genus
1095 4025 1392 4096 pertinent,
1427 4039 1787 4095 quaecumque
1829 4022 1964 4078 faci-

379 4133 502 4174 mus
527 4117 676 4172 nullo
703 4117 771 4172 de
802 4115 887 4172 his
924 4115 1060 4170 inito
1092 4114 1347 4178 consilio,
1383 4115 1530 4169 nulla
1564 4114 1762 4186 praevia
1790 4114 1963 4170 medi-

2070 3053 2160 3107 τὸν
2193 3054 2386 3123 φθόνον
2419 3059 2807 3130 γεγεννηκότος
2837 3063 3032 3118 Σατᾶν.

2138 3170 2273 3224 Ibid.
2313 3170 2354 3225 C
2378 3174 2429 3228 4.
2461 3172 2573 3226 Καὶ
2601 3172 2750 3241 πρὸς
2771 3175 3036 3239 βασιλέα
3055 3181 3381 3247 πρεσϐείαν
3411 3181 3654 3256 στα.ιῆ-

2064 3279 2187 3316 ναι.
2234 3257 2424 3334 Οἶμαι,
2458 3266 2838 3320 Κωνστάντιον
2885 3268 3055 3337 λέγει,
3099 3273 3174 3344 μὴ
3209 3274 3453 3344 παρόντα
3505 3278 3646 3347 μέν·

2064 3351 2173 3405 ἀπὸ
2226 3351 2284 3406 δὲ
2341 3354 2522 3407 κοινοῦ
2581 3355 2850 3426 δόγματος
2900 3360 3245 3432 συγκλήτου,
3295 3365 3655 3439 πρεσϐευτὴν

2064 3443 2256 3499 τοῦτον
2285 3445 2570 3517 σταλῆναι,
2604 3447 2744 3502 ὥστε
2768 3449 2868 3521 τὴν
2903 3451 3124 3524 πρώτην
3151 3454 3301 3508 πόλιν
3327 3455 3405 3526 τῷ
3433 3458 3648 3530 πρώτῳ

2065 3535 2173 3590 τῶν
2200 3536 2400 3605 σοφῶν,
2423 3538 2598 3592 εῐτουν
2622 3540 2928 3611 Καισαρῑῳ,
2953 3543 3315 3615 κοσμηθῆναι,
3343 3549 3391 3599 εἰ
3414 3548 3655 3621 πρώτην

2064 3627 2141 3690 ὡς
2167 3627 2384 3699 άληθῶς
2415 3624 2553 3682 εἶναι
2583 3629 2684 3693 δεῖ,
2713 3632 2807 3684 καὶ
2829 3632 2930 3704 τῆς
2968 3634 3284 3705 ἐπωνυμίας
3313 3637 3495 3703 ἀξίαν.

2135 3742 2274 3797 Ibid.
2323 3743 2410 3799 M.
2446 3745 2751 3814 Συντυχία
2780 3764 2870 3812 τις
2913 3747 3127 3812 ἔδοξεν
3167 3748 3410 3820 ἄλογος.
3461 3751 3654 3825 Ὅπερ

2063 3832 2164 3886 οὐκ
2191 3833 2300 3887 ἀπὸ
2325 3832 2550 3907 γνώμης
2571 3837 2666 3889 καὶ
2687 3835 2886 3907 βουλῆς
2913 3838 3171 3907 γίγνοιτο,
3201 3839 3390 3904 ἁπλῶς
3413 3841 3472 3896 δέ
3495 3859 3649 3914 συμ-

2063 3925 2164 3979 ϐὰν
2193 3925 2388 3991 οὕτως.
2419 3927 2707 3998 συντυχίαν
2740 3929 2936 3999 ἄλογον
2967 3927 3086 3984 εἷπε
3115 3933 3209 3986 καὶ
3240 3934 3518 3989 ὰναίτιονυ
3547 3938 3651 3992 ὅσα

2062 4019 2172 4090 γὰρ
2226 4018 2300 4091 μὴ
2351 4021 2824 4091 μεριμνήσαντες,
2886 4023 3021 4093 μηδὲ
3076 4023 3649 4098 προϐουλευσάμενοι,

2060 4113 2250 4178 ἁπλῶς
2281 4113 2326 4166 δ’
2358 4112 2532 4177 οὕτως
2582 4114 2957 4186 ἐπιτύχοιμεν,
3011 4111 3120 4170 εἷεν
3149 4117 3214 4170 ἂν
3248 4118 3497 4185 τοιαῦτα,
3531 4117 3652 4178 οἷον

379 4211 605 4274 tatione,
637 4217 697 4263 ut
725 4208 794 4272 si,
838 4223 893 4262 ν.
937 4221 1014 4274 ο.,
1046 4205 1185 4260 nihil
1228 4205 1295 4260 de
1335 4203 1569 4260 emendo
1617 4204 1758 4260 libro
1804 4204 1960 4274 cogi-

377 4308 560 4355 tantes
597 4297 825 4371 egressi,
871 4297 1023 4352 illum
1071 4297 1232 4352 nobis
1279 4295 1502 4350 obvium
1541 4294 1750 4350 factum
1804 4310 1958 4350 ema-

377 4409 536 4448 mus:
557 4393 669 4447 haec
689 4391 912 4446 fortuita
936 4395 1088 4453 sunt,
1117 4387 1207 4442 hic
1232 4394 1316 4443 est
1355 4402 1535 4443 caecus
1563 4402 1749 4442 casus.
1775 4386 1958 4459 Spon-

2071 4388 2123 4440 τὸ
2165 4387 2471 4456 αὐτόματον
2501 4385 2560 4438 δὲ
2609 4387 2854 4451 σπάνιον,
2895 4388 2988 4441 καὶ
3034 4389 3213 4459 πάσης
3252 4389 3450 4459 τέχνης
3486 4371 3652 4457 ἐκτὸς

376 4490 537 4537 tanea
569 4497 700 4536 vero
719 4479 1040 4551 (αὐτόματα)
1062 4493 1216 4543 raro,
1248 4477 1641 4548 inopinatoque
1665 4486 1718 4533 et
1745 4479 1958 4550 absque

2071 4481 2154 4532 καὶ
2206 4478 2558 4549 προσδοκίας.
2592 4473 2738 4543 Οἷον,
2774 4479 3003 4550 σεισμοῦ
3036 4481 3342 4549 γεγονότος,
3387 4482 3446 4550 ἐξ
3479 4483 3650 4555 ὅρους

375 4571 526 4626 omni
573 4579 690 4626 arte
743 4583 1005 4625 causante
1058 4568 1359 4623 ﬁunt:Sie
1406 4585 1462 4622 ν.
1495 4583 1547 4623 c.
1595 4579 1756 4624 terra:
1805 4578 1955 4626 motu

2071 4573 2204 4626 λίθον
2231 4573 2562 4642 σπασθῆναι,
2594 4571 2767 4626 θὼκου
2801 4571 2971 4626 τύπον
2999 4572 3190 4643 ἔχοντα
3211 4589 3225 4603 ·
3257 4568 3348 4627 οἷά
3377 4591 3500 4628 τινα
3545 4578 3649 4631 καὶ

378 4662 544 4728 facto,
593 4677 786 4716 saxum
825 4661 1080 4716 evellitur
1123 4659 1314 4716 sedilis
1358 4659 1586 4730 ﬁguram
1635 4662 1869 4728 habens,
1902 4673 1957 4720 et

2071 4663 2310 4716 τοιαῦτα·
2338 4662 2541 4716 σπάνια
2565 4662 2610 4714 δ’
2638 4663 2788 4732 ὅμως
2815 4663 2910 4716 καὶ
2932 4661 3032 4732 οὐχ
3053 4662 3127 4725 ὡς
3143 4661 3235 4714 ἐπὶ
3265 4662 3398 4717 πολὺ
3419 4665 3643 4736 ὁρᾶται.

375 4752 483 4805 alia
519 4751 569 4806 id
603 4767 794 4821 genus,
829 4766 951 4821 quae
982 4750 1074 4806 vix
1110 4750 1278 4805 semel
1309 4759 1363 4804 et
1394 4749 1592 4804 iterum
1628 4753 1956 4822 conspicere

2071 4751 2181 4806 Γῶν
2203 4752 2260 4807 δὲ
2286 4753 2621 4824 συντυχικῶν
2652 4753 2728 4817 ὡς
2758 4753 2850 4805 ἐπὶ
2881 4752 3131 4806 πλεῖστον
3155 4755 3188 4824 ἡ
3215 4755 3513 4825 σύμϐασις,
3545 4757 3648 4810 καὶ

373 4842 555 4898 datur.
583 4842 693 4899 Res
719 4858 848 4899 vero
894 4843 1129 4897 fortuitae
1145 4843 1344 4912 saepius
1371 4849 1688 4904 occurrunt,
1712 4841 1942 4913 illasque

2071 4846 2254 4916 τέχνης
2285 4846 2380 4898 καὶ
2401 4843 2728 4916 προσδοκίας
2743 4845 2911 4912 ἐγγὺς
2937 4846 3032 4898 καὶ
3057 4844 3217 4913 φύσει
3238 4847 3338 4900 οὐκ
3356 4846 3652 4902 ἀδύνατον.

373 4933 667 5004 aliquando
699 4935 780 4990 sic
824 4934 1221 5004 exspectationi
1264 4941 1466 4991 nostra
1518 4937 1850 5006 respondere
1897 4940 2163 5008 possibile
2199 4947 2306 5006 est,
2359 4947 2418 4992 ut
2469 4946 2640 4993 artem
2697 4939 2991 5009 quamdam
3025 4940 3082 4995 in
3112 4956 3283 4997 causa
3312 4941 3520 4999 habere
3556 4944 3648 4999 vi-

371 5024 626 5079 deantur.

2060 4207 2109 4258 εὶ
2140 4205 2419 4277 προϊόντες
2447 4207 2521 4276 μὴ
2548 4207 2748 4259 σκοπδν
2779 4207 2962 4278 βίϐλον
2989 4207 3264 4272 ὠνεῖσθαι,
3295 4210 3652 4282 ἐπιτυχόντες

455 5132 508 5185 ’0
572 5131 771 5186 πάντα
803 5134 1100 5202 Καισαρίᾳ)
1139 5135 1357 5201 πολύς.
1409 5134 1468 5190 In
1529 5135 1814 5199 omnibus,
1857 5138 1943 5192 in-

2121 5137 2241 5193 Col.
2261 5137 2366 5191 765
2387 5137 2426 5190 Δ
2461 5136 2514 5190 8.
2541 5136 2604 5190 '0
2627 5136 2824 5192 πάντα
2847 5139 3152 5207 Καισαρίᾳ)
3179 5141 3391 5206 πολύς.
3416 5140 3478 5194 '0
3499 5142 3645 5196 κατὶ

369 5223 509 5294 quit,
543 5222 844 5278 honoratus
879 5239 980 5294 ego
1010 5233 1068 5279 et
1095 5224 1259 5289 πολύς
1290 5225 1558 5297 (multus),
1610 5227 1663 5280 id
1713 5237 1800 5281 est
1834 5244 1948 5282 ma-

2071 5230 2256 5294 ιιάντα,
2276 5229 2430 5299 φησὶ,
2457 5228 2636 5299 τίμιος
2659 5227 2791 5297 ἐγὼ,
2821 5231 2915 5282 καὶ
2944 5231 3133 5294 πολὺς,
3159 5231 3333 5284 εἶτουν
3351 5231 3544 5301 μέγας.
3561 5233 3643 5288 ὡς

368 5332 532 5385 gnus.
568 5316 835 5384 siquidem
872 5318 928 5371 in
959 5317 1152 5387 majori
1197 5318 1373 5388 pretio
1415 5333 1504 5373 me
1542 5333 1708 5389 quam
1755 5335 1946 5376 omnes

2071 5321 2264 5382 ιύδενὸς
2294 5319 2488 5388 ἐκεινῳ
2543 5319 2872 5393 τιμιωτέρου
2919 5320 3071 5386 ὄντος
3126 5321 3284 5393 ἐμοῦ,
3311 5322 3406 5376 καὶ
3435 5320 3642 5376 πολλοῦ

369 5407 508 5466 alios
531 5407 767 5463 habebat
795 5415 851 5464 et
887 5409 1068 5479 magni
1107 5407 1361 5464 iaciebat.

2071 5412 2206 5478 tEiou
2236 5412 2615 5482 τυγχάνοντοςι

447 5581 566 5648 (4'7)
602 5582 733 5639 Vide
760 5583 922 5649 infra,
955 5584 1022 5639 ad
1062 5584 1363 5640 orationem
1388 5585 1475 5652 41,
1510 5586 1560 5639 in
1589 5585 1948 5644 Pentecosten.

373 5649 414 5704 Ε
447 5591 566 5702 ('47)
607 5591 733 5639 Vide
760 5591 922 5649 infra,
955 5591 1022 5639 ad
1062 5591 1363 5640 orationem
1388 5591 1475 5652 41,
1510 5591 1560 5639 in
1589 5591 1948 5644 Pentecoste".

422 5667 448 5702 n
480 5667 533 5704 τ.

2121 5591 2253 5662 (ιτ)
2295 5591 2497 5647 Forsan
2529 5591 2631 5666 leg.
2662 5592 2732 5646 εἰ.

2061 4295 2106 4348 δ’
2135 4294 2523 4365 ὠνησαιμεθα·
2558 4293 2770 4366 τυχηρὰ
2797 4295 2973 4350 ταῦτα
3008 4297 3095 4350 καὶ
3129 4297 3322 4366 ἄλογος
3351 4302 3647 4372 συντυχία·
3742 4293 3747 4298 ’
