3872 6222
417 279 553 339 ΗΜ

1805 281 2051 340 BASILII
2091 281 2312 338 MINIMI

3534 294 3672 350 1192

409 403 726 476 ἀθετήσεως
778 421 968 463 eooem
1027 423 1192 464 sensu
1239 423 1303 464 ac
1341 409 1429 463 διὰ
1473 409 1593 482 τὴν.
1617 455 1626 463 .
1647 448 1662 462 .
1710 407 1986 478 ἀθέτησιν)
2015 405 2064 463 Α
2090 403 2236 470 στοῦ,
2263 406 2358 459 καί⁹
2394 405 2517 459 καθ’
2545 405 2741 460 ἐαυτοῦ
2773 407 3027 477 ἐμαίνετο
3048 408 3289 480 πρῶτον,
3317 411 3549 475 καὶτοῖς
3573 413 3688 467 ἀλα.

409 495 750 561 insaniisset,
788 497 902 567 jam
942 498 1067 554 aliis
1115 513 1335 569 quoque
1372 500 1554 570 gravis
1597 507 1718 554 erat
1747 506 1802 554 et
1839 500 1985 553 into-

408 582 678 649 lerabilis,
723 588 1092 657 persecutioni
1140 589 1496 644 humanitatis
1548 589 1755 643 larvam
1806 589 1984 658 impo-

407 691 570 732 nens.
603 676 722 732 Non
753 687 1075 734 ceterorum
1107 680 1254 734 enim
1287 679 1493 736 Christi
1515 679 1756 736 hostium
1787 687 1842 733 et
1866 693 1986 748 per-

409 778 724 823 secutorum
784 770 841 824 in
892 769 1111 825 modum
1169 785 1366 840 magno
1421 770 1606 826 animo
1650 771 1980 840 impietatem

408 857 693 929 professus
717 868 822 923 est,
855 876 1030 931 neque
1063 877 1184 917 eam
1226 864 1282 917 in
1312 877 1371 918 se
1410 863 1586 933 palam
1623 863 1902 932 suscipere
1929 868 1984 916 et

407 936 759 1004 manifestare
787 959 871 1005 est
901 967 1092 1007 ausus.

474 1039 583 1095 Kal
611 1042 677 1094 τὸ
703 1042 820 1110 μὲν
843 1042 1096 1110 πρῶτον.
1144 1041 1256 1097 Hoc
1289 1042 1525 1114 primum
1574 1041 1864 1097 artificium
1891 1057 1986 1097 ex-

406 1133 684 1202 cogitavit,
717 1139 776 1185 ut
825 1132 918 1201 qui
953 1130 1160 1187 Christi
1214 1147 1380 1188 causa
1432 1133 1781 1202 patiebantur
1825 1132 1984 1203 (illud

405 1224 552 1277 enim
586 1223 959 1278 honorabilius
991 1227 1131 1294 erat)
1184 1239 1278 1278 eos
1327 1232 1585 1293 tanquam
1642 1224 1985 1280 facinorosos

404 1312 651 1366 cruciatu
687 1312 942 1375 alliceret,
999 1312 1362 1382 improbitatis
1408 1323 1588 1367 notam
1641 1313 1750 1369 illis
1811 1314 1988 1382 impo-

404 1420 564 1459 nens.
593 1407 861 1468 Alterum,
887 1404 1032 1474 quod
1071 1405 1343 1460 neminem
1383 1406 1666 1476 tyrannice
1689 1407 1984 1461 violenter-

403 1510 510 1565 que
537 1493 608 1548 ad
637 1496 969 1564 apostasiam
1009 1495 1378 1564 compelleret,
1434 1495 1530 1551 sed
1575 1497 1985 1565 persuasionem

404 1593 615 1639 tantum
645 1585 1142 1654 multiformemque
1171 1593 1225 1641 et
1261 1585 1511 1641 dolosunt
1551 1602 1860 1642 sermonum
1893 1603 1987 1656 ap-

403 1687 651 1748 paratum
699 1677 1017 1744 adhiberet;
1051 1677 1209 1747 cujus
1253 1678 1538 1733 sibilorum
1579 1679 1745 1734 variis
1779 1679 1983 1733 lenoci-

2084 498 2196 561 λοις
2225 497 2326 570 ἤδη
2351 498 2624 570 ἀφόρητος
2647 494 2716 571 ἦν
2744 500 2840 553 καὶ
2865 500 3108 570 ἐπαχθής
3131 517 3145 530 °
3179 502 3272 555 καὶ
3310 502 3670 556 ύποκλέπτων

2083 589 2141 640 ἐν
2164 587 2440 659 πλάσματι
2467 589 2762 653 ἐπιεικείας
2777 590 2868 643 τὸν
2893 590 3153 661 διωγμόν.
3182 591 3316 645 Οὐδὲ
3355 592 3501 645 κατά
3540 595 3670 657 τοὺς

2083 676 2274 742 ἀλλους
2288 678 2700 750 Χριστομάχους
2731 678 2828 731 καὶ
2854 675 3113 744 διώκτας,
3149 677 3545 748 μεγαλοψύχως
3571 681 3671 732 καὶ

2083 767 2396 840 περιφανῶς
2455 769 2632 840 ἑαυτῷ
2691 769 3096 840 περιεγράφετο
3142 769 3242 839 τὴν
3282 769 3543 823 ἀσέϐειαν
3588 771 3674 833 εἰς

2082 859 2411 929 τούμφανὲς,
2435 859 2554 913 ούδέ
2577 861 2657 923 εἰς
2687 859 2878 914 ἑαυτὸν
2899 858 3026 930 ὅλην
3049 858 3148 929 τὴν
3188 857 3447 912 ἀσέϐειαν
3475 858 3672 930 ἀριδη-

2083 951 2191 1015 λως
2217 950 2445 1006 ἐδείκνυ.

2153 1041 2272 1095 Col.
2309 1040 2412 1096 769
2445 1042 2490 1094 A
2523 1041 2576 1096 Ι.
2605 1039 2716 1095 Καί
2734 1039 2800 1094 τὸ
2817 1039 2935 1109 μὲν
2955 1038 3212 1108 πρῶτον.
3237 1037 3410 1093 Τοῦτο
3429 1037 3671 1108 πρῶτον

2085 1131 2358 1202 σοφίζεται
2398 1133 2493 1186 καὶ
2529 1132 2866 1203 τεχνάζεται,
2914 1131 2976 1184 τὸ
3030 1130 3381 1199 πάσχοντας
3414 1133 3500 1196 ὡς
3529 1134 3672 1200 Χριο

2083 1223 2367 1290 στιανοὺς
2391 1224 2559 1293 (τουτὶ
2593 1225 2702 1294 γὰρ
2721 1223 2783 1276 τὸ
2810 1223 3262 1297 προυργιαίτερον
3291 1218 3380 1294 ἦν)
3400 1222 3479 1286 ὼς
3504 1223 3672 1292 δῆθεν

2085 1316 2454 1383 κακούργους
2485 1313 2857 1377 κολάζεσθαι,
2889 1315 3158 1386 πρόφασιν
3180 1312 3520 1384 κακουργίας
3546 1312 3674 1366 τού-

2084 1422 2200 1470 τοις
2227 1405 2507 1470 ἐπιτιθείς.
2554 1404 2815 1477 Δεύτερον
2869 1405 2928 1458 δέ
2963 1406 3242 1476 τέχνασμα
3285 1404 3556 1475 δηλονότι,
3601 1405 3669 1456 ού

2086 1495 2396 1566 τυραννίδος
2433 1496 2527 1548 καὶ
2578 1494 2734 1564 βίας,
2791 1494 2927 1548 ἀλλά
2997 1493 3220 1556 πειθοῦς
3269 1493 3520 1564 ὀνόματι,
3566 1491 3666 1545 καὶ

2086 1587 2265 1656 λόγοις
2317 1587 2580 1650 ποικίλοις
2635 1587 2730 1640 καὶ
2780 1585 3079 1657 ἀπατηλοῖς
3125 1585 3332 1640 πείθειν
3363 1586 3667 1656 ἐπεχείρει,

2091 1679 2185 1732 καὶ
2239 1677 2467 1740 πλοκαῖς
2504 1680 2598 1730 καὶ
2626 1676 2933 1747 σκολιότησι
2971 1676 3082 1730 τῶν
3127 1677 3335 1729 ἐκείνου
3376 1676 3666 1748 ωριγμῶι

403 1739 511 1824 hiis
537 1769 730 1824 cedere
768 1739 1013 1823 athletas
1041 1739 1247 1823 Christi
1297 1768 1447 1824 vafer
1473 1785 1700 1839 serpens
1731 1769 1972 1839 cogebat.

2081 1774 2110 1826 ὁ
2142 1770 2354 1834 σκολιὸς
2402 1771 2523 1839 ὄφις
2571 1739 2881 1838 ἠνάγκαζεν
2930 1769 3196 1840 ἡττᾶσθαι
3232 1770 3357 1833 τοὺς
3393 1739 3663 1839 ἀθλητὰς.

399 1858 594 1934 [Magis
634 1860 777 1917 enim
826 1860 1088 1930 prolicere
1139 1860 1244 1915 sibi
1287 1861 1574 1915 videbatur
1621 1858 1895 1933 Julianus]
1931 1862 1979 1917 si

400 1953 696 2008 Christiani
732 1960 926 2024 sponte
952 1951 1284 2021 impietatem
1327 1953 1808 2022 amplecterentur,
1839 1953 1980 2007 infa-

401 2044 567 2098 miam
601 2043 728 2100 inde
750 2044 1158 2109 contrahentes,
1189 2058 1353 2113 quam
1391 2044 1437 2098 si
1477 2043 1532 2098 id
1564 2043 1792 2114 periculi
1829 2052 1977 2099 metu

401 2135 666 2190 facerent.

469 2227 582 2282 Kal
631 2228 810 2298 λόγῳ.
838 2265 892 2282 ..
950 2228 1233 2283 δυνατόν.
1288 2225 1582 2298 Promptus
1644 2234 1699 2282 et
1752 2235 1976 2297 paratus

399 2321 599 2376 athleta
627 2329 765 2384 erat,
813 2335 977 2390 opere
1009 2329 1063 2375 et
1110 2334 1364 2376 sermone
1413 2321 1658 2375 munitus
1711 2319 1976 2376 adversus

399 2412 609 2467 hostem
664 2411 720 2466 in
765 2417 999 2481 utroque
1037 2426 1234 2482 genere
1285 2411 1599 2480 pollentem.
1646 2408 1766 2465 1.1m
1826 2411 1974 2466 enim

398 2503 610 2558 dixerat
631 2511 923 2576 tyrannum
953 2505 1185 2558 multum
1211 2517 1333 2558 esse
1357 2502 1412 2557 in
1441 2503 1610 2558 armis
1635 2513 1690 2559 et
1718 2519 1972 2575 magnum

399 2595 456 2650 in
490 2595 705 2651 dicendi
750 2596 1024 2662 facultate,
1050 2596 1316 2651 adversus
1353 2610 1475 2666 quae
1504 2595 1763 2651 athletam
1810 2610 1971 2651 suum

395 2687 630 2742 armavit
659 2685 912 2742 Christus
935 2702 1190 2743 sermone
1212 2697 1268 2743 et
1295 2687 1493 2742 virtute
1521 2687 1753 2743 cmlesti.
1783 2687 1972 2756 Λόγων

395 2785 578 2832 autem
605 2777 896 2849 οἰκειότητι
923 2777 1256 2850 προσαίνειν,
1291 2775 1344 2832 id
1405 2785 1490 2832 est
1521 2775 1734 2831 adulari
1769 2774 1972 2848 [Caesa-

396 2866 562 2941 rium]
596 2869 754 2939 quasi
801 2869 908 2924 sibi
943 2871 1328 2925 communione
1371 2869 1697 2938 eloquentia:
1746 2868 1970 2937 conjun-

394 2965 543 3014 ctum
590 2959 700 3030 (ὡς
754 2959 934 3029 λόγοις
988 2960 1334 3031 ᾤκειωμένον
1378 2961 1562 3034 αὐτῷ)
1622 2970 1678 3017 et
1727 2961 1969 3017 scientiae

2079 1863 2154 1926 ὡς
2193 1861 2260 1915 ἂν
2299 1861 2634 1932 αὐθαιρέτως
2673 1859 2836 1930 δῆθεν
2867 1859 3176 1932 χωροῦντας
3209 1858 3344 1932 (50‘)
3376 1858 3519 1927 πρὸς
3561 1859 3665 1929 τὴν

2079 1954 2364 2019 ἀσέϐειαν,
2411 1953 2596 2025 μεῖζον
2712 1952 2806 2006 τοῦ
2853 1951 3101 2006 κινδύνου
3141 1952 3206 2005 τὸ
3243 1951 3343 2022 τῆς
3395 1949 3668 2022 αἰσχύνης

2079 2045 2282 2109 αὐτοῖς.

2148 2222 2286 2279 Ibid.
2327 2221 2371 2276 Β
2403 2220 2804 2291 ll.Kal.to’1-rp
2835 2220 2935 2274 και
2965 2219 3118 2288 tm
3145 2218 3296 2288 πρὸς
3321 2218 3429 2272 τὸν
3458 2218 3532 2271 ἐν
3559 2219 3672 2288 ἀμ·

2074 2317 2348 2386 φοτέροις
2379 2315 2662 2369 δυνατόν.
2696 2311 2989 2381 Ἀθλητὴς
3015 2311 3248 2381 ἕτοιμος
3265 2306 3346 2378 ἦν
3365 2309 3468 2363 καί
3496 2311 3670 2380 ,πότῳ

2075 2407 2173 2460 καὶ
2199 2407 2352 2475 ἔργῳ
2394 2405 2780 2476 πεφραγμένος
2833 2403 2983 2472 πρὸς
3038 2401 3147 2456 τὸν
3185 2401 3256 2455 ἐν
3299 2401 3669 2470 ἀμφοτέροις

2073 2498 2353 2551 δυνατόν.
2391 2498 2530 2568 Ἤδη
2561 2497 2668 2568 γάρ
2695 2496 2790 2549 καὶ
2810 2498 2877 2566 τῇ
2907 2495 3016 2548 τῶν
3049 2494 3223 2563 λόγων
3252 2493 3520 2564 δεινότητι
3563 2494 3668 2564 μὲ-

2072 2603 2175 2656 γαν
2195 2587 2288 2641 τὸν
2316 2586 2577 2660 τύραννον
2601 2581 2743 2652 εἶπε,
2775 2587 2870 2639 καὶ
2891 2587 2958 2655 τῇ
2989 2583 3099 2638 τῶν
3120 2582 3301 2636 ὅπλων
3325 2582 3554 2653 πληθύῖ,
3577 2577 3666 2646 οἷς

2072 2677 2167 2730 καὶ
2195 2677 2284 2730 τὸν
2309 2675 2546 2748 ἀθλητὴν
2578 2675 2816 2730 ὥπλισεν
2835 2673 2978 2744 λόγῳ
3003 2674 3097 2727 καὶ
3127 2673 3250 2744 θεία
3271 2672 3500 2744 δυνάμει
3521 2673 3666 2744 Χρι-

2073 2768 2215 2831 στός.
2239 2768 2427 2836 Λόγων
2458 2767 2514 2821 δέ
2529 2768 2842 2834 οἰκειότητι
2871 2765 3187 2836 προσαίνειν
3209 2764 3352 2834 (51),
3381 2763 3659 2820 τουτέστι.

2070 2859 2406 2924 κολακεύειν,
2461 2857 2538 2922 ὡς
2582 2857 2762 2925 λόγοις
2814 2856 3163 2930 ᾠκειωμένον
3207 2853 3354 2925 αύτῷ
3403 2854 3500 2907 καὶ
3553 2854 3662 2907 οὐκ

2069 2952 2275 3024 ἀμαθῆ,
2309 2949 2649 3025 περιχαίρων
2698 2948 2791 3001 καὶ
2841 2946 3344 3020 χαριεντιζόμενος·
3397 2940 3519 2998 εἶτα
3562 2947 3660 2999 καὶ

394 3063 504 3105 non
573 3060 882 3120 expertem,
930 3050 1094 3122 idque
1162 3052 1489 3108 exsultando
1555 3059 1609 3109 et
1660 3053 1966 3125 gloriando.

2079 3041 2478 3111 δεδιττόμενος
2504 3040 2664 3094 πάλιν
2698 3043 2764 3110 τῇ
2789 3039 3026 3110 ἐξουσίᾳ.

463 3141 573 3196 Kal
595 3142 708 3213 γὰρ
736 3141 835 3197 καί
859 3142 1128 3214 λογικάς.
1167 3142 1328 3200 Modo
1360 3147 1665 3215 expositum
1701 3153 1806 3213 est,
1845 3161 1969 3216 qua:

392 3232 461 3289 ad
483 3233 712 3303 logicam
749 3235 1044 3304 pertinent,
1076 3236 1227 3291 circa
1253 3235 1757 3293 demonstrationes
1779 3245 1834 3292 et
1859 3238 1969 3310 syl-

393 3325 650 3395 logismos
683 3326 911 3381 versari.
949 3325 1049 3381 Hic
1099 3343 1232 3382 vero
1265 3327 1371 3382 loci
1405 3328 1630 3396 λογικάς
1677 3327 1815 3383 dixit
1868 3344 1969 3399 pro

391 3415 732 3480 διαλεκτικὰς
752 3419 834 3472 vel
855 3419 1191 3488 σοφιστικὰς·
1226 3421 1518 3476 nonnullas
1548 3421 1694 3474 enim
1725 3422 1968 3492 argutias

389 3509 786 3578 ambitiosaque
821 3510 988 3565 verba
1023 3512 1317 3583 signiﬁcat.

466 3600 538 3654 Τὸ
590 3601 946 3670 περιϐόητον
968 3603 1166 3658 τοῦτο.
1194 3602 1411 3672 Quale?
1453 3601 1593 3658 Illud
1639 3603 1885 3659 scilicet:
1921 3602 1968 3660 ο

390 3691 595 3762 felicem
621 3700 824 3759 patrem
848 3691 1084 3764 !inquit,
1116 3694 1426 3750 felicitatem
1448 3695 1638 3750 talium
1668 3695 1966 3751 liberorum

390 3783 564 3856 patris
591 3781 906 3853 admirans;
937 3787 1057 3853 sed,
1077 3786 1122 3844 ο
1147 3787 1382 3858 infelices
1403 3789 1867 3853 liberos!addidit,
1899 3791 1968 3846 ad

389 3879 646 3948 pietatem
695 3874 906 3932 scilicet
943 3876 1248 3948 respiciens
1303 3893 1470 3949 quam
1505 3879 1709 3950 impius
1740 3880 1834 3936 ille
1882 3879 1969 3934 in-

391 3971 670 4030 felicitatis
694 3972 871 4029 instar
892 3971 1167 4038 habebat;
1199 3977 1428 4041 propter
1441 3985 1606 4042 quam
1634 3980 1818 4028 tamen
1847 3969 1967 4026 Ca:-

390 4065 597 4119 sarium
629 4065 960 4120 honoratum
1004 4061 1178 4119 fuisse
1218 4062 1316 4128 ait,
1347 4061 1661 4133 ignominia:
1705 4071 1761 4119 et
1793 4063 1968 4120 beatae

390 4155 735 4212 infelicitatis
764 4171 890 4212 cum
921 4155 1092 4210 fratre
1119 4154 1441 4226 participem
1497 4155 1737 4212 factum:
1790 4157 1967 4228 magis

388 4247 536 4304 extim
566 4247 718 4302 illum
743 4247 839 4302 tali
859 4247 1125 4304 dedecore
1146 4247 1454 4302 nobilitavit
1477 4244 1776 4322 [Julianus]
1801 4263 1964 4319 quam

391 4339 438 4397 si
466 4354 591 4394 cum
624 4338 746 4409 ipso
795 4338 1072 4394 fortunam
1120 4353 1276 4396 suam
1331 4337 1734 4409 participasset.
1792 4337 1967 4402 Exsul

2141 3133 2278 3188 Ibid.
2307 3133 2395 3188 is.
2442 3131 2554 3186 Kal
2598 3130 2711 3200 γὰρ
2738 3131 2836 3183 και
2886 3127 3157 3198 λογικάς.
3191 3127 3265 3181 οὐ
3316 3126 3425 3197 πρὸ
3452 3125 3658 3180 πολλοῦ

2069 3227 2199 3299 περὶ
2225 3224 2332 3279 τῶν
2359 3223 2593 3294 λογικῶν
2605 3225 2736 3294 ἡμῖν
2768 3220 3082 3292 ἐσημειώθη
3101 3237 3117 3252 ο
3148 3220 3224 3284 ὡς
3258 3219 3659 3289 συλλογισμοὺς

2068 3321 2164 3376 καὶ
2209 3317 2514 3382 ἀποδείξεις
2567 3315 2896 3371 αἰνίττεται·
2931 3310 3279 3374 διαλεκτικὰς
3315 3311 3394 3375 δὲ,
3425 3311 3529 3373 τάς
3560 3327 3656 3363 σο-

2069 3414 2353 3486 φιστικὰς·
2407 3413 2672 3481 στροφὰς
2721 3409 2834 3481 γάρ
2885 3425 3038 3472 τινας
3085 3407 3181 3460 καὶ
3228 3403 3445 3477 κομψάς
3479 3404 3657 3470 λέξεις

2187 3504 2348 3559 αίνει.

2070 3523 2402 3653 σηὲἓίῗῗίιε
2440 3594 2486 3649 Α
2542 3593 2595 3648 8.
2633 3593 2704 3647 Τὸ
2737 3592 3087 3660 περιϐόητον
3113 3589 3309 3644 τοῦτο.
3350 3588 3551 3652 Ποῖονς
3581 3587 3658 3640 Τὸ

2067 3688 2115 3742 ὢ
2162 3687 2386 3756 πατρὸς
2431 3685 2728 3754 εὐτυχοῦς
2751 3701 2766 3717 ο
2805 3685 2906 3754 τῆς
2953 3681 3207 3753 εὐτυχίας
3236 3679 3332 3736 καὶ
3361 3679 3656 3741 εὐπαιδίας

2069 3775 2747 3851 θαυμάζεινοδυστυχῶν
2793 3775 2862 3830 δὲ
2891 3773 3121 3828 παίδων
3162 3773 3324 3827 πάλιν
3371 3773 3531 3843 φησὶ,
3565 3771 3655 3826 διὰ

2067 3871 2168 3943 τὴν
2208 3869 2512 3934 εὐσέϐειαν,
2540 3868 2607 3938 ἢν
2660 3866 2952 3937 δυστυχίαν
2980 3865 3010 3917 ὁ
3046 3862 3313 3934 δυσσεϐὴς
3352 3863 3651 3922 ἀπεκάλει,

2069 3964 2130 4017 ἐν
2222 3961 2318 4016 καὶ
2364 3960 2539 4032 τιμῆς
2587 3957 2852 4028 ἠξιῶσθαι
2881 3957 3104 4028 φάσκει,
3130 3959 3196 4028 τῇ
3253 3953 3512 4026 κοινωνίᾳ
3548 3955 3653 4023 τῆς

2065 4053 2162 4108 τοῦ
2196 4052 2428 4122 ἀδελφοῦ
2479 4049 2741 4121 εὐτυχοῦς
2804 4049 3100 4120 δυστυχίας
3153 4049 3248 4102 καί⁵
3279 4045 3528 4117 ἀτιμίας.
3572 4047 3652 4116 Τῇ

2066 4145 2177 4218 γὰρ
2219 4145 2443 4217 τοιαύτῃ
2493 4143 2705 4215 ἀτιμίᾳ,
2751 4143 2918 4215 τιμῆς
2958 4143 3191 4214 μάλιστα
3228 4143 3296 4212 τῇ
3341 4141 3441 4211 τῆς
3476 4140 3650 4210 τύχης

2067 4236 2325 4308 κοινωνίᾳ
2371 4235 2592 4306 ἠξίωσε.
2635 4233 2836 4304 Φυτὰς
2879 4229 2972 4287 οὖν
3014 4235 3048 4287 ὁ
3097 4230 3388 4302 μακάριος
3439 4229 3651 4284 ἐκεῖθεν

2067 4330 2218 4398 πρὸς
2247 4325 2403 4398 ἡμᾶς
2425 4327 2723 4396 ἐπανήκειο
2758 4324 3153 4394 τροπωοῦχός
3175 4339 3235 4376 τε
3274 4321 3374 4376 καί
3403 4337 3647 4390 περιφα-

389 4447 522 4503 ergo
549 4404 754 4498 beatus,
785 4431 985 4502 inquit,
1020 4429 1093 4502 ad
1123 4448 1217 4486 nos
1265 4404 1423 4495 redit,
1474 4404 1674 4499 tropwo
1717 4441 1960 4496 ornatus,

2079 4420 2351 4488 νέστερος
2371 4418 2485 4488 τὴν
2507 4419 2746 4488 ἀτιμίαν
2771 4417 2995 4488 ταύτην,
3035 4415 3187 4488 παρά
3211 4413 3309 4486 τὴν
3343 4412 3437 4468 τοῦ
3458 4411 3648 4467 λοιποῦ

390 4533 548 4593 atque
581 4523 643 4578 ob
673 4523 1208 4595 talem.ignominiam
1239 4523 1439 4578 clarior
1457 4540 1618 4594 quam
1650 4521 1714 4578 ob
1741 4522 1968 4594 reliqua:

389 4616 516 4670 vitae
541 4614 899 4684 splendorem.

459 4707 571 4763 Kal
601 4707 684 4773 ὡς
729 4705 934 4772 διδοὺς
975 4703 1218 4776 μᾶλλον
1265 4706 1460 4776 χάριν.
1515 4704 1811 4777 Postquam
1873 4721 1965 4763 res

389 4801 458 4855 ad
499 4799 847 4855 Christianos
894 4800 1188 4854 rediissent
1227 4813 1352 4852 cum
1402 4800 1642 4854 maximo
1673 4799 1882 4855 honore
1909 4808 1965 4855 et

388 4892 581 4963 gloria,
617 4891 816 4962 inquit,
855 4906 973 4943 cum
1024 4898 1148 4959 quot
1183 4898 1233 4943 et
1264 4890 1478 4959 quantis
1512 4889 1865 4944 testimoniis!
1906 4889 1964 4942 in

387 4987 566 5040 aulam
586 4999 806 5041 rursum
839 4991 1093 5052 receptus
1133 4992 1240 5045 est,
1279 4981 1427 5036 velut
1469 4981 1589 5052 ipse
1640 4980 1964 5037 beneﬁcium

387 5078 571 5148 potius
596 5077 735 5133 dans
767 5089 930 5147 quam
961 5075 1144 5145 aliquo
1180 5089 1408 5128 munere
1453 5073 1712 5129 donatus.

454 5273 765 5347 (507‘)~Lege
789 5273 1031 5347 χωροῦσι
1057 5290 1191 5347 ουηι
1215 5273 1394 5347 editis.

448 5343 682 5416 (51)’8ίο
699 5343 827 5417 cod.
841 5343 942 5416 pro
958 5343 1391 5417 προσσαίνειν.ιιι
1409 5350 1560 5417 textu
1578 5344 1703 5401 cod.
1723 5343 1968 5417 Reg.524

382 5415 546 5470 habet
574 5415 905 5487 προσαίνων.
943 5415 1117 5471 Graeci
1153 5415 1378 5487 omnino
1421 5415 1722 5487 sibilantes
1753 5415 1809 5470 in
1841 5433 1968 5487 pro-

381 5482 724 5540 nuntiatione
752 5486 865 5541 lere
919 5501 1027 5540 non
1079 5486 1381 5554 duplicant.
1421 5482 1552 5540 Inde
1601 5495 1681 5539 tot
1716 5482 1968 5543 librario-

381 5570 506 5624 rum,
524 5571 739 5612 errores
765 5557 820 5610 in
850 5555 1012 5610 codd.
1055 5555 1188 5620 Quae
1210 5563 1391 5609 autem
1423 5569 1522 5622 ego
1573 5555 1698 5608 olim
1753 5561 1962 5624 monui,

382 5624 450 5679 ad
496 5623 662 5696 Longi
694 5624 906 5680 Pastor.
937 5641 992 5696 p.
1028 5625 1408 5696 l73,Anonni_si
1445 5627 1513 5696 de
1548 5641 1589 5696 _c
1617 5634 1836 5696 anteet
1870 5629 1953 5680 vi-

380 5695 550 5747 tando
603 5694 748 5749 dicta
796 5710 919 5751 esse
940 5693 1116 5749 'volni.
1158 5693 1298 5749 Plat.
1345 5693 1576 5762 Euthyd.
1628 5710 1680 5762 p.
1727 5695 1852 5757 504,
1887 5697 1952 5758 D.

381 5765 656 5835 προσστάς
705 5764 852 5821 dedit
912 5765 1120 5836 primus
1188 5763 1468 5818 Heindorf.
1505 5784 1514 5817 :
1547 5766 1706 5819 codd.
1755 5764 1952 5821 habent

2071 4509 2185 4580 βίου
2210 4509 2592 4581 λαμπρότητα.

2137 4690 2273 4746 Ibid.
2308 4691 2348 4744 C
2378 4690 2428 4744 4.
2458 4689 2566 4743 Kal
2607 4688 2688 4752 ὡς
2717 4685 2922 4752 διδοὺς
2944 4684 3188 4755 μᾶλλον
3213 4685 3409 4756 χάριν.
3449 4686 3644 4740 Ἐπανα

2067 4781 2331 4836 ελθόντων
2367 4781 2475 4850 γὰρ
2511 4781 2860 4850 Χριστιανοῖς
2896 4777 3005 4829 τῶν
3033 4775 3372 4848 πραγμάτων
3397 4775 3536 4846 μετά
3563 4775 3641 4830 δό-

2073 4872 2170 4944 ξης
2207 4874 2300 4925 καὶ
2345 4870 2532 4940 τιμῆς,
2565 4870 2658 4923 καὶ
2695 4868 2810 4940 μεθ’
2841 4869 2979 4921 ὅσων
3020 4868 3114 4920 καὶ
3146 4867 3274 4919 οῐων
3309 4867 3640 4936 μαρτυριῶν,

2069 4963 2180 5024 τοῖς
2240 4960 2552 5031 βασιλείοις,
2590 4960 2774 5029 φησὶν,
2808 4957 3270 5027 ἀναλαμϐάνεται,
3301 4956 3376 5019 ὡς
3425 4957 3643 5027 χαριζό-

2072 5069 2233 5122 μενος
2269 5050 2468 5122 μᾶλλον
2499 5053 2702 5116 αὐτοῖς,
2733 5051 2766 5122 ἢ
2797 5052 2926 5121 παρ’
2953 5049 3131 5104 αὐτῶν
3152 5067 3203 5102 τι
3240 5049 3462 5120 χάριτος
3492 5067 3643 5121 κομι-

2070 5143 2316 5216 ζόμενος.

2065 5279 2329 5353 προστάς.
2368 5277 2553 5353 schol.
2587 5278 2651 5332 ad
2687 5276 2855 5347 Soph.
2908 5277 3103 5353 Trach.
3346 5277 3635 5353 etiamnum

2067 5349 2384 5423 προστήσῃς
2417 5350 2613 5419 legitur
2644 5365 2741 5419 pro
2785 5351 3156 5419 προσστήσῃς.
3197 5349 3508 5402 Hemsterlt.
3532 5349 3636 5401 Ad-

2065 5425 2232 5475 ditam
2286 5436 2398 5475 mss
2449 5421 2515 5473 ad
2571 5418 2832 5488 Stephani
2867 5419 3123 5472 Thesaur.
3166 5419 3439 5489 προσστὰς
3488 5419 3638 5489 unice

2308 5461 2483 5544 Ellam
2517 5499 2641 5542 ante
2661 5461 2699 5559 ἱ
2713 5504 2879 5561 unum
2910 5497 3121 5541 tantum
3145 5461 3466 5561 atrolerasse
3495 5485 3636 5561 Cra;-

2064 5555 2166 5616 cos
2195 5561 2450 5615 librarios
2481 5562 2642 5613 docet
2662 5555 2757 5612 ine
2789 5557 3109 5614 Boissonad.
3135 5559 3204 5611 ad
3228 5558 3480 5611 Anecdot.
3514 5567 3552 5611 t.
3576 5555 3632 5612 ΙΙ.

2065 5648 2120 5703 p.
2153 5632 2282 5696 355,
2316 5641 2370 5685 et
2401 5641 2438 5685 t.
2473 5629 2527 5689 5,
2562 5645 2614 5697 p.
2665 5629 2814 5703 25l,_
2839 5628 2909 5682 ob
2953 5629 3233 5683 vitandam
3272 5627 3631 5696 κακοφωνίαν,

2065 5699 2126 5758 ut
2157 5704 2226 5758 ibi
2250 5703 2448 5757 docent
2482 5699 2820 5770 grammatici
2847 5708 3078 5756 veteres.
