3872 6222
224 163 367 224 1195

827 169 1123 229 εοΗοιιΑ
1167 175 1261 230 AD
1302 174 1708 239 ORATIONEM
1749 184 1908 242 run.
1951 185 2019 240 IN
2049 173 2444 242 cassam.“
2490 161 2841 241 FRATREM.

3341 192 3478 248 ιιει

288 279 410 369 σοι.
449 278 560 336 775'
575 279 618 334 A
649 281 704 336 3.
742 283 862 349 Τὴν
878 285 950 338 οὐ
976 287 1334 356 πολλοστὴν
1355 291 1474 345 ἀπὸ
1493 291 1797 361 βασιλέως

1973 297 2094 366 Τὴν
2117 298 2190 350 οὐ
2227 280 2653 354 πολλοστὴν-ι-
2685 289 2913 366 ἀρχήν.
2945 298 2998 366 id
3031 306 3113 353 est
3139 299 3470 369 praeclaram,

222 368 446 424 διέπων
496 371 711 441 ἀρχήν.
769 373 917 427 Ἀντὶ
964 374 1082 441 τοῦ,
1146 377 1387 452 μεγάλην
1415 382 1589 454 ἀρχὴν
1616 387 1710 438 καὶ
1735 386 1796 438 οὐ

225 459 368 531 μετὰ
401 460 602 523 πολλὰς
636 461 826 532 ἐτέρας
865 462 1120 535 ὑστάτην.

295 551 436 605 Ibid.
465 551 520 606 4.
572 552 630 605 Ἡ
672 551 739 606 δέ
774 553 906 606 ἐστι
934 554 1092 624 (51‘),
1122 559 1422 621 ταμιεύειν
1443 561 1697 624 ,ϐασιλεῖ
1729 566 1802 618 τὰ

224 642 520 712 χρήματα.
580 644 871 708 Τουτέστι,
923 647 1198 716 συλλέγειν
1252 650 1346 702 καὶ
1407 658 1692 725 συντηρεῖν
1743 657 1800 707 ἐν

221 734 495 804 ταμιείοις
521 751 535 764 ·
563 733 735 790 ἔοικεν
759 733 898 806 αὕτη
925 737 1215 808 φορολογία
1256 735 1415 793 εἶναι.

294 827 434 880 Ibid.
460 825 516 880 5.
549 826 922 894 ’.ἁρπάσαντα
946 828 1052 882 τὸν
1077 828 1281 898 καιρὸν
1312 833 1398 896 είς
1421 833 1798 902 νουθέτησιν.

225 918 336 972 Τοῦ
361 916 585 987 σεισμοῦ
605 917 701 988 τὴν
740 918 1012 988 πρόφασιν
1041 921 1133 973 καὶ
1155 920 1247 973 τὸν
1272 923 1463 994 καιρὸν
1509 923 1674 993 λέγει,
1710 925 1802 978 τοῦ

227 1010 286 1062 ὲν
317 1009 525 1080 Νικαία
553 1007 807 1079 μεγίστου
836 1010 1142 1079 γεγονότος,
1177 1012 1266 1082 ὑφ’
1291 1005 1352 1065 οὗ
1394 1012 1490 1067 καὶ
1539 1014 1620 1080 τῷ
1648 1028 1800 1084 συμ-

225 1099 492 1169 πτώματι
517 1100 881 1168 σκεπασθεὶς
901 1101 1155 1172 διεσώθη.
1178 1103 1288 1156 Καὶ
1313 1105 1496 1158 λοιπὸν
1532 1105 1800 1170 διενοεῖτο,

217 1190 621 1259 μεταθέμενος
642 1190 759 1258 τὴν
789 1192 1109 1260 στρατείαν
1133 1191 1220 1245 διὰ
1242 1193 1334 1246 τὸν
1358 1193 1620 1258 κίνδυνον,
1643 1195 1802 1266 ἀμεί-

228 1283 346 1336 ϐειν
371 1283 466 1336 καὶ
493 1282 563 1336 τὰ
616 1281 879 1352 βασίλεια,
915 1284 1051 1355 ὅπερ
1084 1284 1176 1336 καὶ
1204 1285 1268 1337 ἐκ
1307 1284 1499 1338 πολλοῦ
1520 1285 1670 1354 πρὸς
1700 1285 1805 1354 ἐμὲ

225 1374 468 1445 γράφων
499 1374 735 1427 ἔπειθεν
756 1388 769 1401 ’
801 1374 901 1444 ἐμὲ
943 1373 1002 1427 δὲ
1036 1375 1125 1428 τὸν
1158 1377 1347 1445 καιρὸν
1378 1376 1698 1445 ἁρπάσαντα
1726 1379 1805 1438 εἰς

224 1466 543 1538 νουθέτησιν
572 1465 666 1519 τοῦ
690 1466 957 1530 κινδύνου,
1001 1467 1076 1538 μὴ
1099 1467 1362 1522 διαλιπεῖν
1389 1467 1723 1534 ὑποτιθέναι,
1746 1469 1804 1521 ὲν

221 1558 338 1620 τοῖς
373 1557 614 1627 χείροσιν
651 1557 739 1610 ἀεὶ
773 1557 849 1628 μὴ
888 1556 1248 1612 καλινδεῖσθαι
1289 1559 1386 1629 τὴν
1419 1557 1562 1612 οὕτω
1587 1558 1802 1628 φιλόσο-

217 1665 327 1716 φον
345 1648 545 1717 ψυχήν.
1634 1699 1647 1710 ,

295 1740 434 1796 Ibid.
464 1742 518 1796 9.
563 1741 749 1797 Ἀλλὰ
775 1743 882 1798 τοῦ
933 1743 1050 1814 μὲν
1082 1745 1339 1814 σεισμοῦ
1369 1746 1653 1813 κρείττων
1684 1744 1802 1814 ἐγέ-

221 1850 383 1888 νετο.
422 1833 583 1887 Ἀλλὰ
612 1835 720 1905 γὰρ
735 1834 827 1889 τοῦ
847 1835 946 1906 μὲν
965 1835 1222 1905 σεισμοῦ
1236 1837 1519 1904 κρείττων
1543 1835 1798 1906 ἐγένετο·

223 1926 328 1978 οὐκ
357 1924 439 1978 ἔτι
465 1925 632 1978 δὲκαὶ
658 1926 757 1997 τῆς
777 1926 933 1980 νόσου
950 1942 964 1957 ο
998 1927 1058 1980 τὸ
1087 1926 1188 1996 μὲν
1212 1928 1320 1998 γὰρ
1345 1925 1474 1980 ἴδιον
1503 1926 1604 1995 τῆς
1635 1925 1800 1979 αὐτοῦ

221 2012 292 2088 ἦν
325 2016 626 2082 εὐσεϐείας,
655 2017 716 2070 τὸ
746 2017 1064 2088 παραδόξως
1111 2017 1478 2088 διασωθῆναι·
1515 2018 1577 2070 τὸ
1603 2018 1660 2071 δὲ
1690 2035 1803 2071 κοι-

223 2109 315 2161 νὸν
343 2108 482 2179 πρὸς
519 2109 646 2172 τοὺς
706 2108 894 2172 ἄλλους
939 2109 1293 2181 ἀνθρώπους·
1341 2108 1629 2180 ἄνθρωπος
1692 2109 1802 2180 γὰρ

219 2195 315 2270 ἦν,
347 2199 411 2252 οὐ
443 2199 550 2271 μὴν
577 2200 677 2272 τὴν
702 2199 864 2270 φύσιν
894 2199 1182 2265 ἀθάνατος.

293 2291 430 2346 Ibid.
465 2293 546 2347 I5.
571 2292 1038 2361 Καίπροῦλαϐεν
1056 2295 1094 2362 ἡ
1125 2293 1466 2362 παραμυθία
1491 2291 1557 2344 τὸ
1591 2291 1799 2356 πάθος.

221 2381 298 2436 Τὸ
325 2381 422 2434 τοῦ
451 2382 682 2438 θανάτου
729 2384 902 2448 πάθος
953 2383 1253 2456 προέλαϐεν
1287 2385 1320 2454 ή
1360 2382 1682 2455 παραμυθία
1702 2382 1803 2452 τῆς

221 2473 331 2526 ἀπὸ
361 2474 454 2528 τοῦ
483 2475 709 2545 σεισμοῦ
754 2475 1048 2548 σωτηρίας,
1094 2476 1242 2539 ὅπως
1271 2474 1350 2544 τῷ
1391 2473 1604 2544 θανάτῳ
1637 2472 1798 2525 αὑτοῦ

225 2563 475 2636 ὕστερον,
506 2568 573 2636 τῇ
603 2564 750 2638 λύπῃ
773 2565 1013 2636 ὡσπερεὶ
1035 2565 1484 2628 κατασεισθέντες
1526 2563 1619 2618 καὶ
1643 2581 1804 2619 κατα·

226 2658 508 2723 πεσόντες,
553 2657 654 2727 τῆς
695 2657 817 2710 τότε
864 2657 1137 2730 σωτηρίας
1165 2658 1240 2728 τῷ
1272 2655 1574 2728 παραδόξῳ,
1614 2656 1798 2726 φησὶν,

227 2747 717 2819 ὲγκαυχησὼμεθα.

297 2839 434 2895 Ibid.
491 2840 532 2894 C
569 2840 624 2895 5.
679 2840 1006 2908 Μαρτύρων
1047 2839 1286 2909 βήμασι
1325 2846 1797 2915 πομπευόμενος.

225 2929 503 3004 Τουτέστι,
531 2929 1051 3002 παραπεμπόμενος,
1084 2930 1178 2982 καὶ
1199 2928 1274 2993 ὼς
1317 2931 1568 3004 ὲπινικίῳ
1598 2935 1795 3004 πομπῇ

222 3003 719 3093 δορυφορούμενος,
761 3020 856 3074 καὶ
885 3021 944 3073 ἐν
1009 3019 1216 3091 βήμασι
1264 3003 1556 3096 μαρτύρων
1593 3003 1803 3092 δοξαζύέ

227 3127 407 3181 μενος,
442 3111 518 3173 ὡς
543 3111 610 3164 ἂν
641 3111 740 3180 τῆς
779 3109 938 3182 σοροῦ
966 3113 1024 3164 ὲν
1054 3113 1167 3173 τοῖς
1211 3110 1448 3182 βήμασιν
1481 3115 1805 3185 ἀποτιθεμέ-

223 3217 341 3274 νης,
366 3201 443 3263 ὡς
472 3200 749 3272 μάρτυρος
795 3201 902 3254 τῶν
935 3201 1256 3273 μαρτύρων·
1298 3200 1712 3276 λαμπροφορίαν
1747 3206 1806 3259 δὲ

227 3295 436 3366 μητρὸς
498 3293 837 3365 ὑποληπτέον
896 3295 996 3365 τὴν
1047 3294 1348 3366 ἐξαλλαγὴν
1403 3296 1506 3366 τῆς
1549 3295 1806 3368 λαμπρᾶς

222 3386 470 3456 ἐσθῆτος,
497 3385 938 3457 ἀποσεισαμένης
988 3385 1090 3456 τὴν
1131 3385 1400 3458 πενθήρη,
1451 3386 1538 3441 διὰ
1568 3387 1665 3458 τὴν
1704 3389 1806 3459 τῆς

226 3477 533 3550 μαρτυρίας
579 3475 737 3541 δόξαν
789 3478 882 3530 καὶ
905 3477 1004 3548 τὴν
1031 3477 1332 3542 εὐσέϐειαν,
1367 3479 1462 3532 καὶ
1495 3479 1684 3551 ὥσπερ
1711 3481 1806 3533 εὐ-

222 3565 612 3640 φραινομένης,
663 3564 778 3618 ἀλλ’
815 3566 915 3619 οὐκ
968 3564 1194 3636 ἀθύμως
1252 3566 1540 3638 ἀλυούσης.
1581 3568 1804 3622 Νεόκτι-

222 3676 350 3712 στον
391 3658 450 3711 δὲ
498 3657 697 3729 ψυχὴν,
739 3657 815 3721 ὡς
849 3660 909 3711 ἐν
941 3657 1192 3729 ἐσχάτοις
1239 3659 1680 3724 ἀνακτισθεῖσαν,
1710 3661 1806 3714 καὶ

220 3753 302 3824 τῷ
357 3754 424 3807 δι’
477 3752 668 3817 ὕδατός
721 3770 780 3806 τε
813 3753 906 3806 καὶ
961 3753 1277 3824 Πνεύματος
1318 3756 1805 3828 ἁναμοριρωθεῖσαν

225 3844 589 3916 βαπτίσματι.

296 3939 417 3994 Col.
440 3937 544 3992 676
581 3937 628 3991 Α
657 3937 713 3992 4.
759 3937 821 3989 '0
860 3936 1070 4004 ,πικρὸς
1119 3939 1311 4004 λίθος.
1371 3938 1575 4009 Πικρὺν
1614 3938 1805 3992 τοῦτον

223 4030 384 4085 καλεῖ
411 4031 504 4082 τδν
529 4029 683 4082 οὐδὲν
711 4027 1007 4082 ὲπταικὸτα
1038 4027 1185 4082 λίθον
1209 4044 1222 4057 ·
1257 4028 1500 4100 δηλονότι
1531 4029 1607 4094 ὡς
1638 4030 1806 4083 καλύ-

221 4122 406 4191 ψαντα
434 4119 496 4173 τὸ
531 4119 606 4190 μὴ
630 4118 1003 4173 καλύπτεσθαι
1024 4118 1173 4184 ἄξιον
1189 4119 1352 4190 σῶμά
1376 4137 1435 4172 τε
1452 4121 1544 4174 καὶ
1572 4121 1767 4184 κάλλος
1787 4138 1801 4153 ο

221 4212 350 4275 ἔθος
382 4211 439 4264 δὲ
476 4211 570 4264 καὶ
597 4214 710 4276 τοῖς
741 4210 918 4279 ἁγίοις
945 4211 1004 4263 ὲν
1037 4210 1215 4281 καιρῷ
1237 4210 1414 4281 λύπης
1447 4212 1689 4282 μεγάλης
1713 4213 1806 4265 καὶ

1891 402 2006 444 .nec
2045 387 2234 444 multis
2271 383 2608 443 inferiorem.

1983 570 2055 624 Ἠ
2082 569 2149 622 δέ
2169 568 2368 622 ἐστι...
2391 566 2464 621 τὰ
2483 564 2776 636 χρήματα.
2811 565 2867 618 Id
2903 573 2988 622 est
3015 565 3272 636 colligere
3305 583 3470 636 pecu-

1902 661 2022 716 nias
2039 661 2404 730 collectasque
2423 661 2478 714 in
2501 657 2891 730 gazophylacio
2912 671 3154 713 servare.
3183 655 3298 711 Hoc
3349 673 3472 710 mu-

1900 767 2007 807 nus
2033 753 2363 808 tributorum
2401 751 2616 806 exactio
2642 749 2813 805 fuisse
2846 749 3078 805 videtur.

1982 844 2420 915 'Apzdaarta...
2445 844 2823 911 νουθέτησιν.
2847 843 2925 898 Ad
2953 843 3300 898 occasionem
3335 839 3470 894 allu-

1901 935 1983 991 dit
2016 950 2178 1006 quam
2198 935 2422 1005 arripuit
2464 949 2530 989 ex
2563 933 2869 989 vehementi
2899 941 3061 987 terrm
3094 940 3245 987 motu
3275 929 3469 988 Nicaeae

1903 1036 2114 1091 exorto,
2144 1041 2176 1080 e
2201 1039 2310 1096 quo
2333 1025 2450 1094 ipsa
2474 1023 2632 1078 ruina
2657 1031 2936 1093 protectus
2964 1022 3232 1079 Caesarius
3259 1022 3470 1078 incolu-

1903 1117 2008 1171 mis
2050 1117 2245 1172 evasit.
2296 1115 2506 1172 Exinde
2555 1115 2920 1171 meditabatur
2959 1121 2989 1169 ε
3032 1115 3194 1170 rebus
3225 1114 3469 1186 periculo

1903 1207 2158 1264 obnoxiis
2188 1207 2444 1262 militiam
2497 1205 2823 1266 transferre.
2859 1206 3078 1276 sibique
3130 1214 3468 1260 commutare

1904 1298 2105 1363 aulam,
2140 1295 2597 1366 quemadmodum
2629 1294 2764 1349 mihi
2788 1310 2883 1365 per
2911 1293 3120 1351 litteras
3141 1295 3468 1366 jampridem

1903 1385 2326 1458 significaverat:
2383 1384 2538 1449 Mihi,
2575 1385 2771 1456 inquit,
2803 1385 2897 1454 qui
2941 1385 3085 1441 hanc
3123 1387 3464 1442 occasionem

1903 1479 1970 1533 de
2001 1477 2246 1549 periculo
2273 1477 2532 1532 monendi
2569 1476 2863 1547 arripiens,
2886 1491 2999 1532 non
3019 1479 3302 1534 cessabam
3328 1479 3468 1532 hanc

1906 1579 2016 1624 tam
2057 1569 2488 1641 philosOphicam
2529 1568 2769 1622 animam
2809 1569 3018 1624 hortari
3052 1584 3121 1625 ne
3159 1585 3377 1641 semper
3412 1572 3469 1624 in

1834 1641 1874 1694 Β
1901 1662 2268 1718 deterioribus
2297 1663 2463 1718 rebus
2491 1662 2852 1716 volutaretur.

1986 1753 2161 1808 Ἀλλὰ
2181 1753 2354 1808 τοῦ...
2384 1753 2636 1824 ἐγένετο.
2671 1752 2751 1806 Re
2776 1753 2922 1808 enim
2968 1768 3096 1808 vera
3135 1761 3294 1809 terrae
3319 1761 3469 1808 motu

1901 1845 2152 1915 superior
2187 1843 2313 1910 fuit,
2346 1845 2540 1900 morbo
2591 1859 2725 1900 vero
2761 1859 2872 1900 non
2923 1844 3074 1902 item.
3127 1844 3264 1900 Illud
3321 1844 3468 1900 enim

1900 1945 2121 2007 propter
2161 1937 2419 2008 pietatem
2463 1935 2744 2007 proprium
2786 1936 2998 2004 habuit,
3046 1946 3109 1992 ut
3140 1937 3470 1992 miraculose

1901 2029 2242 2094 salvaretur;
2299 2027 2406 2082 hoc
2453 2041 2579 2081 cum
2633 2029 2847 2083 czeleris
2895 2042 3188 2084 commune
3237 2048 3250 2084 :
3305 2029 3469 2085 homo

1899 2122 2046 2177 enim
2072 2127 2213 2186 erat,
2237 2134 2341 2176 nec
2368 2133 2503 2174 sane
2531 2125 2730 2174 natura
2757 2121 3102 2176 immortalis.

1970 2301 2082 2355 Καὶ
2113 2300 2472 2368 προῦλαϐεν.
2577 2297 2648 2350 τὸ
2684 2297 2896 2363 πάθος.
2956 2297 3146 2353 Mortis
3173 2298 3294 2368 ejus
3323 2300 3470 2354 cala-

1902 2394 2145 2448 mitatem
2181 2391 2479 2446 antevertit
2522 2389 2830 2444 consolatio
2859 2388 3119 2444 divinitus
3152 2398 3382 2460 recepta:
3413 2389 3468 2444 in

1901 2494 2062 2541 terra:
2090 2491 2240 2539 motu
2270 2482 2487 2546 salutis,
2517 2487 2576 2536 ut
2598 2479 2770 2550 ipsius
2791 2488 2966 2534 morte
2990 2487 3176 2550 postea
3215 2479 3470 2535 concussi

1901 2588 1955 2633 et
1987 2575 2143 2646 quasi
2175 2588 2412 2629 maerore
2461 2571 2748 2644 prostrati,
2793 2569 3127 2626 admirandae
3158 2569 3323 2640 hujus
3355 2570 3472 2626 sal-

1899 2670 2137 2725 vationis
2159 2668 2419 2724 memoria
2449 2665 2832 2737 gloriaremur.

1971 2845 2294 2914 Μαρτύρων
2333 2845 2574 2913 ,βήμασι
2619 2843 3094 2912 πομπευόμενος.
3131 2840 3190 2896 Id
3248 2847 3334 2895 est
3386 2839 3476 2895 de-

1902 2935 2122 2998 ductus,
2192 2934 2349 3002 quasi
2413 2933 2736 3005 triumphali
2790 2947 2989 3002 pompa
3043 2930 3361 2994 comitatus,
3419 2936 3474 2983 et

1905 3026 2163 3081 sacrariis
2189 3031 2495 3094 martyrum
2535 3023 2814 3094 dignatus,
2845 3021 2965 3092 ejus
2995 3020 3244 3075 videlicet
3269 3019 3476 3083 loculo,

1912 3125 2100 3187 utpote
2142 3115 2422 3186 martyris,
2455 3115 2513 3180 in
2555 3113 2816 3170 sacrariis
2843 3123 3160 3184 ‘martyrum
3201 3110 3471 3180 deposito.

1905 3209 2097 3264 Matris
2143 3223 2275 3265 vero
2322 3206 2742 3280 λαμπροφορίαν
2807 3203 3220 3276 intelligendum
3270 3210 3354 3257 est
3405 3201 3475 3256 de

1905 3299 2259 3370 susceptione
2284 3299 2457 3354 vestis
2501 3297 2820 3368 splendidae,
2865 3310 3099 3352 excussa
3143 3294 3355 3351 scilicet
3389 3291 3478 3346 fu-

1909 3391 2090 3454 nebri,
2122 3400 2345 3462 propter
2374 3391 2674 3460 gloriosum
2719 3387 2814 3442 filii
2840 3386 3162 3458 martyrium
3197 3382 3478 3454 pietatem-

1904 3499 2042 3553 que;
2081 3483 2200 3553 ipsa
2231 3481 2500 3553 siquidem
2537 3489 2712 3536 mater
2744 3478 3051 3536 exsultabat
3076 3475 3276 3532 nedum
3307 3473 3479 3530 luctui

1905 3575 2141 3630 remisso
2199 3589 2259 3630 se
2310 3572 2552 3629 dederet.
2589 3570 2785 3626 Recens
2843 3578 3078 3624 creatam
3128 3565 3480 3639 (νεόκτιστον)

1903 3667 2041 3721 dicit
2067 3665 2254 3721 fratris
2287 3666 2546 3729 animum,
2577 3665 2780 3735 quippe
2801 3677 2922 3732 qua
2949 3661 3162 3716 ultimis
3190 3660 3317 3713 vita:
3344 3667 3481 3712 tem-

1905 3757 2130 3827 poribus
2162 3764 2478 3825 regenerata
2525 3753 2600 3808 sit
2631 3767 2839 3823 perque
2871 3749 3133 3822 Spiritum
3182 3757 3237 3804 et
3283 3762 3481 3817 aquam

1906 3846 1961 3900 in
1988 3845 2316 3915 baptismate
2361 3842 2779 3900 transformata.

1988 3937 2049 3989 '0
2060 3935 2465 4004 πικρὸςλίθος.
2479 3935 2739 3988 Amarum
2755 3941 2914 3989 vocat
2927 3933 3154 4002 lapidem
3172 3931 3264 4001 qui
3280 3930 3480 3985 nullius

1905 4042 2072 4083 casus
2101 4041 2267 4081 causa
2293 4027 2528 4091 exstitit,
2552 4025 2700 4095 quod
2724 4024 2980 4079 videlicet
3011 4029 3303 4093 operturus
3335 4030 3480 4076 esset

1906 4132 2108 4188 corpus
2134 4125 2187 4172 et
2205 4115 2697 4187 pulchritudinem,
2722 4130 2844 4186 qua;
2867 4115 3032 4170 celari
3069 4113 3293 4166 minime
3324 4126 3480 4182 opor-

1906 4210 2079 4264 tebat.
2115 4208 2306 4262 Solent
2327 4215 2507 4275 autem
2536 4207 2643 4261 viri
2676 4206 2874 4269 sancti,
2901 4220 3023 4261 cum
3055 4216 3256 4272 magno
3297 4208 3352 4256 et
3387 4217 3481 4256 ve-

222 4305 482 4374 σφοδρᾶς,
522 4302 688 4373 μηδὲν
745 4300 1028 4372 δύσφημον
1099 4301 1246 4367 ἄλλο,
1286 4301 1402 4355 ἀλλ’
1447 4303 1480 4373 ἢ
1525 4306 1639 4366 τοῖς
1671 4303 1802 4373 ἀψύ-

1920 4300 2154 4356 hementi
2203 4299 2396 4354 dolore
2426 4305 2771 4368 premuntur,
2811 4296 3022 4350 nullum
3055 4293 3270 4351 acerbis
3299 4292 3481 4347 verbis

221 4413 344 4468 χοις
365 4395 674 4465 ἐπαρᾶσθαι
703 4411 763 4448 τε
792 4393 886 4447 καὶ
911 4395 1238 4466 κατηγορεῖν
1257 4413 1271 4425 ·
1307 4395 1382 4458 ὡς
1410 4394 1572 4448 Δαυῖδ
1591 4414 1603 4425 ·
1660 4397 1806 4464 Ὀρη

222 4487 303 4542 τὰ
343 4486 604 4541 Γελϐουέ
629 4485 765 4555 (52).

298 4683 432 4739 Ibid.
476 4684 563 4736 Η.
597 4682 704 4737 Καὶ
735 4683 947 4752 ἀλογίᾳ
974 4680 1215 4750 μᾶλλον
1243 4681 1401 4753 (52⁸).
1445 4681 1659 4752 Ἀλογία
1693 4685 1802 4756 γάρ

223 4773 344 4824 ἐστι
381 4771 477 4824 καὶ
517 4769 779 4831 σκὸτωσις
819 4769 910 4822 νοῦ
942 4767 1019 4838 τῷ
1071 4768 1207 4833 ὄντι,
1243 4771 1277 4839 ή
1309 4771 1373 4822 ὲκ
1401 4771 1514 4824 τῶν
1549 4773 1808 4828 τοιούτων

221 4861 528 4932 ἀφοσίωσις
557 4861 666 4914 τῶν
696 4859 1062 4913 ἀπελθόντων.

300 4975 436 5028 Ibid.
471 4975 558 5028 13.
613 4973 682 5028 Τὸ
737 4973 788 5025 δ’
819 4972 966 5042 ἐμὸν
992 4971 1206 5042 δῶρον,
1229 4977 1433 5046 λόγος,
1466 4976 1797 5052 φησὶν,ὲστὶ,

223 5069 324 5122 καὶ
345 5067 413 5120 τὰ
434 5065 579 5137 ἑξῆς.

303 5180 438 5234 Ibid.
466 5179 506 5233 C
536 5180 588 5234 2.
628 5179 738 5244 Τὰς
770 5177 1150 5247 ψευδομένας
1179 5178 1372 5247 τιμάς.
1422 5181 1530 5244 Τὰς
1564 5182 1796 5254 ἀνυπάρ.

222 5288 392 5333 κτους
436 5271 531 5323 καὶ
581 5268 984 5332 ἀνυποστάτους
1007 5286 1022 5299 ο
1065 5268 1306 5322 τοιοῦτον
1332 5270 1439 5341 γὰρ
1477 5270 1536 5323 τὸ
1566 5272 1758 5342 ψεῦδος
1788 5291 1802 5305 ο

223 5363 327 5417 καὶ
346 5360 643 5432 λεγόμενον
663 5360 760 5430 οὐχ
781 5359 1094 5429 ὑφίσταται,
1117 5361 1274 5414 ὁποία
1292 5362 1386 5416 καὶ
1416 5364 1448 5433 ἡ
1472 5362 1582 5416 τῶν
1614 5363 1804 5436 αἰσθή-⁵

304 5546 438 5615 (5ιθ)
465 5544 606 5598 Eum
643 5540 730 5615 ἦν.

303 5613 427 5688 (5ίξ>’
444 5615 484 5669 ιι
514 5615 644 5679 Reg.
668 5613 717 5676 ⁷1,
750 5613 835 5668 2L

472 5705 742 5763 PATROL.
791 5705 908 5764 (in.
957 5704 1251 5762 XXXVI.

1905 4394 2169 4463 impetere
2191 4391 2300 4447 nisi
2334 4406 2424 4446 res
2460 4389 2796 4444 inanimatas
2826 4387 2882 4442 in
2916 4401 3056 4459 quas
3099 4384 3390 4441 maledicta
3427 4391 3483 4437 et

1907 4483 2319 4554 objurgationes
2361 4483 2593 4552 jactant,
2641 4489 2700 4536 ut
2755 4479 2944 4546 David,
3003 4476 3211 4532 Montes
3267 4473 3478 4540 Gelboe,

1902 4575 2180 4644 inquiens,
2212 4582 2318 4628 ctc.

1969 4685 2077 4740 Kal
2112 4685 2330 4755 ἀλογίᾳ
2361 4683 2621 4753 μᾶλλον.
2667 4682 2944 4737 Insaniam
2978 4681 3124 4735 enim
3185 4687 3240 4734 et
3275 4677 3482 4732 caecilao

1910 4785 2017 4828 tem
2048 4775 2245 4830 mentis
2279 4773 2457 4845 arguit
2501 4775 2606 4828 hoc
2652 4772 2814 4828 modo
2870 4772 2982 4825 vita
3035 4769 3238 4825 functis
3291 4781 3482 4837 paren-

1909 4869 2037 4922 tari.

1986 4980 2058 5034 Τὸ
2086 4979 2155 5032 δὲ
2183 4979 2328 5047 ἐμὸν
2365 4978 2558 5047 δῶρον
2591 4977 2793 5046 λόγος.
2858 4975 3061 5046 Supple
3108 4971 3246 5027 ἐστί.
3279 4969 3480 5032 Meum.

1907 5069 2109 5138 inquit,
2141 5084 2342 5123 munus
2375 5071 2554 5122 oratio
2583 5076 2690 5130 est,
2719 5075 2827 5120 etc.

1996 5185 2107 5251 Τὰς
2134 5183 2512 5252 ψευδομένας
2538 5183 2725 5252 τιμάς.
2756 5179 2812 5235 Id
2844 5187 2927 5236 est
2955 5193 3067 5234 non
3095 5191 3283 5232 revera
3305 5177 3481 5230 exsis-

1911 5286 2112 5339 tentes,
2154 5291 2263 5331 non
2300 5277 2684 5331 subsistentes.
2750 5273 2884 5328 Tale
2936 5279 3023 5327 est
3061 5270 3208 5325 enim
3255 5269 3481 5322 menda—

1911 5371 2185 5427 cium:ne
2205 5369 2476 5438 prolatum
2509 5369 2728 5438 quidem
2763 5365 3050 5423 subsistit:
3089 5364 3168 5418 sic
3227 5369 3282 5416 et
3321 5361 3483 5428 phan-

1981 5548 2118 5621 (52⁸)
2152 5549 2292 5605 Editi
2329 5547 2530 5619 μᾶλλον
2557 5547 2650 5600 καὶ
2677 5543 2869 5611 ἀλογία
2906 5543 3126 5603 πάθους.

3240 5688 3318 5749 38
