3872 6222
414 178 554 237 “95

1789 181 2031 237 BASILII
2065 180 2287 237 ΜΙΝΙΜΙ

3538 174 3749 249 μοι,

411 302 649 381 ταεηψιο
681 293 881 363 quibus
902 307 1099 349 sensus
1132 292 1501 363 decipiuntur,
1533 304 1819 365 postquam
1853 313 1987 366 pau-

2126 317 2229 351 εων
2266 297 2468 368 πλόινη⁹
2508 294 2723 367 μικρὸν
2767 293 3150 367 τάρθέλξασα,
3193 293 3404 364 ἀπέστη
3458 292 3690 354 θᾶττον,

416 387 588 456 lisper
630 387 791 441 nobis
848 385 1144 450 illuserint,
1192 385 1379 441 statim
1445 394 1785 443 evanescunt
1841 388 1990 442 velut

420 477 698 531 somnium
727 474 1059 545 evigilantis.

493 560 575 621 Οὗ
616 565 904 634 μικρὰν...
931 563 1265 633 δεξάμενοι.
1331 562 1614 634 Tanquam
1643 582 1739 637 per
1771 567 1993 637 specula

419 662 475 708 et
499 653 786 724 aenigmata
823 655 1062 724 aliquam
1095 654 1360 711 habemus
1384 657 1676 728 imaginem
1697 698 1712 723 ,
1737 666 1793 714 et
1834 659 1992 729 quasi

419 742 631 799 ﬂuxum
665 754 720 800 et
748 745 1016 816 guttulam
1046 761 1275 802 summa;
1298 748 1758 816 pulchritudinis;
1784 752 1992 805 utinam

420 850 553 892 vero
591 836 660 890 ad
687 836 863 906 ipsum
919 836 1274 908 perfectionis
1323 838 1528 893 fontem
1587 842 1992 911 perveniamus,

425 942 668 998 puraque
694 937 875 985 mente
911 944 1106 1000 puram
1136 931 1422 986 veritatem
1448 932 1743 1001 aliquando
1776 933 1994 988 intuen-

422 1029 525 1084 tes,
558 1019 701 1074 hanc
728 1021 1037 1076 mercedem
1067 1021 1275 1077 laboris
1329 1022 1419 1076 hic
1473 1023 1530 1078 in
1556 1024 1738 1078 studio
1775 1023 1995 1077 virtutis

420 1109 677 1165 exhausti
709 1110 1076 1176 inveniamus,
1117 1119 1177 1166 ut
1215 1112 1290 1167 ibi
1328 1111 1709 1182 perfectiorem
1736 1114 1992 1169 virtutem

423 1213 853 1270 consequamur,
909 1202 1006 1272 qui
1055 1212 1141 1258 est
1193 1217 1366 1259 sacrae
1426 1212 1629 1258 nostra:
1685 1202 1995 1273 disciplinae

422 1290 573 1347 ﬁnis.

499 1383 563 1436 Τί
602 1381 818 1437 λοιπὸν
857 1381 966 1437 ἔτι.
1026 1381 1191 1438 Juxta
1241 1383 1389 1454 leges
1441 1384 1731 1440 rhetoricae
1772 1400 1893 1455 qute
1923 1386 1993 1441 ad

364 1542 377 1549 Α
424 1471 772 1529 laudationes
814 1472 1076 1530 funebres
1106 1483 1391 1545 spectant,
1445 1474 1632 1531 Basilii
1666 1492 1848 1533 sermo
1869 1494 1996 1548 pro-

424 1561 673 1631 greditur
704 1583 719 1618 :
751 1563 1015 1634 expositis
1033 1565 1180 1620 enim
1228 1567 1532 1637 ordineque
1582 1569 1833 1623 tractatis
1882 1584 2001 1623 ora-

2088 388 2171 450 ὡς
2204 386 2454 440 ἐνύπνιον
2487 383 2917 455 ὲξεγειρομένου.

2165 563 2303 619 Ibid.
2341 562 2392 617 6.
2423 557 2506 618 Οὗ
2553 561 2776 631 μικρὰν
2796 559 3107 628 ἀπορροὴν
3139 555 3404 612 ἐνταῦθα
3430 553 3693 623 δεξάμεο

2093 671 2207 708 νοι.
2241 644 2316 705 Τὸ
2343 654 2496 708 ὅσον
2524 654 2595 707 ἐν
2629 654 2950 720 ἐσόπτροις
2985 650 3083 704 καὶ
3114 651 3184 703 ἐν
3222 649 3560 717 αἰνίγμασι,
3589 646 3693 715 τὴν

2093 746 2189 799 τοῦ
2214 745 2382 799 καλοῦ
2405 745 2599 816 έχομεν
2632 743 2954 813 φαντασίαν,
2987 743 3077 796 καὶ
3101 737 3212 796 οἷον
3234 741 3540 810 ἀπόρροιαν
3566 754 3696 791 τινα

2095 837 2358 904 καλλονῆς
2383 837 2479 890 καὶ
2508 836 2719 906 ῥανίδα,
2757 832 2912 901 αὐτῆ
2940 835 2998 887 δὲ
3022 832 3099 901 τῇ
3125 831 3287 901 πηγῇ
3310 831 3408 884 τοῦ
3448 829 3691 899 ἀγαθοῦ,

2091 930 2241 998 μετὰ
2271 928 2429 982 τοῦτο
2454 929 2825 997 ἐντύχοιμεν,
2862 927 2957 981 καὶ
2977 925 3088 994 τῆς
3111 924 3248 992 περὶ
3276 922 3344 976 τὸ
3371 923 3575 976 καλὸν
3594 920 3700 973 ἐν·

2095 1020 2286 1076 ταῦθα
2311 1020 2547 1091 σπουδῆς
2596 1019 2691 1072 καὶ
2734 1017 3115 1088 φιλοπονίας,
3157 1014 3273 1083 τὴν
3314 1011 3699 1078 τελεωτέραν

2095 1112 2314 1172 ἐκεῖσε,
2374 1110 2611 1179 καθαρῷ
2639 1109 2717 1181 τῷ
2774 1108 2862 1175 νῷ
2923 1109 3190 1175 καθαρὰν
3245 1103 3699 1164 ἐποπτεύσαντες

2097 1202 2405 1268 ἀλήθειαν,
2434 1200 2623 1271 μισθὸν
2647 1199 2804 1254 τοῦτο
2823 1200 3150 1271 εὑρίσκομεν
3173 1196 3307 1264 (55),
3323 1196 3467 1265 ὅπερ
3482 1194 3701 1264 δήπου-

2097 1289 2189 1343 θεν
2218 1291 2313 1343 καὶ
2335 1289 2487 1352 τέλος
2513 1291 2629 1343 ἐστὶ
2652 1289 2753 1358 τῆς
2768 1290 3044 1359 ἡμετέρας
3072 1283 3487 1356 μυσταγωγίας.

2171 1380 2301 1435 Ibid.
2325 1379 2414 1433 D2
2449 1381 2509 1433 Τί
2533 1380 2753 1433 λοιπὸν
2778 1378 2904 1440 Est;
2938 1376 3095 1431 Κατὰ
3119 1375 3216 1445 τὴν
3240 1373 3351 1426 τῶν
3376 1371 3702 1440 ἐπιταφίων

2098 1469 2349 1540 τεχνικὴν
2379 1469 2664 1539 διαίρεσιν,
2698 1469 2912 1539 πρόεισι
2938 1466 3035 1521 καὶ
3066 1464 3218 1535 αὐτῷ
3247 1466 3276 1517 ὁ
3305 1464 3468 1531 λόγος
3492 1476 3507 1491 ’
3548 1461 3702 1531 μετά

2099 1558 2207 1631 γὰρ
2232 1558 2326 1631 τὴν
2374 1558 2588 1612 ἔκθεσιν
2635 1561 2729 1613 καὶ
2761 1559 2856 1630 τὴν
2893 1556 3004 1611 τῶν
3038 1554 3330 1627 πρακτέων
3371 1552 3702 1617 ὲξάπλωσιν

425 1651 595 1707 tionis
627 1654 922 1722 capitibus,
953 1654 1198 1719 solemne
1222 1663 1340 1711 erat
1366 1657 1630 1727 antiquis,
1672 1673 1799 1712 cum
1838 1658 1997 1713 tinem

2125 1652 2215 1723 ῷν.
2232 1650 2561 1719 κεφαλαίων,
2591 1650 2742 1713 τέλος
2764 1650 2859 1703 καὶ
2886 1646 3217 1720 παραμυθίᾳ
3232 1643 3343 1699 τῶν
3371 1642 3703 1715 προσηκόν-

425 1734 643 1795 dicendl
689 1740 953 1807 facerent,
994 1744 1050 1798 in
1096 1746 1625 1815 consanguineorum
1666 1748 2000 1802 consolatio-

424 1848 553 1889 nem
576 1835 879 1891 orationem
903 1846 1243 1893 convertere.

496 1927 608 1980 Kal
649 1925 824 1981 τοῦτο
848 1926 1154 1997 ὑμέτερον.
1197 1929 1267 1984 Se
1294 1937 1523 1985 excusat
1549 1945 1619 1985 ne
1673 1932 1869 1986 mirum
1913 1945 2003 1988 se-

425 2015 593 2075 nibus
623 2016 895 2083 videatur,
924 2014 985 2072 Si
1040 2033 1157 2088 ego,
1199 2018 1403 2088 inquit,
1423 2019 1636 2088 juvenis
1682 2022 2001 2078 admonendi

427 2123 621 2160 munus
660 2108 969 2177 suscipiam,
1002 2118 1057 2164 et
1091 2110 1296 2181 aliquid
1342 2113 1539 2167 rectius
1572 2129 1732 2183 quam
1773 2131 1864 2169 cos
1899 2115 2003 2184 ipsi

428 2198 604 2253 dicere
628 2199 817 2254 videar
846 2214 866 2253 :
917 2217 1042 2255 nam
1065 2209 1116 2256 et
1148 2202 1245 2256 hoc
1293 2219 1497 2274 quoque
1522 2214 1750 2259 vestrum
1770 2219 1871 2273 est,
1908 2209 2002 2278 qui

428 2291 554 2346 vitae
584 2291 746 2347 nobis
767 2299 821 2345 et
858 2292 1105 2348 scientia!
1129 2304 1387 2350 auctores
1413 2296 1706 2354 exsistitis.

460 2450 462 2452 ν
503 2378 641 2434 Οὐδ’
662 2383 766 2436 ό...
785 2380 927 2448 ,βίος
945 2384 1200 2451 μακρός.
1230 2382 1294 2438 Si
1322 2397 1449 2439 cum
1475 2384 1662 2441 divina
1696 2393 1757 2442 et
1811 2388 2007 2458 sempi-

431 2479 588 2526 terna
613 2478 813 2526 natura
850 2482 1222 2543 comparetur,
1279 2474 1481 2546 inquit,
1520 2492 1591 2532 ne
1620 2485 1738 2532 tota
1780 2479 2003 2549 quidem

428 2561 669 2618 hominis
700 2563 810 2618 vita
845 2564 901 2619 in
958 2566 1227 2634 terrisque
1269 2569 1622 2623 conversatio
1654 2569 1816 2639 longa
1871 2578 2002 2635 est;

430 2651 753 2723 vigesimum
811 2668 1007 2723 nempe
1062 2669 1230 2724 supra
1257 2657 1616 2712 centesimum
1658 2672 1863 2712 annum
1918 2660 2007 2712 vix

433 2758 682 2813 unquam
726 2745 1025 2815 attingens,
1060 2746 1260 2800 nedum
1306 2747 1389 2802 hae
1443 2749 1569 2802 vitae
1616 2749 1865 2818 reliquiae
1887 2764 2009 2819 quae

429 2837 594 2893 nobis
622 2844 943 2906 supersunt,
989 2837 1125 2893 illud
1145 2839 1292 2893 enim
1313 2847 1658 2909 praeoccupat
1699 2839 1843 2908 quod
1879 2854 2008 2894 mox

432 2926 683 2983 dicturus
709 2934 816 2992 est,
846 2944 1057 3000 nempe,
1082 2930 1255 2983 Πόσον
1305 2931 1450 3000 ἡμᾶς
1479 2930 1618 3002 aper.
1664 2932 2004 3002 Καισάριοςς

2097 1760 2208 1797 των
2222 1744 2273 1796 οἱ
2303 1742 2523 1796 παλαιοὶ
2555 1743 2872 1814 κέχρηνται.

2170 1940 2292 1996 Col.
2327 1940 2432 1993 777
2463 1936 2503 1991 Β
2534 1941 2587 1994 5.
2613 1938 2722 1994 Καὶ
2750 1938 2927 1993 τοῦτο
2946 1937 3256 2007 ὑμέτερον.
3303 1932 3701 2005 ’Υπεραπολο-

2100 2033 2279 2100 γεῖται
2308 2030 2382 2101 μὴ
2435 2029 2746 2098 θαυμαστὸν
2783 2029 3003 2100 γέρουσι
3058 2025 3242 2091 δόξαι,
3281 2023 3564 2078 νουθετεῖν
3607 2022 3705 2076 τὸν

2102 2123 2240 2187 νέον,
2306 2122 2490 2191 φησὶν,
2538 2121 2658 2191 ἐμὲ,
2719 2119 2773 2173 εῐ
2832 2137 2885 2173 τι
2930 2118 3027 2171 καὶ
3055 2118 3275 2187 ἄμεινον
3314 2116 3497 2184 λέγειν
3534 2113 3706 2185 ὑμῶν

2103 2213 2272 2268 δοκῶ⁶
2341 2214 2606 2285 ὑμέτερον
2658 2213 2767 2285 γάρ
2816 2212 2932 2265 ἐστι
2981 2208 3284 2274 καὶτοῦτο,
3316 2207 3425 2261 τῶν
3462 2208 3568 2261 καὶ
3601 2204 3705 2259 τοῦ

2104 2299 2244 2357 εἶναι
2272 2305 2365 2356 καὶ
2397 2302 2492 2355 τοῦ
2526 2300 2723 2354 εἰδέναι
2741 2302 2877 2370 ἡμῖν
2902 2298 3114 2351 αἰτίων.

2176 2392 2314 2448 Ibid.
2342 2392 2394 2446 7.
2429 2391 2618 2447 Οὐδ’ὁ
2640 2390 2760 2457 πᾶς
2778 2389 3094 2459 ἀνθρώπου
3116 2389 3251 2459 (53‘)
3266 2387 3407 2453 βίος
3430 2386 3705 2455 μακρός.

2106 2481 2185 2551 Τῇ
2220 2479 2341 2551 Θείᾳ
2360 2479 2521 2549 φύσει
2558 2480 2652 2534 καὶ
2683 2481 3021 2552 ἀτελευτήτῳ
3061 2477 3574 2549 παραϐαλλόμενος,
3601 2491 3700 2546 qua.

2108 2571 2216 2631 σὶν,
2269 2570 2390 2623 οὐδὲ
2420 2572 2449 2622 ὁ
2497 2570 2609 2633 πᾶς
2646 2568 2937 2640 ἀνθρώπου
2986 2568 3102 2638 βίος
3143 2568 3298 2638 καὶὴ
3332 2563 3447 2635 ζωὴ
3482 2564 3709 2635 μακρός

2107 2661 2254 2713 ἐστιν
2285 2660 2335 2713 οἳ
2372 2657 2487 2730 (54)
2522 2660 2591 2714 τὰ
2618 2661 2813 2714 ἑκατὸν
2845 2660 3017 2713 εἴκοσι
3032 2659 3195 2729 τυχὸν
3227 2658 3326 2728 τῆς
3358 2657 3508 2727 ζωῆς
3542 2656 3648 2728 ἐτη
3686 2671 3704 2685 ·

2105 2752 2226 2822 οὐχὶ
2242 2751 2299 2805 δὲ
2325 2752 2384 2803 τὸ
2412 2752 2511 2821 τῆς
2550 2750 2695 2822 ζωῆς
2741 2752 2993 2821 λείψανον
3022 2751 3180 2822 ἡμῶν
3209 2751 3304 2803 καὶ
3333 2749 3394 2802 τὸ
3424 2749 3705 2818 λειπόμεο

2108 2860 2197 2896 νον
2221 2841 2301 2896 έτι
2321 2860 2334 2873 ο
2354 2843 2491 2914 πρὸς
2515 2844 2716 2915 γὰρτὸ,
2741 2846 2948 2897 Πόσον
2973 2843 3132 2912 ἡμᾶς
3161 2843 3310 2912 ἔφθη
3341 2841 3705 2909 Καισάρωςί

2109 2935 2139 2986 ὀ
2163 2935 2364 2999 σκοπὸς
2391 2936 2514 3007 ἁρᾷο
2538 2935 2689 2991 δύσιν
2715 2936 2772 2990 δὲ
2793 2937 2892 3007 τῆς
2913 2936 3260 3010 ἀνθρωπίνης
3283 2935 3429 3006 ζωῆς
3446 2934 3594 3006 (δι’)
3613 2933 3708 2987 τὸν

436 3019 712 3087 (quantum
741 3036 834 3074 nos
878 3021 1161 3075 antevertit
1186 3018 1449 3076 Caesarius
1466 3022 1511 3093 ?)
1547 3022 1775 3079 Mortem
1823 3031 2006 3079 autem

2125 3025 2338 3080 ὶάνατον
2369 3021 2511 3080 εἷπε.

434 3125 682 3163 occasum
717 3111 954 3182 appellat
986 3111 1108 3166 vitae
1136 3112 1404 3167 humanae.

504 3200 615 3254 Καὶ
649 3202 1003 3257 παλαιστῶν
1022 3202 1265 3273 μέτρον.
1291 3203 1711 3261 Mensurabilem
1734 3207 1808 3260 ait
1828 3222 2014 3261 nume—

437 3307 596 3357 rum;
629 3308 898 3348 mensuras
923 3295 1068 3348 enim
1102 3310 1275 3365 genus
1305 3304 1393 3351 est
1438 3297 1653 3366 palmus
1682 3315 1697 3353 :
1731 3297 2012 3352 Palmares

438 3383 668 3451 posuisti
716 3382 827 3437 dies
858 3400 1020 3449 meos,
1052 3386 1234 3455 inquit
1261 3387 1449 3454 David,
1480 3387 1536 3442 id
1566 3397 1653 3443 est
1684 3390 2015 3444 mensurabi-

439 3472 535 3525 les.
562 3470 784 3527 Palmus
819 3480 1000 3528 autem
1024 3488 1282 3529 mensura
1301 3483 1409 3540 est,
1428 3491 1549 3546 quae
1571 3486 1809 3547 quatuor
1829 3480 2015 3551 digitis

438 3560 868 3629 coluerentibus,
921 3564 1009 3618 vel
1056 3565 1225 3620 etiam
1275 3582 1482 3637 pugno,
1544 3577 1781 3638 quatuor
1820 3588 2020 3643 nempe

438 3651 629 3721 digitis
659 3651 895 3708 interius
915 3651 1088 3719 ﬂexis,
1122 3666 1562 3725 repraesentatur,
1594 3660 1808 3731 alioque
1837 3663 2017 3718 nomi-

438 3755 511 3799 ne
534 3739 710 3812 δῶρον
739 3743 880 3812 apud
912 3741 1132 3801 Graecos
1162 3746 1485 3816 appellatur.
1524 3747 1798 3807 Hesiodus
1823 3768 1837 3804 :

510 3832 963 3903 ,Trispithameam
980 3846 1110 3892 rota:
1141 3850 1480 3896 curvaturam
1491 3858 1669 3900 secare
1695 3845 1751 3899 in
1770 3846 2018 3916 decapai-

438 3938 787 3979 utaricurru.

497 4015 717 4072 ,Πάντα
745 4019 1079 4088 ματαιότης
1110 4022 1540 4091 ματαιοτήτων.
1567 4024 1782 4082 Dictum
1814 4037 1900 4085 est
1925 4043 2020 4083 va-

439 4108 671 4165 nitatem
708 4125 833 4165 esse
863 4112 1011 4182 quod
1045 4121 1250 4169 temere
1264 4113 1331 4169 lit
1368 4125 1464 4170 aut
1503 4116 1731 4183 dicitur,
1762 4118 2021 4191 quodque

440 4200 610 4255 veluti
663 4201 819 4256 labor
847 4212 915 4258 et
959 4202 1181 4258 aﬂlictio
1226 4213 1313 4260 est
1356 4207 1610 4274 inutilis;
1666 4209 1822 4264 labor
1870 4211 2018 4265 enim

440 4292 656 4348 inutilis
681 4293 1100 4365 ﬁquodammodo
1155 4295 1375 4352 aﬂlictio
1426 4306 1531 4354 est.
1581 4299 1740 4370 Apud
1788 4299 2021 4357 Ecclesi-

441 4393 616 4442 astem
672 4357 805 4442 vero
850 4388 1070 4442 vanitas
1119 4403 1231 4444 non
1270 4397 1358 4445 est
1400 4390 1605 4461 aliquid
1631 4357 2019 4449 lsubsistentia
2049 4357 2093 4413 Β

444 4493 666 4546 carens;
705 4479 870 4536 habet
897 4480 1045 4536 enim
1069 4482 1300 4553 spiritus
1327 4489 1381 4538 et
1401 4498 1568 4549 aurae,
1599 4483 1652 4538 id
1682 4492 1767 4540 est
1795 4486 2015 4551 animae,

441 4571 950 4640 praesumptionem.
982 4570 1227 4641 Magistri
1248 4583 1485 4628 mentum
1510 4582 1734 4630 secutus
1761 4574 2016 4641 Basilius,

444 4661 561 4716 Hoc
591 4669 691 4724 est,
725 4661 927 4732 inquit,
961 4664 1385 4719 inconsideratae
1417 4664 1633 4735 quidam
1658 4666 1830 4720 animi
1856 4666 2019 4736 impe-

446 4763 532 4806 tus
565 4762 616 4806 et
643 4769 777 4807 vana
800 4752 1031 4807 hominis
1061 4752 1368 4809 distractio.

520 4844 701 4909 Τέλος
719 4845 969 4913 λόγος...
990 4845 1138 4899 Θεὸν
1158 4846 1367 4915 φοϐοῦ.
1386 4845 1791 4912 Animadverte,
1821 4846 2018 4918 inquit,

447 4931 551 4988 hoc
584 4932 850 4987 duntaxat
880 4935 1155 4990 commodi
1185 4950 1253 4991 ex
1274 4935 1377 4989 hac
1402 4937 1509 4989 vita
1531 4937 1638 4990 tibi
1666 4952 2018 4995 accessurum

446 5035 509 5079 ut
544 5041 643 5096 per
670 5041 855 5081 rerum
883 5025 1185 5082 visibilium
1204 5025 1684 5097 perturbationem
1713 5039 1769 5081 et
1788 5025 2020 5083 ﬂuctua-

445 5119 649 5173 tionem
684 5117 753 5173 ad
783 5133 873 5175 res
911 5118 1048 5175 ﬁxas
1072 5127 1128 5173 et
1152 5132 1443 5173 mansuras
1468 5116 1782 5175 deducaris.

515 5208 717 5265 Kai....
749 5210 898 5278 πρὸς
936 5209 1011 5263 τὰ
1047 5207 1189 5262 ἅνω.
1232 5205 1497 5277 Spiritum
1544 5216 1802 5263 sanctum
1841 5206 2020 5263 innuit

518 5365 630 5438 (53)
658 5365 808 5438 .Edriti
830 5367 1198 5438 εὑρίσκοιμεν.

544 5436 656 5507 55‘)
680 5437 819 5507 Editi
842 5436 1166 5507 ἀνθρώπων.

546 5506 634 5577 54)
665 5506 756 5577 Sic
789 5506 976 5562 codei.
1015 5506 1157 5576 Lege
1186 5506 1242 5577 ἦ.

524 5574 660 5657 (iit)
685 5575 931 5657 Mouet
960 5574 1232 5657 (mile—pro
1254 5574 1406 5643 λύσις
1429 5585 1483 5635 et
1500 5578 1667 5652 πνοῆς
1696 5576 1927 5638 Basilius
1961 5579 2015 5636 in

452 5652 607 5700 textu
637 5661 738 5702 suo
767 5648 964 5717 legisse
993 5648 1226 5703 videtur.

2183 3205 2317 3260 Ibid.
2357 3204 2400 3259 D
2429 3206 2480 3259 7.
2515 3205 2624 3262 Kal
2652 3204 3004 3260 παλαιστῶν
3018 3206 3261 3275 μέτρον.
3292 3205 3590 3278 Μετρητδν
3614 3203 3709 3259 λέ-

2111 3312 2204 3367 γει
2254 3297 2525 3367 ἀριθμόν·
2580 3297 2780 3369 μέτρου
2815 3297 2926 3368 γὰρ
2969 3294 3111 3362 εἶδος
3154 3302 3188 3370 ἡ
3235 3298 3536 3369 παλαιστή.
3584 3302 3707 3353 Ha-

2108 3389 2370 3455 λαιστὰς
2399 3388 2540 3443 ἔθου
2566 3388 2674 3455 τὰς
2694 3389 2921 3459 ἡμέρας
2944 3408 3086 3460 μου,
3119 3393 3282 3460 φησὶν
3303 3392 3332 3443 ὁ
3361 3390 3531 3443 Δαυῒδ
3567 3389 3709 3461 (55)»

2116 3483 2293 3535 εῐτουν
2318 3482 2646 3553 ’μετρητάςο
2685 3482 2958 3554 παλαιστὴ
3003 3483 3060 3536 δέ
3101 3485 3217 3536 ἐστι
3249 3483 3468 3554 μέτρον,
3504 3483 3710 3536 τεσσά-

2121 3589 2228 3644 ρων
2262 3571 2540 3625 δακτύλων
2567 3573 2884 3643 ἐπαλλήλως
2915 3572 3361 3644 συντεθειμένων,
3393 3573 3426 3642 ἢ
3464 3576 3567 3628 καὶ
3601 3573 3713 3638 πὺξ

2116 3663 2249 3716 εἴσω
2273 3662 2563 3716 κλιθέντων
2585 3664 2695 3717 τῶν
2722 3663 3024 3732 δακτύλων,
3048 3663 3081 3717 ὃ
3105 3664 3199 3719 καὶ
3222 3664 3396 3736 δῶρον
3425 3665 3708 3720 καλεῖται.

2129 3755 2373 3819 Ἡσίοδος
2397 3755 2555 3827 (55°)-

2125 3848 2526 3918 Τρισπίθαμον
2564 3848 2616 3902 δ’
2651 3848 2802 3918 ἄψιν
2839 3847 3087 3919 τάμνειν
3129 3847 3441 3917 δεκαδώρῳ
3474 3849 3707 3920 ἁμάξῃ.

2191 4027 2309 4085 Col.
2340 4027 2445 4082 780
2470 4028 2514 4080 Α
2546 4028 2635 4082 14.
2674 4027 2879 4081 Πάντα
2905 4026 3231 4096 ματαιότης
3255 4026 3705 4095 ματαιοτήτων.

2119 4122 2345 4193 Εἴρηται
2368 4121 2495 4192 περὶ
2523 4121 2902 4190 ματαιότητος,
2925 4119 3007 4172 ὅτι
3026 4118 3087 4171 τὸ
3109 4119 3230 4188 εἰκῆ
3247 4118 3536 4188 γινόμενόν
3557 4122 3711 4172 ἐστιν

2118 4207 2153 4278 ἢ
2199 4207 2526 4278 λεγόμενον·
2576 4207 2611 4279 ἢ
2657 4207 2753 4261 καὶ
2796 4208 2872 4270 ὼς
2924 4205 3026 4277 ἀτη
3086 4207 3179 4259 καὶ
3230 4205 3403 4277 βλάϐη
3443 4207 3711 4279 ἀνόνητός

2120 4298 2303 4350 ἐστιν’
2356 4298 2386 4350 ὃ
2432 4296 2489 4351 δὲ
2537 4296 2811 4365 ἀνωφελὲς
2852 4297 2945 4350 καὶ
2990 4295 3091 4367 ἀτη
3139 4296 3276 4359 ἐστὶ,
3332 4296 3538 4366 τρόπον
3582 4296 3710 4350 τινὰ

2120 4386 2300 4458 βλάϐη
2317 4386 2464 4441 ἐστίν
2483 4404 2496 4417 ⁸
2529 4389 2557 4440 ὁ
2577 4387 2635 4440 δὲ
2667 4387 3097 4457 Ἐκκλησιαστὴς
3117 4387 3215 4457 οὐχ
3244 4387 3319 4450 ὠς
3349 4386 3710 4460 ἀνύπαρκτόν

2122 4495 2199 4544 τι,
2223 4478 2361 4533 ἀλλὰ
2386 4478 2693 4550 πνεύματός
2717 4496 2777 4545 τε
2805 4479 2902 4532 καὶ
2930 4477 3104 4550 αὔρας
3131 4479 3208 4542 ὡς
3237 4478 3416 4550 ψυχῆς
3445 4481 3710 4552 προαίρε-

2127 4585 2211 4622 σιν
2245 4568 2386 4639 ἔχον.
2420 4568 2578 4623 Κατὰ
2605 4568 2696 4622 τὺν
2725 4569 2849 4622 νοῦν
2885 4567 2979 4620 τοῦ
3006 4567 3329 4621 διδασκάλου
3361 4566 3621 4640 ἐξειληφε
3647 4567 3709 4621 τὸ

2126 4658 2290 4729 ῥητόν
2308 4674 2322 4690 ·
2353 4657 2579 4727 ἄλογος,
2602 4658 2788 4728 φησὶν,
2824 4656 2969 4730 ὁρμὴ
3003 4656 3180 4727 ψυχῆς
3205 4658 3345 4724 ἐστι,
3378 4657 3475 4711 καὶ
3500 4657 3711 4730 ἀνθρώ-

2124 4766 2227 4803 που
2255 4749 2638 4822 περισπασμδς
2666 4749 2929 4820 ἀκερδής.

2195 4842 2333 4897 Ibid.
2360 4841 2403 4895 B
2430 4843 2482 4897 '5.
2512 4841 2694 4907 Τέλος
2718 4843 2930 4910 λόγου,
2955 4841 3023 4896 τὸ
3046 4840 3171 4897 πᾶν
3190 4842 3394 4907 ἄκουε,
3421 4843 3533 4898 τὸν
3557 4843 3707 4898 Θεὸν

2124 4932 2335 5001 φοϐοῦ.
2380 4931 2695 5003 Σημείωσαι
2737 4932 2917 4997 τοῦτο,
2971 4933 3126 5001 φησὶ,
3164 4930 3325 5001 μόνον
3373 4932 3566 5003 κέρδος
3605 4934 3705 5003 τῆς

2124 5022 2357 5077 ἐνταῦθα
2383 5021 2548 5094 ζωῆς,
2576 5019 2665 5076 διὰ
2692 5021 2793 5092 τῆς
2833 5023 3079 5094 ταραχῆς
3119 5024 3214 5076 καὶ
3246 5023 3569 5096 ἀνωμαλίας
3595 5025 3704 5078 τῶν

2124 5114 2358 5186 ὁρατῶν,
2392 5115 2484 5168 ἐπὶ
2513 5115 2584 5168 τὰ
2608 5113 2819 5167 έστῶτα
2846 5112 3180 5185 eammeam
3213 5113 3309 5166 καὶ
3345 5114 3597 5184 μένοντα.

2197 5199 2334 5263 ibid.
2374 5204 2416 5261 C
2467 5207 2519 5261 i.
2565 5204 2675 5260 Καὶ
2713 5204 2794 5271 τῷ
2824 5204 3116 5273 πνεύματι
3165 5203 3409 5274 φέροντι
3443 5205 3596 5275 πρὸς
3631 5203 3702 5259 τὰ

2195 5365 2311 5444 (55)
2349 5362 2552 5444 Ιξεεειηι.
2586 5378 2818 5444 ιξχνιμι,
2848 5360 2905 5444 ξ,
2921 5360 3016 5444 ubi
3039 5359 3164 5444 cod.
3195 5358 3700 5444 Vatican.‘pro_'nu-

2124 5431 2535 5561 ﬁalis-caqdhabct
2566 5433 2818 5496 παλαιάς.
2858 5432 3169 5498 Παλαιστὰς
3194 5432 3355 5491 lectio
3379 5439 3463 5490 est
3483 5431 3699 5490 'codicis

2193 5522 2328 5562 exan
2372 5522 2500 5560 run.

2196 5578 2329 5650 (55')
2355 5579 2508 5646 Ἕργ.
2540 5594 2594 5632 κ.
2630 5576 2731 5647 fut.
2762 5574 2886 5631 428.
