3872 6222
267 149 407 204 119³1
898 144 1189 203 SCHOLIA
1218 144 1309 201 AD
1345 141 1750 200 ORATIONEM
1788 139 1948 197 FUN.
1989 140 2056 195 IN
2093 133 2470 195 CIESARIUM
2505 121 2882 195 FRATREM.

3373 144 3511 201 H98

268 267 412 321 ἀνω.
461 265 620 318 Ἤτοι
647 263 724 336 τῷ
759 263 930 333 ἁγίῳ,
959 263 995 334 ἢ
1033 263 1113 334 τῷ
1140 261 1312 335 νοερῷ
1342 263 1445 332 τῆς
1473 262 1670 333 ψυχῆς.
1727 260 1840 313 ’Δεὶ

1971 256 2023 312 'el
2059 255 2481 312 intellectualem
2507 250 2704 308 animae
2746 266 2954 314 nostrae
2979 267 3200 329 partem,
3226 276 3345 331 quae
3377 279 3514 318 sem-

267 357 379 428 γάρ
415 358 512 410 καὶ
544 355 677 409 αὐτὸ
707 355 918 423 ἐφίεται
956 354 1050 408 τοῦ
1092 352 1298 423 ἀγαθοῦ
1331 354 1427 406 καὶ
1456 353 1565 405 τῶν
1606 352 1719 406 ἄνω
1745 351 1842 405 καὶ

1971 362 2046 402 »ετ
2071 349 2139 403 ad
2167 348 2393 412 bonum,
2423 346 2492 400 ad
2519 359 2582 402 ea
2618 359 2742 415 qua
2773 363 2994 404 sursum
3031 359 3180 414 sunt,
3212 359 3266 406 et
3300 353 3364 408 ad
3395 368 3515 408 cm-

265 447 562 518 ούρανίωψ
594 445 741 500 ἕλκει
769 445 826 498 δὲ
857 445 952 499 καὶ
990 445 1051 498 τὸ
1078 444 1257 516 σῶμα,
1292 443 1347 496 εῐ
1375 461 1439 513 γε
1462 443 1570 514 ἄρα
1607 441 1842 512 γνησίως

1971 440 2102 495 estia
2137 445 2328 509 sponte
2361 438 2616 497 tendens.
2663 437 2846 508 ipsum
2893 455 3092 510 corpus
3131 457 3315 498 secum
3348 446 3511 515 rapit,

271 537 346 609 τῷ
377 539 632 607 συγγενεῖ
658 535 948 605 ἑποίμεθα.

338 713 475 768 lbid.
523 713 611 766 15.
679 712 763 765 Οὐ
816 709 1220 780 φιλοσοφήσει
1265 707 1339 763 τὰ
1400 705 1840 776 Ἱπποκράτους.

265 800 430 860 Οὗτοι
472 805 684 874 ἀριστοι
722 803 1007 871 γεγόνασιν
1049 801 1282 871 ἰατρῶν,
1321 800 1559 862 καὶτοῖς
1603 797 1844 869 συγγρά-

267 913 430 964 φουσι
465 893 871 964 θαυμαζόμενοι
892 911 906 927 ο
947 887 1028 955 οἷς
1063 892 1318 960 γεγόνασί
1343 908 1484 954 τινες
1511 890 1606 944 καὶ
1633 889 1844 942 ἀντίθε-

264 1002 373 1049 τοι,
415 983 678 1036 τάναντία
711 981 768 1036 ἐν
800 999 908 1036 τισι
935 982 1030 1034 καὶ
1053 981 1358 1052 γράψαντες
1383 980 1475 1034 καὶ
1509 979 1846 1032 σπουδάσαν-

263 1092 382 1138 τες.
422 1074 611 1136 Ὅπως
642 1073 699 1125 δὲ
737 1073 822 1124 ἐπ’
859 1072 1168 1142 ἀλλοτρίαις
1212 1072 1516 1142 συμφοραῖς
1550 1070 1724 1142 ἰατροὶ
1751 1068 1845 1122 λύ-

266 1184 381 1230 πας
402 1164 719 1237 καρπῶνται
746 1164 880 1235 (56),
905 1164 1139 1235 εἴρηταιυ
1156 1165 1270 1227 τοῖς
1281 1160 1498 1215 νοσοῦσι
1522 1159 1630 1232 γὰρ
1659 1159 1754 1214 καὶ
1779 1161 1837 1213 ὲν

265 1257 577 1326 συμφοραῖς
597 1249 717 1308 οὖσι
743 1254 1144 1324 συμπάσχουσι,
1172 1254 1266 1306 καὶ
1293 1251 1528 1323 μάλιστα
1551 1252 1671 1314 ταῖς
1706 1251 1843 1303 ἀπο-

262 1347 506 1418 τυχίαις.

338 1519 476 1575 lbid.
520 1518 564 1572 ι)
595 1519 650 1575 2.
686 1521 808 1574 Οὐκ
846 1519 1152 1584 ἀποδείξει
1191 1517 1264 1572 τὰ
1296 1516 1652 1573 Εὐκλείδου.
1685 1506 1844 1570 Οὗτοι

1943 528 2238 584 dummodo
2266 529 2560 600 congenito
2606 528 2769 585 nobis
2816 529 3145 601 [caelestium
3179 533 3386 607 studio]
3412 535 3513 590 ob-

1942 627 2329 688 temperemus.

2009 712 2092 764 Οὐ
2130 710 2541 780 φίλοσοφήσει
2577 712 2649 765 τὰ
2680 711 3120 780 Ἱπποκράτους.
3156 712 3514 784 Hippocrates

1942 810 1996 857 et
2025 801 2263 858 Galenus
2314 803 2618 873 principem
2670 802 2813 858 inter
2865 804 3108 860 medicos
3145 804 3326 860 locum
3367 807 3513 862 obti.

1944 907 2134 956 nuere,
2193 893 2538 962 maximeque
2589 907 2620 946 a
2678 894 3035 964 scriptoribus
3082 895 3288 950 laudati
3338 905 3509 952 sunt:

1945 991 2304 1038 surrexerunt
2365 991 2551 1038 tamen
2606 983 2869 1039 doctrina:
2919 984 3137 1041 illorum
3187 983 3512 1053 adversarii,

1943 1071 2038 1140 qui
2073 1069 2350 1124 contraria
2374 1070 2714 1141 scripserunt
2738 1080 2793 1127 et
2823 1073 2995 1128 secuti
3032 1082 3180 1128 sunt.
3227 1072 3516 1138 Quomodo

1945 1177 2074 1218 vero
2103 1161 2300 1216 medici
2325 1177 2394 1217 ex
2428 1162 2623 1218 alienis
2671 1162 3077 1219 calamitatibus
3107 1165 3353 1234 proprias
3399 1181 3514 1220 mo-

1945 1252 2132 1306 lestias
2158 1252 2378 1321 capiant
2407 1252 2734 1322 explicatum
2765 1260 2849 1308 est
2877 1271 2890 1308 :
2926 1255 3320 1323 aegrotantibus
3371 1255 3517 1312 vide-

1945 1342 2074 1396 licet
2098 1351 2153 1396 et
2181 1341 2419 1409 alllictis,
2468 1343 2811 1414 maximeque
2829 1344 2901 1400 ob
2933 1342 3217 1401 adversam
3239 1345 3516 1401 fortunam

1943 1433 2387 1503 desperantibus,
2425 1436 2856 1503 compatiuntur.

2019 1523 2145 1579 Οὐκ
2184 1523 2488 1588 ἀποδείξει
2525 1524 2597 1578 τὰ
2633 1523 2988 1579 Εὐκλείδου.
3025 1523 3090 1580 Hi
3124 1533 3256 1582 sunt
3301 1541 3516 1596 geome-

259 1611 598 1683 γεωμετρῶν
617 1611 882 1682 βέλτιστοι
901 1627 916 1642 ’
946 1611 1276 1682 Πτολεμαῖος
1299 1609 1356 1663 δὲ
1377 1609 1472 1662 καὶ
1495 1605 1842 1680 ἀστρονόμων

1974 1626 2158 1666 rarum
2202 1612 2512 1682 principes;
2545 1610 2870 1669 Ptolemaeus
2911 1623 3094 1670 autem
3129 1600 3320 1702 πψψὲ
3350 1619 3516 1674 etiam

261 1704 502 1768 πολλῶν,
542 1704 742 1775 μᾶλλον
773 1704 830 1757 δὲ
863 1704 1083 1758 πάντων
1115 1703 1424 1773 διήνεγκεν.

337 1796 458 1852 Col.
486 1795 586 1849 ’181
621 1796 667 1848 Α
695 1795 748 1849 2.
785 1797 868 1849 Οὐ
897 1793 1320 1848 καλλωπιεῖται
1346 1791 1472 1858 τοῖς
1502 1790 1848 1856 Πλάτωνος.

261 1889 378 1941 Καὶ
406 1880 552 1940 οὗτοι
591 1885 895 1956 φιλοσόφων
931 1886 982 1938 οἱ
1015 1882 1408 1956 δοκιμώτατον
1444 1881 1680 1953 μάλιστα
1710 1881 1848 1935 πάν-

259 1995 375 2032 των
401 1979 625 2032 Πλάτων
655 1977 750 2031 καὶ
787 1975 1164 2047 Ἀριστοτέλης
1192 1974 1565 2044 ὑπέρκεινται.

342 2068 480 2123 Ibid.
522 2068 564 2122 Β
601 2069 654 2122 5.
686 2067 799 2122 Kal
825 2067 1052 2136 μητρὸς
1093 2065 1282 2132 πάθος
1315 2064 1647 2119 κενοῦνται.
1685 2063 1846 2128 Πῶς;

263 2160 350 2214 Δι’
379 2158 767 2229 ὑποσχέσεως
820 2156 1009 2226 καλῆς
1035 2157 1133 2211 καὶ
1164 2157 1363 2222 ὁσίας,
1407 2155 1618 2210 δοῦναι
1654 2155 1850 2208 πάντα

264 2250 351 2316 τῷ
382 2249 547 2303 παιδὶ
570 2249 685 2322 ς57)
717 2247 796 2318 τῷ
818 2247 1029 2302 ἐκείνου
1049 2261 1062 2276 ⁸
1096 2246 1186 2300 διὰ
1215 2245 1324 2299 τῶν
1354 2246 1622 2316 πενήτων,
1649 2247 1742 2298 καὶ
1781 2244 1848 2298 δι’

263 2334 346 2395 ὧν
377 2341 440 2394 τὸ
472 2342 569 2412 τῆς
602 2339 806 2411 μητρὸς
848 2337 1147 2392 κεκένωται
1190 2336 1292 2406 τῆς
1329 2336 1506 2408 λύπης
1545 2335 1738 2399 πάθος,
1780 2337 1846 2406 τῇ

265 2431 553 2502 φιλοτιμίᾳ
586 2430 936 2501 διαχυθείσης
967 2428 1048 2491 εἰς
1077 2427 1362 2498 εὐθυμίαν.

342 2520 476 2575 Ibid.
501 2520 588 2572 11.
619 2519 897 2588 Πείθομαι
926 2517 1136 2587 σοφῶν
1155 2517 1380 2586 λόγοις,
1411 2516 1572 2588 μέχρι
1603 2513 1718 2577 τοῦ,
1748 2513 1851 2569 ἅτε

264 2611 378 2666 τοῦ
433 2610 922 2676 ἑπισκοτοῦντος.
977 2608 1088 2663 Τοῦ
1135 2605 1577 2676 συνδεδεμένον
1624 2607 1850 2660 ἀπολυ-

269 2703 464 2764 θεῖσα,
492 2701 767 2771 σώματος
790 2701 902 2771 (53)
920 2700 1185 2772 δηλονότι,
1204 2701 1260 2751 ἐν
1282 2696 1626 2768 συναισθήσει
1652 2695 1848 2748 αὐτίκα

267 2796 484 2866 γίνεται
517 2793 612 2846 τοῦ
658 2792 823 2847 καλοῦ
864 2795 896 2863 ή
942 2791 1109 2862 ψυχή.
1168 2791 1240 2843 Ἢ
1269 2787 1678 2852 άποτεθέντος,
1716 2787 1846 2858 φησὶ

268 2888 460 2941 πάλιν.
501 2886 691 2951 Τίνος;
739 2885 812 2938 Οὐ
858 2883 954 2937 τοῦ
1003 2883 1254 2954 σώματος
1305 2880 1520 2944 ἁπλῶς·
1557 2878 1696 2932 οὕτω
1739 2877 1849 2948 γὰρ

1950 1706 2300 1770 astronomis,
2331 1675 2444 1758 imo
2473 1675 2727 1761 omnibus
2757 1705 3056 1762 antecellit.
3133 1697 3142 1718 ”
3173 1675 3200 1724 ’ἶ

2014 1797 2097 1848 Οὐ
2124 1793 2546 1848 καλλωπιεῖται
2572 1795 2696 1860 τοῖς
2717 1796 3055 1862 Πλάτωνος.
3082 1796 3148 1851 Et
3169 1797 3222 1854 hi
3247 1808 3375 1855 sunt
3396 1800 3518 1871 phi-

1949 1885 2304 1956 losophorum
2352 1886 2748 1955 illustrissimi;
2811 1887 2908 1943 sed
2952 1889 3207 1945 omnibus
3256 1899 3520 1961 praestant

1947 1976 2107 2030 Plato
2145 1983 2200 2031 et
2231 1975 2580 2031 Aristoteles.

2017 2065 2128 2120 Kal
2169 2065 2397 2135 μητρὸς
2441 2066 2632 2132 πάθος
2684 2068 2982 2123 κενοῦται.
3039 2067 3369 2135 Quomodo?
3409 2069 3521 2127 Per

1948 2157 2269 2226 praeclaram
2323 2157 2581 2214 videlicet
2631 2167 2683 2214 et
2733 2168 2980 2215 sanctam
3028 2161 3517 2230 pollicitationem,

1948 2264 2056 2317 qua
2085 2247 2268 2302 omnia
2297 2246 2436 2303 Filio
2471 2247 2550 2320 [in
2576 2250 2884 2320 sepulcrale
2909 2250 3137 2324 munus]
3171 2267 3230 2308 se
3266 2253 3520 2310 daturam

1947 2339 2140 2408 recipit
2168 2355 2184 2394 :
2219 2339 2489 2394 exhausto
2539 2341 2684 2396 enim
2715 2356 2812 2411 per
2845 2341 3269 2397 muniﬁcentiam
3302 2343 3358 2398 in
3388 2359 3524 2414 pau-

1947 2444 2106 2500 peres
2137 2429 2330 2484 matris
2362 2431 2533 2495 luctu,
2567 2431 2684 2500 ipsa
2723 2431 2912 2487 laetitia
2942 2430 3302 2488 diﬂ'undetur.

2017 2521 2364 2590 Πείθομαι...
2414 2521 2522 2575 τοῦ
2574 2521 3060 2590 ἐπισκοτσῦντος.
3117 2523 3232 2578 Sibi
3265 2523 3526 2594 copulato

1949 2626 2178 2680 corpore
2194 2612 2370 2666 soluta
2383 2627 2560 2678 mens,
2579 2611 2778 2668 bonum
2799 2613 2982 2668 statim
3007 2614 3290 2684 persentit.
3312 2617 3381 2668 Ἢ
3397 2616 3533 2668 ἀπο-

1948 2704 2214 2768 τεθέντος,
2249 2705 2328 2758 vel
2369 2706 2601 2772 deposito
2649 2704 2863 2774 inquit.
2898 2703 3057 2770 Quo?
3092 2703 3212 2760 Non
3240 2705 3360 2776 ipso
3402 2721 3528 2760 cor-

1949 2806 2080 2861 pore
2100 2807 2113 2842 :
2141 2791 2221 2846 sic
2237 2790 2381 2845 enim
2406 2791 2603 2846 melius
2617 2790 3007 2862 distinguitur;
3033 2791 3294 2859 deposita,
3323 2792 3524 2862 inquit,

1951 2882 2214 2950 corporali
2269 2883 2509 2936 crassitie
2564 2898 2682 2951 qua:
2744 2882 2981 2936 tenebras
3031 2883 3266 2952 offundit,
3323 2892 3372 2937 et
3434 2899 3528 2936 ne-

268 2981 497 3048 ἄμεινον
521 2976 868 3031 διαστέλλειν·
899 2973 993 3028 τοῦ
1024 2975 1068 3027 δ’
1093 2971 1506 3035 ὲπισκοτοῦντος
1536 2969 1849 3041 σωματικοῦ

1971 2974 2086 3028 bula
2120 2990 2236 3043 qua:
2279 2975 2334 3026 in
2393 2982 2532 3028 terra
2588 2974 2886 3044 degentibus
2921 2974 3285 3027 obscuritatem
3338 2975 3527 3042 parit:

271 3071 506 3140 πάχους,
566 3068 794 3137 καὶτῆς
845 3066 1070 3137 ἀχλύος,
1123 3065 1221 3134 τῆς
1271 3063 1369 3134 τὴν
1419 3063 1681 3116 σκότωσιν
1717 3061 1855 3124 τέως

1971 3079 2158 3134 :orpus
2204 3062 2476 3134 siquidem
2525 3078 2622 3134 per
2673 3064 3129 3119 resurrectionem
3183 3063 3526 3134 puriﬁcatur,

272 3160 613 3230 ἐμποιούσης
635 3175 648 3188 ·
671 3158 747 3222 ὡς
774 3159 875 3230 ήδη
902 3161 970 3230 τῇ
999 3156 1294 3210 ἀναστάσει
1313 3154 1409 3208 τοῦ
1438 3153 1690 3224 σώματος
1718 3153 1856 3206 ἁπο-

1971 3169 2184 3225 eveque
2209 3162 2263 3208 et
2301 3153 2700 3210 lucidissimum
2747 3153 3004 3211 ell'icitur.
3049 3152 3174 3210 Non
3203 3155 3338 3211 dicit
3379 3155 3530 3210 enim

272 3247 670 3318 καθαρθέντος,
717 3247 810 3300 καὶ
858 3245 1064 3315 κούφου
1125 3245 1221 3299 καὶ
1261 3244 1620 3298 διειδεστάτου
1670 3242 1856 3296 λοιπὸν

1971 3247 2204 3301 animum
2232 3246 2306 3300 ita
2340 3245 2670 3318 deposuisse
2703 3260 2905 3316 corpus
2937 3253 2999 3301 ut
3025 3246 3161 3301 nihil
3184 3261 3248 3302 ex
3279 3245 3372 3302 illo
3405 3253 3532 3315 post

272 3340 677 3411 γεγενημένουο
724 3341 785 3392 οὐ
817 3340 925 3410 γάρ
964 3337 1027 3391 τὸ
1077 3337 1236 3409 σῶμα
1282 3336 1431 3406 λέγει
1477 3334 1856 3390 ἀποτεθεῖσθαι

1971 3335 2426 3390 resurrectionem
2456 3335 2694 3390 retineat
2723 3353 2738 3390 :
2770 3334 2976 3399 anima,
3006 3333 3205 3404 inquit,
3242 3347 3273 3386 a
3299 3347 3534 3402 corpore

274 3433 558 3496 παντελῶς
600 3431 737 3502 μετά
774 3430 872 3502 τὴν
906 3430 1226 3495 ἀνάστασιν,
1249 3431 1317 3500 τῇ
1350 3428 1407 3481 δὲ
1433 3427 1585 3480 λύσει
1623 3427 1740 3496 ἅμα
1766 3427 1856 3480 καὶ

1971 3442 2062 3496 per
2092 3438 2322 3481 mortem
2351 3425 2619 3483 dissoluto
2649 3432 2923 3496 separata,
2955 3423 3090 3480 illud
3128 3433 3310 3480 autem
3345 3423 3400 3478 in
3441 3438 3534 3477 re-

274 3523 358 3594 τῷ
391 3524 608 3594 θανάτῳ
645 3521 1072 3592 ἀποτεθειμένου
1125 3521 1223 3592 μὲν
1263 3519 1493 3583 ἐκείνου,
1531 3521 1597 3590 τῇ
1640 3518 1697 3571 δὲ
1729 3519 1861 3572 ἀνα-

279 3616 470 3668 στάσει
521 3613 718 3674 τελέως
770 3613 864 3666 καὶ
913 3615 980 3682 τῇ
1034 3611 1302 3682 ἐξαλλαγῇ
1352 3610 1446 3664 καὶ⁵
1504 3609 1861 3680 μεταποιήσει

277 3704 659 3772 ἀπαλλαγεῖσα
691 3702 798 3757 τῶν
838 3700 1308 3765 ὲπισκοτούντων,
1352 3700 1660 3772 θαυμασίαν
1699 3698 1862 3762 εὐθύς

276 3815 402 3851 τινα
429 3796 621 3866 ἡδονὴν
650 3795 834 3866 ἥδεται
863 3812 923 3848 τε
958 3795 1052 3848 καὶ¹
1080 3793 1374 3862 ἀγάλλεται
1397 3793 1430 3863 ή
1450 3791 1620 3862 ψυχή.

356 3888 434 3940 Ἢ
452 3886 563 3939 οὑκ
589 3880 742 3948 οῖδα,
775 3881 1004 3954 φησὶν,ὄ
1023 3899 1073 3934 τι
1095 3880 1192 3934 καί
1217 3880 1421 3949 λέγειν
1447 3877 1586 3948 χρὴ,
1613 3877 1750 3947 ὅπερ
1775 3875 1862 3927 αξ-

280 3974 518 4031 νῑττεται
547 3978 612 4046 τῇ
629 3973 1038 4046 διαπορήσει,τά
1053 3971 1337 4043 ἀμφότερα
1354 3972 1469 4040 ἅμα
1489 3965 1863 4037 εἰσάγειν(59),

279 4067 385 4138 τήν
406 4085 464 4120 τε
488 4065 581 4120 τοῦ
607 4065 853 4136 σώματος
867 4063 1037 4130 λύσιν,
1053 4064 1145 4116 καὶ
1165 4062 1261 4134 τὴν
1284 4061 1544 4114 ἀπόθεσιν
1563 4059 1656 4112 τοῦ
1675 4075 1867 4112 σκοτα-

284 4159 451 4229 σμοῢ,
483 4159 558 4221 ὡς
606 4157 699 4210 καὶ
750 4155 1092 4217 διαλυθέντος
1130 4154 1225 4208 καὶ
1265 4150 1419 4216 αὖθις
1446 4150 1862 4222 ἀναληφθέντος,

284 4251 383 4303 καί
399 4252 462 4318 τῇ
481 4248 748 4318 ἐξαλλαγῇ
774 4244 1250 4317 μεταποιηθέντος,
1276 4245 1370 4297 καὶ
1385 4241 1748 4314 καθαρθέντος
1769 4239 1863 4292 τοῦ

287 4339 563 4410 σώματος,
599 4340 692 4393 καὶ
719 4339 839 4392 ὅλου
865 4334 1234 4408 πνευματικοῦ
1270 4335 1573 4404 γεγονότος,
1602 4333 1716 4386 ἀλλ’
1744 4333 1867 4403 οὐχὶ

286 4432 442 4502 παρὰ
470 4431 628 4485 τοῦτο
657 4430 751 4484 καὶ
779 4430 875 4498 τὴν
901 4429 1158 4482 ἀπόθεσιν
1182 4427 1372 4482 τούτου
1394 4427 1493 4497 τὴν
1520 4425 1776 4497 παντελῆο
1804 4424 1864 4477 τὸ

285 4525 433 4579 οὕτω
465 4522 822 4586 διστακτικῶς
852 4521 1338 4592 παραινιττόμενον
1364 4518 1465 4590 ήδη
1495 4517 1719 4589 βεϐαιοῖ.

366 4699 505 4754 lbid.
542 4701 582 4754 C
639 4700 692 4752 6.
733 4702 843 4753 Kal
888 4697 996 4764 τὰς
1031 4696 1444 4765 περικειμένας
1470 4696 1868 4766 ἀποσείσαμέ-

287 4809 404 4849 νου
430 4793 541 4862 (60)
569 4791 772 4857 πέδας.
806 4791 917 4844 Καὶ
954 4791 1200 4843 ἐντεῦθεν
1227 4789 1328 4841 οὐκ
1355 4787 1569 4866 ἄδηλον,
1595 4789 1678 4840 ὅτι
1705 4789 1867 4853 εὐθὺς

293 4883 437 4955 μετὰ
464 4883 562 4952 τὴν
597 4882 843 4935 διάλυσιν
885 4882 978 4935 καὶ
1020 4882 1117 4934 τοῦ
1163 4879 1572 4942 ἐπισκοτοῦντος
1617 4880 1869 4949 σώματος

289 4975 392 5044 τήν
419 4971 677 5024 ἀπόθεσιν
707 4971 874 5038 λέγει,
901 4973 957 5023 ὲν
990 4968 1337 5039 συναισθήσει
1373 4965 1618 5034 γίνεσθαι
1652 4965 1744 5020 τοῦ
1773 4983 1874 5020 κα-

289 5063 412 5127 λοῦ,
442 5063 502 5114 οὐ
543 5063 649 5132 μήν
685 5060 819 5130 μετὰ
850 5060 946 5131 τὴν
980 5061 1306 5114 ἀνάστασινο
1335 5057 1396 5110 ού
1431 5056 1540 5127 γὰρ
1575 5056 1642 5110 ἂν
1683 5057 1878 5128 μικρὸν

291 5151 497 5222 ἔφησεν
513 5150 639 5204 ὕστε
649 5167 757 5221 ρον’
787 5150 899 5203 Kal
924 5149 992 5202 τὸ
1016 5145 1312 5217 συγγενὲς
1342 5145 1595 5214 σαρκίον
1613 5146 1882 5216 ἀπολαμ-

291 5240 480 5297 Garat.

368 5333 489 5388 Col.
521 5333 625 5387 784
646 5332 691 5386 Α
722 5332 776 5387 5.
805 5332 992 5386 ’Ὀλον
1016 5333 1104 5396 εἰς
1128 5330 1354 5398 ἑαυτὴν
1379 5328 1772 5384 ἀναλώσασα.
1800 5331 1879 5402 Τῇ

372 5504 485 5576 (56)
509 5504 665 5576 ,Ιέρεθ
695 5504 1054 5576 καρποῦνται.

396 5575 484 5644 57)
527 5573 621 5644 Sic
649 5576 772 5629 cod.

396 5575 484 5644 57)
527 5573 621 5628 Sic
649 5573 782 5629 cod;

371 5573 487 5717 i598)
523 5643 729 5700 Forsan
759 5645 1008 5716 σώματος
1036 5644 1090 5700 in
1123 5649 1273 5701 textu
1309 5640 1495 5701 Basilii
1527 5642 1733 5702 deerat.

1963 3519 2306 3575 surrectione
2333 3519 2410 3574 ita
2435 3519 2794 3575 reformatum
2816 3527 2872 3573 et
2895 3517 3244 3572 immutatum
3261 3502 3537 3586 recipiens

1962 3617 2023 3664 ut
2048 3610 2190 3665 mole
2215 3611 2364 3680 gravi
2397 3619 2453 3666 et
2499 3609 2758 3666 tenebras
2786 3614 3082 3680 generante
3112 3608 3398 3672 liberetur,
3426 3608 3534 3661 mi-

1963 3699 2191 3756 rabile
2233 3700 2528 3770 quamdam
2555 3700 2888 3771 voluptatem
2912 3700 3096 3757 statim
3119 3707 3419 3756 consecuta
3441 3698 3536 3754 de-

1963 3791 2200 3846 lectatur
2229 3800 2292 3861 et.
2317 3793 2576 3847 exsultat.

2038 3880 2107 3936 Ἦ
2141 3883 2253 3935 οὐκ
2296 3882 2449 3948 οῖδα,
2484 3881 2682 3953 inquit,
2713 3881 2749 3934 ὅ
2797 3898 2854 3936 τι
2903 3881 3003 3936 καὶ
3027 3885 3224 3950 λέγειν
3247 3881 3383 3951 χρή.
3443 3879 3538 3936 νει

1965 3988 2066 4043 quo
2093 3975 2244 4027 verbo
2261 3990 2325 4027 ea
2349 3989 2430 4027 res
2455 3971 2773 4043 appellanda
2792 3973 2861 4026 sit
2879 3973 3072 4027 nescio.
3091 3971 3226 4027 Rem
3251 3979 3428 4025 tamen
3453 3971 3539 4026 in-

1970 4069 2055 4117 ter
2088 4064 2264 4134 ipsam
2299 4063 2661 4121 haesitationis
2692 4079 2806 4120 sua:
2833 4063 3234 4118 confessionem
3271 4062 3536 4129 aliquate-

1970 4169 2076 4209 nus
2106 4155 2350 4225 exponit,
2384 4154 2516 4210 dum
2549 4155 2715 4212 simul
2757 4154 2971 4210 inducit
2998 4153 3128 4208 hinc
3166 4154 3412 4223 corporis
3445 4167 3538 4208 so-

1970 4243 2259 4308 lutionem,
2286 4245 2439 4301 illinc
2462 4245 2864 4316 depositionem
2891 4245 3271 4310 obscuritatis,
3298 4245 3537 4300 innuens

1971 4336 2247 4404 videlicet,
2296 4353 2520 4408 corpus,
2562 4347 2688 4409 post
2713 4337 3133 4395 dissolutionem
3169 4337 3535 4398 immutatum,

1972 4428 2351 4494 reformatum,
2370 4430 2718 4499 puriﬁcatum
2735 4436 2790 4486 et
2805 4427 3088 4500 spirituale
3105 4426 3328 4490 factum,
3345 4439 3540 4480 rursus

1970 4534 2090 4576 esse
2106 4521 2536 4590 suscipiendum,
2556 4521 2756 4577 nedum
2773 4522 3000 4578 omnino
3016 4517 3401 4590 abjiciendum.
3419 4515 3540 4571 Jam

1969 4630 2102 4670 vero
2127 4617 2272 4686 quod
2297 4616 2386 4670 hic
2408 4615 2725 4672 haesitanter
2757 4617 2958 4682 innuit,
2991 4614 3414 4672 conﬁrmaturus
3434 4619 3539 4667 est.

2042 4704 2152 4758 Kal
2193 4705 2391 4769 τὰς....
2426 4703 2634 4770 πέδας.
2678 4705 2810 4762 Inde
2845 4707 3008 4762 etiam
3059 4702 3411 4760 manifestum
3457 4711 3543 4758 est

1975 4797 2154 4852 dicere
2188 4796 2445 4852 Basilium
2485 4797 2631 4867 quod
2663 4799 2846 4852 anima
2883 4804 3009 4869 post
3062 4811 3217 4852 suam
3251 4812 3281 4850 a
3313 4809 3546 4864 corpore

1977 4889 2377 4959 separationem
2408 4889 2683 4960 molisque
2705 4889 3022 4961 spirituales
3051 4888 3240 4943 oculos
3269 4888 3547 4957 gravantis

1979 4975 2374 5046 depositionem
2399 5017 2415 5043 ,
2463 4979 2609 5034 bono
2654 4979 2844 5034 statim
2886 4977 3212 5050 perfruitur,
3244 4992 3354 5031 non
3405 4992 3539 5031 vero

1979 5077 2104 5138 post
2133 5069 2628 5135 resurrectionem;
2687 5068 2933 5139 alioquin
2979 5084 3089 5124 non
3143 5067 3373 5124 dixisset
3425 5079 3550 5138 post

1982 5160 2145 5214 etiam
2179 5161 2483 5232 aliquanto,
2519 5159 2652 5215 Cum
2689 5168 2970 5230 cognatam
2999 5175 3214 5214 carnem
3277 5160 3546 5229 receperit.

2040 5333 2244 5391 Ὀλον.
2254 5376 2266 5390 .
2277 5377 2314 5391 ..
2329 5335 2720 5392 ἀναλώσασα.
2733 5335 2914 5394 Carne
2927 5335 3074 5393 enim
3091 5350 3190 5408 per
3204 5350 3328 5394 resu
3336 5333 3558 5392 rrectio-

2061 5509 2172 5582 (59)
2211 5509 2352 5581 Lege
2388 5511 2644 5582 εἰσάγων.

2055 5575 2168 5653 (60)
2207 5575 2397 5640 ScFibe
2433 5575 2571 5657 cum
2605 5579 2767 5640 editis
2803 5575 3236 5650 ἀποσεισαμένη.
