3872 6222
389 420 531 477 ηοδ

1108 414 1354 470 BASlLll
1393 411 1612 470 MlNlMl
1656 411 1951 470 SCIIOLIU

2059 412 2137 466 DE
2177 411 2356 480 Λυιᾮ
2395 411 2484 468 ET
2524 409 2896 482 ΑΝΑΛΟΓΙᾼ.

3497 411 3634 468 1204

392 549 516 588 mus
549 539 606 586 et
638 530 970 586 assentimur
1002 527 1464 585 administrationi
1516 537 1644 594 tuaa,
1677 529 1953 582 altitudini

2059 529 2203 582 ἐστιν
2222 531 2254 593 ,“
2285 527 2698 598 ὑποχωροῦμεν,
2754 527 3052 596 ὑπείκομεν
3094 527 3216 588 ταῖς
3276 527 3397 588 σαῖς
3435 527 3636 579 οἰκονο-

390 623 676 695 sapientia:
703 630 826 688 tua,
851 621 1266 692 rationibusque
1287 621 1489 691 quibus
1512 622 1766 676 universa
1789 635 1960 692 agun-

391 725 482 771 tur
502 725 556 771 et
580 715 972 785 gubernantur.

466 805 592 861 Τῶν
612 807 1001 875 φιλοκόσμων
1029 804 1264 874 ψυχῶν.
1295 803 1433 858 Nota
1462 805 1606 874 quod
1635 803 1766 858 dicit
1793 803 1858 858 de
1889 805 1958 858 iis

387 896 503 966 qui,
528 895 641 964 jam
678 896 954 960 morituri,
997 897 1158 966 quasi
1191 895 1483 950 reluctanti
1530 894 1958 964 perturbatoque

389 987 575 1041 animo
601 1001 669 1042 ex
710 987 811 1043 hac
848 988 959 1041 vita
995 987 1413 1050 abstrahuntur,
1463 987 1545 1041 sic
1585 1002 1778 1057 nempe
1817 985 1956 1040 allici

387 1079 667 1150 proprium
703 1094 826 1135 esse
862 1081 1169 1134 animarum
1202 1081 1408 1134 mundo
1436 1087 1490 1135 et
1517 1080 1670 1134 carni
1707 1079 1954 1133 addicta-

389 1185 548 1237 rum;
591 1171 843 1226 alacriter
887 1179 1070 1228 autem
1110 1171 1260 1228 exire
1309 1171 1526 1226 illorum
1571 1185 1696 1225 esse
1747 1170 1840 1239 qui
1883 1169 1954 1224 ad

388 1262 665 1317 dicessum
701 1263 959 1333 prompti,
995 1276 1322 1333 semperque
1341 1264 1412 1316 ob
1445 1261 1695 1316 timorem
1735 1261 1829 1315 Dei
1852 1276 1952 1330 pa-

386 1351 514 1418 rati,
546 1351 612 1406 ad
641 1352 780 1407 hanc
805 1353 1016 1408 beatam
1047 1353 1453 1424 longsvamque
1487 1355 1653 1406 vitam
1687 1351 1950 1406 festinant

385 1460 508 1513 quae
537 1452 620 1498 est
648 1443 702 1497 in
733 1443 951 1501 Christo
969 1443 1097 1501 Jesu
1131 1444 1363 1500 Domino
1395 1454 1584 1502 nostro
1614 1465 1627 1500 :
1667 1446 1754 1498 cui
1780 1443 1952 1514 gloria

388 1537 442 1589 in
482 1536 680 1592 saecula
714 1537 1058 1592 saeculorum.
1094 1537 1268 1593 Amen

2058 620 2230 690 μίαις,
2262 620 2356 672 καὶ
2392 619 2469 689 τῷ
2502 619 2581 689 σῷ
2607 618 2760 688 βάθει
2790 617 2894 686 τῆς
2933 617 3144 686 σοφίας,
3175 618 3271 670 καὶ
3310 620 3424 678 τοῖς
3450 617 3636 685 λόγοις

2052 705 2134 772 οἷς
2157 709 2219 762 τὸ
2244 709 2354 762 πᾶν
2375 709 2600 780 φέρεται
2629 710 2724 763 καὶ
2750 709 3098 779 κυϐερνᾶται.

2121 801 2256 856 Ibid.
2294 801 2380 854 M.
2428 803 2488 855 Ἃ
2528 800 2648 854 τῶν
2687 803 3075 870 φιλοκόσμων
3110 800 3347 868 ψυχῶν.
3385 799 3640 870 Σημειω-

2051 892 2172 944 τέον
2195 891 2352 944 τοῦτο
2383 891 2466 944 ὅτι
2493 892 2585 945 ἐπὶ
2618 891 2727 946 τῶν
2767 891 2860 964 βίᾳ
2887 891 3304 962 ἀποσπωμένων
3325 891 3419 944 καὶ
3442 889 3639 962 τεθνή-

2064 981 2247 1046 ξεσθαι
2277 982 2598 1052 μελλόντων,
2620 981 3036 1054 ταραττομένων
3062 983 3138 1045 δὲ,
3165 985 3466 1053 τεκμήριον
3494 978 3641 1037 εἶναι

2060 1070 2220 1125 τοῦτό
2261 1088 2392 1143 φησι
2428 1073 2524 1124 καὶ
2557 1072 2728 1136 πάθος
2759 1073 3101 1144 φιλοκόσμων
3137 1073 3324 1144 ψυχῶν
3362 1074 3457 1126 καὶ
3495 1073 3644 1141 φιλο-

2061 1163 2278 1227 σάρκων
2299 1179 2312 1191 ⁸
2352 1163 2463 1218 τῶν
2493 1164 2790 1235 προθύμων
2827 1164 2884 1218 δὲ
2913 1164 3024 1235 (67)
3050 1166 3184 1236 πρὸς
3210 1165 3309 1235 τὴν
3345 1164 3642 1234 ἐκδημίαν,

2058 1253 2167 1306 τῶν
2192 1253 2279 1307 διὰ
2303 1254 2396 1308 τὸν
2420 1255 2515 1309 τοῦ
2549 1255 2683 1309 Θεοῦ
2708 1255 2870 1325 φόϐον
2894 1255 3345 1327 ἐτοιμασθέντων,
3371 1259 3468 1309 καὶ
3499 1255 3643 1326 πρὸς

2057 1345 2156 1416 τὴν
2186 1344 2395 1399 ἐκεῖθεν
2437 1346 2582 1418 ζωὴν
2620 1349 3008 1420 ἐπειγομένων,
3040 1349 3140 1420 τὴν
3173 1349 3231 1401 ὲν
3261 1347 3486 1420 Χριστῷ
3534 1348 3648 1417 Ἰη-

2063 1436 2156 1490 σοῦ
2181 1436 2260 1506 τῷ
2287 1438 2475 1508 Κυρίῳ
2507 1439 2683 1510 ἡμῶν,
2709 1433 2753 1509 ᾧ
2781 1443 2816 1511 ἡ
2853 1440 2981 1506 δόξα.
3013 1443 3094 1506 είς
3123 1441 3250 1506 τοὺς
3285 1441 3494 1504 αἰῶνας
3529 1439 3648 1495 τῶν

2062 1528 2295 1582 αἰώνων.
2339 1530 2395 1581 Ἀ
2404 1531 2533 1601 μὴν.

1512 1857 1821 1917 EIUSDEM
1870 1860 2113 1918 BASILII
2154 1859 2505 1918 SCHOLIUM

1687 2000 1754 2056 de
1767 1999 1909 2069 λόγῳ
1935 2005 1988 2051 et
2017 1997 2296 2068 ἀναλογίᾳ.

460 2303 618 2361 Aliud
657 2309 744 2358 est
793 2302 1007 2368 relatio,
1038 2310 1091 2359 et
1109 2302 1254 2358 aliud
1281 2306 1576 2374 proportio.
1611 2304 1950 2360 Suntautem

2124 2305 2236 2377 (68)
2258 2303 2488 2376 Ἔτερόν
2505 2305 2620 2358 ἐστι
2636 2304 2814 2372 λόγος,
2831 2302 2927 2358 καὶ
2945 2303 3132 2375 ἕτερον
3155 2301 3642 2373 ἀναλογία.Είσ”ιδὲ

387 2399 680 2454 relationes
721 2411 1072 2452 numerorum
1116 2395 1398 2459 undecim,
1437 2395 1817 2465 proportiones
1859 2397 1955 2448 do-

386 2502 528 2542 cem.
564 2486 1061 2557 Proportioautem
1087 2494 1170 2539 est
1201 2484 1451 2539 collectio
1485 2484 1833 2546 relationum.
1882 2484 1955 2537 ita

387 2588 448 2634 ut
496 2579 618 2633 duae
661 2577 952 2632 relationes
999 2590 1163 2631 unam
1221 2575 1455 2630 eiliciant
1515 2575 1953 2646 proportionem,

385 2686 442 2724 v.
475 2685 525 2725 c.
560 2677 794 2739 quatuor
835 2667 1064 2723 relative
1107 2666 1177 2720 ad
1233 2666 1364 2731 duo,
1416 2667 1593 2735 quoad
1625 2665 1870 2733 duplum,
1901 2675 1957 2720 et

385 2761 573 2816 decem
607 2759 829 2815 relative
857 2757 924 2811 ad
956 2757 1214 2828 quinque.
1247 2755 1388 2827 Ergo
1417 2771 1540 2810 cum
1572 2755 1708 2812 duas
1740 2756 1841 2812 has
1875 2773 1957 2812 re-

386 2849 622 2904 lationes
665 2862 999 2919 proposuero
1030 2847 1207 2902 dicam
1239 2863 1254 2899 :
1291 2861 1456 2916 quam
1489 2847 1807 2901 relationem
1859 2847 1955 2901 ha-

385 2943 516 2998 bent
551 2951 786 3012 quatuor
826 2939 895 2995 ad
944 2940 1083 3002 duo,
1129 2938 1372 2994 eamdem
1421 2938 1621 2992 habent
1667 2938 1852 2992 decem
1887 2939 1955 2993 ad

385 3034 647 3105 quinque.
697 3031 793 3088 Est
860 3031 1008 3087 enim
1067 3028 1472 3098 submultiplex.
1529 3027 1669 3099 Ergo
1727 3045 1958 3100 propor-

386 3128 464 3183 tio
509 3135 595 3183 est
643 3124 968 3180 relationum
1017 3119 1345 3186 similitudo;
1400 3129 1460 3174 ut
1503 3120 1616 3175 haec
1662 3122 1728 3176 ad
1777 3122 1954 3186 illam,

386 3220 470 3274 sic
497 3217 667 3273 altera
707 3215 776 3270 ad
819 3215 1045 3268 alteram
1087 3228 1148 3268 se
1191 3213 1371 3268 habet.
1405 3211 1618 3268 Relatio
1651 3223 1831 3268 autem
1873 3224 1957 3270 est

385 3312 623 3372 duorum
670 3307 1026 3363 terminorum
1079 3303 1149 3359 ad
1202 3319 1326 3360 sese
1369 3304 1598 3359 invicem
1647 3306 1954 3376 dispositio.

385 3397 915 3468 Quodcunqucenim
941 3395 1208 3452 limitibus
1239 3396 1709 3452 circumscribitur
1727 3437 1740 3462 ,
1773 3399 1954 3469 dupli-

385 3505 506 3546 cem
553 3488 990 3552 babet'notam,
1033 3485 1362 3555 arqualitatis
1397 3493 1492 3540 aut
1547 3488 1953 3556 inaequalitatis.

385 3579 695 3650 Equalitas
717 3585 898 3633 autem
918 3583 1002 3632 est
1030 3576 1378 3632 indivisibilis
1405 3593 1420 3630 :
1453 3591 1562 3631 non
1605 3579 1749 3632 enim
1792 3581 1955 3633 modo

2050 2396 2197 2464 λόγοι
2225 2395 2334 2448 τῶν
2365 2393 2614 2466 ἀριθμῶν
2645 2401 2731 2448 ια”
2763 2393 3048 2462 ἀναλογίαι
3074 2401 3124 2449 ι’.
3159 2394 3314 2447 Ἐστι
3349 2395 3408 2448 δὲ
3440 2397 3642 2449 ἀναλο-

2051 2488 2180 2556 γία,
2234 2487 2525 2557 συναγωγὴ
2575 2485 2772 2555 λόγων,
2820 2485 2896 2548 ὡς
2941 2484 3070 2548 τοὺς
3107 2485 3202 2538 δύο
3248 2485 3445 2554 λόγους
3501 2488 3639 2558 μίαν

2053 2579 2226 2632 ποιεῖν
2274 2577 2585 2645 ἀναλογίαν,
2633 2570 2745 2629 οἷον
2783 2574 2880 2630 τοῦ
2929 2576 3172 2646 τέσσαρα
3215 2578 3352 2648 πρὸς
3379 2579 3475 2632 τὸν
3502 2579 3638 2643 δύο,

2053 2670 2192 2722 κατὰ
2208 2668 2298 2721 τὸν
2323 2668 2602 2722 διπλάσιον
2624 2683 2636 2696 ·
2659 2668 2754 2721 καὶ
2786 2667 2878 2720 τοῦ
2906 2674 2936 2719 ι’
2976 2668 3110 2739 πρὸς
3133 2669 3223 2720 τὸν
3246 2675 3306 2722 ε’.
3337 2670 3512 2723 Ὀταν
3542 2667 3642 2726 οὖν

2051 2760 2180 2822 τοὺς
2205 2759 2298 2812 δύο
2331 2758 2550 2822 τούτους
2578 2759 2818 2830 ἀθροίσω
2856 2757 3050 2827 λόγους
3077 2759 3358 2812 καῖείπω·
3386 2761 3450 2813 ὃν
3475 2762 3642 2831 λόγον

2053 2851 2166 2919 ἔχει
2190 2853 2218 2904 6
2241 2851 2281 2903 6'
2308 2849 2444 2921 πρὸς
2464 2849 2555 2902 τὸν
2577 2850 2623 2920 β’
2654 2849 2795 2903 κατά
2816 2849 2875 2903 τὸ
2897 2848 3199 2913 διπλάσιον,
3221 2850 3407 2904 τοῦτον
3427 2852 3522 2905 καὶ
3541 2853 3572 2905 6
3607 2852 3642 2906 t'

2055 2941 2190 3012 πρὸς
2216 2941 2308 2994 τὸν
2341 2946 2404 3005 ε’,
2443 2941 2540 2993 καὶ
2567 2939 2626 2993 6v
2644 2941 2672 2993 6
2706 2940 2751 3011 β’
2781 2940 2918 3011 πρὸς
2943 2939 3033 2992 τὸν
3062 2939 3125 3004 6',
3156 2941 3185 2992 6
3215 2940 3259 2992 ε’
3283 2941 3420 3012 πρὸς
3444 2942 3540 2994 τὸν
3573 2944 3641 2996 ι’·

2055 3031 2555 3085 ὑποπολλαπλάσιον
2596 3031 2724 3103 γάρ.
2756 3031 2910 3085 Ἔστι
2935 3032 3116 3084 τοίνυν
3136 3031 3397 3101 ἀναλογία
3418 3073 3433 3098 ,
3464 3033 3646 3102 λόγων

2053 3123 2331 3192 ὁμοιότης,
2362 3123 2438 3186 ὼς
2473 3122 2558 3175 ὅδε
2585 3122 2721 3194 πρὸς
2750 3121 2900 3175 τόνδε
2922 3164 2938 3188 ,
2976 3121 3151 3187 οὕτως
3176 3123 3262 3176 ὅδε
3289 3123 3427 3193 πρὸς
3460 3123 3642 3181 τόνδε.

2055 3215 2226 3282 Λόγος
2242 3214 2298 3266 δέ
2317 3214 2432 3266 ἐστι
2448 3211 2541 3266 δύο
2567 3214 2709 3284 ὅρων
2739 3213 2875 3284 πρὸς
2904 3213 3167 3286 ἀλλήλους
3198 3215 3382 3284 σχέσις
3399 3230 3414 3246 ο
3438 3217 3500 3269 τὸ
3525 3217 3644 3287 γὰρ

2056 3303 2192 3372 πρός
2206 3320 2258 3356 τι
2273 3303 2432 3356 ποσὸν
2447 3305 2526 3366 είς
2537 3302 2630 3355 δύο
2644 3303 2951 3374 διαιρεῖται,
2969 3305 3191 3376 ἰσότητα
3207 3307 3300 3359 καὶ
3318 3308 3644 3378 ἀνισότητα.

2068 3391 2206 3444 Ἀλλ’
2234 3395 2268 3464 ἡ
2313 3392 2410 3462 μὲν
2441 3393 2654 3464 ἰσότης,
2684 3393 3009 3463 ἀδιαίρετος.
3043 3391 3115 3448 Οὐ
3147 3396 3255 3469 γάρ
3293 3399 3442 3451 ἐστιν
3468 3399 3646 3469 αὐτῆς

2055 3483 2116 3536 τὸ
2148 3483 2248 3553 μὲν
2286 3483 2504 3548 τοιόνδε,
2549 3484 2611 3537 τὸ
2650 3485 2709 3538 δὲ
2744 3485 2970 3538 τοιόνδε.
3001 3486 3106 3538 Τοῦ
3143 3486 3188 3539 δ’
3218 3489 3405 3541 ἀνίσου
3443 3488 3507 3542 τὸ
3538 3489 3648 3561 μὲν

2061 3577 2266 3648 μεῖζον,
2305 3578 2367 3631 τὸ
2402 3578 2449 3631 6‘
2501 3577 2722 3632 ἔλαττον
2746 3597 2758 3608 ·
2792 3580 2956 3633 πάλιν
3001 3579 3097 3634 τοῦ
3145 3581 3393 3651 μείζονος
3436 3583 3496 3636 τὸ
3543 3587 3648 3654 μὲν

384 3672 522 3738 haec,
537 3669 698 3724 modo
709 3667 816 3722 alia
829 3675 934 3724 est.
951 3666 1010 3721 In
1029 3665 1396 3736 inaequalitate
1411 3677 1590 3721 autem
1608 3679 1690 3722 est
1709 3667 1887 3736 majus
1900 3676 1953 3722 et

2059 3671 2470 3731 πολλαπλάσιον,
2499 3667 2610 3723 οἷον
2631 3671 2933 3738 διπλάσιον,
2956 3671 3299 3743 τριπλάσιον,
3319 3673 3394 3737 ὡς
3413 3674 3509 3728 τοῦ
3538 3682 3589 3729 α’
3613 3678 3647 3729 6

387 3762 596 3817 minus.
629 3757 804 3814 Porro
837 3759 894 3814 in
917 3757 1110 3827 majori
1135 3764 1219 3812 est
1241 3757 1544 3827 multiplex,
1577 3758 1724 3812 verbi
1756 3758 1952 3830 gratia,

386 3851 635 3924 duplum,
662 3850 914 3922 triplum;
933 3849 1014 3906 sic
1031 3848 1141 3903 duo
1157 3848 1499 3904 constituunt
1518 3849 1744 3918 duplum
1764 3851 1952 3914 unius,

387 3943 495 3998 tria
521 3941 764 4012 triplum.
791 3939 988 3995 Totum
1018 3947 1198 3994 autem
1243 3954 1367 3994 cum
1402 3941 1667 4009 particula
1692 3956 1746 3995 v.
1778 3956 1828 3996 c.
1854 3943 1955 3994 tria

386 4039 517 4088 sunt
540 4029 764 4085 relative
791 4031 858 4085 ad
889 4028 1020 4084 duo.
1051 4027 1185 4083 Nam
1228 4029 1512 4084 continent
1550 4029 1659 4084 duo
1688 4038 1742 4085 et
1785 4031 1955 4101 parti-

385 4123 589 4178 culam.
624 4120 798 4176 Porro
845 4127 1017 4175 totum
1057 4135 1181 4175 cum
1224 4120 1491 4190 particula
1541 4129 1670 4176 sunt
1715 4122 1958 4192 quinque

385 4211 617 4268 relative
641 4211 710 4267 ad
733 4210 836 4265 tria
856 4251 872 4276 ,
897 4224 1023 4265 nam
1055 4210 1341 4264 continent
1371 4210 1476 4263 tria
1502 4219 1556 4265 et
1586 4209 1723 4264 duas
1753 4223 1955 4281 partes.

384 4302 658 4360 Numerus
729 4311 910 4358 autem
969 4303 1482 4374 superparticularis
1534 4304 1765 4369 dicitur,
1831 4320 1956 4359 cum

383 4395 569 4464 majus
625 4394 834 4464 pluries
883 4395 1128 4450 continet
1203 4394 1422 4459 minus,
1498 4395 1646 4450 velut
1718 4396 1960 4466 quinque

383 4487 612 4542 relative
644 4484 711 4540 ad
746 4486 876 4541 duo.
927 4484 1298 4556 Multiplicitcr
1331 4486 1824 4556 superparticulare
1861 4503 1960 4541 au-

385 4587 494 4633 tem
529 4578 676 4632 velut
713 4585 840 4632 octo
884 4577 1109 4632 relative
1146 4576 1213 4630 ad
1250 4577 1356 4632 tria
1398 4578 1524 4647 quia
1571 4585 1696 4632 octo
1737 4578 1824 4633 bis
1855 4579 1959 4632 tria

384 4666 643 4734 includit,
686 4668 880 4740 bisque
917 4670 1133 4723 tertiam
1177 4677 1383 4740 partem
1418 4669 1660 4740 insuper.
1701 4669 1961 4725 Similiter

385 4759 568 4817 minus
601 4760 760 4816 habet
849 4761 1091 4832 quinque
1137 4761 1546 4818 convcnientias
1579 4762 1859 4832 oppositas
1890 4763 1960 4819 iis

286 4907 288 4910 .
383 4852 455 4908 de
503 4852 704 4924 quibus
751 4849 1012 4907 diximus.
1049 4850 1448 4922 Submultiplex
1497 4853 1590 4908 ubi
1642 4854 1727 4909 bis
1777 4855 1959 4908 conti-

381 4952 547 5001 netur
597 4957 861 4998 numerus
909 4941 967 4996 in
1016 4943 1212 5012 majori
1262 4944 1412 4998 velut
1459 4942 1570 4996 duo
1622 4943 1848 4999 relative
1892 4947 1960 5000 ad

383 5051 578 5093 unum.
639 5033 956 5104 Subduplex
1018 5041 1074 5090 et
1129 5043 1324 5089 caetera
1380 5034 1538 5103 juxta
1610 5035 1695 5090 bis
1751 5043 1806 5090 et
1856 5043 1957 5091 ter.

383 5125 934 5199 Superparticularis,
969 5123 1618 5193 subsupcrparticularis;
1646 5124 1963 5193 multiplici-

382 5224 471 5272 ter
510 5214 1052 5286 superparticularis,
1105 5213 1472 5282 multipliciter
1520 5212 1961 5280 subsuperparli-

383 5307 613 5363 cular-is.
673 5305 934 5362 Undecim
988 5319 1119 5376 ergo
1163 5304 1386 5358 omnino
1447 5311 1577 5358 sunt
1639 5302 1960 5367 relationes,

382 5399 719 5468 totidemque
732 5397 1152 5454 convenientiae:
1174 5395 1554 5467 pr0portiones
1573 5403 1750 5449 autem
1771 5411 1963 5450 nume-

385 5506 596 5553 rorum,
629 5491 840 5546 decem.
887 5489 1178 5558 Proportio
1219 5497 1305 5542 est
1343 5486 1568 5541 collatio
1601 5485 1949 5539 relationum.

386 5581 853 5646 Quemadmodum
905 5579 1098 5634 relatio
1143 5578 1307 5632 unius
1359 5575 1428 5630 ad
1471 5577 1580 5630 duo
1625 5583 1712 5629 est
1759 5575 1952 5628 relatio

458 5734 572 5803 (67)
615 5734 816 5805 Deesse
851 5735 980 5805 quid
1027 5733 1260 5789 videtur.
1288 5731 1437 5789 Fort.
1467 5733 1572 5804 leg.
1604 5732 1664 5786 τὸ
1688 5732 1945 5804 δὲπροθύ-

395 5822 512 5877 μως
534 5805 641 5877 ἐπὶ
656 5803 1046 5877 τῶγίπρόπρόςο

463 5873 575 5940 (68)
610 5871 909 5931 Similia'v.
939 5871 1013 5932 'in
1066 5871 1380 5931 Nicomachi
1419 5872 1666 5930 Gerasini
1695 5873 1938 5932 Institut.

2059 3762 2103 3833 β’
2139 3762 2450 3826 διπλάσιος·
2479 3761 2802 3832 τριπλάσιος
2841 3763 2900 3816 δὲ
2939 3765 2968 3816 6
3009 3769 3081 3832 γ’.
3119 3763 3193 3817 T6
3234 3765 3291 3817 δὲ
3324 3766 3644 3836 ἐπιμόριον,

2055 3847 2166 3906 οἷον
2188 3852 2278 3922 ὁγ¹
2304 3853 2440 3924 πρὸς
2460 3853 2552 3907 τὸν
2573 3853 2638 3924 β’·
2661 3853 2775 3924 ἔχει
2799 3853 2909 3925 γάρ
2935 3853 3026 3906 τὸν
3051 3854 3096 3924 β’
3119 3855 3214 3908 καὶ
3239 3856 3426 3926 μόριον
3448 3858 3643 3912 αὐτοῦ.

2057 3944 2132 3996 Τὸ
2153 3944 2211 3996 δὲ
2241 3944 2530 4016 ὲπιμερὲς,
2561 3940 2674 3997 οἷον
2697 3946 2726 3996 6
2751 3945 2792 3996 ε’
2825 3945 2964 4016 πρὸς
2983 3945 3075 4000 τὸν
3102 3953 3174 4014 γ”
3202 3946 3312 4017 ἔχει
3336 3947 3447 4019 γὰρ
3477 3949 3646 4002 αὐτὸν

2057 4035 2150 4086 καὶ¹
2184 4034 2229 4105 β’
2267 4035 2408 4106 μέρη
2442 4033 2632 4088 αὑτοῦ.
2673 4035 2748 4087 Τὸ
2793 4035 2852 4089 δὲ
2885 4035 3285 4090 πολλαπλάσιον
3327 4039 3640 4111 ἐπιμόριον,
3695 4044 3699 4048 ’

2057 4124 2186 4178 ὅταν
2208 4127 2238 4179 6
2275 4127 2473 4196 μείζων
2513 4125 2802 4188 πλεονάκις
2845 4125 2945 4200 ἔχῃ
2971 4127 3067 4180 τὸν
3109 4128 3390 4202 ἐλάττονα,
3420 4132 3497 4194 ὡς
3527 4134 3557 4184 6
3596 4141 3645 4185 ε’

2056 4217 2150 4269 τὸν
2179 4216 2243 4286 β’.
2283 4217 2358 4270 Τὸ
2396 4217 2453 4269 δὲ
2483 4217 2884 4270 πολλαπλάσιον
2926 4219 3210 4289 ἐπιμερὲς,
3239 4219 3314 4283 ὡς
3342 4223 3370 4274 6
3402 4229 3453 4292 η’
3503 4223 3643 4295 πρὸς

2058 4309 2150 4363 τὸν
2181 4308 2253 4376 γ’,
2283 4309 2366 4372 δὶς
2410 4307 2548 4378 ἔχων
2579 4308 2672 4363 τὸν
2697 4308 2748 4378 γ’
2795 4309 2892 4363 καὶ
2923 4307 3017 4362 δύο
3045 4311 3226 4381 τρίτα.
3266 4311 3506 4382 Ὁμοίως
3544 4316 3644 4368 καὶ

2059 4399 2154 4453 τοῦ
2185 4399 2464 4462 ἐλάττονος
2488 4400 2531 4452 ε’
2560 4400 2775 4470 σχέσεις
2817 4401 3382 4472 ἀντιδιαστελλόμεναι
3421 4408 3489 4475 τῇ
3526 4406 3636 4458 ὑπὸ

2061 4490 2334 4564 προθέσει.
2382 4490 2939 4554 Ὑποπολλαπλάσιοςο
2959 4491 3039 4555 δὶς
3065 4493 3281 4564 μετρῶν
3300 4494 3391 4560 τὸν
3421 4497 3481 4548 ἐν
3510 4513 3642 4565 συγ-

2061 4580 2240 4650 κρίσει
2273 4579 2516 4650 μείζονος
2536 4596 2552 4610 °
2579 4574 2690 4633 οἷον
2715 4579 2745 4631 6
2771 4579 2817 4650 β’
2840 4579 2977 4650 πρὸς
2999 4581 3089 4634 τὸν
3114 4581 3183 4635 α’.
3225 4581 3642 4648 ’Υποδιπλάσιος

2061 4671 2156 4724 καὶ
2173 4670 2299 4739 ἑξῆς
2323 4669 2524 4741 ὁμοίως
2548 4669 2690 4723 κατὰ
2711 4670 2773 4723 τὸ
2791 4671 2874 4734 δὶς
2900 4672 2994 4724 καὶ
3015 4671 3154 4743 τρίς.
3194 4672 3639 4746 Ὺποεπιμόριοςο

2062 4763 2436 4832 ὑποεπιμερής
2457 4775 2471 4789 ’
2505 4761 3239 4834 ὑποπολλαπλασιεπιμόριος
3258 4780 3272 4792 ·
3326 4765 3642 4819 ὐποπολλα-

2062 4851 2518 4921 πλασιεπιμερής.
2549 4850 2783 4902 Ἕνδεκα
2812 4845 2907 4902 οὖν
2939 4851 2989 4902 οἱ
3021 4850 3226 4913 πάντες
3257 4850 3428 4918 λόγοι,
3458 4854 3554 4905 καὶ
3586 4854 3641 4906 ai

2065 4943 2274 5013 σχέσεις
2323 4940 2462 5012 μετά
2501 4941 2596 4994 τοῦ
2629 4943 2764 4995 ἴσου.
2821 4941 3125 5009 Ἀναλογίαι
3165 4941 3222 4994 δὲ
3253 4941 3364 4994 τῶν
3390 4943 3642 5013 ἀριθμῶν

2067 5035 2121 5091 ι’.
2174 5034 2463 5102 Ἀναλογία
2492 5033 2608 5086 ἐστὶ
2641 5033 2892 5096 σύνθεσις
2921 5032 3117 5102 λόγων.
3151 5030 3277 5087 Οἷον
3316 5034 3477 5102 λόγος
3523 5037 3640 5090 ἐστὶ

2065 5125 2158 5178 τοῦ
2188 5125 2305 5188 ἑνὸς
2338 5125 2475 5196 πρὸς
2513 5125 2604 5177 τὸν
2641 5125 2684 5195 β’
2711 5127 2739 5178 6
2768 5124 3066 5187 διπλάσιοςο
3099 5124 3193 5177 τοῦ
3222 5125 3279 5178 δὲ
3309 5125 3354 5194 β’
3381 5127 3522 5196 πρὸς
3551 5127 3642 5181 τὸν

2063 5215 2106 5270 δ’
2136 5216 2356 5286 ὁμοίως.
2389 5216 2644 5279 Σύνθεσις
2674 5215 2878 5268 τούτων
2902 5222 2950 5268 α’
2983 5215 3026 5284 β’
3051 5215 3116 5268 δ’.
3149 5217 3310 5286 Τρεῖς
3334 5216 3392 5268 δὲ
3424 5220 3480 5270 αἱ
3514 5219 3640 5271 ἀνα-

2066 5307 2244 5375 λογίαι
2263 5323 2277 5337 °
2303 5308 2672 5378 γεωμετρικὴ,
2695 5306 3054 5378 ἀριθμητικὴ,
3087 5309 3340 5379 μουσική.
3370 5310 3482 5362 Καὶ
3505 5329 3640 5378 γεω-

2069 5397 2304 5469 μετρικὴ
2337 5398 2453 5467 μὲν,
2487 5398 2609 5466 ἥτις
2649 5397 2748 5465 τὴν
2773 5397 3044 5467 ὑπεροχὴν
3083 5398 3145 5450 οὐ
3176 5397 3358 5461 σώζει,
3394 5401 3521 5462 τοὺς
3551 5401 3640 5453 λό-

2058 5504 2188 5556 γους
2219 5487 2298 5540 δέ·
2330 5482 2440 5541 οἷον
2463 5487 2539 5552 ὡς
2566 5487 2610 5556 β’
2636 5487 2772 5557 πρὸς
2796 5487 2861 5551 δ’,
2895 5487 3064 5550 οὕτως
3096 5487 3140 5540 δ’
3173 5489 3310 5559 πρὸς
3339 5489 3412 5558 η’.
3444 5491 3635 5561 ’Υπερ-

2060 5579 2174 5649 ἐχει
2207 5574 2300 5632 οὖν
2347 5578 2414 5630 τὰ
2465 5578 2565 5649 μὲν
2609 5578 2652 5631 δ’
2693 5577 2801 5630 τῶν
2832 5577 2902 5648 β’,
2946 5577 3117 5632 δυάδι·
3150 5579 3218 5631 τὰ
3257 5579 3314 5632 δὲ
3353 5579 3405 5649 η’
3447 5579 3558 5634 τῶν
3600 5581 3640 5633 δ’

2051 5733 2319 5807 qrilhmet.
2349 5733 2387 5786 1.
2415 5750 2474 5798 II,
2509 5749 2560 5788 c.
2589 5735 2652 5788 2|
2685 5735 3034 5807 sqq..collato
3065 5735 3126 5807 (ξ.
3155 5735 3213 5790 L.
3248 5735 3449 5792 Struve
3479 5739 3533 5791 in
3569 5738 3635 5796 (ἱ.

2053 5804 2375 5889 Schneider.
2407 5804 2842 5889 ξιιρριεηιεηιλιιι
2871 5807 3053 5862 Lexic.
3077 5804 3244 5862 (ἔν-ιτς.
3277 5823 3323 5862 s.
3351 5823 3402 5864 v.
3435 5808 3634 5863 Πολλα-

2052 5887 2509 5947 πιιαςιεπιμερης.
