3872 6222
202 411 332 469 1205

705 413 1018 471 ANONYMI
1056 413 1349 473 SCHOLIA
1394 414 1486 470 AD
1524 416 1582 472 S.
1619 413 1951 472 GREGOBII
1984 415 2192 472 ΟΒΑΤ.
2229 412 2249 468 1
2289 414 2568 473 CONTRA
2599 415 2892 476 ΙΠΠΑΝο
2934 461 2971 489 -,

3312 421 3335 474 1
3344 419 3448 476 206

192 525 423 598 τετράδι.
455 525 522 580 Οἱ
553 526 616 580 δὲ
646 526 797 596 λόγοι
834 531 884 582 οἱ
926 529 1082 583 αὐτοί
1101 543 1116 559 ·
1147 529 1428 593 διπλάσιος
1470 528 1580 601 γὰρ
1625 531 1659 600 ὴ
1687 532 1781 585 καὶ

1884 530 2180 587 secundum
2212 530 2458 601 duplum,
2491 529 2565 584 ita
2597 529 2828 585 duorum
2867 529 2937 585 ad
2968 535 3222 601 quatuor.
3246 529 3449 587 Horum

191 619 388 690 κυρίως
421 618 724 687 ἀναλογία.
761 620 822 674 '0
847 620 1020 689 λόγος.
1034 620 1217 690 σχέσις
1245 621 1415 687 ἐστὶν,
1443 621 1518 684 ὡς
1541 621 1774 692 εἴρηται·

193 706 238 780 β’
264 709 401 780 πρὸς
438 709 538 762 τὸν
564 709 636 761 δ’·
675 709 752 776 ις’
797 711 934 780 πρὸς
963 711 1054 764 τὸν
1083 717 1158 782 η’·
1188 712 1448 780 ἀνάλογος
1474 712 1567 766 δύο
1607 714 1782 782 λόγων

192 797 456 862 σύνθεσις.
501 798 879 871 Ἀριθμητικὴ
920 800 1204 870 ἀναλογία,
1234 803 1268 873 ἢ
1298 803 1428 866 τοὺς
1458 802 1557 874 μὲν
1588 802 1780 872 λόγους

186 890 246 942 οὐ
272 889 458 956 σώζει,
487 891 593 962 τὴν
631 892 906 963 ὑπεροχὴν
928 892 1004 958 δὲ,
1034 892 1109 956 ὡς
1132 892 1225 946 δύο
1252 893 1390 965 πρὸς
1411 893 1528 959 ἕνα,
1555 893 1699 949 οὕτω
1728 895 1780 964 γ’

187 981 318 1053 πρὸς
341 981 406 1052 β’.
447 983 516 1036 Ἠ
535 983 685 1054 αὑτὴ
710 983 952 1055 ὑπεροχὴ
981 984 1155 1053 λόγος·
1181 985 1226 1055 β’
1250 985 1386 1056 πρὸς
1407 991 1454 1038 α’
1479 985 1776 1051 διπλάσιος,

189 1076 232 1144 Υ
252 1076 387 1147 πρὸς
410 1078 456 1146 β’
481 1077 762 1147 ἡμιόλιος.
787 1079 972 1130 Ἔστιν
988 1073 1079 1132 οὖν
1102 1079 1449 1150 γεωμετρικὴ
1475 1079 1594 1149 μὲν,
1619 1079 1779 1151 ἡτῶν

183 1166 352 1234 λόγων
394 1167 708 1238 ταυτότης·
757 1169 1095 1240 ἀριθμητικὴ
1132 1170 1219 1236 δὲ,
1252 1171 1287 1241 ή
1332 1169 1439 1223 τῶν
1471 1170 1776 1242 ὑπεροχῶν·

185 1251 228 1325 ᾧ
246 1257 354 1329 γὰρ
381 1259 410 1310 6
438 1257 510 1310 :6'
542 1258 690 1329 πρὸς
728 1259 820 1312 τὸν
848 1267 899 1329 η’
928 1259 1218 1331 ὑπερέχει,
1250 1261 1426 1332 τούτῳ
1453 1261 1778 1333 ὑπερέχεται

183 1350 212 1401 6
256 1349 311 1414 ς’
349 1349 447 1402 τοῦ
495 1349 573 1422 η’·
613 1350 783 1422 τρίτῳ
827 1350 955 1422 γάρ.
1000 1351 1062 1404 Ἢ
1108 1351 1150 1404 δ’
1183 1351 1419 1422 μεσότης
1463 1353 1681 1406 ἐναντία
1710 1354 1776 1423 τῇ

187 1443 461 1513 ἁρμονικῇ
481 1458 498 1474 ·
535 1442 618 1504 ὡς
646 1445 674 1497 6
709 1442 911 1512 μείζων
951 1443 1085 1512 πρὸς
1121 1442 1214 1495 τὸν
1240 1443 1520 1510 ἐλάττονα,
1546 1443 1718 1508 οὓτως
1743 1447 1776 1514 ἡ

185 1531 411 1602 διαφορὰ
433 1532 548 1586 τῶν
573 1533 876 1586 ἐλαττόνων
896 1532 1032 1603 πρὸς
1052 1532 1150 1604 τὴν
1168 1533 1433 1605 διαφορὰν
1461 1533 1570 1588 τῶν
1600 1533 1780 1606 μειζό⁴

186 1638 307 1674 νων·
348 1621 406 1687 ς’
443 1629 490 1675 ε’
527 1622 604 1692 γ’.
649 1623 713 1676 Ἦ
743 1622 782 1675 ε’
814 1623 1048 1693 μεσότης
1078 1624 1145 1693 τῇ
1167 1625 1512 1694 γεωμετρικῇ
1539 1623 1774 1677 ὲναντία·

188 1713 260 1776 ὡς
287 1715 315 1766 6
351 1713 564 1784 μείζων
594 1713 732 1786 πρὸς
762 1713 851 1766 τὸν
882 1713 1175 1780 ἐλάττονα,
1213 1714 1308 1766 καὶ
1341 1715 1374 1784 ή
1406 1712 1638 1784 διαφορὰ
1669 1713 1777 1767 τῶν

187 1805 486 1860 ἐλαττόνων
518 1805 664 1877 πρὸς
693 1806 792 1877 τὴν
819 1805 1086 1876 διαφορὰν
1115 1804 1225 1858 τῶν
1261 1805 1542 1876 μειζόνων·
1574 1805 1616 1858 ε’
1642 1805 1682 1858 δ’
1710 1805 1775 1876 β’.

1884 621 2014 677 unio
2039 637 2233 683 unum.
2264 623 2394 684 duo.
2419 622 2546 676 tria.
2579 619 2840 691 Triplicis
2867 628 3046 676 autem
3077 623 3294 693 generis
3323 631 3453 678 sunt

1881 715 2264 785 proportiones
2306 734 2319 768 :
2358 717 2722 784 geometrica,
2759 715 3136 781 arithmetica,
3181 724 3236 771 et
3278 717 3455 770 musi-

1880 805 2034 861 calis.
2065 804 2404 861 Geometrica
2431 815 2516 860 est
2554 819 2676 875 qua:
2713 821 2822 859 non
2849 814 3006 860 curat
3032 805 3321 872 excedens,
3354 806 3452 862 sed

1879 897 2210 963 relationes;
2249 899 2330 952 uti
2373 897 2479 953 duo
2525 904 2656 952 sunt
2690 897 2916 952 relative
2962 896 3031 951 ad
3071 905 3326 967 quatuor,
3373 898 3452 953 ita

1879 997 2114 1059 quatuor
2144 988 2369 1044 relative
2396 989 2461 1044 ad
2493 996 2637 1044 octo.
2672 988 2918 1055 Quatuor
2945 989 3111 1061 igitur
3145 989 3256 1045 duo
3285 1005 3453 1060 supe-

1880 1088 2006 1134 rant
2034 1079 2272 1142 duobus,
2297 1086 2421 1135 octo
2443 1087 2624 1135 autem
2647 1087 2884 1150 quatuor
2907 1089 3168 1149 superant
3187 1091 3447 1152 quatuor.

1879 1168 2192 1227 Relationes
2227 1179 2409 1226 autem
2455 1179 2583 1226 sunt
2631 1173 2873 1228 eaedem:
2922 1173 3122 1242 duplex
3171 1174 3314 1229 enim
3366 1183 3451 1231 est

1881 1277 2098 1333 semper
2127 1265 2436 1334 proportio.
2459 1263 2675 1319 Relatio
2698 1275 2783 1321 est
2801 1265 3114 1336 dispositio,
3146 1267 3224 1320 uti
3242 1267 3452 1322 dictum

1880 1361 1962 1408 est
1983 1371 1996 1408 :
2023 1370 2074 1408 ν.
2099 1368 2149 1407 ε.
2169 1353 2404 1409 duorum
2429 1354 2496 1408 ad
2517 1363 2774 1424 quatuor,
2794 1355 3028 1410 sedecim
3049 1355 3114 1410 ad
3135 1364 3295 1423 octo;
3318 1371 3451 1425 pro-

1878 1445 2059 1516 portio
2078 1444 2312 1499 duarum
2342 1445 2667 1500 relationum
2688 1447 2929 1501 collatio.
2959 1446 3248 1517 Proportio
3277 1447 3451 1500 arith-

1879 1536 2081 1592 metica
2122 1545 2205 1593 est
2232 1551 2357 1607 quae
2395 1537 2691 1593 relationes
2742 1538 2961 1608 quidem
3004 1554 3116 1593 non
3157 1544 3332 1602 curat,
3353 1540 3450 1594 sed

1878 1626 2168 1683 excedens.
2205 1625 2358 1682 Sicut
2389 1627 2501 1683 duo
2534 1643 2595 1684 se
2630 1628 2833 1683 habent
2863 1628 2934 1683 ad
2963 1643 3130 1682 unum
3151 1671 3165 1696 ,
3215 1629 3296 1684 sic
3343 1630 3451 1684 tria

1880 1720 1950 1774 ad
1983 1717 2114 1774 duo.
2151 1717 2301 1773 Idem
2331 1719 2601 1776 excedens
2625 1720 2791 1790 igitur
2819 1727 2904 1776 est
2933 1720 3146 1775 relatio.
3182 1719 3299 1775 Duo
3323 1729 3452 1776 sunt

1878 1810 2104 1881 duplum
2147 1811 2345 1878 unius;
2396 1812 2444 1867 si
2497 1813 2604 1865 tria
2655 1809 2869 1868 referas
2914 1812 2982 1866 ad
3031 1812 3163 1877 duo,
3197 1819 3281 1868 est
3308 1814 3452 1868 ratio

198 1895 260 1948 Ἦ
295 1895 350 1960 ς’
382 1897 614 1951 ἐναντία
631 1898 698 1968 τῇ
722 1898 1103 1968 γεωμετρικῇ·
1136 1895 1211 1958 ὡς
1231 1897 1260 1949 6
1292 1895 1494 1966 μείζων
1523 1896 1662 1967 πρὸς
1689 1896 1778 1950 τὸν

1884 1903 2261 1973 sesquialtera.
2324 1902 2470 1974 Ergo
2503 1905 2787 1974 proportio
2813 1905 3142 1975 geometrica
3171 1913 3257 1960 est
3297 1904 3454 1959 iden-

192 1988 373 2057 μέσον,
394 1987 578 2053 οὕτως
601 1990 636 2059 ἡ
657 1987 766 2040 τῶν
797 1989 1095 2042 ἐλαττόνων
1119 1987 1354 2059 διαφορὰ
1387 1988 1521 2058 πρὸς
1542 1987 1640 2059 τὴν
1667 1987 1776 2041 τῶν

193 2079 475 2148 μειζόνων·
509 2081 565 2146 ς’
594 2080 636 2133 δ’
679 2086 747 2135 α’.
794 2079 1050 2150 Ἑϐδόμη,
1099 2079 1174 2142 ὡς
1209 2079 1462 2150 μέγιστος
1498 2079 1636 2150 πρὸς
1683 2079 1776 2132 τὸν

191 2169 493 2240 ἐλάχιστον,
526 2170 704 2235 οὕτως
732 2173 828 2225 καὶ
854 2172 888 2242 ἡ
916 2170 1148 2243 διαφορὰ
1178 2171 1314 2241 πρὸς
1351 2171 1449 2240 τὴν
1476 2170 1586 2224 τῶν
1617 2171 1778 2225 ἐλασ-

193 2259 377 2312 σόνων·
405 2260 454 2312 θ’
485 2260 539 2333 η’
576 2268 652 2326 ς’·
684 2261 931 2332 ἡμιόλιος
961 2261 1090 2331 γάρ.
1134 2261 1344 2333 Ὀγδόη,
1367 2261 1442 2325 ὡς
1469 2263 1498 2315 ό
1526 2262 1777 2332 μέγιστος

195 2351 325 2420 πρὸς
346 2352 440 2406 τὸν
471 2353 756 2418 ἐλάττονα,
783 2351 955 2416 οὓτως
978 2353 1011 2424 ἠ
1041 2351 1150 2405 τῶν
1177 2353 1360 2423 ἄκρων
1390 2353 1620 2424 διαφορὰ
1642 2355 1776 2425 πρὸς

194 2441 286 2510 τὴν
316 2445 428 2498 τῶν
455 2445 724 2517 μειζόνων
744 2462 757 2473 ·
793 2451 846 2510 ς’
884 2444 930 2509 ζ’
959 2444 1025 2498 θ’·
1060 2445 1340 2516 ἡμιολίους
1369 2446 1474 2519 γὰρ
1509 2445 1621 2517 ἔχει
1650 2448 1776 2510 τοὺς

196 2534 284 2588 δύο
305 2536 528 2605 λόγους.
573 2538 792 2608 Ἐνάτη,
821 2538 948 2591 ὅταν
972 2537 1140 2609 τριῶν
1171 2539 1313 2608 ὅρων
1347 2536 1537 2603 ὄντων,
1567 2537 1626 2590 ὂν
1663 2537 1776 2608 ἔχει

197 2627 344 2695 λόγον
383 2631 412 2682 6
445 2629 654 2700 μείζων
680 2628 817 2701 πρὸς
839 2630 930 2682 τὸν
954 2628 1214 2682 ἐλάττονα
1233 2667 1248 2692 ,
1275 2627 1464 2681 τοῦτον
1493 2628 1588 2682 καὶ
1613 2629 1645 2699 ἡ
1670 2628 1776 2682 τῶν

199 2717 378 2789 ἄκρων
406 2721 657 2792 ὑπεροχὴ
689 2722 825 2792 πρὸς
855 2720 954 2792 τὴν
991 2719 1098 2773 τῶν
1124 2719 1441 2775 ἐλαττόνων.
1477 2722 1686 2792 Δεκάτη
1721 2723 1778 2775 ἐν

197 2811 372 2880 τρισὶν
413 2813 588 2884 ὅροις,
629 2812 704 2876 ὼς
737 2814 766 2865 6
806 2812 1007 2884 μείζων
1052 2813 1190 2883 πρὸς
1232 2813 1323 2867 τὸν
1353 2814 1653 2884 ἐλάχιστον,
1685 2816 1778 2868 καὶ

201 2902 234 2972 ἠ
259 2903 491 2976 διαφορὰ
515 2904 623 2958 τῶν
645 2905 830 2976 ἄκρων
862 2905 998 2976 πρὸς
1025 2905 1125 2975 τὴν
1165 2905 1427 2977 διαφορὰν
1449 2906 1557 2959 τῶν
1593 2908 1777 2978 μειζό⁹

202 3011 322 3047 νων·
350 2991 463 3050 οἷον
494 2995 547 3066 γ’
576 3002 616 3049 ε’
637 2995 706 3068 η’·
737 2997 1009 3068 ὲπιμερὴς
1029 2996 1136 3068 γὰρ
1155 2999 1182 3050 6
1206 2999 1264 3050 ἐν
1291 2999 1577 3069 ἑκατέραις
1601 2998 1775 3066 λόγος,

203 3085 310 3138 Καὶ
329 3087 509 3141 ταῦτα
541 3088 638 3158 μὲν
668 3087 869 3158 μείζω,
909 3088 942 3158 ἦ
980 3087 1118 3141 κατὰ
1146 3087 1402 3160 σχολικὴν
1433 3089 1562 3153 ἴσως
1592 3106 1780 3142 συντο-

209 3177 332 3246 μίαν
354 3197 366 3209 ·
392 3180 600 3250 καίπερ
621 3180 832 3233 πολλῶν
851 3180 1388 3253 παραλελειμμένων·
1406 3183 1505 3235 οὐκ
1531 3181 1779 3252 ἄχρηστα

207 3263 260 3316 δὲ
286 3265 435 3335 ὅμως
457 3270 575 3330 τοῖς
601 3267 1058 3338 σπουδαιοτέροις,
1082 3269 1164 3332 εἰς
1193 3269 1398 3336 γνῶσιν
1431 3263 1586 3340 οἶμαι
1619 3269 1775 3338 λόγου
1807 3253 1848 3310 C

207 3355 296 3408 καὶ
332 3358 628 3425 ἀναλογίας
656 3358 752 3411 καὶ
780 3359 880 3428 τῆς
908 3357 1114 3412 τούτων
1143 3357 1427 3430 διαφορᾶς.

1879 1992 2010 2048 titas
2039 1993 2392 2058 relationum,
2425 1992 2769 2047 arithmetica
2791 2002 2971 2048 autem
3005 1992 3264 2049 identitas
3294 1992 3450 2047 diﬂ‘e-

1875 2083 2200 2138 rentiarum.
2245 2081 2380 2138 Nam
2432 2092 2640 2152 quanto
2679 2083 2970 2140 duodecim
3004 2092 3264 2155 superant
3303 2092 3450 2150 octo,

1879 2179 2034 2227 tanto
2053 2181 2390 2243 superantur
2411 2189 2506 2230 sex
2536 2174 2604 2228 ab
2625 2181 2773 2241 octo,
2796 2175 3056 2229 nimirum
3086 2176 3248 2230 tertia
3273 2183 3450 2245 parte.

1877 2263 2082 2329 Quarta
2150 2266 2435 2336 proportio
2485 2266 2833 2336 opponitur:
2881 2274 2939 2321 ut
2985 2267 3168 2338 majus
3227 2267 3458 2322 relative

1878 2355 1946 2410 ad
1990 2355 2192 2422 minus,
2242 2357 2325 2412 sic
2370 2356 2631 2412 distantia
2676 2357 2950 2411 minorum
2992 2359 3216 2413 relative
3259 2357 3326 2413 ad
3363 2359 3451 2414 di-

1878 2447 2135 2502 stantiam
2159 2447 2458 2517 majorum:
2485 2463 2600 2510 sex,
2625 2449 2867 2518 quinque
2890 2457 2944 2504 et
2966 2449 3072 2503 tria
3099 2449 3302 2520 quintae
3322 2465 3453 2520 geo-

1883 2539 2124 2593 metricas
2144 2540 2471 2609 opponitur:
2507 2541 2644 2596 sicut
2679 2541 2859 2611 majus
2895 2541 3122 2596 relative
3148 2541 3214 2596 ad
3245 2544 3451 2609 minus,

1878 2631 1958 2686 sic
1985 2637 2038 2686 et
2063 2630 2369 2686 dilferentia
2404 2632 2680 2687 minorum
2711 2633 2940 2690 relative
2975 2633 3043 2688 ad
3082 2633 3453 2690 diﬂ‘erentiam

1885 2723 2178 2792 majorum.
2221 2723 2498 2794 Quinque,
2527 2733 2784 2795 quatuor,
2804 2726 2936 2792 duo,
2965 2734 3132 2782 sextae
3157 2728 3456 2798 Opponitur

1880 2813 2243 2881 geometrica.
2289 2812 2443 2868 Sicut
2471 2815 2650 2886 majus
2683 2816 2912 2872 relative
2952 2817 3018 2871 ad
3061 2818 3333 2887 medium,
3372 2821 3456 2876 sic

1879 2905 2180 2962 dill'erentia
2231 2909 2502 2964 minorum
2550 2911 2776 2966 relative
2814 2911 2882 2966 ad
2932 2910 3294 2968 diﬂ'erentiam
3336 2929 3456 2968 ma-

1877 2999 2080 3067 jorum,
2115 3015 2232 3065 sex,
2275 3011 2534 3071 quatuor,
2573 3018 2762 3060 unum.
2797 3003 3074 3074 Septima;
3106 3005 3250 3060 sicut
3276 3006 3460 3061 maxi-

1881 3106 2028 3144 mum
2063 3091 2288 3148 relative
2313 3095 2380 3148 a—d
2410 3095 2706 3150 minimum
2729 3136 2744 3160 ,
2774 3095 2856 3152 sic
2889 3104 2944 3152 et
2975 3096 3280 3152 diﬂ‘erentia
3314 3099 3456 3154 rela-

1881 3181 1991 3236 tive
2016 3181 2083 3236 ad
2102 3183 2336 3249 minora,
2367 3200 2585 3252 novem,
2619 3195 2764 3251 octo,
2800 3204 2916 3256 sex;
2946 3197 3031 3244 est
3058 3190 3204 3245 enim
3239 3190 3456 3261 sesqui-

1886 3273 2080 3329 altera.
2121 3272 2326 3330 Octava
2372 3278 2517 3332 sicut
2552 3278 2849 3333 maximum
2899 3281 3124 3336 relative
3148 3280 3216 3335 ad
3246 3283 3452 3346 minus,

1888 3363 1970 3419 sic
2001 3372 2054 3420 et
2087 3363 2390 3421 dill‘erentia
2420 3376 2792 3424 extremorum
2836 3371 2904 3425 ad
2943 3370 3304 3426 differentiam
3333 3386 3455 3425 ma-

207 3447 380 3518 jorum
419 3474 433 3509 :
475 3453 589 3520 sic,
618 3460 858 3524 septem,
899 3467 1133 3508 novem:
1166 3453 1305 3509 duas
1345 3455 1490 3509 enim
1557 3455 1718 3510 habet
1755 3457 2047 3515 relationes
2087 3461 2495 3530 sesquialteras.
2532 3461 2716 3531 Nona;
2750 3465 2925 3520 tribus
2969 3466 3213 3523 terminis
3240 3457 3455 3538 pOsitis,

210 3557 367 3611 quam
396 3543 720 3599 relationem
749 3544 922 3613 major
959 3543 1121 3598 habet
1165 3545 1389 3601 relative
1429 3545 1497 3601 ad
1543 3547 1829 3613 minorem,
1869 3551 2118 3606 eamdem
2161 3552 2324 3609 habet
2361 3570 2699 3610 summorum
2734 3557 3092 3615 differentiam
3131 3563 3354 3619 relative
3390 3563 3459 3618 ad

211 3632 496 3689 minorem.
525 3631 744 3688 Decima
784 3633 839 3687 in
881 3634 1057 3690 tribus
1086 3637 1352 3703 terminis;
1390 3637 1532 3692 sicut
1570 3639 1746 3708 major
1773 3641 1838 3695 ad
1872 3642 2180 3709 minimum,
2215 3645 2290 3698 ita
2326 3654 2378 3700 et
2414 3646 2718 3703 differentia
2753 3664 3088 3706 summorum
3127 3654 3349 3709 relative
3391 3655 3460 3710 ad

211 3723 563 3820 dill‘erentiam
611 3724 880 3794 majorum
905 3746 919 3780 :
947 3742 996 3782 e.
1023 3742 1075 3798 g.
1115 3728 1240 3794 tria,
1268 3730 1528 3800 quinque,
1558 3740 1700 3786 octo.
1739 3732 2260 3805 Superparticularis
2292 3739 2437 3793 enim
2488 3741 2542 3795 in
2579 3743 2824 3814 utrisque
2849 3747 3057 3800 relatio.
3087 3745 3153 3800 Et
3186 3746 3301 3802 haec
3333 3750 3457 3820 qui-

213 3813 365 3882 dem,
421 3819 670 3886 quamvis
720 3819 906 3874 multis
957 3820 1177 3876 omissis
1221 3821 1466 3892 longiora
1519 3832 1644 3879 sunt
1695 3841 1858 3895 quam
1909 3827 2104 3882 deceat
2144 3829 2344 3884 scholae
2396 3813 2802 3900 concisionem,
2854 3851 2964 3890 non
3008 3837 3221 3892 inutilia
3277 3813 3459 3895 autem

214 3907 668 3981 diligentioribus,
699 3911 768 3967 ad
799 3913 1079 3970 relationis
1105 3923 1158 3970 et
1185 3917 1552 3985 proportionis
1583 3919 1858 3973 notionem
1893 3929 2056 3990 atque
2081 3921 2437 3978 diﬂ‘erentiam
2471 3927 3055 3996 comprehendendam.

220 4060 3470 4094 Mm

1066 4091 1746 4311 SGHOLIA
1839 4175 2568 4309 ANONYMI

675 4413 786 4476 ΑΙ)
825 4413 1198 4476 GREGORII
1236 4413 1680 4476 ORATIONEM
1735 4415 1802 4476 Pl

1884 4418 2035 4476 lIAM
2085 4417 2385 4479 CONTRA
2427 4419 2808 4485 JULIANUM
2862 4426 3026 4487 IMP.

1148 4580 1240 4644 (Ex
1267 4578 1486 4631 editione
1504 4579 1748 4630 Richardii
1774 4579 2079 4643 Montacutii,
2120 4580 2292 4632 Etonaa
2313 4581 2451 4645 1610,
2471 4583 2542 4646 4.)

290 4799 405 4854 Col.
449 4796 555 4852 532
592 4793 632 4848 A
667 4795 724 4850 5.
763 4794 1238 4862 Στηλιτευτικός.
1281 4792 1339 4847 Ὁ
1391 4793 1792 4865 στηλιτευτικὸς

1966 4796 2725 4868 Στηλιτευτικός.1ηγεειίνε
2748 4803 2864 4859 haec
2896 4808 3094 4871 oratio,
3133 4807 3465 4878 vituperatio

224 4890 400 4944 οὐτοσὶ
444 4890 620 4956 λόγος,
648 4885 815 4957 ψόγος
853 4886 973 4938 ἐστὶ
1017 4884 1126 4938 τῶν
1165 4883 1433 4955 Ἰουλιανῷ
1477 4887 1795 4957 πεπραγμέ-

224 4999 344 5038 νων.
395 4980 652 5052 Διαφέρει
707 4980 764 5033 δὲ
807 4979 974 5050 ψόγος
1027 4978 1454 5049 στηλιτευτικοῢ,
1491 4980 1573 5032 ὅτι
1621 4982 1649 5034 ό
1697 4981 1795 5052 μὲν

224 5075 384 5145 ψόγος
413 5075 501 5128 διὰ
545 5073 653 5127 τῶν
690 5071 1140 5142 ὲγκωμιαστικῶν
1183 5071 1491 5141 κεφαλαίων
1534 5073 1797 5145 προέρχε-

225 5183 329 5232 ται,
359 5162 472 5221 οἷον
493 5166 702 5235 γένους,
721 5164 1089 5234 ἀναστροφῆς,
1129 5164 1400 5235 πράξεων,
1438 5165 1792 5237 συγκρίσεως·

227 5261 253 5312 6
281 5261 337 5313 δὲ
371 5257 773 5330 στηλιτευτικὸς
821 5255 908 5309 διὰ
956 5255 1063 5309 τῶν
1112 5255 1358 5328 πράξεων
1395 5257 1582 5326 μόνον·
1619 5259 1667 5310 εί
1699 5257 1792 5310 τύ-

227 5369 304 5422 χοι
346 5351 424 5414 δὲ,
475 5350 570 5402 καὶ
616 5348 974 5419 συγκρίσεως.
1029 5347 1435 5416 Στηλιτευτικὸς
1484 5347 1542 5400 δὲ
1584 5347 1798 5419 εἴρηται

226 5440 328 5491 ἀπὺ
362 5437 675 5507 μεταφορᾶς
703 5436 804 5504 τῆς
834 5435 1053 5506 στήλης.
1097 5435 1273 5507 Στήλη
1304 5437 1381 5502 δὲ,
1416 5436 1533 5488 ἐστὶ
1577 5436 1722 5500 λίθος
1764 5438 1796 5507 ἢ

225 5528 420 5598 χαλκὸς
449 5527 508 5580 ὲν
537 5527 800 5597 ὲπιμήκει
832 5525 1155 5596 τετραγώνῳ
1187 5528 1446 5596 σχήματι,
1481 5529 1538 5580 ἐν
1568 5519 1613 5594 ᾧ
1645 5529 1800 5596 ἐγγέ-

227 5635 467 5692 γραπται
497 5621 534 5690 ἡ
567 5618 660 5672 τοῦ
695 5618 1138 5690 στηλιτευομένου
1170 5618 1344 5690 ὖὸρις.
1378 5619 1586 5673 Εἰδέναι
1605 5619 1663 5672 δὲ
1695 5620 1799 5691 χρὴ

227 5712 304 5766 ὅτι
349 5711 610 5774 πολλάκις
648 5710 958 5781 εὐεργεσίαι
993 5712 1114 5774 ταῖς
1158 5710 1377 5782 στήλαις
1421 5711 1801 5783 ὲνεγράφοντο.

1893 4898 1979 4946 εει
2019 4889 2222 4944 Juliani
2255 4900 2558 4962 gestorum.
2599 4892 2715 4948 Hoc
2749 4905 2929 4950 autem
2967 4896 3147 4952 diﬂ'crt
3191 4899 3464 4956 invectiva

1895 4983 2072 5035 oratio
2102 4996 2132 5033 a
2160 4982 2572 5052 vituperatrice,
2596 4985 2823 5056 quodin
2849 4987 3250 5057 vituperatione
3284 4993 3466 5047 oratio

1896 5090 1994 5144 per
2020 5075 2438 5130 demonstrativi
2475 5078 2694 5145 generis
2731 5079 2914 5148 capita
2965 5080 3368 5150 progrediatur,
3407 5091 3466 5137 ut

1896 5183 1993 5237 per
2047 5183 2242 5238 genus,
2293 5168 2700 5233 educationem,
2735 5179 2911 5240 gesta,
2955 5173 3465 5242 comparationem;

1898 5261 1954 5314 in
1987 5259 2266 5314 invectiva.
2287 5269 2466 5316 autem
2493 5262 2668 5316 solum
2695 5277 2791 5331 per
2812 5277 2900 5317 res
2927 5270 3135 5333 gestas,
3158 5271 3254 5317 aut
3279 5265 3468 5330 etiam,

1899 5352 1947 5406 si
1974 5351 2047 5404 ita
2078 5365 2165 5406 res
2190 5350 2400 5413 tulerit,
2426 5367 2522 5420 per
2547 5355 3034 5422 comparationem.
3063 5353 3470 5410 Sleliteuticum

1901 5453 2080 5499 autem
2119 5444 2222 5499 hoc
2255 5445 2468 5501 dicendi
2506 5462 2680 5516 genus
2720 5455 3074 5516 nuncupatur
3108 5448 3473 5503 translatione

1901 5533 2064 5589 ducta
2097 5534 2205 5586 ἀπὸ
2224 5535 2322 5605 τῆς
2356 5535 2575 5605 στήλης,
2611 5536 2665 5589 id
2699 5543 2784 5590 est
2816 5551 2845 5589 a
2871 5538 3148 5591 columna.
3186 5537 3283 5592 Est
3309 5552 3474 5607 porro

1901 5627 2158 5680 columna
2192 5626 2365 5696 lapis,
2409 5627 2494 5682 vel
2531 5641 2606 5682 aes
2640 5626 2938 5698 oblongum
2980 5629 3249 5698 quadrata
3298 5629 3472 5699 ﬁgura

1912 5715 1965 5769 in
2000 5732 2108 5786 quo
2145 5716 2466 5772 inscribitur
2495 5716 2614 5786 ejus
2643 5717 2736 5788 qui
2772 5717 3039 5771 invectiva
3076 5719 3324 5773 oratione
3358 5733 3473 5788 pro-

229 5804 516 5872 scinditur,
548 5800 898 5861 contumelia.
952 5801 1105 5860 Scire
1142 5809 1322 5860 autem
1373 5815 1551 5874 operae
1585 5801 1820 5873 pretium
1866 5811 1949 5861 est
1994 5807 2140 5877 quod
2190 5822 2582 5878 nonnunquam
2616 5807 2880 5866 beneﬁcia
2923 5808 2977 5864 in
3020 5809 3174 5866 stolis
3210 5809 3450 5864 inscribe

226 5905 322 5958 han
337 5907 440 5955 tur.
