3872 6222
378 383 518 438 1⁸107

459 496 873 552 Ἑνωτίσασθε.
905 493 966 548 In
993 491 1220 546 auribus
1252 490 1456 561 ponite.

447 585 781 657 Περιωπῆς.
812 614 879 624 -—
913 583 1199 653 Περιωπή,
1227 582 1464 651 specula,
1492 581 1648 637 locus
1697 583 1955 638 excelsus

377 686 482 734 est.
517 676 592 729 Ita
621 674 848 739 dicitur,
881 672 1009 743 quia
1037 671 1234 726 exinde
1261 671 1408 725 omni
1440 685 1507 725 ex
1531 679 1686 740 parte
1715 671 1957 726 circum-

377 769 628 840 spicitur.
661 765 767 834 Ὠψ
799 765 942 820 enim
988 761 1204 834 poetice
1253 761 1467 816 oculus.
1517 762 1580 816 Et
1613 761 1857 816 ἄποπτον
1887 779 1956 819 ex

378 858 589 928 ἀφορᾷν
612 856 780 910 venit.
811 851 959 908 Voco
989 851 1156 923 igitur
1187 865 1400 913 omnes,
1429 851 1524 916 ait,
1546 867 1614 906 ex
1643 851 1792 907 edito
1817 868 1959 922 quo-

376 948 502 1002 dam
531 957 584 1002 et
618 946 798 1000 medio
830 945 974 1008 loco,
1001 957 1065 996 ex
1119 957 1229 1011 quo
1284 949 1506 997 vocatos
1534 957 1563 994 a
1591 958 1678 997 me
1726 943 1958 997 multum

375 1039 689 1109 prospicere
721 1035 941 1107 possim.

445 1129 814 1195 Γενήσεσθε.
839 1125 961 1181 Non
991 1125 1139 1196 quod
1174 1141 1325 1180 nunc
1357 1125 1611 1189 audiunt,
1641 1126 1739 1196 qui
1772 1135 1961 1197 postea

375 1227 559 1274 erunt.
626 1216 913 1284 Quomodo
962 1217 1148 1271 enim?
1183 1214 1290 1272 Sed
1331 1215 1477 1288 quod
1508 1225 1562 1271 et
1589 1215 1697 1288 ipsi
1749 1218 1843 1288 qui
1905 1218 1964 1274 in

376 1319 656 1380 posterum
691 1307 861 1362 futuri
896 1317 1045 1372 sunt,
1079 1316 1210 1362 tunc
1251 1308 1576 1375 exaudiunt,
1612 1311 1758 1366 sicut
1785 1321 1836 1366 et
1861 1327 1962 1367 nos

376 1402 472 1472 qui
493 1417 643 1457 nunc
669 1401 727 1457 in
754 1400 860 1456 hoc
889 1401 1094 1455 mundo
1128 1401 1295 1454 vitam
1330 1402 1603 1472 degimus.

417 1503 424 1510 '
444 1497 720 1564 Δύναμις.
746 1491 963 1552 Audite,
983 1502 1036 1547 et
1053 1507 1168 1548 vos.

447 1587 770 1657 Δράκοντα.
806 1582 1111 1638 Καθελοῦσι
1133 1586 1348 1656 supple,
1379 1592 1436 1640 ut
1463 1596 1650 1642 antea.

452 1677 667 1734 Ταῦτα.
698 1675 912 1732 Οωιυιιι
939 1675 1152 1731 scilicet
1182 1685 1238 1731 et
1265 1683 1493 1732 terram.

446 1765 1292 1826 KmeeawlovAnimadverte
1308 1770 1588 1838 quomodo
1601 1768 1655 1823 in
1677 1768 1828 1823 omni
1843 1782 1966 1823 ora-

1854 376 2168 434 ANONYMI

1984 499 2032 555 Α
2134 494 2272 550 Ibid.
2299 494 2353 548 4.
2404 494 2826 549 Ἐνωτίσασθε.
2867 493 2958 548 Ἐν
2984 495 3095 557 τοῖς
3124 492 3230 546 ὠσὶ
3265 492 3452 550 θέσθε.

3504 384 3529 438 I
3541 384 3651 439 208

2136 583 2272 638 Ibid.
2304 583 2358 637 7.
2389 581 2717 651 Περιωπῆς.
2742 583 3028 653 Περιωπὴ,
3059 583 3178 636 ἐστὶ
3201 583 3365 647 τόπος
3403 583 3612 656 ὑψηλός
3636 601 3652 616 ·

2065 677 2281 746 εἴρηται
2310 675 2369 728 δὲ
2409 674 2520 728 άπὸ
2550 673 2644 727 τοῦ
2676 674 2952 745 περισσῶς
2983 675 3116 745 ὁρᾷν
3150 674 3380 730 ἐκεῖθεν.
3403 677 3508 746 ’Ὠψ
3542 678 3659 747 γὰρ

2067 767 2362 841 ποιητικῶς
2400 770 2428 821 ό
2466 767 2738 840 ὀφθαλμός
2762 784 2775 798 ·
2812 769 2905 820 καὶ
2937 767 2997 820 τὺ
3041 767 3283 822 ἄποπτον
3316 769 3376 822 δὲ
3414 771 3523 824 ἀπὸ
3557 771 3658 824 τοῦ

2067 863 2277 932 ἁφορᾷν
2307 859 2539 932 εἴρηται.
2574 859 2739 914 Καλῶ
2771 863 2902 928 γοῦν
2936 860 3206 926 ἅπαντας,
3241 861 3432 931 φησιν,
3468 863 3534 916 ἐκ
3569 880 3661 916 τι·

2068 970 2155 1016 νος
2185 951 2388 1023 ὑψηλοῦ
2424 953 2518 1005 καὶ¹
2562 952 2889 1021 μεσαιτάτου
2928 953 3118 1016 τόπου,
3173 953 3307 1006 πολὺ
3352 953 3412 1008 τὸ
3439 955 3662 1026 άφορᾷν

2069 1044 2193 1106 τοὺς
2217 1042 2584 1113 καλουμένους
2617 1043 2741 1114 ἐμοὶ
2765 1043 3116 1114 παρέχοντος.

2140 1134 2279 1190 Ibid.
2327 1135 2415 1189 I0.
2453 1134 2826 1202 Γενήσεσθε.
2867 1137 2982 1206 Οὐχ
3014 1136 3096 1189 ὅτι
3138 1134 3234 1190 νῦν
3273 1135 3566 1190 ἀκούουσιν
3609 1137 3666 1188 oi

2069 1225 2422 1296 γενησόμενοι
2456 1224 2594 1295 (πῶς
2619 1225 2728 1296 γάρ
2747 1225 2806 1295 ;),
2841 1225 2955 1279 ἀλλ’
2983 1226 3064 1278 ὅτι
3107 1225 3201 1280 καὶ
3237 1226 3394 1278 αὐτοὶ
3427 1225 3672 1294 ὕστερον

2069 1315 2393 1370 ἀκούσονται
2439 1315 2547 1369 τῶν
2586 1316 2758 1384 λόγων
2806 1317 3259 1386 ἐντυγχάνοντες,
3315 1315 3506 1386 ὥσπερ
3559 1315 3674 1372 καὶ

2071 1406 2231 1476 ἡμεῖς
2257 1405 2308 1457 οἱ
2338 1402 2432 1457 νῦν
2469 1406 2526 1457 ἐν
2553 1403 2631 1476 τῷ
2661 1404 2850 1476 κόσμῳ
2873 1404 3047 1476 τούτῳ
3084 1405 3381 1474 διάγοντες.

2142 1497 2280 1552 Ibid.
2321 1498 2408 1551 11.
2437 1498 2713 1566 Δύναμις.
2759 1497 3072 1561 Ἀκούσατε,
3103 1498 3196 1550 καὶ
3232 1498 3412 1567 ὑμεῖς.

2143 1587 2276 1643 Ibid.
2311 1587 2353 1640 B
2377 1587 2430 1641 2.
2463 1586 2787 1655 Δράκοντα.
2819 1586 3145 1652 Καθελοῦσι,
3173 1586 3281 1640 ἀπὸ
3314 1587 3408 1639 τοῦ
3447 1583 3672 1642 κοινοῦ.

2141 1679 2258 1734 Col.
2291 1680 2396 1733 555
2425 1679 2470 1733 Α
2489 1678 2546 1733 2.
2583 1678 2792 1733 Ταῦτα.
2817 1678 2920 1730 Τὸν
2945 1678 3173 1748 οὐρανὸν
3202 1679 3297 1732 καὶ
3319 1677 3418 1749 τὴν
3450 1681 3582 1750 γῆν.

2143 1767 2279 1823 Ibid.
2312 1766 2366 1823 6.
2414 1768 2855 1821 Κωνσταντίου.
2907 1766 3241 1837 Σημείωσον,
3289 1767 3406 1830 πῶς
3450 1769 3508 1820 ὲν
3547 1768 3677 1840 ὅλῳ

373 1863 523 1918 tione
542 1860 820 1932 egregiam
835 1857 903 1914 de
922 1857 1250 1913 Constantio
1271 1857 1606 1928 imperatore
1634 1858 1962 1914 mentionem

2092 1857 2150 1927 τῷ
2175 1857 2564 1928 στηλιτευτικῷ
2611 1857 2791 1922 καλῶς
2836 1857 3107 1928 μέμνηται
3150 1859 3526 1913 Κωνσταντίου
3560 1861 3674 1914 τοῦ

374 1953 531 2020 facit,
560 1968 739 2024 neque
772 1951 830 2005 in
855 1950 980 2005 aliis
1025 1949 1249 2020 quidem
1283 1949 1584 2018 nequitiam
1630 1949 1751 2019 ejus
1779 1950 1968 2020 objur-

377 2051 490 2115 gat,
515 2043 611 2100 sed
635 2041 1046 2112 simplicitatem
1064 2041 1249 2110 potius
1265 2054 1329 2092 ac
1351 2039 1657 2108 levitatem;
1677 2041 1767 2095 hic
1791 2041 1969 2094 mani-

374 2137 514 2192 feste
546 2133 754 2188 laudat.
783 2132 899 2187 Nec
927 2139 1014 2186 est
1039 2130 1186 2202 quod
1216 2130 1459 2188 mireris.
1494 2131 1657 2188 Zelus
1684 2133 1830 2188 enim
1864 2133 1967 2187 ad-

372 2241 567 2284 versus
592 2225 914 2281 idololatras
932 2221 1072 2280 adeo
1092 2230 1404 2279 mutaverat
1435 2239 1584 2289 eum,
1617 2231 1677 2278 ut
1713 2224 1968 2281 sincerus

374 2319 588 2374 amicus
617 2318 687 2372 iis
720 2316 874 2372 ﬁeret
905 2318 1022 2386 qui,
1055 2332 1166 2372 non
1199 2331 1296 2388 per
1329 2316 1654 2388 nequitiam,
1674 2315 1967 2387 utipsedi-

379 2411 486 2468 cit.
511 2407 608 2463 sed
633 2414 864 2478 propter
895 2407 1302 2478 simplicitatem
1330 2407 1437 2478 ipsi
1469 2407 1686 2463 molesti
1728 2406 1968 2464 fuerant.

373 2500 749 2555 Consueverat
779 2497 926 2552 enim
951 2495 1114 2552 Pater
1144 2498 1203 2552 in
1237 2496 1446 2566 majore
1483 2497 1628 2550 malo
1680 2496 1968 2567 ignoscere

371 2590 554 2645 minus
567 2586 1115 2660 ignorantibus.Lege
1131 2587 1255 2657 ejus
1273 2585 1345 2640 De
1361 2602 1509 2655 pace,
1524 2586 1831 2641 orationem
1844 2602 1947 2642 nec

373 2699 486 2739 non
502 2682 751 2738 adversus
776 2681 1156 2746 Eunomianoe,
1180 2682 1356 2750 inqua
1377 2679 1537 2734 dicit:
1560 2677 1635 2734 De
1653 2679 1878 2744 mundo,
1897 2679 1965 2734 de

373 2775 753 2844 materia,dein
765 2775 832 2830 de
843 2774 1050 2830 Christi
1071 2773 1411 2828 cruciatibus
1427 2771 1959 2842 philosophare,etc.

2069 1949 2367 2022 βασιλέωςο
2419 1949 2540 2002 οὐδὲ
2586 1951 2645 2002 ὲν
2693 1952 2805 2012 τοῖς
2861 1947 3042 2012 ἄλλοις
3095 1950 3194 2019 μὲν
3239 1950 3403 2002 αὑτοῦ
3455 1952 3676 2006 κακίαν

2065 2041 2215 2112 αὖτῷ
2247 2039 2560 2112 μαρτυρῶν,
2602 2039 2716 2094 ἀλλ’
2748 2039 3028 2110 ἁπλότητα
3082 2039 3280 2111 μᾶλλον
3325 2041 3420 2094 καὶ
3456 2043 3676 2110 κουφό-

2065 2151 2203 2203 τητα
2222 2149 2236 2164 ·
2277 2131 2514 2186 ἐνταῦθα
2545 2131 2602 2186 δὲ
2640 2133 2735 2186 καὶ
2765 2131 2952 2201 σαφῶς
2985 2132 3247 2187 ἐπαινῶν.
3273 2135 3384 2187 Kal.
3423 2135 3495 2206 μὴ
3521 2135 3676 2189 Bau-

2068 2227 2269 2300 μάσῃς.
2295 2226 2354 2278 '0
2381 2224 2491 2296 γὰρ
2517 2223 2658 2279 κατὰ
2679 2223 2773 2278 τοῦ
2799 2225 3187 2295 εἱδωλολάτρου
3218 2225 3380 2296 ζῆλος
3408 2227 3676 2298 διήλλατ-

2067 2333 2158 2369 τεν
2183 2316 2343 2369 aiith
2363 2315 2642 2379 ὀλοτελῶς,
2666 2315 2762 2368 καὶ
2795 2315 2948 2381 φίλον
2981 2317 3152 2370 ὲτωίει
3186 2318 3409 2388 γνήσιον
3447 2315 3556 2370 τῶν
3597 2319 3671 2373 οὐ

2069 2404 2213 2458 κατὰ
2249 2406 2470 2478 κακίαν,
2497 2406 2572 2470 ὼς
2600 2406 2761 2468 αὑτός
2801 2405 2904 2459 πού
2936 2423 3122 2477 φησιν,
3151 2406 3288 2460 ἀλλὰ
3315 2407 3383 2461 δι’
3403 2408 3672 2479 εὐηθείας

2068 2498 2470 2569 λελυπηκότων.
2512 2497 2664 2550 Ἐπεὶ
2709 2498 2803 2551 καὶ
2849 2498 2911 2551 τὸ
2963 2497 3092 2553 ἄλλο
3130 2493 3262 2569 ἦθος
3298 2499 3394 2553 τοῦ
3439 2500 3672 2570 Πατρδς

2069 2588 2330 2652 τοιοῦτον,
2371 2589 2430 2640 ὲν
2478 2587 2557 2658 τῷ
2602 2588 2995 2660 ὑπερϐάλλοντι
3052 2589 3209 2660 κακῷ
3257 2590 3670 2659 συγγινώσκειν

2071 2682 2184 2744 τοῖς
2215 2681 2539 2752 μικρότερον
2579 2681 2865 2750 ἀγνοοῦσιν
2894 2680 3046 2752 [Reg.
3075 2681 3144 2746 Β,
3175 2684 3291 2746 τοῖς
3326 2683 3668 2755 μικρότερον

2071 2769 2236 2824 αὑτοῦ
2267 2770 2328 2823 τὸ
2357 2771 2628 2842 εἰρηνικὸν
2667 2772 3000 2845 ἀγνοοῦσιν].
3034 2772 3332 2842 Ἀνάγνωθι
3363 2775 3527 2829 αὐτοῦ
3563 2776 3672 2833 τὸν

379 2870 715 2940 Εἰρηνικὸν,
748 2869 842 2922 καὶ
875 2868 1036 2923 πάλιν
1071 2868 1218 2942 [Reg.
1248 2868 1292 2922 Β
1331 2871 1386 2921 ὲν
1415 2866 1518 2940 τῷ]
1547 2867 1638 2920 τὸν
1663 2866 1813 2935 πρὸς
1841 2867 2277 2938 Εὑνομιανοὺς,
2317 2867 2446 2920 ἔνθα
2495 2869 2662 2939 φησί·
2703 2867 2988 2938 Φιλοσόφει
3029 2887 3120 2940 μοι
3153 2872 3281 2941 περὶ
3323 2872 3530 2942 κόσμου
3560 2876 3670 2929 καὶ

373 2965 527 3040 ὕλης,
564 2964 688 3024 εἶτα
728 2971 858 3042 περὶ
905 2968 1143 3040 Χριστοῦ
1194 2967 1571 3040 παθημάτων,
1608 2966 1704 3020 καὶ
1734 2965 1805 3018 τὰ
1839 2963 1997 3034 ἑξῆς.

443 3063 763 3132 Ατσθησις.
821 3062 1138 3131 Isocratice,
1197 3079 1416 3134 nempe,
1453 3063 1513 3118 Si
1565 3062 1691 3132 quis
1715 3061 1956 3117 mortuis

373 3171 572 3212 sensus
605 3165 691 3213 est
721 3172 907 3212 eorum
928 3171 1051 3227 quae
1081 3157 1138 3211 in
1173 3164 1321 3211 terra
1349 3162 1610 3226 aguntur.

449 3247 564 3302 Τοῦ
596 3247 685 3302 δέ.
726 3246 1039 3304 Constantii
1093 3247 1308 3303 scilicet
1354 3247 1539 3300 anima
1580 3247 1756 3316 magis
1794 3257 1960 3315 quam

375 3339 607 3396 aliorum
637 3341 886 3397 omnium
911 3342 1308 3412 imperatorum
1345 3337 1556 3394 audiat.

2137 3058 2270 3115 Ibid.
2297 3059 2678 3126 7.Αἷσθησις.
2721 3060 3107 3130 Ἰσοκρατικὸν,
3135 3062 3256 3116 ἀντὶ
3279 3063 3396 3129 τοῦ,
3428 3065 3553 3119 Ἐάν
3573 3083 3668 3132 τις

2061 3151 2315 3224 αἴσθησίς
2347 3153 2462 3204 ἐστι
2490 3151 2598 3204 τῶν
2627 3151 2755 3222 τῇδε
2775 3151 3030 3210 ἀκούειν.

2051 3278 2058 3288 ο
2135 3243 2273 3299 Ibid.
2318 3243 2371 3298 8.
2416 3243 2528 3297 Τοῦ
2573 3243 2662 3297 δέ.
2715 3244 2919 3298 Τούτου
2971 3245 3028 3298 δὲ
3073 3245 3168 3298 τοῦ
3202 3247 3580 3302 Κωνσταντίου
3623 3252 3661 3322 ἡ

2063 3334 2211 3405 ψυχὴ
2234 3333 2475 3405 δηλονότι
2497 3333 2593 3386 καὶ
2617 3333 2835 3388 πάντων
2860 3334 2968 3389 τῶν
2990 3334 3165 3390 ἄλλων
3195 3337 3464 3404 βασιλέων
3497 3341 3666 3396 πλέον

2065 3421 2333 3475 ἀκουέτω.

444 3519 952 3589 Βεϐαιωσάμενος.
990 3518 1097 3575 Pro
1137 3518 1465 3589 βεϐαιώσας,
1507 3533 1624 3571 cum
1654 3515 1962 3579 conﬁrmas-

2143 3512 2280 3568 Ibid.
2312 3513 2400 3568 I0.
2437 3512 2942 3582 Βεϐαιωσὰμενος.
2979 3513 3124 3566 ’Δντὶ
3177 3514 3297 3578 τοῦ,
3343 3514 3665 3586 βεϐαιώσας

375 3621 452 3668 set
482 3620 533 3666 et
563 3611 923 3667 stabiliviuet.

446 3701 494 3758 0
545 3718 757 3773 gravem
846 3702 1123 3772 offensam.
1187 3699 1302 3755 Hoc
1358 3707 1487 3754 ante
1556 3696 1825 3768 apodosin
1889 3709 1973 3751 est

1355 3807 1465 3862 qua
1537 3791 1652 3861 ipse
1742 3787 1962 3843 allectus

2092 3787 2180 3860 τρὸ
2211 3788 2312 3859 τῆς
2341 3787 2670 3852 ἀποδόσεως.
2711 3787 3025 3856 Ἐπήρειαν
3068 3787 3158 3854 δὲ,
3193 3789 3261 3858 ἢν
3305 3791 3470 3854 αὐτὸς
3520 3793 3663 3864 επη-

375 3795 859 3866 interponendum.
945 3793 1224 3849 OlI'ensam
1256 3835 1270 3860 ,

373 3895 462 3942 est
490 3885 872 3952 Constantius,
910 3885 1003 3956 qui
1036 3885 1198 3940 talem
1233 3892 1443 3954 pestem
1471 3883 1762 3940 nescierat.

444 3977 611 4030 Aluit.
643 3975 878 4031 Patruus
903 3977 1049 4031 enim
1079 3974 1200 4044 ejus
1229 3981 1367 4028 erat.

450 4067 841 4121 Βασιλεῦσαι.
893 4064 1000 4121 Pro
1045 4066 1277 4136 Ποιῆσαι
1317 4061 1653 4134 βασιλεῦσαι,
1690 4059 1883 4130 Effecit
1912 4068 1968 4113 ut

376 4175 469 4214 rex
496 4160 920 4214 constitueretur.

457 4247 796 4319 Voluptatem
851 4257 1151 4316 capturum.
1189 4243 1358 4298 Valde
1425 4241 1765 4313 gavisurum.

451 4340 807 4396 Sanetiorem.
840 4337 1160 4394 Sermonem
1186 4336 1458 4390 videlicet.

448 4431 726 4500 Nefarias.
751 4429 1089 4492 Immundas,
1133 4429 1398 4496 impuras.

445 4523 802 4578 Prestantia.
836 4519 1043 4592 Nempe
1071 4519 1219 4590 quod
1253 4531 1653 4589 supervacuum
1675 4523 1780 4578 est,
1809 4524 1861 4569 et
1882 4527 1968 4568 re-

375 4615 649 4679 dundans,
684 4614 960 4683 nimisque
984 4616 1288 4683 copiosum.

449 4731 633 4787 Omnis
669 4729 825 4797 hujus
861 4727 1063 4781 surculi.
1104 4725 1340 4780 Pulchra
1367 4723 1484 4777 haec
1514 4715 1966 4776 deﬁnitio.Nam-

375 4841 482 4896 que
511 4821 748 4878 eruditio
785 4829 839 4875 et
861 4817 1164 4874 secundum
1212 4831 1313 4873 nos
1357 4813 1695 4887 mysterium,
1725 4824 1836 4865 non
1867 4821 1966 4861 au-

375 4928 484 4971 tem
531 4913 695 4983 hujus
737 4910 945 4974 saeculi,
988 4924 1166 4979 neque
1199 4907 1508 4978 principum
1537 4906 1680 4979 ejus,
1714 4899 1808 4956 sed
1842 4912 1964 4969 quae

373 5008 610 5076 desuper
647 5012 703 5060 et
731 5019 762 5056 a
802 5003 946 5058 lucis
975 4999 1139 5086 Patre
1163 5000 1331 5054 venit.

447 5095 946 5167 Διαπορευομένη.
975 5095 1178 5165 Supple
1203 5092 1339 5145 ὲστί.

442 5193 615 5262 Atque
640 5189 759 5244 illa.
790 5187 1060 5257 Insipiens
1089 5183 1379 5255 sapientia.

447 5281 519 5338 Et
533 5281 676 5352 apud
693 5280 846 5336 tales.
876 5277 1296 5334 Praestanti'ores
1321 5283 1375 5330 et
1395 5273 1749 5345 insigniores.

452 5373 747 5429 Exhibebit.
787 5368 1181 5452 Circumdabit.

445 5467 684 5523 Assistet
705 5461 1063 5537 gratia.Pro,
1096 5459 1263 5517 stabit
1303 5458 1359 5514 in
1383 5459 1552 5531 cyclo.

447 5558 580 5627 Quis
603 5558 866 5612 theatrum
891 5553 1152 5610 exhibebit
1203 5582 1272 5594 -——
1293 5551 1428 5618 Quis
1468 5550 1617 5606 dabit
1636 5548 1768 5604 mihi
1801 5549 1959 5618 tales,

379 5653 475 5719 ait,
500 5651 801 5713 auditores.
827 5646 924 5718 qui
944 5645 1093 5718 digni
1114 5645 1227 5701 sint
1253 5641 1752 5715 gratia?Quanam?
1783 5640 1958 5710 Quam

379 5739 524 5797 Deus
549 5739 708 5796 nobis
729 5735 1034 5795 concedere
1057 5734 1312 5807 dignatus
1341 5742 1444 5800 est,
1469 5734 1683 5791 sublato
1703 5745 1953 5808 tyranno.

2075 3606 2168 3658 καὶ
2198 3603 2474 3676 κυρώσας.

2143 3692 2281 3748 Ibid.
2316 3693 2402 3748 I2.
2426 3695 2487 3747 Ὢ
2540 3693 2649 3761 τῆς
2684 3693 2986 3762 ἐπηρείας.
3027 3691 3196 3746 Τοῦτο
3231 3695 3436 3765 μεταξὺ
3467 3697 3666 3767 νόησον

2072 3880 2278 3952 ρεάσθη
2316 3881 2717 3945 Κωνστάντιος,
2745 3879 3016 3950 ἀγνοήσας
3042 3881 3104 3935 τὺ
3126 3881 3367 3935 τοιοῦτον
3397 3884 3587 3937 κακόν.

2139 3971 2274 4027 Ibid.
2307 3971 2393 4024 I4.
2439 3969 2814 4039 Ἐπιτρέφων.
2851 3971 3004 4036 Θεῖος
3041 3972 3150 4045 γὰρ
3183 3973 3348 4027 αὑτοῦ
3383 3970 3473 4046 ἦν.

2141 4063 2276 4119 Ibid.
2305 4061 2348 4116 Β
2381 4064 2430 4117 1.
2452 4063 2844 4118 Βασιλεῦσαι.
2890 4065 3036 4120 Ἀντὶ
3073 4065 3190 4134 τοῦ,
3233 4049 3466 4139 [Indiam
3495 4069 3659 4142 βασις

2069 4154 2277 4210 λεῦσαι.

2141 4248 2276 4304 Ibid.
2309 4249 2362 4303 5.
2401 4247 2656 4315 Ἠσθείη.
2689 4247 2917 4319 Χαρείη.

2142 4339 2278 4396 Ibid.
2302 4340 2356 4394 7.
2393 4338 2745 4409 Ἰερώτερον.
2784 4341 2887 4394 Τὸν
2917 4339 3094 4410 λόγον.

2139 4433 2275 4488 Ibid.
2308 4432 2360 4487 8.
2399 4432 3019 4505 Ἐναγεῖς.Μυσαροὺς,
3051 4433 3419 4506 ἀκαθάρτους,

2137 4525 2272 4580 Ibid.
2319 4525 2374 4580 9.
2433 4525 2775 4592 Περιουσία.
2823 4525 2970 4579 Ἀντὶ
3029 4524 3144 4590 τοῦ,
3177 4525 3496 4598 περιττεῦον
3558 4531 3659 4584 καὶ

2066 4618 2358 4684 πλεονάζον
2391 4617 2486 4672 καὶ
2516 4616 2637 4670 λίαν
2663 4616 2918 4689 εὔπορον.

2135 4709 2268 4764 Ibid.
2301 4708 2388 4763 II.
2431 4708 2492 4762 Ἡ
2543 4708 2650 4762 τοῦ
2702 4707 2937 4775 αἰῶνος.
2978 4708 3159 4772 Καλὸς
3205 4712 3236 4764 ό
3289 4710 3659 4786 προ[σ]διορι-

2070 4803 2225 4872 σμός.
2263 4800 2552 4863 Παίδευσις
2592 4799 2704 4872 γὰρ
2742 4801 2837 4854 καὶ
2882 4800 2944 4855 τὸ
2976 4801 3096 4854 καθ’
3136 4803 3286 4874 ἡμᾶς
3329 4807 3657 4879 μυστήριον,

1996 4861 2040 4915 D
2069 4861 2184 4946 ἀλλ’
2214 4891 2273 4944 οὐ
2312 4891 2406 4943 τοῦ
2444 4861 2640 4954 αἱῶνος
2671 4861 2884 4955 τούτου,
2917 4892 3035 4946 οὐδὲ
3067 4861 3188 4947 τῶν.
3226 4861 3527 4968 ἀρχόντων.
3552 4861 3658 4954 αιῖιΞ

2069 4980 2184 5044 τοῦ,
2217 4979 2420 5034 ἄνωθεν
2453 4980 2510 5034 δὲ
2538 4979 2688 5051 παρὰ
2717 4980 2810 5034 τοῦ
2846 4981 3058 5050 Πατρός
3085 4981 3194 5036 τῶν
3220 4983 3437 5052 φώτων.

2139 5071 2277 5128 Ibid.
2311 5071 2398 5125 I2.
2427 5072 2926 5142 Διαπορευομένη.
2981 5074 3128 5128 Ἐστὶ
3157 5075 3421 5147 δηλονότι.

2140 5162 2277 5219 Ibid.
2311 5164 2393 5218 14.
2450 5164 2705 5231 Ἔχει-νη.
2749 5164 2812 5215 Ἡ
2846 5163 3046 5233 ἄσοφος
3080 5166 3260 5234 σοφία.

2140 5254 2274 5310 Ibid.
2317 5257 2628 5321 Τοιούτοις.
2671 5255 3122 5328 Ἐπισημοτέροις
3157 5258 3252 5311 καὶ
3295 5258 3656 5331 ὀνομαστοτέ-

2072 5363 2205 5418 ροις.

2138 5457 2275 5512 Ibid.
2327 5457 2369 5512 C
2415 5457 2470 5514 9.
2525 5460 2884 5528 Περιστήσει
2947 5454 3020 5528 τῇ
3066 5459 3281 5530 χάριτι.
3330 5462 3478 5516 Ἀντὶ
3533 5463 3654 5528 τοῦ,

2065 5549 2268 5620 Κύκλῳ
2323 5550 2508 5619 στήσει
2549 5547 2706 5622 [829.
2771 5550 2822 5605 D
2872 5552 2966 5616 Τίς
2998 5551 3226 5625 θέατρον
3279 5553 3654 5627 περιστήσει]

2065 5640 2163 5704 Τις
2188 5637 2348 5693 δώσει
2379 5656 2470 5711 μοι
2507 5640 2802 5706 τοιούτους,
2833 5643 3018 5712 φησὶν,
3052 5643 3346 5714 ἀκροατὰς,
3372 5642 3515 5698 ὥστε
3562 5646 3656 5698 κα).

2064 5729 2250 5798 ἀξίους
2285 5725 2424 5783 εἶναι
2460 5730 2558 5800 τῆς
2598 5731 2852 5804 χάριτος;
2895 5731 3091 5799 Ilotae;
3125 5735 3228 5788 Ἢν
3277 5735 3307 5788 ό
3349 5732 3483 5799 Θεὸς
3522 5736 3657 5806 ἡμῖν
3702 5771 3724 5797 κ

2065 5822 2360 5894 ἐχαρίσατο
2388 5822 2632 5878 καθελὼν
2665 5823 2753 5880 τὸν
2779 5823 3062 5891 τύραννον.
