4078 6414
97 4403 148 4432 κ

3007 373 3480 384 Ἠ

252 367 3547 424 nam

898 407 1130 422 __—

998 568 1166 672 IN
1265 566 2014 696 QUARTUM
2118 568 2648 676 TOMUM

656 883 667 908 ο
1529 792 2212 984 ῆβϊᾶὶᾱιῖα.

1808 1089 2536 1138 090%

1271 1093 1803 1132 -ἢ

323 1250 377 1308 Si
397 1259 695 1322 postremos
714 1250 834 1307 illos
853 1250 1306 1308 Retractationum
1329 1250 1498 1308 libros
1526 1250 1680 1308 nobis
1699 1253 2028 1324 Augustinus
2045 1252 2382 1324 reliquisset,
2404 1253 2597 1326 quibus
2620 1253 2828 1312 habitos
2857 1255 2924 1311 ad
2963 1256 3217 1326 populum
3253 1258 3533 1316 Tractatus

258 1359 540 1403 recensere
560 1359 619 1400 se
642 1343 779 1400 velle
802 1344 1028 1414 epistola
1053 1359 1146 1399 sua
1167 1343 1233 1399 ad
1250 1343 1675 1412 Quodvultdeum
1699 1346 1991 1402 tesmbatur
2015 1343 2210 1418 (Epist.
2235 1346 2342 1402 224
2359 1389 2374 1413 ,
2397 1363 2452 1402 η.
2477 1347 2573 1418 2);
2602 1348 2922 1405 immensum
2945 1349 3048 1405 hoc
3081 1351 3134 1405 in
3163 1351 3404 1406 Psalmos
3430 1353 3534 1407 Da-

255 1438 452 1494 vidicos
477 1453 609 1507 opus
635 1436 708 1493 ibi
735 1437 875 1492 ltaud
896 1435 1055 1493 dubie
1083 1435 1397 1492 illustrasset
1423 1435 1490 1490 iis
1513 1435 2006 1502 observationibus,
2037 1452 2159 1508 qua:
2185 1437 2511 1508 prtefationis
2532 1439 2648 1494 loco
2667 1481 2684 1508 ,
2711 1450 2895 1495 nostra
2937 1441 3104 1497 multo
3141 1437 3383 1508 utilior‘is,
3408 1460 3530 1502 esse

256 1531 569 1603 potuissent.
597 1531 668 1586 At
694 1545 814 1586 cum
844 1530 1170 1600 propositum
1198 1528 1421 1600 exsequi
1446 1528 1605 1584 beato
1633 1527 1762 1584 Viro
1790 1545 1887 1601 per
1911 1539 2138 1588 mortem
2160 1547 2266 1587 non
2296 1533 2536 1600 licuerit,
2565 1535 2888 1592 arbitramur
2913 1535 3072 1593 ofﬁcii
3098 1540 3266 1594 nostri
3289 1539 3392 1595 ltoc
3418 1541 3542 1596 loco

255 1625 438 1695 paucis
479 1636 783 1693 exponere,
806 1623 981 1693 primo
1019 1622 1209 1694 quibus
1247 1622 1535 1678 momentis
1573 1620 1641 1676 ad
1679 1623 2070 1695 suscipiendam
2111 1625 2441 1682 Psalmorum
2481 1631 2877 1686 enarrationem
2919 1632 3178 1701 impulsus
3217 1632 3322 1699 sit,
3357 1642 3544 1703 postea

253 1731 409 1788 quem
430 1717 482 1772 in
511 1730 572 1772 ea
592 1715 833 1772 ordinem
855 1715 1178 1782 servaverit,
1211 1713 1408 1770 deinde
1431 1729 1592 1785 quam
1615 1725 1830 1772 secutus
1859 1715 2018 1774 fuerit
2047 1719 2099 1774 in
2124 1718 2445 1789 exponendo
2467 1721 2728 1777 rationem
2748 1763 2762 1788 ,
2796 1732 2905 1778 tum
2935 1737 3069 1794 quas
3099 1724 3248 1796 leges
3271 1725 3370 1780 sibi
3395 1740 3540 1796 pra).-

255 1810 486 1866 stituerit
506 1852 520 1878 ,
547 1809 773 1881 denique
796 1810 1006 1866 cuinam
1033 1808 1284 1866 institerit
1309 1807 1654 1866 Versionum.

259 1937 264 1940 -
327 1902 551 1958 Psalmis
575 1901 839 1958 Davidicis
862 1901 1057 1957 mirum
1083 1901 1137 1957 in
1161 1899 1376 1958 modum
1412 1901 1722 1973 capiebatur
1743 1902 2086 1972 Augustinus.
2117 1901 2316 1958 Eorum
2341 1911 2558 1969 cantus,
2590 1919 2696 1974 quo
2730 1913 2970 1975 tempore
3006 1905 3154 1961 illum
3197 1906 3253 1962 in
3281 1906 3526 1964 Ecclesia

257 1996 633 2053 Mediolanensi
656 1995 842 2052 audire
869 1995 1033 2065 cmpit
1050 2035 1066 2062 ,
1095 1992 1226 2048 adeo
1247 1993 1484 2049 suaviter
1509 1993 1675 2063 ipsius
1703 1993 1969 2050 afﬁciebat
1986 1995 2220 2049 animum
2243 2037 2258 2062 ,
2287 2003 2345 2050 ut
2368 1995 2465 2064 piis
2490 1994 2636 2050 hisce
2662 1998 2895 2052 motibus
2919 1998 2987 2053 ad
3008 1999 3376 2055 maturandam
3399 2016 3537 2056 con-

259 2089 556 2146 versionem
589 2103 737 2144 suam
781 2087 1146 2144 vehementius
1182 2085 1550 2141 stimularetur
1575 2083 1982 2160 (Confessionum
2011 2086 2096 2140 lib.
2123 2087 2188 2153 9,
2221 2105 2268 2140 c.
2316 2089 2348 2143 6
2378 2097 2426 2142 et
2452 2089 2524 2159 7).
2563 2088 2746 2142 Tradit
2773 2090 2946 2145 etiam
2978 2089 3071 2144 Vir
3098 2100 3312 2147 sanctus
3352 2093 3404 2146 in
3432 2107 3535 2148 suo

255 2198 468 2240 secessu
495 2183 633 2254 apud
673 2183 1026 2240 Cassisiacum
1048 2225 1064 2251 ,
1096 2183 1181 2239 ubi
1211 2196 1271 2238 se
1297 2180 1366 2236 ad
1395 2181 1720 2251 Baptismum
1747 2181 2116 2252 comparabat,
2150 2191 2424 2253 tantopere
2453 2183 2691 2238 divinum
2722 2185 2773 2238 in
2803 2198 2862 2238 se
2893 2198 3132 2239 amorem
3161 2186 3424 2241 exarsisse
3454 2187 3538 2242 le-

252 2275 436 2346 gendis
465 2274 651 2330 iisdem
680 2276 845 2330 sacris
867 2273 1098 2332 Canticis
1118 2316 1134 2342 ,
1158 2282 1214 2328 ut
1245 2272 1620 2328 ardentissimo
1656 2272 1906 2343 ﬂagraret
1927 2273 2194 2330 desiderio
2223 2275 2339 2330 illos
2362 2291 2457 2345 per
2482 2276 2667 2332 orbem
2707 2277 3016 2331 universum
3040 2318 3054 2340 ,
3086 2277 3130 2330 si
3157 2293 3259 2347 qua
3291 2278 3404 2332 ﬁeri
3433 2293 3536 2348 po-

253 2368 468 2434 tuisset,
496 2367 782 2434 recitandi;
805 2367 1067 2440 simulque
1096 2365 1433 2422 amarissimo
1457 2365 1656 2422 doloris
1681 2379 1802 2420 cum
1831 2363 2190 2434 indignatione
2209 2380 2271 2422 ac
2291 2367 2756 2422 commiseratione
2785 2367 3052 2437 conjuncti
3081 2382 3241 2422 sensu
3270 2383 3537 2438 pungere-

249 2472 351 2527 tur,
385 2461 524 2532 quod
551 2477 669 2533 qua:
697 2463 949 2534 mysteria
979 2460 1317 2531 remediaque
1347 2459 1455 2514 illic
1497 2459 1857 2526 continentur,
1886 2458 2160 2515 Maniclmei
2205 2460 2427 2530 lugenda
2467 2463 2704 2516 caecitate
2744 2476 2850 2516 non
2889 2461 3168 2530 viderent,
3198 2471 3360 2533 atque
3399 2463 3538 2520 adeo

245 2553 542 2610 antidotum
559 2595 576 2622 ,
609 2571 713 2625 quo
733 2555 932 2610 sanitas
950 2557 1028 2611 eis
1047 2554 1247 2610 reStitui
1270 2552 1564 2624 potuisset,
1589 2560 1902 2624 reSpuerent
1931 2549 2117 2625 (Ibid.,
2147 2569 2194 2606 ο.
2228 2553 2307 2622 4).

317 2647 481 2715 Atqui
509 2647 632 2700 licet
657 2661 687 2700 e
715 2647 937 2700 Psalmis
966 2656 1164 2703 tanttm
1190 2644 1416 2701 luminis
1437 2644 1594 2710 duci,
1629 2654 1735 2697 tam
1765 2643 1984 2698 uberem
2015 2643 2225 2711 pietatis
2247 2658 2461 2698 succum
2486 2644 2714 2712 exprimi
2743 2660 2898 2715 posse
2931 2646 3282 2716 intelligeret,
3315 2649 3536 2718 prOprio

239 2737 501 2830 nipnirum
539 2735 926 2804 experimento;
953 2747 1178 2792 attamen
1208 2735 1413 2806 privata
1449 2750 1544 2790 sua
1585 2733 1931 2789 meditatione
1957 2741 2269 2798 contentus,
2310 2749 2577 2804 nunquam
2618 2735 2861 2790 fortassis
2887 2737 2955 2790 ad
2996 2753 3090 2792 eos
3118 2739 3328 2806 publice
3363 2756 3534 2809 expo-

241 2821 457 2879 n'endos
478 2824 710 2878 animum
739 2825 1046 2894 appulisset,
1071 2827 1165 2881 nisi
1193 2825 1363 2894 ipsum
1389 2825 1565 2892 petita:
1587 2821 1803 2878 aliunde
1823 2837 1998 2876 causa:
2023 2824 2426 2890 permovissent.
2452 2825 2735 2879 Enimvero
2763 2834 2869 2880 tam
2893 2829 3221 2895 magniﬁch
3249 2831 3534 2885 imbiberat

243 2917 316 2971 dc
340 2916 673 2971 Psalmorum
705 2917 1005 2986 praestantia
1027 2918 1354 2986 opinionem,
1383 2925 1441 2970 ut
1461 2924 1719 2987 quotquot
1741 2930 1803 2968 ex
1838 2913 1939 2968 illis
1977 2916 2299 2982 apertissimi
2330 2915 2666 2982 videbantur,
2701 2917 2858 2970 iidem
2895 2919 3122 2974 habendi
3152 2932 3332 2976 essent
3367 2924 3537 2991 ipsius

245 3009 446 3080 judicio
473 3005 898 3063 reconditissimi.
943 3007 1051 3063 Nec
1075 3020 1198 3064 sane
1222 3008 1363 3062 aliud
1404 3023 1580 3063 causa:
1623 3007 1786 3061 fuisse
1838 3021 1934 3060 cur
1975 3005 2038 3060 ad
2077 3008 2338 3076 psalmum
2379 3007 2726 3062 centesimum
2768 3009 3032 3063 decimum
3073 3023 3349 3075 oet-avum,
3382 3016 3537 3082 cujus

248 3099 636 3171 expositionem
667 3099 735 3156 ab
770 3114 836 3155 eo
863 3109 1062 3155 tantum
1103 3117 1200 3156 non
1232 3100 1487 3156 conviciis
1525 3099 1862 3170 ﬂagitabant,
1891 3099 2321 3167 explanandum,
2353 3107 2472 3168 post
2515 3109 2688 3153 tantas
2715 3117 2892 3155 moras
2935 3111 2989 3155 et
3027 3105 3540 3172 procrastinaliones

251 3193 574 3256 accesserit,
618 3193 732 3262 ipse
769 3190 899 3248 satis
936 3191 1162 3247 declarat
1206 3191 1321 3247 istis
1359 3190 1564 3252 verbis,
1613 3189 1812 3256 Quanto
1854 3189 1988 3243 enim
2029 3189 2222 3242 videtur
2265 3189 2506 3259 apertior,
2537 3198 2674 3243 tanto
2715 3190 2840 3242 milii
2870 3193 3171 3260 profundior
3217 3196 3370 3248 rideri
3411 3197 3541 3250 solet

252 3282 487 3354 (Pratog.
510 3283 563 3335 in
589 3280 736 3336 Psal.
764 3281 970 3353 cxvut).
999 3282 1365 3338 Verumtamen
1389 3296 1510 3336 cum
1533 3281 1802 3349 dignitatis
1827 3295 1987 3348 quam
2007 3280 2226 3349 gerebat
2254 3279 2389 3333 ratio
2409 3280 2646 3350 exigeret
2665 3290 2721 3334 ut
2741 3281 2952 3348 plebem
2981 3297 3123 3336 curae
3150 3300 3258 3338 sum
3278 3287 3540 3344 creditam

254 3375 532 3446 praeceptis
566 3374 898 3438 institueret,
933 3372 1384 3445 objurgationibus
1417 3373 1740 3442 corrigeret,
1774 3355 2093 3425 informaret'
2125 3369 2192 3422 ad
2237 3369 2482 3437 pietatem
2505 3411 2519 3433 ,
2550 3369 2600 3422 in
2631 3370 2888 3424 bonorum
2920 3387 3139 3440 cpernm
3178 3377 3542 3445 virtutumque

256 3465 664 3524 cltrt'stianarum
691 3467 866 3522 studio
895 3475 949 3522 et
968 3483 1068 3522 usu
1093 3465 1466 3530 conﬁrmaret;
1490 3479 1787 3534 quanquam
1816 3462 2087 3532 Scriptura
2117 3461 2290 3514 omnis
2310 3503 2326 3527 ,
2355 3461 2612 3530 Apostolo
2641 3469 2774 3515 teste
2797 3503 2809 3526 ,
2843 3463 2906 3516 ad
2944 3463 2992 3516 id
3023 3465 3269 3518 emiducit
3300 3467 3364 3536 (ll
3393 3467 3533 3528 Tim.

257 3577 346 3630 ιιι,
373 3561 496 3634 16);
531 3576 652 3617 eum
678 3569 853 3616 tamen
881 3560 1114 3630 oportuit
1145 3561 1196 3614 in
1225 3559 1410 3630 primis
1438 3556 1682 3612 Psalmos
1715 3555 2005 3621 adbibere,
2035 3561 2217 3624 utpote
2255 3569 2388 3622 quos
2413 3553 2609 3622 passim
2641 3556 2815 3622 populi
2846 3555 3088 3607 manibus
3116 3559 3211 3610 teri
3251 3573 3314 3612 ac
3350 3560 3400 3612 in
3435 3578 3534 3618 ore

259 3653 460 3708 versari
486 3662 763 3720 cerneret,
787 3667 958 3719 eoque
986 3651 1052 3706 ad
1079 3650 1198 3707 illud
1239 3647 1628 3719 asscquendum
1665 3647 1928 3717 judicaret
1953 3643 2280 3700 efﬁcaciores
2301 3687 2315 3709 ,
2345 3645 2482 3714 quod
2525 3647 2777 3715 mysteria
2804 3654 2960 3715 atque
3001 3658 3264 3717 praecepta
3295 3651 3344 3705 in
3373 3655 3541 3708 sacris

261 3747 503 3801 omnibus
530 3747 766 3817 paginis,
793 3759 1018 3814 quarum
1050 3743 1400 3813 illiquoddam
1430 3741 1590 3796 veluti
1621 3738 1993 3810 compendium
2021 3737 2276 3792 exhibent
2298 3780 2311 3802 ,
2341 3736 2578 3804 dispersa
2605 3779 2618 3799 ,
2653 3737 2704 3789 in
2733 3753 2791 3792 se
2820 3738 3265 3807 complectantur.
3298 3743 3538 3799 Desuda-

258 3838 333 3892 vit
361 3838 520 3908 igitur
549 3840 599 3894 in
624 3839 724 3893 hoc
747 3838 930 3892 labore
951 3850 1154 3891 summa
1173 3848 1297 3888 cura
1318 3841 1373 3887 et
1393 3832 1674 3888 sedulitate
1695 3873 1710 3896 ,
1739 3838 1793 3884 et
1817 3828 1863 3884 si
1890 3825 2103 3899 quando
2126 3828 2363 3884 molestis
2389 3827 2752 3913 improbisque
2783 3828 3027 3897 precibus
3058 3847 3243 3885 eorum
3273 3835 3360 3902 qui
3387 3850 3543 3890 eom-

257 3930 612 3985 mentationes
655 3929 705 3984 in
734 3927 1007 3993 Psalmos,
1038 3941 1165 3996 quos
1192 3925 1308 3994 ipse
1347 3923 1504 3976 nimis
1544 3919 1787 3976 difﬁciles
1829 3919 2205 3986 existimabat,
2243 3918 2614 3988 postulabant,
2645 3935 2750 3973 non
2779 3921 2876 3973 nisi
2905 3938 3046 3989 aegre
3089 3939 3289 3978 morem
3332 3930 3538 3996 gessit:

261 4030 449 4077 contra
477 4023 718 4078 videmus
742 4019 1028 4092 aliquando
1061 4018 1195 4075 nolle
1223 4017 1396 4087 ipsum
1426 4015 1678 4078 Psalmis,
1709 4029 1842 4086 quos
1886 4014 1941 4068 in
1970 4013 2216 4067 manibus
2258 4013 2482 4068 habebat
2509 4054 2524 4077 ,
2548 4013 2746 4068 relictis
2766 4054 2778 4076 ,
2808 4015 2874 4068 ad
2919 4016 3019 4068 alia
3051 4019 3311 4074 calamum
3353 4033 3536 4080 trans-

257 4119 428 4185 ferre;
460 4136 526 4176 eo
545 4121 682 4192 quod
709 4135 828 4190 quae
855 4119 1038 4174 multis
1074 4122 1249 4173 essent
1290 4111 1672 4174 conducibilia,
1701 4109 1890 4167 eadem
1928 4117 2138 4180 putaret
2178 4121 2390 4176 semper
2433 4107 2826 4176 anteponenda.
2869 4107 3040 4178 Magis
3086 4121 3292 4180 urgent,
3328 4115 3534 4188 inquit,

257 4227 374 4281 quae
397 4213 624 4272 pluribus
649 4213 794 4266 utilia
821 4211 930 4281 fore
954 4227 1207 4282 speramus
1237 4207 1426 4281 (Epist.
1453 4205 1556 4261 169
1574 4247 1587 4270 ,
1619 4204 1686 4257 ad
1711 4201 1959 4258 Evodium
1979 4244 1994 4269 ,
2027 4221 2080 4258 η.
2117 4204 2188 4272 l).

330 4303 466 4358 Cum
495 4305 718 4372 primum
747 4303 812 4358 ad
843 4301 968 4357 illud
998 4317 1128 4372 opus
1144 4314 1421 4372 aggressus
1443 4306 1526 4353 est
1550 4296 1910 4366 Augustinus,
1942 4293 2389 4366 quemadmodum
2423 4294 2586 4364 ipsius
2612 4296 2893 4350 consilium
2925 4312 3031 4350 non
3072 4308 3189 4353 erat
3227 4301 3536 4365 Davidicum

255 4412 420 4453 omne
447 4396 760 4452 Psalterium
789 4395 1167 4459 commentari,
1194 4395 1266 4449 ita
1296 4393 1553 4446 rationem
1596 4389 1801 4444 ordinis
1829 4387 1966 4442 haud
1994 4401 2316 4458 magnopere
2339 4385 2634 4440 habendam
2677 4387 3016 4442 existimavit.
3056 4390 3120 4444 Et
3161 4393 3374 4461 quidem
3418 4401 3540 4468 epi.

258 4490 423 4545 stola:
443 4488 510 4543 ad
534 4489 808 4543 Paulinum
835 4502 976 4542 anno
997 4483 1202 4542 circi‘er
1236 4484 1342 4539 414
1368 4483 1580 4551 εει-ἰριω
1607 4481 1757 4536 locus
1781 4481 1892 4546 ille,
1922 4495 2028 4551 quo
2051 4480 2368 4535 strictiorem
2394 4479 2580 4548 psalmi
2608 4478 2799 4533 decimi
2832 4483 2966 4535 sexti
3001 4486 3392 4541 enarrationem
3424 4491 3532 4545 du-

256 4581 393 4636 dum
424 4579 520 4633 abs
539 4592 597 4634 se
619 4578 807 4634 factam
840 4585 1084 4642 testatur,
1116 4569 1347 4634 Recensui
1365 4616 1380 4642 ,
1412 4573 1639 4641 inquiens
1658 4613 1672 4635 ,
1700 4570 2040 4626 brevissimam
2058 4571 2334 4640 quamdam
2355 4570 2578 4640 ejusdem
2611 4569 2794 4639 psalmi
2817 4573 3207 4640 expositionem,
3239 4594 3390 4646 quam
3416 4584 3535 4650 jam

263 4673 385 4728 olim
413 4670 712 4726 dictaverunt
733 4671 919 4746 (Epist.
953 4670 1085 4736 M9,
1117 4687 1169 4723 η.
1198 4669 1278 4738 5),
1309 4681 1374 4723 eo
1411 4666 1787 4738 cogitationem
1818 4673 2052 4720 nostram
2097 4662 2348 4730 impellit,
2383 4672 2472 4728 ut,
2498 4677 2617 4718 cum
2659 4663 2900 4718 eamdem
2933 4665 3078 4718 illam
3112 4671 3532 4742 expositionem,

259 4780 372 4822 tum
403 4779 596 4820 omnes
618 4764 746 4824 alias
763 4766 951 4823 eadem
975 4760 1234 4817 brevitate
1252 4773 1313 4814 ac
1336 4758 1476 4829 stylo
1493 4757 1834 4813 concinnatas
1849 4796 1864 4824 ,
1887 4755 2048 4812 totius
2072 4754 2248 4824 operis
2270 4754 2470 4824 primas
2491 4754 2686 4809 exiisse
2711 4755 3051 4810 arbitremur.
3077 4757 3340 4816 Statuerat
3370 4766 3532 4820 etiam

259 4851 557 4914 Graduales
585 4872 715 4928 quos
739 4865 932 4915 vocant
958 4854 1198 4910 Psalmos
1236 4867 1300 4904 ex
1330 4850 1518 4904 ordine
1554 4850 1867 4917 enucleare,
1907 4847 2046 4918 quod
2080 4847 2134 4900 in
2175 4847 2526 4900 centesimum
2567 4846 2879 4916 vigesimum
2921 4851 3215 4906 secundum
3263 4855 3538 4914 disserens

257 4950 522 5024 signiﬁcat
550 4947 635 5020 ιιξς
655 4951 857 5016 verbis,
892 4943 1212 5002 Ascendentis
1235 4941 1443 4996 Cantica
1463 4957 1529 4994 ex
1547 4942 1722 4996 ordine
1749 4957 1866 4996 cum
1895 4940 2177 4996 Sanctitate
2213 4938 2385 4992 Vestra
2406 4938 2774 4992 consideranda
2797 4942 3011 5010 suscepi.
3043 4944 3302 5001 Similiter
3327 4949 3378 5002 in
3401 4965 3534 5005 cen-

262 5042 520 5128 \esimum/
535 5044 846 5118 vigesimum
877 5040 1113 5112 quintum
1140 5050 1200 5090 ac
1224 5033 1571 5089 centesimum
1597 5033 1921 5103 trigesimum
1949 5031 2177 5102 primum
2206 5030 2334 5085 dicit
2356 5031 2426 5084 ita
2465 5044 2523 5085 se
2562 5029 2627 5084 ad
2669 5030 2902 5100 psalmos
2931 5032 3050 5088 illos
3073 5037 3316 5105 venisse,
3351 5050 3407 5095 ut
3435 5058 3535 5098 cu-

265 5147 460 5207 jusun
475 5122 612 5199 ordo
639 5134 936 5208 postulabat
964 5148 980 5186 :
1010 5143 1130 5186 cum
1155 5137 1329 5182 tamen
1355 5125 1668 5196 vigesimum
1703 5132 1918 5181 sextum
1947 5124 1998 5178 in
2026 5123 2160 5179 festo
2191 5124 2250 5178 Β.
2283 5122 2541 5192 αι’ἱερῑπιτε
2561 5165 2576 5190 ,
2609 5124 2762 5191 cujus
2793 5139 3014 5194 agonem
3048 5129 3202 5184 nonis
3227 5131 3533 5193 decembris

259 5211 507 5292 3‘24",“
535 5224 938 5298 Martyrologia,
964 5221 1221 5292 psalmum
1259 5232 1386 5273 vero
1412 5215 1740 5287 trigesimum
1787 5214 2069 5285 septimum
2116 5215 2166 5268 in
2193 5213 2280 5269 die
2309 5214 2471 5268 natali
2505 5215 2560 5269 S.
2592 5214 2812 5278 Felicis,
2840 5215 2991 5285 cujus
3028 5224 3340 5291 martyrium
3372 5228 3534 5286 nonis

262 5303 579 5384 rjévcmbris
603 5315 953 5377 renuntiatur,
983 5309 1301 5380 exposuerit.
1337 5307 1439 5364 Sed
1476 5307 1527 5360 in
1571 5306 1787 5378 reliquis
1813 5305 2061 5361 omnibus
2090 5322 2210 5360 eum
2238 5306 2410 5362 ordini
2447 5321 2549 5361 non
2589 5305 2750 5360 fuisse
2786 5306 3091 5378 addictum,
3119 5316 3248 5368 varii
3281 5316 3383 5370 loci
3413 5319 3534 5387 pla-

268 5437 393 5478 uum
419 5415 636 5473 faciunt
668 5402 907 5475 Exempli
946 5418 1102 5459 causa
1122 5444 1137 5468 ,
1166 5401 1215 5455 in
1241 5400 1499 5470 psalmum
1529 5400 1913 5470 sexagesimum
1936 5411 2147 5454 sextum
2183 5399 2581 5469 explanationes
2603 5399 2879 5454 centesimi
2910 5404 3128 5458 secundi
3172 5415 3225 5460 et
3251 5411 3534 5470 centesimi

233 5493 240 5520 ι
269 5515 414 5571 tertii
440 5511 602 5572 citat;
630 5504 684 5560 in
709 5498 1051 5556 centesimum
1088 5493 1368 5550 secundum
1403 5493 1792 5548 enarrationem
1830 5494 2106 5548 centesimi
2134 5493 2308 5558 tertii,
2338 5507 2496 5563 quam
2525 5493 2685 5547 etiam
2717 5493 2767 5546 in
2798 5497 3112 5564 exponendo
3139 5503 3531 5571 octogesimum

267 5606 502 5680 quodam
530 5597 694 5656 modo
715 5591 924 5649 videtur
949 5587 1194 5643 indicare.
1215 5585 1275 5641 In
1299 5585 1518 5654 epistola
1544 5585 1609 5640 ad
1648 5585 1904 5642 Evodium
1928 5587 2052 5643 data
2071 5595 2300 5643 exeunte
2327 5601 2466 5640 anno
2491 5585 2596 5640 415
2617 5627 2630 5651 ,
2663 5586 2820 5641 tradit
2860 5591 3099 5658 proxime
3137 5592 3365 5652 dictatas
3400 5614 3431 5653 a
3469 5617 3539 5661 se

269 5678 606 5776 psalmorum
636 5682 952 5756 sexagesimi
973 5679 1200 5752 septimi,
1225 5678 1596 5750 septuagesimi
1618 5679 1770 5748 primi
1796 5690 1850 5737 et
1869 5681 2241 5755 septuagesimi
2265 5680 2478 5752 septimi
2504 5683 2870 5738 enarrationes
2895 5683 3096 5752 fuisse;
3128 5689 3272 5748 nolle
3294 5709 3426 5751 vero
3445 5713 3532 5766 se,

271 5770 432 5856 suum
471 5791 528 5847 in
573 5780 811 5848 reliquos
849 5774 1077 5866 psalmos
1099 5813 1116 5841 ,
1135 5785 1260 5866 quos
1285 5770 1512 5830 necdum
1549 5772 1932 5847 explicaverat,
1975 5777 2210 5835 laborem
2242 5774 2503 5847 interpelli
2529 5773 2724 5846 (Epist.
2757 5777 2860 5836 169
2881 5821 2896 5849 ,
2921 5797 2974 5834 η.
3007 5782 3064 5852 1)
3093 5798 3105 5836 :
3135 5785 3275 5843 unde
3307 5791 3534 5866 colligas

567 5874 800 5938 Sasc'r.
848 5865 1116 5926 Ausus-r.
1151 5864 1246 5927 lY.

3001 5875 3223 5958 (ϋηο.)

799 5970 892 5984 θυι.-
