4078 6414
559 362 622 423 u
1056 335 1059 338 ’
2011 355 2391 414 PRAZFATIO.
2947 340 2952 344 '
3361 311 3378 321 ’
3783 361 3849 424 η

552 488 686 538 ωηο
711 489 816 536 non
837 478 975 536 bene
1001 476 1196 534 multos
1222 476 1549 548 superfuisse
1573 488 1708 552 quos
1743 482 2012 530 tractaret.
2044 474 2185 530 Loca
2204 517 2217 544 ,
2254 485 2523 544 tempora,
2554 485 2742 541 casus,
2772 487 3045 546 personae,
3073 489 3216 546 stepe
3255 475 3452 546 saepius
3488 477 3844 539 enarrandum

552 575 817 644 psalmum
847 573 895 629 ci
919 572 1292 644 suggerebant.
1325 571 1585 626 Debemus
1625 568 1878 639 trigesiml
1914 568 2088 638 quarti
2131 577 2186 624 et
2220 568 2497 630 centesimi
2540 565 2792 638 trigesimi
2835 567 2960 624 noni
3000 571 3479 626 commentationes
3509 572 3737 642 imperio
3764 577 3840 633 vel

552 666 804 740 precibus
829 667 1200 737 episcoporum
1222 707 1238 733 ,
1269 678 1405 735 quos
1427 671 1550 718 tunc
1581 662 1835 731 temporis
1864 670 2182 717 conventum
2207 660 2437 730 aliquem
2464 660 2710 714 habuisse
2729 660 2997 728 conjicere
3025 669 3124 714 est.
3156 659 3299 715 ldem
3329 673 3453 732 puta
3475 662 3542 718 de
3570 679 3842 721 commen-

524 763 756 819 ‘tatione
783 761 834 814 in
871 759 1202 830 trigesimum
1245 766 1490 821 sextum,
1519 753 1970 824 quemadmodum
2015 754 2066 808 in
2116 752 2338 808 exordio
2365 753 2629 808 sermonis
2673 749 2894 805 secundi
2939 765 3103 821 super
3148 751 3340 807 eodem
3385 753 3591 822 psalmo
3621 754 3844 822 ipsemet

553 866 757 914 narrat.
805 854 1312 925 Quinquage‘simum
1361 850 1652 907 secundum
1698 848 1933 911 Fratris.
1975 846 2201 916 alicujus
2243 845 2467 904 forsitan
2508 844 2776 914 episcopi,
2811 844 3038 914 impulsu
3069 859 3129 899 se
3167 845 3503 900 tractandum
3545 850 3844 918 suscepisse

556 957 803 1006 testatur.
831 947 1244 1018 Nonagesimum
1285 953 1531 1015 quartum
1561 941 1754 1012 populo
1785 941 2029 1010 exposuit
2057 937 2228 994 Patris
2248 981 2260 1003 ,
2290 947 2348 994 ut
2371 939 2476 1004 ait,
2501 937 2668 1007 jussis
2694 938 3073 1002 obsecuturos,
3103 938 3352 993 nimirum
3378 940 3461 995 vel
3489 941 3690 998 Aurelii
3717 943 3837 1000 Car-

549 1045 882 1116 thaginensis
901 1085 916 1109 ,
948 1042 1031 1096 vel
1059 1041 1203 1096 senis
1231 1039 1459 1103 Valerii,
1488 1051 1646 1107 quem
1688 1037 1740 1090 in
1765 1035 2076 1105 episcopatu
2102 1033 2428 1104 Augustinus
2460 1032 2689 1100 excepit.
2724 1031 2799 1086 De
2825 1031 3029 1100 psalmo
3076 1035 3370 1087 centesimo
3403 1034 3564 1090 tertio
3607 1034 3748 1090 idem
3777 1039 3838 1092 si.

545 1139 750 1194 militer
775 1135 1074 1192 declaratur
1101 1134 1151 1188 in
1179 1131 1415 1189 secundo
1439 1129 1786 1200 prolixiorum
1813 1127 2066 1184 horumce
2085 1136 2310 1197 quatuor
2340 1140 2646 1181 sermonum
2668 1166 2683 1191 ,
2711 1124 2903 1195 quibus
2923 1124 3241 1196 Carthagine
3269 1127 3364 1181 Vir
3387 1137 3605 1184 sanctus
3633 1146 3840 1187 memo-

543 1242 720 1289 ratum
747 1231 1008 1303 psalmum
1035 1226 1342 1284 edisseruit.
1375 1225 1710 1294 Propositum
1747 1223 1847 1278 sibi
1873 1239 1902 1278 a
1932 1223 2049 1278 viro
2080 1221 2312 1293 quodam
2355 1237 2561 1293 magum
2603 1221 2967 1289 auctoritatis,
2993 1237 3152 1292 quem
3187 1237 3344 1278 suum
3383 1239 3595 1295 quoque
3631 1236 3839 1296 patrem

547 1326 780 1390 vocitat,
819 1321 1084 1393 psalmum
1118 1318 1501 1389 octogesimum
1523 1325 1728 1374 sextum
1757 1317 1992 1372 excussit
2014 1331 2082 1372 ex
2121 1325 2378 1384 tempore.
2415 1315 2551 1383 Quin
2581 1315 2741 1370 etiam
2761 1314 2973 1374 videtur
3003 1317 3056 1370 in
3085 1317 3580 1389 quinquagesimum
3611 1321 3839 1390 primum

543 1417 709 1473 verba
727 1414 959 1478 iecisse,
989 1428 1097 1469 non
1123 1421 1249 1467 ante
1287 1409 1569 1465 meditatus
1597 1424 1715 1479 quae
1741 1407 1982 1464 diceret:
2009 1422 2130 1463 cum
2158 1406 2232 1462 ibi
2259 1407 2434 1462 vereri
2478 1422 2538 1462 se
2573 1415 2817 1472 testatus,
2851 1417 2906 1461 ut
2944 1408 2994 1462 id
3037 1417 3181 1465 tanta
3211 1413 3554 1468 aceuratione
3585 1423 3838 1484 praestet,

547 1520 802 1582 quantam
828 1505 990 1578 exigit
1009 1506 1180 1563 oratio
1201 1547 1216 1574 ,
1248 1521 1355 1560 non
1376 1511 1577 1559 attente
1602 1504 1775 1559 solum
1806 1502 2108 1558 auditorum
2137 1502 2357 1558 auribus
2381 1543 2395 1567 ,
2424 1501 2518 1557 sed
2544 1499 2861 1572 scriptorum
2886 1517 3098 1573 quoqe
3134 1505 3372 1573 calamo,
3402 1515 3459 1561 ut
3486 1507 3680 1577 publici
3702 1509 3841 1578 juris

544 1604 666 1671 fiat,
690 1600 1018 1673 excipienda.
1047 1598 1504 1669 Quandoquidem,
1536 1597 1742 1668 inquit,
1773 1597 1964 1667 placuit
1993 1595 2235 1669 fratribus
2253 1638 2268 1661 ,
2300 1613 2401 1650 non
2422 1605 2616 1650 tantum
2644 1611 2769 1650 aure
2787 1605 2833 1650 et
2856 1598 3004 1652 unde
3024 1639 3038 1662 ,
3068 1599 3157 1652 sed
3183 1609 3229 1654 et
3251 1602 3382 1672 stylo
3411 1603 3708 1672 excipienda
3726 1620 3841 1674 qua:

539 1697 789 1758 dicimus,
819 1704 872 1750 ut
899 1710 998 1748 non
1022 1692 1304 1747 auditorem
1344 1700 1537 1744 tantum
1561 1733 1574 1757 ,
1605 1691 1693 1744 scd
1729 1698 1775 1743 et
1802 1689 2039 1744 lectorem
2069 1691 2218 1744 etiam
2243 1690 2464 1759 cogitare
2486 1689 2751 1746 debeamus
2781 1687 2870 1760 (In
2908 1687 3054 1743 Psal.
3080 1705 3128 1744 ιι
3149 1731 3163 1756 ,
3197 1708 3250 1745 n.
3285 1693 3362 1762 i).
3413 1693 3626 1748 Psalmo
3653 1704 3840 1752 cente-

548 1792 691 1848 simo
716 1788 988 1860 trigesimo
1016 1795 1204 1842 octavo
1229 1783 1447 1840 alterius
1472 1784 1736 1838 brevioris
1754 1783 1869 1839 vice
1892 1825 1906 1850 ,
1937 1799 2094 1853 quem
2123 1783 2448 1854 Augustinus
2470 1790 2776 1852 paraverat,
2806 1797 2868 1837 ac
2896 1782 2960 1838 de
2988 1800 3136 1838 more
3162 1794 3284 1840 ante
3309 1788 3695 1856 expositionem
3727 1791 3834 1860 legi

543 1881 808 1955 iusserat,
839 1878 1096 1942 recitato;
1121 1892 1304 1933 casum
1336 1876 1478 1932 hunc
1503 1876 1592 1930 ille
1617 1876 1671 1930 in
1697 1883 2066 1946 argumentum
2103 1875 2302 1932 divina:
2327 1875 2614 1931 voluntatis
2639 1874 2832 1944 traxit,
2865 1885 3017 1947 atque
3037 1893 3101 1932 ex
3131 1887 3370 1948 tempore
3404 1880 3650 1936 eumdem
3684 1883 3837 1939 illum

543 1975 813 2048 psalmum
840 1971 1162 2043 explanavit.
1188 1969 1386 2026 Diebus
1415 1969 1696 2025 dominicae
1729 1969 1970 2024 Passieni
1998 1969 2164 2024 sacris
2187 1969 2377 2039 psalmi
2403 1969 2644 2040 vigesimi
2677 1971 2861 2040 primi,
2895 1971 3028 2042 quod
3059 1973 3103 2028 is
3141 1973 3314 2027 eidem
3344 1976 3601 2046 mysterio
3625 1993 3837 2034 conve-

537 2068 684 2125 niret
703 2109 718 2136 ,
747 2065 1110 2138 pronuntiavit
1134 2063 1388 2120 lusiorem
1411 2063 1879 2132 explanationem;
1916 2063 2057 2118 sicut
2078 2072 2131 2117 et
2156 2061 2347 2133 psalmi
2373 2063 2652 2118 centesimi
2684 2061 2833 2119 testis
2865 2063 3200 2120 Paschaiibus
3219 2107 3233 2131 ,
3262 2069 3413 2136 queis
3438 2068 3508 2124 ob
3532 2069 3839 2140 inscriptio-

539 2176 666 2218 nem
697 2159 918 2214 Alleluia
945 2157 1208 2228 congruit.
1243 2156 1433 2226 Opera;
1469 2171 1573 2210 non
1598 2166 1711 2221 eat,
1740 2155 1874 2210 alios
1900 2156 2164 2224 psalmos,
2188 2170 2321 2225 quos
2353 2163 2474 2210 nata
2499 2157 2782 2212 occasione
2824 2165 2901 2211 tot
2939 2159 3094 2212 variis
3119 2159 3546 2218 solemnitatibus
3575 2178 3637 2218 ac
3664 2165 3798 2222 locis
3816 2206 3834 2234 ,

535 2250 996 2323 Hippone-regio,
1020 2248 1376 2319 Carthagine,
1409 2247 1575 2303 Utica:
1617 2256 1777 2316 atque
1815 2247 1942 2302 alibi
1968 2247 2068 2302 fuit
2105 2248 2513 2315 interpretatus,
2547 2248 2633 2304 hic
2660 2257 2952 2304 annotare:
2977 2251 3107 2306 satis
3145 2253 3286 2306 enim
3331 2263 3444 2320 est,
3473 2256 3612 2326 quod
3644 2273 3705 2313 ea
3737 2276 3835 2316 suo

533 2358 760 2416 quaeque
789 2343 908 2399 loco
928 2342 980 2396 in
1008 2341 1192 2396 limine
1211 2339 1522 2396 earumdem
1543 2340 1940 2395 enarrationum
1969 2341 2282 2397 indicamus.
2318 2341 2576 2397 Addimus
2601 2341 2705 2398 hoc
2733 2358 2924 2408 unum,
2951 2345 3258 2401 coronidem
3287 2347 3436 2416 operi
3469 2364 3564 2404 suo
3589 2361 3835 2408 sanctum

533 2437 844 2494 Antistitem
867 2435 1108 2507 posuisse
1133 2433 1376 2504 exposito
1402 2433 1694 2489 centesimo
1720 2434 1929 2491 decimo
1949 2444 2138 2492 octavo
2180 2437 2406 2506 psalmo,
2438 2445 2595 2509 prout
2620 2437 2674 2493 in
2703 2437 2944 2510 ejusdem
2969 2440 3186 2512 prologo
3212 2441 3474 2513 signiﬁcat
3492 2486 3506 2512 ,
3529 2460 3689 2516 quem
3716 2451 3836 2518 qui-

537 2531 663 2588 dem
689 2528 887 2601 placuit
912 2528 1013 2582 hoc
1035 2526 1136 2581 loci
1166 2527 1429 2596 integrum
1453 2535 1856 2596 repraasentare.

609 2623 849 2682 Psalmos
876 2638 1047 2678 omnes
1073 2629 1279 2676 ctetcros
1301 2660 1314 2686 ,
1343 2621 1417 2674 ait
1441 2659 1458 2686 ,
1486 2636 1612 2689 quos
1639 2620 1863 2675 codicem
1894 2619 2220 2676 Psalmorum
2250 2622 2481 2676 nouimus
2510 2623 2762 2678 continere
2781 2666 2796 2692 ,
2824 2624 2956 2696 quod
2979 2624 3222 2681 Ecclesia
3243 2630 3606 2686 consuetudine
3633 2629 3838 2688 Psalte-

535 2716 675 2772 rium
715 2722 1038 2784 nuncupatur
1062 2753 1077 2780 ,
1109 2711 1297 2784 partim
1338 2711 1719 2766 sermocinanth
1760 2712 1813 2765 in
1855 2712 2059 2782 populis
2083 2753 2096 2776 ,
2141 2713 2325 2782 partim
2372 2713 2610 2766 dictando
2639 2715 2848 2783 exposui
2873 2717 3142 2781 ,donunte
3181 2716 3401 2773 Domino
3426 2761 3440 2786 ,
3472 2723 3598 2775 sicut
3645 2706 3793 2792 potui
3820 2743 3839 2779 :

533 2808 790 2879 psalmum
807 2820 923 2860 uero
949 2803 1272 2860 centesimum
1297 2812 1531 2856 octavum
1549 2802 1800 2855 decimum
1819 2843 1832 2866 ,
1865 2819 1966 2856 non
1983 2812 2084 2856 tam
2111 2814 2316 2873 propter
2338 2805 2449 2874 ejus
2476 2806 2787 2860 notissimam
2814 2807 3176 2878 longitudinem
3197 2851 3211 2873 ,
3243 2827 3394 2879 quam
3426 2823 3631 2882 propter
3655 2815 3834 2868 altitu-

536 2902 711 2957 dinem
737 2899 912 2970 paucis
930 2897 1315 2969 cognoscibilem
1340 2893 1655 2962 diﬁ'erebam.
1679 2893 1746 2948 Et
1767 2911 1882 2948 cum
1904 2897 2251 2951 molestissime
2275 2898 2460 2966 [errent
2491 2901 2674 2968 fratres
2704 2899 2801 2952 mei
2821 2941 2835 2964 ,
2861 2901 2963 2969 ejus
2985 2902 3141 2954 solius
3166 2904 3559 2971 expositionem,
3588 2919 3833 2972 quantum

535 2995 608 3052 ad
633 2995 857 3068 ejusdem
877 2992 1102 3064 corporis
1128 2989 1363 3045 Psalmos
1385 2989 1617 3060 pertinet,
1647 2989 1816 3044 deesse
1835 2991 2093 3060 opusculis
2119 2991 2304 3046 nostris
2326 3033 2340 3058 ,
2367 3008 2542 3062 meque
2568 2993 2636 3045 ad
2665 2993 2758 3046 hoc
2778 2995 3066 3048 solvendum
3093 2996 3310 3049 debitum
3339 2998 3650 3053 vehementer
3677 3018 3830 3072 urge-

534 3096 646 3144 rent
666 3105 686 3154 ;
709 3087 798 3140 diu
831 3083 1106 3157 petentibus
1117 3080 1512 3153 jubentibusque
1532 3096 1630 3134 non
1652 3081 1775 3134 cessi
1800 3095 1818 3133 :
1841 3082 1959 3150 quia
1987 3086 2393 3153 quotiescumque
2429 3083 2548 3135 inde
2575 3084 2799 3153 cogitare
2833 3085 3012 3138 tentavi
3031 3126 3045 3148 ,
3073 3102 3268 3156 semper
3299 3088 3425 3141 vires
3455 3100 3641 3145 nostra:
3670 3093 3828 3146 inten-

535 3183 688 3238 tionis
714 3179 944 3236 excessit.
971 3177 1172 3245 Quanto
1199 3175 1333 3228 enim
1359 3173 1552 3228 videtur
1588 3173 1844 3243 apertior,
1871 3183 2010 3226 tanto
2038 3175 2163 3228 mihi
2183 3175 2482 3247 profundior
2511 3175 2668 3229 uideri
2687 3178 2843 3241 solet;
2871 3178 2935 3230 ita
2962 3187 3018 3230 ut
3045 3178 3194 3230 etiam
3220 3195 3373 3246 quam
3402 3182 3464 3234 sit
3495 3186 3783 3254 profundus
3808 3227 3824 3254 ,

535 3273 883 3328 demonstrare
908 3286 1008 3325 non
1051 3267 1257 3340 possim.
1283 3265 1514 3320 Aliorum
1542 3267 1745 3336 quippe,
1775 3266 1860 3336 qui
1890 3265 2090 3336 difficile
2113 3268 2487 3339 intelliguntur,
2518 3269 2713 3322 etiamsi
2737 3270 2788 3323 in
2817 3271 3110 3324 obsmritate
3134 3288 3309 3326 sensus
3336 3271 3456 3328 latet
3479 3318 3492 3342 ,
3516 3276 3627 3345 ipsa
3666 3289 3828 3335 tamen

535 3376 749 3439 apparet
776 3366 1053 3421 obscuritas
1076 3380 1097 3429 ;
1127 3364 1281 3434 hujus
1307 3371 1474 3416 autem
1504 3377 1594 3414 nec
1619 3361 1729 3432 ipsa
1752 3375 1771 3414 .°
1791 3363 2030 3434 quoniam
2052 3364 2203 3417 talem
2237 3366 2424 3432 pra’bet
2444 3364 2759 3432 superﬁciem
2784 3405 2797 3427 ,
2826 3375 2880 3418 ut
2916 3364 3149 3418 lectorem
3186 3374 3336 3438 atque
3373 3369 3694 3442 auditorem,
3728 3391 3830 3430 non

535 3462 871 3534 expositorem
915 3459 1249 3514 necessarium
1295 3457 1475 3510 habere
1514 3456 1766 3510 credatur.
1794 3454 1860 3509 Et
1901 3474 2035 3510 nunc
2077 3459 2214 3525 quod
2240 3459 2441 3513 tandem
2491 3460 2559 3512 ad
2595 3462 3026 3530 pertractatioaem
3065 3463 3178 3529 ejus
3217 3463 3399 3517 accedo
3424 3506 3438 3531 ,
3493 3467 3616 3535 quid
3666 3468 3719 3522 in
3773 3487 3832 3526 eo

535 3555 729 3629 possim
751 3596 766 3621 ,
799 3568 1005 3625 prorsus
1031 3551 1210 3620 ignoro
1237 3564 1256 3602 :
1284 3564 1430 3620 spero
1457 3558 1619 3602 (auten
1640 3557 1691 3601 ut
1720 3548 1913 3618 aliquid
1934 3550 2118 3618 possim
2139 3593 2153 3617 ,
2180 3549 2461 3617 a/futurum
2482 3559 2630 3620 atque
2649 3550 2944 3622 adjuturum
2966 3551 3148 3606 Deum.
3177 3552 3266 3608 Sic
3293 3555 3425 3608 enim
3454 3557 3547 3624 fect
3569 3558 3632 3612 de
3655 3562 3830 3614 omni-

534 3649 630 3707 bus
653 3691 668 3716 ,
700 3661 1024 3718 quazcumqne
1064 3644 1397 3714 sufﬁcienter,
1429 3659 1539 3696 cum
1580 3643 1722 3713 prius
1772 3643 1893 3696 milii
1943 3645 2010 3696 ad
2036 3645 2416 3717 intelligendum
2459 3645 2536 3698 vel
2573 3645 2924 3715 explicandum
2962 3647 3184 3718 difﬁcilia
3225 3665 3286 3702 ac
3328 3666 3454 3721 pene
3498 3651 3832 3720 impossibilia

534 3745 824 3800 uiderentur
847 3784 861 3808 ,
894 3741 1121 3812 exposui.
1148 3738 1322 3794 Statui
1357 3747 1522 3791 autem
1550 3753 1637 3808 per
1663 3752 1915 3791 sermones
1945 3738 1999 3790 id
2020 3755 2169 3810 agere
2191 3781 2204 3805 ,
2238 3740 2324 3811 qui
2350 3738 2673 3808 proferantur
2717 3743 2767 3792 in
2797 3741 2992 3811 populis
3015 3782 3029 3807 ,
3061 3757 3184 3812 quos
3216 3739 3378 3798 Graeci
3407 3749 3595 3812 ὁμιλίας
3623 3756 3822 3802 vocant.

537 3837 656 3895 Hoc
705 3839 836 3894 enim
865 3837 1054 3909 justius
1085 3852 1190 3890 esse
1215 3834 1461 3898 arbitror,
1493 3843 1546 3887 ut
1573 3843 1844 3888 conventus
1869 3833 2190 3889 ecclesiastici
2217 3851 2318 3889 non
2346 3833 2647 3905 fraudentur
2675 3833 2824 3888 etiam
2854 3834 3028 3906 psalmi
3058 3835 3210 3905 hujus
3237 3835 3599 3908 intelligentia,
3644 3840 3789 3909 cujus
3811 3880 3826 3908 ,

537 3942 597 3989 ut
625 3932 841 3986 aliorum
863 3971 876 3994 ,
900 3931 1136 3984 delectari
1158 3927 1374 3982 assolent
1393 3924 1664 3979 cantilena.
2898 3929 2901 3938 '

610 4026 781 4082 Fuere
831 4023 991 4094 igitur
1038 4021 1091 4076 hi
1139 4034 1413 4076 sermones
1450 4019 1658 4089 triginta
1703 4017 1809 4074 duo
1837 4019 1887 4073 in
1940 4020 2201 4090 psalmum
2238 4021 2583 4076 centesimum
2615 4018 2747 4073 decii
2773 4033 2879 4072 ‘um
2910 4026 3147 4074 octavum
3196 4018 3376 4088 populi
3419 4018 3633 4087 quidem
3665 4036 3828 4079 causa

534 4118 800 4177 lucubrati
825 4157 839 4179 ,
872 4115 968 4170 Sed
999 4127 1331 4184 nequaquam
1376 4112 1444 4166 ab
1471 4111 1764 4181 Augustino
1791 4113 2132 4180 pronuntiati.
2167 4111 2232 4166 Et
2259 4111 2360 4165 hoc
2388 4112 2560 4180 ipsum
2591 4109 2726 4163 forte
2771 4128 2842 4178 ειε
2863 4107 3112 4164 Ἰἰῐὶεειιιιιη
3158 4109 3323 4163 voluit
3352 4110 3660 4180 Possidius,
3701 4129 3826 4170 cum

532 4221 659 4286 post
677 4217 1016 4266 enumeratos
1041 4206 1424 4276 expositiones,
1457 4219 1588 4274 quas
1617 4204 1955 4259 solummodo
1988 4205 2023 4256 ν
2032 4207 2076 4258 ir
2106 4215 2320 4260 sanctus
2342 4206 2579 4268 dictavit,
2613 4207 2680 4258 ita
2704 4195 2878 4260 Subdit
2915 4227 2922 4232 ·
2955 4205 3152 4278 Reliqui
3171 4223 3339 4260 omnes
3360 4203 3589 4276 Psalmi,
3611 4217 3824 4279 excepto

533 4307 806 4365 centesimo
834 4304 1025 4358 decimo
1045 4309 1219 4355 octavo
1241 4341 1254 4364 ,
1283 4300 1335 4352 in
1366 4299 1554 4371 papulo
1585 4298 1829 4367 disputati
1845 4307 1960 4351 sunt
1981 4297 2209 4372 (Possid.
2233 4301 2285 4353 in
2308 4300 2464 4352 indic.
2493 4315 2608 4368 cap.
2638 4298 2718 4369 6).

606 4399 942 4458 Psalmorum
995 4403 1175 4450 autem
1217 4407 1250 4449 e
1275 4407 1428 4448 sacro
1459 4401 1703 4462 suggestu
1743 4389 2043 4445 habitorum
2078 4407 2328 4448 numerus
2357 4393 2492 4447 alios
2531 4393 2685 4462 longe
2716 4402 2930 4462 superat
2991 4387 3120 4460 Quae
3149 4407 3237 4448 res
3268 4391 3418 4448 facile
3447 4391 3613 4448 videri
3643 4407 3828 4462 posset

532 4495 663 4556 inde
703 4492 990 4562 contigisse
1013 4532 1026 4556 ,
1061 4487 1201 4559 quod
1228 4501 1450 4556 magnus
1473 4485 1676 4540 Praesul
1718 4494 1793 4540 tot
1819 4500 1882 4540 ac
1922 4494 2027 4541 tam
2059 4490 2216 4545 variis
2249 4490 2505 4544 Ecclesiae
2530 4491 2672 4544 curis
2692 4464 2989 4560 districto);
3022 4491 3104 4544 vix
3135 4490 3277 4546 aliud
3309 4500 3516 4562 tempus
3547 4492 3826 4549 nancisce-

531 4599 684 4647 retur
705 4628 718 4651 ,
749 4584 888 4656 quod
917 4584 999 4638 isri
1031 4581 1196 4636 labori
1225 4577 1559 4648 impenderet
1586 4595 1598 4631 :
1629 4578 1720 4636 sed
1753 4594 1817 4634 ex
1849 4578 1912 4632 iis
1933 4595 2051 4650 quze
2080 4596 2236 4651 supra
2268 4581 2544 4636 retulimus
2575 4599 2639 4637 ex
2663 4583 2852 4653 psalmi
2879 4571 3156 4640 ccides’an‘.
3184 4585 3374 4646 decimi
3396 4585 3568 4640 octavi
3599 4603 3824 4642 enarra-

532 4678 681 4738 tione
710 4676 1047 4734 manilcstum
1077 4681 1190 4737 est,
1233 4671 1432 4726 hancce
1472 4669 1779 4724 methodum
1818 4672 2144 4740 explicandae
2172 4674 2459 4743 Scripturac
2490 4674 2656 4743 magis
2687 4675 2756 4727 illi
2791 4677 3063 4744 probatam
3097 4679 3260 4736 fuisse
3285 4693 3500 4750 rrropzer
3528 4680 3776 4750 pupulum
3805 4720 3818 4745 ,

535 4775 628 4844 qui
657 4773 768 4828 sola
801 4770 901 4825 hac
928 4770 1011 4822 via
1042 4766 1337 4822 divinarum
1371 4765 1692 4820 Litterarum
1733 4778 1949 4819 sensum
1994 4767 2044 4819 in
2077 4768 2420 4822 concionibus
2445 4767 2820 4824 ecclesiasticis
2856 4771 3032 4826 doceri
3079 4783 3302 4841 poterat.
3324 4773 3388 4830 in
3428 4775 3533 4828 illis
3572 4790 3729 4844 porro
3757 4772 3819 4848 ad

536 4867 749 4938 plebem
774 4863 1132 4928 Tractatibus,
1165 4861 1566 4917 observationes
1592 4859 1834 4930 quaedam
1862 4860 2187 4926 inseruntur,
2221 4877 2283 4916 ac
2310 4871 2469 4916 cert-.c
2501 4861 2832 4918 Psalmorum
2861 4867 3137 4919 sententiae
3167 4869 3217 4921 in
3249 4869 3530 4928 schismata
3557 4909 3572 4938 ,
3602 4869 3650 4919 in
3679 4883 3822 4921 erm-

535 4975 625 5018 res
654 4974 717 5015 ac
747 4959 798 5012 in
830 4957 954 5010 vitia
985 4964 1286 5028 temporum
1320 4954 1540 5007 istorum
1582 4962 1928 5022 torquentur,
1961 4953 2152 5024 quibus
2181 4969 2364 5010 eorum
2392 4955 2547 5010 lectio
2575 4957 2742 5012 multo
2779 4957 3064 5027 jucundior
3094 4961 3286 5016 evadit.
3330 4961 3438 5020 Illic
3473 4961 3635 5024 fliam
3679 4961 3822 5014 locos

534 5071 602 5112 ex
655 5049 945 5122 Evangelio
967 5090 982 5117 ,
1028 5049 1247 5103 Actibus
1277 5056 1434 5124 atque
1476 5047 1726 5118 Epistolis
1773 5047 2148 5116 Apostolorum
2181 5049 2410 5103 maxime
2443 5049 2675 5120 insignes
2705 5052 2956 5122 reperias,
2992 5067 3124 5122 quos
3155 5053 3350 5120 idcirco
3380 5070 3596 5115 sanctus
3635 5054 3822 5107 Ductor

535 5162 642 5205 una
672 5161 794 5200 cum
838 5142 1050 5197 Psalmo
1077 5139 1374 5195 enucleavit
1397 5181 1410 5204 ,
1441 5141 1561 5209 quia
1591 5139 1779 5194 eodem
1811 5139 1896 5194 die
1920 5141 2121 5194 recitati
2151 5139 2360 5196 fuerant
2386 5142 2437 5195 in
2467 5142 2712 5197 ecclesia.
2743 5142 2974 5213 Denique
3000 5157 3284 5201 occurrunt
3311 5144 3710 5210 ειόΙιογιηιῐοῆεὶε
3737 5157 3822 5196 νε-

534 5242 838 5306 hementes,
863 5252 981 5310 quze
1009 5233 1364 5305 persuadeant
1389 5251 1403 5300 ;
1431 5234 1759 5288 elocutiones
1783 5231 2120 5289 inﬂammatae
2141 5276 2154 5293 .
2183 5250 2301 5305 quae
2322 5235 2619 5304 abripiant;
2652 5235 2831 5306 figurae
2863 5247 2932 5290 tot
2959 5236 3186 5293 ﬂammis
3213 5250 3371 5312 atque
3395 5245 3603 5314 ignibus
3625 5289 3639 5314 ,
3674 5223 3722 5302 si
3736 5235 3822 5290 135

536 5337 614 5396 ita
642 5334 822 5405 loqui,
855 5329 1088 5404 gravidic
1111 5369 1126 5398 ,
1152 5336 1210 5383 ut
1237 5326 1288 5381 in
1320 5341 1412 5382 eas
1441 5326 1624 5381 oculos
1647 5327 1910 5396 conjicere
1939 5328 2025 5381 vix
2053 5328 2330 5398 quiSquam
2360 5327 2559 5397 possit,
2604 5328 2729 5398 quin
2762 5328 3066 5386 incendatur
3093 5332 3281 5388 eodem
3307 5313 3500 5391 ardore
3528 5313 3684 5407 quem
3727 5313 3821 5396 cx-

537 5436 702 5510 periri
729 5449 788 5489 se
816 5430 1147 5487 testabantur
1176 5426 1212 5481 ii
1241 5425 1331 5498 qui
1361 5423 1608 5480 dicebant
1633 5442 1646 5478 :
1671 5421 1856 5480 Nonne
1892 5441 1976 5478 cor
2002 5438 2228 5478 nostrum
2252 5422 2432 5477 ardens
2459 5431 2564 5477 erat
2592 5424 2645 5477 in
2665 5423 2834 5489 nobis,
2855 5424 2966 5478 dum
3001 5425 3284 5498 loqueretur
3306 5429 3359 5483 in
3383 5431 3495 5500 via,
3529 5442 3576 5486 et
3599 5437 3820 5505 aperiret

540 5529 684 5587 nobis
713 5527 1008 5596 Scripturas
1031 5519 1180 5593 (Luc.
1203 5535 1353 5585 xxxv,
1377 5518 1513 5588 59.)?

611 5620 669 5678 Id
695 5629 946 5692 expertus
970 5626 1051 5672 est
1079 5614 1267 5671 beatus
1289 5611 1598 5683 Fulgentius
1624 5653 1637 5679 ,
1664 5627 1783 5668 cum
1815 5611 2117 5668 Tractatum
2147 5611 2198 5666 in
2239 5612 2498 5686 psalmum
2528 5611 2850 5685 trigesimum
2879 5623 3082 5669 sextum
3110 5617 3340 5690 legeret,
3371 5622 3521 5692 cujus
3544 5621 3815 5681 exordium

541 5731 577 5776 θ
618 5712 1045 5773 consideratione
1082 5708 1186 5765 diei
1234 5706 1459 5764 extremi
1492 5704 1678 5777 judicii
1724 5705 1842 5762 ideo
1873 5705 2131 5771 sumitur,
2167 5706 2307 5782 quod
2353 5723 2418 5762 eo
2446 5706 2530 5760 die
2574 5716 2732 5782 caput
2778 5722 2895 5762 xxiv
2936 5707 3164 5764 Matthmi
3198 5710 3368 5784 fuerat
3394 5715 3690 5773 recitatum.
3728 5717 3818 5774 ilic

541 5807 832 5883 siquidem,
863 5807 999 5866 utin
1027 5806 1145 5877 ejus
1171 5803 1295 5861 Vita
1318 5801 1620 5860 Ferrandus
1660 5809 1844 5857 auctor
1869 5810 1985 5868 est,
2017 5815 2138 5857 cum
2181 5800 2323 5872 apud
2368 5799 2603 5856 animum
2647 5816 2798 5857 suum
2834 5801 2932 5873 jam
2973 5785 3312 5863 decrevisset.
3338 5811 3536 5872 mundo
3581 5813 3816 5870 nuntium

4035 86 4044 384 l

4029 585 4043 946 ί
