4078 6416
240 411 311 469 t3
1096 377 1101 384 ’
1675 399 2060 458 ΡΒᾹΞῈΑΤΙΟ.
3442 405 3512 465 η

227 521 541 592 remittere,
568 521 695 578 beati
717 518 981 596 Augustini
1008 519 1301 594 exponentis
1337 519 1646 593 trigesimum
1669 527 1865 574 sextum
1900 519 2153 591 psalmum
2181 517 2523 588 disputatione
2552 515 2881 576 commonitus
2901 563 2914 589 ,
2943 521 3201 592 publicare
3237 539 3382 578 suum
3405 534 3512 579 sta-

229 617 319 670 tuit
341 625 534 692 notum,
557 626 749 670 mutare
766 618 978 689 gestiens
998 617 1221 670 habitum
1241 615 1390 687 (Cap.
1419 616 1494 678 5).
3552 597 3560 604 ’

300 704 450 772 Quod
477 720 608 761 vero
635 705 698 761 ad
739 706 949 780 plebem
971 748 988 782 ,
1019 707 1168 777 cujus
1193 721 1350 761 aures
1391 705 1680 775 implebant
1707 719 1984 761 sermones
2012 704 2085 759 illi
2113 704 2350 759 Pastoris
2383 703 2464 760 sui
2505 704 2712 762 fervore
2749 706 2950 764 incitati
2978 716 3033 764 et
3059 709 3207 781 quasi
3247 701 3524 804 animati,i

187 847 194 884 ς
229 797 366 854 haud
393 813 536 868 aegre
559 797 874 854 adducimur
897 809 955 853 ut
979 799 1258 854 credamus
1287 814 1404 854 eam
1433 798 1736 870 frequenter
1763 799 1865 853 illis
1893 796 2121 852 motibus
2145 803 2351 866 raptam
2380 794 2545 854 fuisse
2564 839 2578 864 ,
2604 811 2738 868 quos
2774 813 3151 871 nonnunquam
3176 801 3286 855 suis
3313 801 3506 870 plausi-

223 891 324 945 bus
350 889 615 959 signiﬂcat
644 908 658 944 :
686 891 836 959 cujus
861 889 1073 961 quidem
1102 889 1271 960 plebis
1313 889 1550 944 aviditati
1579 888 1874 945 referendae
1902 897 2027 944 sunt
2053 898 2286 958 acceptae
2315 896 2388 943 tot
2433 888 2657 958 egregiae
2701 887 2769 945 ad
2809 900 2987 946 mores
3030 890 3393 947 informandos
3421 891 3508 946 di-

218 983 531 1054 gressiones
548 1021 564 1049 ,
590 981 646 1036 in
675 996 806 1052 quas
833 991 1045 1038 sanctus
1073 981 1272 1036 Prassul
1298 981 1746 1051 opportunitatem
1771 989 1958 1036 nactus
1985 979 2270 1034 divertitur
2290 1021 2306 1047 ,
2333 977 2780 1050 quemadmodum
2820 980 2875 1035 in
2899 995 2998 1035 suo
3025 981 3242 1052 prologo
3264 981 3330 1036 ad
3359 981 3511 1037 Psal-

219 1090 337 1131 mos
363 1081 514 1128 notat
533 1071 883 1130 Cassiodorus
913 1091 926 1126 :
957 1072 1083 1128 Cum
1120 1073 1268 1128 nimis
1288 1073 1462 1127 avidos
1486 1072 1703 1145 populos
1722 1115 1738 1142 ,
1770 1073 1976 1145 inquit,
2001 1071 2346 1127 ecclesiasticis
2368 1070 2584 1142 dapibus
2603 1071 2808 1142 explere
2837 1072 2997 1145 cupit,
3020 1073 3299 1128 necessario
3316 1075 3511 1144 fluenta

181 1167 186 1180 ‘
221 1173 326 1221 tam
352 1179 555 1237 magna:
584 1164 956 1235 prwdicationis
988 1165 1253 1219 emanavit.

293 1258 441 1313 Idem
469 1264 658 1313 auctor
681 1257 869 1312 eodem
913 1258 1036 1312 loco
1064 1264 1228 1311 totum
1259 1257 1360 1310 hoc
1384 1255 1664 1326 Augustini
1707 1255 2146 1312 commentarium
2171 1255 2225 1310 in
2272 1252 2500 1310 decadas
2542 1253 2708 1312 fuisse
2749 1252 3086 1312 distributum
3133 1254 3306 1311 innuit
3353 1255 3506 1313 hisce

215 1350 398 1407 verbis
431 1367 446 1404 :
474 1348 605 1415 Qua
629 1348 719 1404 ille
737 1390 753 1414 ,
780 1349 971 1420 inquit,
996 1349 1048 1402 in
1082 1347 1297 1402 decedas
1329 1348 1610 1415 quindecim
1628 1347 1921 1402 mirabiliter
1942 1349 2225 1418 explicavit.
2249 1347 2410 1416 Cujus
2442 1348 2737 1417 partitionis
2765 1348 3044 1420 vestigium
3069 1347 3275 1403 nullum
3303 1348 3358 1404 in
3387 1363 3505 1402 ma-

216 1441 511 1511 nuscriptis
538 1441 835 1511 reperimus
858 1482 874 1506 ,
903 1437 1139 1511 ciceptis
1171 1440 1336 1494 tribus
1355 1481 1368 1506 ,
1411 1455 1518 1494 uno
1543 1439 1770 1518 Jolyano
1808 1441 2056 1497 Ecclesia:
2085 1441 2399 1496 Parisiensis
2419 1483 2434 1506 ,
2466 1441 2556 1511 qui
2595 1442 2648 1496 in
2675 1440 2849 1497 fronte
2879 1441 3117 1512 praefert,
3147 1438 3338 1510 Incipit
3377 1440 3504 1495 liber

217 1535 412 1592 decada
455 1534 648 1588 domini
677 1533 945 1604 Augustini
969 1551 1002 1587 a
1050 1531 1259 1588 Psalnto
1285 1548 1336 1599 ι,
1367 1531 1556 1588 Beatus
1583 1535 1658 1588 vir
1677 1576 1691 1602 ,
1725 1551 1879 1604 usque
1908 1551 1956 1589 LI
1975 1575 1990 1601 ,
2018 1542 2073 1590 et
2115 1533 2324 1589 duobus
2351 1532 2670 1590 Colbertinis
2689 1576 2703 1600 ,
2737 1549 2964 1604 quorum
3007 1534 3144 1589 alter
3167 1533 3498 1590 enarrationi

215 1627 409 1700 psalmi
438 1625 824 1696 quadragesimi
869 1624 985 1680 haec
1023 1624 1238 1696 subdit,
1281 1625 1411 1679 beati
1435 1624 1630 1679 Aurelii
1654 1625 1921 1700 Augustini
1948 1626 2168 1697 episcopi
2194 1626 2306 1694 finit
2333 1623 2524 1680 decada
2552 1626 2616 1681 de
2643 1625 2768 1681 libro
2797 1626 2982 1697 primo.
3013 1626 3161 1681 Alter
3187 1638 3319 1680 vero
3347 1639 3499 1682 com-

215 1718 473 1790 pendium
515 1717 676 1772 totius
704 1717 881 1788 operis
905 1716 1264 1786 complectens
1287 1757 1302 1782 ,
1331 1730 1516 1771 versus
1544 1715 1800 1788 quosdam
1832 1718 1884 1771 in
1927 1717 2098 1786 capite
2123 1717 2409 1772 voluminis
2431 1715 2687 1781 exhibet,
2719 1717 2808 1787 qui
2841 1731 2968 1772 cum
3006 1716 3406 1788 praefationibus
3439 1731 3507 1774 ac

218 1813 413 1886 elogiis
436 1814 574 1872 infra
603 1815 825 1872 edendis
853 1815 1028 1870 locum
1059 1814 1322 1880 habeant,
1351 1830 1457 1870 non
1483 1814 1753 1888 indignos.
1788 1813 1843 1869 in
1866 1813 1948 1869 his
1975 1823 2152 1870 autem
2175 1814 2350 1870 isthuc
2377 1813 2608 1885 pertinet
2629 1814 2674 1871 is
2702 1828 2891 1870 versus
2917 1831 2932 1870 :

960 1933 1055 1976 Ter
1076 1927 1239 1992 quinis
1258 1925 1455 1982 decidis
1475 1925 1661 1992 grande
1683 1927 1880 1991 peregit
1901 1939 2041 1994 opus.

215 2030 595 2092 Verumtamen
613 2047 733 2091 cum
758 2031 1028 2094 Possidius
1047 2031 1437 2090 distributionis
1475 2031 1734 2101 ejusmodi
1779 2048 1885 2088 non
1927 2030 2228 2090 meminerit
2249 2073 2262 2097 ,
2289 2045 2410 2090 eam
2436 2030 2716 2101 Augustini
2755 2037 2996 2102 tempore
3019 2031 3102 2086 vel
3123 2030 3276 2106 jussu
3305 2029 3501 2087 factam

214 2123 474 2181 credibile
493 2139 601 2182 non
621 2132 721 2182 est.
747 2125 920 2202 Atque
949 2123 1089 2182 idem
1113 2123 1248 2183 forte
1277 2122 1362 2182 hic
1391 2123 1674 2190 acciderit,
1697 2123 1837 2194 quod
1858 2123 1920 2178 T.
1960 2123 2092 2180 Livii
2123 2122 2276 2188 libro,
2303 2138 2467 2193 quem,
2496 2131 2552 2178 ut
2580 2122 2866 2182 Petrarcha
2892 2122 3117 2196 epistola
3144 2121 3210 2179 ad
3236 2121 3502 2179 Joannem

213 2214 528 2271 Boccacinm
551 2216 829 2284 observat,
855 2216 908 2270 in
947 2229 1114 2286 partes
1142 2231 1266 2288 quas
1291 2215 1503 2276 decedes
1528 2225 1736 2284 vocant,
1766 2232 1866 2276 non
1897 2215 2004 2292 ipse
2028 2214 2115 2288 qui
2141 2214 2378 2288 scripsit,
2409 2214 2497 2270 sed
2532 2213 2798 2288 fastidiosa
2823 2214 3098 2288 legentium
3119 2213 3268 2272 scidit
3295 2214 3502 2287 ignavia

213 2304 410 2376 (Epist.
443 2309 631 2370 variar.
659 2307 732 2368 22
758 2308 834 2368 uel
870 2307 983 2380 24).

282 2397 576 2460 Veniamus
594 2400 706 2474 jam
731 2400 796 2458 ad
825 2401 1147 2470 praecipuum
1175 2407 1362 2472 caput,
1390 2400 1601 2472 regulas
1621 2399 1867 2457 videlicet
1885 2415 2016 2476 quas
2046 2400 2097 2456 in
2131 2399 2532 2471 interpretando
2559 2399 2792 2459 servavit
2820 2399 3169 2473 Augustinus.
3199 2399 3362 2461 Multa
3390 2400 3481 2460 hic

209 2499 396 2552 essent
425 2491 706 2552 observato
730 2493 1061 2558 necessaria,
1091 2494 1194 2554 nisi
1235 2493 1337 2554 hoc
1375 2504 1744 2568 argumentum
1794 2496 2016 2567 ipsemet
2055 2494 2240 2556 beatus
2281 2497 2476 2551 Doctor
2516 2495 2568 2550 in
2611 2495 2762 2552 libris
2796 2495 2864 2556 de
2907 2497 3156 2554 Doctrina
3184 2495 3492 2555 Christiana

204 2593 615 2658 pertractasset.
657 2585 836 2645 Primo
855 2585 1117 2656 siquidem
1141 2587 1282 2660 quod
1308 2587 1376 2646 ad
1401 2587 1630 2644 litteram
1661 2597 1898 2659 spectat,
1930 2596 1985 2646 ut
2016 2603 2132 2646 eam
2157 2588 2414 2660 integram
2441 2599 2603 2658 atque
2642 2588 2898 2648 illibatam
2929 2588 3160 2657 habeat,
3203 2604 3324 2661 qua:
3343 2603 3490 2660 pra:-

204 2685 371 2746 Cepta
404 2677 512 2737 illic
536 2676 724 2742 tradit.
756 2693 818 2738 ea
850 2694 945 2752 pro
971 2693 1066 2740 sua
1092 2680 1231 2736 virili
1259 2681 1363 2736 hoc
1389 2681 1442 2736 in
1469 2683 1853 2738 commentario
1881 2682 2140 2754 sequitur.
2170 2681 2385 2739 Latinas
2411 2680 2672 2738 editiones
2694 2682 2836 2742 inter
2873 2697 2934 2743 se
2970 2681 3274 2756 componit,
3307 2697 3492 2738 exem-

202 2768 384 2841 plaria
411 2784 586 2840 grmca
611 2772 882 2842 consulit,
920 2773 1122 2848 colligit
1169 2774 1340 2832 varias
1389 2774 1685 2840 lectiones;
1733 2775 1999 2830 undenam
2041 2775 2312 2843 irrcpserit
2340 2774 2644 2840 diversitas,
2689 2791 2758 2834 ex
2786 2775 3138 2848 interpretum
3161 2775 3418 2843 vitio,an
3461 2789 3498 2832 e

201 2871 391 2928 textus
419 2864 582 2936 grzeci
607 2864 952 2939 ambiguitate
980 2866 1264 2935 investigat
1295 2885 1307 2921 :
1337 2866 1453 2937 ejus
1477 2866 1706 2937 denique
1729 2867 1817 2922 illa
1844 2866 2117 2932 sedulitas,
2146 2881 2248 2938 qua
2280 2875 2355 2926 tot
2382 2867 2528 2922 locos
2566 2875 2674 2929 tam
2711 2869 2867 2926 anxie
2913 2869 3200 2938 discussit,
3228 2868 3336 2928 huc
3366 2884 3491 2930 eum

202 2955 462 3038 impulit,
491 2966 547 3011 ut
575 2957 888 3015 Psalterium
911 2959 1185 3020 multoties
1211 2959 1277 3020 ad
1309 2959 1500 3020 idioma
1537 2960 1861 3018 hellenicum
1888 2968 2195 3018 recenseret
2219 2963 2630 3035 castigaretque.
2661 2965 2774 3021 Hoc
2801 2965 3070 3040 intelligas
3095 2966 3221 3026 licet
3247 2981 3314 3026 ex
3340 2966 3490 3038 ejus-

207 3049 334 3112 dem
361 3048 431 3112 ad
457 3049 726 3112 Audacem
769 3051 991 3124 epistola
1013 3092 1027 3118 ,
1058 3052 1148 3112 ubi
1177 3067 1296 3108 cum
1337 3052 1559 3110 dixisset
1597 3053 1917 3111 Psalterium
1945 3069 1975 3108 a
2007 3053 2162 3110 beato
2192 3054 2515 3126 Hieronymo
2559 3074 2624 3116 ex
2652 3058 2870 3124 hebrtno
2893 3073 3144 3116 sermone
3162 3073 3488 3118 conversum

214 3157 324 3206 non
353 3141 552 3204 habere
579 3158 661 3209 se,
695 3145 1031 3218 prosequitur
1060 3143 1112 3200 in
1145 3143 1288 3199 hunc
1316 3145 1534 3204 modum
1561 3162 1574 3198 :
1610 3144 1722 3200 Nos
1743 3155 1910 3202 autent
1934 3163 2037 3202 non
2065 3147 2380 3219 interpretati
2398 3166 2571 3206 sumus
2589 3191 2605 3216 ,
2633 3151 2722 3206 sed
2763 3152 2994 3208 codicum
3025 3152 3326 3212 Latinorum
3353 3169 3488 3210 non-

210 3235 384 3298 nullas
407 3236 760 3298 mendositales
788 3254 850 3296 ea:
867 3239 1044 3310 grazcis
1070 3238 1439 3310 exeniplaribus
1458 3237 1860 3296 emendavimus.
1896 3237 2044 3298 Unda
2068 3242 2300 3311 fortassis
2328 3241 2596 3312 fecerimus
2623 3243 2821 3315 aliquid
2841 3244 3157 3302 commodius
3176 3261 3329 3316 quam
3356 3253 3486 3313 erat,

216 3339 507 3392 nontamen
536 3330 635 3391 tale
657 3330 803 3402 quale
826 3347 930 3392 esse
951 3330 1173 3392 debebat.
1205 3329 1344 3389 Nam
1370 3331 1522 3392 etiam
1548 3347 1704 3400 nunc,
1727 3346 1839 3401 quat
1866 3335 1998 3404 forts
2025 3349 2117 3392 nos
2146 3343 2265 3393 tunc
2292 3336 2671 3410 praterierunt,
2710 3337 2756 3394 si
2783 3336 3002 3410 legentes
3023 3337 3296 3409 mouerint,
3329 3336 3490 3398 colla-

218 3424 287 3484 tis
312 3423 566 3491 codicibus
589 3424 912 3488 emendamus
939 3422 1133 3502 (Epist.
1161 3423 1285 3492 261,
1317 3441 1372 3486 η.
1399 3424 1476 3494 5).

284 3515 493 3580 Primus
516 3517 704 3576 littera:
725 3532 914 3580 sensus
941 3517 1205 3573 interdum
1243 3516 1375 3574 nihil
1403 3518 1675 3584 continet,
1708 3515 1809 3578 nisi
1842 3517 2098 3588 Simplicis
2141 3533 2204 3576 ac
2229 3519 2516 3590 spirituaiis
2545 3537 2559 3578 :
2590 3529 2648 3582 at
2693 3520 2836 3584 idem
2891 3522 3088 3594 sazpius
3112 3521 3315 3583 relatus
3343 3528 3398 3578 et
3420 3521 3490 3582 ﬂ-

213 3619 430 3686 guratus
456 3618 558 3672 est.
588 3609 845 3684 Tuncque
869 3626 994 3666 vere
1026 3610 1294 3668 afﬁrmare
1330 3625 1650 3683 pessumus,
1707 3609 1850 3681 quod
1882 3618 1965 3670 est
1992 3611 2158 3670 dictio
2187 3612 2559 3683 signiﬁcationi
2589 3628 2702 3674 sure
2739 3624 3047 3686 comparata
3075 3657 3090 3684 ,
3122 3613 3176 3670 id
3205 3623 3318 3680 est,
3345 3613 3492 3674 litte-

215 3700 388 3754 ralem
418 3715 629 3755 sensum
656 3716 775 3756 esse
798 3717 918 3756 cum
949 3702 1207 3770 spirituali
1229 3716 1592 3770 comparatum
1620 3719 1632 3754 :
1660 3710 1715 3758 et
1735 3703 2188 3772 quemadmodum
2215 3703 2330 3761 ﬁeri
2355 3721 2462 3762 non
2493 3717 2668 3778 potest
2698 3720 2755 3770 ut
2775 3708 2842 3766 ad
2881 3724 3098 3770 sensum
3127 3708 3274 3768 illum
3318 3707 3484 3780 spiri-

214 3790 413 3852 tualcm
445 3793 849 3866 perveniamus,
885 3792 988 3850 nisi
1018 3793 1162 3862 prius
1191 3793 1470 3850 litteralem
1496 3794 1660 3864 probe
1687 3804 2019 3864 perspectum
2067 3797 2446 3866 habuerimus;
2476 3800 2547 3860 ita
2596 3801 2844 3862 litteratis
2891 3817 3345 3875 supervacaneam
3371 3801 3489 3859 fore

213 3883 566 3960 cognitionem
591 3926 608 3951 ,
639 3884 682 3938 si
709 3884 1041 3954 Spiritualem
1071 3884 1286 3954 assequi
1310 3886 1654 3955 negligamus.
1686 3886 1798 3942 Hoc
1827 3886 1921 3942 fuit
1959 3888 2011 3942 in
2041 3903 2202 3948 causa
2230 3905 2325 3948 cur
2357 3902 2572 3952 sanctus
2601 3893 2803 3954 Prmsul
2827 3936 2842 3961 ,
2872 3911 3035 3954 sensu
3063 3896 3318 3963 litterati,
3346 3910 3486 3966 quo—

214 3976 316 4038 ties
339 3991 463 4036 eum
491 3977 620 4034 satis
651 3993 744 4048 per
770 3993 827 4034 se
847 3986 1087 4054 apertum
1112 3975 1488 4050 cognitumque
1512 3978 1860 4045 existimavit,
1891 3981 2127 4044 omisso,
2171 3990 2315 4038 recta
2344 3983 2397 4038 in
2426 3985 2756 4056 spiritualem
2785 3987 3048 4046 tenderet.
3077 3989 3230 4056 Quod
3267 3987 3486 4058 quidem

213 4071 262 4132 ei
288 4087 392 4130 non
412 4073 584 4130 solum
611 4088 714 4134 usu
741 4074 885 4130 venit
915 4074 967 4130 in
987 4073 1330 4130 sermonibus
1370 4071 1438 4128 ad
1477 4072 1728 4144 populum
1760 4073 1986 4141 habitis,
2018 4073 2071 4129 in
2100 4073 2292 4145 quibus
2329 4074 2444 4146 eius
2481 4077 2810 4148 potissimum
2840 4079 3104 4151 prolectui
3154 4080 3358 4138 servire
3393 4095 3486 4144 eo-

214 4165 467 4240 gebatur;
499 4182 681 4222 verum
710 4168 871 4222 etiam
899 4167 950 4221 in
976 4165 1396 4236 expositionibus
1419 4207 1433 4234 ,
1465 4181 1594 4239 quas
1621 4164 1673 4222 in
1701 4165 1958 4236 quosdam
1982 4166 2316 4226 Psalmorum
2343 4166 2596 4240 dictavit,
2623 4169 2714 4226 ubi
2738 4186 2806 4234 ex
2842 4173 3004 4234 animi
3043 4173 3316 4234 voluntate
3343 4175 3485 4248 ctylo

213 4257 491 4330 indulgere
527 4259 625 4330 ipsi
646 4259 726 4314 fas
755 4267 888 4315 erat.

281 4350 414 4406 Cum
431 4365 559 4405 vero
575 4351 628 4405 in
647 4359 842 4406 sancta:
859 4349 1150 4420 Scripturze
1163 4351 1383 4406 vocibus
1402 4350 1702 4421 spirituales
1722 4365 1911 4408 sensus
1937 4352 2134 4408 lateant
2156 4353 2389 4426 plurimi.
2409 4355 2500 4425 qui
2513 4371 2698 4414 omnes
2720 4373 2968 4430 peraeque
2992 4361 3087 4432 pii,
3106 4376 3354 4434 peraeque
3371 4362 3483 4420 veri

215 4441 376 4500 videri
404 4445 645 4514 possint,
677 4443 814 4499 haud
841 4459 1052 4512 semper
1081 4452 1364 4498 contentus
1397 4443 1492 4498 luit
1521 4445 1735 4498 unicum
1767 4459 2098 4514 expromere.
2125 4444 2204 4500 Ad
2236 4447 2448 4503 tertium
2473 4464 2640 4519 usque
2659 4451 2849 4508 eruite
2872 4453 3075 4522 psalmo
3097 4454 3255 4510 tertio
3276 4495 3291 4523 ,
3319 4470 3480 4527 quem

217 4537 383 4621 primo
408 4538 620 4608 quidem
664 4537 876 4594 Christo
909 4538 1129 4594 Domino
1150 4538 1201 4593 in
1234 4539 1444 4608 propria
1474 4553 1570 4594 sua
1617 4554 1843 4616 persona
1886 4539 2224 4596 considerato
2245 4581 2260 4606 ,
2293 4557 2414 4598 mox
2461 4543 2633 4599 eidem
2654 4561 2776 4604 cum
2807 4546 3080 4616 Ecclesia,
3112 4565 3340 4620 quacum
3391 4551 3482 4606 ille

215 4645 374 4687 unum
401 4633 550 4704 quasi
577 4647 773 4702 corpus
797 4631 990 4699 efﬁcit,
1020 4632 1334 4702 conjuncto;
1366 4631 1596 4704 denique
1634 4632 1865 4686 ﬁdelium
1893 4633 2115 4701 singulis
2152 4636 2539 4692 accommodat.
2570 4636 2626 4694 In
2670 4640 2884 4696 tertium
2908 4656 3042 4697 vero
3080 4642 3252 4712 quarti
3283 4641 3480 4700 decimi

215 4725 400 4794 psalmi
427 4741 674 4793 versum,
703 4725 944 4795 exposito
992 4725 1160 4795 primo
1189 4740 1350 4779 sensu
1396 4725 1614 4794 pulchre
1649 4725 1886 4800 sciteque
1927 4726 2110 4782 subdit
2141 4742 2154 4780 :
2190 4724 2292 4784 Istc
2315 4728 2532 4799 simplex
2561 4730 2844 4788 intellectus
2873 4733 2957 4790 cui
2981 4733 3160 4804 suﬂ'icil
3179 4776 3193 4804 ,
3221 4735 3437 4806 subiciat
3461 4750 3484 4799 ;
3532 4797 3543 4806 ,ν

213 4819 299 4875 sed
333 4820 577 4878 nonnulla
604 4819 750 4874 verba
777 4817 1158 4890 Scripturarum
1182 4819 1478 4872 obscuritate
1497 4834 1588 4872 sua
1612 4817 1706 4880 hoc
1729 4819 2056 4888 profuerunt,
2078 4821 2214 4889 quod
2236 4823 2423 4878 multas
2447 4823 2804 4896 intelligentias
2825 4837 3142 4900 pepererunt.
3170 4827 3357 4900 Itaque
3383 4829 3478 4886 Itoc

216 4913 258 4966 si
302 4911 512 4982 planum
536 4921 697 4977 esset,
726 4927 882 4968 unum
905 4909 1096 4980 aliquid
1123 4910 1398 4974 audiretis;
1427 4911 1542 4980 quia
1586 4927 1700 4966 vero
1728 4910 1933 4965 obscure
1962 4913 2150 4966 dictum
2180 4922 2251 4968 est
2269 4954 2284 4980 ,
2312 4914 2470 4970 multa
2495 4916 2721 4971 audituri
2744 4920 2884 4977 estis.

286 5004 511 5074 Regulus
541 5005 591 5059 in
622 5003 865 5059 habendo
891 5003 1155 5057 variorum
1204 5017 1488 5067 sensuum,
1519 5003 1608 5073 qui
1647 5004 1824 5059 animo
1853 5015 2170 5072 occurrunt,
2195 5007 2406 5064 delectu
2427 5050 2442 5074 ,
2466 5010 2707 5079 sequitur
2732 5012 2902 5074 errori
2945 5013 3164 5074 minime
3191 5015 3474 5076 obnoxias.

213 5098 496 5154 Enimvero
521 5107 872 5170 praeterquam
905 5096 1042 5166 quod
1077 5096 1335 5150 rationem
1359 5139 1374 5162 ,
1401 5106 1456 5150 ut
1477 5096 1783 5152 dicebamus
1804 5139 1819 5163 ,
1853 5099 2006 5170 longe
2047 5101 2330 5156 maximam
2361 5101 2518 5158 habet
2547 5104 2739 5160 litterm
2757 5146 2772 5172 ,
2799 5107 2884 5166 cui
2906 5109 3120 5179 quidem
3147 5118 3272 5166 ante
3297 5111 3476 5170 omnia

212 5204 400 5248 sensus
429 5189 494 5251 ad
523 5189 774 5248 aniussim
803 5189 1025 5256 quadret
1051 5202 1269 5244 necesse
1300 5197 1417 5254 est;
1449 5204 1656 5260 semper
1689 5189 1758 5244 ob
1776 5189 1961 5244 oculos
1982 5191 2080 5245 sibi
2126 5191 2439 5249 charitatem
2479 5197 2905 5256 constituendam
2931 5201 3112 5270 ponit,
3142 5217 3299 5271 quam
3329 5201 3474 5258 86ςί-

214 5294 379 5352 pluria
421 5283 582 5340 totius
610 5282 768 5338 ﬁnem
807 5295 925 5336 esse
962 5281 1119 5335 docet
1159 5281 1208 5332 in
1243 5281 1501 5348 pentuan
1541 5283 1890 5344 centesimum
1925 5283 2386 5352 quadragesimum
2419 5303 2432 5341 :
2466 5286 2726 5355 Quidquid
2761 5291 3049 5359 salubriter,
3082 5292 3273 5366 inquit,
3311 5300 3480 5348 mente

210 5375 510 5443 concipitur,
539 5373 741 5444 quiquid
764 5390 847 5428 ore
873 5375 1147 5452 profertur,
1175 5374 1249 5429 vel
1276 5375 1336 5426 de
1369 5374 1582 5443 qualibet
1611 5375 1795 5445 pagina
1818 5375 2154 5442 exsculpilut',
2182 5393 2280 5432 non
2312 5378 2456 5433 habet
2494 5381 2646 5450 ﬁnem
2688 5383 2783 5438 nisi
2809 5385 3121 5442 cltaritalent.
3151 5387 3320 5456 Quam
3342 5386 3476 5443 doc-

211 5467 403 5520 trinam
439 5473 742 5534 sutnpscrat
787 5481 905 5526 cum
937 5480 999 5518 ex
1042 5463 1326 5534 Evangelii)
1352 5506 1366 5532 ,
1397 5466 1482 5520 ubi
1529 5467 1843 5533 generaliter
1887 5482 1917 5520 a
1960 5466 2166 5523 Christo
2207 5473 2577 5538 pronuntiatur
2617 5474 2748 5532 illud
2778 5477 3029 5546 effatum,
3070 5479 3137 5536 In
3174 5481 3250 5540 liis
3275 5481 3472 5538 duobus

208 5560 463 5618 mandatis
482 5559 707 5620 universa
724 5558 830 5620 Lex
850 5558 1027 5628 pendet
1053 5567 1098 5611 et
1127 5557 1394 5628 PrOp/tetce
1422 5557 1629 5629 (Matth.
1655 5576 1783 5622 χχιι,
1809 5560 1898 5632 40)
1921 5579 1933 5614 :
1971 5571 2077 5616 tum
2104 5579 2169 5618 ex
2201 5565 2232 5617 Α
2249 5567 2456 5636 nostolo
2477 5608 2491 5632 ,
2524 5583 2629 5638 quo
2639 5569 2820 5638 judice
2847 5575 3032 5643 prima:
3049 5574 3115 5630 ad
3134 5575 3476 5637 Timotheum

209 5654 380 5730 capite
403 5654 600 5723 primo,
630 5650 775 5706 Finis
794 5651 1029 5722 prwcepli
1058 5661 1128 5705 εει
1153 5652 1372 5706 cltaritas
1399 5651 1599 5724 (lTim.
1629 5668 1664 5715 ι,
1690 5651 1766 5723 5).
1799 5652 1960 5722 Hujus
1987 5656 2181 5724 regulze
2202 5656 2465 5712 beneﬁcio
2489 5673 2678 5714 sensus
2699 5662 3002 5720 Christianis
3028 5667 3267 5726 moribus
3283 5683 3470 5740 parum

209 5760 497 5819 congruos,
524 5760 658 5818 quos
686 5745 921 5799 nonnulli
949 5744 1277 5800 Psalmorum
1304 5747 1402 5800 loci
1423 5745 1652 5814 objicct‘c
1672 5744 1850 5798 animo
1879 5756 2123 5815 possent,
2156 5750 2334 5816 procul
2353 5750 2802 5810 amandat:verba
2820 5772 2938 5827 qua:
2967 5757 3036 5813 ab
3056 5759 3341 5818 ulciscendi
3361 5762 3477 5818 libi;

208 5838 327 5897 dine
351 5838 612 5912 proﬁcisci
641 5847 797 5909 atque
818 5837 1072 5909 improbis
1095 5839 1308 5896 exitium
1329 5840 1606 5912 imprecari
1626 5840 1921 5909 videantur,
1949 5840 2103 5896 docet
2123 5841 2249 5896 nihil
2273 5843 2412 5898 aliud
2435 5859 2554 5901 esse
2577 5861 2733 5915 quam
2759 5851 3020 5907 malorum
3039 5853 3229 5925 quibus
3250 5854 3343 5923 illi,
3370 5855 3476 5912 nisi
