  <div class='ocr_page' id='page_1' title='image "/cluster/home/n/w/nwhite01/storage/ocr_20150623/36/uva.x000827105/015.png"; bbox 0 0 4078 6396; ppageno 0'>
   <div class='ocr_carea' id='block_1_1' title="bbox 587 300 3877 404">
    <p class='ocr_par' dir='ltr' id='par_1_1' title="bbox 587 300 3877 404">
     <span class='ocr_line' id='line_1_1' title="bbox 587 300 3877 404; baseline 0.001 -3"><span class='ocrx_word' id='word_1_1' title='bbox 587 343 658 401; x_wconf 76' lang='lat' dir='ltr'><strong>ts</strong></span> <span class='ocrx_word' id='word_1_2' title='bbox 1166 360 1172 368; x_wconf 67' lang='grc' dir='ltr'><strong><em>ο</em></strong></span> <span class='ocrx_word' id='word_1_3' title='bbox 2037 335 2429 398; x_wconf 64' lang='lat' dir='ltr'><strong>nummo.</strong></span> <span class='ocrx_word' id='word_1_4' title='bbox 2877 300 2885 324; x_wconf 24' lang='grc' dir='ltr'>ῗ</span> <span class='ocrx_word' id='word_1_5' title='bbox 3799 346 3877 404; x_wconf 74' lang='lat' dir='ltr'><strong>re</strong></span> 
     </span>
    </p>
   </div>
   <div class='ocr_carea' id='block_1_2' title="bbox 589 452 3886 528">
    <p class='ocr_par' dir='ltr' id='par_1_2' title="bbox 589 452 3886 528">
     <span class='ocr_line' id='line_1_2' title="bbox 589 452 3886 528; baseline 0.002 -15"><span class='ocrx_word' id='word_1_6' title='bbox 589 455 952 528; x_wconf 74' lang='lat' dir='ltr'><strong>corrigantur,</strong></span> <span class='ocrx_word' id='word_1_7' title='bbox 980 453 1241 511; x_wconf 91' lang='lat' dir='ltr'><strong>obruendi</strong></span> <span class='ocrx_word' id='word_1_8' title='bbox 1265 463 1426 520; x_wconf 89' lang='lat' dir='ltr'><strong>sunt,</strong></span> <span class='ocrx_word' id='word_1_9' title='bbox 1458 452 1764 524; x_wconf 83' lang='lat' dir='ltr'><strong>prOphetias</strong></span> <span class='ocrx_word' id='word_1_10' title='bbox 1802 467 1867 510; x_wconf 90' lang='lat' dir='ltr'><strong>ac</strong></span> <span class='ocrx_word' id='word_1_11' title='bbox 1903 454 2280 525; x_wconf 60' lang='lat' dir='ltr'><strong>praedictiones</strong></span> <span class='ocrx_word' id='word_1_12' title='bbox 2310 473 2324 510; x_wconf 89' lang='lat'><strong>:</strong></span> <span class='ocrx_word' id='word_1_13' title='bbox 2355 452 2570 510; x_wconf 91' lang='lat' dir='ltr'><strong>Davidis</strong></span> <span class='ocrx_word' id='word_1_14' title='bbox 2603 461 2725 510; x_wconf 87' lang='lat' dir='ltr'><strong>vota</strong></span> <span class='ocrx_word' id='word_1_15' title='bbox 2774 453 3032 512; x_wconf 87' lang='lat' dir='ltr'><strong>adversus</strong></span> <span class='ocrx_word' id='word_1_16' title='bbox 3074 453 3320 514; x_wconf 84' lang='lat' dir='ltr'><strong>inimicos</strong></span> <span class='ocrx_word' id='word_1_17' title='bbox 3361 471 3488 514; x_wconf 83' lang='lat' dir='ltr'><strong>suos</strong></span> <span class='ocrx_word' id='word_1_18' title='bbox 3514 458 3792 516; x_wconf 83' lang='lat' dir='ltr'><strong>meliorem</strong></span> <span class='ocrx_word' id='word_1_19' title='bbox 3821 462 3886 519; x_wconf 89' lang='lat' dir='ltr'><strong>in</strong></span> 
     </span>
    </p>
   </div>
   <div class='ocr_carea' id='block_1_3' title="bbox 586 547 3891 624">
    <p class='ocr_par' dir='ltr' id='par_1_3' title="bbox 586 547 3891 624">
     <span class='ocr_line' id='line_1_3' title="bbox 586 547 3891 624; baseline 0.001 -19"><span class='ocrx_word' id='word_1_20' title='bbox 586 561 798 621; x_wconf 88' lang='lat' dir='ltr'><strong>partem</strong></span> <span class='ocrx_word' id='word_1_21' title='bbox 829 549 1168 619; x_wconf 87' lang='lat' dir='ltr'><strong>accipienda,</strong></span> <span class='ocrx_word' id='word_1_22' title='bbox 1191 548 1369 618; x_wconf 86' lang='lat' dir='ltr'><strong>ibique</strong></span> <span class='ocrx_word' id='word_1_23' title='bbox 1405 563 1593 620; x_wconf 89' lang='lat' dir='ltr'><strong>preces</strong></span> <span class='ocrx_word' id='word_1_24' title='bbox 1619 547 1811 620; x_wconf 88' lang='lat' dir='ltr'><strong>quibus</strong></span> <span class='ocrx_word' id='word_1_25' title='bbox 1833 548 1935 604; x_wconf 91' lang='lat' dir='ltr'><strong>viri</strong></span> <span class='ocrx_word' id='word_1_26' title='bbox 1963 550 2134 604; x_wconf 77' lang='lat' dir='ltr'><strong>sancti</strong></span> <span class='ocrx_word' id='word_1_27' title='bbox 2177 557 2489 620; x_wconf 88' lang='lat' dir='ltr'><strong>peccatores</strong></span> <span class='ocrx_word' id='word_1_28' title='bbox 2533 547 2644 605; x_wconf 91' lang='lat' dir='ltr'><strong>Deo</strong></span> <span class='ocrx_word' id='word_1_29' title='bbox 2681 548 3100 624; x_wconf 82' lang='lat' dir='ltr'><strong>commendant,</strong></span> <span class='ocrx_word' id='word_1_30' title='bbox 3143 549 3552 622; x_wconf 85' lang='lat' dir='ltr'><strong>intelligendas:</strong></span> <span class='ocrx_word' id='word_1_31' title='bbox 3582 551 3891 610; x_wconf 78' lang='lat' dir='ltr'><strong>locutiones</strong></span> 
     </span>
    </p>
   </div>
   <div class='ocr_carea' id='block_1_4' title="bbox 587 642 3888 718">
    <p class='ocr_par' dir='ltr' id='par_1_4' title="bbox 587 642 3888 718">
     <span class='ocr_line' id='line_1_4' title="bbox 587 642 3888 718; baseline 0 -16"><span class='ocrx_word' id='word_1_32' title='bbox 587 647 730 714; x_wconf 89' lang='lat' dir='ltr'><strong>illas,</strong></span> <span class='ocrx_word' id='word_1_33' title='bbox 758 645 908 718; x_wconf 89' lang='lat' dir='ltr'><strong>queis</strong></span> <span class='ocrx_word' id='word_1_34' title='bbox 931 645 1268 701; x_wconf 80' lang='lat' dir='ltr'><strong>adversarios</strong></span> <span class='ocrx_word' id='word_1_35' title='bbox 1295 657 1421 700; x_wconf 90' lang='lat' dir='ltr'><strong>suos</strong></span> <span class='ocrx_word' id='word_1_36' title='bbox 1440 642 1690 699; x_wconf 79' lang='lat' dir='ltr'><strong>confundi</strong></span> <span class='ocrx_word' id='word_1_37' title='bbox 1713 685 1728 710; x_wconf 95' lang='lat'><strong>,</strong></span> <span class='ocrx_word' id='word_1_38' title='bbox 1756 643 1951 700; x_wconf 85' lang='lat' dir='ltr'><strong>cadere</strong></span> <span class='ocrx_word' id='word_1_39' title='bbox 1969 684 1984 710; x_wconf 92' lang='lat'><strong>,</strong></span> <span class='ocrx_word' id='word_1_40' title='bbox 2012 643 2279 714; x_wconf 80' lang='lat' dir='ltr'><strong>prosterni</strong></span> <span class='ocrx_word' id='word_1_41' title='bbox 2306 644 2447 715; x_wconf 86' lang='lat' dir='ltr'><strong>petit</strong></span> <span class='ocrx_word' id='word_1_42' title='bbox 2466 684 2482 710; x_wconf 90' lang='lat'><strong>,</strong></span> <span class='ocrx_word' id='word_1_43' title='bbox 2505 642 2730 698; x_wconf 91' lang='lat' dir='ltr'><strong>obscura</strong></span> <span class='ocrx_word' id='word_1_44' title='bbox 2775 642 3006 713; x_wconf 90' lang='lat' dir='ltr'><strong>quadam</strong></span> <span class='ocrx_word' id='word_1_45' title='bbox 3045 642 3253 699; x_wconf 85' lang='lat' dir='ltr'><strong>ratione</strong></span> <span class='ocrx_word' id='word_1_46' title='bbox 3283 652 3626 714; x_wconf 87' lang='lat' dir='ltr'><strong>peccatorum</strong></span> <span class='ocrx_word' id='word_1_47' title='bbox 3646 660 3888 702; x_wconf 88' lang='lat' dir='ltr'><strong>conver-</strong></span> 
     </span>
    </p>
   </div>
   <div class='ocr_carea' id='block_1_5' title="bbox 588 736 3888 810">
    <p class='ocr_par' dir='ltr' id='par_1_5' title="bbox 588 736 3888 810">
     <span class='ocr_line' id='line_1_5' title="bbox 588 736 3888 810; baseline 0.001 -14"><span class='ocrx_word' id='word_1_48' title='bbox 588 742 797 797; x_wconf 87' lang='lat' dir='ltr'><strong>sionem</strong></span> <span class='ocrx_word' id='word_1_49' title='bbox 838 755 901 796; x_wconf 93' lang='lat' dir='ltr'><strong>ac</strong></span> <span class='ocrx_word' id='word_1_50' title='bbox 927 740 1295 810; x_wconf 66' lang='lat' dir='ltr'><strong>penitentiam</strong></span> <span class='ocrx_word' id='word_1_51' title='bbox 1326 738 1560 794; x_wconf 91' lang='lat' dir='ltr'><strong>indicare</strong></span> <span class='ocrx_word' id='word_1_52' title='bbox 1589 757 1602 793; x_wconf 86' lang='lat'>:</span> <span class='ocrx_word' id='word_1_53' title='bbox 1627 738 1672 793; x_wconf 91' lang='lat' dir='ltr'><strong>si</strong></span> <span class='ocrx_word' id='word_1_54' title='bbox 1711 737 1922 808; x_wconf 86' lang='lat' dir='ltr'><strong>quando</strong></span> <span class='ocrx_word' id='word_1_55' title='bbox 1952 736 2136 793; x_wconf 86' lang='lat' dir='ltr'><strong>hostes</strong></span> <span class='ocrx_word' id='word_1_56' title='bbox 2161 737 2378 794; x_wconf 85' lang='lat' dir='ltr'><strong>vincere</strong></span> <span class='ocrx_word' id='word_1_57' title='bbox 2415 746 2510 794; x_wconf 92' lang='lat' dir='ltr'><strong>aut</strong></span> <span class='ocrx_word' id='word_1_58' title='bbox 2535 737 2602 794; x_wconf 90' lang='lat' dir='ltr'><strong>ab</strong></span> <span class='ocrx_word' id='word_1_59' title='bbox 2647 736 2851 794; x_wconf 89' lang='lat' dir='ltr'><strong>eisdem</strong></span> <span class='ocrx_word' id='word_1_60' title='bbox 2879 736 3095 792; x_wconf 88' lang='lat' dir='ltr'><strong>liberari</strong></span> <span class='ocrx_word' id='word_1_61' title='bbox 3119 736 3336 808; x_wconf 89' lang='lat' dir='ltr'><strong>cupiat,</strong></span> <span class='ocrx_word' id='word_1_62' title='bbox 3365 753 3427 794; x_wconf 89' lang='lat' dir='ltr'><strong>re</strong></span> <span class='ocrx_word' id='word_1_63' title='bbox 3455 753 3578 795; x_wconf 88' lang='lat' dir='ltr'><strong>vera</strong></span> <span class='ocrx_word' id='word_1_64' title='bbox 3605 740 3888 798; x_wconf 80' lang='lat' dir='ltr'><strong>orationes</strong></span> 
     </span>
    </p>
   </div>
   <div class='ocr_carea' id='block_1_6' title="bbox 586 829 3884 906">
    <p class='ocr_par' dir='ltr' id='par_1_6' title="bbox 586 829 3884 906">
     <span class='ocr_line' id='line_1_6' title="bbox 586 829 3884 906; baseline 0 -16"><span class='ocrx_word' id='word_1_65' title='bbox 586 849 731 899; x_wconf 90' lang='lat' dir='ltr'><strong>csse,</strong></span> <span class='ocrx_word' id='word_1_66' title='bbox 755 849 822 889; x_wconf 92' lang='lat' dir='ltr'><strong>ne</strong></span> <span class='ocrx_word' id='word_1_67' title='bbox 848 835 902 887; x_wconf 92' lang='lat' dir='ltr'><strong>in</strong></span> <span class='ocrx_word' id='word_1_68' title='bbox 933 832 1310 888; x_wconf 88' lang='lat' dir='ltr'><strong>tentationibus</strong></span> <span class='ocrx_word' id='word_1_69' title='bbox 1336 831 1646 886; x_wconf 88' lang='lat' dir='ltr'><strong>succumbat</strong></span> <span class='ocrx_word' id='word_1_70' title='bbox 1673 847 1686 884; x_wconf 89' lang='lat'>:</span> <span class='ocrx_word' id='word_1_71' title='bbox 1719 829 1950 901; x_wconf 88' lang='lat' dir='ltr'><strong>denique</strong></span> <span class='ocrx_word' id='word_1_72' title='bbox 1979 845 2078 901; x_wconf 91' lang='lat' dir='ltr'><strong>per</strong></span> <span class='ocrx_word' id='word_1_73' title='bbox 2116 830 2363 886; x_wconf 90' lang='lat' dir='ltr'><strong>inimicos</strong></span> <span class='ocrx_word' id='word_1_74' title='bbox 2407 830 2652 895; x_wconf 86' lang='lat' dir='ltr'><strong>Davidis,</strong></span> <span class='ocrx_word' id='word_1_75' title='bbox 2684 845 2788 885; x_wconf 91' lang='lat' dir='ltr'><strong>non</strong></span> <span class='ocrx_word' id='word_1_76' title='bbox 2835 830 3107 886; x_wconf 75' lang='lat' dir='ltr'><strong>dzemones</strong></span> <span class='ocrx_word' id='word_1_77' title='bbox 3157 839 3360 888; x_wconf 91' lang='lat' dir='ltr'><strong>tantum</strong></span> <span class='ocrx_word' id='word_1_78' title='bbox 3400 841 3494 888; x_wconf 91' lang='lat' dir='ltr'><strong>aut</strong></span> <span class='ocrx_word' id='word_1_79' title='bbox 3532 845 3842 904; x_wconf 87' lang='lat' dir='ltr'><strong>peccatores</strong></span> <span class='ocrx_word' id='word_1_80' title='bbox 3863 877 3884 906; x_wconf 91' lang='lat'><strong>,</strong></span> 
     </span>
    </p>
   </div>
   <div class='ocr_carea' id='block_1_7' title="bbox 585 923 3212 1000">
    <p class='ocr_par' dir='ltr' id='par_1_7' title="bbox 585 923 3212 1000">
     <span class='ocr_line' id='line_1_7' title="bbox 585 923 3212 1000; baseline -0.002 -14"><span class='ocrx_word' id='word_1_81' title='bbox 585 930 684 986; x_wconf 85' lang='lat' dir='ltr'><strong>sed</strong></span> <span class='ocrx_word' id='word_1_82' title='bbox 713 937 768 986; x_wconf 90' lang='lat' dir='ltr'><strong>et</strong></span> <span class='ocrx_word' id='word_1_83' title='bbox 792 929 919 984; x_wconf 90' lang='lat' dir='ltr'><strong>vitia</strong></span> <span class='ocrx_word' id='word_1_84' title='bbox 940 938 1098 1000; x_wconf 90' lang='lat' dir='ltr'><strong>atque</strong></span> <span class='ocrx_word' id='word_1_85' title='bbox 1123 928 1286 983; x_wconf 90' lang='lat' dir='ltr'><strong>animi</strong></span> <span class='ocrx_word' id='word_1_86' title='bbox 1314 927 1555 992; x_wconf 74' lang='lat' dir='ltr'><strong>allectus,</strong></span> <span class='ocrx_word' id='word_1_87' title='bbox 1577 925 1772 996; x_wconf 87' lang='lat' dir='ltr'><strong>quibus</strong></span> <span class='ocrx_word' id='word_1_88' title='bbox 1809 927 2063 981; x_wconf 92' lang='lat' dir='ltr'><strong>continuo</strong></span> <span class='ocrx_word' id='word_1_89' title='bbox 2102 925 2154 980; x_wconf 86' lang='lat' dir='ltr'><strong>in</strong></span> <span class='ocrx_word' id='word_1_90' title='bbox 2182 926 2266 1000; x_wconf 89' lang='lat' dir='ltr'><strong>via</strong></span> <span class='ocrx_word' id='word_1_91' title='bbox 2290 926 2477 981; x_wconf 92' lang='lat' dir='ltr'><strong>salutis</strong></span> <span class='ocrx_word' id='word_1_92' title='bbox 2500 927 2890 995; x_wconf 79' lang='lat' dir='ltr'><strong>impugnantur,</strong></span> <span class='ocrx_word' id='word_1_93' title='bbox 2919 923 3212 995; x_wconf 90' lang='lat' dir='ltr'><strong>designari.</strong></span> 
     </span>
    </p>
   </div>
   <div class='ocr_carea' id='block_1_8' title="bbox 659 999 3886 1092">
    <p class='ocr_par' dir='ltr' id='par_1_8' title="bbox 659 999 3886 1092">
     <span class='ocr_line' id='line_1_8' title="bbox 659 999 3886 1092; baseline 0 -15"><span class='ocrx_word' id='word_1_94' title='bbox 659 1021 772 1078; x_wconf 89' lang='lat' dir='ltr'><strong>Hac</strong></span> <span class='ocrx_word' id='word_1_95' title='bbox 800 1021 987 1078; x_wconf 89' lang='lat' dir='ltr'><strong>eadem</strong></span> <span class='ocrx_word' id='word_1_96' title='bbox 1013 1019 1193 1092; x_wconf 88' lang='lat' dir='ltr'><strong>regula</strong></span> <span class='ocrx_word' id='word_1_97' title='bbox 1219 1019 1532 1086; x_wconf 88' lang='lat' dir='ltr'><strong>adducitur,</strong></span> <span class='ocrx_word' id='word_1_98' title='bbox 1559 1027 1618 1072; x_wconf 89' lang='lat' dir='ltr'><strong>ut</strong></span> <span class='ocrx_word' id='word_1_99' title='bbox 1646 1018 1930 1088; x_wconf 87' lang='lat' dir='ltr'><strong>petitiones</strong></span> <span class='ocrx_word' id='word_1_100' title='bbox 1971 999 2462 1088; x_wconf 73' lang='lat' dir='ltr'><strong>promissionesque</strong></span> <span class='ocrx_word' id='word_1_101' title='bbox 2497 1016 2857 1080; x_wconf 78' lang='lat' dir='ltr'><strong>Psalmorum,</strong></span> <span class='ocrx_word' id='word_1_102' title='bbox 2888 1031 3006 1088; x_wconf 79' lang='lat' dir='ltr'><strong>quae</strong></span> <span class='ocrx_word' id='word_1_103' title='bbox 3034 1015 3102 1072; x_wconf 89' lang='lat' dir='ltr'><strong>ad</strong></span> <span class='ocrx_word' id='word_1_104' title='bbox 3143 1016 3322 1088; x_wconf 86' lang='lat' dir='ltr'><strong>apices</strong></span> <span class='ocrx_word' id='word_1_105' title='bbox 3363 1018 3620 1088; x_wconf 55' lang='lat' dir='ltr'><strong>exposita».</strong></span> <span class='ocrx_word' id='word_1_106' title='bbox 3664 1022 3886 1079; x_wconf 83' lang='lat' dir='ltr'><strong>nonnisi</strong></span> 
     </span>
    </p>
   </div>
   <div class='ocr_carea' id='block_1_9' title="bbox 587 1109 3880 1184">
    <p class='ocr_par' dir='ltr' id='par_1_9' title="bbox 587 1109 3880 1184">
     <span class='ocr_line' id='line_1_9' title="bbox 587 1109 3880 1184; baseline 0.001 -14"><span class='ocrx_word' id='word_1_107' title='bbox 587 1114 900 1184; x_wconf 86' lang='lat' dir='ltr'><strong>temporalia</strong></span> <span class='ocrx_word' id='word_1_108' title='bbox 924 1113 1063 1167; x_wconf 90' lang='lat' dir='ltr'><strong>bona</strong></span> <span class='ocrx_word' id='word_1_109' title='bbox 1091 1111 1416 1184; x_wconf 89' lang='lat' dir='ltr'><strong>signiﬁcant,</strong></span> <span class='ocrx_word' id='word_1_110' title='bbox 1445 1110 1661 1167; x_wconf 67' lang='lat' dir='ltr'><strong>aeternis</strong></span> <span class='ocrx_word' id='word_1_111' title='bbox 1703 1109 2070 1166; x_wconf 86' lang='lat' dir='ltr'><strong>accommodet</strong></span> <span class='ocrx_word' id='word_1_112' title='bbox 2098 1127 2109 1164; x_wconf 92' lang='lat'><strong>:</strong></span> <span class='ocrx_word' id='word_1_113' title='bbox 2139 1124 2258 1181; x_wconf 68' lang='lat' dir='ltr'><strong>quae</strong></span> <span class='ocrx_word' id='word_1_114' title='bbox 2305 1109 2372 1166; x_wconf 92' lang='lat' dir='ltr'><strong>de</strong></span> <span class='ocrx_word' id='word_1_115' title='bbox 2395 1110 2648 1166; x_wconf 81' lang='lat' dir='ltr'><strong>exteriori</strong></span> <span class='ocrx_word' id='word_1_116' title='bbox 2677 1110 2932 1166; x_wconf 82' lang='lat' dir='ltr'><strong>virtutum</strong></span> <span class='ocrx_word' id='word_1_117' title='bbox 2977 1111 3232 1167; x_wconf 82' lang='lat' dir='ltr'><strong>exercitio</strong></span> <span class='ocrx_word' id='word_1_118' title='bbox 3261 1112 3674 1184; x_wconf 72' lang='lat' dir='ltr'><strong>praecipiuntur,</strong></span> <span class='ocrx_word' id='word_1_119' title='bbox 3697 1115 3764 1170; x_wconf 87' lang='lat' dir='ltr'><strong>ad</strong></span> <span class='ocrx_word' id='word_1_120' title='bbox 3796 1117 3880 1173; x_wconf 92' lang='lat' dir='ltr'><strong>in-</strong></span> 
     </span>
    </p>
   </div>
   <div class='ocr_carea' id='block_1_10' title="bbox 587 1199 3870 1276">
    <p class='ocr_par' dir='ltr' id='par_1_10' title="bbox 587 1199 3870 1276">
     <span class='ocr_line' id='line_1_10' title="bbox 587 1199 3870 1276; baseline 0.002 -17"><span class='ocrx_word' id='word_1_121' title='bbox 587 1207 842 1267; x_wconf 88' lang='lat' dir='ltr'><strong>teriorem</strong></span> <span class='ocrx_word' id='word_1_122' title='bbox 889 1204 1137 1273; x_wconf 83' lang='lat' dir='ltr'><strong>pietatem</strong></span> <span class='ocrx_word' id='word_1_123' title='bbox 1177 1201 1503 1258; x_wconf 81' lang='lat' dir='ltr'><strong>transferat:</strong></span> <span class='ocrx_word' id='word_1_124' title='bbox 1544 1201 1758 1258; x_wconf 91' lang='lat' dir='ltr'><strong>demum</strong></span> <span class='ocrx_word' id='word_1_125' title='bbox 1811 1200 2133 1271; x_wconf 89' lang='lat' dir='ltr'><strong>ubicumque</strong></span> <span class='ocrx_word' id='word_1_126' title='bbox 2177 1200 2400 1269; x_wconf 89' lang='lat' dir='ltr'><strong>templi,</strong></span> <span class='ocrx_word' id='word_1_127' title='bbox 2449 1199 2762 1256; x_wconf 88' lang='lat' dir='ltr'><strong>elevationis</strong></span> <span class='ocrx_word' id='word_1_128' title='bbox 2807 1201 3128 1271; x_wconf 89' lang='lat' dir='ltr'><strong>oculorum,</strong></span> <span class='ocrx_word' id='word_1_129' title='bbox 3173 1203 3682 1274; x_wconf 90' lang='lat' dir='ltr'><strong>clamoris,cantici</strong></span> <span class='ocrx_word' id='word_1_130' title='bbox 3709 1211 3870 1276; x_wconf 90' lang='lat' dir='ltr'><strong>novi,</strong></span> 
     </span>
    </p>
   </div>
   <div class='ocr_carea' id='block_1_11' title="bbox 589 1291 3881 1374">
    <p class='ocr_par' dir='ltr' id='par_1_11' title="bbox 589 1291 3881 1374">
     <span class='ocr_line' id='line_1_11' title="bbox 589 1291 3881 1374; baseline 0.002 -23"><span class='ocrx_word' id='word_1_131' title='bbox 589 1296 766 1352; x_wconf 88' lang='lat' dir='ltr'><strong>laudis</strong></span> <span class='ocrx_word' id='word_1_132' title='bbox 786 1295 986 1351; x_wconf 90' lang='lat' dir='ltr'><strong>mentio</strong></span> <span class='ocrx_word' id='word_1_133' title='bbox 1014 1294 1104 1363; x_wconf 91' lang='lat' dir='ltr'><strong>ﬁt,</strong></span> <span class='ocrx_word' id='word_1_134' title='bbox 1133 1309 1231 1350; x_wconf 92' lang='lat' dir='ltr'><strong>nos</strong></span> <span class='ocrx_word' id='word_1_135' title='bbox 1254 1293 1377 1350; x_wconf 92' lang='lat' dir='ltr'><strong>inde</strong></span> <span class='ocrx_word' id='word_1_136' title='bbox 1397 1293 1466 1350; x_wconf 88' lang='lat' dir='ltr'><strong>ad</strong></span> <span class='ocrx_word' id='word_1_137' title='bbox 1493 1295 1686 1350; x_wconf 91' lang='lat' dir='ltr'><strong>mentis</strong></span> <span class='ocrx_word' id='word_1_138' title='bbox 1710 1303 1765 1349; x_wconf 90' lang='lat' dir='ltr'><strong>et</strong></span> <span class='ocrx_word' id='word_1_139' title='bbox 1783 1291 1959 1350; x_wconf 85' lang='lat' dir='ltr'><strong>cordis</strong></span> <span class='ocrx_word' id='word_1_140' title='bbox 1985 1291 2294 1349; x_wconf 83' lang='lat' dir='ltr'><strong>all‘cctiones</strong></span> <span class='ocrx_word' id='word_1_141' title='bbox 2323 1307 2386 1349; x_wconf 93' lang='lat' dir='ltr'><strong>ac</strong></span> <span class='ocrx_word' id='word_1_142' title='bbox 2413 1303 2613 1360; x_wconf 87' lang='lat' dir='ltr'><strong>motus,</strong></span> <span class='ocrx_word' id='word_1_143' title='bbox 2633 1291 2702 1349; x_wconf 89' lang='lat' dir='ltr'><strong>ad</strong></span> <span class='ocrx_word' id='word_1_144' title='bbox 2732 1293 2893 1349; x_wconf 86' lang='lat' dir='ltr'><strong>vitam</strong></span> <span class='ocrx_word' id='word_1_145' title='bbox 2929 1309 3143 1364; x_wconf 87' lang='lat' dir='ltr'><strong>novam,</strong></span> <span class='ocrx_word' id='word_1_146' title='bbox 3171 1311 3381 1354; x_wconf 88' lang='lat' dir='ltr'><strong>necnon</strong></span> <span class='ocrx_word' id='word_1_147' title='bbox 3413 1298 3481 1354; x_wconf 90' lang='lat' dir='ltr'><strong>ad</strong></span> <span class='ocrx_word' id='word_1_148' title='bbox 3510 1313 3732 1370; x_wconf 90' lang='lat' dir='ltr'><strong>operum</strong></span> <span class='ocrx_word' id='word_1_149' title='bbox 3756 1318 3881 1374; x_wconf 77' lang='lat' dir='ltr'><strong>qua:</strong></span> 
     </span>
    </p>
   </div>
   <div class='ocr_carea' id='block_1_12' title="bbox 585 1385 2298 1458">
    <p class='ocr_par' dir='ltr' id='par_1_12' title="bbox 585 1385 2298 1458">
     <span class='ocr_line' id='line_1_12' title="bbox 585 1385 2298 1458; baseline -0.002 -15"><span class='ocrx_word' id='word_1_150' title='bbox 585 1389 732 1444; x_wconf 89' lang='lat' dir='ltr'><strong>Deus</strong></span> <span class='ocrx_word' id='word_1_151' title='bbox 752 1387 804 1442; x_wconf 93' lang='lat' dir='ltr'><strong>iu</strong></span> <span class='ocrx_word' id='word_1_152' title='bbox 835 1403 984 1442; x_wconf 92' lang='lat' dir='ltr'><strong>suam</strong></span> <span class='ocrx_word' id='word_1_153' title='bbox 1007 1387 1229 1458; x_wconf 83' lang='lat' dir='ltr'><strong>gloriam</strong></span> <span class='ocrx_word' id='word_1_154' title='bbox 1255 1385 1448 1443; x_wconf 89' lang='lat' dir='ltr'><strong>cedere</strong></span> <span class='ocrx_word' id='word_1_155' title='bbox 1468 1385 1640 1457; x_wconf 87' lang='lat' dir='ltr'><strong>jubet,</strong></span> <span class='ocrx_word' id='word_1_156' title='bbox 1669 1386 2003 1442; x_wconf 87' lang='lat' dir='ltr'><strong>sanctitatem</strong></span> <span class='ocrx_word' id='word_1_157' title='bbox 2036 1385 2298 1442; x_wconf 85' lang='lat' dir='ltr'><strong>traducat.</strong></span> 
     </span>
    </p>
   </div>
   <div class='ocr_carea' id='block_1_13' title="bbox 659 1477 3883 1555">
    <p class='ocr_par' dir='ltr' id='par_1_13' title="bbox 659 1477 3883 1555">
     <span class='ocr_line' id='line_1_13' title="bbox 659 1477 3883 1555; baseline 0.002 -16"><span class='ocrx_word' id='word_1_158' title='bbox 659 1482 730 1539; x_wconf 87' lang='lat' dir='ltr'><strong>Ut</strong></span> <span class='ocrx_word' id='word_1_159' title='bbox 755 1481 1146 1553; x_wconf 77' lang='lat' dir='ltr'><strong>expeditiorem</strong></span> <span class='ocrx_word' id='word_1_160' title='bbox 1189 1481 1342 1537; x_wconf 91' lang='lat' dir='ltr'><strong>nobis</strong></span> <span class='ocrx_word' id='word_1_161' title='bbox 1368 1481 1570 1536; x_wconf 89' lang='lat' dir='ltr'><strong>aditum</strong></span> <span class='ocrx_word' id='word_1_162' title='bbox 1621 1479 1687 1535; x_wconf 90' lang='lat' dir='ltr'><strong>ad</strong></span> <span class='ocrx_word' id='word_1_163' title='bbox 1717 1494 1906 1534; x_wconf 88' lang='lat' dir='ltr'><strong>sensus</strong></span> <span class='ocrx_word' id='word_1_164' title='bbox 1959 1477 2081 1533; x_wconf 92' lang='lat' dir='ltr'><strong>illos</strong></span> <span class='ocrx_word' id='word_1_165' title='bbox 2119 1477 2452 1536; x_wconf 75' lang='lat' dir='ltr'><strong>insinuanda:</strong></span> <span class='ocrx_word' id='word_1_166' title='bbox 2493 1478 2678 1550; x_wconf 88' lang='lat' dir='ltr'><strong>pietati</strong></span> <span class='ocrx_word' id='word_1_167' title='bbox 2725 1478 2860 1536; x_wconf 88' lang='lat' dir='ltr'><strong>adeo</strong></span> <span class='ocrx_word' id='word_1_168' title='bbox 2905 1480 3273 1538; x_wconf 86' lang='lat' dir='ltr'><strong>conducibiles</strong></span> <span class='ocrx_word' id='word_1_169' title='bbox 3314 1495 3554 1555; x_wconf 88' lang='lat' dir='ltr'><strong>pararet,</strong></span> <span class='ocrx_word' id='word_1_170' title='bbox 3595 1486 3734 1542; x_wconf 89' lang='lat' dir='ltr'><strong>viam</strong></span> <span class='ocrx_word' id='word_1_171' title='bbox 3766 1503 3883 1546; x_wconf 88' lang='lat' dir='ltr'><strong>non</strong></span> 
     </span>
    </p>
   </div>
   <div class='ocr_carea' id='block_1_14' title="bbox 585 1571 3883 1648">
    <p class='ocr_par' dir='ltr' id='par_1_14' title="bbox 585 1571 3883 1648">
     <span class='ocr_line' id='line_1_14' title="bbox 585 1571 3883 1648; baseline 0.002 -17"><span class='ocrx_word' id='word_1_172' title='bbox 585 1575 911 1647; x_wconf 90' lang='lat' dir='ltr'><strong>potuitinire</strong></span> <span class='ocrx_word' id='word_1_173' title='bbox 937 1575 1154 1644; x_wconf 87' lang='lat' dir='ltr'><strong>majoris</strong></span> <span class='ocrx_word' id='word_1_174' title='bbox 1195 1573 1528 1644; x_wconf 91' lang='lat' dir='ltr'><strong>compendii,</strong></span> <span class='ocrx_word' id='word_1_175' title='bbox 1556 1589 1714 1644; x_wconf 91' lang='lat' dir='ltr'><strong>quam</strong></span> <span class='ocrx_word' id='word_1_176' title='bbox 1753 1573 1798 1628; x_wconf 90' lang='lat' dir='ltr'><strong>si</strong></span> <span class='ocrx_word' id='word_1_177' title='bbox 1822 1573 2125 1643; x_wconf 89' lang='lat' dir='ltr'><strong>loquentem</strong></span> <span class='ocrx_word' id='word_1_178' title='bbox 2173 1572 2388 1628; x_wconf 88' lang='lat' dir='ltr'><strong>Davidis</strong></span> <span class='ocrx_word' id='word_1_179' title='bbox 2421 1587 2514 1628; x_wconf 90' lang='lat' dir='ltr'><strong>ore</strong></span> <span class='ocrx_word' id='word_1_180' title='bbox 2553 1572 2836 1627; x_wconf 90' lang='lat' dir='ltr'><strong>Dominum</strong></span> <span class='ocrx_word' id='word_1_181' title='bbox 2878 1571 3060 1630; x_wconf 86' lang='lat' dir='ltr'><strong>Jesum</strong></span> <span class='ocrx_word' id='word_1_182' title='bbox 3108 1575 3418 1642; x_wconf 87' lang='lat' dir='ltr'><strong>induceret,</strong></span> <span class='ocrx_word' id='word_1_183' title='bbox 3449 1587 3604 1648; x_wconf 91' lang='lat' dir='ltr'><strong>prout</strong></span> <span class='ocrx_word' id='word_1_184' title='bbox 3645 1580 3721 1634; x_wconf 91' lang='lat' dir='ltr'><strong>illi</strong></span> <span class='ocrx_word' id='word_1_185' title='bbox 3750 1595 3883 1636; x_wconf 90' lang='lat' dir='ltr'><strong>cum</strong></span> 
     </span>
    </p>
   </div>
   <div class='ocr_carea' id='block_1_15' title="bbox 585 1664 3887 1742">
    <p class='ocr_par' dir='ltr' id='par_1_15' title="bbox 585 1664 3887 1742">
     <span class='ocr_line' id='line_1_15' title="bbox 585 1664 3887 1742; baseline 0.002 -18"><span class='ocrx_word' id='word_1_186' title='bbox 585 1669 841 1724; x_wconf 79' lang='lat' dir='ltr'><strong>Veterum</strong></span> <span class='ocrx_word' id='word_1_187' title='bbox 870 1683 997 1722; x_wconf 92' lang='lat' dir='ltr'><strong>usus</strong></span> <span class='ocrx_word' id='word_1_188' title='bbox 1016 1708 1031 1733; x_wconf 92' lang='lat'><strong>,</strong></span> <span class='ocrx_word' id='word_1_189' title='bbox 1062 1676 1174 1722; x_wconf 90' lang='lat' dir='ltr'><strong>tum</strong></span> <span class='ocrx_word' id='word_1_190' title='bbox 1202 1667 1286 1722; x_wconf 87' lang='lat' dir='ltr'><strong>vel</strong></span> <span class='ocrx_word' id='word_1_191' title='bbox 1311 1667 1541 1722; x_wconf 77' lang='lat' dir='ltr'><strong>maxime</strong></span> <span class='ocrx_word' id='word_1_192' title='bbox 1566 1667 1920 1737; x_wconf 91' lang='lat' dir='ltr'><strong>quorumdam</strong></span> <span class='ocrx_word' id='word_1_193' title='bbox 1948 1667 2190 1721; x_wconf 90' lang='lat' dir='ltr'><strong>locorum</strong></span> <span class='ocrx_word' id='word_1_194' title='bbox 2221 1683 2252 1722; x_wconf 87' lang='lat' dir='ltr'><strong>e</strong></span> <span class='ocrx_word' id='word_1_195' title='bbox 2279 1665 2508 1721; x_wconf 89' lang='lat' dir='ltr'><strong>Psalmis</strong></span> <span class='ocrx_word' id='word_1_196' title='bbox 2546 1666 2596 1720; x_wconf 91' lang='lat' dir='ltr'><strong>in</strong></span> <span class='ocrx_word' id='word_1_197' title='bbox 2622 1664 2773 1721; x_wconf 90' lang='lat' dir='ltr'><strong>Novo</strong></span> <span class='ocrx_word' id='word_1_198' title='bbox 2797 1665 3143 1723; x_wconf 86' lang='lat' dir='ltr'><strong>Testamento</strong></span> <span class='ocrx_word' id='word_1_199' title='bbox 3174 1666 3308 1723; x_wconf 80' lang='lat' dir='ltr'><strong>facta</strong></span> <span class='ocrx_word' id='word_1_200' title='bbox 3343 1669 3713 1740; x_wconf 89' lang='lat' dir='ltr'><strong>interpretatio</strong></span> <span class='ocrx_word' id='word_1_201' title='bbox 3742 1690 3887 1742; x_wconf 72' lang='lat' dir='ltr'><strong>pra:-</strong></span> 
     </span>
    </p>
   </div>
   <div class='ocr_carea' id='block_1_16' title="bbox 585 1758 3885 1834">
    <p class='ocr_par' dir='ltr' id='par_1_16' title="bbox 585 1758 3885 1834">
     <span class='ocr_line' id='line_1_16' title="bbox 585 1758 3885 1834; baseline 0.001 -16"><span class='ocrx_word' id='word_1_202' title='bbox 585 1761 910 1818; x_wconf 85' lang='lat' dir='ltr'><strong>scribebant.</strong></span> <span class='ocrx_word' id='word_1_203' title='bbox 940 1759 1297 1816; x_wconf 88' lang='lat' dir='ltr'><strong>Tertullianus</strong></span> <span class='ocrx_word' id='word_1_204' title='bbox 1338 1761 1391 1814; x_wconf 89' lang='lat' dir='ltr'><strong>in</strong></span> <span class='ocrx_word' id='word_1_205' title='bbox 1432 1759 1571 1814; x_wconf 88' lang='lat' dir='ltr'><strong>libro</strong></span> <span class='ocrx_word' id='word_1_206' title='bbox 1599 1760 1853 1815; x_wconf 88' lang='lat' dir='ltr'><strong>adversus</strong></span> <span class='ocrx_word' id='word_1_207' title='bbox 1881 1759 2142 1815; x_wconf 82' lang='lat' dir='ltr'><strong>Praxeam</strong></span> <span class='ocrx_word' id='word_1_208' title='bbox 2165 1758 2350 1815; x_wconf 91' lang='lat' dir='ltr'><strong>scribit</strong></span> <span class='ocrx_word' id='word_1_209' title='bbox 2381 1776 2394 1812; x_wconf 91' lang='lat'><strong>:</strong></span> <span class='ocrx_word' id='word_1_210' title='bbox 2430 1758 2536 1815; x_wconf 97' lang='lat' dir='ltr'><strong>Sed</strong></span> <span class='ocrx_word' id='word_1_211' title='bbox 2573 1769 2620 1815; x_wconf 87' lang='lat' dir='ltr'><strong>et</strong></span> <span class='ocrx_word' id='word_1_212' title='bbox 2649 1776 2820 1815; x_wconf 88' lang='lat' dir='ltr'><strong>omnes</strong></span> <span class='ocrx_word' id='word_1_213' title='bbox 2865 1777 2996 1831; x_wconf 87' lang='lat' dir='ltr'><strong>pene</strong></span> <span class='ocrx_word' id='word_1_214' title='bbox 3027 1759 3225 1817; x_wconf 85' lang='lat' dir='ltr'><strong>Psalmi</strong></span> <span class='ocrx_word' id='word_1_215' title='bbox 3247 1760 3438 1818; x_wconf 85' lang='lat' dir='ltr'><strong>Christi</strong></span> <span class='ocrx_word' id='word_1_216' title='bbox 3463 1781 3732 1834; x_wconf 75' lang='lat' dir='ltr'><strong>personam</strong></span> <span class='ocrx_word' id='word_1_217' title='bbox 3757 1784 3885 1822; x_wconf 86' lang='lat' dir='ltr'><strong>sus-</strong></span> 
     </span>
    </p>
   </div>
   <div class='ocr_carea' id='block_1_17' title="bbox 587 1853 3884 1936">
    <p class='ocr_par' dir='ltr' id='par_1_17' title="bbox 587 1853 3884 1936">
     <span class='ocr_line' id='line_1_17' title="bbox 587 1853 3884 1936; baseline 0.004 -27"><span class='ocrx_word' id='word_1_218' title='bbox 587 1858 779 1922; x_wconf 81' lang='lat' dir='ltr'><strong>tinent,</strong></span> <span class='ocrx_word' id='word_1_219' title='bbox 812 1854 1005 1909; x_wconf 89' lang='lat' dir='ltr'><strong>Filium</strong></span> <span class='ocrx_word' id='word_1_220' title='bbox 1030 1854 1096 1907; x_wconf 92' lang='lat' dir='ltr'><strong>ad</strong></span> <span class='ocrx_word' id='word_1_221' title='bbox 1121 1853 1351 1920; x_wconf 85' lang='lat' dir='ltr'><strong>Patrem,</strong></span> <span class='ocrx_word' id='word_1_222' title='bbox 1383 1855 1436 1908; x_wconf 91' lang='lat' dir='ltr'><strong>id</strong></span> <span class='ocrx_word' id='word_1_223' title='bbox 1463 1863 1536 1908; x_wconf 89' lang='lat' dir='ltr'><strong>est</strong></span> <span class='ocrx_word' id='word_1_224' title='bbox 1566 1854 1822 1908; x_wconf 71' lang='lat' dir='ltr'><strong>Christum</strong></span> <span class='ocrx_word' id='word_1_225' title='bbox 1845 1855 1913 1908; x_wconf 87' lang='lat' dir='ltr'><strong>ad</strong></span> <span class='ocrx_word' id='word_1_226' title='bbox 1953 1853 2114 1909; x_wconf 89' lang='lat' dir='ltr'><strong>Deum</strong></span> <span class='ocrx_word' id='word_1_227' title='bbox 2153 1855 2300 1910; x_wconf 80' lang='lat' dir='ltr'><strong>verba</strong></span> <span class='ocrx_word' id='word_1_228' title='bbox 2326 1856 2591 1925; x_wconf 80' lang='lat' dir='ltr'><strong>facientem</strong></span> <span class='ocrx_word' id='word_1_229' title='bbox 2628 1866 2988 1927; x_wconf 77' lang='lat' dir='ltr'><strong>reprwsentant</strong></span> <span class='ocrx_word' id='word_1_230' title='bbox 3017 1857 3178 1930; x_wconf 85' lang='lat' dir='ltr'><strong>(Cap.</strong></span> <span class='ocrx_word' id='word_1_231' title='bbox 3211 1860 3268 1914; x_wconf 82' lang='grc' dir='ltr'>Η</span> <span class='ocrx_word' id='word_1_232' title='bbox 3291 1859 3332 1930; x_wconf 91' lang='grc'><strong>).</strong></span> <span class='ocrx_word' id='word_1_233' title='bbox 3363 1861 3722 1934; x_wconf 86' lang='lat' dir='ltr'><strong>Hieronymus</strong></span> <span class='ocrx_word' id='word_1_234' title='bbox 3758 1865 3884 1936; x_wconf 88' lang='lat' dir='ltr'><strong>cpi-</strong></span> 
     </span>
    </p>
   </div>
   <div class='ocr_carea' id='block_1_18' title="bbox 586 1947 3882 2026">
    <p class='ocr_par' dir='ltr' id='par_1_18' title="bbox 586 1947 3882 2026">
     <span class='ocr_line' id='line_1_18' title="bbox 586 1947 3882 2026; baseline 0.003 -23"><span class='ocrx_word' id='word_1_235' title='bbox 586 1951 724 2004; x_wconf 88' lang='lat' dir='ltr'><strong>stola</strong></span> <span class='ocrx_word' id='word_1_236' title='bbox 757 1949 823 2004; x_wconf 91' lang='lat' dir='ltr'><strong>ad</strong></span> <span class='ocrx_word' id='word_1_237' title='bbox 863 1949 1140 2004; x_wconf 87' lang='lat' dir='ltr'><strong>Paulinum</strong></span> <span class='ocrx_word' id='word_1_238' title='bbox 1171 1967 1185 2004; x_wconf 90' lang='lat'><strong>:</strong></span> <span class='ocrx_word' id='word_1_239' title='bbox 1213 1948 1380 2002; x_wconf 81' lang='lat' dir='ltr'><strong>David</strong></span> <span class='ocrx_word' id='word_1_240' title='bbox 1419 1948 1707 2003; x_wconf 81' lang='lat' dir='ltr'><strong>Simonides</strong></span> <span class='ocrx_word' id='word_1_241' title='bbox 1734 1958 1921 2016; x_wconf 87' lang='lat' dir='ltr'><strong>noster,</strong></span> <span class='ocrx_word' id='word_1_242' title='bbox 1960 1947 2221 2003; x_wconf 82' lang='lat' dir='ltr'><strong>Pindarus</strong></span> <span class='ocrx_word' id='word_1_243' title='bbox 2256 1959 2306 2004; x_wconf 85' lang='lat' dir='ltr'><strong>et</strong></span> <span class='ocrx_word' id='word_1_244' title='bbox 2340 1949 2574 2016; x_wconf 73' lang='lat' dir='ltr'><strong>Alcazus,</strong></span> <span class='ocrx_word' id='word_1_245' title='bbox 2603 1949 2824 2005; x_wconf 83' lang='lat' dir='ltr'><strong>Flaccus</strong></span> <span class='ocrx_word' id='word_1_246' title='bbox 2861 1967 3088 2023; x_wconf 89' lang='lat' dir='ltr'><strong>quoque,</strong></span> <span class='ocrx_word' id='word_1_247' title='bbox 3133 1950 3376 2018; x_wconf 77' lang='lat' dir='ltr'><strong>Catulus,</strong></span> <span class='ocrx_word' id='word_1_248' title='bbox 3421 1963 3571 2026; x_wconf 84' lang='lat' dir='ltr'><strong>atque</strong></span> <span class='ocrx_word' id='word_1_249' title='bbox 3611 1957 3837 2012; x_wconf 83' lang='lat' dir='ltr'><strong>Serenus</strong></span> <span class='ocrx_word' id='word_1_250' title='bbox 3860 2000 3882 2025; x_wconf 87' lang='lat'><strong>,</strong></span> 
     </span>
    </p>
   </div>
   <div class='ocr_carea' id='block_1_19' title="bbox 587 2037 3880 2119">
    <p class='ocr_par' dir='ltr' id='par_1_19' title="bbox 587 2037 3880 2119">
     <span class='ocr_line' id='line_1_19' title="bbox 587 2037 3880 2119; baseline 0.002 -23"><span class='ocrx_word' id='word_1_251' title='bbox 587 2037 848 2096; x_wconf 84' lang='lat' dir='ltr'><strong>Christum</strong></span> <span class='ocrx_word' id='word_1_252' title='bbox 875 2042 988 2110; x_wconf 83' lang='lat' dir='ltr'><strong>lyra</strong></span> <span class='ocrx_word' id='word_1_253' title='bbox 1031 2048 1264 2110; x_wconf 83' lang='lat' dir='ltr'><strong>personat</strong></span> <span class='ocrx_word' id='word_1_254' title='bbox 1290 2037 1480 2110; x_wconf 85' lang='lat' dir='ltr'><strong>(Epist.</strong></span> <span class='ocrx_word' id='word_1_255' title='bbox 1511 2039 1655 2109; x_wconf 79' lang='grc'>105).</span> <span class='ocrx_word' id='word_1_256' title='bbox 1686 2039 1914 2094; x_wconf 90' lang='lat' dir='ltr'><strong>Hilarius</strong></span> <span class='ocrx_word' id='word_1_257' title='bbox 1936 2054 2062 2094; x_wconf 86' lang='lat' dir='ltr'><strong>vero</strong></span> <span class='ocrx_word' id='word_1_258' title='bbox 2111 2040 2166 2094; x_wconf 90' lang='lat' dir='ltr'><strong>in</strong></span> <span class='ocrx_word' id='word_1_259' title='bbox 2215 2039 2432 2111; x_wconf 85' lang='lat' dir='ltr'><strong>prologo</strong></span> <span class='ocrx_word' id='word_1_260' title='bbox 2478 2056 2574 2096; x_wconf 92' lang='lat' dir='ltr'><strong>suo</strong></span> <span class='ocrx_word' id='word_1_261' title='bbox 2601 2041 2666 2096; x_wconf 90' lang='lat' dir='ltr'><strong>ad</strong></span> <span class='ocrx_word' id='word_1_262' title='bbox 2694 2041 2936 2096; x_wconf 86' lang='lat' dir='ltr'><strong>Psalmos</strong></span> <span class='ocrx_word' id='word_1_263' title='bbox 2975 2041 3028 2097; x_wconf 88' lang='lat' dir='ltr'><strong>id</strong></span> <span class='ocrx_word' id='word_1_264' title='bbox 3071 2042 3241 2112; x_wconf 90' lang='lat' dir='ltr'><strong>ipsum</strong></span> <span class='ocrx_word' id='word_1_265' title='bbox 3273 2043 3454 2100; x_wconf 89' lang='lat' dir='ltr'><strong>multis</strong></span> <span class='ocrx_word' id='word_1_266' title='bbox 3491 2050 3880 2119; x_wconf 87' lang='lat' dir='ltr'><strong>prosequitur,</strong></span> 
     </span>
    </p>
   </div>
   <div class='ocr_carea' id='block_1_20' title="bbox 585 2132 3861 2210">
    <p class='ocr_par' dir='ltr' id='par_1_20' title="bbox 585 2132 3861 2210">
     <span class='ocr_line' id='line_1_20' title="bbox 585 2132 3861 2210; baseline 0.003 -22"><span class='ocrx_word' id='word_1_267' title='bbox 585 2133 767 2204; x_wconf 87' lang='lat' dir='ltr'><strong>ibique</strong></span> <span class='ocrx_word' id='word_1_268' title='bbox 789 2133 1060 2188; x_wconf 90' lang='lat' dir='ltr'><strong>contendit</strong></span> <span class='ocrx_word' id='word_1_269' title='bbox 1086 2132 1324 2188; x_wconf 90' lang='lat' dir='ltr'><strong>Psalmos</strong></span> <span class='ocrx_word' id='word_1_270' title='bbox 1357 2132 1637 2188; x_wconf 74' lang='lat' dir='ltr'><strong>universes</strong></span> <span class='ocrx_word' id='word_1_271' title='bbox 1657 2133 1940 2204; x_wconf 85' lang='lat' dir='ltr'><strong>allegoricis</strong></span> <span class='ocrx_word' id='word_1_272' title='bbox 1968 2142 2013 2187; x_wconf 91' lang='lat' dir='ltr'><strong>et</strong></span> <span class='ocrx_word' id='word_1_273' title='bbox 2043 2133 2224 2204; x_wconf 84' lang='lat' dir='ltr'><strong>typicis</strong></span> <span class='ocrx_word' id='word_1_274' title='bbox 2250 2142 2508 2188; x_wconf 77' lang='lat' dir='ltr'><strong>contextus</strong></span> <span class='ocrx_word' id='word_1_275' title='bbox 2538 2149 2643 2188; x_wconf 88' lang='lat' dir='ltr'><strong>esse</strong></span> <span class='ocrx_word' id='word_1_276' title='bbox 2662 2135 2925 2189; x_wconf 85' lang='lat' dir='ltr'><strong>virtutibus</strong></span> <span class='ocrx_word' id='word_1_277' title='bbox 2946 2177 2961 2201; x_wconf 91' lang='lat'><strong>,</strong></span> <span class='ocrx_word' id='word_1_278' title='bbox 2989 2150 3109 2206; x_wconf 70' lang='lat' dir='ltr'><strong>qua:</strong></span> <span class='ocrx_word' id='word_1_279' title='bbox 3129 2134 3197 2191; x_wconf 87' lang='lat' dir='ltr'><strong>ad</strong></span> <span class='ocrx_word' id='word_1_280' title='bbox 3221 2134 3493 2193; x_wconf 87' lang='lat' dir='ltr'><strong>Christum</strong></span> <span class='ocrx_word' id='word_1_281' title='bbox 3520 2142 3861 2210; x_wconf 83' lang='lat' dir='ltr'><strong>pertineant;</strong></span> 
     </span>
    </p>
   </div>
   <div class='ocr_carea' id='block_1_21' title="bbox 583 2223 3878 2296">
    <p class='ocr_par' dir='ltr' id='par_1_21' title="bbox 583 2223 3878 2296">
     <span class='ocr_line' id='line_1_21' title="bbox 583 2223 3878 2296; baseline 0.004 -16"><span class='ocrx_word' id='word_1_282' title='bbox 583 2224 702 2293; x_wconf 87' lang='lat' dir='ltr'><strong>ejus</strong></span> <span class='ocrx_word' id='word_1_283' title='bbox 740 2223 1052 2288; x_wconf 88' lang='lat' dir='ltr'><strong>adventum,</strong></span> <span class='ocrx_word' id='word_1_284' title='bbox 1077 2224 1532 2288; x_wconf 88' lang='lat' dir='ltr'><strong>incarnationem,</strong></span> <span class='ocrx_word' id='word_1_285' title='bbox 1586 2224 2393 2294; x_wconf 88' lang='lat' dir='ltr'><strong>passionem,resurrectionem</strong></span> <span class='ocrx_word' id='word_1_286' title='bbox 2441 2225 2672 2296; x_wconf 91' lang='lat' dir='ltr'><strong>denique</strong></span> <span class='ocrx_word' id='word_1_287' title='bbox 2716 2241 2779 2280; x_wconf 91' lang='lat' dir='ltr'><strong>ac</strong></span> <span class='ocrx_word' id='word_1_288' title='bbox 2799 2226 3060 2296; x_wconf 89' lang='lat' dir='ltr'><strong>judicium</strong></span> <span class='ocrx_word' id='word_1_289' title='bbox 3086 2268 3101 2294; x_wconf 95' lang='lat'><strong>,</strong></span> <span class='ocrx_word' id='word_1_290' title='bbox 3130 2229 3406 2285; x_wconf 88' lang='lat' dir='ltr'><strong>materiam</strong></span> <span class='ocrx_word' id='word_1_291' title='bbox 3449 2246 3663 2288; x_wconf 91' lang='lat' dir='ltr'><strong>omnem</strong></span> <span class='ocrx_word' id='word_1_292' title='bbox 3705 2238 3878 2293; x_wconf 91' lang='lat' dir='ltr'><strong>sacris</strong></span> 
     </span>
    </p>
   </div>
   <div class='ocr_carea' id='block_1_22' title="bbox 587 2314 3878 2400">
    <p class='ocr_par' dir='ltr' id='par_1_22' title="bbox 587 2314 3878 2400">
     <span class='ocr_line' id='line_1_22' title="bbox 587 2314 3878 2400; baseline 0.005 -30"><span class='ocrx_word' id='word_1_293' title='bbox 587 2314 737 2372; x_wconf 88' lang='lat' dir='ltr'><strong>hisce</strong></span> <span class='ocrx_word' id='word_1_294' title='bbox 759 2315 995 2372; x_wconf 90' lang='lat' dir='ltr'><strong>Canticis</strong></span> <span class='ocrx_word' id='word_1_295' title='bbox 1023 2315 1392 2385; x_wconf 86' lang='lat' dir='ltr'><strong>suppeditare;</strong></span> <span class='ocrx_word' id='word_1_296' title='bbox 1423 2315 1734 2371; x_wconf 88' lang='lat' dir='ltr'><strong>eorumdem</strong></span> <span class='ocrx_word' id='word_1_297' title='bbox 1768 2315 2142 2386; x_wconf 90' lang='lat' dir='ltr'><strong>mysteriorum</strong></span> <span class='ocrx_word' id='word_1_298' title='bbox 2165 2316 2321 2372; x_wconf 92' lang='lat' dir='ltr'><strong>ﬁdem</strong></span> <span class='ocrx_word' id='word_1_299' title='bbox 2348 2316 2506 2372; x_wconf 84' lang='lat' dir='ltr'><strong>clavis</strong></span> <span class='ocrx_word' id='word_1_300' title='bbox 2533 2317 2811 2388; x_wconf 88' lang='lat' dir='ltr'><strong>cujusdam</strong></span> <span class='ocrx_word' id='word_1_301' title='bbox 2840 2319 3005 2374; x_wconf 88' lang='lat' dir='ltr'><strong>veluti</strong></span> <span class='ocrx_word' id='word_1_302' title='bbox 3034 2321 3151 2375; x_wconf 88' lang='lat' dir='ltr'><strong>vice</strong></span> <span class='ocrx_word' id='word_1_303' title='bbox 3179 2319 3325 2392; x_wconf 80' lang='lat' dir='ltr'><strong>iungi</strong></span> <span class='ocrx_word' id='word_1_304' title='bbox 3349 2361 3364 2388; x_wconf 95' lang='lat'><strong>,</strong></span> <span class='ocrx_word' id='word_1_305' title='bbox 3397 2323 3512 2378; x_wconf 92' lang='lat' dir='ltr'><strong>sine</strong></span> <span class='ocrx_word' id='word_1_306' title='bbox 3537 2325 3689 2396; x_wconf 88' lang='lat' dir='ltr'><strong>cujus</strong></span> <span class='ocrx_word' id='word_1_307' title='bbox 3711 2343 3878 2400; x_wconf 80' lang='lat' dir='ltr'><strong>opera</strong></span> 
     </span>
    </p>
   </div>
   <div class='ocr_carea' id='block_1_23' title="bbox 583 2409 3865 2492">
    <p class='ocr_par' dir='ltr' id='par_1_23' title="bbox 583 2409 3865 2492">
     <span class='ocr_line' id='line_1_23' title="bbox 583 2409 3865 2492; baseline 0.003 -25"><span class='ocrx_word' id='word_1_308' title='bbox 583 2425 831 2467; x_wconf 90' lang='lat' dir='ltr'><strong>accessus</strong></span> <span class='ocrx_word' id='word_1_309' title='bbox 857 2411 923 2466; x_wconf 87' lang='lat' dir='ltr'><strong>ad</strong></span> <span class='ocrx_word' id='word_1_310' title='bbox 951 2410 1284 2466; x_wconf 90' lang='lat' dir='ltr'><strong>Psalmorum</strong></span> <span class='ocrx_word' id='word_1_311' title='bbox 1313 2411 1714 2480; x_wconf 80' lang='lat' dir='ltr'><strong>intelligentiam</strong></span> <span class='ocrx_word' id='word_1_312' title='bbox 1755 2410 1824 2465; x_wconf 89' lang='lat' dir='ltr'><strong>sit</strong></span> <span class='ocrx_word' id='word_1_313' title='bbox 1849 2409 2184 2466; x_wconf 88' lang='lat' dir='ltr'><strong>interclusus.</strong></span> <span class='ocrx_word' id='word_1_314' title='bbox 2219 2409 2276 2466; x_wconf 90' lang='lat' dir='ltr'><strong>ld</strong></span> <span class='ocrx_word' id='word_1_315' title='bbox 2319 2411 2566 2468; x_wconf 90' lang='lat' dir='ltr'><strong>similiter</strong></span> <span class='ocrx_word' id='word_1_316' title='bbox 2597 2412 2922 2482; x_wconf 83' lang='lat' dir='ltr'><strong>Augustinus</strong></span> <span class='ocrx_word' id='word_1_317' title='bbox 2961 2411 3016 2468; x_wconf 92' lang='lat' dir='ltr'><strong>in</strong></span> <span class='ocrx_word' id='word_1_318' title='bbox 3065 2413 3169 2469; x_wconf 90' lang='lat' dir='ltr'><strong>illis</strong></span> <span class='ocrx_word' id='word_1_319' title='bbox 3211 2415 3542 2483; x_wconf 83' lang='lat' dir='ltr'><strong>explicandis</strong></span> <span class='ocrx_word' id='word_1_320' title='bbox 3594 2433 3865 2492; x_wconf 88' lang='lat' dir='ltr'><strong>nunquam</strong></span> 
     </span>
    </p>
   </div>
   <div class='ocr_carea' id='block_1_24' title="bbox 583 2501 3872 2580">
    <p class='ocr_par' dir='ltr' id='par_1_24' title="bbox 583 2501 3872 2580">
     <span class='ocr_line' id='line_1_24' title="bbox 583 2501 3872 2580; baseline 0.003 -21"><span class='ocrx_word' id='word_1_321' title='bbox 583 2521 697 2561; x_wconf 90' lang='lat' dir='ltr'><strong>non</strong></span> <span class='ocrx_word' id='word_1_322' title='bbox 743 2505 1010 2570; x_wconf 88' lang='lat' dir='ltr'><strong>inculcat,</strong></span> <span class='ocrx_word' id='word_1_323' title='bbox 1038 2504 1278 2558; x_wconf 90' lang='lat' dir='ltr'><strong>utetiam</strong></span> <span class='ocrx_word' id='word_1_324' title='bbox 1307 2503 1421 2574; x_wconf 88' lang='lat' dir='ltr'><strong>ipse</strong></span> <span class='ocrx_word' id='word_1_325' title='bbox 1448 2517 1726 2558; x_wconf 89' lang='lat' dir='ltr'><strong>necessum</strong></span> <span class='ocrx_word' id='word_1_326' title='bbox 1754 2502 1944 2557; x_wconf 88' lang='lat' dir='ltr'><strong>habeat</strong></span> <span class='ocrx_word' id='word_1_327' title='bbox 1988 2501 2329 2573; x_wconf 86' lang='lat' dir='ltr'><strong>repetitiones</strong></span> <span class='ocrx_word' id='word_1_328' title='bbox 2372 2516 2498 2558; x_wconf 88' lang='lat' dir='ltr'><strong>suas</strong></span> <span class='ocrx_word' id='word_1_329' title='bbox 2539 2502 2804 2558; x_wconf 92' lang='lat' dir='ltr'><strong>interdum</strong></span> <span class='ocrx_word' id='word_1_330' title='bbox 2848 2517 3137 2573; x_wconf 73' lang='lat' dir='ltr'><strong>excursare,</strong></span> <span class='ocrx_word' id='word_1_331' title='bbox 3179 2506 3338 2576; x_wconf 85' lang='lat' dir='ltr'><strong>hujus</strong></span> <span class='ocrx_word' id='word_1_332' title='bbox 3372 2508 3568 2580; x_wconf 79' lang='lat' dir='ltr'><strong>regula:</strong></span> <span class='ocrx_word' id='word_1_333' title='bbox 3595 2511 3872 2570; x_wconf 77' lang='lat' dir='ltr'><strong>utilitatem</strong></span> 
     </span>
    </p>
   </div>
   <div class='ocr_carea' id='block_1_25' title="bbox 582 2592 3874 2668">
    <p class='ocr_par' dir='ltr' id='par_1_25' title="bbox 582 2592 3874 2668">
     <span class='ocr_line' id='line_1_25' title="bbox 582 2592 3874 2668; baseline 0.002 -15"><span class='ocrx_word' id='word_1_334' title='bbox 582 2611 798 2654; x_wconf 88' lang='lat' dir='ltr'><strong>necnon</strong></span> <span class='ocrx_word' id='word_1_335' title='bbox 844 2597 986 2652; x_wconf 92' lang='lat' dir='ltr'><strong>illius</strong></span> <span class='ocrx_word' id='word_1_336' title='bbox 1033 2595 1198 2666; x_wconf 89' lang='lat' dir='ltr'><strong>probe</strong></span> <span class='ocrx_word' id='word_1_337' title='bbox 1241 2594 1597 2666; x_wconf 70' lang='lat' dir='ltr'><strong>intelligenda:</strong></span> <span class='ocrx_word' id='word_1_338' title='bbox 1645 2595 2019 2650; x_wconf 88' lang='lat' dir='ltr'><strong>necessitatem</strong></span> <span class='ocrx_word' id='word_1_339' title='bbox 2072 2593 2124 2648; x_wconf 92' lang='lat' dir='ltr'><strong>in</strong></span> <span class='ocrx_word' id='word_1_340' title='bbox 2167 2593 2403 2648; x_wconf 89' lang='lat' dir='ltr'><strong>medium</strong></span> <span class='ocrx_word' id='word_1_341' title='bbox 2445 2592 2742 2664; x_wconf 83' lang='lat' dir='ltr'><strong>proferens.</strong></span> <span class='ocrx_word' id='word_1_342' title='bbox 2766 2594 2896 2663; x_wconf 88' lang='lat' dir='ltr'><strong>Ejus</strong></span> <span class='ocrx_word' id='word_1_343' title='bbox 2920 2595 2998 2650; x_wconf 89' lang='lat' dir='ltr'><strong>rei</strong></span> <span class='ocrx_word' id='word_1_344' title='bbox 3036 2605 3348 2666; x_wconf 89' lang='lat' dir='ltr'><strong>argumenta</strong></span> <span class='ocrx_word' id='word_1_345' title='bbox 3375 2598 3622 2668; x_wconf 91' lang='lat' dir='ltr'><strong>producit</strong></span> <span class='ocrx_word' id='word_1_346' title='bbox 3648 2616 3679 2656; x_wconf 92' lang='lat' dir='ltr'><strong>e</strong></span> <span class='ocrx_word' id='word_1_347' title='bbox 3705 2602 3874 2658; x_wconf 79' lang='lat' dir='ltr'><strong>sacris</strong></span> 
     </span>
    </p>
   </div>
   <div class='ocr_carea' id='block_1_26' title="bbox 581 2684 3880 2762">
    <p class='ocr_par' dir='ltr' id='par_1_26' title="bbox 581 2684 3880 2762">
     <span class='ocr_line' id='line_1_26' title="bbox 581 2684 3880 2762; baseline 0.001 -15"><span class='ocrx_word' id='word_1_348' title='bbox 581 2690 877 2747; x_wconf 88' lang='lat' dir='ltr'><strong>Codicibus</strong></span> <span class='ocrx_word' id='word_1_349' title='bbox 905 2689 1068 2761; x_wconf 91' lang='lat' dir='ltr'><strong>petita</strong></span> <span class='ocrx_word' id='word_1_350' title='bbox 1097 2707 1110 2742; x_wconf 90' lang='lat'><strong>:</strong></span> <span class='ocrx_word' id='word_1_351' title='bbox 1141 2689 1296 2759; x_wconf 91' lang='lat' dir='ltr'><strong>quale</strong></span> <span class='ocrx_word' id='word_1_352' title='bbox 1321 2697 1422 2753; x_wconf 86' lang='lat' dir='ltr'><strong>est,</strong></span> <span class='ocrx_word' id='word_1_353' title='bbox 1448 2687 1594 2743; x_wconf 80' lang='lat' dir='ltr'><strong>verbi</strong></span> <span class='ocrx_word' id='word_1_354' title='bbox 1625 2687 1814 2758; x_wconf 87' lang='lat' dir='ltr'><strong>gratia,</strong></span> <span class='ocrx_word' id='word_1_355' title='bbox 1846 2686 1975 2743; x_wconf 87' lang='lat' dir='ltr'><strong>illud</strong></span> <span class='ocrx_word' id='word_1_356' title='bbox 1990 2686 2186 2742; x_wconf 88' lang='lat' dir='ltr'><strong>Christi</strong></span> <span class='ocrx_word' id='word_1_357' title='bbox 2212 2687 2607 2757; x_wconf 89' lang='lat' dir='ltr'><strong>pronuntiatum</strong></span> <span class='ocrx_word' id='word_1_358' title='bbox 2629 2728 2644 2754; x_wconf 95' lang='lat'><strong>,</strong></span> <span class='ocrx_word' id='word_1_359' title='bbox 2669 2684 2887 2742; x_wconf 79' lang='lat' dir='ltr'><strong>Necesse</strong></span> <span class='ocrx_word' id='word_1_360' title='bbox 2913 2696 2986 2742; x_wconf 87' lang='lat' dir='ltr'><strong>est</strong></span> <span class='ocrx_word' id='word_1_361' title='bbox 3007 2688 3209 2758; x_wconf 86' lang='lat' dir='ltr'><strong>impleri</strong></span> <span class='ocrx_word' id='word_1_362' title='bbox 3227 2689 3398 2744; x_wconf 90' lang='lat' dir='ltr'><strong>omnia</strong></span> <span class='ocrx_word' id='word_1_363' title='bbox 3417 2707 3529 2760; x_wconf 67' lang='lat' dir='ltr'><strong>qua</strong></span> <span class='ocrx_word' id='word_1_364' title='bbox 3545 2693 3735 2762; x_wconf 89' lang='lat' dir='ltr'><strong>scripta</strong></span> <span class='ocrx_word' id='word_1_365' title='bbox 3758 2704 3880 2750; x_wconf 84' lang='lat' dir='ltr'><strong>sunt</strong></span> 
     </span>
    </p>
   </div>
   <div class='ocr_carea' id='block_1_27' title="bbox 579 2778 3877 2856">
    <p class='ocr_par' dir='ltr' id='par_1_27' title="bbox 579 2778 3877 2856">
     <span class='ocr_line' id='line_1_27' title="bbox 579 2778 3877 2856; baseline 0 -16"><span class='ocrx_word' id='word_1_366' title='bbox 579 2785 636 2840; x_wconf 87' lang='lat' dir='ltr'><strong>in</strong></span> <span class='ocrx_word' id='word_1_367' title='bbox 659 2785 765 2856; x_wconf 86' lang='lat' dir='ltr'><strong>lege</strong></span> <span class='ocrx_word' id='word_1_368' title='bbox 789 2783 986 2855; x_wconf 82' lang='lat' dir='ltr'><strong>Moysi,</strong></span> <span class='ocrx_word' id='word_1_369' title='bbox 1013 2793 1059 2838; x_wconf 88' lang='lat' dir='ltr'><strong>et</strong></span> <span class='ocrx_word' id='word_1_370' title='bbox 1090 2781 1381 2853; x_wconf 75' lang='lat' dir='ltr'><strong>Prop/telis,</strong></span> <span class='ocrx_word' id='word_1_371' title='bbox 1405 2789 1450 2835; x_wconf 88' lang='lat' dir='ltr'><strong>et</strong></span> <span class='ocrx_word' id='word_1_372' title='bbox 1474 2780 1694 2835; x_wconf 86' lang='lat' dir='ltr'><strong>Psalmis</strong></span> <span class='ocrx_word' id='word_1_373' title='bbox 1726 2781 1788 2834; x_wconf 90' lang='lat' dir='ltr'><strong>de</strong></span> <span class='ocrx_word' id='word_1_374' title='bbox 1827 2797 1906 2834; x_wconf 79' lang='grc' dir='ltr'><strong>ηιε</strong></span> <span class='ocrx_word' id='word_1_375' title='bbox 1939 2779 2086 2850; x_wconf 86' lang='lat' dir='ltr'><strong>(Luc.</strong></span> <span class='ocrx_word' id='word_1_376' title='bbox 2117 2795 2240 2834; x_wconf 81' lang='lat' dir='ltr'><strong>xxw</strong></span> <span class='ocrx_word' id='word_1_377' title='bbox 2264 2821 2279 2848; x_wconf 95' lang='lat'><strong>,</strong></span> <span class='ocrx_word' id='word_1_378' title='bbox 2312 2780 2429 2850; x_wconf 90' lang='lat'><strong>44).</strong></span> <span class='ocrx_word' id='word_1_379' title='bbox 2454 2779 2670 2850; x_wconf 75' lang='lat' dir='ltr'><strong>Repetit</strong></span> <span class='ocrx_word' id='word_1_380' title='bbox 2697 2778 3029 2850; x_wconf 81' lang='lat' dir='ltr'><strong>frequentius</strong></span> <span class='ocrx_word' id='word_1_381' title='bbox 3069 2780 3322 2837; x_wconf 87' lang='lat' dir='ltr'><strong>Davidem</strong></span> <span class='ocrx_word' id='word_1_382' title='bbox 3366 2782 3567 2838; x_wconf 89' lang='lat' dir='ltr'><strong>Christi</strong></span> <span class='ocrx_word' id='word_1_383' title='bbox 3613 2799 3680 2837; x_wconf 77' lang='lat' dir='ltr'><strong>ex</strong></span> <span class='ocrx_word' id='word_1_384' title='bbox 3706 2785 3877 2854; x_wconf 89' lang='lat' dir='ltr'><strong>ipsius</strong></span> 
     </span>
    </p>
   </div>
   <div class='ocr_carea' id='block_1_28' title="bbox 579 2869 3870 2947">
    <p class='ocr_par' dir='ltr' id='par_1_28' title="bbox 579 2869 3870 2947">
     <span class='ocr_line' id='line_1_28' title="bbox 579 2869 3870 2947; baseline -0.001 -12"><span class='ocrx_word' id='word_1_385' title='bbox 579 2877 789 2935; x_wconf 82' lang='lat' dir='ltr'><strong>semine</strong></span> <span class='ocrx_word' id='word_1_386' title='bbox 818 2877 1071 2933; x_wconf 90' lang='lat' dir='ltr'><strong>nascituri</strong></span> <span class='ocrx_word' id='word_1_387' title='bbox 1099 2877 1317 2947; x_wconf 87' lang='lat' dir='ltr'><strong>ﬁguram</strong></span> <span class='ocrx_word' id='word_1_388' title='bbox 1341 2889 1528 2945; x_wconf 78' lang='lat' dir='ltr'><strong>gerere</strong></span> <span class='ocrx_word' id='word_1_389' title='bbox 1552 2914 1566 2938; x_wconf 95' lang='lat'><strong>,</strong></span> <span class='ocrx_word' id='word_1_390' title='bbox 1598 2872 1763 2943; x_wconf 91' lang='lat' dir='ltr'><strong>ipsius</strong></span> <span class='ocrx_word' id='word_1_391' title='bbox 1790 2887 1984 2927; x_wconf 89' lang='lat' dir='ltr'><strong>nomen</strong></span> <span class='ocrx_word' id='word_1_392' title='bbox 2027 2871 2410 2943; x_wconf 87' lang='lat' dir='ltr'><strong>signiﬁcatione</strong></span> <span class='ocrx_word' id='word_1_393' title='bbox 2440 2886 2533 2927; x_wconf 91' lang='lat' dir='ltr'><strong>sua</strong></span> <span class='ocrx_word' id='word_1_394' title='bbox 2557 2869 2830 2927; x_wconf 89' lang='lat' dir='ltr'><strong>Christum</strong></span> <span class='ocrx_word' id='word_1_395' title='bbox 2873 2870 3173 2941; x_wconf 88' lang='lat' dir='ltr'><strong>designare,</strong></span> <span class='ocrx_word' id='word_1_396' title='bbox 3203 2872 3302 2926; x_wconf 92' lang='lat' dir='ltr'><strong>sub</strong></span> <span class='ocrx_word' id='word_1_397' title='bbox 3325 2887 3432 2942; x_wconf 93' lang='lat' dir='ltr'><strong>quo</strong></span> <span class='ocrx_word' id='word_1_398' title='bbox 3459 2872 3620 2926; x_wconf 90' lang='lat' dir='ltr'><strong>etiam</strong></span> <span class='ocrx_word' id='word_1_399' title='bbox 3650 2875 3870 2932; x_wconf 88' lang='lat' dir='ltr'><strong>nomine</strong></span> 
     </span>
    </p>
   </div>
   <div class='ocr_carea' id='block_1_29' title="bbox 578 2962 3877 3037">
    <p class='ocr_par' dir='ltr' id='par_1_29' title="bbox 578 2962 3877 3037">
     <span class='ocr_line' id='line_1_29' title="bbox 578 2962 3877 3037; baseline -0.001 -13"><span class='ocrx_word' id='word_1_400' title='bbox 578 2969 728 3025; x_wconf 84' lang='lat' dir='ltr'><strong>hunc</strong></span> <span class='ocrx_word' id='word_1_401' title='bbox 751 2982 782 3022; x_wconf 91' lang='lat' dir='ltr'><strong>a</strong></span> <span class='ocrx_word' id='word_1_402' title='bbox 811 2969 995 3023; x_wconf 92' lang='lat' dir='ltr'><strong>multis</strong></span> <span class='ocrx_word' id='word_1_403' title='bbox 1023 2966 1415 3037; x_wconf 87' lang='lat' dir='ltr'><strong>Prophetarum</strong></span> <span class='ocrx_word' id='word_1_404' title='bbox 1447 2965 1816 3019; x_wconf 88' lang='lat' dir='ltr'><strong>anuuntiatum</strong></span> <span class='ocrx_word' id='word_1_405' title='bbox 1846 2971 2089 3029; x_wconf 88' lang='lat' dir='ltr'><strong>constat;</strong></span> <span class='ocrx_word' id='word_1_406' title='bbox 2119 2979 2224 3018; x_wconf 92' lang='lat' dir='ltr'><strong>non</strong></span> <span class='ocrx_word' id='word_1_407' title='bbox 2267 2977 2435 3032; x_wconf 90' lang='lat' dir='ltr'><strong>pauca</strong></span> <span class='ocrx_word' id='word_1_408' title='bbox 2466 2977 2586 3019; x_wconf 90' lang='lat' dir='ltr'><strong>esse</strong></span> <span class='ocrx_word' id='word_1_409' title='bbox 2613 2978 2735 3033; x_wconf 79' lang='lat' dir='ltr'><strong>qua:</strong></span> <span class='ocrx_word' id='word_1_410' title='bbox 2763 2962 2948 3016; x_wconf 89' lang='lat' dir='ltr'><strong>Davidi</strong></span> <span class='ocrx_word' id='word_1_411' title='bbox 2982 2962 3152 3031; x_wconf 87' lang='lat' dir='ltr'><strong>aptari</strong></span> <span class='ocrx_word' id='word_1_412' title='bbox 3192 2973 3460 3033; x_wconf 88' lang='lat' dir='ltr'><strong>nequeant</strong></span> <span class='ocrx_word' id='word_1_413' title='bbox 3488 2965 3666 3035; x_wconf 87' lang='lat' dir='ltr'><strong>:quod</strong></span> <span class='ocrx_word' id='word_1_414' title='bbox 3697 2967 3877 3037; x_wconf 79' lang='lat' dir='ltr'><strong>ipsum</strong></span> 
     </span>
    </p>
   </div>
   <div class='ocr_carea' id='block_1_30' title="bbox 578 3054 3873 3131">
    <p class='ocr_par' dir='ltr' id='par_1_30' title="bbox 578 3054 3873 3131">
     <span class='ocr_line' id='line_1_30' title="bbox 578 3054 3873 3131; baseline 0.002 -20"><span class='ocrx_word' id='word_1_415' title='bbox 578 3057 692 3131; x_wconf 75' lang='lat' dir='ltr'><strong>iam</strong></span> <span class='ocrx_word' id='word_1_416' title='bbox 714 3067 838 3113; x_wconf 91' lang='lat' dir='ltr'><strong>ante</strong></span> <span class='ocrx_word' id='word_1_417' title='bbox 863 3058 1074 3127; x_wconf 91' lang='lat' dir='ltr'><strong>plurimi</strong></span> <span class='ocrx_word' id='word_1_418' title='bbox 1120 3059 1412 3126; x_wconf 89' lang='lat' dir='ltr'><strong>scriptores</strong></span> <span class='ocrx_word' id='word_1_419' title='bbox 1457 3055 1750 3110; x_wconf 89' lang='lat' dir='ltr'><strong>doctissimi</strong></span> <span class='ocrx_word' id='word_1_420' title='bbox 1796 3055 2280 3110; x_wconf 74' lang='lat' dir='ltr'><strong>animadverterunt</strong></span> <span class='ocrx_word' id='word_1_421' title='bbox 2299 3095 2314 3120; x_wconf 93' lang='lat'><strong>,</strong></span> <span class='ocrx_word' id='word_1_422' title='bbox 2341 3055 2572 3110; x_wconf 80' lang='lat' dir='ltr'><strong>maxime</strong></span> <span class='ocrx_word' id='word_1_423' title='bbox 2601 3054 2653 3108; x_wconf 93' lang='lat' dir='ltr'><strong>iu</strong></span> <span class='ocrx_word' id='word_1_424' title='bbox 2685 3055 2919 3124; x_wconf 88' lang='lat' dir='ltr'><strong>psalmos</strong></span> <span class='ocrx_word' id='word_1_425' title='bbox 2945 3055 3393 3126; x_wconf 88' lang='lat' dir='ltr'><strong>septuagesimum</strong></span> <span class='ocrx_word' id='word_1_426' title='bbox 3411 3065 3464 3112; x_wconf 94' lang='lat' dir='ltr'><strong>et</strong></span> <span class='ocrx_word' id='word_1_427' title='bbox 3485 3060 3873 3130; x_wconf 89' lang='lat' dir='ltr'><strong>octogesimum</strong></span> 
     </span>
    </p>
   </div>
   <div class='ocr_carea' id='block_1_31' title="bbox 579 3146 3876 3224">
    <p class='ocr_par' dir='ltr' id='par_1_31' title="bbox 579 3146 3876 3224">
     <span class='ocr_line' id='line_1_31' title="bbox 579 3146 3876 3224; baseline 0.002 -20"><span class='ocrx_word' id='word_1_428' title='bbox 579 3159 872 3217; x_wconf 89' lang='lat' dir='ltr'><strong>octavum;</strong></span> <span class='ocrx_word' id='word_1_429' title='bbox 905 3158 1064 3220; x_wconf 89' lang='lat' dir='ltr'><strong>atque</strong></span> <span class='ocrx_word' id='word_1_430' title='bbox 1108 3148 1242 3204; x_wconf 90' lang='lat' dir='ltr'><strong>adeo</strong></span> <span class='ocrx_word' id='word_1_431' title='bbox 1280 3149 1508 3218; x_wconf 87' lang='lat' dir='ltr'><strong>ipsemet</strong></span> <span class='ocrx_word' id='word_1_432' title='bbox 1549 3148 1928 3217; x_wconf 79' lang='lat' dir='ltr'><strong>Apostolorum</strong></span> <span class='ocrx_word' id='word_1_433' title='bbox 1976 3146 2230 3217; x_wconf 89' lang='lat' dir='ltr'><strong>Princeps</strong></span> <span class='ocrx_word' id='word_1_434' title='bbox 2279 3147 2330 3202; x_wconf 94' lang='lat' dir='ltr'><strong>in</strong></span> <span class='ocrx_word' id='word_1_435' title='bbox 2377 3146 2603 3202; x_wconf 88' lang='lat' dir='ltr'><strong>Actuum</strong></span> <span class='ocrx_word' id='word_1_436' title='bbox 2645 3162 2696 3202; x_wconf 94' lang='lat' dir='ltr'><strong>c.</strong></span> <span class='ocrx_word' id='word_1_437' title='bbox 2727 3147 2792 3213; x_wconf 76' lang='lat'><strong>2,</strong></span> <span class='ocrx_word' id='word_1_438' title='bbox 2839 3147 2874 3216; x_wconf 57' lang='lat'><em>7</em></span> <span class='ocrx_word' id='word_1_439' title='bbox 2900 3187 2912 3201; x_wconf 93' lang='lat'><strong>.</strong></span> <span class='ocrx_word' id='word_1_440' title='bbox 2937 3147 3045 3213; x_wconf 75' lang='lat'><strong>25,</strong></span> <span class='ocrx_word' id='word_1_441' title='bbox 3077 3147 3165 3204; x_wconf 91' lang='lat' dir='ltr'><strong>ubi</strong></span> <span class='ocrx_word' id='word_1_442' title='bbox 3215 3148 3388 3204; x_wconf 91' lang='lat' dir='ltr'><strong>locum</strong></span> <span class='ocrx_word' id='word_1_443' title='bbox 3423 3166 3584 3206; x_wconf 93' lang='lat' dir='ltr'><strong>unum</strong></span> <span class='ocrx_word' id='word_1_444' title='bbox 3608 3167 3641 3208; x_wconf 94' lang='lat' dir='ltr'><strong>e</strong></span> <span class='ocrx_word' id='word_1_445' title='bbox 3666 3153 3876 3224; x_wconf 89' lang='lat' dir='ltr'><strong>psalmo</strong></span> 
     </span>
    </p>
   </div>
   <div class='ocr_carea' id='block_1_32' title="bbox 583 3237 3875 3317">
    <p class='ocr_par' dir='ltr' id='par_1_32' title="bbox 583 3237 3875 3317">
     <span class='ocr_line' id='line_1_32' title="bbox 583 3237 3875 3317; baseline 0.002 -20"><span class='ocrx_word' id='word_1_446' title='bbox 583 3246 774 3313; x_wconf 84' lang='lat' dir='ltr'><strong>quinto</strong></span> <span class='ocrx_word' id='word_1_447' title='bbox 799 3241 1009 3297; x_wconf 91' lang='lat' dir='ltr'><strong>decimo</strong></span> <span class='ocrx_word' id='word_1_448' title='bbox 1034 3239 1219 3297; x_wconf 80' lang='lat' dir='ltr'><strong>refert.</strong></span> <span class='ocrx_word' id='word_1_449' title='bbox 1248 3241 1510 3297; x_wconf 91' lang='lat' dir='ltr'><strong>Observat</strong></span> <span class='ocrx_word' id='word_1_450' title='bbox 1540 3240 1753 3296; x_wconf 91' lang='lat' dir='ltr'><strong>tandem</strong></span> <span class='ocrx_word' id='word_1_451' title='bbox 1775 3237 2043 3295; x_wconf 88' lang='lat' dir='ltr'><strong>Christum</strong></span> <span class='ocrx_word' id='word_1_452' title='bbox 2074 3254 2106 3294; x_wconf 92' lang='lat' dir='ltr'><strong>e</strong></span> <span class='ocrx_word' id='word_1_453' title='bbox 2149 3253 2308 3295; x_wconf 86' lang='lat' dir='ltr'><strong>cruce</strong></span> <span class='ocrx_word' id='word_1_454' title='bbox 2335 3238 2659 3310; x_wconf 86' lang='lat' dir='ltr'><strong>pendentem</strong></span> <span class='ocrx_word' id='word_1_455' title='bbox 2704 3238 2834 3310; x_wconf 84' lang='lat' dir='ltr'><strong>ipsis</strong></span> <span class='ocrx_word' id='word_1_456' title='bbox 2875 3238 3205 3296; x_wconf 86' lang='lat' dir='ltr'><strong>Psalmorum</strong></span> <span class='ocrx_word' id='word_1_457' title='bbox 3247 3243 3468 3300; x_wconf 87' lang='lat' dir='ltr'><strong>vocibus</strong></span> <span class='ocrx_word' id='word_1_458' title='bbox 3498 3259 3650 3300; x_wconf 91' lang='lat' dir='ltr'><strong>usum</strong></span> <span class='ocrx_word' id='word_1_459' title='bbox 3674 3286 3689 3312; x_wconf 96' lang='lat'><strong>,</strong></span> <span class='ocrx_word' id='word_1_460' title='bbox 3719 3247 3875 3317; x_wconf 87' lang='lat' dir='ltr'><strong>quasi</strong></span> 
     </span>
    </p>
   </div>
   <div class='ocr_carea' id='block_1_33' title="bbox 581 3331 3868 3408">
    <p class='ocr_par' dir='ltr' id='par_1_33' title="bbox 581 3331 3868 3408">
     <span class='ocr_line' id='line_1_33' title="bbox 581 3331 3868 3408; baseline 0.002 -19"><span class='ocrx_word' id='word_1_461' title='bbox 581 3333 715 3390; x_wconf 89' lang='lat' dir='ltr'><strong>illud</strong></span> <span class='ocrx_word' id='word_1_462' title='bbox 738 3348 836 3388; x_wconf 92' lang='lat' dir='ltr'><strong>nos</strong></span> <span class='ocrx_word' id='word_1_463' title='bbox 862 3334 1052 3389; x_wconf 89' lang='lat' dir='ltr'><strong>docere</strong></span> <span class='ocrx_word' id='word_1_464' title='bbox 1082 3333 1372 3400; x_wconf 89' lang='lat' dir='ltr'><strong>voluisset,</strong></span> <span class='ocrx_word' id='word_1_465' title='bbox 1397 3333 1616 3390; x_wconf 83' lang='lat' dir='ltr'><strong>eosdem</strong></span> <span class='ocrx_word' id='word_1_466' title='bbox 1640 3347 1797 3388; x_wconf 84' lang='lat' dir='ltr'><strong>causa</strong></span> <span class='ocrx_word' id='word_1_467' title='bbox 1826 3347 1920 3387; x_wconf 91' lang='lat' dir='ltr'><strong>sua</strong></span> <span class='ocrx_word' id='word_1_468' title='bbox 1945 3331 2111 3388; x_wconf 80' lang='lat' dir='ltr'><strong>fuisse</strong></span> <span class='ocrx_word' id='word_1_469' title='bbox 2135 3333 2382 3404; x_wconf 88' lang='lat' dir='ltr'><strong>scriptos.</strong></span> <span class='ocrx_word' id='word_1_470' title='bbox 2417 3332 2613 3389; x_wconf 85' lang='lat' dir='ltr'><strong>Verum</strong></span> <span class='ocrx_word' id='word_1_471' title='bbox 2639 3348 2763 3389; x_wconf 90' lang='lat' dir='ltr'><strong>cum</strong></span> <span class='ocrx_word' id='word_1_472' title='bbox 2786 3349 2889 3388; x_wconf 90' lang='lat' dir='ltr'><strong>non</strong></span> <span class='ocrx_word' id='word_1_473' title='bbox 2913 3348 3100 3404; x_wconf 88' lang='lat' dir='ltr'><strong>pauca,</strong></span> <span class='ocrx_word' id='word_1_474' title='bbox 3129 3351 3249 3406; x_wconf 75' lang='lat' dir='ltr'><strong>qua:</strong></span> <span class='ocrx_word' id='word_1_475' title='bbox 3295 3337 3362 3392; x_wconf 90' lang='lat' dir='ltr'><strong>ab</strong></span> <span class='ocrx_word' id='word_1_476' title='bbox 3389 3337 3554 3408; x_wconf 92' lang='lat' dir='ltr'><strong>ipsius</strong></span> <span class='ocrx_word' id='word_1_477' title='bbox 3583 3341 3868 3398; x_wconf 82' lang='lat' dir='ltr'><strong>sanctitate</strong></span> 
     </span>
    </p>
   </div>
   <div class='ocr_carea' id='block_1_34' title="bbox 583 3421 3875 3502">
    <p class='ocr_par' dir='ltr' id='par_1_34' title="bbox 583 3421 3875 3502">
     <span class='ocr_line' id='line_1_34' title="bbox 583 3421 3875 3502; baseline 0.003 -22"><span class='ocrx_word' id='word_1_478' title='bbox 583 3427 935 3491; x_wconf 88' lang='lat' dir='ltr'><strong>abhorreant,</strong></span> <span class='ocrx_word' id='word_1_479' title='bbox 966 3424 1039 3481; x_wconf 88' lang='lat' dir='ltr'><strong>ibi</strong></span> <span class='ocrx_word' id='word_1_480' title='bbox 1066 3424 1328 3496; x_wconf 89' lang='lat' dir='ltr'><strong>legantur,</strong></span> <span class='ocrx_word' id='word_1_481' title='bbox 1359 3432 1540 3480; x_wconf 91' lang='lat' dir='ltr'><strong>monet</strong></span> <span class='ocrx_word' id='word_1_482' title='bbox 1563 3424 1792 3480; x_wconf 88' lang='lat' dir='ltr'><strong>subinde</strong></span> <span class='ocrx_word' id='word_1_483' title='bbox 1822 3423 2008 3480; x_wconf 89' lang='lat' dir='ltr'><strong>beatus</strong></span> <span class='ocrx_word' id='word_1_484' title='bbox 2037 3423 2234 3478; x_wconf 91' lang='lat' dir='ltr'><strong>Doctor</strong></span> <span class='ocrx_word' id='word_1_485' title='bbox 2257 3438 2324 3479; x_wconf 91' lang='lat' dir='ltr'><strong>ne</strong></span> <span class='ocrx_word' id='word_1_486' title='bbox 2353 3421 2620 3479; x_wconf 90' lang='lat' dir='ltr'><strong>Christum</strong></span> <span class='ocrx_word' id='word_1_487' title='bbox 2653 3433 2905 3495; x_wconf 88' lang='lat' dir='ltr'><strong>tanquam</strong></span> <span class='ocrx_word' id='word_1_488' title='bbox 2934 3434 3242 3496; x_wconf 85' lang='lat' dir='ltr'><strong>separatum</strong></span> <span class='ocrx_word' id='word_1_489' title='bbox 3264 3441 3295 3481; x_wconf 91' lang='lat' dir='ltr'><strong>a</strong></span> <span class='ocrx_word' id='word_1_490' title='bbox 3317 3429 3572 3486; x_wconf 89' lang='lat' dir='ltr'><strong>membris</strong></span> <span class='ocrx_word' id='word_1_491' title='bbox 3597 3431 3709 3488; x_wconf 87' lang='lat' dir='ltr'><strong>suis</strong></span> <span class='ocrx_word' id='word_1_492' title='bbox 3728 3474 3746 3502; x_wconf 93' lang='lat'><strong>,</strong></span> <span class='ocrx_word' id='word_1_493' title='bbox 3766 3432 3875 3490; x_wconf 90' lang='lat' dir='ltr'><strong>hoc</strong></span> 
     </span>
    </p>
   </div>
   <div class='ocr_carea' id='block_1_35' title="bbox 591 3513 3872 3594">
    <p class='ocr_par' dir='ltr' id='par_1_35' title="bbox 591 3513 3872 3594">
     <span class='ocr_line' id='line_1_35' title="bbox 591 3513 3872 3594; baseline 0.002 -21"><span class='ocrx_word' id='word_1_494' title='bbox 591 3527 671 3574; x_wconf 85' lang='lat' dir='ltr'><strong>est</strong></span> <span class='ocrx_word' id='word_1_495' title='bbox 713 3515 1027 3572; x_wconf 88' lang='lat' dir='ltr'><strong>Christianis</strong></span> <span class='ocrx_word' id='word_1_496' title='bbox 1047 3558 1060 3583; x_wconf 95' lang='lat'><strong>,</strong></span> <span class='ocrx_word' id='word_1_497' title='bbox 1092 3515 1512 3581; x_wconf 90' lang='lat' dir='ltr'><strong>consideremus;</strong></span> <span class='ocrx_word' id='word_1_498' title='bbox 1535 3515 1629 3571; x_wconf 87' lang='lat' dir='ltr'><strong>sed</strong></span> <span class='ocrx_word' id='word_1_499' title='bbox 1659 3524 1910 3586; x_wconf 91' lang='lat' dir='ltr'><strong>tanquam</strong></span> <span class='ocrx_word' id='word_1_500' title='bbox 1938 3513 2189 3571; x_wconf 87' lang='lat' dir='ltr'><strong>universo</strong></span> <span class='ocrx_word' id='word_1_501' title='bbox 2212 3513 2467 3572; x_wconf 74' lang='lat' dir='ltr'><strong>Ecclesia:</strong></span> <span class='ocrx_word' id='word_1_502' title='bbox 2496 3516 2746 3586; x_wconf 91' lang='lat' dir='ltr'><strong>corpori,</strong></span> <span class='ocrx_word' id='word_1_503' title='bbox 2776 3516 2927 3586; x_wconf 91' lang='lat' dir='ltr'><strong>cujus</strong></span> <span class='ocrx_word' id='word_1_504' title='bbox 2976 3526 3137 3586; x_wconf 90' lang='lat' dir='ltr'><strong>caput</strong></span> <span class='ocrx_word' id='word_1_505' title='bbox 3177 3527 3295 3584; x_wconf 88' lang='lat' dir='ltr'><strong>est,</strong></span> <span class='ocrx_word' id='word_1_506' title='bbox 3345 3519 3560 3576; x_wconf 85' lang='lat' dir='ltr'><strong>vinculo</strong></span> <span class='ocrx_word' id='word_1_507' title='bbox 3601 3538 3872 3594; x_wconf 90' lang='lat' dir='ltr'><strong>nunquam</strong></span> 
     </span>
    </p>
   </div>
   <div class='ocr_carea' id='block_1_36' title="bbox 589 3608 3876 3688">
    <p class='ocr_par' dir='ltr' id='par_1_36' title="bbox 589 3608 3876 3688">
     <span class='ocr_line' id='line_1_36' title="bbox 589 3608 3876 3688; baseline 0.003 -22"><span class='ocrx_word' id='word_1_508' title='bbox 589 3609 936 3666; x_wconf 83' lang='lat' dir='ltr'><strong>dissolvendo</strong></span> <span class='ocrx_word' id='word_1_509' title='bbox 964 3609 1308 3678; x_wconf 89' lang='lat' dir='ltr'><strong>conjunctum</strong></span> <span class='ocrx_word' id='word_1_510' title='bbox 1337 3627 1351 3665; x_wconf 88' lang='lat'><strong>:</strong></span> <span class='ocrx_word' id='word_1_511' title='bbox 1380 3609 1523 3666; x_wconf 90' lang='lat' dir='ltr'><strong>unde</strong></span> <span class='ocrx_word' id='word_1_512' title='bbox 1544 3608 1637 3677; x_wconf 87' lang='lat' dir='ltr'><strong>ﬁt,</strong></span> <span class='ocrx_word' id='word_1_513' title='bbox 1666 3617 1724 3664; x_wconf 93' lang='lat' dir='ltr'><strong>ut</strong></span> <span class='ocrx_word' id='word_1_514' title='bbox 1751 3609 2086 3664; x_wconf 88' lang='lat' dir='ltr'><strong>inﬁrmitates</strong></span> <span class='ocrx_word' id='word_1_515' title='bbox 2118 3616 2351 3672; x_wconf 85' lang='lat' dir='ltr'><strong>nostras.</strong></span> <span class='ocrx_word' id='word_1_516' title='bbox 2381 3610 2518 3665; x_wconf 89' lang='lat' dir='ltr'><strong>mala</strong></span> <span class='ocrx_word' id='word_1_517' title='bbox 2541 3619 2700 3682; x_wconf 92' lang='lat' dir='ltr'><strong>atque</strong></span> <span class='ocrx_word' id='word_1_518' title='bbox 2729 3621 2945 3681; x_wconf 91' lang='lat' dir='ltr'><strong>peccata</strong></span> <span class='ocrx_word' id='word_1_519' title='bbox 2965 3611 3397 3684; x_wconf 70' lang='lat' dir='ltr'><strong>sibiadscribat;</strong></span> <span class='ocrx_word' id='word_1_520' title='bbox 3422 3616 3876 3688; x_wconf 87' lang='lat' dir='ltr'><strong>quemadmodum</strong></span> 
     </span>
    </p>
   </div>
   <div class='ocr_carea' id='block_1_37' title="bbox 591 3701 2924 3774">
    <p class='ocr_par' dir='ltr' id='par_1_37' title="bbox 591 3701 2924 3774">
     <span class='ocr_line' id='line_1_37' title="bbox 591 3701 2924 3774; baseline 0.001 -17"><span class='ocrx_word' id='word_1_521' title='bbox 591 3703 644 3760; x_wconf 91' lang='lat' dir='ltr'><strong>in</strong></span> <span class='ocrx_word' id='word_1_522' title='bbox 675 3704 882 3774; x_wconf 89' lang='lat' dir='ltr'><strong>psalmo</strong></span> <span class='ocrx_word' id='word_1_523' title='bbox 909 3701 1170 3772; x_wconf 88' lang='lat' dir='ltr'><strong>vigesimo</strong></span> <span class='ocrx_word' id='word_1_524' title='bbox 1194 3701 1366 3772; x_wconf 91' lang='lat' dir='ltr'><strong>primo</strong></span> <span class='ocrx_word' id='word_1_525' title='bbox 1385 3743 1400 3768; x_wconf 97' lang='lat'><strong>,</strong></span> <span class='ocrx_word' id='word_1_526' title='bbox 1431 3701 1582 3770; x_wconf 91' lang='lat' dir='ltr'><strong>cujus</strong></span> <span class='ocrx_word' id='word_1_527' title='bbox 1609 3701 1787 3757; x_wconf 84' lang='lat' dir='ltr'><strong>verbis</strong></span> <span class='ocrx_word' id='word_1_528' title='bbox 1809 3701 1862 3756; x_wconf 91' lang='lat' dir='ltr'><strong>in</strong></span> <span class='ocrx_word' id='word_1_529' title='bbox 1889 3701 2138 3772; x_wconf 88' lang='lat' dir='ltr'><strong>passione</strong></span> <span class='ocrx_word' id='word_1_530' title='bbox 2169 3715 2262 3756; x_wconf 92' lang='lat' dir='ltr'><strong>sua</strong></span> <span class='ocrx_word' id='word_1_531' title='bbox 2293 3701 2548 3773; x_wconf 89' lang='lat' dir='ltr'><strong>loquitur,</strong></span> <span class='ocrx_word' id='word_1_532' title='bbox 2578 3702 2924 3760; x_wconf 88' lang='lat' dir='ltr'><strong>advertimus.</strong></span> 
     </span>
    </p>
   </div>
   <div class='ocr_carea' id='block_1_38' title="bbox 674 3797 3876 3874">
    <p class='ocr_par' dir='ltr' id='par_1_38' title="bbox 674 3797 3876 3874">
     <span class='ocr_line' id='line_1_38' title="bbox 674 3797 3876 3874; baseline 0.002 -22"><span class='ocrx_word' id='word_1_533' title='bbox 674 3799 801 3854; x_wconf 85' lang='lat' dir='ltr'><strong>Vias</strong></span> <span class='ocrx_word' id='word_1_534' title='bbox 830 3799 1125 3870; x_wconf 81' lang='lat' dir='ltr'><strong>Augustino</strong></span> <span class='ocrx_word' id='word_1_535' title='bbox 1156 3799 1290 3854; x_wconf 93' lang='lat' dir='ltr'><strong>mire</strong></span> <span class='ocrx_word' id='word_1_536' title='bbox 1317 3799 1651 3870; x_wconf 89' lang='lat' dir='ltr'><strong>ingeniosas,</strong></span> <span class='ocrx_word' id='word_1_537' title='bbox 1681 3797 1872 3868; x_wconf 89' lang='lat' dir='ltr'><strong>quibus</strong></span> <span class='ocrx_word' id='word_1_538' title='bbox 1896 3799 2164 3854; x_wconf 82' lang='lat' dir='ltr'><strong>Christum</strong></span> <span class='ocrx_word' id='word_1_539' title='bbox 2198 3797 2298 3853; x_wconf 90' lang='lat' dir='ltr'><strong>sub</strong></span> <span class='ocrx_word' id='word_1_540' title='bbox 2332 3799 2493 3854; x_wconf 77' lang='lat' dir='ltr'><strong>variis</strong></span> <span class='ocrx_word' id='word_1_541' title='bbox 2517 3799 2811 3854; x_wconf 90' lang='lat' dir='ltr'><strong>rationibus</strong></span> <span class='ocrx_word' id='word_1_542' title='bbox 2839 3800 2890 3854; x_wconf 93' lang='lat' dir='ltr'><strong>in</strong></span> <span class='ocrx_word' id='word_1_543' title='bbox 2918 3799 3143 3856; x_wconf 87' lang='lat' dir='ltr'><strong>Psalmis</strong></span> <span class='ocrx_word' id='word_1_544' title='bbox 3172 3801 3540 3857; x_wconf 90' lang='lat' dir='ltr'><strong>adumbratum</strong></span> <span class='ocrx_word' id='word_1_545' title='bbox 3570 3802 3876 3874; x_wconf 86' lang='lat' dir='ltr'><strong>deprehen-</strong></span> 
     </span>
    </p>
   </div>
   <div class='ocr_carea' id='block_1_39' title="bbox 591 3890 3878 3968">
    <p class='ocr_par' dir='ltr' id='par_1_39' title="bbox 591 3890 3878 3968">
     <span class='ocr_line' id='line_1_39' title="bbox 591 3890 3878 3968; baseline 0.002 -21"><span class='ocrx_word' id='word_1_546' title='bbox 591 3890 741 3947; x_wconf 91' lang='lat' dir='ltr'><strong>deret</strong></span> <span class='ocrx_word' id='word_1_547' title='bbox 768 3892 1165 3962; x_wconf 89' lang='lat' dir='ltr'><strong>detegeretque,</strong></span> <span class='ocrx_word' id='word_1_548' title='bbox 1193 3891 1434 3961; x_wconf 87' lang='lat' dir='ltr'><strong>ejusdem</strong></span> <span class='ocrx_word' id='word_1_549' title='bbox 1459 3891 1657 3947; x_wconf 90' lang='lat' dir='ltr'><strong>Christi</strong></span> <span class='ocrx_word' id='word_1_550' title='bbox 1684 3890 1919 3948; x_wconf 89' lang='lat' dir='ltr'><strong>charitas</strong></span> <span class='ocrx_word' id='word_1_551' title='bbox 1946 3891 2279 3963; x_wconf 83' lang='lat' dir='ltr'><strong>suggerebat.</strong></span> <span class='ocrx_word' id='word_1_552' title='bbox 2313 3892 2425 3947; x_wconf 84' lang='lat' dir='ltr'><strong>Non</strong></span> <span class='ocrx_word' id='word_1_553' title='bbox 2461 3903 2635 3948; x_wconf 89' lang='lat' dir='ltr'><strong>tamen</strong></span> <span class='ocrx_word' id='word_1_554' title='bbox 2662 3893 2912 3949; x_wconf 90' lang='lat' dir='ltr'><strong>iverimus</strong></span> <span class='ocrx_word' id='word_1_555' title='bbox 2941 3893 3165 3961; x_wconf 86' lang='lat' dir='ltr'><strong>inﬁcias,</strong></span> <span class='ocrx_word' id='word_1_556' title='bbox 3193 3896 3318 3965; x_wconf 90' lang='lat' dir='ltr'><strong>quin</strong></span> <span class='ocrx_word' id='word_1_557' title='bbox 3347 3895 3589 3962; x_wconf 76' lang='lat' dir='ltr'><strong>Veteres,</strong></span> <span class='ocrx_word' id='word_1_558' title='bbox 3620 3912 3649 3952; x_wconf 92' lang='lat' dir='ltr'><strong>a</strong></span> <span class='ocrx_word' id='word_1_559' title='bbox 3680 3897 3878 3968; x_wconf 87' lang='lat' dir='ltr'><strong>quibus</strong></span> 
     </span>
    </p>
   </div>
   <div class='ocr_carea' id='block_1_40' title="bbox 590 3985 3872 4058">
    <p class='ocr_par' dir='ltr' id='par_1_40' title="bbox 590 3985 3872 4058">
     <span class='ocr_line' id='line_1_40' title="bbox 590 3985 3872 4058; baseline 0.002 -17"><span class='ocrx_word' id='word_1_560' title='bbox 590 4001 872 4042; x_wconf 78' lang='lat' dir='ltr'><strong>excussum</strong></span> <span class='ocrx_word' id='word_1_561' title='bbox 897 3988 1008 4056; x_wconf 90' lang='lat' dir='ltr'><strong>jam</strong></span> <span class='ocrx_word' id='word_1_562' title='bbox 1038 3985 1209 4043; x_wconf 78' lang='lat' dir='ltr'><strong>fuerat</strong></span> <span class='ocrx_word' id='word_1_563' title='bbox 1237 3985 1376 4042; x_wconf 87' lang='lat' dir='ltr'><strong>idem</strong></span> <span class='ocrx_word' id='word_1_564' title='bbox 1403 3994 1792 4057; x_wconf 89' lang='lat' dir='ltr'><strong>argumentum,</strong></span> <span class='ocrx_word' id='word_1_565' title='bbox 1823 3985 2079 4055; x_wconf 90' lang='lat' dir='ltr'><strong>plurimos</strong></span> <span class='ocrx_word' id='word_1_566' title='bbox 2103 4000 2166 4042; x_wconf 91' lang='lat' dir='ltr'><strong>ac</strong></span> <span class='ocrx_word' id='word_1_567' title='bbox 2193 3986 2478 4056; x_wconf 79' lang='lat' dir='ltr'><strong>prtcclaros</strong></span> <span class='ocrx_word' id='word_1_568' title='bbox 2502 4000 2708 4048; x_wconf 83' lang='lat' dir='ltr'><strong>sensus,</strong></span> <span class='ocrx_word' id='word_1_569' title='bbox 2737 3986 2826 4056; x_wconf 90' lang='lat' dir='ltr'><strong>qui</strong></span> <span class='ocrx_word' id='word_1_570' title='bbox 2857 3985 2957 4040; x_wconf 89' lang='lat' dir='ltr'><strong>sub</strong></span> <span class='ocrx_word' id='word_1_571' title='bbox 2985 3986 3269 4058; x_wconf 90' lang='lat' dir='ltr'><strong>ﬁgurarum</strong></span> <span class='ocrx_word' id='word_1_572' title='bbox 3300 3989 3587 4046; x_wconf 90' lang='lat' dir='ltr'><strong>involucris</strong></span> <span class='ocrx_word' id='word_1_573' title='bbox 3616 3990 3872 4058; x_wconf 88' lang='lat' dir='ltr'><strong>latebant,</strong></span> 
     </span>
    </p>
   </div>
   <div class='ocr_carea' id='block_1_41' title="bbox 591 4079 3873 4154">
    <p class='ocr_par' dir='ltr' id='par_1_41' title="bbox 591 4079 3873 4154">
     <span class='ocr_line' id='line_1_41' title="bbox 591 4079 3873 4154; baseline 0.002 -20"><span class='ocrx_word' id='word_1_574' title='bbox 591 4081 645 4136; x_wconf 93' lang='lat' dir='ltr'><strong>in</strong></span> <span class='ocrx_word' id='word_1_575' title='bbox 678 4081 848 4137; x_wconf 91' lang='lat' dir='ltr'><strong>lucem</strong></span> <span class='ocrx_word' id='word_1_576' title='bbox 878 4081 1213 4136; x_wconf 77' lang='lat' dir='ltr'><strong>extulissent.</strong></span> <span class='ocrx_word' id='word_1_577' title='bbox 1258 4082 1328 4136; x_wconf 85' lang='lat' dir='ltr'><strong>At</strong></span> <span class='ocrx_word' id='word_1_578' title='bbox 1365 4081 1407 4136; x_wconf 92' lang='lat' dir='ltr'><strong>si</strong></span> <span class='ocrx_word' id='word_1_579' title='bbox 1456 4079 1615 4150; x_wconf 89' lang='lat' dir='ltr'><strong>hujus</strong></span> <span class='ocrx_word' id='word_1_580' title='bbox 1661 4079 1979 4149; x_wconf 90' lang='lat' dir='ltr'><strong>illorumque</strong></span> <span class='ocrx_word' id='word_1_581' title='bbox 2019 4079 2500 4134; x_wconf 88' lang='lat' dir='ltr'><strong>commentationes</strong></span> <span class='ocrx_word' id='word_1_582' title='bbox 2545 4079 2684 4133; x_wconf 90' lang='lat' dir='ltr'><strong>inter</strong></span> <span class='ocrx_word' id='word_1_583' title='bbox 2726 4093 2784 4134; x_wconf 92' lang='lat' dir='ltr'><strong>se</strong></span> <span class='ocrx_word' id='word_1_584' title='bbox 2829 4079 3208 4145; x_wconf 83' lang='lat' dir='ltr'><strong>conferantur,</strong></span> <span class='ocrx_word' id='word_1_585' title='bbox 3243 4089 3351 4136; x_wconf 92' lang='lat' dir='ltr'><strong>tum</strong></span> <span class='ocrx_word' id='word_1_586' title='bbox 3393 4083 3717 4154; x_wconf 87' lang='lat' dir='ltr'><strong>intelligetur</strong></span> <span class='ocrx_word' id='word_1_587' title='bbox 3749 4099 3873 4140; x_wconf 90' lang='lat' dir='ltr'><strong>eum</strong></span> 
     </span>
    </p>
   </div>
   <div class='ocr_carea' id='block_1_42' title="bbox 592 4173 3872 4247">
    <p class='ocr_par' dir='ltr' id='par_1_42' title="bbox 592 4173 3872 4247">
     <span class='ocr_line' id='line_1_42' title="bbox 592 4173 3872 4247; baseline 0.001 -14"><span class='ocrx_word' id='word_1_588' title='bbox 592 4178 887 4246; x_wconf 67' lang='lat' dir='ltr'><strong>saepissime</strong></span> <span class='ocrx_word' id='word_1_589' title='bbox 929 4179 1014 4232; x_wconf 88' lang='lat' dir='ltr'><strong>vel</strong></span> <span class='ocrx_word' id='word_1_590' title='bbox 1059 4177 1314 4247; x_wconf 90' lang='lat' dir='ltr'><strong>majorem</strong></span> <span class='ocrx_word' id='word_1_591' title='bbox 1360 4177 1532 4232; x_wconf 64' lang='lat' dir='ltr'><strong>lucem</strong></span> <span class='ocrx_word' id='word_1_592' title='bbox 1571 4175 1760 4232; x_wconf 82' lang='lat' dir='ltr'><strong>afferre</strong></span> <span class='ocrx_word' id='word_1_593' title='bbox 1803 4174 1988 4230; x_wconf 92' lang='lat' dir='ltr'><strong>iisdem</strong></span> <span class='ocrx_word' id='word_1_594' title='bbox 2020 4173 2320 4244; x_wconf 86' lang='lat' dir='ltr'><strong>mysteriis,</strong></span> <span class='ocrx_word' id='word_1_595' title='bbox 2350 4175 2428 4228; x_wconf 87' lang='lat' dir='ltr'><strong>vel</strong></span> <span class='ocrx_word' id='word_1_596' title='bbox 2458 4173 2616 4228; x_wconf 89' lang='lat' dir='ltr'><strong>etiam</strong></span> <span class='ocrx_word' id='word_1_597' title='bbox 2646 4189 2814 4238; x_wconf 89' lang='lat' dir='ltr'><strong>nova,</strong></span> <span class='ocrx_word' id='word_1_598' title='bbox 2847 4189 2964 4244; x_wconf 87' lang='lat' dir='ltr'><strong>quae</strong></span> <span class='ocrx_word' id='word_1_599' title='bbox 3005 4173 3077 4229; x_wconf 92' lang='lat' dir='ltr'><strong>illi</strong></span> <span class='ocrx_word' id='word_1_600' title='bbox 3110 4189 3408 4247; x_wconf 87' lang='lat' dir='ltr'><strong>quanquam</strong></span> <span class='ocrx_word' id='word_1_601' title='bbox 3456 4193 3560 4234; x_wconf 91' lang='lat' dir='ltr'><strong>non</strong></span> <span class='ocrx_word' id='word_1_602' title='bbox 3607 4179 3872 4237; x_wconf 84' lang='lat' dir='ltr'><strong>diversam</strong></span> 
     </span>
    </p>
   </div>
   <div class='ocr_carea' id='block_1_43' title="bbox 593 4265 3866 4340">
    <p class='ocr_par' dir='ltr' id='par_1_43' title="bbox 593 4265 3866 4340">
     <span class='ocr_line' id='line_1_43' title="bbox 593 4265 3866 4340; baseline 0.001 -15"><span class='ocrx_word' id='word_1_603' title='bbox 593 4271 903 4325; x_wconf 90' lang='lat' dir='ltr'><strong>methodum</strong></span> <span class='ocrx_word' id='word_1_604' title='bbox 935 4271 1100 4326; x_wconf 90' lang='lat' dir='ltr'><strong>secuti</strong></span> <span class='ocrx_word' id='word_1_605' title='bbox 1131 4269 1584 4339; x_wconf 60' lang='lat' dir='ltr'><strong>praetermiserunt</strong></span> <span class='ocrx_word' id='word_1_606' title='bbox 1604 4309 1618 4334; x_wconf 97' lang='lat'><strong>,</strong></span> <span class='ocrx_word' id='word_1_607' title='bbox 1649 4268 1916 4322; x_wconf 81' lang='lat' dir='ltr'><strong>evolvere.</strong></span> <span class='ocrx_word' id='word_1_608' title='bbox 1955 4266 2135 4335; x_wconf 78' lang='lat' dir='ltr'><strong>Neque</strong></span> <span class='ocrx_word' id='word_1_609' title='bbox 2163 4281 2288 4323; x_wconf 88' lang='lat' dir='ltr'><strong>vero</strong></span> <span class='ocrx_word' id='word_1_610' title='bbox 2313 4265 2694 4338; x_wconf 82' lang='lat' dir='ltr'><strong>Hieronymum</strong></span> <span class='ocrx_word' id='word_1_611' title='bbox 2721 4268 2773 4321; x_wconf 89' lang='lat' dir='ltr'><strong>in</strong></span> <span class='ocrx_word' id='word_1_612' title='bbox 2799 4267 3022 4337; x_wconf 90' lang='lat' dir='ltr'><strong>epistola</strong></span> <span class='ocrx_word' id='word_1_613' title='bbox 3047 4279 3140 4323; x_wconf 84' lang='lat' dir='ltr'><strong>sua</strong></span> <span class='ocrx_word' id='word_1_614' title='bbox 3167 4267 3238 4322; x_wconf 75' lang='grc'>92</span> <span class='ocrx_word' id='word_1_615' title='bbox 3261 4309 3275 4335; x_wconf 91' lang='grc'><em>,</em></span> <span class='ocrx_word' id='word_1_616' title='bbox 3305 4285 3424 4338; x_wconf 73' lang='lat' dir='ltr'><strong>qum</strong></span> <span class='ocrx_word' id='word_1_617' title='bbox 3456 4272 3594 4328; x_wconf 89' lang='lat' dir='ltr'><strong>inter</strong></span> <span class='ocrx_word' id='word_1_618' title='bbox 3621 4274 3866 4340; x_wconf 83' lang='lat' dir='ltr'><strong>Augusti-</strong></span> 
     </span>
    </p>
   </div>
   <div class='ocr_carea' id='block_1_44' title="bbox 592 4360 3867 4432">
    <p class='ocr_par' dir='ltr' id='par_1_44' title="bbox 592 4360 3867 4432">
     <span class='ocr_line' id='line_1_44' title="bbox 592 4360 3867 4432; baseline 0.001 -14"><span class='ocrx_word' id='word_1_619' title='bbox 592 4367 779 4419; x_wconf 91' lang='lat' dir='ltr'><strong>nianas</strong></span> <span class='ocrx_word' id='word_1_620' title='bbox 805 4363 873 4418; x_wconf 74' lang='lat'><strong>&#39;72</strong></span> <span class='ocrx_word' id='word_1_621' title='bbox 908 4374 1216 4420; x_wconf 88' lang='lat' dir='ltr'><strong>numeratur</strong></span> <span class='ocrx_word' id='word_1_622' title='bbox 1236 4407 1248 4429; x_wconf 91' lang='lat'><strong>,</strong></span> <span class='ocrx_word' id='word_1_623' title='bbox 1281 4363 1426 4418; x_wconf 84' lang='lat' dir='ltr'><strong>aliud</strong></span> <span class='ocrx_word' id='word_1_624' title='bbox 1461 4363 1559 4419; x_wconf 92' lang='lat' dir='ltr'><strong>sibi</strong></span> <span class='ocrx_word' id='word_1_625' title='bbox 1599 4361 1829 4418; x_wconf 88' lang='lat' dir='ltr'><strong>voluisse</strong></span> <span class='ocrx_word' id='word_1_626' title='bbox 1857 4360 2276 4425; x_wconf 86' lang='lat' dir='ltr'><strong>crediderimus,</strong></span> <span class='ocrx_word' id='word_1_627' title='bbox 2308 4361 2396 4415; x_wconf 91' lang='lat' dir='ltr'><strong>ubi</strong></span> <span class='ocrx_word' id='word_1_628' title='bbox 2438 4371 2714 4432; x_wconf 86' lang='lat' dir='ltr'><strong>postquam</strong></span> <span class='ocrx_word' id='word_1_629' title='bbox 2757 4369 2982 4416; x_wconf 85' lang='lat' dir='ltr'><strong>testatus</strong></span> <span class='ocrx_word' id='word_1_630' title='bbox 3018 4370 3134 4426; x_wconf 86' lang='lat' dir='ltr'><strong>est,</strong></span> <span class='ocrx_word' id='word_1_631' title='bbox 3165 4361 3209 4416; x_wconf 94' lang='lat' dir='ltr'><strong>si</strong></span> <span class='ocrx_word' id='word_1_632' title='bbox 3240 4363 3431 4417; x_wconf 70' lang='lat' dir='ltr'><strong>dixerit</strong></span> <span class='ocrx_word' id='word_1_633' title='bbox 3463 4380 3566 4419; x_wconf 89' lang='lat' dir='ltr'><strong>non</strong></span> <span class='ocrx_word' id='word_1_634' title='bbox 3597 4367 3867 4422; x_wconf 74' lang='lat' dir='ltr'><strong>defuturos</strong></span> 
     </span>
    </p>
   </div>
   <div class='ocr_carea' id='block_1_45' title="bbox 591 4454 3873 4529">
    <p class='ocr_par' dir='ltr' id='par_1_45' title="bbox 591 4454 3873 4529">
     <span class='ocr_line' id='line_1_45' title="bbox 591 4454 3873 4529; baseline 0.001 -17"><span class='ocrx_word' id='word_1_635' title='bbox 591 4457 727 4514; x_wconf 80' lang='lat' dir='ltr'><strong>forte</strong></span> <span class='ocrx_word' id='word_1_636' title='bbox 755 4461 844 4529; x_wconf 90' lang='lat' dir='ltr'><strong>qui</strong></span> <span class='ocrx_word' id='word_1_637' title='bbox 889 4459 1035 4514; x_wconf 87' lang='lat' dir='ltr'><strong>libris</strong></span> <span class='ocrx_word' id='word_1_638' title='bbox 1078 4459 1195 4525; x_wconf 90' lang='lat' dir='ltr'><strong>ejus</strong></span> <span class='ocrx_word' id='word_1_639' title='bbox 1239 4467 1417 4514; x_wconf 88' lang='lat' dir='ltr'><strong>notam</strong></span> <span class='ocrx_word' id='word_1_640' title='bbox 1466 4457 1670 4512; x_wconf 89' lang='lat' dir='ltr'><strong>illinaut</strong></span> <span class='ocrx_word' id='word_1_641' title='bbox 1716 4455 2048 4514; x_wconf 89' lang='lat' dir='ltr'><strong>censoriam.</strong></span> <span class='ocrx_word' id='word_1_642' title='bbox 2093 4469 2213 4510; x_wconf 89' lang='lat' dir='ltr'><strong>cum</strong></span> <span class='ocrx_word' id='word_1_643' title='bbox 2259 4455 2429 4523; x_wconf 88' lang='lat' dir='ltr'><strong>ipsum</strong></span> <span class='ocrx_word' id='word_1_644' title='bbox 2476 4469 2688 4525; x_wconf 88' lang='lat' dir='ltr'><strong>quoque</strong></span> <span class='ocrx_word' id='word_1_645' title='bbox 2740 4454 3078 4525; x_wconf 79' lang='lat' dir='ltr'><strong>Evangelium</strong></span> <span class='ocrx_word' id='word_1_646' title='bbox 3125 4456 3288 4525; x_wconf 88' lang='lat' dir='ltr'><strong>impio</strong></span> <span class='ocrx_word' id='word_1_647' title='bbox 3333 4455 3660 4526; x_wconf 90' lang='lat' dir='ltr'><strong>perditorum</strong></span> <span class='ocrx_word' id='word_1_648' title='bbox 3711 4459 3873 4516; x_wconf 88' lang='lat' dir='ltr'><strong>dente</strong></span> 
     </span>
    </p>
   </div>
   <div class='ocr_carea' id='block_1_46' title="bbox 594 4547 3878 4623">
    <p class='ocr_par' dir='ltr' id='par_1_46' title="bbox 594 4547 3878 4623">
     <span class='ocr_line' id='line_1_46' title="bbox 594 4547 3878 4623; baseline 0 -16"><span class='ocrx_word' id='word_1_649' title='bbox 594 4552 917 4616; x_wconf 88' lang='lat' dir='ltr'><strong>mordeatur,</strong></span> <span class='ocrx_word' id='word_1_650' title='bbox 951 4551 1076 4607; x_wconf 91' lang='lat' dir='ltr'><strong>illud</strong></span> <span class='ocrx_word' id='word_1_651' title='bbox 1103 4568 1204 4605; x_wconf 88' lang='lat' dir='ltr'><strong>non</strong></span> <span class='ocrx_word' id='word_1_652' title='bbox 1230 4565 1295 4606; x_wconf 93' lang='lat' dir='ltr'><strong>eo</strong></span> <span class='ocrx_word' id='word_1_653' title='bbox 1319 4566 1379 4606; x_wconf 90' lang='lat' dir='ltr'><strong>se</strong></span> <span class='ocrx_word' id='word_1_654' title='bbox 1399 4550 1616 4615; x_wconf 78' lang='lat' dir='ltr'><strong>dixisse,</strong></span> <span class='ocrx_word' id='word_1_655' title='bbox 1644 4549 1779 4620; x_wconf 84' lang='lat' dir='ltr'><strong>quod</strong></span> <span class='ocrx_word' id='word_1_656' title='bbox 1805 4553 1857 4603; x_wconf 87' lang='lat' dir='ltr'><strong>in</strong></span> <span class='ocrx_word' id='word_1_657' title='bbox 1878 4548 2109 4620; x_wconf 85' lang='lat' dir='ltr'><strong>operibus</strong></span> <span class='ocrx_word' id='word_1_658' title='bbox 2135 4549 2252 4611; x_wconf 83' lang='lat' dir='ltr'><strong>tuis,</strong></span> <span class='ocrx_word' id='word_1_659' title='bbox 2280 4547 2466 4617; x_wconf 86' lang='lat' dir='ltr'><strong>inquit,</strong></span> <span class='ocrx_word' id='word_1_660' title='bbox 2494 4548 2727 4618; x_wconf 67' lang='lat' dir='ltr'><strong>qua’dam</strong></span> <span class='ocrx_word' id='word_1_661' title='bbox 2751 4548 3161 4617; x_wconf 85' lang='lat' dir='ltr'><strong>reprehendenda</strong></span> <span class='ocrx_word' id='word_1_662' title='bbox 3176 4551 3290 4622; x_wconf 83' lang='lat' dir='ltr'><strong>jam</strong></span> <span class='ocrx_word' id='word_1_663' title='bbox 3315 4566 3542 4606; x_wconf 86' lang='lat' dir='ltr'><strong>censeam</strong></span> <span class='ocrx_word' id='word_1_664' title='bbox 3564 4566 3582 4605; x_wconf 90' lang='lat'><strong><em>:</em></strong></span> <span class='ocrx_word' id='word_1_665' title='bbox 3603 4551 3878 4623; x_wconf 84' lang='lat' dir='ltr'><strong>subjungit</strong></span> 
     </span>
    </p>
   </div>
   <div class='ocr_carea' id='block_1_47' title="bbox 593 4639 3876 4716">
    <p class='ocr_par' dir='ltr' id='par_1_47' title="bbox 593 4639 3876 4716">
     <span class='ocr_line' id='line_1_47' title="bbox 593 4639 3876 4716; baseline 0.002 -20"><span class='ocrx_word' id='word_1_666' title='bbox 593 4643 659 4698; x_wconf 87' lang='lat' dir='ltr'><strong>de</strong></span> <span class='ocrx_word' id='word_1_667' title='bbox 682 4644 1078 4700; x_wconf 89' lang='lat' dir='ltr'><strong>commentariis</strong></span> <span class='ocrx_word' id='word_1_668' title='bbox 1101 4643 1216 4713; x_wconf 90' lang='lat' dir='ltr'><strong>ejus</strong></span> <span class='ocrx_word' id='word_1_669' title='bbox 1244 4643 1296 4698; x_wconf 91' lang='lat' dir='ltr'><strong>in</strong></span> <span class='ocrx_word' id='word_1_670' title='bbox 1325 4642 1565 4698; x_wconf 88' lang='lat' dir='ltr'><strong>Psalmos</strong></span> <span class='ocrx_word' id='word_1_671' title='bbox 1583 4684 1598 4710; x_wconf 91' lang='lat'><strong>,</strong></span> <span class='ocrx_word' id='word_1_672' title='bbox 1627 4657 1747 4699; x_wconf 91' lang='lat' dir='ltr'><strong>esse</strong></span> <span class='ocrx_word' id='word_1_673' title='bbox 1776 4641 2059 4697; x_wconf 90' lang='lat' dir='ltr'><strong>nonnullos</strong></span> <span class='ocrx_word' id='word_1_674' title='bbox 2099 4639 2239 4711; x_wconf 86' lang='lat' dir='ltr'><strong>apud</strong></span> <span class='ocrx_word' id='word_1_675' title='bbox 2267 4655 2325 4695; x_wconf 91' lang='lat' dir='ltr'><strong>se</strong></span> <span class='ocrx_word' id='word_1_676' title='bbox 2355 4639 2374 4712; x_wconf 91' lang='lat'><strong>(</strong></span> <span class='ocrx_word' id='word_1_677' title='bbox 2391 4649 2543 4696; x_wconf 90' lang='lat' dir='ltr'><strong>erant</strong></span> <span class='ocrx_word' id='word_1_678' title='bbox 2573 4641 2606 4695; x_wconf 92' lang='lat' dir='ltr'><strong>ii</strong></span> <span class='ocrx_word' id='word_1_679' title='bbox 2635 4639 2857 4696; x_wconf 83' lang='lat' dir='ltr'><strong>forsitan</strong></span> <span class='ocrx_word' id='word_1_680' title='bbox 2889 4641 3158 4699; x_wconf 88' lang='lat' dir='ltr'><strong>breviores</strong></span> <span class='ocrx_word' id='word_1_681' title='bbox 3187 4643 3466 4700; x_wconf 85' lang='lat' dir='ltr'><strong>Tractatus</strong></span> <span class='ocrx_word' id='word_1_682' title='bbox 3494 4659 3655 4716; x_wconf 90' lang='lat' dir='ltr'><strong>super</strong></span> <span class='ocrx_word' id='word_1_683' title='bbox 3687 4647 3876 4716; x_wconf 88' lang='lat' dir='ltr'><strong>primis</strong></span> 
     </span>
    </p>
   </div>
   <div class='ocr_carea' id='block_1_48' title="bbox 593 4733 3876 4806">
    <p class='ocr_par' dir='ltr' id='par_1_48' title="bbox 593 4733 3876 4806">
     <span class='ocr_line' id='line_1_48' title="bbox 593 4733 3876 4806; baseline 0.002 -18"><span class='ocrx_word' id='word_1_684' title='bbox 593 4735 805 4806; x_wconf 87' lang='lat' dir='ltr'><strong>triginta</strong></span> <span class='ocrx_word' id='word_1_685' title='bbox 836 4735 1042 4790; x_wconf 90' lang='lat' dir='ltr'><strong>duobus</strong></span> <span class='ocrx_word' id='word_1_686' title='bbox 1072 4734 1290 4805; x_wconf 89' lang='lat' dir='ltr'><strong>psalmis</strong></span> <span class='ocrx_word' id='word_1_687' title='bbox 1328 4733 1419 4789; x_wconf 88' lang='lat' dir='ltr'><strong>diu</strong></span> <span class='ocrx_word' id='word_1_688' title='bbox 1459 4744 1582 4790; x_wconf 89' lang='lat' dir='ltr'><strong>ante</strong></span> <span class='ocrx_word' id='word_1_689' title='bbox 1617 4749 1814 4789; x_wconf 89' lang='lat' dir='ltr'><strong>annum</strong></span> <span class='ocrx_word' id='word_1_690' title='bbox 1843 4735 1980 4799; x_wconf 77' lang='lat'><strong>414,</strong></span> <span class='ocrx_word' id='word_1_691' title='bbox 2010 4733 2083 4787; x_wconf 91' lang='lat' dir='ltr'><strong>uti</strong></span> <span class='ocrx_word' id='word_1_692' title='bbox 2111 4734 2222 4803; x_wconf 86' lang='lat' dir='ltr'><strong>jam</strong></span> <span class='ocrx_word' id='word_1_693' title='bbox 2251 4733 2589 4788; x_wconf 83' lang='lat' dir='ltr'><strong>observatum</strong></span> <span class='ocrx_word' id='word_1_694' title='bbox 2621 4733 2774 4790; x_wconf 89' lang='lat' dir='ltr'><strong>nobis</strong></span> <span class='ocrx_word' id='word_1_695' title='bbox 2802 4743 2918 4798; x_wconf 84' lang='lat' dir='ltr'><strong>est,</strong></span> <span class='ocrx_word' id='word_1_696' title='bbox 2951 4738 3268 4806; x_wconf 88' lang='lat' dir='ltr'><strong>compositi,</strong></span> <span class='ocrx_word' id='word_1_697' title='bbox 3305 4737 3412 4792; x_wconf 91' lang='lat' dir='ltr'><strong>imo</strong></span> <span class='ocrx_word' id='word_1_698' title='bbox 3437 4739 3597 4794; x_wconf 90' lang='lat' dir='ltr'><strong>etiam</strong></span> <span class='ocrx_word' id='word_1_699' title='bbox 3630 4737 3876 4794; x_wconf 79' lang='lat' dir='ltr'><strong>fortassis</strong></span> 
     </span>
    </p>
   </div>
   <div class='ocr_carea' id='block_1_49' title="bbox 595 4825 3873 4899">
    <p class='ocr_par' dir='ltr' id='par_1_49' title="bbox 595 4825 3873 4899">
     <span class='ocr_line' id='line_1_49' title="bbox 595 4825 3873 4899; baseline 0.001 -17"><span class='ocrx_word' id='word_1_700' title='bbox 595 4837 716 4883; x_wconf 88' lang='lat' dir='ltr'><strong>ante</strong></span> <span class='ocrx_word' id='word_1_701' title='bbox 742 4829 878 4895; x_wconf 77' lang='lat'><strong>404,</strong></span> <span class='ocrx_word' id='word_1_702' title='bbox 911 4844 1015 4899; x_wconf 90' lang='lat' dir='ltr'><strong>quo</strong></span> <span class='ocrx_word' id='word_1_703' title='bbox 1043 4829 1254 4885; x_wconf 89' lang='lat' dir='ltr'><strong>circiter</strong></span> <span class='ocrx_word' id='word_1_704' title='bbox 1280 4844 1420 4884; x_wconf 92' lang='lat' dir='ltr'><strong>anno</strong></span> <span class='ocrx_word' id='word_1_705' title='bbox 1453 4829 1647 4898; x_wconf 86' lang='lat' dir='ltr'><strong>scripta</strong></span> <span class='ocrx_word' id='word_1_706' title='bbox 1681 4827 1776 4884; x_wconf 81' lang='lat' dir='ltr'><strong>fuit</strong></span> <span class='ocrx_word' id='word_1_707' title='bbox 1803 4826 1990 4884; x_wconf 90' lang='lat' dir='ltr'><strong>eadem</strong></span> <span class='ocrx_word' id='word_1_708' title='bbox 2031 4826 2122 4881; x_wconf 92' lang='lat' dir='ltr'><strong>illa</strong></span> <span class='ocrx_word' id='word_1_709' title='bbox 2158 4825 2448 4896; x_wconf 85' lang='lat' dir='ltr'><strong>epistola),</strong></span> <span class='ocrx_word' id='word_1_710' title='bbox 2488 4842 2612 4898; x_wconf 89' lang='lat' dir='ltr'><strong>quos</strong></span> <span class='ocrx_word' id='word_1_711' title='bbox 2633 4869 2646 4892; x_wconf 92' lang='lat'><strong>,</strong></span> <span class='ocrx_word' id='word_1_712' title='bbox 2680 4828 2852 4897; x_wconf 92' lang='lat' dir='ltr'><strong>pergit</strong></span> <span class='ocrx_word' id='word_1_713' title='bbox 2879 4827 3238 4899; x_wconf 80' lang='lat' dir='ltr'><strong>Hieronymus</strong></span> <span class='ocrx_word' id='word_1_714' title='bbox 3260 4873 3273 4894; x_wconf 92' lang='lat'><strong>,</strong></span> <span class='ocrx_word' id='word_1_715' title='bbox 3305 4831 3349 4884; x_wconf 89' lang='lat' dir='ltr'><strong>si</strong></span> <span class='ocrx_word' id='word_1_716' title='bbox 3388 4830 3564 4885; x_wconf 85' lang='lat' dir='ltr'><strong>vellem</strong></span> <span class='ocrx_word' id='word_1_717' title='bbox 3603 4831 3873 4895; x_wconf 80' lang='lat' dir='ltr'><strong>discutere,</strong></span> 
     </span>
    </p>
   </div>
   <div class='ocr_carea' id='block_1_50' title="bbox 594 4921 3875 4994">
    <p class='ocr_par' dir='ltr' id='par_1_50' title="bbox 594 4921 3875 4994">
     <span class='ocr_line' id='line_1_50' title="bbox 594 4921 3875 4994; baseline 0 -17"><span class='ocrx_word' id='word_1_718' title='bbox 594 4937 694 4977; x_wconf 87' lang='lat' dir='ltr'><strong>non</strong></span> <span class='ocrx_word' id='word_1_719' title='bbox 721 4923 905 4993; x_wconf 85' lang='lat' dir='ltr'><strong>dicam,</strong></span> <span class='ocrx_word' id='word_1_720' title='bbox 936 4942 968 4979; x_wconf 89' lang='lat' dir='ltr'><strong>a</strong></span> <span class='ocrx_word' id='word_1_721' title='bbox 994 4941 1092 4992; x_wconf 91' lang='lat' dir='ltr'><strong>me,</strong></span> <span class='ocrx_word' id='word_1_722' title='bbox 1119 4926 1201 4994; x_wconf 88' lang='lat' dir='ltr'><strong>qui</strong></span> <span class='ocrx_word' id='word_1_723' title='bbox 1227 4925 1354 4978; x_wconf 80' lang='lat' dir='ltr'><strong>nihil</strong></span> <span class='ocrx_word' id='word_1_724' title='bbox 1377 4941 1507 4990; x_wconf 91' lang='lat' dir='ltr'><strong>sum,</strong></span> <span class='ocrx_word' id='word_1_725' title='bbox 1537 4924 1625 4978; x_wconf 84' lang='lat' dir='ltr'><strong>sed</strong></span> <span class='ocrx_word' id='word_1_726' title='bbox 1648 4940 1679 4976; x_wconf 92' lang='lat' dir='ltr'><strong>a</strong></span> <span class='ocrx_word' id='word_1_727' title='bbox 1704 4933 1920 4978; x_wconf 83' lang='lat' dir='ltr'><strong>veterum</strong></span> <span class='ocrx_word' id='word_1_728' title='bbox 1947 4921 2239 4975; x_wconf 80' lang='lat' dir='ltr'><strong>Crteeorum</strong></span> <span class='ocrx_word' id='word_1_729' title='bbox 2264 4921 2750 4989; x_wconf 80' lang='lat' dir='ltr'><strong>interpretationibus</strong></span> <span class='ocrx_word' id='word_1_730' title='bbox 2774 4921 2999 4976; x_wconf 86' lang='lat' dir='ltr'><strong>docerem</strong></span> <span class='ocrx_word' id='word_1_731' title='bbox 3025 4923 3328 4994; x_wconf 83' lang='lat' dir='ltr'><strong>discrepare.</strong></span> <span class='ocrx_word' id='word_1_732' title='bbox 3357 4922 3580 4991; x_wconf 85' lang='lat' dir='ltr'><strong>Quidam</strong></span> <span class='ocrx_word' id='word_1_733' title='bbox 3608 4923 3875 4979; x_wconf 87' lang='lat' dir='ltr'><strong>recentior</strong></span> 
     </span>
    </p>
   </div>
   <div class='ocr_carea' id='block_1_51' title="bbox 595 5013 3869 5087">
    <p class='ocr_par' dir='ltr' id='par_1_51' title="bbox 595 5013 3869 5087">
     <span class='ocr_line' id='line_1_51' title="bbox 595 5013 3869 5087; baseline 0 -18"><span class='ocrx_word' id='word_1_734' title='bbox 595 5017 789 5070; x_wconf 88' lang='lat' dir='ltr'><strong>asserit</strong></span> <span class='ocrx_word' id='word_1_735' title='bbox 828 5015 930 5072; x_wconf 91' lang='lat' dir='ltr'><strong>hoc</strong></span> <span class='ocrx_word' id='word_1_736' title='bbox 974 5017 1091 5072; x_wconf 93' lang='lat' dir='ltr'><strong>loco</strong></span> <span class='ocrx_word' id='word_1_737' title='bbox 1128 5017 1510 5087; x_wconf 85' lang='lat' dir='ltr'><strong>Hieronymum</strong></span> <span class='ocrx_word' id='word_1_738' title='bbox 1548 5016 1849 5087; x_wconf 90' lang='lat' dir='ltr'><strong>improbare</strong></span> <span class='ocrx_word' id='word_1_739' title='bbox 1876 5028 1994 5071; x_wconf 87' lang='lat' dir='ltr'><strong>eam</strong></span> <span class='ocrx_word' id='word_1_740' title='bbox 2025 5014 2314 5079; x_wconf 89' lang='lat' dir='ltr'><strong>rationem,</strong></span> <span class='ocrx_word' id='word_1_741' title='bbox 2345 5027 2448 5083; x_wconf 86' lang='lat' dir='ltr'><strong>qua</strong></span> <span class='ocrx_word' id='word_1_742' title='bbox 2475 5014 2832 5084; x_wconf 89' lang='lat' dir='ltr'><strong>Augustinus,</strong></span> <span class='ocrx_word' id='word_1_743' title='bbox 2865 5013 3048 5067; x_wconf 89' lang='lat' dir='ltr'><strong>relicta</strong></span> <span class='ocrx_word' id='word_1_744' title='bbox 3087 5014 3310 5068; x_wconf 88' lang='lat' dir='ltr'><strong>aliorum</strong></span> <span class='ocrx_word' id='word_1_745' title='bbox 3353 5016 3563 5069; x_wconf 89' lang='lat' dir='ltr'><strong>Patrum</strong></span> <span class='ocrx_word' id='word_1_746' title='bbox 3595 5013 3869 5078; x_wconf 90' lang='lat' dir='ltr'><strong>methodo,</strong></span> 
     </span>
    </p>
   </div>
   <div class='ocr_carea' id='block_1_52' title="bbox 594 5105 3872 5182">
    <p class='ocr_par' dir='ltr' id='par_1_52' title="bbox 594 5105 3872 5182">
     <span class='ocr_line' id='line_1_52' title="bbox 594 5105 3872 5182; baseline -0.001 -19"><span class='ocrx_word' id='word_1_747' title='bbox 594 5109 836 5167; x_wconf 85' lang='lat' dir='ltr'><strong>Psalmos</strong></span> <span class='ocrx_word' id='word_1_748' title='bbox 873 5121 954 5166; x_wconf 91' lang='lat' dir='ltr'><strong>est</strong></span> <span class='ocrx_word' id='word_1_749' title='bbox 997 5111 1386 5180; x_wconf 87' lang='lat' dir='ltr'><strong>interpretatus.</strong></span> <span class='ocrx_word' id='word_1_750' title='bbox 1432 5111 1499 5164; x_wconf 85' lang='lat' dir='ltr'><strong>At</strong></span> <span class='ocrx_word' id='word_1_751' title='bbox 1527 5110 1881 5182; x_wconf 88' lang='lat' dir='ltr'><strong>Hieronymus</strong></span> <span class='ocrx_word' id='word_1_752' title='bbox 1903 5150 1916 5174; x_wconf 91' lang='lat'><strong>,</strong></span> <span class='ocrx_word' id='word_1_753' title='bbox 1948 5107 2168 5178; x_wconf 89' lang='lat' dir='ltr'><strong>epistola</strong></span> <span class='ocrx_word' id='word_1_754' title='bbox 2200 5120 2292 5162; x_wconf 85' lang='lat' dir='ltr'><strong>sua</strong></span> <span class='ocrx_word' id='word_1_755' title='bbox 2324 5106 2391 5160; x_wconf 84' lang='lat'><strong>75</strong></span> <span class='ocrx_word' id='word_1_756' title='bbox 2421 5108 2558 5162; x_wconf 89' lang='lat' dir='ltr'><strong>inter</strong></span> <span class='ocrx_word' id='word_1_757' title='bbox 2584 5105 2988 5176; x_wconf 78' lang='lat' dir='ltr'><strong>Augustiuianas</strong></span> <span class='ocrx_word' id='word_1_758' title='bbox 3008 5147 3023 5172; x_wconf 96' lang='lat'><strong>,</strong></span> <span class='ocrx_word' id='word_1_759' title='bbox 3057 5121 3161 5160; x_wconf 90' lang='lat' dir='ltr'><strong>non</strong></span> <span class='ocrx_word' id='word_1_760' title='bbox 3194 5108 3363 5161; x_wconf 86' lang='lat' dir='ltr'><strong>multo</strong></span> <span class='ocrx_word' id='word_1_761' title='bbox 3391 5115 3513 5177; x_wconf 88' lang='lat' dir='ltr'><strong>post</strong></span> <span class='ocrx_word' id='word_1_762' title='bbox 3538 5109 3872 5178; x_wconf 88' lang='lat' dir='ltr'><strong>superiorem</strong></span> 
     </span>
    </p>
   </div>
   <div class='ocr_carea' id='block_1_53' title="bbox 595 5197 3874 5272">
    <p class='ocr_par' dir='ltr' id='par_1_53' title="bbox 595 5197 3874 5272">
     <span class='ocr_line' id='line_1_53' title="bbox 595 5197 3874 5272; baseline -0 -18"><span class='ocrx_word' id='word_1_763' title='bbox 595 5199 738 5268; x_wconf 89' lang='lat' dir='ltr'><strong>data,</strong></span> <span class='ocrx_word' id='word_1_764' title='bbox 769 5218 828 5258; x_wconf 88' lang='lat' dir='ltr'><strong>se</strong></span> <span class='ocrx_word' id='word_1_765' title='bbox 853 5202 965 5272; x_wconf 92' lang='lat' dir='ltr'><strong>ipse</strong></span> <span class='ocrx_word' id='word_1_766' title='bbox 991 5201 1322 5256; x_wconf 89' lang='lat' dir='ltr'><strong>commodius</strong></span> <span class='ocrx_word' id='word_1_767' title='bbox 1351 5201 1578 5271; x_wconf 72' lang='lat' dir='ltr'><strong>eXplicat</strong></span> <span class='ocrx_word' id='word_1_768' title='bbox 1607 5219 1619 5255; x_wconf 90' lang='lat'><strong>:</strong></span> <span class='ocrx_word' id='word_1_769' title='bbox 1649 5201 1776 5257; x_wconf 83' lang='lat' dir='ltr'><strong>satis</strong></span> <span class='ocrx_word' id='word_1_770' title='bbox 1805 5201 2000 5272; x_wconf 89' lang='lat' dir='ltr'><strong>quippe</strong></span> <span class='ocrx_word' id='word_1_771' title='bbox 2029 5199 2200 5254; x_wconf 90' lang='lat' dir='ltr'><strong>innuit</strong></span> <span class='ocrx_word' id='word_1_772' title='bbox 2227 5212 2333 5253; x_wconf 91' lang='lat' dir='ltr'><strong>non</strong></span> <span class='ocrx_word' id='word_1_773' title='bbox 2363 5197 2467 5252; x_wconf 90' lang='lat' dir='ltr'><strong>alio</strong></span> <span class='ocrx_word' id='word_1_774' title='bbox 2491 5205 2760 5268; x_wconf 88' lang='lat' dir='ltr'><strong>spectasse</strong></span> <span class='ocrx_word' id='word_1_775' title='bbox 2796 5206 3089 5254; x_wconf 90' lang='lat' dir='ltr'><strong>memorata</strong></span> <span class='ocrx_word' id='word_1_776' title='bbox 3119 5198 3278 5254; x_wconf 87' lang='lat' dir='ltr'><strong>verba</strong></span> <span class='ocrx_word' id='word_1_777' title='bbox 3300 5241 3315 5264; x_wconf 94' lang='lat'><strong>,</strong></span> <span class='ocrx_word' id='word_1_778' title='bbox 3348 5214 3505 5268; x_wconf 89' lang='lat' dir='ltr'><strong>quam</strong></span> <span class='ocrx_word' id='word_1_779' title='bbox 3539 5207 3594 5253; x_wconf 92' lang='lat' dir='ltr'><strong>ut</strong></span> <span class='ocrx_word' id='word_1_780' title='bbox 3622 5200 3874 5270; x_wconf 83' lang='lat' dir='ltr'><strong>Augusti-</strong></span> 
     </span>
    </p>
   </div>
   <div class='ocr_carea' id='block_1_54' title="bbox 596 5292 3872 5366">
    <p class='ocr_par' dir='ltr' id='par_1_54' title="bbox 596 5292 3872 5366">
     <span class='ocr_line' id='line_1_54' title="bbox 596 5292 3872 5366; baseline -0.001 -18"><span class='ocrx_word' id='word_1_781' title='bbox 596 5297 811 5350; x_wconf 90' lang='lat' dir='ltr'><strong>nianum</strong></span> <span class='ocrx_word' id='word_1_782' title='bbox 838 5304 1226 5366; x_wconf 88' lang='lat' dir='ltr'><strong>argumentum,</strong></span> <span class='ocrx_word' id='word_1_783' title='bbox 1255 5311 1358 5365; x_wconf 92' lang='lat' dir='ltr'><strong>quo</strong></span> <span class='ocrx_word' id='word_1_784' title='bbox 1384 5304 1500 5365; x_wconf 89' lang='lat' dir='ltr'><strong>post</strong></span> <span class='ocrx_word' id='word_1_785' title='bbox 1526 5295 1866 5364; x_wconf 83' lang='lat' dir='ltr'><strong>Septuaginta</strong></span> <span class='ocrx_word' id='word_1_786' title='bbox 1894 5293 2238 5364; x_wconf 87' lang='lat' dir='ltr'><strong>interpretum</strong></span> <span class='ocrx_word' id='word_1_787' title='bbox 2264 5292 2593 5356; x_wconf 79' lang='lat' dir='ltr'><strong>Versionem,</strong></span> <span class='ocrx_word' id='word_1_788' title='bbox 2622 5307 2684 5346; x_wconf 87' lang='lat' dir='ltr'><strong>ea</strong></span> <span class='ocrx_word' id='word_1_789' title='bbox 2705 5307 2863 5364; x_wconf 89' lang='lat' dir='ltr'><strong>quam</strong></span> <span class='ocrx_word' id='word_1_790' title='bbox 2889 5293 3129 5349; x_wconf 88' lang='lat' dir='ltr'><strong>ediderat</strong></span> <span class='ocrx_word' id='word_1_791' title='bbox 3154 5293 3354 5348; x_wconf 93' lang='lat' dir='ltr'><strong>inutilis</strong></span> <span class='ocrx_word' id='word_1_792' title='bbox 3381 5309 3501 5349; x_wconf 90' lang='lat' dir='ltr'><strong>esse</strong></span> <span class='ocrx_word' id='word_1_793' title='bbox 3529 5294 3872 5363; x_wconf 87' lang='lat' dir='ltr'><strong>arguebatur,</strong></span> 
     </span>
    </p>
   </div>
   <div class='ocr_carea' id='block_1_55' title="bbox 596 5383 3876 5461">
    <p class='ocr_par' dir='ltr' id='par_1_55' title="bbox 596 5383 3876 5461">
     <span class='ocr_line' id='line_1_55' title="bbox 596 5383 3876 5461; baseline -0.002 -17"><span class='ocrx_word' id='word_1_794' title='bbox 596 5388 840 5446; x_wconf 87' lang='lat' dir='ltr'><strong>dilueret.</strong></span> <span class='ocrx_word' id='word_1_795' title='bbox 870 5390 1030 5461; x_wconf 83' lang='lat' dir='ltr'><strong>Igitur</strong></span> <span class='ocrx_word' id='word_1_796' title='bbox 1056 5389 1379 5461; x_wconf 88' lang='lat' dir='ltr'><strong>propositum</strong></span> <span class='ocrx_word' id='word_1_797' title='bbox 1407 5389 1653 5443; x_wconf 91' lang='lat' dir='ltr'><strong>dilemma</strong></span> <span class='ocrx_word' id='word_1_798' title='bbox 1685 5395 1955 5457; x_wconf 89' lang='lat' dir='ltr'><strong>retorquet</strong></span> <span class='ocrx_word' id='word_1_799' title='bbox 1993 5387 2044 5441; x_wconf 91' lang='lat' dir='ltr'><strong>iu</strong></span> <span class='ocrx_word' id='word_1_800' title='bbox 2076 5386 2217 5440; x_wconf 87' lang='lat' dir='ltr'><strong>hunc</strong></span> <span class='ocrx_word' id='word_1_801' title='bbox 2246 5385 2457 5439; x_wconf 90' lang='lat' dir='ltr'><strong>modum</strong></span> <span class='ocrx_word' id='word_1_802' title='bbox 2485 5401 2498 5438; x_wconf 89' lang='lat'>:</span> <span class='ocrx_word' id='word_1_803' title='bbox 2534 5383 2850 5454; x_wconf 84' lang='lat' dir='ltr'><strong>Respondeat</strong></span> <span class='ocrx_word' id='word_1_804' title='bbox 2879 5386 3003 5439; x_wconf 84' lang='lat' dir='ltr'><strong>mihi</strong></span> <span class='ocrx_word' id='word_1_805' title='bbox 3032 5385 3301 5455; x_wconf 86' lang='lat' dir='ltr'><strong>prudentia</strong></span> <span class='ocrx_word' id='word_1_806' title='bbox 3339 5395 3455 5449; x_wconf 89' lang='lat' dir='ltr'><strong>tua,</strong></span> <span class='ocrx_word' id='word_1_807' title='bbox 3487 5401 3642 5454; x_wconf 86' lang='lat' dir='ltr'><strong>quare</strong></span> <span class='ocrx_word' id='word_1_808' title='bbox 3680 5395 3732 5438; x_wconf 90' lang='lat' dir='ltr'><strong>tu</strong></span> <span class='ocrx_word' id='word_1_809' title='bbox 3762 5394 3876 5455; x_wconf 84' lang='lat' dir='ltr'><strong>post</strong></span> 
     </span>
    </p>
   </div>
   <div class='ocr_carea' id='block_1_56' title="bbox 599 5476 3873 5555">
    <p class='ocr_par' dir='ltr' id='par_1_56' title="bbox 599 5476 3873 5555">
     <span class='ocr_line' id='line_1_56' title="bbox 599 5476 3873 5555; baseline -0.002 -17"><span class='ocrx_word' id='word_1_810' title='bbox 599 5492 762 5539; x_wconf 86' lang='lat' dir='ltr'><strong>tantos</strong></span> <span class='ocrx_word' id='word_1_811' title='bbox 785 5495 835 5540; x_wconf 91' lang='lat' dir='ltr'><strong>et</strong></span> <span class='ocrx_word' id='word_1_812' title='bbox 861 5486 982 5539; x_wconf 86' lang='lat' dir='ltr'><strong>tales</strong></span> <span class='ocrx_word' id='word_1_813' title='bbox 1006 5485 1296 5555; x_wconf 87' lang='lat' dir='ltr'><strong>interpretes</strong></span> <span class='ocrx_word' id='word_1_814' title='bbox 1323 5483 1374 5537; x_wconf 92' lang='lat' dir='ltr'><strong>in</strong></span> <span class='ocrx_word' id='word_1_815' title='bbox 1401 5483 1754 5553; x_wconf 71' lang='lat' dir='ltr'><strong>explanatione</strong></span> <span class='ocrx_word' id='word_1_816' title='bbox 1783 5480 2104 5534; x_wconf 85' lang='lat' dir='ltr'><strong>Psalmorum</strong></span> <span class='ocrx_word' id='word_1_817' title='bbox 2132 5479 2326 5532; x_wconf 82' lang='lat' dir='ltr'><strong>diversa</strong></span> <span class='ocrx_word' id='word_1_818' title='bbox 2351 5478 2606 5532; x_wconf 81' lang='lat' dir='ltr'><strong>senseris?</strong></span> <span class='ocrx_word' id='word_1_819' title='bbox 2635 5476 2696 5534; x_wconf 92' lang='lat' dir='ltr'><strong>Si</strong></span> <span class='ocrx_word' id='word_1_820' title='bbox 2721 5479 2852 5533; x_wconf 88' lang='lat' dir='ltr'><strong>enim</strong></span> <span class='ocrx_word' id='word_1_821' title='bbox 2881 5477 3080 5532; x_wconf 86' lang='lat' dir='ltr'><strong>obscuri</strong></span> <span class='ocrx_word' id='word_1_822' title='bbox 3108 5487 3226 5533; x_wconf 89' lang='lat' dir='ltr'><strong>sunt</strong></span> <span class='ocrx_word' id='word_1_823' title='bbox 3259 5477 3450 5532; x_wconf 87' lang='lat' dir='ltr'><strong>Psalmi</strong></span> <span class='ocrx_word' id='word_1_824' title='bbox 3470 5519 3484 5543; x_wconf 90' lang='lat'><strong>,</strong></span> <span class='ocrx_word' id='word_1_825' title='bbox 3518 5487 3566 5532; x_wconf 87' lang='lat' dir='ltr'><strong>te</strong></span> <span class='ocrx_word' id='word_1_826' title='bbox 3600 5495 3794 5547; x_wconf 86' lang='lat' dir='ltr'><strong>quoque</strong></span> <span class='ocrx_word' id='word_1_827' title='bbox 3819 5479 3873 5530; x_wconf 87' lang='lat' dir='ltr'><strong>in</strong></span> 
     </span>
    </p>
   </div>
   <div class='ocr_carea' id='block_1_57' title="bbox 599 5571 3874 5646">
    <p class='ocr_par' dir='ltr' id='par_1_57' title="bbox 599 5571 3874 5646">
     <span class='ocr_line' id='line_1_57' title="bbox 599 5571 3874 5646; baseline -0.002 -18"><span class='ocrx_word' id='word_1_828' title='bbox 599 5576 670 5629; x_wconf 90' lang='lat' dir='ltr'><strong>eis</strong></span> <span class='ocrx_word' id='word_1_829' title='bbox 696 5576 807 5646; x_wconf 80' lang='lat' dir='ltr'><strong>falli</strong></span> <span class='ocrx_word' id='word_1_830' title='bbox 835 5577 1053 5646; x_wconf 87' lang='lat' dir='ltr'><strong>potuisse</strong></span> <span class='ocrx_word' id='word_1_831' title='bbox 1082 5575 1383 5630; x_wconf 82' lang='lat' dir='ltr'><strong>credendum</strong></span> <span class='ocrx_word' id='word_1_832' title='bbox 1414 5585 1484 5628; x_wconf 89' lang='lat' dir='ltr'><strong>est</strong></span> <span class='ocrx_word' id='word_1_833' title='bbox 1512 5592 1529 5628; x_wconf 90' lang='lat'><strong><em>:</em></strong></span> <span class='ocrx_word' id='word_1_834' title='bbox 1555 5575 1599 5628; x_wconf 89' lang='lat' dir='ltr'><strong>si</strong></span> <span class='ocrx_word' id='word_1_835' title='bbox 1625 5574 1906 5643; x_wconf 80' lang='lat' dir='ltr'><strong>manifesti,</strong></span> <span class='ocrx_word' id='word_1_836' title='bbox 1949 5572 2065 5625; x_wconf 85' lang='lat' dir='ltr'><strong>illos</strong></span> <span class='ocrx_word' id='word_1_837' title='bbox 2099 5572 2152 5624; x_wconf 89' lang='lat' dir='ltr'><strong>in</strong></span> <span class='ocrx_word' id='word_1_838' title='bbox 2185 5571 2253 5624; x_wconf 88' lang='lat' dir='ltr'><strong>eis</strong></span> <span class='ocrx_word' id='word_1_839' title='bbox 2294 5571 2404 5638; x_wconf 78' lang='lat' dir='ltr'><strong>falli</strong></span> <span class='ocrx_word' id='word_1_840' title='bbox 2446 5573 2663 5641; x_wconf 84' lang='lat' dir='ltr'><strong>potuisse</strong></span> <span class='ocrx_word' id='word_1_841' title='bbox 2705 5589 2803 5624; x_wconf 90' lang='lat' dir='ltr'><strong>non</strong></span> <span class='ocrx_word' id='word_1_842' title='bbox 2843 5571 3104 5625; x_wconf 87' lang='lat' dir='ltr'><strong>creditur:</strong></span> <span class='ocrx_word' id='word_1_843' title='bbox 3132 5588 3191 5623; x_wconf 89' lang='lat' dir='ltr'><strong>ac</strong></span> <span class='ocrx_word' id='word_1_844' title='bbox 3223 5588 3311 5638; x_wconf 88' lang='lat' dir='ltr'><strong>per</strong></span> <span class='ocrx_word' id='word_1_845' title='bbox 3350 5571 3442 5625; x_wconf 85' lang='lat' dir='ltr'><strong>hoc</strong></span> <span class='ocrx_word' id='word_1_846' title='bbox 3478 5581 3688 5642; x_wconf 87' lang='lat' dir='ltr'><strong>utroque</strong></span> <span class='ocrx_word' id='word_1_847' title='bbox 3723 5572 3874 5624; x_wconf 87' lang='lat' dir='ltr'><strong>modo</strong></span> 
     </span>
    </p>
   </div>
   <div class='ocr_carea' id='block_1_58' title="bbox 594 5666 3877 5742">
    <p class='ocr_par' dir='ltr' id='par_1_58' title="bbox 594 5666 3877 5742">
     <span class='ocr_line' id='line_1_58' title="bbox 594 5666 3877 5742; baseline -0.002 -17"><span class='ocrx_word' id='word_1_848' title='bbox 594 5671 861 5742; x_wconf 79' lang='lat' dir='ltr'><strong>superﬂua</strong></span> <span class='ocrx_word' id='word_1_849' title='bbox 883 5673 974 5726; x_wconf 87' lang='lat' dir='ltr'><strong>erit</strong></span> <span class='ocrx_word' id='word_1_850' title='bbox 995 5672 1334 5742; x_wconf 83' lang='lat' dir='ltr'><strong>interpretatio</strong></span> <span class='ocrx_word' id='word_1_851' title='bbox 1361 5680 1446 5724; x_wconf 87' lang='lat' dir='ltr'><strong>tua</strong></span> <span class='ocrx_word' id='word_1_852' title='bbox 1469 5686 1485 5724; x_wconf 93' lang='lat'><em>:</em></span> <span class='ocrx_word' id='word_1_853' title='bbox 1511 5680 1555 5722; x_wconf 88' lang='lat' dir='ltr'><strong>et</strong></span> <span class='ocrx_word' id='word_1_854' title='bbox 1583 5672 1676 5722; x_wconf 81' lang='lat' dir='ltr'><strong>hac</strong></span> <span class='ocrx_word' id='word_1_855' title='bbox 1706 5670 1810 5739; x_wconf 76' lang='lat' dir='ltr'><strong>lege</strong></span> <span class='ocrx_word' id='word_1_856' title='bbox 1837 5677 1945 5739; x_wconf 86' lang='lat' dir='ltr'><strong>post</strong></span> <span class='ocrx_word' id='word_1_857' title='bbox 1975 5667 2166 5737; x_wconf 85' lang='lat' dir='ltr'><strong>priores</strong></span> <span class='ocrx_word' id='word_1_858' title='bbox 2190 5683 2333 5720; x_wconf 85' lang='lat' dir='ltr'><strong>nemo</strong></span> <span class='ocrx_word' id='word_1_859' title='bbox 2358 5668 2489 5734; x_wconf 76' lang='lat' dir='ltr'><strong>loqui</strong></span> <span class='ocrx_word' id='word_1_860' title='bbox 2518 5667 2752 5729; x_wconf 81' lang='lat' dir='ltr'><strong>aitdebit;</strong></span> <span class='ocrx_word' id='word_1_861' title='bbox 2781 5677 2825 5720; x_wconf 90' lang='lat' dir='ltr'><strong>et</strong></span> <span class='ocrx_word' id='word_1_862' title='bbox 2851 5669 3198 5734; x_wconf 81' lang='lat' dir='ltr'><strong>quodcumque</strong></span> <span class='ocrx_word' id='word_1_863' title='bbox 3223 5666 3354 5718; x_wconf 82' lang='lat' dir='ltr'><strong>alius</strong></span> <span class='ocrx_word' id='word_1_864' title='bbox 3381 5667 3715 5735; x_wconf 85' lang='lat' dir='ltr'><strong>occupaverit,</strong></span> <span class='ocrx_word' id='word_1_865' title='bbox 3739 5666 3877 5723; x_wconf 82' lang='lat' dir='ltr'><strong>alius</strong></span> 
     </span>
    </p>
   </div>
   <div class='ocr_carea' id='block_1_59' title="bbox 601 5761 3873 5833">
    <p class='ocr_par' dir='ltr' id='par_1_59' title="bbox 601 5761 3873 5833">
     <span class='ocr_line' id='line_1_59' title="bbox 601 5761 3873 5833; baseline -0 -13"><span class='ocrx_word' id='word_1_866' title='bbox 601 5767 667 5820; x_wconf 79' lang='lat' dir='ltr'><strong>de</strong></span> <span class='ocrx_word' id='word_1_867' title='bbox 693 5781 750 5820; x_wconf 89' lang='lat' dir='ltr'><strong>eo</strong></span> <span class='ocrx_word' id='word_1_868' title='bbox 776 5764 1020 5820; x_wconf 83' lang='lat' dir='ltr'><strong>scribendi</strong></span> <span class='ocrx_word' id='word_1_869' title='bbox 1049 5784 1148 5821; x_wconf 84' lang='lat' dir='ltr'><strong>non</strong></span> <span class='ocrx_word' id='word_1_870' title='bbox 1179 5766 1371 5822; x_wconf 76' lang='lat' dir='ltr'><strong>habebit</strong></span> <span class='ocrx_word' id='word_1_871' title='bbox 1399 5765 1662 5818; x_wconf 40' lang='lat' dir='ltr'><strong>licentiam,</strong></span> <span class='ocrx_word' id='word_1_872' title='bbox 1705 5766 1762 5820; x_wconf 68' lang='lat' dir='ltr'><strong>lit</strong></span> <span class='ocrx_word' id='word_1_873' title='bbox 1797 5775 1936 5818; x_wconf 61' lang='grc' dir='ltr'><strong>(τι-ιι·</strong></span> <span class='ocrx_word' id='word_1_874' title='bbox 1970 5764 2018 5817; x_wconf 90' lang='lat' dir='ltr'><strong>in</strong></span> <span class='ocrx_word' id='word_1_875' title='bbox 2054 5772 2235 5816; x_wconf 66' lang='lat' dir='ltr'><strong>iii-utra</strong></span> <span class='ocrx_word' id='word_1_876' title='bbox 2263 5763 2601 5829; x_wconf 61' lang='grc' dir='ltr'><strong>(ξιδὶέεΟΙΜἮΙη</strong></span> <span class='ocrx_word' id='word_1_877' title='bbox 2645 5761 2710 5814; x_wconf 76' lang='lat' dir='ltr'><strong>de</strong></span> <span class='ocrx_word' id='word_1_878' title='bbox 2746 5768 3000 5815; x_wconf 79' lang='lat' dir='ltr'><strong>Consueta</strong></span> <span class='ocrx_word' id='word_1_879' title='bbox 3042 5761 3248 5816; x_wconf 86' lang='lat' dir='ltr'><strong>ratione</strong></span> <span class='ocrx_word' id='word_1_880' title='bbox 3277 5763 3575 5833; x_wconf 79' lang='lat' dir='ltr'><strong>exponendi</strong></span> <span class='ocrx_word' id='word_1_881' title='bbox 3607 5763 3873 5831; x_wconf 78' lang='lat' dir='ltr'><strong>Psaltuos.</strong></span> 
     </span>
    </p>
   </div>
  </div>
