4078 6418
177 380 248 440 t7
1637 378 2018 436 PREFATIO.
3401 390 3470 448 ιε

176 512 250 555 ne
273 496 503 555 verbum
531 496 767 570 quidem.
811 495 965 567 Quod
1005 497 1052 552 si
1092 495 1332 553 laborem
1374 497 1651 570 Augustini
1696 497 1764 552 ad
1792 511 2016 553 examen
2047 511 2298 554 revocare
2336 498 2659 572 Hieronymo
2699 499 2973 568 libuisset,
3016 500 3138 558 huic
3165 505 3283 562 sine
3306 503 3471 564 dubio

175 592 551 648 occurrissent
575 592 611 647 ii
636 606 859 660 sensus,
890 605 1024 662 quos
1047 591 1185 662 apud
1213 590 1541 662 antiquiores
1569 608 1673 646 non
1703 592 1992 662 reperisset
2020 609 2033 646 :
2061 608 2394 664 nequaquam
2425 609 2552 649 vero
2579 596 2681 650 alia
2710 596 3026 664 methodus;
3057 600 3270 670 quando
3297 601 3474 658 eidem

172 685 410 743 adhaesit
435 694 652 742 sanctus
672 685 926 752 Antistes,
956 700 1113 756 quam
1134 683 1386 753 Hilarius,
1414 684 1728 740 Ambrosius
1751 692 1805 740 et
1828 684 2008 739 caeteri
2032 699 2166 756 quos
2191 685 2371 740 laudat
2391 685 2766 758 Hieronymus,
2792 701 2944 744 erant
2967 692 3154 746 secuti.
3181 691 3275 749 Sin
3301 693 3476 764 agitur

172 781 248 838 de
277 779 438 836 modo
482 782 749 838 sermonis
793 781 958 837 divini
985 782 1266 855 allegorice
1295 799 1358 839 ac
1394 783 1668 839 moraliter
1707 781 2072 848 edisserendi,
2113 783 2232 854 quis
2267 792 2441 852 potest
2480 798 2602 838 eum
2650 785 2937 840 universim
2982 787 3317 858 vituperare;
3347 803 3475 846 cum

169 874 370 929 eodem
400 882 457 929 et
480 876 661 930 caeteri
687 874 872 931 Patres
899 890 1022 932 cum
1052 876 1367 948 Augustino,
1399 886 1453 934 et
1478 879 1706 950 ipsemet
1733 876 2086 947 Hieronymus
2115 892 2222 932 non
2250 893 2372 932 raro
2399 893 2526 934 usus
2556 877 2738 943 fuerit,
2772 880 3062 936 secundum
3089 882 3468 953 Apostolorum

166 969 484 1039 exemplum
511 978 672 1040 atque
701 970 1037 1026 doctrinam?
1065 971 1239 1027 Testis
1267 980 1351 1028 est
1376 972 1559 1028 beatus
1587 971 1783 1027 Paulus
1801 1012 1816 1038 ,
1860 984 2206 1042 quaecumque
2245 971 2300 1026 in
2329 971 2506 1027 Veteri
2532 971 2872 1028 Testamento
2900 985 3052 1044 gesta
3079 985 3470 1045 memorantur,

167 1079 240 1118 ea
275 1063 474 1134 ﬁguras
502 1077 655 1130 esse,
688 1063 956 1136 fuisseque
987 1066 1054 1121 ad
1084 1076 1320 1122 nostrain
1351 1065 1735 1122 institutionem
1764 1065 1962 1136 scripta
1988 1064 2043 1137 (ι
2068 1064 2183 1120 Cor.
2212 1081 2248 1120 x
2267 1107 2283 1133 ,
2313 1065 2402 1137 11)
2433 1082 2446 1116 :
2474 1065 2621 1137 atqui
2650 1065 2785 1121 facta
2825 1066 2915 1121 illa
2955 1068 3208 1139 pleraque
3241 1070 3470 1127 Psalmis

165 1158 458 1212 materiam
483 1156 844 1227 suppeditant,
878 1159 1082 1230 ipsique
1105 1159 1240 1215 adeo
1265 1159 1459 1215 Psalmi
1488 1159 1943 1230 metaphorarum,
1971 1159 2332 1230 aenigmatum,
2365 1173 2571 1214 necnon
2600 1159 3032 1229 propheticarum
3055 1161 3476 1233 descriptionum

175 1249 330 1320 pleni
357 1258 485 1304 sunt
514 1270 529 1305 :
557 1263 621 1306 ac
656 1249 878 1320 proinde
905 1252 994 1321 qui
1027 1267 1123 1307 nos
1151 1253 1286 1308 intra
1312 1253 1567 1322 simplicis
1595 1253 1788 1308 litterae
1813 1252 2082 1323 angustias
2109 1266 2359 1307 coercere
2387 1251 2581 1321 vellet,
2614 1251 2660 1307 is
2689 1252 2900 1322 quidem
2933 1269 3031 1308 nos
3057 1253 3379 1325 deprimeret
3406 1258 3476 1313 ad

172 1343 544 1400 conditionem
569 1342 872 1400 Judteorum
892 1359 1072 1415 ,.quos
1095 1360 1206 1401 sua:
1230 1347 1462 1416 ipsorum
1488 1346 1709 1402 cmeitati
1741 1345 1878 1401 Deus
1909 1344 2172 1414 permisit,
2202 1352 2257 1397 ut
2281 1344 2502 1398 videntes
2528 1361 2630 1398 non
2656 1343 2856 1399 videant
2885 1344 3035 1415 (Luc.
3064 1346 3154 1400 viti
3175 1387 3189 1412 ,
3218 1348 3329 1418 10).

250 1439 427 1508 Atque
450 1435 570 1492 hare
597 1451 624 1490 a
653 1437 809 1493 nobis
834 1436 974 1492 dicta
997 1438 1122 1505 sint,
1153 1448 1208 1493 ut
1231 1440 1524 1510 generatim
1548 1437 1825 1510 Augustini
1853 1436 2163 1491 methodum
2188 1435 2537 1491 defendamus
2561 1455 2575 1492 :
2599 1437 2811 1491 tametsi
2840 1437 3008 1491 nostri
3033 1437 3242 1492 consilii
3271 1453 3378 1493 non
3404 1440 3476 1494 sit

176 1541 506 1603 extorquere
532 1530 602 1586 ab
628 1530 898 1598 omnibus,
930 1539 988 1587 ut
1012 1531 1096 1587 vel
1123 1532 1426 1588 levissimas
1455 1531 1691 1603 ejusdem
1718 1530 2005 1585 allusiones
2030 1529 2240 1595 eadem,
2267 1544 2370 1600 qua
2397 1544 2494 1584 nos
2523 1529 2644 1600 ipsi,
2679 1529 3022 1586 veneratione
3049 1540 3471 1601 prosequantur:

179 1624 318 1679 satis
344 1624 478 1690 erit,
509 1622 554 1677 si
585 1636 689 1678 non
729 1623 974 1695 indignas
1009 1625 1229 1679 materia
1269 1639 1386 1695 quae
1425 1631 1714 1690 tractatur,
1751 1623 1889 1694 :nqui
1930 1637 2106 1677 rerum
2151 1623 2504 1678 aestimatores
2543 1622 2800 1693 judicent.
2828 1608 2955 1679 'lmo
2986 1639 3110 1679 vero
3146 1625 3191 1679 si
3222 1625 3477 1696 temporis

173 1715 396 1787 ingenio
415 1714 620 1770 servire
641 1729 705 1770 ac
724 1729 844 1770 sese
864 1713 1038 1786 plebis
1059 1717 1234 1786 captui
1257 1716 1661 1772 accommodare
1691 1731 1794 1770 non
1817 1715 2050 1770 novisset
2077 1715 2262 1770 beatus
2281 1714 2505 1781 Prmsnl,
2533 1715 2600 1770 ab
2621 1731 2679 1770 ea
2703 1716 2907 1771 ratione
2931 1717 3120 1787 agendi
3141 1717 3474 1785 descivisset,

172 1825 339 1882 quam
370 1811 597 1880 ipsemet
621 1809 757 1865 Deus
777 1809 994 1866 adhibet
1013 1811 1068 1865 in
1089 1811 1256 1867 sacris
1276 1810 1522 1877 Litteris;
1545 1810 1636 1865 ubi
1659 1810 1885 1881 Spiritus
1906 1817 2120 1865 sanctus
2141 1809 2356 1863 humani
2378 1808 2640 1865 sermonis
2661 1825 2866 1865 morem
2889 1821 3126 1880 usurpat,
3150 1810 3478 1869 humillimas

173 1917 420 1975 quasque
446 1902 657 1958 dicendi
681 1901 882 1958 formas
907 1918 1012 1958 non
1040 1903 1358 1974 repudians;
1387 1905 1478 1959 ubi
1504 1905 1661 1958 etiam
1682 1943 1696 1968 ,
1729 1917 1836 1975 quo
1860 1903 2113 1958 veritates
2147 1902 2213 1957 ad
2255 1903 2477 1959 salutem
2520 1904 2850 1959 necessarias
2888 1903 3193 1961 hominibus
3230 1907 3470 1975 instillet,

175 1995 491 2051 bistoricam
532 1996 845 2052 varietatem
884 2009 948 2051 ac
983 1997 1245 2068 poeticam
1280 1997 1643 2054 amoenitatem
1684 2011 1806 2052 cum
1855 1996 2327 2052 instrumentorum
2370 1997 2692 2052 musicorum
2740 1998 2997 2054 suavitate
3036 1999 3475 2072 Psalmorumque

172 2099 338 2146 cantu
366 2091 660 2162 conjungit.
696 2090 966 2146 Patiamur
992 2090 1170 2162 itaque
1199 2091 1550 2161 Augustinum
1579 2090 1848 2161 allegoriis
1886 2099 2045 2160 atque
2081 2090 2201 2146 aliis
2230 2089 2686 2145 observationibus
2714 2091 2787 2145 uti
2807 2132 2821 2158 ,
2862 2091 3053 2161 quibus
3081 2108 3186 2147 non
3214 2093 3475 2163 imparem

171 2183 467 2240 arbitratur
492 2183 751 2254 populum
780 2197 970 2249 suum;
1002 2191 1058 2239 et
1085 2183 1200 2239 hazc
1229 2193 1409 2239 nostra
1435 2197 1561 2240 cura
1587 2183 1688 2250 sit,
1720 2183 2116 2239 admirabilibus
2153 2185 2434 2254 praaceplis
2452 2225 2466 2250 ,
2500 2200 2619 2256 qua:
2646 2184 2770 2241 inde
2798 2193 2950 2256 capta
2992 2187 3272 2242 occasione
3299 2188 3473 2244 eidem

174 2279 368 2348 tradit,
397 2278 766 2336 adhaerescere
794 2298 808 2335 :
841 2279 984 2352 quod
1012 2281 1185 2352 ipsum
1217 2281 1462 2337 similiter
1491 2281 1775 2336 observare
1815 2295 1914 2336 nos
1940 2279 2255 2348 conveniet,
2289 2281 2333 2334 si
2363 2279 2575 2350 quando
2602 2280 2846 2336 nonnihil
2875 2297 2907 2337 a
2935 2297 3059 2338 vera
3089 2282 3476 2355 signiﬁcatione

178 2370 546 2428 deflectentem
567 2413 582 2440 ,
611 2371 810 2442 optima
837 2381 1014 2427 tamen
1039 2373 1332 2444 praecipere
1359 2380 1519 2443 atque
1547 2372 1613 2426 ad
1641 2373 1892 2443 pietatem
1919 2371 2150 2426 maxime
2175 2371 2516 2427 accommoda
2543 2374 2894 2443 reperiemus.

250 2465 521 2521 Creterum
565 2464 633 2521 de
672 2466 1176 2522 commentariorum
1219 2465 1474 2521 horumce
1512 2465 1706 2520 merito
1746 2478 1852 2519 non
1896 2473 1978 2518 est
2019 2462 2467 2534 pronuntiandum
2508 2473 2814 2533 comparate
2855 2465 2922 2520 ad
2963 2465 3232 2522 hebrmum
3273 2475 3478 2526 textum

176 2557 525 2625 hodiernum,
548 2574 721 2630 neque
742 2558 900 2615 etiam
924 2557 990 2613 ad
1011 2558 1481 2630 Hieronymianum
1503 2574 1518 2622 ;
1545 2556 1758 2629 quando
1774 2557 2099 2626 Augustinus
2116 2555 2259 2611 LXX
2282 2557 2624 2626 lnterpretes,
2647 2558 2735 2627 qui
2759 2557 2893 2612 forte
2913 2558 3182 2613 hebraeum
3203 2561 3479 2632 exemplar

175 2665 332 2723 aque
361 2652 443 2706 vel
474 2651 630 2706 etiam
660 2651 828 2723 magis
853 2651 1193 2706 emendatum
1223 2650 1479 2717 habuere,
1511 2649 1813 2720 sequendos
1843 2649 1943 2704 sibi
1970 2649 2263 2719 proposuit.
2295 2648 2517 2704 Nescius
2543 2659 2624 2704 est
2653 2664 2811 2705 nemo
2851 2659 3105 2719 quantum
3145 2652 3477 2707 auctoritatis

175 2758 371 2801 eorum
417 2743 729 2798 traductioni
771 2743 883 2814 jam
922 2743 1046 2800 inde
1073 2759 1102 2798 a
1134 2744 1320 2815 primis
1357 2743 1684 2812 temporibus
1713 2743 1853 2798 Deus
1881 2742 2106 2797 voluerit
2141 2755 2262 2796 esse
2291 2741 2344 2795 in
2374 2740 2646 2807 Ecclesia;
2679 2749 2936 2812 quantum
2975 2743 3384 2800 existimationis
3422 2744 3478 2800 ei

175 2835 490 2907 pepererint
520 2834 793 2905 Apostoli,
824 2834 971 2890 illam
1007 2835 1062 2890 in
1088 2835 1222 2890 Novi
1252 2834 1577 2890 Testanienti
1622 2836 1826 2904 paginis
1865 2833 2274 2904 consignantes;
2325 2842 2581 2902 quantum
2629 2833 2861 2905 denique
2909 2837 3334 2892 testimoniorum
3373 2837 3477 2908 ipsi

178 2925 503 2997 protulerint
547 2925 746 2981 eisdem
786 2925 1001 2992 verbis,
1048 2925 1240 2997 quibus
1284 2927 1335 2981 in
1378 2927 1688 2982 eorumdem
1728 2926 2081 2996 lnterpretum
2125 2925 2372 2997 leguntur
2408 2924 2666 2981 Psalterio
2700 2943 2712 2980 :
2742 2941 2812 2982 ex
2838 2941 2944 2998 quo
2971 2928 3186 2999 quidem
3216 2930 3478 2987 Psalterio

179 3019 475 3077 Versiones
503 3035 693 3075 omnes
719 3035 837 3091 quae
866 3020 1124 3076 hactenus
1156 3022 1208 3075 in
1236 3020 1474 3076 Ecclesia
1505 3021 1744 3087 valuere,
1773 3021 2025 3076 traducta:
2053 3029 2197 3074 sunt.

250 3111 358 3168 Sed
388 3111 604 3183 quando
634 3127 733 3168 nos
757 3111 862 3168 huc
886 3112 1105 3168 adduxit
1128 3113 1320 3179 oratio,
1351 3125 1499 3168 extra
1528 3115 1858 3183 propositum
1889 3128 1993 3168 non
2022 3113 2184 3169 fuerit
2209 3112 2279 3168 de
2303 3111 2464 3168 variis
2489 3112 2594 3169 illis
2621 3112 2968 3171 Versionibus
2995 3130 3160 3187 pauca
3186 3117 3473 3189 subjicere.

181 3207 540 3281 Hieronymus
569 3210 626 3265 in
652 3209 877 3281 epistola
905 3210 1010 3266 155
1029 3251 1044 3274 ,
1077 3207 1142 3263 ad
1170 3209 1426 3265 Sunniam
1458 3217 1509 3263 et
1538 3209 1831 3275 Fretelam,
1861 3209 2140 3263 occasione
2170 3206 2520 3278 quorumdam
2551 3208 2788 3263 locorum
2821 3208 3092 3278 Psalterii,
3120 3210 3188 3265 de
3216 3226 3322 3283 quo
3350 3228 3475 3269 eum

185 3303 568 3371 consulebant,
597 3318 824 3374 graecam
850 3301 996 3358 LXX
1023 3302 1376 3372 lnterpretum
1416 3301 1725 3356 Versionem
1759 3311 1940 3356 monet
1970 3302 2021 3355 in
2054 3299 2260 3354 duabus
2287 3299 2615 3356 circumferri
2651 3300 3004 3367 editionibus;
3036 3317 3258 3372 quarum
3283 3305 3474 3374 altera,

185 3403 236 3451 et
265 3410 330 3450 ea
359 3394 573 3467 quidem
613 3390 780 3466 ipsius
809 3394 1010 3464 judicio
1053 3393 1230 3448 minus
1257 3394 1509 3463 castigata
1533 3436 1547 3458 ,
1577 3393 1852 3448 dicebatur
1879 3391 2217 3461 Communis,
2245 3391 2466 3463 Vulgata
2487 3433 2502 3458 ,
2532 3403 2587 3447 et
2613 3392 2832 3449 Luciani
2863 3394 3028 3450 editio
3061 3413 3073 3448 :
3106 3395 3269 3452 altera
3296 3405 3474 3454 autem

181 3496 328 3553 erat,
356 3503 477 3558 qua:
494 3529 511 3555 ,
542 3495 600 3542 ut
627 3487 740 3558 ejus
767 3486 929 3542 verba
953 3498 1294 3556 usurpemns,
1325 3485 1532 3539 habetur
1559 3485 1612 3538 in
1648 3483 1915 3554 Hexaplis,
1947 3494 2000 3539 ct
2026 3501 2139 3554 qua:
2166 3489 2220 3538 in
2246 3485 2556 3539 eruditorum
2583 3484 2721 3540 libris
2746 3487 3043 3558 incorrupta
3068 3496 3114 3540 et
3145 3488 3475 3544 immaculata

178 3587 487 3633 reservatur.
522 3578 596 3633 De
623 3593 725 3648 qua
750 3578 908 3634 etiam
936 3577 1094 3647 paulo
1117 3583 1239 3631 ante
1266 3575 1506 3640 dixerat,
1539 3574 1608 3628 Et
1637 3592 1668 3628 a
1694 3575 1836 3630 nobis
1862 3575 1915 3628 in
1947 3574 2160 3629 latinum
2188 3589 2468 3630 sermonem
2497 3574 2710 3644 ﬁdeliter
2735 3591 2876 3630 versa
2903 3584 2974 3630 est
2991 3619 3006 3643 ,
3037 3585 3082 3630 et
3109 3576 3478 3651 Hierosolyma!

182 3679 339 3740 atque
363 3671 414 3723 in
447 3669 661 3726 Orientis
693 3669 931 3726 Ecclesiis
964 3671 1276 3725 decantatur.
1319 3669 1466 3724 Hanc
1497 3678 1822 3740 postremam
1863 3670 2120 3724 orationis
2155 3679 2362 3740 partem
2397 3669 2605 3726 videtur
2635 3672 2985 3739 Ilincmarus,
3015 3673 3237 3744 epistola
3272 3689 3367 3730 sua
3405 3675 3475 3730 ad

179 3761 514 3820 Ludovicum
537 3763 834 3821 Germaniae
855 3779 1055 3835 regem,
1077 3762 1404 3818 intellexisse
1427 3762 1494 3817 de
1514 3763 1626 3833 ipsa
1649 3762 1957 3834 Hieronymi
1988 3763 2338 3830 traductione,
2369 3778 2491 3819 cum
2520 3765 2718 3819 rectius
2750 3764 2815 3819 de
2844 3780 3015 3836 graeca
3043 3766 3276 3821 editione
3300 3767 3476 3822 Hexa-

177 3857 396 3930 plorum
429 3858 772 3930 intelligatur.
798 3857 942 3915 Petri
966 3856 1159 3912 PillKBi
1187 3871 1313 3912 vero
1343 3855 1442 3911 fuit
1470 3856 1668 3926 opinio,
1699 3855 1944 3911 eamdem
1975 3871 2095 3912 esse
2119 3858 2422 3913 versionem
2452 3857 2594 3912 illam
2617 3857 2946 3930 Hieronymi,
2975 3868 3132 3929 atque
3153 3858 3474 3915 Psalterium

179 3949 327 4023 quod
367 3949 668 4006 Romanum
710 3960 936 4015 vocant;
969 3948 1247 4020 Vulgatam
1297 3963 1459 4018 porro
1505 3955 1742 4002 uestram
1791 3962 1895 4002 non
1942 3949 2100 4002 aliam
2147 3950 2478 4014 habendam,
2512 3965 2669 4019 quam
2701 3959 2932 4006 veterem
2969 3949 3285 4007 Versionem
3314 3967 3381 4007 ex
3409 3967 3474 4009 ea

181 4042 419 4099 editione
444 4057 565 4114 quas
592 4041 814 4098 Luciani
845 4040 1120 4098 dicebatur
1160 4038 1260 4112 (De
1283 4039 1456 4094 Latin.
1483 4037 1698 4093 Biblior.
1725 4037 2107 4108 interpretibus,
2141 4055 2259 4110 pag.
2289 4037 2364 4111 6).
2405 4039 2603 4094 Verum
2634 4054 2738 4094 non
2771 4041 2827 4094 ﬁt
2856 4040 3141 4096 admodum
3181 4042 3474 4100 verisimile

180 4147 292 4193 tam
317 4136 421 4193 levi
451 4136 666 4208 negotio
694 4135 1010 4192 Psalterium
1049 4149 1206 4190 suum
1243 4144 1479 4190 mutasse
1509 4133 1804 4191 Ecclesiam
1831 4133 2128 4190 Romanam
2159 4153 2171 4188 :
2203 4143 2398 4204 praeter
2419 4149 2578 4206 quam
2613 4137 2750 4207 quod
2791 4139 2843 4193 in
2881 4138 3068 4196 eodem
3099 4139 3188 4194 illo
3214 4139 3475 4199 Psalterio

183 4232 441 4287 lectiones
466 4227 709 4301 quzedam
739 4227 1113 4286 desiderantur
1137 4227 1387 4282 meliores
1418 4241 1482 4282 ac
1516 4225 1940 4295 emendatiores,
1971 4241 2105 4297 quas
2143 4225 2200 4282 in
2235 4241 2413 4298 grzeeo
2449 4226 2806 4298 Hexaplorum
2847 4245 2906 4286 se
2947 4232 3208 4301 reperisse
3251 4239 3475 4289 testatur

182 4323 561 4394 Hieronymus.
587 4320 670 4377 Ad
693 4319 970 4393 Vulgatam
993 4319 1282 4377 editionem
1308 4318 1450 4389 quod
1476 4319 1686 4384 attinet,
1715 4317 1850 4373 bona
1873 4319 1977 4374 ﬁde
1998 4327 2210 4374 nostras
2235 4317 2302 4374 de
2328 4318 2416 4374 illa
2439 4320 2774 4391 conjecturas
2796 4321 2885 4376 hic
2913 4337 3288 4392 proponemus.
3328 4321 3475 4379 ldem

185 4415 304 4485 ipse
329 4413 685 4487 Hieronymus
723 4413 944 4485 epistola
983 4427 1079 4468 sua
1121 4413 1187 4467 ad
1230 4411 1449 4467 Paulam
1487 4419 1543 4466 et
1579 4411 1927 4466 Eustochium
1976 4410 2241 4482 signiﬁcat
2282 4424 2342 4466 se
2385 4413 2550 4468 semel
2591 4423 2752 4483 atque
2792 4415 2982 4469 iterum
3024 4413 3280 4471 Psalterio
3309 4416 3474 4474 latino

189 4505 259 4561 ad
280 4505 424 4560 LXX
453 4505 803 4577 lnterpretum
842 4505 1134 4560 editionem
1172 4503 1482 4575 castigando
1520 4517 1738 4574 operam
1769 4516 2026 4568 navasse;
2059 4502 2231 4571 primo
2255 4503 2443 4558 cursim
2469 4514 2514 4558 et
2543 4521 2727 4576 magna
2754 4522 2817 4560 ex
2844 4515 3015 4578 parte,
3046 4522 3168 4562 cum
3206 4508 3381 4564 adhuc
3418 4509 3472 4564 in

184 4596 325 4653 urbe
358 4606 696 4653 versaretur:
728 4597 965 4652 secundo
1002 4596 1295 4669 diligenter,
1335 4595 1552 4666 jamque
1588 4596 1643 4649 in
1673 4609 1888 4651 secessu
1926 4593 2136 4649 abditus
2169 4593 2629 4651 Bethlehemitico.
2676 4597 2884 4653 Ultima:
2929 4597 3088 4669 hujus
3128 4602 3475 4659 correctionis

178 4690 511 4761 exemplaria
532 4698 676 4762 optat
700 4697 758 4744 ut
779 4703 900 4744 cum
921 4703 1047 4744 cura
1072 4696 1126 4742 et
1145 4687 1412 4759 diligentia
1437 4686 1892 4753 transcribantnr;
1921 4699 2128 4741 necnon
2153 4683 2327 4741 eidem
2347 4685 2540 4741 addita:
2565 4687 2660 4743 abs
2682 4703 2740 4742 se
2767 4697 2905 4743 nota:
2931 4689 3300 4760 appingantur,
3331 4693 3528 4774 obelir;

178 4732 450 4761 ‘uu’u-r'."
465 4732 511 4745 η.
533 4732 676 4762 Vr".
702 4732 758 4744 υ.
781 4732 900 4744 vum-
922 4732 1047 4744 νη...
1075 4732 1126 4742 ν’
1147 4732 1412 4759 ἠ’-δψηω
1439 4732 1631 4742 "ww"
1647 4732 1850 4741 ’“’““““““““
1876 4732 1892 4753 ⁷
1921 4732 2128 4741 """""'
2157 4732 2327 4741 "'"""
2348 4732 2539 4741 --η---νυ
2565 4732 2660 4743 -υυ
2682 4732 2740 4742 νυ
2767 4732 2905 4743 --νυνν
2931 4732 3300 4760 ...Ἰηπυωηηη
3332 4732 3470 4748 νυν..

175 4781 468 4846 videlicet,
496 4796 528 4836 a
555 4780 747 4852 quibus
786 4795 954 4851 usque
991 4778 1058 4834 ad
1098 4778 1374 4849 sequentia
1404 4777 1509 4834 duo
1537 4787 1765 4850 puncta,
1810 4793 1928 4849 qua:
1968 4776 2280 4848 legebantur
2316 4777 2457 4848 apud
2499 4777 2642 4834 LXX
2686 4795 2806 4834 cum
2851 4781 2904 4835 in
2950 4780 3164 4837 hebraeo
3202 4732 3540 4918 (ιεεξεεθηῑβκ

175 4871 626 4918 includelmnmr:
657 4880 711 4918 et
733 4871 973 4918 nsterisni
993 4913 1007 4918 _
1037 4869 1229 4918 auibus
1253 4870 1498 4918 similiter
1522 4885 1642 4918 alim
1668 4869 1734 4918 ad
1764 4870 2003 4918 nroxima
2035 4869 2142 4918 duo
2163 4877 2354 4918 puncta
2382 4869 2742 4918 senuehantnr
2759 4913 2775 4918 _
2800 4887 2864 4918 ex
2895 4872 3106 4918 lmhrmn
3129 4875 3268 4918 iuxta
3292 4874 3475 4918 ἸῚιρη-
3510 4881 3522 4918 t

175 4871 628 4938 includebantur;
657 4880 711 4927 et
733 4871 973 4927 asterisei
992 4913 1008 4938 ,
1037 4869 1229 4942 quibus
1253 4870 1498 4926 similiter
1522 4885 1642 4942 quae
1668 4869 1735 4925 ad
1764 4870 2004 4940 proxima
2035 4869 2142 4924 duo
2163 4877 2354 4941 puncta
2382 4869 2742 4940 sequebantur
2759 4913 2775 4939 ,
2800 4887 2866 4927 ex
2895 4872 3271 4944 hebrzeojuxta
3292 4869 3522 4982 Theo-gi

175 4966 417 5023 dotionis
452 4965 742 5021 editionem
775 4963 918 5020 LXX
951 4963 1328 5034 lnterpretibus
1357 4963 1651 5018 accessisse
1678 4971 1860 5017 notum
1890 4961 2064 5018 ﬁeret.
2100 4962 2261 5032 Atqui
2293 4963 2595 5032 hujusmodi
2625 4965 2771 5034 signa
2802 4967 3094 5022 etiamnum
3122 4969 3172 5024 in
3203 4961 3512 5048 veteribus-"fi

174 5059 501 5133 quibusdam
529 5058 770 5130 Vulgata!
794 5057 1199 5127 manuscriptis,
1241 5071 1346 5111 non
1381 5064 1557 5112 autem
1588 5057 1640 5110 in
1676 5057 1784 5110 alio
1820 5055 1934 5110 ullo
1967 5055 2351 5112 Psalteriorum
2384 5058 2670 5114 latinorum
2709 5061 2946 5117 invenire
2981 5071 3082 5119 est.
3127 5065 3253 5121 Hmc
3280 5067 3390 5137 ipsa
3423 5069 3475 5122 in

177 5152 550 5224 compluribus
587 5149 858 5207 codicibus
893 5149 991 5205 sibi
1029 5148 1307 5206 observata
1333 5147 1559 5203 Iacobus
1583 5147 1757 5203 Faber
1782 5147 2115 5218 Stapulensis
2139 5146 2371 5203 afﬁrmat
2409 5147 2642 5220 (Prolog.
2675 5150 2729 5205 in
2760 5150 3074 5208 Psalterium
3103 5157 3426 5228 quincuplem)
3460 5176 3473 5211 :

176 5247 392 5318 ipsique
419 5245 680 5301 habemus
703 5257 816 5316 prae
841 5241 1088 5298 manibus
1119 5241 1543 5312 antiquissimum
1583 5240 1900 5310 tripartitum
1928 5239 2247 5295 Psalterium
2274 5241 2501 5296 abbatia:
2528 5240 2707 5298 Sancti
2740 5243 2883 5299 Petri
2911 5244 3257 5303 Carnutensis
3278 5290 3292 5314 ,
3334 5251 3476 5318 quod

180 5339 240 5394 in
267 5338 437 5410 prima
463 5338 712 5394 columna
735 5335 1055 5392 Psalterium
1082 5334 1391 5404 Hieronymi
1418 5351 1481 5389 ex
1510 5333 1725 5388 hebrzeo
1745 5333 2002 5396 continet,
2031 5333 2083 5387 in
2109 5333 2266 5388 tertia
2291 5343 2446 5390 vetus
2470 5334 2787 5389 Psalterium
2816 5351 2846 5390 a
2874 5335 3113 5393 Romano
3138 5347 3296 5408 atque
3322 5339 3388 5394 ab
3411 5356 3476 5396 eo

180 5446 292 5502 quo
312 5443 444 5486 usus
464 5437 548 5486 est
566 5429 915 5500 Augustinus,
944 5443 1131 5500 parum
1149 5427 1456 5498 discrepans
1478 5444 1491 5493 ;
1521 5426 1570 5480 in
1593 5425 1825 5482 secunda
1845 5439 1974 5479 vero
1995 5423 2283 5480 editionem
2301 5424 2580 5498 Vulgatam
2600 5427 2816 5483 exhibet
2839 5443 2958 5484 cum
2983 5445 3041 5485 su
3051 5446 3137 5499 pra
3163 5434 3476 5490 memoratis

181 5522 503 5594 Hieronymi
531 5521 707 5578 obelis
732 5530 786 5578 et
809 5521 1099 5577 asteriscis.
1126 5519 1262 5576 Hinc
1288 5518 1441 5576 facile
1462 5518 1841 5590 persuademur
1868 5517 2148 5588 Vulgatam
2173 5532 2292 5574 esse
2325 5519 2493 5588 ipsam
2533 5519 2675 5574 illam
2706 5521 3021 5578 Versionem
3050 5523 3116 5577 ab
3143 5522 3474 5597 Hieronymo

180 5617 440 5674 secundis
461 5615 608 5673 curis
637 5614 977 5672 emendatam
1005 5632 1019 5669 :
1047 5629 1166 5686 quae
1190 5623 1370 5670 nostra
1397 5611 1658 5668 sententia
1686 5611 1905 5679 insuper
1931 5611 2243 5665 auctoritate
2270 5612 2612 5682 manuscripti
2642 5613 2978 5669 bibliotheca:
3001 5613 3320 5670 Colbertina:
3345 5627 3470 5675 ante

182 5713 558 5786 septingentos
580 5726 753 5767 annos
776 5711 982 5767 exarati
1003 5709 1367 5775 conﬁrmatur,
1398 5709 1486 5778 qui
1509 5707 1786 5777 Vulgatam
1809 5719 1932 5758 cum
1958 5705 2144 5760 iisdem
2170 5703 2597 5777 Hieronymianis
2620 5707 2782 5770 notis,
2813 5716 2865 5759 et
2889 5705 2986 5760 sub
3015 5707 3112 5762 hac
3135 5707 3478 5778 inscriptione

180 5804 615 5882 comprehendit,
645 5803 795 5860 Liber
818 5802 1143 5857 Psalmorum
1168 5802 1230 5856 de
1254 5801 1581 5856 translatione
1603 5799 1936 5875 Septuaginta
1955 5799 2306 5870 interpretum,
2335 5799 2651 5855 entendatum
2676 5817 2707 5852 a
2735 5809 2908 5854 saneto
2932 5799 3245 5879 Hieronymo
3270 5805 3321 5858 in
3345 5820 3471 5866 novo
