4078 6472
513 356 586 418 ta
923 371 926 376 ι
1579 386 1584 391 ς
1967 352 2123 413 pm

2196 353 2355 413 \TIO.
3727 348 3806 409 29

510 472 696 547 (forte,
720 473 784 529 de
806 475 975 548 novo).
1001 473 1390 548 Comprobatur
1410 472 1639 546 denique
1659 470 1965 528 testimonio
1987 469 2242 526 Valafridi
2261 468 2559 537 Strabonis,
2587 467 2739 538 cujus
2759 481 2861 524 nos
2880 464 3016 523 intra
3053 465 3231 522 locum
3267 479 3453 522 sumus
3488 465 3801 525 exbibituri.

586 555 784 622 Verum
805 557 933 623 illud
962 563 1141 623 forsan
1165 567 1340 624 minus
1359 567 1693 637 exploratum
1720 575 1824 633 est,
1856 563 1950 621 sed
1980 572 2165 620 nostro
2181 559 2384 633 judicio
2404 577 2498 618 sua
2530 577 2634 616 non
2661 569 2809 617 caret
2831 559 3320 638 verisimilitudine,
3354 562 3602 616 nimirum
3647 576 3802 617 eam-

513 658 637 717 dem
663 658 800 717 hanc
827 660 1062 717 neslram
1093 647 1372 734 Vulgatam
1399 655 1638 732 potuisse
1665 661 1732 716 ab
1758 649 2084 731 Hieronymo
2105 658 2328 727 epistola
2353 657 2455 712 155
2485 656 2589 712 dici
2618 655 3032 711 Traducvionem
3060 669 3125 710 ex
3153 655 3404 726 Hexaplis
3431 670 3460 709 a
3489 671 3548 711 se
3575 654 3804 724 editam,

514 748 670 824 quod
689 741 831 807 illam
862 751 1063 810 eisdem
1091 745 1485 824 exemplaribus
1511 743 1936 807 consentientem
1979 749 2274 811 effecisset;
2316 749 2540 818 epistola
2569 762 2698 802 vero
2726 746 2906 802 Paula:
2933 757 2984 802 et
3028 742 3318 802 Eustochio
3344 749 3542 815 scripta
3577 745 3798 802 Versic-

513 847 641 903 neut
672 843 1037 902 tantummodo
1075 857 1387 912 correctam,
1417 845 1559 918 quod
1591 846 1821 916 antiquae
1848 843 2030 908 verba,
2072 853 2330 914 quantum
2373 842 2425 895 in
2471 829 2586 911 ipso
2623 841 2814 904 fuerat,
2845 838 3174 896 retinuisset.
3207 840 3349 896 inter
3375 841 3506 895 alias
3535 841 3796 908 rationes,

515 941 638 1010 quae
676 941 774 993 nos
821 943 884 994 eo
913 933 1210 1009 impellunt,
1245 936 1358 993 inec
1394 935 1498 1005 est,
1530 933 1674 1009 quod
1703 935 1955 992 videlicet
1993 936 2028 990 ii
2072 935 2194 1003 loci,
2222 949 2356 1004 quos
2395 924 2752 1007 Hieronymus
2783 944 2903 1004 post
2946 932 3137 988 factam
3182 933 3508 988 mentionem
3541 935 3805 990 versionis

493 1036 496 1038 ’
523 1043 629 1085 suae
656 1027 722 1085 ex’
755 1027 1004 1100 liexaplis'
1028 1030 1315 1086 defendere
1341 1021 1667 1103 aggreditur,
1691 1023 1746 1085 in
1771 1029 2150 1100 manuscriptis
2174 1021 2417 1097 Vulgata:
2447 1029 2720 1105 codicibus
2748 1031 3104 1100 reperiuntur.
3143 1028 3276 1084 Nam
3305 1031 3405 1084 etsi
3441 1030 3627 1087 eadem
3668 1032 3768 1086 Vul

515 1123 641 1192 ;;aut
669 1121 720 1177 itt
753 1111 934 1177 Bibiiis
959 1123 1169 1178 excusis
1195 1120 1409 1189 habeat,
1443 1117 1588 1178 verbi
1625 1115 1816 1194 gratia,
1847 1122 1983 1179 hanc
2027 1113 2078 1178 in
2115 1121 2320 1193 psalmo
2348 1121 2554 1193 quinto,
2663 1161 2678 1175 .
2708 1111 2761 1181 9.
2792 1113 3096 1188 lectionem,
3127 1121 3307 1192 Dirige
3349 1125 3402 1178 in
3427 1135 3695 1194 conspectu
3720 1134 3790 1182 tui

529 1214 686 1281 viam,
715 1221 899 1279 inea'm,
927 1215 1046 1285 qua:
1072 1211 1395 1288 Hieronymo
1426 1217 1530 1271 non
1556 1215 1846 1287 probatur:
1876 1210 2112 1270 attamen
2139 1207 2192 1269 in
2223 1203 2367 1270 MSS.
2397 1203 2544 1269 illam
2578 1215 2834 1280 ostendit,
2862 1231 3018 1286 quam
3045 1217 3340 1271 secundum
3360 1215 3506 1272 LXX
3533 1217 3801 1285 interpre-

529 1308 613 1364 tés
643 1305 921 1380 legendam
951 1311 1139 1365 astruit
1167 1301 1304 1365 idem
1335 1303 1552 1378 Doctor,
1591 1327 1804 1382 nempe,
1845 1307 2020 1381 Dirige
2045 1311 2096 1363 in
2122 1304 2391 1380 conspectu
2430 1326 2538 1364 meo
2576 1310 2706 1364 viam
2734 1319 2893 1364 tuam.
2924 1311 3072 1366 Haud
3107 1325 3272 1392 secus
3301 1311 3543 1365 existima
3574 1310 3639 1364 de
3675 1327 3813 1368 voce

518 1409 686 1468 terra,
717 1409 875 1472 quam
903 1401 1100 1457 idcirco
1235 1445 1248 1458 .
1277 1391 1309 1460 ὅ
1339 1395 1527 1476 psalmi
1554 1421 1692 1460 vau
1722 1413 1776 1461 et
1802 1419 1833 1460 e
1873 1395 1912 1474 ἱ
1931 1443 1945 1458 .
1973 1421 2010 1460 ιι
2039 1402 2174 1474 psal.
2212 1418 2341 1459 uxr
2371 1403 2467 1458 abs
2492 1419 2551 1459 se
2571 1403 2800 1459 deletam
2824 1404 3029 1468 scribit,
3053 1389 3174 1476 quia
3207 1421 3381 1476 neque
3409 1405 3461 1460 in
3491 1405 3704 1461 hebraee
3735 1408 3814 1462 le—

517 1493 660 1566 gitttr
683 1509 854 1564 neque
891 1495 942 1549 in
973 1481 1137 1559 LXX,
1168 1497 1286 1566 qua:
1313 1512 1414 1550 vox
1444 1487 1646 1566 pariter
1672 1495 1726 1551 in
1762 1495 2003 1566 Vulgata:
2029 1511 2190 1552 manu
2221 1495 2453 1554 exaratis
2477 1494 2750 1550 codicibus
2777 1511 2885 1549 non
2917 1496 3199 1566 reperitur.
3245 1496 3312 1550 Et
3333 1502 3519 1550 contra
3547 1507 3724 1550 exstat
3753 1499 3808 1553 in

517 1583 585 1639 iis
604 1589 704 1640 'v'ox
736 1591 900 1652 suam,
923 1602 1082 1657 quam
1114 1587 1166 1641 in
1193 1585 1441 1659 llexaplis
1464 1587 1563 1643 Sub
1579 1581 1710 1643 veru
1739 1581 1972 1642 additam
2024 1602 2148 1644 cum
2181 1576 2538 1661 liierenymus
2565 1588 2853 1659 reperisset
2873 1587 2926 1643 in
2945 1588 2980 1658 Ῡ
3005 1626 3020 1642 .
3049 1588 3083 1644 6
3105 1587 3297 1659 psalmi
3315 1603 3466 1654 xvut,
3495 1589 3814 1644 servandam

519 1673 862 1730 existimavit.

590 1759 754 1824 Forte
782 1765 942 1825 etiam
967 1769 1250 1841 contigerit
1275 1775 1333 1826 ut
1361 1785 1424 1827 ea
1455 1757 1664 1837 Versio,
1704 1760 1856 1842 cujus
1881 1773 2014 1828 certi
2037 1773 2144 1829 ioci
2185 1772 2409 1831 Sunnite
2447 1762 2500 1852 et
2529 1757 2778 1840 Freteite,
2799 1771 2900 1843 qui
2929 1753 3194 1844 degebant
3233 1770 3285 1826 in
3313 1770 3622 1841 Germania,
3652 1790 3817 1846 nego-

521 1863 656 1921 tium
684 1855 1038 1928 lacessebant,
1058 1863 1169 1935 jam
1199 1861 1322 1919 inde
1348 1865 1414 1919 ab
1432 1863 1514 1919 bis
1540 1863 1868 1938 temporibus
1898 1865 1951 1920 in
1981 1864 2185 1923 Gallias
2208 1865 2514 1938 pervenerit
2540 1883 2554 1920 :
2586 1866 2844 1937 quamvis,
2869 1864 2914 1920 si
2936 1863 3254 1937 quibusdam
3281 1863 3541 1920 habeatur
3569 1865 3723 1933 ﬁdes,
3749 1885 3818 1924 eo

521 1968 631 2011 non
658 1954 761 2010 nisi
799 1963 920 2025 poSt
943 1971 1112 2011 annos
1137 1956 1369 2026 amplius
1396 1941 1499 2012 1'30
1537 1972 1603 2012 ex
1635 1951 1775 2013 Urbe
1809 1960 2010 2028 perlata
2041 1953 2129 2015 sit.
2173 1947 2308 2015 Illud
2336 1951 2564 2015 testatur
2588 1948 2888 2014 Val’afridus
2922 1957 3111 2014 Strabo
3135 1957 3203 2012 de
3231 1955 3394 2013 rebus
3419 1957 3816 2018 Ecciesiasticis

520 2063 642 2120 cap.
667 2048 739 2104 25
759 2050 812 2105 in
834 2048 948 2105 Ι]ωο
969 2049 1127 2106 verba
1156 2036 1424 2105 :Psalmos
1451 2053 1617 2104 autem
1652 2067 1766 2104 cum
1794 2048 2070 2105 secundant
2089 2045 2242 2108 LXX
2268 2053 2296 2106 1
2305 2063 2578 2123 nterpretes
2601 2041 2820 2106 Romani
2844 2035 3010 2104 adhuc
3031 2043 3268 2116 habeant,
3298 2047 3434 2105 Galli
3459 2061 3508 2105 et
3535 2049 3820 2110 Germano-

520 2157 638 2199 rum
672 2139 828 2214 aliqui
854 2141 1130 2199 secundum
1157 2145 1573 2210 emendationem,
1613 2163 1762 2216 quam
1795 2131 2137 2218 Hieronymus
2166 2160 2309 2219 pater
2347 2149 2409 2204 de
2435 2129 2586 2203 LXX
2619 2149 2834 2204 editione
2866 2151 3172 2221 composuit,
3219 2149 3530 2205 Psalterium
3569 2161 3821 2208 cantant:

523 2253 678 2309 quant
701 2233 977 2310 Gregorius
1009 2233 1316 2293 Turbnensis
1354 2239 1628 2309 episcopus
1652 2256 1683 2292 a
1710 2239 1936 2310 partibus
1965 2227 2213 2320 Romanis
2245 2251 2549 2310 mutuatum,
2587 2244 2641 2296 in
2673 2239 2959 2297 Galliarum
2985 2243 3172 2297 dicitur
3198 2242 3454 2300 Ecclesia:
3485 2246 3818 2302 transtulisse.

523 2331 705 2388 Hocce
740 2329 1075 2397 Psalterium,
1103 2325 1266 2402 quod,
1296 2331 1418 2402 quia
1459 2325 1551 2384 ille
1577 2330 1732 2400 primi
1759 2327 1994 2385 oirinium
2023 2325 2159 2388 Galli
2191 2333 2269 2386 usi
2306 2341 2450 2400 sunt,
2482 2325 2824 2388 Gallicanum
2855 2343 3097 2402 vocatur,
3137 2336 3337 2390 sensim
3368 2337 3421 2391 in
3451 2351 3641 2393 omnes
3667 2340 3812 2396 ccci-

523 2422 768 2479 dentalcs
795 2421 1064 2478 Ecclesias
1085 2420 1188 2477 fuil
1205 2427 1508 2492 receptum.
1534 2413 1630 2476 Vir
1661 2416 1872 2477 eximia:
1901 2421 2224 2477 eruditionis
2252 2438 2313 2477 ac
2334 2421 2433 2492 pia:
2460 2423 2752 2490 memet-im,
2785 2411 3082 2479 Cardiualis
3110 2425 3279 2491 Bona,
3309 2425 3377 2482 de
3405 2428 3564 2483 rebus
3585 2429 3820 2502 Liturgi-

523 2517 605 2573 cis
619 2511 712 2572 lib.
741 2503 797 2582 Ξ,
821 2529 939 2584 cap.
965 2503 1018 2581 ὅ,
1045 2523 1229 2569 cenSet
1249 2514 1365 2584 ejus
1393 2509 1543 2569 usum
1569 2515 1692 2568 ante
1722 2529 1892 2568 annos
1924 2512 2119 2570 abhinc
2140 2522 2426 2571 sexcentos
2451 2511 2742 2570 admissum
2769 2515 2819 2570 in
2842 2513 2990 2571 italia
3013 2515 3198 2585 fuisse,
3230 2528 3588 2590 praeterquam
3626 2521 3679 2576 in
3706 2523 3812 2578 Me-

525 2607 834 2665 diolanensi‘
857 2601 1118 2673 Ecclesia,
1150 2621 1269 2676 qua:
1299 2606 1576 2678 antiquum
1617 2606 1770 2661 suum
1796 2603 2113 2663 Psalterium
2154 2607 2420 2678 hodieque
2456 2607 2686 2675 retinet;
2718 2616 3071 2680 przeterquam
3101 2611 3260 2666 etiam
3285 2611 3338 2666 in
3368 2609 3529 2668 Urbis
3554 2613 3811 2670 Ecclesiis

527 2705 587 2760 in
617 2700 807 2774 quibus
833 2691 1104 2770 proprium
1133 2704 1285 2754 stium
1313 2699 1548 2756 obtinuit
1577 2689 1645 2755 ad
1666 2699 1877 2756 aetatem
1908 2717 2072 2771 usque
2095 2701 2170 2756 Pii
2197 2701 2262 2768 V,
2295 2701 2445 2772 cujus
2468 2701 2619 2773 jussu
2644 2701 2749 2758 illae
2777 2689 3057 2776 Vulgatam
3082 2703 3372 2762 editionem
3387 2705 3648 2777 amplexa
3669 2699 3816 2778 sunt,

538 2793 763 2864 extepttt
785 2797 889 2848 una
915 2781 1185 2856 Vaticana,
1209 2785 1298 2846 ubi
1320 2793 1483 2847 etiam
1509 2789 1652 2846 nunc
1673 2787 1975 2847 Romanum
2004 2791 2214 2848 canitur
2242 2791 2580 2848 Psalterium.

603 2886 698 2944 His
727 2883 798 2942 ad
818 2887 940 2941 eum
970 2884 1184 2938 modum
1214 2883 1472 2954 expositis
1501 2885 1603 2939 erit
1625 2881 1848 2944 forsitan
1874 2884 1962 2956 qui
1996 2895 2155 2940 nosse
2185 2874 2362 2955 cupiat
2382 2902 2540 2958 quem
2569 2886 2746 2942 locum
2771 2885 2910 2962 inter
2936 2875 3039 2942 alia
3067 2873 3322 2945 Psalteria
3362 2889 3814 2961 Augustinianum

527 2977 632 3040 sibi
653 2969 895 3038 vindicet
913 2991 929 3045 ς·
957 2989 1022 3034 an
1052 2977 1214 3034 varim
1244 2967 1347 3033 illa:
1371 2976 1653 3046 lectiones,
1676 2975 1730 3034 in
1753 2977 1952 3049 quibus
1980 2995 2009 3034 a
2031 2965 2256 3050 Vulgata
2280 2973 2462 3034 nostra
2483 2980 2721 3045 dissidet,
2747 2981 2971 3036 alierum
2998 2980 3250 3054 suli‘ragio
3279 2983 3604 3051 innitantur;
3632 2993 3824 3042 utrum

525 3076 742 3133 tandem
770 3092 891 3133 cum
931 3089 1104 3146 graeco
1130 3071 1276 3128 LXX
1318 3071 1696 3142 lnterpretum,
1723 3069 1866 3142 quod
1908 3073 2091 3128 nostra
2135 3073 2235 3129 hac
2279 3069 2535 3131 memoria
2573 3085 2765 3141 exstat,
2798 3077 2916 3147 plus
2945 3080 3186 3134 minusve
3223 3072 3541 3136 consentiat.
3582 3080 3664 3136 Ea
3695 3092 3825 3138 sunt

526 3175 651 3242 qua:
681 3158 835 3225 nobis
862 3157 1123 3223 induxere
1151 3165 1204 3220 in
1236 3157 1494 3230 animum,
1525 3165 1582 3218 u't
1608 3159 1931 3233 exemplaria
1957 3151 2189 3233 diversa,
2220 3173 2328 3220 tum
2353 3167 2519 3237 prelo,
2544 3176 2654 3222 tum
2683 3168 2888 3223 calamo
2915 3169 3053 3224 edita
3076 3171 3460 3240 conferremus,
3493 3187 3556 3229 ac
3580 3173 3820 3230 varieta-n

529 3261 612 3316 tes
640 3259 876 3315 maxime
900 3247 1148 3329 insignes,
1179 3259 1312 3327 quas”
1348 3253 1818 3326 deprehendimus,
1849 3249 2032 3312 lectori
2065 3257 2503 3329 proponeremus.
2538 3251 2640 3316 Eas
2668 3260 2826 3332 igitur
2852 3261 2986 3316 inira
3027 3260 3257 3319 habituri
3295 3267 3445 3333 estis,
3476 3281 3597 3322 cum
3637 3267 3822 3323 locum

529 3357 695 3408 unum
727 3341 1140 3424 prrcmlserimus
1179 3363 1213 3405 e'
1237 3345 1372 3406 libro
1399 3337 1466 3404 i‘l
1503 3343 1573 3406 de
1600 3340 1826 3407 Civitate
1858 3347 1976 3419 Dei,
2005 3349 2093 3406 ubi
2120 3349 2470 3424 Augustinus,
2500 3367 2620 3423 quae
2649 3367 2744 3408 sua
2774 3353 2842 3410 sit
2864 3353 2933 3411 de
2958 3341 3216 3413 Psalterio
3245 3357 3499 3414 Davidico
3523 3359 3818 3429 sententia,

531 3445 820 3521 expromit.

1599 3581 2756 3662 ww

1304 3788 1420 3852 ex
1467 3790 1707 3854 LIBRO
1743 3782 1926 3855 XVII
1956 3788 2061 3853 DE
2091 3785 2472 3855 CIVITATE
2500 3785 2663 3870 DEI,
2695 3783 2869 3857 CAP.
2907 3779 3057 3860 Xtv‘
3081 3841 3100 3874 ,

1755 3982 1840 4043 bit:
1873 3980 2255 4044 Mamertus!
2303 3975 2618 4045 Avc'rotie.

603 4179 729 4234 Erat
754 4165 923 4233 David
948 4177 1024 4232 vir
1046 4175 1099 4231 in
1126 4163 1335 4231 canticis
1362 4176 1606 4242 eruditus,
1634 4175 1719 4246 qui
1739 4164 2053 4229 harmoniam
2075 4173 2318 4229 musicam
2347 4177 2449 4229 non
2473 4173 2671 4246 vulgari
2689 4175 2962 4243 voluptate,
2985 4171 3076 4230 sed
3103 4163 3244 4245 ﬁdeli
3269 4163 3525 4232 voluntelé
3551 4161 3822 4249 dilexerit;

529 4281 685 4344 eaque
708 4269 818 4327 Deo
842 4285 953 4338 suo,
981 4271 1064 4341 qui
1089 4271 1232 4323 verita
1255 4267 1328 4323 est
1355 4261 1513 4332 Deus,-
1543 4263 1755 4337 mysticd
1780 4267 1852 4320 rei
1875 4273 2071 4336 magna:
2094 4267 2405 4337 ﬁguratione
2431 4267 2675 4322 servierit.
2713 4254 3042 4322 Diversarum
3067 4263 3200 4322 enim
3231 4263 3469 4324 sonorum
3498 4271 3814 4330 rationabilis

529 4365 918 4434 moderatusque
953 4359 1245 4428 concentus;
1275 4359 1512 4415 concordi
1547 4351 1780 4415 varietate
1817 4357 2129 4432 compactam
2155 4351 2276 4415 bene
2312 4361 2561 4416 ordinata?
2589 4353 2800 4416 civitatis
2842 4345 3069 4417 insinual
3102 4363 3361 4417 unitatem.
3395 4351 3625 4436 Denique
3652 4370 3812 4422 omnis

533 4463 642 4534 fere
668 4457 931 4530 prophetia
957 4459 1069 4530 ejus
1093 4456 1145 4511 in
1169 4449 1391 4511 Pstllmis
1409 4459 1483 4510 est
1509 4469 1527 4508 :
1555 4463 1680 4525 quos
1709 4445 1904 4508 centuiit
1932 4445 2300 4527 quinquaginta
2331 4451 2454 4509 liber
2481 4457 2718 4524 continet,
2746 4451 2891 4528 quem
2915 4445 3238 4512 Psalmorum
3263 4464 3498 4513 vacamus
3524 4475 3542 4515 :
3564 4462 3618 4515 in
3642 4464 3813 4535 quibus

530 4549 766 4610 nonnulli
796 4553 989 4619 volunt,
1019 4567 1102 4607 eos
1126 4547 1258 4607 solas
1287 4545 1449 4624 factos
1475 4555 1578 4604 esse
1602 4567 1633 4603 α
1665 4535 1849 4611 basta.
1877 4550 1964 4621 qui
1988 4550 2098 4620 ejlts'
2130 4547 2332 4603 nomine
2359 4545 2592 4621 inscripti
2613 4547 2727 4605 sunt
2751 4566 2769 4606 :
2795 4545 2912 4606 sunt
2935 4543 3084 4608 etiam
3117 4555 3204 4625 qui
3230 4564 3408 4624 putant
3440 4572 3539 4610 non
3559 4537 3620 4609 ab
3649 4574 3706 4612 eo
3731 4563 3814 4628 fa~

464 4641 468 4656 ⁵
531 4658 659 4712 clas,
699 4637 800 4702 nisi
837 4647 922 4718 qui
949 4653 1311 4718 prtenotantur,
1346 4635 1514 4714 ipsius
1553 4641 1744 4708 David;
1777 4643 1864 4714 qui
1899 4659 2014 4697 vero
2057 4636 2241 4726 habent
2269 4640 2322 4695 in
2359 4641 2536 4708 titulis,
2582 4637 2684 4712 ipsi
2712 4631 2897 4726 David,
2927 4644 2989 4698 ab
3029 4646 3145 4700 aliis
3174 4650 3360 4726 factos,
3394 4663 3619 4715 personae
3649 4649 3811 4720 ipsius

534 4741 692 4814 fuisse
715 4750 994 4811 cooptatos.
1026 4738 1152 4804 Qua:
1179 4739 1349 4808 opinio
1378 4753 1495 4792 voce
1522 4735 1808 4808 evangelica
1837 4719 2120 4791 Saluatoris
2146 4731 2309 4806 ipsius
2337 4733 2610 4803 refutatur,
2640 4725 2728 4789 ubi
2753 4737 2846 4803 ait,
2873 4736 3008 4809 quod
3026 4736 3134 4808 ipse
3161 4719 3328 4791 David
3353 4738 3406 4791 in
3433 4737 3633 4812 Spiritu
3662 4719 3813 4793 Chri—

531 4844 664 4889 stum
693 4832 872 4886 dixerit
894 4837 999 4886 esse
1026 4837 1172 4887 Suum
1197 4819 1468 4885 Dominum“
1504 4828 1714 4902 (Matth.
1749 4845 1879 4895 χχιι,
1905 4820 1996 4902 43)
2031 4835 2046 4882 ξ
2073 4825 2313 4900 quoniam
2338 4821 2566 4900 psalmus
2590 4830 2887 4884 centesimus
2913 4847 3077 4885 nonus
3102 4832 3176 4885 sic
3205 4831 3381 4902 incipit
3405 4847 3424 4885 :
3453 4831 3595 4886 Dixit
3631 4833 3814 4887 Demi-
3852 4826 3858 4883 ξ

533 4940 639 4980 nus
668 4916 891 4979 Domino
921 4935 1062 4987 meo,
1091 4911 1229 4979 Sede
1258 4929 1286 4975 a
1329 4921 1531 4977 dextris
1560 4921 1714 4987 meis,
1748 4920 1920 4975 donec
1962 4915 2153 4989 penam
2191 4911 2438 4977 inimicos
2469 4929 2587 4976 tuos
2624 4913 2909 4978 scabelium
2938 4923 3131 4993 pedum
3165 4932 3398 4979 tuorum.
3429 4919 3498 4978 Et
3523 4937 3653 4979 certe
3679 4926 3814 4981 idem

536 5016 766 5089 psalmus
791 5024 890 5070 non
930 5013 1076 5070 habet
1106 5004 1159 5069 in
1187 5013 1354 5079 titulo,
1386 5013 1554 5084 lpsibs
1592 5011 1789 5078 David;
1812 5001 1908 5091 sed.
1933 5001 2034 5081 ipsi
2065 4997 2247 5078 David,
2280 5001 2409 5067 sicut
2441 5001 2664 5084 plurimi.
2698 5001 2828 5068 Mihi
2854 5001 3020 5068 autem
3050 5015 3339 5072 credibilius
3371 5017 3599 5070 videntur
3633 5018 3810 5072 emisti-

535 5119 697 5178 mare,
729 5110 814 5178 qui
840 5118 1010 5163 omnes
1036 5107 1150 5162 illos
1171 5113 1368 5160 centum
1396 5106 1760 5179 quinquaginta
1783 5091 2020 5160 Psalmos
2049 5095 2157 5176 ejus
2181 5091 2323 5176 operi
2352 5105 2596 5173 tribuunt,
2627 5121 2836 5175 eumque
2862 5093 3055 5177 aliquos
3082 5117 3388 5179 pramotasse
3413 5110 3565 5164 etiam
3601 5111 3816 5165 nomini-

538 5201 630 5258 bus
650 5182 889 5263 alior’u‘m,
917 5197 1110 5269 aliquid
1135 5197 1269 5271 quod
1301 5197 1368 5252 ad
1403 5207 1507 5253 rem
1542 5198 1783 5269 pertineat
1809 5193 2142 5268 ﬁg‘it’rantibus
2165 5213 2184 5253 :
2209 5207 2415 5253 caeteros
2457 5197 2625 5252 autem
2655 5187 2850 5252 nullius
2878 5197 3095 5256 hominis
3136 5219 3317 5256 nomen
3352 5203 3405 5256 in
3442 5203 3599 5259 titulis
3637 5203 3820 5257 habere

537 5294 795 5357 voluisse;
821 5291 949 5346 sicut
977 5287 1021 5344 ei
1059 5283 1312 5346 varietatis
1339 5291 1490 5361 hujus
1519 5288 1917 5361 dispesitionc'm',
1941 5277 2166 5360 queraris
2188 5279 2509 5355 latebrosum,
2544 5305 2644 5344 non
2675 5299 2838 5344 tamen
2866 5279 3086 5357 inanem,
3121 5277 3366 5350 Dominus
3386 5296 3670 5366 inspiravit.
3705 5294 3818 5350 Nec

512 5397 734 5442 -ntovere'
755 5385 896 5440 debet
926 5383 993 5438 ad
1013 5375 1108 5439 hoc
1133 5399 1232 5439 non
1259 5379 1584 5450 credendum,
1611 5371 1746 5452 quod
1775 5371 2131 5436 neiinullorutit
2163 5379 2368 5436 nomina
2396 5369 2788 5452 Prophetarum,
2814 5383 2901 5454 qui
2922 5385 3069 5457 longe
3097 5399 3206 5456 post
3233 5388 3398 5464 David
3420 5391 3549 5461 regis
3581 5400 3814 5464 tempora

539 5487 762 5554 fuerunt,
794 5472 1092 5551 quibusdam
1122 5477 1330 5548 psalmis
1353 5473 1406 5530 in
1449 5491 1505 5529 eo
1540 5474 1665 5529 libro
1687 5473 1922 5543 leguntur
1951 5469 2214 5544 inscripta,
2259 5483 2305 5528 et
2328 5492 2439 5546 qua:
2462 5474 2531 5529 ibi
2561 5475 2817 5541 dicuntur,
2846 5467 2978 5533 velut
3014 5467 3076 5532 ab
3116 5479 3187 5533 eis
3222 5461 3321 5534 dici
3345 5461 3596 5537 videntur.
3637 5461 3818 5554 Neque

539 5573 674 5627 enim
694 5587 794 5625 non
822 5569 981 5643 potuit
1006 5561 1323 5642 propheticus
1351 5568 1573 5639 Spiritus
1595 5568 1914 5639 prophelanti
1941 5570 2045 5640 regi
2070 5566 2232 5622 David
2253 5568 2358 5623 hwc
2379 5571 2527 5622 etiam
2550 5575 2838 5641 futurorum
2861 5557 3240 5644 Prophetarum
3261 5557 3469 5630 nomina
3495 5579 3735 5645 revelare,
3761 5587 3816 5631 ut

538 5665 735 5739 aug-mod
761 5668 890 5737 quod
912 5682 1084 5720 eorum
1116 5678 1342 5736 persona;
1371 5664 1671 5729 conveniret,
1698 5661 1984 5732 prephetice
2009 5672 2294 5716 cantaretur
2323 5679 2340 5716 :
2363 5653 2488 5717 sicut
2516 5681 2604 5718 rea:
2631 5663 2802 5719 Josias
2830 5655 3096 5720 exat-turus
3123 5676 3170 5720 et
3191 5678 3489 5738 regnaturus
3521 5681 3632 5741 post
3653 5686 3816 5727 annos

539 5761 763 5836 antplius
787 5775 936 5831 quant
963 5757 1224 5827 trecentos,
1251 5757 1449 5812 cuidam
1475 5754 1753 5829 prophetat,
1783 5757 1868 5827 qui
1893 5757 2041 5839 etiam
2059 5753 2195 5827 facta
2218 5753 2327 5830 ejus
2353 5759 2524 5830 futura
2548 5745 2804 5830 praedixit,
2832 5751 2946 5815 cum
2974 5777 3065 5816 suo
3092 5762 3291 5819 nomine
3317 5764 3562 5822 revelatus
3593 5776 3684 5823 est.
