4078 6488
2054 261 2196 290 ¹έιοςνςήηδ

518 347 585 405 55
1311 353 1484 412 LOCA
1523 349 1619 410 EX
1644 346 1933 408 PSALMIS
1964 345 2336 407 VARIANTIA
2377 347 2446 405 IN
2481 347 2902 407 PSALTERIIS.

506 471 547 544 7
569 510 584 526 .
620 473 707 528 14.
735 473 861 543 elegi
890 487 1020 544 eam.
1060 470 1127 544 A_.
1265 466 1422 544 Rom.
1450 463 1521 519 Μ.
1551 461 1618 520 G.
1645 461 1712 519 II.
1740 458 1802 517 C.
1823 459 1920 518 Gr.
1949 475 2086 532 pra:-

568 543 699 612 elegi
725 535 854 596 eauti.
890 541 1059 612 llebr.
1079 535 1358 612 desideraui
1376 552 1507 612 eam.

511 614 548 684 7
573 653 586 667 .
618 601 706 671 l3.
759 612 972 684 Viduam
1015 611 1139 681 ejus.
1182 607 1407 684 Quidam
1457 607 1741 684 interpres,
1791 601 2088 684 Captionem

567 685 696 755 ejus,
732 695 865 740 teste
895 674 1125 755 ll-Elar'io,
1145 674 1233 750 qui
1262 679 1482 755 alterum
1514 678 1793 755 lectionfnn
1807 674 2092 755 lentitudo.

568 744 694 810 rem
731 770 851 810 esse
889 764 940 806 et
983 744 1203 805 ouminb
1234 748 1570 820 iseqttemlmn
1610 744 2089 820 tii(‘ilrI.A_GI'._ll:_t|)t;I

567 835 733 896 θήραν,
766 824 1075 896 uenationem
1093 837 1113 876 :
1146 819 1249 896 sed
1295 815 1345 874 in
1384 820 1569 896 multis
1603 818 1876 896 codicibus
1906 815 2091 896 habuit

569 885 736 968 χέρα-ιζ
763 897 983 968 viduam,
1005 893 1077 968 uti
1107 891 1357 968 observat
1383 891 1599 968 Hieron.
1627 898 1830 968 tumst.
1854 885 2086 968 iti.Gen.,

570 956 733 1026 '45.
756 983 859 1035 quo
885 967 1001 1019 loco
1029 963 1186 1035 docet
1210 962 1432 1035 verbum
1477 956 1758 1035 Ilclirantm
1790 956 2089 1035 signiﬁcare

569 1039 757 1092 cibaria
776 1029 804 1092 ’;
833 1039 957 1091 licet
980 1036 1034 1089 in
1063 1033 1324 1089 Psalterio
1349 1031 1680 1088 transtulerit
1717 1032 1830 1102 ipse
1861 1029 2089 1086 venatio-

566 1126 679 1162 nem
687 1150 701 1163 .

510 1178 546 1248 7
569 1217 585 1232 .
615 1181 700 1235 17.
735 1177 868 1232 Illuc
896 1177 1192 1248 producam.
1220 1176 1284 1248 Α.
1312 1173 1399 1248 lbi
1421 1173 1690 1248 suscitabo.
1717 1169 1812 1248 G_r.
1833 1176 1958 1248 ⁸ζιιςζ
1979 1177 2090 1248 ἔζεε-

566 1259 760 1304 νατελῶ.
791 1240 1048 1306 llelieri
1075 1246 1197 1302 oriri
1221 1246 1427 1317 faciam.
1459 1245 1525 1302 R.
1555 1244 1713 1301 Rom.
1736 1241 1801 1299 ϐ.
1832 1241 1897 1297 ιι.
1919 1240 1981 1296 C.
2007 1240 2089 1295 ll-

568 1322 635 1375 lic
667 1324 957 1386 producam.

510 1390 548 1460 7
573 1380 698 1462 .718.
723 1392 973 1462 eﬂlorebit.
994 1388 1071 1462 VG.
1101 1387 1372 1462 fioriet._ln
1395 1386 1544 1462 aliud
1572 1384 1804 1462 Attg._de
1841 1380 2087 1462 Doctrina

568 1453 886 1523 Christiana,
921 1462 956 1515 l.
982 1461 1034 1523 ἓ,
1063 1453 1111 1514 οξ
1143 1460 1229 1514 15.
1261 1453 1434 1518 Illud,
1460 1457 1555 1520 ait,
1585 1453 1721 1528 quod
1739 1455 1862 1528 Ajant
1889 1453 2090 1528 auferre

569 1549 672 1588 non
709 1522 976 1604 possumus
1012 1531 1075 1583 de
1113 1546 1212 1604 ore;
1240 1529 1548 1604 cantantium
1578 1522 1948 1604 ‘popttlorunth
1977 1522 2087 1578 Su-

568 1620 662 1677 per
689 1593 854 1675 ipsum
900 1611 1063 1677 autem
1081 1600 1263 1677 floriet
1289 1593 1621 1677 sanctiﬁcatio
1659 1593 1791 1660 inea,-
1819 1593 1948 1650 nihil
1972 1611 2092 1677 pro-

573 1666 720 1749 fecto'
748 1673 1027 1749 sententiae-
1056 1666 1281 1749 detrahit
1335 1686 1384 1749 :_
1406 1666 1611 1749 auditor
1662 1679 1860 1749 tantem
1883 1666 2090 1749 peritior

568 1734 741 1800 mallet
767 1745 861 1800 hoc
895 1743 1100 1814 corrigi,
1129 1753 1184 1797 ut
1217 1757 1319 1797 non
1351 1741 1544 1808 ﬂoriet,
1585 1740 1674 1794 sed
1712 1734 1923 1794 ﬂorebit
1949 1734 2089 1790 dicc-

569 1825 726 1872 retur.

1013 1922 1080 1962 EX
1119 1921 1320 1962 PSALMO
1357 1920 1572 1961 CXXXII.

727 2023 780 2076 in
809 2030 1026 2076 montem
1075 2019 1225 2075 Sion.
1265 2018 1332 2074 A.
1372 2021 1524 2089 juxta
1565 2015 1664 2074 Gr.
1705 2031 1859 2084 super
1898 2025 2092 2072 montes

618 2110 722 2148 ton.

618 2110 722 2148 ton.

1024 2178 1093 2217 EX
1127 2175 1328 2216 ΡεΑικο
1358 2175 1462 2216 CXX
1473 2174 1585 2214 XIV.

513 2237 591 2307 γ,
619 2235 673 2290 5.
707 2235 826 2303 quia
863 2234 1021 2307 bonus
1051 2233 1337 2307 Dominus;
1363 2231 1430 2285 R.
1467 2229 1622 2307 Rom.
1648 2228 1714 2286 ϐ.
1753 2227 2092 2307 II._qugniam

574 2298 817 2378 benignus
863 2313 934 2358 est
981 2303 1252 2358 Dominus.
1296 2299 1357 2356 Ο.
1401 2302 1642 2373 quoniam
1692 2299 1862 2354 suavis
1908 2298 2090 2354 Domi-

574 2394 688 2432 nus.

503 2448 638 2505 Item
682 2448 718 2518 7
744 2487 759 2500 .
792 2447 844 2502 5.
872 2446 1108 2516 quoniam
1135 2461 1305 2518 suave.
1347 2442 1416 2498 Α.
1567 2441 1722 2498 Rom.
1756 2440 1822 2498 G.
1854 2443 2094 2518 quoniam

575 2511 745 2574 suabis
768 2527 859 2571 est.
884 2511 954 2571 Μ.
973 2518 1213 2588 quoniam
1250 2515 1428 2570 bonus.
1450 2511 1545 2570 Gr.
1567 2520 1646 2570 an
1663 2521 1824 2580 καλὸν,
1852 2515 2092 2584 quoniam

577 2591 780 2653 decens;
801 2599 854 2643 et
878 2588 953 2643 sic
984 2587 1145 2643 llebr.

579 2699 595 2714 .
617 2662 669 2713 5.
701 2675 810 2726 pra:
833 2659 1058 2713 omnibus
1081 2659 1199 2712 diis.
1232 2660 1295 2711 Α.
1323 2672 1477 2726 super
1504 2671 1676 2726 omnes
1700 2654 1842 2710 deos.

575 2770 590 2790 .
623 2733 677 2786 7.
703 2724 960 2786 Educens.
990 2732 1054 2783 Λ.
1080 2727 1364 2783 Suscitans.
1387 2724 1560 2782 Vllehr.
1582 2724 1800 2781 Leoans.

580 2841 596 2858 .
619 2802 706 2874 10.
731 2802 1070 2874 regesfortes.
1189 2815 1332 2874 reges
1359 2797 1630 2852 mirabiles.

578 2911 595 2928 .
619 2872 703 2929 l2.
738 2869 925 2944 populo
953 2887 1066 2944 suo.
1095 2873 1160 2944 Α.
1189 2869 1260 2944 Μ.
1283 2869 1510 2944 C._seruo
1534 2883 1646 2924 suo.

520 2941 559 3015 7
581 2983 596 2998 .
628 2941 1008 3015 14.judicabit.
1043 2942 1118 3015 A._
1129 2941 1398 3015 judicavit.

506 3007 636 3072 Item
676 3015 711 3085 7
737 3007 860 3068 Ϊ1ι1.
889 3007 1262 3086 ἄγην-ειναιῇμυςζ
1276 3010 1706 3086 Αιζαάυοταιξὶιῃγ.
1735 3007 2096 3086 σι’..πᾳροαληγ

577 3080 789 3146 basiem.
828 3087 890 3138 lt.
922 3080 1076 3139 Rom.
1116 3083 1188 3138 Μ.
1218 3083 1285 3138 II.
1413 3081 1772 3138 consolabitur.
1808 3080 1971 3138 Ilebr.
2001 3083 2096 3137 erit

577 3156 858 3228 placabilis.

523 3203 922 3298 iiii}...
952 3225 1178 3278 audient.
1214 3223 1309 3298 [Iis
1335 3223 1512 3298 verbis
1555 3221 1836 3298 subjicitur
1859 3222 1998 3292 apud
2025 3223 2092 3298 Α.
2140 3203 2146 3209 ’

581 3314 729 3352 nares
753 3297 958 3363 habent,
986 3306 1031 3350 et
1059 3313 1159 3349 non
1187 3295 1506 3358 odorabunt;
1531 3310 1589 3348 os
1609 3293 1810 3357 habent,
1837 3305 1881 3349 et
1901 3311 2000 3349 non
2017 3295 2094 3348 lo-

579 3380 826 3440 quentur;
856 3384 1036 3421 manus
1080 3366 1279 3440 habent,
1311 3377 1357 3420 et
1385 3383 1484 3440 non
1530 3366 1902 3440 operabu‘ntur;
1925 3365 2096 3440 pedes

583 3433 785 3504 habent,
814 3449 860 3492 et
887 3455 987 3492 non
1013 3437 1360 3492 ambulabunt.
1404 3433 1573 3506 Apud'
1605 3435 1669 3489 ll.
1725 3435 1880 3490 Rom.
1906 3433 1993 3506 Μ.
2026 3435 2092 3491 G.

582 3510 651 3565 11.
679 3511 739 3566 C.
767 3527 913 3563 nares
937 3509 1138 3575 habent,
1161 3518 1322 3562 etnon
1343 3505 1661 3569 odorabunt;
1691 3523 1869 3559 ntanus
1891 3505 2093 3574 habent,

581 3591 631 3635 et
655 3597 755 3634 non
785 3579 1093 3650 palpabunt;
1117 3579 1266 3649 pedes
1292 3579 1493 3644 habent,
1521 3587 1568 3631 et
1597 3594 1699 3632 non
1723 3576 2047 3632 ambulabunt
2075 3594 2094 3643 ,°

581 3667 684 3708 non
714 3651 998 3705 clamabunt
1026 3652 1080 3704 in
1103 3661 1303 3720 gutture
1329 3666 1443 3704 suo.

509 3721 656 3779 Idem
704 3723 776 3793 7.
810 3724 894 3776 l7.
939 3718 1260 3785 nequeenim
1297 3731 1371 3776 est
1403 3719 1608 3790 spiritus
1643 3719 1698 3774 in
1737 3733 1823 3774 ore
1850 3718 2092 3790 ipsorum.

586 3794 712 3848 IImc
739 3793 896 3847 verba
931 3793 1161 3862 prastcrit
1186 3795 1251 3846 A.

525 3865 563 3938 7
587 3904 603 3920 .
633 3864 723 3919 21.
755 3879 818 3919 e1:
839 3861 984 3918 Sion.
1009 3863 1100 3918 Gr.
1135 3871 1310 3923 sonat.
1341 3863 1393 3916 in
1421 3861 1570 3918 Sion.

1037 3949 1104 3989 EX
1133 3947 1332 3989 PSAIJIO
1359 3949 1425 3989 CX
1439 3948 1565 3987 XXV.

525 4008 565 4079 7
589 4046 603 4062 .
637 4007 687 4079 1.
712 4007 764 4060 in
793 4015 1055 4079 a'ternunt.
1084 4006 1150 4061 R.
1180 4005 1336 4060 Rom.
1360 4004 1430 4079 Μ.
1560 4003 1628 4079 C.
1650 4004 1702 4056 in
1727 4003 1986 4079 stecultmt.

527 4072 564 4149 7
589 4119 603 4133 .
633 4077 688 4132 2.
715 4079 951 4147 quoniam
979 4077 1028 4130 in
1056 4089 1294 4149 internum
1321 4075 1661 4130 misericordia
1697 4076 1824 4144 ejus.
1850 4074 2004 4149 Apud
2021 4072 2094 4129 M.

585 4150 704 4204 loco
727 4144 885 4203 istius
924 4147 1197 4211 clausulae,
1245 4163 1338 4217 per
1375 4159 1562 4202 omnes
1609 4159 1796 4201 \CI'SUS
1839 4144 2098 4214 repetitur

585 4230 810 4280 ωιιιιιιιι,
839 4219 1075 4288 quoniam
1094 4218 1272 4272 bonus.

527 4292 563 4360 7
588 4328 603 4342 .
632 4291 684 4342 7.
717 4283 986 4360 luminaria
1019 4305 1222 4360 magna.
1253 4285 1476 4342 Additur
1498 4287 1636 4341 solus
1661 4286 1713 4340 in
1744 4286 1810 4341 A.
1841 4284 1908 4340 R.
1938 4283 2094 4340 Rom.

584 4360 654 4414 Μ.
686 4360 751 4414 G.
786 4359 848 4412 ll.
877 4360 934 4414 C.
972 4368 1023 4412 et
1049 4357 1143 4414 Gr.

528 4431 566 4502 7
591 4470 605 4484 .
638 4432 722 4486 15.
759 4441 804 4502 tu
831 4433 1058 4502 virtutem
1089 4430 1216 4502 ejus.
1249 4427 1314 4482 R.
1349 4429 1513 4502 Rom.
1546 4427 1610 4483 G.
1648 4425 1709 4482 C.
1745 4437 1792 4480 et
1825 4427 2099 4502 exercitum

585 4502 714 4572 ejus.
767 4500 835 4554 Et
885 4503 960 4556 sic
1015 4499 1178 4554 Hebr.
1231 4503 1304 4554 At
1347 4500 1416 4554 Μ.
1469 4509 1516 4554 et
1568 4513 1764 4552 onmem
1825 4498 2099 4568 potentiam

587 4589 715 4625 eius.

587 4591 715 4643 ejus.

530 4644 567 4713 7
592 4682 606 4696 .
637 4644 724 4697 17.
761 4641 861 4707 Qui
900 4642 1161 4711 percussit,
1193 4649 1294 4696 etc.
1325 4640 1455 4696 Huic
1482 4639 1820 4713 versiculoin
1847 4638 1912 4693 R.
1938 4638 2095 4713 Rom.

589 4713 655 4770 G.
684 4713 744 4766 (Σ.
772 4713 908 4766 alitis
938 4713 1037 4767 iste
1077 4714 1412 4782 primuittitur
1437 4731 1450 4766 :
1487 4711 1585 4778 Qui
1613 4711 1784 4765 eduxit
1821 4727 2005 4782 aquam
2034 4711 2100 4766 de

590 4796 731 4856 petra
752 4784 912 4853 rupis,
937 4786 1173 4856 quoniam
1195 4784 1527 4856 instandum,
1553 4789 1659 4856 etc.

531 4850 605 4926 7i
641 4854 721 4909 18.
753 4850 894 4925 reges
935 4850 1105 4924 fortes.
1138 4853 1210 4926 Β.
1253 4854 1407 4922 Rom,
1454 4853 1521 4910 G.
1564 4853 1626 4909 Ο.
1661 4869 1800 4924 reges
1823 4850 2097 4907 mirabiles.

589 4926 752 4982 Hebr.
779 4942 919 4996 reges
940 4925 1252 4994 magniﬁcos.

1054 5011 1120 5050 EX
1146 5011 1235 5050 PSA
1244 5011 1346 5052 ι.ηο
1371 5009 1584 5052 CXXXVI.

530 5071 566 5142 7
593 5068 688 5142 .__5.
707 5067 948 5142 obliuioni
975 5066 1118 5120 detur
1145 5065 1348 5142 dextera
1383 5083 1510 5120 mea.
1544 5070 1608 5120 A.
1638 5063 1705 5120 R.
1733 5064 1890 5120 Rom.
1923 5063 1993 5120 Μ.
2031 5064 2097 5122 G.

599 5138 659 5193 II.
695 5138 757 5193 C.
785 5137 1104 5191 obltriscatur
1124 5155 1202 5190 me
1229 5137 1433 5191 dextera
1451 5153 1582 5192 mea.

603 5253 616 5266 .
639 5211 691 5262 (3.
716 5221 1040 5278 proposuero.
1066 5210 1128 5261 Α.
1158 5205 1223 5263 G.
1245 5208 1303 5261 Ο.
1327 5209 1447 5263 Car.
1481 5206 1571 5262 Gr.
1601 5222 1938 5278 prteposuero.

595 5320 608 5334 .
640 5281 691 5333 '7.
718 5277 869 5349 usque
891 5281 957 5332 ad
977 5281 1380 5350 fundamentum.
1405 5282 1466 5332 Α.
1489 5294 1644 5347 usque
1661 5278 1781 5332 dum
1801 5277 2104 5349 fundamen-

591 5362 714 5406 tum.
746 5351 810 5407 G.
842 5352 905 5405 ll.
932 5349 990 5404 (3..
1015 5351 1338 5418 quoadusque
1359 5349 1762 5417 fundamentum.

1033 5437 1096 5475 EX
1139 5435 1338 5476 PSAIJIO
1361 5435 1603 5477 CXXXVII.

535 5494 570 5564 7
596 5536 610 5549 .
645 5495 694 5548 1.
730 5493 835 5561 Ipsi
867 5490 1046 5564 Dauid.
1079 5491 1169 5546 Gr.
1200 5494 1364 5564 addit,
1391 5494 1561 5562 Aggtei
1585 5502 1630 5545 et
1648 5490 1934 5564 Zachariae.

525 5561 648 5620 Item
689 5567 720 5630 ᾖ
749 5604 759 5614 .
789 5566 838 5618 1.
867 5563 1100 5632 quoniam
1135 5561 1322 5617 audisti
1353 5561 1497 5617 verba
1522 5564 1624 5617 oris
1663 5563 1779 5617 mei.
1812 5563 1865 5617 Id
1891 5563 2042 5619 abest
2068 5576 2100 5617 a

591 5637 654 5692 Ο.
686 5647 733 5689 et
760 5636 917 5687 lll'ill'.

535 5707 569 5776 7
597 5748 608 5760 .
639 5707 690 5760 9..
715 5718 757 5757 et
787 5705 985 5757 veritate
1007 5714 1110 5758 tua.
1145 5704 1209 5760 G.
1242 5715 1288 5758 et
1312 5706 1493 5776 pietate
1517 5714 1623 5759 tua.

518 5772 649 5833 Item
693 5777 723 5847 ᾖ
750 5815 764 5829 .
791 5779 841 5831 2.
877 5793 1028 5846 super
1047 5793 1214 5834 omne.
1243 5772 1320 5833 R.
1343 5775 1498 5846 Rom.
1523 5792 1678 5847 super
1700 5791 1810 5833 nos.
1841 5774 1908 5831 Μ.
1933 5774 2000 5833 G.
2029 5772 2098 5832 Η.

589 5847 650 5904 C.
671 5864 822 5921 super
844 5848 1034 5905 omnia.

2195 1310 2329 1366 Item

2193 1381 2324 1439 Ilctn

2259 258 2354 271 ~"~

2213 463 2286 585 7;
2315 461 2369 518 3.
2397 461 2582 587 εἷσαάὶ
2606 477 2704 517 me.
2730 463 2795 518 Α.
2826 459 2894 516 Μ.
2924 459 3020 518 Gr.
3055 461 3154 516 cito
3177 458 3363 515 exaudi
3387 475 3491 517 me.
3518 457 3591 517 ϐ.
3623 454 3822 515 veloci-

2290 549 2364 587 αν.
2399 548 2427 587 e
2452 548 2503 587 C.

2290 549 2364 598 er,
2399 548 2503 588 etc.

2194 601 2324 658 Item
2372 604 2408 673 7
2433 643 2446 658 .
2486 604 2540 659 5.
2585 603 2945 671 multiplicabis
2968 603 3022 657 in
3050 601 3224 657 anima
3263 617 3377 657 mea
3424 601 3706 673 virtutem.
3752 600 3821 657 R.

2270 671 2426 728 Rom.
2457 674 2675 729 addunt.
2712 685 2870 728 tuam.
2903 677 2967 730 At
3012 673 3076 729 Α.
3110 673 3289 735 Ιιιιιιθι,
3322 671 3712 741 multiplicabis
3743 687 3823 726 me

2266 746 2320 798 in
2340 746 2510 798 anima
2531 762 2641 799 ntea
2663 747 2859 800 virtute.
2889 745 2955 803 G.
2983 743 3043 799 (Ζ.
3074 742 3422 812 multiplicasti
3443 760 3528 797 me
3549 744 3608 796 in
3637 743 3822 798 anima

2267 833 2376 870 mea
2405 816 2456 870 in
2485 818 2665 870 virtute
2693 827 2798 870 tua.
2828 815 2892 872 II.
2924 826 2980 873 et
2998 813 3092 872 Gr.
3116 815 3442 871 concordant
3464 829 3603 870 cum
3623 816 3697 870 Α.
3727 813 3818 870 cui

2269 896 2470 941 tantum
2493 887 2712 948 atltltmt.
2739 897 2845 942 tua.

2210 957 2247 1028 7
2270 996 2284 1013 .
2317 959 2370 1014 5.
2399 958 2452 1012 in
2495 959 2586 1012 riis
2616 955 2841 1012 Domini.
2873 957 2936 1012 R.
2969 956 3126 1012 Rom.
3153 955 3296 1028 G.Q.
3326 955 3659 1028 inieanticis,
3680 965 3816 1028 etc“

2265 1029 2389 1113 quia
2435 1043 2532 1102 pro
2567 1034 2712 1096 ὁδοῖς,
2745 1029 3020 1099 legebatur
3054 1031 3217 1098 ᾠδαῖς.
3255 1026 3322 1083 R.
3369 1027 3534 1084 Rom.
3581 1024 3652 1080 (Σ.
3697 1023 3818 1082 Do-

2266 1117 2423 1154 tumo.

2208 1170 2245 1241 7
2271 1210 2283 1224 .
2306 1171 2360 1226 8.
2392 1169 2638 1225 Dominus
2661 1171 2918 1241 retribuet.
2955 1169 3022 1225 A.
3051 1166 3116 1225 G.
3141 1168 3292 1241 juxta
3319 1167 3416 1224 Gr.
3454 1166 3698 1225 Domine
3727 1183 3815 1222 re-

2267 1241 2474 1296 tribues.
2504 1241 2570 1296 R.
2624 1241 2781 1296 Rom.
2809 1240 3024 1296 Domine
3050 1239 3286 1294 retribue.

2427 1350 2440 1365 .
2463 1312 2515 1366 8.
2556 1313 2607 1365 in
2633 1313 2896 1368 saeculum.
2928 1313 2993 1367 Α.
3026 1312 3077 1364 in
3098 1322 3362 1366 teternum.

2426 1422 2441 1437 .
2471 1382 2525 1439 8.
2557 1399 2621 1437 ne
2638 1383 2906 1450 despicias.
2946 1380 3012 1439 G.
3057 1381 3121 1437 ll.
3155 1399 3256 1437 non
3285 1381 3512 1437 omittas.
3539 1379 3727 1437 Hebr.
3747 1396 3816 1436 ne

2263 1451 2510 1510 dimittas.
2539 1451 2634 1510 Gr.
2660 1467 2732 1522 μὴ
2755 1458 2973 1526 παριόῃς.

2708 1540 2779 1581 εκ
2808 1539 3008 1582 νςλυιο
3031 1537 3287 1580 CXXXVIII.

2207 1596 2246 1662 7
2269 1633 2284 1649 .
2312 1594 2369 1649 2.
2399 1596 2670 1651 sessionem
2695 1613 2878 1650 meam.
2904 1595 2971 1652 G.
3004 1596 3286 1665 passionem
3317 1609 3510 1665 meam.

2208 1665 2243 1736 7
2269 1705 2283 1721 .
2307 1667 2362 1724 5.
2388 1677 2436 1722 et
2464 1668 2750 1736 funiculum
2766 1684 2951 1730 meum.
2976 1664 3080 1720 etc.
3105 1668 3170 1719 A.
3195 1674 3244 1720 et
3270 1664 3480 1736 limitem
3504 1678 3712 1720 meum.
3741 1665 3811 1721 R.

2267 1737 2425 1792 Rom.
2461 1734 2526 1793 Β.
2572 1739 2634 1794 ιι.
2673 1735 2736 1794 C.
2765 1748 2814 1794 et
2845 1738 3167 1792 directionem
3206 1751 3391 1790 meam.
3421 1734 3492 1790 Μ.
3524 1746 3581 1791 et
3627 1739 3810 1809 funem

2265 1826 2452 1865 meum.
2482 1810 2643 1866 llebr.
2672 1817 2718 1864 et
2739 1809 3097 1864 accubitionem
3123 1822 3306 1860 nteant.

2211 1879 2250 1951 γ
2274 1918 2290 1936 .
2318 1882 2372 1936 4.
2401 1898 2501 1936 ηοη
2524 1890 2595 1951 est
2630 1896 2814 1935 sermo.
2845 1886 2910 1936 Α.
2938 1881 3003 1935 R.
3035 1879 3169 1935 Rom
3202 1877 3273 1934 Μ.
3299 1875 3368 1935 G.
3395 1876 3465 1934 II.
3495 1875 3569 1933 Ω.
3601 1894 3716 1934 non
3737 1886 3813 1935 est

2264 1953 2432 2007 dolus.
2460 1951 2515 2006 ΙΙΙ
2546 1949 2641 2006 Gr.
2663 1959 2793 2019 λόγος
2816 1955 2999 2012 ἄδικος.

2211 2020 2285 2092 7.
2313 2022 2368 2078 9.
2401 2022 2740 2092 diluculo._A.
2781 2023 2836 2076 in
2879 2022 3143 2076 directum.
3183 2019 3254 2076 R.
3297 2018 3575 2092 ηοωηβ.
3623 2019 3698 2076 II.
3744 2018 3810 2077 G.

2261 2102 2379 2147 ante
2418 2093 2599 2146 lucent.
2628 2090 2694 2147 G.
2730 2102 2849 2147 ante
2882 2092 3044 2147 lucem
3075 2091 3128 2145 in
3163 2092 3430 2146 directum.
3469 2089 3544 2146 Μ.
3569 2107 3609 2145 a
3637 2102 3811 2146 matu-

2267 2164 2393 2218 tino.
2437 2162 2532 2219 Gr.
2564 2161 2670 2219 κατ’
2691 2166 2822 2235 ὃρθόν
2859 2180 2876 2220 :
2922 2177 3021 2233 pro
3059 2177 3167 2233 quo
3194 2162 3248 2217 in
3294 2161 3414 2218 aliis
3465 2161 3632 2219 libris
3656 2204 3674 2232 ,
3702 2162 3812 2218 κατ’

2267 2241 2445 2306 δέθρονε
2463 2303 2492 2306 ν,
2588 2272 2595 2306 ς

2210 2303 2248 2376 'y
2268 2302 2407 2434 :1.
2430 2303 2736 2360 ittuminatio
2749 2321 2880 2361 mea.
2898 2303 3015 2361 Vox
3037 2320 3148 2360 mea
3163 2303 3316 2361 abest
3333 2303 3401 2360 ab
3420 2304 3488 2361 Δ.
3509 2302 3649 2360 Car.
3672 2303 3803 2362 Ger.

2317 2392 2362 2430 I‘.

2212 2448 2248 2518 ᾗ
2270 2485 2286 2504 .
2317 2447 2403 2503 11».
2431 2447 2782 2518 magnificatus
2801 2464 2872 2502 es.
2903 2447 2966 2502 Α.
2991 2445 3057 2502 R.
3083 2445 3500 2518 Rom.b_l.juxta
3523 2444 3628 2503 Gr.
3656 2445 3803 2518 miri?

2268 2519 2449 2588 [iratus
2475 2516 2546 2574 es.
2571 2517 2638 2574 G.
2671 2517 2734 2574 II.
2762 2517 3057 2588 miriﬁcatus
3080 2533 3213 2572 sunt.
3253 2516 3416 2573 Ilcbr.
3446 2517 3807 2588 magni/icasti

2270 2605 2351 2643 me
2357 2627 2374 2644 .

2211 2659 2249 2729 7
2272 2699 2288 2732 .
2322 2660 2410 2732 15.
2437 2658 2580 2732 Non.
2619 2670 2694 2716 est
2717 2660 3024 2732 occultatum
3049 2657 3106 2714 os
3127 2675 3296 2714 meum
3325 2675 3360 2712 α
3379 2669 3447 2727 te,
3472 2658 3622 2729 quod
3640 2658 3805 2732 fecisti

2269 2730 2324 2784 in
2351 2730 2662 2785 abscondito.
2708 2731 2774 2787 G.
2810 2729 2932 2786 Non
2957 2731 3208 2786 occultum
3246 2746 3419 2786 ossum
3447 2746 3627 2788 meum
3641 2729 3722 2785 'ad
3743 2745 3804 2787 eo

2269 2817 2381 2870 qua:
2408 2802 2571 2873 fecisti
2591 2802 2642 2856 in
2663 2802 2878 2857 occulto.

2211 2869 2288 2943 7.
2315 2869 2419 2929 16.⁷
2436 2870 2794 2945 Imperfectum
2822 2889 3007 2940 meum,
3032 2880 3136 2927 etc.
3155 2869 3392 2945 M.ju3_tt_a
3419 2870 3516 2928 Gr.
3541 2870 3800 2945 Inopem.

2272 2953 2376 3016 tum
2407 2959 2594 3016 meum.
2612 2942 2690 2999 'G.
2726 2942 3086 3016 Imperfectum
3111 2952 3254 2997 tuum
3275 2943 3505 2998 viderunt
3521 2945 3666 2999 oculi
3681 2943 3798 2999 mei.

2271 3013 2436 3070 llelir.
2455 3014 2720 3084 informem
2731 3013 3019 3075 adltuc'me.
3040 3022 3149 3069 etc.

2197 3081 2328 3140 Item
2364 3084 2400 3155 7
2422 3123 2438 3138 .
2469 3081 2568 3152 16._
2586 3085 2692 3138 dies
2717 3085 3087 3155 formabuntur.
3119 3085 3162 3138 A
3202 3082 3272 3139 Μ.
3295 3081 3355 3140 C.
3385 3100 3476 3153 per
3497 3083 3662 3150 diem,
3689 3093 3795 3141 etc.

2270 3156 2338 3210 Α.
2363 3153 2619 3209 errabant.
2643 3155 2828 3282 :1tlasi
2857 3155 2908 3210 in
2939 3153 3034 3210 Gr.
3066 3155 3249 3225 legerit
3267 3163 3678 3225 mantica-mu,
3702 3168 3799 3228 pro

2270 3234 2636 3282 «lacertae-mu.
2667 3226 2684 3281 I
2720 3268 2730 3279 .
2764 3227 2845 3281 die
2866 3226 3208 3282 reolebuntur.

2269 3234 2636 3298 πλασθήσονται.
2667 3226 2730 3282 Il.
2764 3227 2845 3281 die
2866 3226 3208 3298 replebantur.

2212 3299 2250 3367 7
2271 3334 2287 3349 .
2320 3298 2407 3352 17.
2435 3297 2756 3365 honori/icati
2774 3309 2906 3353 sunt.
2924 3297 3007 3353 Μ.
3038 3297 3323 3352 honorandi
3343 3306 3479 3352 sunt.

2198 3367 2329 3424 Item
2374 3368 2410 3439 7
2435 3369 2572 3440 ._l7.
2614 3371 2926 3436 confortatus
2953 3378 3048 3424 est.
3095 3369 3162 3422 At.
3199 3367 3349 3438 juxta
3391 3367 3486 3425 Gr.
3515 3367 3797 3440 confortati

2269 3438 2408 3494 sunt.
2433 3438 2498 3494 G.
2526 3439 2590 3493 C.
2619 3441 2899 3509 conﬁrmati
2925 3450 3062 3494 sunt.

2213 3509 2250 3580 7
2275 3549 2288 3562 .
2315 3509 2407 3581 A20.
2439 3510 2604 3581 dicitis
2641 3511 2692 3563 in
2714 3505 3039 3581 cogitatione.
3076 3509 3140 3564 Α.
3165 3508 3230 3565 II.
3344 3507 3435 3581 Gr.
3461 3509 3610 3581 dices
3629 3509 3794 3581 inco-

2273 3579 2632 3652 gitatione.rG._
2657 3579 2806 3644 dicis,
2830 3590 2934 3634 etc.
2964 3579 3030 3634 Μ.
3063 3579 3358 3652 contentiosi
3377 3580 3494 3634 estis
3511 3581 3566 3634 in
3593 3579 3792 3652 cogita-

2272 3649 2508 3706 tionibus.
2541 3650 2701 3706 llebr.
2726 3651 3063 3705 contradicent
3089 3651 3176 3704 tibi
3197 3649 3457 3704 scelerate.

2199 3721 2331 3778 Item
2373 3723 2406 3790 7
2431 3761 2444 3776 .
2477 3721 2568 3778 20.
2601 3721 2824 3776 ciritates
2867 3731 2997 3774 tuas.
3039 3723 3104 3776 Α.
3148 3720 3213 3775 R.
3246 3720 3404 3776 Rom.
3446 3719 3518 3776 Μ.
3560 3718 3632 3778 G.
3667 3718 3790 3778 Car.

2269 3793 2422 3849 Collt.
2447 3792 2574 3849 Ger.
2596 3791 2712 3850 Gal.
2743 3793 2967 3846 civitates
2991 3808 3131 3845 suas.

2214 3864 2291 3936 7.
2346 3862 2436 3936 25.
2489 3865 2745 3935 interroga
2796 3879 2875 3917 me
2903 3905 2919 3929 ,
2955 3873 3019 3936 et
3071 3878 3316 3936 cognosce
3373 3863 3592 3936 semitas
3630 3879 3787 3936 nicas.

2271 3936 2341 3990 A.
2397 3934 2641 3991 Scrutare
2680 3933 2780 4002 ine,
2799 3944 2902 3992 etc.
2951 3933 3021 3990 Μ.
3061 3933 3238 4006 Afflige
3283 3949 3394 4001 me,
3429 3944 3476 3988 et
3519 3935 3650 3990 scito
3686 3935 3792 3989 vias

2271 4022 2426 4062 "I808.

2213 4075 2289 4148 7.
2317 4075 2404 4131 24.
2450 4077 2504 4131 in
2544 4076 2624 4131 oiu
2665 4084 2872 4131 aeterna.
2920 4075 2990 4131 R.
3039 4074 3197 4130 Rom.
3248 4072 3316 4130 II.
3364 4075 3416 4129 in
3461 4074 3596 4130 riam
3641 4084 3787 4132 ceter-

2270 4163 2408 4201 nam.

2722 4233 2793 4272 EX
2819 4231 3018 4273 νειιιιο
3045 4231 3266 4273 CXXXIX.

2213 4289 2252 4359 7
2276 4327 2291 4342 .
2319 4288 2373 4344 ιι.
2401 4287 2532 4344 sicut
2555 4289 2819 4359 serpentis.
2859 4292 2925 4344 Α.
2971 4288 3037 4342 R.
3085 4288 3241 4359 Rom.
3287 4287 3358 4342 Μ.
3399 4287 3464 4344 G.
3513 4287 3555 4359 II
3605 4289 3666 4343 C.
3695 4289 3789 4343 sic-

2270 4368 2647 4487 gtlserpentes.
2693 4359 2762 4415 Et
2801 4360 2880 4414 sic
2943 4359 3160 4429 Vulgata
3200 4358 3255 4414 in
3300 4359 3421 4414 Cur.
3458 4358 3615 4415 Colb.
3661 4359 3785 4415 Ger.

2320 4446 2347 4484 τι
2378 4469 2390 4483 .

2320 4446 2390 4484 ιιι.

2214 4502 2252 4574 7
2278 4501 2380 4574 ιϐ.
2399 4499 2728 4574 extenderunt
2743 4501 2804 4574 in
2829 4500 3083 4574 laqueum.
3128 4500 3194 4556 Α.
3331 4498 3489 4556 Rom.
3515 4500 3587 4555 Μ.
3617 4499 3685 4558 G.
3721 4499 3782 4556 II.

2271 4571 2337 4628 C.
2362 4572 2509 4642 juxta
2539 4569 2636 4642 Gr.
2653 4570 2874 4635 addunt,
2895 4569 3116 4637 pedibus
3145 4571 3291 4642 meis.

2215 4643 2253 4714 7
2276 4683 2292 4699 .
2319 4640 2376 4700 8.
2404 4641 2709 4701 obumbrasti
2738 4658 2892 4714 super
2913 4652 3087 4714 caput,
3104 4650 3210 4698 etc.
3232 4640 3301 4697 R.
3342 4641 3583 4698 obumbra
3610 4648 3784 4714 caput,

2272 4724 2380 4770 CIC.

2216 4784 2256 4856 7
2276 4825 2290 4840 .
2322 4785 2376 4841 9.
2414 4783 2497 4840 Ne
2521 4783 2693 4856 tradas
2709 4782 3062 4856 me,,Domine,
3090 4799 3123 4836 a
3142 4783 3388 4837 desiderio
3411 4798 3540 4838 meo.
3567 4782 3633 4840 ϐ.
3667 4780 3785 4856 Non

2274 4857 2468 4913 tradas.
2513 4854 2743 4918 Domine.
2793 4855 3098 4909 desiderium
3145 4869 3308 4907 meum
3352 4855 3620 4922 peccatori.
3659 4853 3783 4909 Car.

2274 4925 2426 4982 Cu").
2450 4924 2512 4981 C.
2540 4925 2657 4981 Gal.
2688 4924 2810 4996 Non
2822 4924 3015 4996 tradas,
3035 4922 3264 4996 Domine,
3284 4923 3530 4996 desiderio
3547 4941 3653 4980 meo
3672 4937 3786 4996 pec-

2272 4999 2451 5051 catori.
2476 4997 2639 5051 llebr.
2672 4995 2756 5051 Ne
2778 4996 2886 5061 des,
2917 4995 3155 5057 Domine,
3186 4994 3434 5049 desideria
3454 4996 3618 5065 impii.

2217 5068 2255 5140 7
2279 5107 2295 5140 .
2325 5069 2412 5123 11.
2439 5067 2674 5140 carbones
2697 5069 2752 5121 in
2776 5068 2944 5137 ignem
2963 5065 3182 5140 ‘deji‘cies‘
3198 5080 3302 5140 eos.
3321 5065 3553 5140 lt._jttxta
3567 5065 3660 5122 Gr.
3683 5080 3787 5140 αι]-

2277 5139 2427 5194 bones
2453 5139 2583 5207 ignis
2605 5140 2658 5192 in
2686 5133 2838 5193 terra.
2863 5146 2909 5190 et
2935 5133 3139 5205 dejicies
3163 5134 3289 5260 ‘rel.
3309 5133 3563 5207 deﬁcient)
3585 5153 3686 5190 eos.
3718 5133 3780 5188 G.

2277 5213 2514 5260 carbones
2543 5209 2693 5260 ianis.
2725 5217 2771 5260 et
2793 5207 2991 5260 deiiciet
3020 5207 3169 5260 eos.I
3201 5245 3215 5260 .
3243 5209 3484 5260 carbones
3521 5209 3671 5260 iouis.
3703 5221 3780 5260 su-

2276 5213 2514 5264 carbones
2543 5209 2693 5279 ignis.
2725 5217 2771 5261 et
2793 5207 2991 5278 dejiciet
3020 5222 3126 5262 eos.
3147 5207 3215 5262 Il.
3243 5209 3484 5262 carbones
3521 5209 3671 5278 ignis,
3703 5221 3786 5261 suo

2277 5297 2377 5350 per,
2393 5278 2576 5333 terram
2597 5278 2800 5350 dejicies
2826 5294 2929 5331 eos.

2222 5345 2298 5422 7'.
2332 5349 2414 5406 19..
2437 5351 2634 5420 capient
2658 5345 2716 5404 in
2743 5349 2971 5404 interitu.
2998 5349 3066 5405 A.
3091 5348 3243 5420 juxta
3270 5345 3366 5404 Gr.
3396 5349 3708 5404 oenabuntur
3731 5345 3779 5399 in

2269 5422 2548 5476 interitum.

2219 5493 2256 5564 7
2280 5531 2294 5546 .
2324 5492 2412 5549 l5.
2445 5490 2509 5548 Et
2539 5492 2826 5570 rindictam.
2858 5493 2922 5547 Δ.
2947 5491 3094 5562 juxta
3124 5488 3218 5546 Gr.
3247 5498 3294 5545 et
3313 5506 3540 5547 causam.

2774 5579 2842 5618 EX
2875 5577 3073 5618 PnAIJIO
3098 5577 3225 5616 CXL.

2220 5635 2257 5707 7
2279 5673 2296 5691 .
2323 5635 2377 5689 3.
2407 5643 2455 5688 et
2478 5635 2659 5707 ostium
2687 5634 3073 5707 circumstantia:
3109 5631 3258 5689 labiis
3284 5633 3428 5688 meis.
3454 5634 3520 5690 Α.
3543 5642 3590 5688 et
3610 5629 3779 5686 ostium

2277 5705 2593 5760 continentia:
2615 5705 2805 5760 circum
2834 5704 2964 5759 labia
2983 5720 3114 5758 utea.

2220 5776 2257 5848 7
2279 5813 2309 5848 ξ
2323 5777 2387 5848 4.
2400 5786 2452 5848 et
2478 5793 2575 5831 non
2603 5775 2998 5848 communicabo.
3042 5779 3108 5833 Α.
3149 5775 3217 5835 G.
3247 5783 3295 5832 et
3337 5791 3440 5833 non
3477 5767 3774 5834 combinabo,

2279 5845 2345 5902 R.
2372 5846 2438 5906 11.
2469 5857 2518 5904 et
2544 5863 2643 5904 non
2669 5847 3008 5904 combinabor.
