4078 6460
498 413 574 478 σε
1357 457 1363 462 .
1974 407 2086 467 PBt

2195 406 2360 465 A110.

497 543 600 600 pro
623 537 768 587 sorte
791 535 848 586 et
873 527 1182 586 haereditate
1213 541 1308 600 sua
1335 541 1455 600 eum
1488 525 1615 600 _til_ii_s
1640 523 1767 600 Levi
1798 524 1850 580 in
1878 539 2074 600 perpe-

502 595 652 655 tuom
681 601 972 666 possessuri
989 641 1004 665 ,
1031 599 1320 654 dummodo
1343 598 1431 653 hie
1468 597 1648 652 debito
1671 595 1815 653 cultu
1840 607 1894 653 et
1917 595 2076 668 digna

504 669 807 726 laudatione
835 673 882 726 ei
910 671 1210 726 servierint.

573 740 705 796 illud
735 751 984 810 lmeterea
1011 739 1436 795 consideratione
1457 737 1674 809 dignum
1699 748 1781 795 est
1801 780 1814 796 .
1843 753 1942 794 nec
1962 754 2078 810 my-

499 814 666 868 sterio
693 809 876 875 caret,
907 809 1044 880 quod
1074 827 1194 866 cmn
1241 820 1348 865 tota
1395 811 1662 878 Scriptura
1711 810 1962 865 divinitus
1993 809 2077 864 in-

501 884 698 952 Spirata
720 924 736 948 ,
781 883 845 937 ad
892 881 980 936 Dei
1009 882 1216 937 laudem
1243 890 1300 936 et
1327 881 1548 952 gloriam
1577 881 1814 934 ordinata
1857 894 1912 935 et
1939 895 2070 935 con-

501 951 696 1021 SCl‘ll'lla
727 954 830 1015 sit.
867 961 973 1006 tota
1017 953 1177 1006 etiatn
1223 953 1421 1007 homini
1467 951 1532 1005 ad
1560 953 1675 1018 ejus
1701 952 1996 1006 doctrinam
2023 960 2079 1006 et

499 1023 918 1080 consolationem
951 1024 1138 1078 tradita
1162 1065 1177 1087 ,
1209 1033 1315 1077 tota
1336 1023 1566 1092 denique
1601 1023 1797 1076 divinis
1833 1022 2077 1077 laudibus

500 1095 654 1164 plena
678 1136 694 1160 ,
727 1095 971 1150 universa
1018 1110 1048 1147 a
1095 1095 1287 1165 quibus
1335 1093 1509 1165 debita
1545 1093 1635 1165 llei
1659 1093 1908 1165 laudatio
1937 1094 2077 1147 sumi

501 1163 676 1234 potest
702 1165 991 1230 inducens,
1019 1163 1340 1234 omnemque
1375 1163 1618 1218 laudandi
1651 1163 1872 1218 formam
1918 1173 2077 1233 atque

500 1235 763 1290 rationem
810 1249 1120 1304 exponens;
1149 1245 1331 1290 sancta
1377 1244 1552 1304 tamen
1589 1235 1821 1289 Ecclesia
1855 1235 2078 1303 quibus-

499 1304 622 1378 dam
652 1303 939 1378 Scripturis
972 1307 1256 1378 specialius
1281 1315 1437 1376 atque
1465 1303 1794 1378 frequentius
1820 1307 1870 1359 in
1897 1305 2079 1378 divino

498 1377 645 1433 cultu
687 1375 1146 1432 uti'voluit.’Nam
1176 1377 1316 1431 sicut
1357 1375 1421 1430 ex
1453 1377 1725 1446 utriusque
1749 1375 2078 1430 'l’estamenti

499 1448 711 1518 pupulis
735 1449 989 1502 Dominus
1027 1447 1284 1518 quosdam
1328 1447 1628 1518 specialiter
1661 1446 1849 1518 elegit,
1881 1456 1937 1500 at
1984 1461 2076 1501 su-

501 1517 684 1588 perius
706 1519 1009 1588 expositum
1039 1517 1121 1573 est
1145 1535 1159 1578 ;
1189 1519 1258 1571 ita
1279 1527 1333 1572 et
1359 1533 1424 1571 ex
1452 1517 1723 1588 utriusque
1752 1517 2080 1573 'l‘estamenti

506 1587 800 1660 Scripturis
843 1588 1100 1660 quasdam
1144 1587 1538 1660 Specjnliter'in
1570 1590 1710 1642 eultu
1761 1601 1859 1641 suo
1890 1589 2079 1660 voluit

504 1657 876 1725 frequentari,
911 1667 1093 1728 utpote
1137 1674 1209 1714 ex
1262 1657 1460 1714 Veteri
1492 1658 1834 1714 ‘l‘esmmento
1887 1659 2079 1713 librum

500 1728 833 1786 Psalmornm
854 1771 869 1795 ,
899 1730 998 1784 hac
1021 1729 1313 1798 praesertim
1346 1729 1586 1800 ratione,
1619 1739 1676 1782 tit
1699 1729 1855 1782 docto
1889 1730 2082 1800 Diony-

502 1802 585 1856 sio
614 1801 817 1869 placet.
844 1801 966 1869 quia
1018 1799 1216 1856 Psalmi
1264 1815 1359 1868 per
1385 1799 1598 1854 modum
1627 1799 1794 1853 laudis
1838 1799 2082 1868 compre-

504 1870 746 1943 hendunt
770 1871 1023 1943 quidquid
1061 1871 1112 1925 in
1156 1884 1306 1943 sacra
1329 1869 1598 1943 Scriptura
1645 1871 1947 1943 continetur
1979 1870 2076 1943 (a).

504 1940 658 1998 Unde
681 1953 734 1996 et
763 1943 846 1997 hic
874 1941 1205 1997 Psalmorum
1234 1941 1364 1994 liber
1397 1941 1678 2010 registrnm
1703 1949 1782 1995 cst
1812 1941 1973 1996 totius
1989 1940 2083 1996 'sa-

501 2027 607 2067 cra:
655 2011 977 2082 Scriptum,
1027 2020 1083 2066 et
1128 2013 1517 2082 consummatio
1560 2010 1720 2064 totius
1768 2011 2082 2082 theologiam

502 2083 727 2153 paginas.
778 2081 947 2148 Quem
978 2091 1032 2136 et
1059 2082 1415 2153 subsequens
1455 2081 1868 2153 diviAugustiui
1914 2081 2081 2153 nostri

505 2152 756 2223 prologus
807 2152 1100 2208 innumeris
1149 2168 1282 2221 pene
1329 2152 1610 2220 prtrconiis
1655 2152 1992 2207 commendat
2030 2161 2086 2207 et

501 2224 728 2279 extollit.
762 2224 910 2278 llune
942 2223 1134 2278 liln'um
1164 2239 1315 2278 sacer
1335 2238 1503 2276 canon
1524 2263 1539 2285 ,
1572 2223 1708 2277 inter
1743 2232 1935 2276 cetera
1963 2239 2084 2292 qua:

503 2295 869 2349 sacerdotibus
914 2293 980 2348 ad
1033 2292 1310 2349 sciendum
1344 2294 1639 2347 necessaria
1679 2302 1839 2357 sunt,
1871 2293 2084 2347 discen-

501 2364 629 2419 dum
651 2375 973 2420 counnonet.
1003 2364 1135 2418 Cum
1165 2365 1306 2417 enim
1339 2364 1691 2434 intelligenter
1721 2363 1827 2418 Deo
1856 2363 2086 2432 psallen-

501 2435 629 2491 dum
675 2435 1067 2507 sit,quomodo
1114 2434 1292 2490 debite
1340 2434 1449 2488 Deo
1491 2434 1721 2505 psallere
1764 2435 2086 2506 potest,qui

566 2569 638 2632 (α)
661 2569 845 2632 Dionys,
894 2569 958 2620 de
983 2568 1102 2621 eecl.
1125 2568 1415 2630 ltierarchia,
1440 2582 1486 2620 c.
1508 2569 1558 2619 3.

2991 458 3219 480 .
3340 450 3343 454 -
3713 410 3785 469 θι

2181 522 2307 594 quid
2339 523 2529 592 psallat
2567 523 2809 596 ignorat?
2833 521 2993 597 Iubet
3032 539 3266 597 namque
3293 535 3522 582 sanctus
3556 523 3783 583 Psalmi-

2177 605 2258 668 ειη
2300 605 2486 651 noster
2529 597 2903 668 ut‘psallentes
2945 596 3060 668 Deo
3112 596 3480 668 intelligenter
3525 597 3778 666 psallant.

2181 664 2430 738 Quoniam
2455 683 2564 732 rex,
2593 664 2782 737 inquit,
2816 667 2979 722 omnis
2995 677 3144 722 terra!
3164 664 3317 730 Deus,
3341 664 3555 738 psallite
3573 669 3781 737 sapien-

2179 746 2253 790 ter
2277 739 2294 805 (
2320 735 2472 808 iPsal.
2513 735 2750 808 ςιιίζὸ)
2773 779 2788 803 ,
2821 738 2924 793 hoc
2953 747 3037 792 est
3073 735 3428 808 intelligenler,
3458 750 3517 793 ut
3547 735 3652 794 alia
3690 739 3779 795 lit-

2180 815 2288 862 tera
2318 807 2498 865 habet.
2541 808 2673 876 Quia
2701 807 2828 864 νει-ο
2874 808 2959 863 hic
2986 808 3119 865 liber
3145 817 3222 863 tot
3239 807 3300 863 et
3335 818 3448 864 tam
3497 811 3780 878 profundis

2178 879 2447 948 mysteriis
2475 878 2662 946 plenus
2708 889 2832 945 est,
2873 889 2934 935 ut
2970 895 3000 934 a
3032 884 3245 934 nemine
3287 881 3406 935 sine
3446 881 3781 939 revttlatione

2178 950 2263 1022 vel
2287 948 2448 1022 docto
2473 951 2759 1018 interprete
2783 951 2951 1020 possit
2975 950 3192 1020 intelligi
3217 964 3232 1015 ;
3267 965 3326 1003 ea
3356 949 3430 1022 de
3458 967 3520 1007 re
3557 967 3781 1022 magnus

2180 1018 2270 1074 ille
2298 1019 2486 1075 doctor
2520 1018 2842 1090 Augustinus
2869 1030 3050 1076 noster
3069 1064 3084 1087 ,
3113 1018 3498 1077 devotissimus
3531 1022 3628 1077 Dei
3649 1018 3769 1078 cul-

2182 1099 2286 1154 tor,
2314 1092 2716 1159 animarumque
2753 1092 2940 1146 salutis
2980 1093 3182 1147 zelator
3229 1091 3694 1158 ardentissimus,
3728 1093 3782 1149 il-

2180 1159 2283 1217 lius
2327 1161 2684 1231 explanationi
2729 1163 2961 1234 vigilanti
3016 1162 3194 1234 studio
3244 1163 3555 1234 insudarit,
3595 1163 3779 1219 clausa

2182 1246 2408 1306 quaeque
2467 1247 2742 1306 reserans,
2778 1232 3150 1306 "abscondito
3178 1233 3423 1306 revelatis
3448 1275 3480 1306 ,_
3526 1235 3782 1306 mysteria

2183 1302 2420 1370 pandens
2445 1344 2460 1365 ,
2491 1303 2718 1359 obscura
2760 1303 3090 1370 dilucidaus,
3119 1303 3275 1358 dttbia
3313 1302 3626 1368 delinicns',
3656 1305 3779 1360 vitia

2179 1371 2487 1445 detestans,
2515 1375 2735 1430 virtutes
2773 1376 3066 1440 extollens,
3112 1374 3367 1445 supplicia
3412 1376 3778 1444 comminans,

2181 1444 2396 1512 prmtnia
2421 1445 2737 1516 promittens
2762 1485 2778 1511 ,
2801 1444 3519 1516 pusillanimeseonfortans
3536 1487 3554 1512 ,
3580 1460 3782 1515 pransu-

2183 1523 2390 1569 mentes
2434 1515 2750 1580 deterrens,
2783 1515 3184 1585 perseverantes
3236 1531 3548 1578 coronans;
3600 1517 3672 1573 ita
3721 1525 3780 1572 ut

2181 1599 2341 1657 nemo
2366 1585 2455 1654 qui
2485 1585 2766 1656 diligenter
2797 1585 3016 1654 legerit.
3063 1585 3264 1657 absque
3293 1587 3470 1657 fructu
3515 1585 3776 1642 discedat.

2184 1653 2326 1728 lluic_
2355 1653 2511 1725 igitur
2537 1653 2685 1722 operi
2713 1657 2947 1712 studium
2993 1653 3300 1726 impendant
3319 1698 3336 1720 ,
3362 1656 3498 1711 illud
3529 1657 3780 1728 frequen-

2183 1732 2270 1780 ter
2314 1725 2518 1795 legant,
2551 1728 2691 1782 illius
2744 1743 2958 1782 sensum
2993 1725 3208 1782 teneant
3247 1742 3439 1783 omnes
3461 1729 3554 1796 qui
3585 1725 3782 1782 in'sor-

2183 1803 2291 1849 tem
2325 1796 2576 1861 Domini,
2624 1809 2681 1853 ut
2727 1799 2873 1853 illum
2919 1798 3096 1853 debita
3141 1797 3397 1852 servitute
3453 1797 3677 1853 laudent
3728 1808 3781 1853 et

2182 1865 2517 1938 gloriﬁcent,
2564 1869 2721 1924 electi
2771 1877 2896 1923 sunt
2928 1884 2941 1922 :
2976 1884 3043 1923 ne
3086 1867 3420 1938 negligentes
3462 1878 3519 1923 et
3565 1867 3776 1938 ignari,

2184 1937 2328 2009 illam
2374 1937 2567 1994 divina:
2613 1939 3043 1996 cotnmiualiouis
3086 1939 3340 1993 ultionem
3387 1937 3776 2009 erperiantur:

2189 2004 2320 2072 Quia
2349 2016 2402 2060 tu
2443 2010 2707 2064 scientiam
2736 2010 2996 2079 repulisti.
3024 2009 3267 2078 repellam
3290 2019 3369 2075 te,
3404 2004 3476 2063 ne
3497 2009 3780 2064 sacerdotio

2186 2081 2416 2151 fungaris
2435 2080 2555 2133 milii
2581 2079 2750 2151 (Ossa:
2769 2097 2840 2143 tv,
2865 2081 2942 2148 6).
2975 2081 3036 2135 Et
3063 2080 3217 2134 istam
3243 2079 3421 2134 adhuc
3443 2080 3776 2136 terribilem:

2186 2145 2310 2221 om
2325 2189 2340 2211 ,
2367 2165 2565 2219 semper
2588 2145 2640 2205 lii
2664 2160 2831 2204 errant
2854 2145 3024 2207 corde:
3049 2152 3147 2220 ipsi
3175 2166 3287 2205 vero
3307 2167 3411 2204 non
3439 2158 3778 2221 cognoverunt

2185 2219 2292 2291 vias
2314 2236 2448 2273 meas
2466 2261 2480 2282 ,
2513 2222 2691 2291 quibus
2704 2221 2880 2291 juravi
2902 2221 2955 2274 in
2976 2223 3054 2273 ira
3073 2219 3195 2291 mea
3214 2262 3230 2286 ,
3257 2223 3301 2274 si
3320 2219 3588 2274 intrabunt
3617 2221 3669 2276 in
3699 2235 3778 2275 re-

2222 2241 2292 2272 ms
2314 2241 2448 2273 ιηειιε
2466 2261 2480 2282 ,
2513 2241 2691 2291 quwus
2738 2241 2878 2276 uram
2902 2241 2955 2274 ιη
2976 2241 3054 2273 πη
3086 2241 3195 2275 mea
3214 2262 3230 2286 ο
3257 2241 3300 2274 δι
3320 2241 3587 2274 numnum
3617 2241 3669 2276 tu
3699 2241 3778 2275 τσ-

2222 2289 2351 2361 uiem
2379 2307 2539 2345 meam
2566 2241 2734 2361 (Psal’.
2766 2307 2908 2355 χειν,
2937 2292 3024 2356 10,
3050 2290 3138 2360 ll)
3164 2308 3178 2344 :
3209 2303 3262 2346 et
3291 2294 3358 2344 ita
3390 2300 3601 2358 partem
3630 2305 3778 2344 suam

2210 2360 2419 2414 tabituri
2441 2363 2547 2416 sint
2568 2379 2688 2418 cum
2720 2362 3033 2432 ltypocritis.
3056 2362 3192 2428 Quin
3222 2363 3402 2431 potius
3424 2362 3781 2432 intelligente:

2189 2437 2245 2484 et
2289 2438 2531 2487 tenentes
2574 2431 2833 2487 rationem
2876 2448 2979 2502 qua
3000 2433 3200 2486 conditi
3225 2442 3392 2502 sunt,
3429 2431 3776 2502 Conditorem

2191 2514 2289 2580 pro
2313 2511 2456 2580 sorte
2479 2502 2807 2580 Increditatis
2834 2501 2944 2580 sua:
2970 2503 3314 2580 possideant,
3337 2501 3567 2560 laudent
3588 2512 3643 2558 et
3665 2503 3778 2574 glo-

2193 2569 2401 2626 riticent
2433 2573 2485 2628 in
2518 2575 2712 2630 sazcula
2735 2569 3075 2629 saiculorum.
3099 2574 3295 2630 Amen.

1049 2709 1174 2793 IN
1210 2709 1662 2793 LIBRUM
1727 2711 2460 2803 PSALMORUM
2503 2723 3192 2819 PROLOGUS,

503 2899 766 2961 ιυευειίοο
801 2899 853 2948 in
873 2896 1016 2948 αίίιίε
1035 2895 1152 2946 olim
1173 2897 1398 2955 ιτίδυιιιεν
1423 2895 1513 2945 sed
1536 2895 2603 2978 “29_!9.£"1'IL"£§.'_"§EESE'§Wferente-
2616 2911 2735 2978 ινφ
2771 2913 2851 2958 εει
2886 2905 3044 2959 δαείω
3078 2906 3140 2958 ad
3162 2907 3271 2971 eius
3302 2907 3716 2959 commentarium
3731 2905 3782 2956 ια

1568 2955 1776 3006 Psalmos
1795 2959 2012 3020 prastatio
2032 2973 2096 3009 ex
2121 2955 2524 3026 interpretatione
2546 2955 2713 3017 Rufini.

577 3104 761 3159 Omnis
786 3101 1060 3169 SCriptura
1102 3101 1356 3156 divinitus
1402 3101 1691 3167 inspirata,
1721 3101 1862 3154 utilis
1893 3110 1976 3155 est
2017 3102 2083 3156 ad

504 3174 802 3230 docendum
844 3172 906 3241 (ll
931 3171 1067 3225 Tim.
1096 3187 1150 3225 Ill
1171 3214 1186 3236 ,
1221 3171 1332 3241 16).
1363 3170 1472 3224 llac
1493 3171 1604 3240 ipsa
1627 3170 1694 3224 de
1722 3185 1878 3225 causa
1912 3187 1940 3223 a
1967 3170 2086 3240 Spi-

504 3245 608 3300 ritu
653 3252 839 3297 saneto
881 3242 1178 3306 conseripta
1221 3252 1334 3306 est,
1366 3242 1552 3305 idest,
1577 3249 1634 3294 ut
1664 3241 1822 3294 veluti
1850 3257 1914 3295 ex
1940 3257 2088 3298 com-

504 3314 651 3371 muni
682 3314 910 3384 quodam
933 3313 1174 3384 sanitatis
1197 3313 1359 3384 l‘onte,
1392 3327 1578 3366 omnes
1607 3311 1759 3384 nobis
1784 3327 1846 3366 es
1880 3313 1979 3367 hac
2005 3330 2092 3368 re-

464 3436 466 3439 .
507 3385 680 3441 media
702 3382 938 3455 prepriis
964 3382 1294 3453 passionibus
1315 3396 1671 3455 assumamus.
1705 3382 1912 3437 Sanitas
1934 3385 2089 3450 enini,

507 3457 678 3525 inquit
701 3453 723 3516 .“
756 3456 1022 3522 compescit
1049 3462 1252 3524 peccata
1299 3469 1500 3524 magna.
1536 3453 1652 3525 Alia
1695 3467 1926 3525 namque
1966 3466 2092 3509 sunt

506 3523 626 3597 qua:
675 3527 956 3596 Propheta:
1008 3523 1256 3597 tradunt,
1290 3525 1391 3577 alia
1439 3539 1557 3597 rpite
1605 3523 1848 3597 historici
1879 3523 2087 3596 (a),lex

507 3593 718 3666 quoque
762 3593 898 3658 alia,
945 3595 1345 3666 proverbiorum
1389 3595 1548 3650 etiam
1596 3593 1898 3666 admonitio
1936 3596 2037 3649 alia
2073 3615 2086 3650 :

508 3664 840 3723 Psalinorum
899 3682 1027 3720 vero
1081 3665 1221 3720 liber
1271 3680 1619 3733 qttarcumque
1667 3664 1810 3718 utilia
1855 3675 1977 3718 sunt
2023 3682 2089 3721 ex

508 3738 756 3794 omnibus
807 3738 1062 3792 continet.
1115 3734 1310 3790 Futura
1362 3735 1633 3803 pra-dicit,
1665 3745 1901 3790 veterum
1941 3745 2087 3800 gesta

512 3817 888 3862 commemorat
914 3849 929 3872 ,
957 3808 1124 3874 legem
1154 3806 1452 3861 viventibus
1498 3806 1707 3869 tribuit,
1737 3805 2090 3875 gerendorum

511 3881 695 3934 statuit
721 3879 934 3934 modum
971 3896 986 3934 :
1009 3889 1063 3932 et
1090 3886 1147 3930 ut
1178 3878 1406 3932 breviter
1429 3875 1624 3940 dicam,
1653 3877 1953 3930 communis
1975 3879 2092 3946 qui-

511 3949 633 4006 dam
669 3950 821 4002 home
865 3949 1122 4003 doctrinm
1146 3949 1422 4003 thesaurus
1448 3956 1564 4011 est,
1595 3956 1718 4014 apte
1744 3946 1965 4016 singulis
1992 3963 2090 4003 ne-

512 4020 743 4076 cessaria
775 4019 1205 4075 subministratis.
1241 4017 1516 4073 Veteribus
1537 4033 1763 4085 namque
1790 4020 2088 4072 animarum

511 4093 818 4145 vulneribus
861 4092 1008 4145 novit
1044 4088 1241 4144 mederi
1265 4129 1278 4151 ,
1311 4089 1404 4143 scd
1440 4098 1494 4144 ct
1537 4089 1837 4143 recentibus
1870 4088 2090 4143 velocis-

512 4166 703 4216 simum
726 4164 825 4216 scit
853 4161 1107 4216 adbibere
1134 4160 1423 4214 remedium
1445 4199 1462 4226 ,
1484 4169 1642 4228 atque
1673 4159 1882 4212 intactis
1912 4175 2092 4227 perse-

512 4235 805 4288 verantiam
852 4232 1038 4284 salutis
1064 4229 1347 4294 adhibere;
1377 4229 1470 4283 sed
1511 4239 1564 4284 et
1609 4230 1868 4282 universis
1898 4231 2093 4298 pariter

516 4303 851 4374 passiouibus
901 4302 1214 4361 subvenire,
1262 4317 1380 4374 qua:
1428 4299 1906 4374 dominationibus
1930 4301 2092 4374 variis

516 4369 774 4428 huutanas
812 4373 1018 4426 animas
1061 4381 1282 4440 angunt.
1330 4370 1395 4424 Et
1425 4369 1527 4422 hoc
1581 4370 1679 4422 sub
1729 4369 2092 4440 modulatione

512 4445 738 4514 quadam
767 4454 818 4497 et
847 4442 1143 4496 thlCCL‘lbill
1167 4457 1361 4514 canore
1387 4482 1401 4505 ,
1435 4440 1995 4514 humanumanimum
2015 4439 2092 4511 (ll)

513 4509 580 4569 ad
611 4514 916 4581 pudicitiam
960 4521 1296 4582 provocante.
1329 4512 1591 4577 Quoniam
1618 4509 1830 4579 quidem
1859 4509 2093 4578 Spiritus

513 4597 728 4639 sanctus
758 4585 944 4638 videns
982 4584 1337 4637 obluctantem
1367 4598 1428 4635 ac
1457 4583 1797 4636 resistentem
1828 4597 1856 4634 τι
1887 4582 2093 4634 virtutis

513 4657 596 4709 via
627 4655 839 4710 humani
869 4654 1078 4725 generis
1115 4656 1369 4725 animum,
1403 4662 1455 4706 et
1481 4651 1549 4725 ad
1570 4651 1945 4725 delectationes
1972 4651 2092 4725 vita:

513 4726 680 4795 magis
713 4722 948 4780 inclinari
970 4765 985 4786 ,
1018 4739 1172 4795 quam
1215 4723 1280 4777 ad
1313 4724 1519 4795 virtutis
1550 4731 1752 4795 rectum
1786 4723 1887 4795 iter
1909 4722 2037 4788 erigi
2075 4763 2090 4786 ,

515 4793 920 4852 delet-taliilibus
963 4794 1188 4848 modulis
1233 4793 1512 4847 cantilena:
1550 4793 1655 4846 vim
1700 4808 1810 4848 sua:
1839 4793 2095 4846 doctrina:

516 4867 823 4937 permiscuit
853 4866 921 4934 (ε)
951 4882 965 4929 ;
999 4875 1055 4918 ut
1084 4864 1502 4937 dnntsuavitatc
1536 4863 1793 4937 carminis
1834 4864 2095 4918 mulcetur

513 4934 726 4992 auditus
748 4979 763 5000 ,
795 4937 958 4991 divini
1007 4935 1270 4989 sermonis
1313 4935 1509 5002 pariter
1538 4934 1735 4988 utilitas
1783 4935 2047 4988 inseratur
2076 4952 2089 4988 :

513 5011 802 5064 secundum
834 5007 1099 5074 sapientes
1126 5005 1380 5068 medicos,
1411 5005 1497 5073 qui
1529 5005 1572 5058 si
1599 5004 1811 5074 quando
1839 5020 1965 5059 usus
1995 5020 2093 5072 po-

447 5113 460 5136 ς
515 5081 743 5148 posccrit
790 5088 845 5131 ιιι
892 5077 1182 5131 austeriora
1229 5076 1612 5148 medicamenta
1660 5076 1815 5148 a-gris
1862 5076 2090 5148 oll‘eraut

513 5146 863 5214 mortalibus;
895 5163 961 5202 ne
989 5162 1131 5217 :rgcr
1160 5146 1437 5201 utilitatem
1473 5161 1580 5214 pra:
1617 5147 1923 5202 austeritate
1955 5146 2097 5201 relu-

511 5222 612 5290 giat
635 5263 650 5287 ,
679 5236 770 5274 ora
798 5235 861 5274 ac
891 5221 1222 5272 sununilates
1251 5217 1421 5290 poculi
1451 5232 1557 5284 quo
1595 5218 1886 5290 remedium
1919 5218 2091 5285 porri-

510 5287 660 5361 gunt,
692 5291 848 5347 melle
871 5290 1266 5361 circumlinunt.
1296 5287 1582 5356 Propterea
1609 5302 1738 5361 ergo
1766 5288 2094 5361 l’salmorum

512 5358 664 5417 nobis
719 5378 812 5430 per
863 5358 1106 5414 modulos
1125 5371 1273 5430 ,apta
1316 5368 1442 5413 sunt
1481 5359 1737 5422 carmina,
1769 5369 1824 5411 nt
1872 5359 1960 5428 qui
2011 5359 2094 5430 vel

509 5443 667 5487 tetate
714 5428 899 5497 t‘iuerili
929 5472 942 5493 ,
971 5431 1054 5484 vel
1083 5429 1451 5485 adolescentes
1491 5437 1614 5483 sunt
1643 5429 1878 5483 moribus
1900 5472 1914 5494 ,
1942 5428 2093 5497 quasi

510 5505 779 5557 canzilcna
850 5501 1076 5572 quadam
1142 5501 1429 5574 psallentes
1481 5501 1732 5554 delectari
1793 5499 2095 5574 videantur.

511 5575 718 5630 Revera
745 5570 889 5628 enim
919 5573 1124 5628 animas
1156 5570 1455 5630 illuminant
1500 5586 1563 5627 ac
1592 5581 1846 5627 mentem.
1878 5570 2098 5626 Plurimi

569 5712 643 5834 :11;
669 5709 808 5768 Alias,
831 5708 1043 5761 historia.

593 5775 619 5825 ll
671 5773 808 5832 AlLas,
831 5786 1035 5824 sensum.

593 5773 642 5832 ὑ)
671 5773 808 5832 Αιξειδ,
831 5786 1035 5824 sensum.

569 5713 622 5834 ἔα
669 5712 808 5768 Alias,
831 5712 1043 5761 historia.

593 5775 619 5825 ll
671 5773 808 5832 AlLas,
831 5786 1035 5824 sensum.
1714 5826 1724 5837 _

570 5840 615 5900 (c
669 5835 807 5896 Alias,
834 5835 900 5884 dii
915 5834 1000 5900 igi,
1024 5830 1332 5906 detestabiles
1353 5829 1573 5884 modulos
1594 5826 1848 5882 cantilena
1891 5837 2002 5879 cum
2021 5838 2098 5879 se-

543 5897 584 5951 ia
697 5899 824 5951 trina
847 5897 1140 5951 permiscmt.

505 5899 587 5954 ria
606 5899 824 5951 doctrina
847 5899 1140 5962 permiscuit.

2197 3109 2338 3192 enim
2363 3127 2431 3167 ex
2457 3113 2540 3167 his
2569 3115 2656 3185 qui
2683 3115 2736 3192 in
2762 3115 3054 3192 Ecclesiam
3080 3125 3382 3171 commeant
3408 3157 3428 3182 ,
3461 3130 3635 3192 neque
3660 3130 3782 3192 apo:

2195 3181 2380 3261 _s.toli_c‘a
2412 3181 2673 3261 [iacet-pta
2697 3185 2852 3261 facile
2881 3196 3103 3261 possunt
3126 3201 3346 3261 ancill“?
3369 3181 3680 3261 Ρνθβίιέεῑίίέπ
3698 3181 3781 3243 ""31

2197 3249 2396 3318 liquido
2412 3249 2656 3322 discere,
2684 3258 2764 3311 vel
2792 3249 2913 3313 cum
2939 3257 3221 3313 didicerint
3249 3249 3510 3320 retinere;
3543 3258 3776 3314 l’saluio-

2195 3336 2314 3402 rum
2355 3340 2486 3402 vero
2525 3342 2777 3396 responsa
2821 3329 3052 3402 etgintra
3081 3329 3289 3402 domos,
3323 3329 3598 3402 interdum
3628 3329 3781 3383 etiam

2197 3395 2249 3470 in
2272 3395 2492 3470 publico
2510 3395 2717 3470 canunt
2742 3417 2754 3452 :
2783 3407 2838 3453 et
2857 3400 3025 3454 sicubi
3056 3400 3174 3469 quis
3203 3398 3595 3470 quatnvisil'ero
3623 3413 3686 3470 ac
3705 3412 3783 3452 ra-

2197 3462 2473 3548 bidissimo
2504 3467 2684 3524 furore
2717 3479 2975 3548 raptctur,
3003 3470 3046 3523 si
3077 3462 3235 3524 'l'orte'
3265 3469 3655 3548 l‘uerit_Psalmi
3681 3509 3698 3534 ,
3729 3477 3783 3548 ut

2198 3536 2269 3606 ita
2298 3536 2543 3597 dixerim.
2571 3536 2894 3594 earininihus
2945 3541 3278 3606 incantatus,
3303 3541 3568 3596 continuo
3612 3539 3780 3595 omnis

2198 3605 2375 3661 rabies
2404 3607 2692 3665 ferocitatis
2719 3611 2834 3677 ejus
2855 3610 3114 3666 abscedit.

2232 3745 2243 3757 ι
2271 3677 2526 3757 l’salmus
2559 3682 2918 3757 tranquillitas
2956 3683 3256 3757 animorum
3299 3687 3401 3757 est,
3438 3681 3660 3757 signifer
3683 3693 3775 3749 pa-

2198 3750 2295 3823 cis,
2329 3750 2756 3823 perturbationes
2784 3753 2864 3807 vel
2887 3752 3077 3807 ﬂuctus
3101 3750 3776 3823 cogitationum‘ccbibens,

2199 3817 2525 3874 iracundiam
2554 3824 2850 3891 reprimens
2871 3864 2883 3880 .
2912 3823 3091 3878 luxum
3123 3817 3411 3893 répellens,
3446 3823 3780 3893 sobrietatem

2199 3900 2488 3962 Sltggercus
2514 3933 2527 3953 ,
2561 3894 2843 3947 amicitiam
2874 3891 3238 3962 congregans,
3269 3892 3546 3948 adducens
3575 3891 3627 3947 in
3657 3907 3780 3962 con-

2199 3960 2440 4041 cordiam
2484 3959 3291 4041 tlis_crepatitcs,__reconcilians
3338 3962 3613 4018 inimicos.
3659 3959 3781 4041 Quis

2200 4030 2340 4104 enim
2392 4033 2528 4104 ultra
2560 4029 2830 4089 inimicum
2869 4034 3012 4088 dicat
3035 4049 3156 4089 eum
3178 4076 3193 4097 ,
3226 4049 3346 4088 cum
3375 4050 3488 4104 quo
3535 4029 3693 4088 unam
3717 4029 3782 4086 ad

2203 4101 2366 4175 Deum
2400 4103 2594 4160 Psalmi
2638 4106 2874 4159 emiserit
2904 4105 3127 4160 vocem?
3160 4105 3240 4159 Ex
3286 4101 3405 4175 quo
3446 4105 3772 4175 intelligitur,

2199 4173 2344 4239 quia,
2373 4176 2510 4241 quod
2541 4177 2773 4229 omnium
2821 4175 3080 4230 honorum
3125 4172 3415 4230 maximum
3461 4184 3578 4238 est,
3615 4172 3780 4228 chari-

2202 4250 2362 4296 tatem
2397 4245 2636 4299 l’salmus
2682 4246 2981 4316 instaurat.
3022 4247 3456 4316 cnnjunclionetn
3504 4245 3780 4314 quamdam

2202 4327 2300 4434 per
2325 4318 2727 4371 consonantiam
2761 4317 2903 4372 vocis
2928 4315 3197 4380 el‘liciens,
3229 4327 3282 4372 et
3309 4317 3582 4371 diversum
3614 4328 3778 4385 popu-

2224 4399 2309 4434 tltn
2361 4386 2516 4434 unius
2544 4388 2690 4434 chori
2725 4404 2819 4434 nor
2864 4387 3202 4434 concordiam
3253 4402 3492 4434 CtlltSOlln
3543 4383 3777 4434 modula-

2224 4399 2309 4458 um
2361 4386 2516 4440 unius
2544 4388 2691 4442 chori
2725 4404 2819 4458 per
2864 4387 3202 4442 concordiam
3253 4402 3492 4443 consona
3543 4383 3777 4458 modula-

2204 4453 2737 4528 tionehconsociansi
2779 4459 3021 4513 Psalmns
3045 4459 3317 4514 dtemones
3343 4461 3518 4528 fugat,
3554 4453 3777 4528 Angelos

2202 4526 2267 4577 ad
2295 4525 2618 4593 adjutorium
2648 4529 2852 4583 invitat.
2872 4530 3091 4584 Scutum
3121 4530 3262 4585 enim
3295 4530 3345 4582 in
3375 4525 3649 4583 nocturnis
3681 4533 3776 4578 ter-

2203 4597 2412 4670 roribus
2439 4638 2465 4670 ,_
2487 4596 2906 4669 diurnorumque
2951 4600 3165 4670 requies
3196 4598 3546 4670 estilaborum
3571 4639 3586 4661 ,
3621 4593 3776 4670 tutela

2204 4668 2418 4734 pueris.
2447 4668 2730 4737 juvenibus
2774 4668 3172 4733 orumneutnnt,
3222 4669 3461 4725 solamen
3519 4668 3772 4737 senibus.

2203 4735 2514 4792 mulieribus
2559 4741 2865 4808 aptissimus
2893 4741 3075 4797 decor.
3113 4743 3358 4797 [lesertas
3388 4739 3627 4796 habitare
3658 4735 3773 4808 limit

2204 4808 2362 4884 urbes
2386 4849 2400 4871 ,
2428 4801 2769 4884 sobrietatem
2796 4813 2951 4866 docet
2974 4831 2996 4884 7:
3030 4813 3399 4884 incipientibus
3441 4810 3668 4880 primum
3693 4801 3772 4858 ef-

2204 4879 2380 4951 l_icitur
2408 4880 2730 4938 elementum
2751 4923 2766 4943 ,
2801 4879 3196 4951 prolicientihiis
3225 4879 3626 4944 im:rementum,
3662 4889 3776 4945 pet»

2205 4949 2358 5004 fectis
2382 4952 2570 5008 stabile
2599 4949 2990 5008 lii-nuntientum
3012 4995 3027 5014 ,
3061 4954 3220 5007 totius
3249 4953 3500 5008 Ecclesia:
3531 4964 3632 5004 vox
3657 4959 3771 5000 una.

2205 5021 2447 5077 Psalmus
2492 5024 2858 5078 solemnitates
2905 5023 3124 5079 decorat
3165 5042 3178 5077 :
3225 5023 3466 5078 Psalmus
3514 5018 3773 5076 tristitiam

2204 5109 2322 5162 qua:
2351 5103 2567 5162 pmpter
2613 5096 2779 5149 Deum
2824 5102 2941 5161 est,
2986 5094 3159 5148 mollit
3190 5112 3203 5148 :
3238 5093 3478 5148 Psalmus
3522 5091 3680 5162 etiam
3707 5096 3772 5139 cx

2205 5161 2368 5219 Corde
2399 5161 2606 5236 lapideo
2651 5167 2910 5237 Iaerymas
2956 5174 3150 5220 movet.
3181 5163 3427 5237 Psalmns
3456 5161 3768 5237 Angelorttm

2205 5251 2338 5303 Opus
2367 5231 2486 5298 est',
2515 5231 2841 5292 exercituum
2881 5237 3176 5293 ccelcsnum
3198 5277 3211 5299 ,
3240 5234 3512 5304 spirituale
3557 5231 3775 5301 thymia-

2207 5322 2312 5362 tua.
2343 5304 2387 5360 Ο
2417 5323 2540 5363 vere
2584 5307 2893 5378 admirandi,
2921 5308 3154 5378 magistri
3194 5308 3406 5378 sapiens
3432 5304 3720 5378 institutum
3745 5333 3761 5357 ο

2208 5389 2265 5434 ιιι
2293 5378 2446 5431 simul
2479 5388 2529 5432 et
2570 5389 2785 5434 cantare
2815 5372 3089 5434 videamur
3112 5421 3127 5442 ,
3157 5389 3212 5433 et
3236 5372 3376 5446 quod
3406 5375 3472 5431 ad
3499 5372 3765 5428 utilitatem

2206 5451 2398 5504 anima:
2446 5451 2712 5517 pertinet,
2738 5449 3045 5504 doceamur!
3083 5449 3182 5504 Per
3224 5450 3364 5518 quod
3395 5460 3559 5514 magis
3593 5451 3766 5496 neces-

2207 5521 2345 5576 saria
2388 5520 2631 5575 doctrina
2681 5520 2875 5574 nostris
2911 5520 3176 5575 mentibus
3201 5520 3514 5591 informatur
3543 5530 3558 5566 :
3588 5525 3678 5591 pro
3707 5520 3766 5591 cf!

2206 5591 2347 5663 quod
2379 5593 2544 5658 siqua
2579 5607 2673 5660 per
2697 5591 2802 5645 vim
2847 5600 2901 5644 et
2927 5591 3290 5663 difﬁcultatem
3313 5589 3546 5663 aliquam
3584 5588 3769 5663 animis

2210 5659 2405 5718 nosnis
2434 5659 2629 5717 fuerint
2671 5663 2886 5723 inserta,
2925 5663 3180 5716 continuo
3203 5660 3533 5716 dilabuntur;
3560 5667 3620 5732 ea
3645 5659 3762 5732 vett}

2209 5751 2328 5805 quae
2357 5750 2476 5788 cum
2509 5735 2677 5797 gratia
2705 5745 2757 5787 ct
2778 5733 3063 5788 dilectione
3090 5733 3440 5805 suscepimus,
3481 5727 3654 5802 nescio
3675 5727 3772 5805 ξιξξξ)

2210 5798 2365 5878 pacto
2392 5807 2560 5878 magis
2612 5805 2926 5878 residerein
2975 5798 3271 5869 tuentibus,
3311 5817 3385 5878 ne
3421 5798 3780 5878 ιιἹὲωιλιίῖξιῇῖῗ

2209 5863 2701 5936 denturinliaerere.
2732 5875 2870 5947 Quid
2909 5885 3087 5934 autem
3115 5885 3217 5945 est,
3245 5863 3389 5946 quod
3418 5883 3534 5931 non
3561 5863 3777 5920 discam"
