4078 6440
627 350 695 410 τι
1867 349 1929 410 ε.
1964 350 2330 413 Αυειιετιιιι
2360 353 2668 414 ειδιεεοιιι
3806 376 3865 438 ἠ

625 476 700 535 tu,
731 483 826 543 ego
851 465 1004 523 Ιιοιιιε
1028 467 1181 540 genui
1201 475 1248 522 te
1275 465 1374 537 (a).
1401 466 1714 538 Quanquam
1743 466 1906 523 etiam
1936 468 2103 538 possit
2122 468 2213 524 ille

626 559 741 617 dies
762 562 812 614 in
843 560 1114 632 prophetia
1139 559 1315 616 dictus
1344 557 1529 622 videri,
1569 574 1674 629 quo
1694 557 1850 614 Jesus
1868 558 2114 616 Christus
2131 573 2220 616 sc-

621 653 854 712 cundum
899 652 1165 709 hominem
1197 661 1351 708 natus
1374 661 1497 718 est;
1531 662 1708 708 tamen
1748 653 1899 708 hodie
1922 654 2045 726 quia
2079 668 2219 726 prte-

626 749 850 803 sentiam
882 745 1163 817 signiﬁcat,
1185 756 1343 817 atque
1361 747 1411 800 in
1433 748 1732 802 arternitate
1761 760 1860 802 nec
1889 747 2217 818 prteteritum

624 840 908 910 quiuqnam
935 849 1036 903 est,
1067 840 1218 907 quasi
1240 853 1361 895 esse
1381 839 1634 904 desierit;
1662 855 1760 895 nec
1782 839 2038 908 futurum,
2065 838 2218 912 quasi

627 929 861 985 nandum
881 929 982 994 sit;
1010 927 1103 984 scd
1131 945 1364 1000 przescns
1386 938 1611 996 tantum,
1640 931 1763 1002 quia
1784 929 2040 1001 quidquid
2060 939 2218 986 teter-

622 1038 747 1077 num
777 1029 882 1086 est,
910 1037 1121 1091 semper
1143 1033 1255 1087 est;
1277 1021 1532 1077 divinitus
1556 1021 1814 1093 accipitur
1841 1022 2134 1080 secundum
2160 1022 2216 1079 id

621 1114 844 1181 dictum,
875 1113 985 1184 Ego
1011 1115 1162 1168 hodie
1181 1114 1330 1185 genui
1357 1125 1422 1176 te,
1456 1130 1560 1184 quo
1580 1115 1960 1182 sempiternam
1986 1127 2219 1186 genera-

622 1207 822 1261 tionem
862 1206 1072 1260 virtutis
1113 1215 1168 1260 et
1193 1205 1468 1274 sapientia
1501 1204 1618 1268 Dei,
1657 1206 1747 1276 qui
1793 1215 1875 1261 est
1913 1205 2217 1278 unigenitus

621 1299 810 1366 Filius,
841 1298 973 1354 ﬁdes
992 1297 1352 1353 sincerissima
1382 1305 1438 1354 ct
1461 1297 1721 1352 catholica
1753 1295 2024 1366 prtedicat.

692 1389 746 1446 7.
790 1388 810 1464 [
838 1405 966 1444 vers.
998 1387 1076 1462 8.]
1105 1385 1322 1444 Postulo
1350 1405 1383 1442 a
1401 1405 1496 1452 me,
1526 1398 1573 1442 et
1597 1387 1726 1443 dabo
1745 1388 1836 1442 libi
1855 1396 2024 1458 gentes
2051 1389 2217 1444 luere-

622 1481 830 1536 ditatem
873 1490 1011 1534 tuam
1038 1478 1136 1550 (ὁ).
1194 1480 1308 1535 11υε
1352 1479 1462 1550 jam
1512 1479 1877 1548 temporaliter
1921 1479 2215 1535 secundum

622 1580 924 1640 Susceptum
952 1569 1241 1636 hominem,
1272 1571 1362 1641 qui
1397 1569 1718 1627 sacriﬁcium
1749 1584 1869 1626 sese
1897 1570 2089 1626 obtulit
2118 1585 2216 1640 pro

621 1661 868 1716 munibus
911 1660 1204 1727 sacriﬁciis,
1255 1660 1346 1732 qui
1389 1661 1550 1716 etiam
1595 1661 1892 1733 interpellat
1920 1676 2020 1734 pro
2059 1661 2214 1718 nobis

624 1753 802 1828 (Rom.
838 1770 948 1820 vm,
988 1752 1115 1824 Si);
1163 1764 1219 1809 ut
1244 1753 1310 1809 ad
1343 1761 1504 1809 totam
1549 1754 1715 1826 ipsam
1763 1754 2214 1821 dispensationem

623 1845 991 1916 temporalem,
1033 1859 1153 1913 qu.e
1183 1858 1281 1914 pro
1305 1859 1501 1914 genere
1530 1843 1763 1898 lmmano
1789 1843 1923 1900 Ωιειτι
1951 1854 2052 1909 εει,
2079 1844 2218 1900 reie-

620 1947 768 1992 ratnr
803 1935 944 2007 quod
971 1935 1170 1989 dictmn
1198 1944 1299 1996 est,
1334 1934 1548 1990 Postulo
1566 1953 1599 1991 ε
1625 1952 1734 2001 ιιιε;
1762 1945 1823 1992 ιιι
1849 1937 2056 1993 scilicet
2081 1952 2212 2008 gen-

625 2038 706 2083 tes
749 2027 949 2082 nomini
982 2025 1273 2082 christiano
1309 2027 1644 2096 copulentur,
1679 2037 1839 2098 atque
1865 2028 1938 2082 ita
1976 2044 2006 2082 a
2041 2037 2215 2084 morte

622 2120 970 2185 redimantur,
1016 2127 1072 2174 et
1104 2117 1474 2188 possideantur
1511 2135 1543 2174 ιι
1585 2119 1714 2175 Deo.
1762 2119 1906 2174 Dabo
1930 2120 2019 2175 tibi
2043 2130 2216 2191 gentes

623 2208 965 2264 [nereditatem
993 2219 1151 2273 luam,
1177 2225 1309 2278 quas
1338 2208 1612 2278 possideas
1644 2209 1710 2264 ad
1741 2224 1924 2265 earum
1965 2211 2210 2278 salutem,

621 2310 676 2358 ct
715 2315 834 2372 qnze
876 2299 966 2355 tibi
1010 2299 1328 2355 fructiﬁccnt
1365 2300 1682 2370 spiritualia.
1741 2299 1807 2355 Et
1849 2302 2214 2372 possessionem

621 2405 758 2450 tuam
798 2392 1038 2447 terminos
1068 2401 1232 2446 terror.
1277 2390 1420 2448 Idem
1468 2393 1751 2461 repetiturus
1792 2401 1877 2448 est
1917 2409 1932 2448 :
1975 2394 2213 2450 terminos

619 2493 785 2551 terrte,
831 2499 928 2554 pro
958 2497 1024 2539 co
1054 2481 1282 2554 positum
1313 2482 1453 2554 quod
1480 2482 1680 2537 dictum
1705 2492 1809 2552 est,
1857 2493 2071 2557 gentes;
2117 2484 2210 2540 sed

619 2576 721 2632 hec
745 2574 971 2645 planius,
1001 2583 1062 2629 ut
1089 2589 1278 2630 omnes
1304 2585 1491 2645 gentes
1507 2575 1869 2647 intelligamus
1895 2592 1911 2630 :
1935 2577 2213 2646 possessio-

619 2683 730 2721 nem
759 2673 938 2722 autem
967 2674 1126 2732 luant,
1151 2680 1249 2738 pro
1271 2679 1338 2721 eo
1355 2664 1498 2738 quod
1511 2665 1710 2721 dictum
1738 2673 1842 2735 est,
1869 2665 2212 2724 hereditatem

618 2769 779 2816 luant.

689 2849 743 2908 8.
772 2847 794 2924 [
822 2866 951 2906 vers.
975 2849 1030 2914 9,
1050 2849 1164 2925 10.]
1185 2849 1345 2922 Reges
1363 2865 1448 2905 eos
1470 2849 1524 2905 in
1544 2851 1685 2923 virga
1700 2854 1863 2923 (erret:
1881 2867 1904 2908 :
1923 2851 1976 2907 in
1998 2851 2210 2909 inﬂexi-

612 2942 704 2997 bili
726 2940 951 3012 justitia.
980 2939 1050 2995 Et
1070 2951 1308 3011 languent
1335 2957 1422 2995 eas
1447 2942 1594 3014 ﬁguli
1621 2952 1846 2998 conteres
1872 2959 1959 2999 eos
1987 2944 2066 3015 (c)
2096 2960 2113 3007 ;
2153 2944 2209 3000 id

615 3043 718 3102 est,
740 3045 987 3091 conteres
1008 3035 1061 3090 in
1091 3037 1170 3090 eis
1196 3045 1440 3091 terrenas
1457 3034 1798 3105 cupiditates,
1822 3044 1877 3091 et
1897 3036 2092 3091 veteris
2110 3036 2209 3092 ho-

613 3126 774 3184 minis
791 3126 1047 3183 lutulenta
1066 3127 1295 3198 negotia,
1317 3136 1372 3182 et
1392 3125 1646 3197 quidquid
1659 3127 1726 3182 de
1748 3136 2026 3198 peccatore
2048 3128 2206 3182 limo‘

612 3226 945 3274 contractum
966 3226 1124 3288 atque
1149 3217 1390 3272 inolitum
1417 3225 1517 3272 est.
1544 3216 1610 3271 Et
1639 3233 1796 3284 nunc,
1828 3235 1990 3289 reges,
2017 3219 2209 3274 intelli-

613 3313 714 3384 gite
737 3326 758 3366 :
777 3320 825 3367 et
844 3327 998 3377 nunc,
1029 3309 1080 3365 id
1107 3319 1190 3367 est
1206 3309 1318 3381 jam
1348 3310 1606 3372 innovati,
1638 3309 1750 3380 jam
1780 3311 2024 3366 contritis
2051 3310 2210 3367 luteis

615 3403 957 3475 tegumentis,
1009 3401 1058 3457 id
1113 3410 1195 3457 est
1232 3401 1535 3456 carnalibus
1579 3401 1723 3455 vasis
1764 3401 1965 3456 erroris
1993 3417 2112 3472 qua:
2138 3402 2207 3457 ad

613 3495 938 3565 prtetcritam
962 3493 1121 3547 vitam
1149 3492 1411 3564 pertinent
1439 3507 1452 3546 :
1476 3508 1610 3547 nunc
1629 3490 2012 3563 intelligitejam
2031 3506 2206 3563 reges,

615 3585 669 3642 id
697 3595 800 3650 est,
823 3584 933 3655 jam
966 3584 1204 3639 valentes
1229 3597 1417 3654 regere
1445 3581 1700 3654 quidquid
1730 3583 1784 3638 in
1821 3583 1972 3638 vobis
2006 3583 2205 3640 servile

612 3688 774 3752 atque
814 3678 1035 3734 bestiale
1083 3687 1197 3744 est;
1247 3686 1301 3730 et
1340 3676 1450 3746 jam
1505 3675 1744 3732 valentes
1790 3691 2046 3748 pugnare,
2097 3692 2205 3732 non

615 3773 767 3846 quasi
786 3788 963 3828 aerem
991 3771 1280 3836 caedentes,
1305 3769 1396 3826 sed
1419 3767 1739 3840 castigantes
1760 3780 1935 3824 vestra
1961 3784 2205 3841 corpora,

614 3875 670 3922 et
697 3865 936 3921 servituti
966 3863 1310 3934 subjicientes
1337 3861 1378 3933 (l
1399 3859 1518 3916 Cor.
1546 3875 1621 3928 ιιι,
1645 3860 1737 3926 26,
1755 3861 1865 3932 Q7).
1893 3859 2204 3927 Erudimiui,

615 3973 787 4012 omnes
814 3959 897 4026 qui
929 3954 1179 4026 jutiicatis
1219 3963 1422 4008 terram.
1473 3950 1587 4008 Hoc
1614 3952 1752 4008 idem
1781 3952 2064 4022 repetitum
2085 3962 2203 4007 est:

614 4047 902 4110 erudimiui,
931 4062 1030 4119 pro
1058 4060 1124 4102 co
1144 4045 1283 4117 quod
1309 4045 1509 4102 dictum
1538 4053 1642 4113 est,
1672 4045 1974 4116 iutelligite;
2011 4046 2098 4116 qui
2112 4047 2207 4116 ju-

615 4142 798 4196 dicatis
822 4149 997 4195 autem
1022 4147 1230 4203 (erraui,
1272 4153 1369 4207 pro
1397 4152 1463 4192 eo
1487 4136 1628 4208 quod
1664 4135 1864 4194 dictum
1891 4145 2003 4204 est,
2044 4151 2205 4208 reges.

613 4231 926 4304 Spirituales
950 4231 1092 4285 enim
1123 4228 1387 4299 signiﬁcat
1413 4229 1502 4298 qui
1525 4227 1769 4298 judicant
1796 4237 1992 4283 terram
2026 4243 2042 4281 :
2071 4225 2209 4282 infe-

613 4327 726 4381 rius
761 4323 904 4380 enim
949 4321 1102 4376 nobis
1139 4328 1242 4386 est,
1283 4319 1538 4390 quidquid
1579 4318 1914 4388 iudicamus;
1953 4316 2208 4390 quidquid

614 4427 794 4473 autem
838 4414 972 4470 infra
1011 4413 1341 4485 spiritualcm
1381 4411 1653 4468 hominem
1693 4420 1797 4478 est,
1837 4411 2033 4467 merito
2066 4419 2206 4467 terra

615 4509 938 4571 nominatur,
969 4507 1091 4577 quia
1126 4513 1336 4560 terrena
1365 4502 1484 4559 labe
1509 4505 1801 4559 sauciatam
1829 4512 1930 4559 est.

687 4599 740 4656 9.
782 4597 954 4673 [vers.
987 4595 1098 4670 11.]
1131 4596 1328 4653 Sereite
1353 4595 1572 4650 Domino
1609 4595 1666 4650 in
1691 4596 1869 4652 timore
1897 4593 1975 4668 (ά)
2001 4609 2020 4650 :
2049 4609 2117 4651 ne
2153 4594 2206 4651 in

615 4689 920 4762 superbiam
944 4699 1120 4746 vertat
1139 4690 1160 4722 '
1193 4688 1334 4761 quod
1364 4688 1567 4744 dictum
1593 4695 1696 4752 est,
1737 4703 1877 4760 reges
1902 4687 1987 4758 qui
1996 4686 2210 4758 judico.

615 4787 680 4840 tis
711 4795 916 4839 terram.
948 4780 1019 4837 Et
1045 4780 1290 4837 exsultate
1309 4781 1354 4835 ei
1378 4796 1493 4834 cum
1520 4788 1735 4834 tremore
1756 4793 1776 4832 :
1799 4777 1997 4848 optime
2024 4775 2208 4846 subje-

616 4888 758 4936 ctum
787 4885 870 4934 est
899 4875 1168 4942 cxsultate,
1221 4887 1290 4930 ne
1324 4871 1390 4927 ad
1423 4870 1696 4928 miseriam
1727 4871 1910 4927 valere
1939 4868 2209 4926 videretur

616 4980 756 5046 quod
809 4969 1011 5026 dictum
1073 4975 1176 5034 est,
1239 4966 1418 5022 servile
1456 4963 1672 5020 Domino
1723 4963 1778 5018 in
1839 4963 2036 5018 timore.
2101 4960 2209 5020 Sed

617 5079 803 5121 rursus
835 5077 901 5117 ne
928 5062 1157 5132 idipsom
1186 5065 1432 5130 pergeret
1451 5056 1503 5112 in
1529 5055 1842 5112 eﬁ‘nsionem
1874 5054 2206 5120 temeritatis,

617 5157 854 5212 additum
891 5163 993 5219 εει,
1027 5169 1145 5207 cum
1189 5161 1436 5212 tremore;
1471 5156 1531 5203 ut
1567 5147 1633 5202 ad
1667 5148 1968 5203 cautionem
2006 5147 2212 5204 valeret

617 5251 1166 5318 circumspectamque
1203 5238 1637 5297 sanctiﬁcationis
1680 5237 1999 5294 custodiam.
2033 5237 2208 5293 Etiam

615 5343 692 5398 sic
725 5346 900 5413 potest
926 5339 1118 5410 accipi,
1165 5334 1235 5392 Et
1259 5353 1393 5392 nunc
1425 5351 1568 5408 reges
1594 5333 1875 5407 intelligite,
1913 5333 1964 5389 id
2005 5341 2110 5402 est,
2141 5332 2212 5389 Et

683 5497 698 5528 ι
725 5501 844 5544 πρε
863 5497 994 5548 διες..
1016 5491 1078 5542 de
1096 5487 1277 5555 peccati
1294 5489 1430 5555 irato.
1912 5542 1923 5555 ι

681 5559 702 5590 ³
721 5555 858 5615 Edd,
881 5553 1355 5606 tertant.'1‘redecim
1376 5559 1504 5610 Μεε..
1527 5555 1695 5605 vertat.
1714 5559 1862 5615 υιιιιε,
1884 5553 2113 5615 ret-tatur.

704 5619 757 5682 (ι)
795 5613 924 5668 Idem
944 5629 1074 5682 vers.
1098 5617 1128 5668 7
1147 5623 1378 5682 tractatur
1403 5617 1454 5682 in
1479 5621 1616 5666 Euar.
1643 5613 1764 5682 Psal.
1789 5629 1871 5674 ιιι,
1896 5628 1945 5664 ιι.
1970 5614 2019 5682 8Σ

703 5675 752 5735 b)
790 5687 924 5730 γει-ε.
957 5678 992 5730 8
1014 5685 1246 5729 tractatur
1267 5679 1386 5727 item
1419 5677 1467 5726 in
1485 5683 1622 5727 Euar.
1647 5675 1767 5727 Psal.
1792 5690 1898 5735 xxi,
1922 5689 1974 5725 ιι.
2002 5675 2083 5728 30.

704 5683 730 5728 ο
790 5687 924 5730 Vers.
957 5683 992 5730 8
1014 5685 1246 5729 tractatur
1267 5683 1386 5727 item
1419 5683 1467 5726 in
1485 5683 1622 5727 Euar.
1647 5683 1767 5727 Psal.
1792 5690 1898 5735 xxi,
1922 5689 1974 5725 ιι.
2002 5683 2083 5728 30.

770 5741 1068 5854 ιιειῇιιιῃτεῖε.
1086 5740 1119 5791 9
1141 5740 1411 5804 explicatur
1432 5741 1485 5790 in
1505 5745 1646 5790 Eme.
1668 5738 1791 5791 ml.
1815 5753 1944 5800 xuv,
1966 5751 2018 5789 ιι.
2044 5736 2131 5799 18;
2154 5743 2214 5790 et.

620 5813 742 5856 Psnl.
770 5819 902 5865 ιινιιι,
918 5817 968 5854 ιι.
997 5813 1041 5854 1.

679 5865 761 5932 (ἀ)
790 5873 863 5919 De
885 5861 1062 5919 eodem
1083 5877 1214 5918 vers.
1239 5863 1296 5917 11
1312 5861 1428 5916 vide
1447 5868 1586 5917 Enar.
1605 5863 1658 5914 in
1679 5861 1800 5916 Psal.
1822 5876 1936 5924 ιιι,
1952 5875 2003 5912 ιι.
2031 5863 2080 5916 5.

2321 469 2431 540 jam
2452 485 2594 528 nunc
2628 487 2716 530 me
2755 486 2880 544 rege
2905 473 3218 542 constituto,
3246 477 3412 533 nolite
3448 479 3624 539 tristes
3648 499 3777 553 esse,
3797 505 3867 552 re.

2321 580 2417 634 ges
2458 577 2632 632 terras,
2671 567 2822 638 quasi
2855 568 3051 624 bonum
3075 579 3308 627 vestrum
3333 572 3485 628 Vultis
3525 576 3746 635 ablatum
3779 585 3864 651 sit;

2322 657 2418 713 sed
2442 657 2719 730 intelligitc
2749 661 2943 731 potius,
2973 667 3031 718 et
3056 661 3361 717 crudimini.
3397 662 3452 718 Id
3475 665 3616 722 enim
3641 671 3774 726 vobis
3794 690 3846 732 ex

2321 751 2468 824 pedit
2502 761 2558 808 ut
2579 755 2678 809 sub
2702 754 2794 810 illo
2822 755 2956 820 sitis,
2982 770 3012 810 a
3034 770 3140 826 quo
3161 757 3458 814 intellectus
3487 768 3543 816 ct
3565 762 3778 820 eruditio
3795 783 3868 822 vo-

2321 845 2404 900 bis
2431 845 2607 903 datnr.
2638 847 2705 903 Et
2735 849 2836 904 hoc
2860 848 3011 904 vobis
3034 850 3268 920 expedit,
3292 860 3350 906 ut
3378 866 3483 908 non
3513 861 3706 911 temere
3725 857 3868 916 domi-

2321 939 2519 996 nemini
2541 957 2557 1006 ;
2579 941 2672 997 sed
2701 942 2927 997 Domino
2947 943 3184 999 omnium
3204 959 3326 999 cum
3355 944 3544 1000 timore
3563 947 3806 1013 serviatis,
3828 962 3870 1009 et

2321 1031 2598 1088 exsultetis
2642 1032 2694 1088 in
2730 1033 3058 1090 beatitudine
3089 1035 3387 1091 certissima
3433 1045 3488 1092 et
3527 1038 3866 1111 sincerissima,

2320 1124 2463 1180 eauti
2498 1133 2554 1180 et
2575 1125 3064 1198 circumspicientes
3085 1142 3154 1183 ne
3176 1127 3246 1184 ab
3269 1142 3333 1184 ea
3361 1144 3459 1200 per
3476 1130 3766 1200 superbiant:
3791 1134 3868 1191 de-

2320 1214 2529 1271 cidatis.

2393 1306 2480 1363 10.
2521 1306 2544 1384 [
2569 1325 2698 1364 vers.
2732 1308 2844 1386 12.]
2875 1310 3250 1382 Apprehendite
3273 1311 3617 1382 disciplinam,
3641 1317 3868 1384 nequando

2318 1399 2569 1456 irascatur
2613 1399 2886 1470 Dominus,
2928 1414 2977 1459 et
3006 1405 3222 1475 pereatis
3265 1404 3332 1461 de
3356 1404 3435 1459 via
3456 1406 3599 1478 justo
3631 1419 3651 1462 :
3693 1406 3783 1462 huc
3803 1417 3868 1464 est

2318 1494 2457 1566 quod
2486 1497 2578 1562 ait,
2623 1497 2907 1569 intelligite,
2947 1507 2996 1554 et
3036 1499 3336 1564 erudimiui;
3375 1512 3498 1554 nam
3529 1498 3803 1570 intelligere
3825 1509 3867 1556 et

2318 1588 2538 1655 erudiri,
2573 1590 2674 1645 hoc
2697 1601 2780 1647 est
2811 1592 3214 1662 apprehendere
3236 1593 3591 1663 disciplinam.
3620 1593 3865 1650 Verumta-

2317 1694 2442 1735 men
2467 1681 2519 1734 in
2535 1696 2602 1736 eo
2619 1682 2758 1752 quod
2778 1682 2992 1749 dicitur,
3018 1684 3401 1756 appreliendite,
3429 1685 3560 1739 satis
3579 1685 3866 1754 signiﬁcatur

2317 1773 2626 1844 praesidium
2655 1774 2924 1846 quoddam
2963 1786 3125 1847 atque
3149 1776 3538 1831 munimentum
3565 1790 3680 1832 esse
3705 1775 3864 1832 adver-

2316 1878 2408 1919 sus
2428 1867 2605 1919 omnia
2632 1881 2752 1937 quae
2771 1866 2964 1923 obesse
2985 1875 3223 1936 possent,
3253 1867 3353 1922 nisi
3384 1876 3526 1921 tanta
3553 1883 3675 1922 cura
3703 1881 3864 1936 appre-

2318 1955 2662 2016 henderetur.
2691 1955 2976 2027 Nequaudo
3013 1968 3190 2016 autem
3213 1960 3464 2015 irascatur
3483 1957 3742 2021 Dominus,
3765 1972 3864 2014 cum

2316 2044 2647 2102 dubitatione
2692 2048 2917 2118 positum
2967 2059 3090 2116 est;
3145 2064 3253 2104 non
3299 2049 3592 2107 secundum
3638 2049 3862 2102 visionem

2318 2136 2618 2207 PrOphetze,
2635 2139 2721 2194 cui
2742 2149 2946 2196 certum
2967 2147 3070 2205 cst,
3091 2139 3185 2198 sed
3211 2141 3506 2196 secundum
3532 2155 3624 2196 eos
3645 2139 3776 2210 ipsos
3791 2137 3861 2210 qui

2317 2240 2636 2294 monentur;
2667 2232 2788 2302 quia
2817 2248 2938 2288 cum
2963 2233 3292 2290 dubitatione
3313 2234 3490 2290 solent
3513 2234 3735 2304 cegitare
3757 2231 3863 2286 iram

2317 2323 2434 2389 Dei,
2480 2325 2671 2396 quibus
2699 2340 2806 2381 non
2831 2336 3014 2396 aperte
3043 2327 3331 2382 revelatur.
3378 2326 3495 2384 lloc
3521 2341 3646 2393 ergo
3672 2323 3764 2380 sibi
3786 2321 3863 2393 ipsi

2314 2414 2515 2473 debent
2563 2417 2743 2475 dicere
2787 2436 2802 2473 :
2858 2419 3337 2490 Apprehendamus
3395 2419 3746 2492 disciplinam,
3787 2430 3863 2472 ne-

2313 2510 2526 2580 quando
2554 2511 2813 2568 irascatur
2841 2511 3117 2579 Dominus,
3159 2520 3215 2569 et
3239 2528 3521 2582 pereamus
3544 2511 3611 2568 de
3634 2511 3710 2564 via
3727 2508 3861 2580 jnsta.

2313 2601 2433 2657 1am
2470 2617 2620 2668 vero,
2669 2602 2920 2658 irascatur
2961 2603 3216 2660 Dominus
3245 2646 3261 2671 ,
3312 2607 3585 2675 quomodo
3634 2600 3863 2671 accipien-

2312 2693 2440 2750 dum
2464 2694 2534 2750 sit
2557 2709 2717 2766 supra
2743 2696 2943 2752 dictum
2968 2705 3053 2753 est
3084 2696 3182 2770 (ιι).
3216 2695 3284 2752 Et
3307 2697 3525 2767 pereatis
3549 2696 3612 2750 de
3629 2695 3705 2748 eia
3722 2693 3865 2762 justo:

2313 2785 2431 2843 lucc
2457 2803 2647 2859 magna
2677 2804 2836 2860 pmna
2866 2798 2969 2854 est,
3009 2805 3131 2860 quas
3159 2791 3227 2845 ab
3257 2791 3322 2846 iis
3345 2789 3659 2846 formidatur
3676 2784 3758 2857 qui
3781 2781 3863 2836 ali-

2312 2879 2437 2950 quid
2465 2879 2763 2936 dulcedinis
2783 2881 3005 2951 justitim
3033 2890 3422 2953 perceperunt;
3461 2880 3550 2952 qui
3581 2877 3717 2936 enim
3751 2869 3865 2945 perit

2312 2970 2381 3027 de
2403 2971 2487 3026 via
2506 2971 2746 3042 justilim,
2773 2988 2892 3028 cum
2919 2989 3108 3044 magna
3133 2973 3346 3031 miseria
3381 2988 3482 3045 per
3507 2972 3621 3028 vias
3647 2965 3865 3038 iniquita-

2313 3061 2382 3117 tis
2407 3063 2624 3118 errabit.

2385 3154 2472 3208 11.
2516 3152 2537 3227 [
2564 3170 2691 3210 vers.
2720 3154 2833 3229 15.]
2861 3155 2986 3212 Cum
3019 3157 3260 3212 exarserit
3285 3157 3337 3211 in
3357 3155 3498 3212 brevi
3518 3157 3596 3210 ira
3617 3153 3738 3224 ejus,
3759 3144 3866 3204 δαιτί

2311 3261 2482 3300 omnes
2509 3247 2597 3318 qui
2619 3247 2880 3315 conﬁdunt
2905 3248 2958 3301 in
2987 3264 3044 3302 eo
3072 3263 3092 3303 :
3119 3248 3170 3303 id
3195 3256 3298 3316 εει,
3326 3263 3452 3305 ειιιιι
3480 3245 3702 3303 vindicta
3729 3250 3867 3296 vene-

2312 3337 2402 3404 rit,
2433 3353 2554 3408 qua:
2582 3338 2760 3408 impiis
2793 3348 2848 3395 et
2883 3340 3249 3410 peccatoribus
3291 3351 3641 3413 prasparaIur,
3671 3350 3767 3392 non
3789 3345 3866 3388 σο·

2309 3430 2418 3486 Ιιιιιι
2462 3447 2560 3488 eos
2607 3448 2711 3487 non
2741 3434 2963 3504 attinget
2990 3435 3078 3504 qui
3109 3434 3382 3491 conﬁdunt
3415 3437 3469 3491 in
3501 3431 3738 3493 Domino,
3785 3418 3865 3479 sed

2308 3523 2470 3579 etiam
2518 3523 2585 3580 ad
2619 3539 2842 3595 regnum
2885 3525 2990 3581 illis
3024 3525 3393 3581 instruendum
3423 3534 3480 3583 et
3505 3514 3864 3580 sublimandutn

2310 3614 2577 3685 proﬁciet.
2617 3615 2735 3672 Non
2778 3616 2920 3672 enim
2951 3615 3126 3673 dixit:
3164 3615 3293 3674 Cum
3311 3616 3557 3674 exarserit
3585 3614 3637 3669 in
3659 3606 3781 3665 brevi
3802 3604 3867 3656 ira

2309 3707 2441 3779 ejus,
2490 3707 2666 3762 securi
2708 3724 2879 3763 omnes
2903 3708 2990 3778 qui
3017 3708 3278 3776 ron/idum
3317 3708 3372 3761 in
3398 3724 3484 3775 eo,
3522 3711 3760 3773 tanquam
3783 3693 3868 3748 hoc

2310 3799 2483 3854 solum
2527 3799 2651 3854 inde
2690 3797 2940 3866 habeant,
2981 3798 3122 3870 quod
3148 3814 3256 3856 non
3288 3801 3604 3870 puniantur;
3648 3788 3737 3848 sed
3761 3779 3868 3840 ἔκαιῖ

2311 3889 2464 3955 dixit,
2509 3889 2598 3946 ubi
2636 3901 2716 3946 est
2748 3890 3008 3946 bonorum
3039 3892 3276 3946 omnium
3306 3905 3514 3947 summa
3555 3896 3609 3943 et
3632 3874 3865 3940 cumulus.

2311 3982 2463 4052 Quod
2487 3992 2665 4038 autem
2693 3985 2920 4054 positum
2949 3991 3052 4048 cst,
3082 3985 3135 4037 in
3162 3982 3318 4050 brevi,
3351 3982 3457 4040 hoc
3489 3975 3774 4051 signiﬁcare
3795 3976 3867 4018 ar-

2311 4077 2500 4146 bitror,
2541 4079 2664 4150 quia
2695 4077 3031 4147 repentinum
3055 4076 3254 4149 aliquid
3281 4077 3405 4142 erit,
3436 4076 3562 4132 dum
3592 4070 3689 4124 hoc
3715 4067 3867 4118 τοιυο-

2313 4179 2425 4225 ιιιιιι
2449 4178 2506 4225 ει
2534 4169 2689 4241 longe
2716 4168 2952 4225 futurum
2981 4179 3293 4240 peccatores
3318 4163 3716 4226 existimabunt.

2331 4274 3860 4315 Ἥβη-...μα

2804 4375 2885 4439 IN
2926 4375 3306 4441 PSALMUM
3349 4376 3437 4439 III

2889 4515 3306 4575 ENARRATIO.

2313 4637 2557 4696 Psalmus
2585 4636 2768 4703 David,
2796 4651 2910 4689 eum
2937 4639 3130 4707 fugeret
3157 4651 3189 4688 a
3209 4634 3340 4705 faeie
3355 4624 3658 4688 Abessalon'
3681 4614 3772 4691 ﬁlii
3785 4607 3869 4666 sui.

2385 4755 2440 4809 1.
2480 4751 2655 4827 [νει-ε.
2697 4747 2774 4824 1.]
2823 4749 2976 4806 Hunc
3024 4746 3288 4819 psalmum
3328 4762 3393 4802 ex
3440 4751 3665 4817 persona
3700 4719 3871 4827 ϐιιξξθίξ

2313 4808 2677 4916 accipiendum
2755 4808 3044 4912 persuade;
3114 4837 3255 4910 quod
3313 4808 3512 4894 dictum
3574 4837 3655 4885 est
3702 4835 3748 4916 εΔ
3778 4808 3872 4913 Εξο

2315 4937 2546 5004 dormivi,
2575 4946 2622 4993 et
2643 4951 2874 4992 somnum
2901 4933 3011 5005 cepi
3033 4949 3052 4987 :
3071 4941 3116 4987 et
3145 4932 3425 4995 exsurrexi,
3450 4923 3684 5001 quoniam
3713 4910 3868 4967 Donn-

2315 5047 2410 5086 uus
2438 5029 2677 5099 suscipiet
2703 5043 2799 5082 me.
2833 5004 2999 5096 Magis
3024 5025 3167 5080 enim
3195 5023 3297 5080 hoc
3317 5023 3385 5079 ad
3416 5018 3715 5094 passionem
3735 5004 3874 5099 c‘fﬁ‘

2314 5122 2698 5178 surrectionem
2723 5117 2936 5174 Domini
2963 5127 3324 5188 congruenter
3349 5119 3526 5178 sonat,
3550 5114 3705 5178 quam
3739 5089 3797 5188 uti
3825 5081 3875 5188 Ii"

2315 5216 2419 5270 lam
2448 5211 2724 5269 historiam
2768 5211 2824 5267 in
2862 5220 2965 5282 qua
2997 5209 3161 5265 David
3207 5209 3459 5266 scribitur
3487 5199 3679 5270 fugisse
3706 5202 3734 5282 tt
3762 5180 3875 5236 ἷίιαο

2316 5297 2566 5364 bellantis
2593 5281 2962 5362 adversumse
2989 5304 3082 5360 ﬁlii
3101 5304 3183 5360 sui
3203 5304 3272 5377 (11
3296 5305 3426 5376 Reg.
3447 5290 3666 5362 xv,17)-
3691 5281 3876 5377 ξίφηξ

2319 5403 2458 5457 uiam
2487 5400 2741 5471 scriptum
2761 5407 2846 5454 est
2867 5396 2935 5453 de
2959 5369 3232 5468 discipulis
3255 5369 3452 5453 Christi
3472 5410 3486 5446 :
3513 5374 3761 5471 Quamdiu
3782 5369 3876 5471 “fi”

2314 5495 2388 5550 ὠ
2413 5502 2488 5550 ω
2513 5459 2753 5563 δρέπων
2785 5506 2888 5546 non
2905 5459 3192 5562 Μωιαληι
3221 5487 3318 5558 Im;
3357 5479 3532 5559 εροηεξ
3581 5459 3782 5545 (Matth.
3810 5461 3885 5581 tx.‘

2381 5674 2398 5706 ι
2425 5679 2477 5724 ιιι
2499 5678 2616 5722 ante
2651 5666 3088 5732 excttsis,.tbsalon.
3125 5675 3182 5717 Αι
3203 5667 3252 5714 in
3275 5663 3504 5732 meliojjts
3523 5658 3652 5703 ηοιω
3671 5645 3768 5690 ⁵³⁵³⁸
3792 5621 3884 5674 ω’

2314 5749 2416 5803 que
2440 5741 2532 5794 est,
2557 5751 2587 5784 .4
2594 5730 2826 5806 oessalon.
2851 5727 2903 5781 tn
2922 5738 3086 5782 marco
3103 5736 3232 5801 Lux,
3258 5727 3524 5778 .-:besa£om.

2380 5800 2403 5832 ⁸
2425 5797 2558 5856 Edd.,
2584 5793 2889 5859 manabunt.
2909 5800 2966 5844 At
2997 5800 3126 5852 Mss,
3138 5796 3382 5854 Jejrmant.

2381 5826 2402 5832 ·
2427 5826 2558 5856 ωυα,
2584 5826 2889 5859 ,ιῡιιυωυωιοσ
2909 5826 2966 5844 ιη
2997 5826 3126 5852 nam,
3138 5826 3322 5854 Jun"...

2381 5860 2455 5923 (a)
2488 5869 2653 5923 supra,
2673 5872 2720 5908 ιι.
2749 5855 2796 5905 1.
3318 5867 3322 5870 -
