4078 6426
254 404 323 462 π
1401 389 1802 449 ΕΝΑιιιιΑι-ιο
1838 390 1854 446 ι

1960 390 2269 450 PSALMUM
2308 390 2396 449 Ill.
3468 408 3543 467 ἠ

253 516 375 586 15);
413 527 518 568 ιιοιι
547 511 742 566 mirum
774 511 817 566 si
846 510 984 565 filius
1008 508 1125 579 ejus
1147 507 1363 579 impius,
1393 506 1722 577 signiﬁcatur
1751 504 1842 558 di-

255 607 491 678 scipulus
522 605 719 673 impius
761 604 849 675 qui
881 618 1002 659 eum
1048 600 1283 657 tradidit.
1315 600 1361 655 A
1401 602 1553 668 cujus
1583 598 1717 654 facie
1759 597 1843 651 fu-

253 702 400 774 gisse
425 713 729 770 quanquam
767 696 1019 751 historice
1061 694 1229 765 possit
1273 693 1463 766 accipi,
1502 691 1713 763 quando
1754 691 1845 745 illo

254 793 565 850 discedente
590 790 812 847 secessit
850 803 971 843 cum
1013 786 1224 843 eceteris
1266 788 1320 842 in
1364 796 1633 851 montem;
1667 793 1844 840 tamen

256 883 625 956 spiritualiter,
654 879 869 952 quando
898 887 1130 935 mentem
1160 877 1313 934 ludat
1338 876 1505 933 Filius
1542 877 1655 944 Dei,
1683 876 1735 932 id
1765 883 1848 931 est

256 977 430 1031 virtus
462 982 513 1029 et
540 972 799 1043 sapientia
838 971 953 1038 Dei,
1003 969 1261 1034 deseruit,
1289 984 1410 1024 cum
1452 984 1573 1024 eum
1604 967 1849 1023 diabolus

258 1067 475 1137 penitus
501 1063 719 1129 invasit,
748 1061 804 1116 in
831 1076 898 1116 eo
925 1060 1065 1132 quod
1109 1059 1365 1130 scriptum
1410 1066 1513 1125 est,
1552 1057 1613 1110 Et
1647 1057 1851 1111 intravit

258 1154 494 1212 diabolus
521 1156 574 1208 in
603 1170 691 1209 cor
716 1154 822 1224 ejus
848 1152 1029 1225 (Joan.
1072 1167 1187 1218 xtu,
1230 1149 1312 1222 2).
1348 1150 1487 1206 bene
1524 1149 1783 1219 accipitur
1816 1166 1846 1204 a

258 1250 397 1304 facie
422 1248 538 1317 ejus
554 1246 825 1302 Christum
848 1244 1075 1316 fugisse;
1098 1259 1201 1298 non
1223 1243 1345 1314 quia
1360 1242 1603 1298 Christus
1628 1242 1846 1297 diabolo

118 1316 243 1439 sf“
256 1316 561 1406 cessit,sed
582 1337 795 1393 Christo
810 1336 1115 1392 discedente
1134 1335 1378 1392 diabolus
1396 1334 1648 1405 possedit.
1664 1334 1834 1402 Quem

255 1433 554 1487 discessum
584 1430 759 1501 fugam
787 1444 907 1486 esse
928 1429 981 1484 in
1012 1428 1115 1485 hoc
1136 1428 1341 1496 psalmo
1360 1425 1681 1495 appellatum
1708 1425 1847 1480 cele-

256 1520 438 1579 ritatis
466 1537 625 1577 causa
650 1520 910 1584 arbitror;
938 1520 1078 1590 quod
1131 1518 1297 1573 verbo
1338 1517 1497 1572 etiam
1549 1516 1752 1570 Domini
1780 1515 1854 1570 si-

258 1613 547 1684 gnificatur
593 1610 853 1667 dicentis:
881 1609 1029 1676 Quod
1057 1609 1205 1682 facis,
1253 1609 1351 1662 cito
1398 1611 1481 1680 {ac
1519 1604 1847 1678 (lbid.,27).

257 1705 556 1775 Loquimur
580 1704 741 1758 etiam
767 1701 843 1757 sic
869 1702 923 1756 in
947 1699 1352 1761 consuetudine.
1376 1708 1434 1753 ut
1454 1698 1691 1753 dicamus
1712 1715 1724 1750 :
1748 1697 1852 1752 Fu-

257 1798 339 1867 git
378 1811 484 1862 me,
515 1792 655 1864 quod
700 1794 753 1847 in
796 1806 1025 1847 mentem
1058 1806 1161 1846 non
1194 1790 1369 1856 venit;
1423 1799 1479 1844 et
1521 1788 1590 1843 de
1638 1788 1853 1843 homine

260 1886 575 1941 doctissimo
600 1882 862 1938 dicimus:
890 1881 1028 1936 Nihil
1054 1896 1173 1935 eum
1206 1880 1356 1951 fugit.
1387 1878 1675 1950 Propterea
1714 1878 1854 1933 veri-

262 1986 353 2031 tas
380 1975 510 2047 fugit
533 1984 763 2030 mentem
802 1972 973 2037 ludar,
1017 1987 1139 2026 cum
1179 1986 1300 2027 eum
1331 1970 1597 2026 illustrare
1626 1969 1852 2025 destitit.

263 2069 569 2125 Abessalon
600 2074 800 2132 autem,
822 2064 960 2120 sicut
986 2064 1199 2135 quidam
1228 2063 1657 2133 interpretantur,
1690 2062 1744 2116 in
1772 2061 1856 2115 la-

267 2162 380 2214 tina
409 2158 584 2229 lingua
609 2157 807 2213 dicitur
833 2156 1004 2212 Patris
1028 2173 1162 2226 pax:
1187 2155 1327 2227 quod
1359 2156 1549 2209 mirum
1579 2154 1743 2210 videri
1762 2169 1857 2224 po-

263 2257 394 2315 test,
416 2249 530 2305 sive
556 2250 607 2303 in
634 2247 852 2304 historia
880 2247 1205 2318 Regnorum,
1232 2262 1351 2302 cum
1380 2246 1574 2301 bellum
1599 2245 1855 2300 adversus

266 2353 476 2415 patrem
505 2342 799 2398 Abessalon
826 2340 1081 2410 gesserit:
1109 2339 1224 2395 sive
1251 2339 1305 2393 in
1331 2339 1547 2393 historia
1572 2336 1706 2392 Novi
1746 2337 1854 2393 Te-

264 2433 543 2498 stamenti,
573 2446 694 2487 cum
720 2431 946 2486 traditor
972 2430 1182 2485 Domini
1209 2428 1372 2484 Judas
1400 2428 1575 2495 fuerit,
1598 2427 1853 2498 quemad-

265 2524 485 2581 modum
517 2524 693 2579 Patris
722 2537 825 2593 pax
852 2523 1018 2593 possit
1042 2522 1280 2592 intelligi.
1306 2520 1409 2576 Sed
1437 2530 1489 2576 et
1510 2522 1581 2575 ihi
1612 2521 1702 2590 qui
1732 2521 1854 2575 dili-

265 2625 458 2687 genter
483 2615 685 2686 legunt,
707 2615 888 2670 vident
913 2616 963 2669 in
982 2615 1072 2669 illo
1086 2613 1227 2668 bello
1249 2612 1411 2668 David
1436 2622 1675 2683 pacatum
1694 2612 1856 2669 fuisse

266 2709 404 2773 lilio,
426 2708 691 2780 quietiam
713 2723 904 2778 magno
926 2722 1047 2762 cum
1070 2705 1254 2761 dolore
1277 2706 1481 2774 planxit
1505 2706 1847 2772 exstinctum,

266 2799 497 2857 dicens:
527 2801 798 2855 Abessalon
826 2800 962 2867 ﬁlius
982 2814 1139 2861 meus,
1162 2798 1275 2868 quis
1301 2797 1441 2851 dabit
1462 2797 1584 2850 mihi
1612 2798 1742 2851 mori
1761 2813 1855 2867 pro

268 2902 323 2946 te
349 2890 416 2963 (ll
443 2890 569 2963 Reg.
594 2907 745 2956 xvttt,
768 2891 898 2962 33)?
926 2899 981 2945 et
1009 2890 1061 2945 in
1092 2889 1315 2945 historia
1342 2890 1473 2945 Novi
1498 2888 1851 2959 Testamenti,

268 2984 389 3053 ipsa
428 2983 634 3038 Domini
666 2982 833 3039 nostri
874 2992 1016 3037 tanta
1060 2990 1116 3037 et
1159 2990 1267 3037 tam
1298 2981 1536 3036 miranda
1579 2982 1851 3052 patientia,

270 3073 415 3144 quod
440 3088 560 3128 eum
583 3072 782 3128 tamdiu
810 3072 1025 3143 pertulit
1050 3081 1299 3143 tanquam
1329 3071 1548 3139 bonum,
1580 3087 1701 3127 cum
1736 3072 1855 3142 ejus

270 3163 620 3232 agitationes
640 3179 743 3219 non
763 3164 1046 3234 ignoraret,
1066 3177 1187 3218 etim
1208 3162 1448 3218 adhibuit
1466 3163 1530 3217 ad
1554 3163 1853 3218 convivium

272 3257 331 3308 in
354 3267 463 3323 quo
485 3253 723 3321 corporis
764 3262 818 3307 et
860 3253 1132 3324 sanguinis
1175 3252 1255 3308 sui
1298 3252 1554 3323 flguram‘
1582 3254 1856 3323 discipulis

270 3341 666 3399 commendavit
684 3330 740 3398 ἐι
764 3342 977 3398 tradidit
1004 3342 1180 3415 (Joan.
1208 3342 1347 3416 xm),
1373 3343 1516 3413 quod
1544 3344 1772 3415 denique
1801 3346 1852 3401 in

275 3434 391 3505 ipsa
424 3434 704 3489 traditione
749 3435 987 3489 osculum
1034 3435 1240 3505 accepit
1289 3434 1503 3508 (Matth.
1550 3450 1699 3502 xxvr,
1738 3435 1853 3507 49),

271 3524 415 3580 bene
443 3523 753 3594 intelligitur
778 3539 963 3596 pacem
986 3523 1255 3581 Christum
1286 3525 1594 3581 exhibuisse
1616 3526 1856 3582 tradituri

270 3628 405 3679 suo;
434 3616 677 3686 quamvis
701 3615 790 3670 ille
817 3625 922 3671 tam
960 3615 1235 3672 scelerata:
1271 3615 1607 3685 cogitationis
1646 3615 1857 3671 interno

272 3704 423 3760 bello
447 3713 773 3759 vastaretur.
800 3704 868 3760 Et
894 3704 1017 3761 ideo
1045 3705 1340 3761 Abessalon
1384 3705 1555 3760 Patris
1581 3720 1682 3776 pax
1718 3705 1855 3761 dici-

274 3804 387 3862 tur,
419 3795 539 3865 quia
566 3804 717 3866 pater
742 3794 920 3851 habuit
946 3810 1152 3865 pacem,
1197 3811 1354 3865 quam
1385 3796 1473 3850 ille
1499 3812 1605 3851 non
1650 3796 1854 3852 habuit.

348 3885 404 3939 2.
446 3883 595 3957 [νει-ε.
619 3886 675 3952 2,
716 3883 797 3958 5.]
837 3884 1071 3951 Domine,
1116 3885 1239 3954 quid
1276 3885 1592 3956 multiplicati
1618 3896 1737 3940 sunt
1772 3887 1857 3956 qui

275 3974 521 4029 tribulam
548 3976 662 4031 me?
701 3984 807 4030 tam
836 3975 1037 4031 scilicet
1065 3975 1394 4045 multiplicati
1437 3983 1578 4042 sunt,
1606 3984 1664 4029 ut
1688 3976 1847 4030 etiam

273 4067 349 4122 de
371 4083 595 4123 numero
621 4067 997 4137 discipulorum
1028 4083 1132 4121 non
1160 4066 1385 4122 defuerit
1408 4067 1498 4138 qui
1522 4081 1743 4123 numero
1767 4082 1856 4122 ac-

277 4157 506 4212 cesserit
548 4157 996 4227 persequentium.
1046 4154 1199 4210 Multi
1240 4157 1505 4226 insurgunt
1553 4172 1701 4226 super
1740 4170 1858 4210 me:

277 4247 430 4301 multi
449 4247 620 4301 dicunt
642 4247 827 4301 anima
846 4261 969 4302 mete
985 4262 1004 4301 :
1026 4246 1147 4301 Non
1171 4257 1241 4302 est
1264 4247 1405 4301 salus
1426 4246 1503 4301 illi
1523 4247 1575 4301 in
1596 4246 1702 4301 Deo
1722 4247 1848 4320 ejus.

281 4336 617 4392 Manifestum
644 4336 889 4406 estquod
916 4336 1015 4391 nisi
1037 4336 1382 4407 desperarent
1411 4346 1853 4402 resurrecturum,

280 4445 394 4486 non
425 4430 602 4501 utique
622 4428 945 4484 occiderent.
969 4428 1048 4484 Ad
1076 4428 1177 4483 hoc
1207 4429 1384 4483 valent
1407 4429 1512 4483 illa:
1538 4443 1727 4483 voces:
1755 4427 1855 4483 De-

280 4522 494 4577 scendal
518 4522 580 4574 de
600 4536 767 4585 cruce,
797 4521 841 4574 si
867 4518 1034 4576 Filius
1073 4518 1169 4574 Dei
1198 4530 1302 4587 est;
1329 4529 1385 4576 et
1407 4537 1420 4572 :
1445 4520 1585 4575 Alios
1628 4520 1857 4587 salvavit,

280 4610 508 4680 seipsum
526 4626 627 4665 non
649 4620 807 4681 potest
828 4608 941 4680 (Id.
962 4626 1127 4674 xxvn,
1146 4610 1256 4680 42).
1287 4611 1424 4681 Ergo
1440 4625 1539 4666 nec
1565 4610 1593 4666 ,Ι
1600 4610 1727 4665 udas
1738 4626 1859 4667 eum

282 4700 621 4769 tradidisset,
652 4702 754 4757 nisi
781 4716 849 4757 ex
872 4716 1057 4756 eorum
1085 4711 1229 4757 esset
1249 4717 1470 4757 numero
1484 4704 1570 4772 qui
1592 4702 1860 4758 Christum

281 4800 707 4857 contemnerent,
731 4791 1002 4848 dicentes:
1037 4790 1155 4847 Non
1182 4800 1253 4846 est
1278 4793 1416 4847 salus
1442 4794 1518 4847 illi
1541 4795 1592 4847 in
1614 4793 1714 4848 Deo
1733 4796 1860 4864 ejus.

357 4883 415 4939 3.
454 4879 608 4956 [verm
658 4879 737 4955 4.]
774 4881 818 4936 Τ
821 4899 856 4936 u
871 4890 1059 4945 autem,
1087 4880 1321 4945 Domine,
1348 4893 1605 4951 susceptor
1620 4900 1757 4937 meus
1771 4901 1822 4938 es
1845 4899 1865 4940 :

281 4971 579 5029 secundum
630 4972 898 5028 hominem
941 4972 1135 5028 dicitur
1157 4972 1292 5037 Deo;
1335 4974 1454 5043 quia
1485 4972 1715 5028 hominis
1741 4990 1863 5030 sus~

283 5062 464 5135 ceptio
491 5070 574 5118 est
602 5061 834 5118 Verbum
882 5078 1007 5118 caro
1029 5062 1239 5118 factum.
1267 5062 1442 5118 Gloria
1468 5081 1578 5118 mea
1599 5081 1619 5119 :
1642 5064 1864 5135 gloriam

285 5169 439 5210 suam
470 5154 638 5210 Deum
665 5153 794 5209 dicit
834 5154 992 5210 etiam
1045 5154 1155 5220 ille,
1184 5170 1341 5225 quem
1381 5155 1460 5211 sic
1498 5157 1731 5227 suscepit
1772 5158 1866 5213 Dei

288 5244 547 5310 Verbum,
574 5253 633 5300 ut
657 5244 813 5300 simul
837 5260 957 5300 cum
987 5260 1052 5300 eo
1078 5246 1217 5301 Deus
1240 5246 1407 5303 fieret.
1436 5248 1654 5305 Discant
1675 5263 1865 5320 super-

286 5334 364 5399 bi,
417 5334 507 5406 qui
554 5350 660 5391 non
703 5335 928 5392 libenter
973 5336 1193 5392 audiunt
1221 5354 1341 5393 cum
1372 5340 1449 5395 eis
1473 5340 1702 5397 dicitur:
1731 5342 1868 5411 Quid

289 5436 459 5481 autem
489 5427 641 5483 habes
678 5428 812 5499 quod
848 5445 950 5483 non
997 5430 1271 5499 accepisti?
1314 5431 1373 5487 Si
1403 5443 1566 5487 autem
1611 5436 1863 5505 accepisti,

289 5518 415 5588 quid
460 5517 694 5589 gloriaris
721 5520 865 5590 quasi
906 5535 1008 5574 non
1033 5522 1281 5591 acceperis
1313 5521 1358 5593 (1
1396 5522 1514 5579 Cor.
1548 5540 1620 5592 tv,
1669 5526 1758 5597 7)?
1802 5528 1869 5583 Et

290 5608 521 5663 exultans
563 5617 717 5678 caput
757 5625 956 5665 meum:
981 5619 1211 5667 mentem
1257 5611 1423 5683 ipsam
1468 5613 1753 5671 humanam
1783 5617 1871 5675 hic

354 5749 372 5781 ¹
400 5756 605 5820 Quantos
643 5755 771 5824 Mss,
785 5747 974 5803 scilicet
1381 5754 1779 5827 Theodericensis
1811 5772 1870 5811 ac

354 5812 584 5862 sentiat-ts
602 5818 759 5863 etatis
780 5824 841 5863 ex
865 5813 1140 5863 Cerbereos:
1210 5826 1236 5863 s
1256 5828 1382 5863 unus
1399 5824 1450 5863 et
1468 5816 1591 5863 alius
1620 5830 1683 5863 ex
1711 5823 1866 5863 nemi.

290 5810 584 5873 recentior-is
602 5810 763 5863 aetatis
780 5824 841 5863 ex
865 5810 1236 5866 corbeiensibus
1256 5810 1382 5867 unus
1399 5824 1450 5867 et
1468 5816 1591 5868 alius
1620 5830 1683 5869 ex
1711 5810 1866 5873 Remi;

288 5871 564 5933 giensibus,
592 5873 883 5938 mysterium.

536 5956 758 6017 SANCT.
799 5964 952 6017 Atat
980 5982 1063 6018 s'r,
1104 5964 1199 6023 H'.

1956 504 2319 574 accipiendam
2368 512 2521 576 puto,
2568 504 2711 576 quod
2754 516 2913 579 caput
2951 510 3143 568 animae
3171 526 3276 570 non
3307 515 3542 578 absurde

1954 597 2269 667 appellatur,
2295 612 2421 668 quae
2460 598 2532 653 ita
2575 598 2786 655 inhresit
2825 611 2880 656 et
2916 604 3310 671 quodammodo
3335 609 3547 668 coaluit

1954 687 2239 743 excellenti
2266 689 2732 757 super-eminentiae
2757 691 2916 747 Verbi
2947 693 3217 753 hominem
3244 701 3532 772 suscipien-

1956 779 2046 847 tis,
2076 786 2133 833 ut
2155 788 2297 833 tanta
2320 780 2585 850 passionis
2616 780 2910 839 humilitate
2936 800 3041 840 non
3065 786 3446 858 deponeretur.

2026 868 2082 925 4.
2122 866 2272 943 [vers.
2331 867 2413 945 5.]
2458 868 2591 926 Voce
2628 888 2742 926 mea
2778 873 2847 926 ad
2890 872 3167 931 Dominum
3210 880 3540 939 clamavi:id

1956 965 2060 1027 est,
2100 973 2208 1014 non
2248 961 2489 1029 corporis
2519 976 2673 1028 voce,
2706 979 2825 1033 qua:
2862 980 2980 1019 cum
3023 969 3244 1038 strepitu
3273 974 3538 1031 verberati

1955 1050 2096 1106 aeris
2124 1051 2413 1122 promitur;
2443 1052 2537 1107 sed
2564 1068 2693 1108 voce
2711 1056 2905 1121 cordis,
2928 1073 3044 1127 qua:
3062 1059 3368 1118 hominibus
3393 1065 3537 1134 silet,

1957 1142 2068 1197 Deo
2098 1150 2273 1199 autem
2313 1144 2452 1200 sicut
2492 1145 2695 1201 clamor
2740 1156 2913 1202 sonat.
2966 1149 3078 1217 Qua
3122 1166 3253 1208 voce
3294 1154 3538 1213 Susanna

1955 1234 2201 1289 exaudita
2230 1244 2311 1290 est
2337 1235 2498 1307 (Dan.
2524 1254 2636 1305 xm,
2662 1228 2788 1310 44):
2820 1249 2874 1295 et
2907 1241 2973 1296 de
3001 1259 3103 1312 qua
3133 1260 3264 1301 voce
3292 1247 3406 1318 ipse
3435 1248 3541 1305 Do-

1957 1326 2135 1379 minus
2160 1328 2424 1397 przecipit,
2457 1337 2515 1383 ut
2540 1329 2591 1384 in
2620 1330 2878 1387 cubiculis
2918 1331 3132 1402 clausis,
3157 1335 3209 1390 id
3238 1347 3337 1403 est,
3366 1340 3417 1393 in
3445 1355 3538 1396 se~

1955 1417 2118 1471 cretis
2146 1417 2325 1473 cordis
2349 1420 2464 1475 sine
2494 1422 2715 1492 strepitu
2743 1434 2925 1479 oretur
2963 1424 3179 1495 (Matth.
3223 1444 3295 1495 vt,
3323 1430 3401 1503 6).
3429 1431 3539 1490 Nec

1956 1506 2111 1561 facile
2137 1508 2417 1579 quisquam
2449 1510 2650 1567 dixerit
2670 1513 2769 1569 hac
2803 1530 2933 1571 voce
2961 1519 3137 1574 minus
3162 1522 3323 1590 orari,
3352 1523 3397 1577 si
3422 1525 3544 1580 nul-

1955 1594 2041 1651 lus
2064 1598 2346 1655 verborum
2374 1614 2539 1657 sonus
2569 1602 2820 1659 reddatur
2843 1621 2910 1661 ex
2937 1622 3189 1681 corpore;
3219 1614 3467 1682 quoniam
3487 1624 3542 1671 et

1956 1686 2178 1744 silentes
2203 1703 2325 1744 cum
2353 1690 2406 1746 in
2434 1692 2685 1749 cordibus
2709 1710 2947 1762 oramus,
2974 1700 3018 1753 si
3044 1700 3231 1756 aliena:
3256 1703 3324 1757 ab
3349 1702 3543 1762 affectu

1955 1780 2162 1835 orantis
2186 1780 2534 1852 cogitationes
2558 1784 2939 1855 intercurrant,
2968 1790 3199 1845 nondum
3219 1793 3320 1849 dici
3336 1806 3542 1866 potest:

1964 1869 2101 1927 Voce
2125 1889 2235 1927 mea
2256 1873 2326 1928 ad
2352 1873 2626 1930 Dominum
2650 1879 2884 1934 clamavi.
2908 1879 3089 1951 Neque
3118 1883 3219 1939 hnc
3245 1897 3388 1943 recte
3412 1888 3546 1944 dici-

1959 1973 2065 2029 tur,
2098 1964 2199 2019 nisi
2228 1979 2349 2020 cunt
2379 1966 2494 2023 sola
2523 1969 2719 2035 anima,
2752 1970 2883 2025 nihil
2922 1974 3097 2030 carius
3142 1977 3380 2048 nihilque
3425 1995 3544 2036 car-

1958 2052 2158 2107 nalium
2201 2053 2553 2111 intentionnm
2583 2057 2636 2112 in
2662 2059 2904 2116 oratione
2932 2062 2948 2094 ί
2977 2064 3270 2131 attrahens,
3311 2066 3547 2137 loquitur

1960 2141 2210 2210 Domino,
2260 2145 2348 2200 ubi
2392 2148 2539 2202 solus
2578 2149 2756 2217 audit;
2804 2152 3008 2207 clamor
3047 2164 3221 2210 autem
3253 2156 3411 2211 etiatn
3445 2159 3546 2214 iste

1960 2233 2177 2304 dicitur,
2210 2245 2426 2306 propter
2452 2238 2558 2294 vim
2591 2239 2757 2310 ipsius
2804 2243 3133 2300 intentionis.
3178 2246 3248 2300 Et
3286 2250 3543 2304 exaudivit

1959 2341 2039 2380 me
2062 2326 2125 2379 de
2150 2336 2315 2382 monte
2355 2339 2528 2384 sancto
2568 2348 2659 2385 suo
2692 2333 2765 2403 (a)
2792 2351 2806 2388 :
2837 2345 3070 2391 montem
3118 2338 3331 2407 quidem
3370 2341 3546 2411 ipsum

1959 2416 2243 2472 Dominum
2274 2433 2369 2489 per
2410 2420 2729 2492 Prophetam
2770 2425 2969 2481 dictum
3001 2429 3275 2496 habemus,
3309 2441 3367 2485 ut
3407 2434 3544 2489 scri-

1960 2516 2107 2579 ptum
2135 2521 2240 2578 est,
2273 2511 2497 2581 lapidem
2527 2515 2807 2584 prtecisum
2822 2518 2936 2572 sine
2959 2519 3202 2576 manibus
3228 2525 3462 2581 crevisse
3490 2526 3542 2582 in

1959 2601 2374 2670 magnitudinem
2404 2605 2599 2659 montis
2623 2605 2783 2678 (Dan.
2808 2624 2864 2672 ιι,
2890 2610 3002 2681 55).
3033 2610 3139 2667 Sed
3165 2612 3267 2669 hoc
3291 2614 3359 2671 ab
3380 2619 3544 2686 ipsius

1959 2695 2223 2761 persona'
2248 2710 2353 2749 non
2384 2704 2559 2765 potest
2586 2699 2776 2769 accipi,
2825 2700 2927 2756 nisi
2966 2701 3103 2758 forte
3142 2705 3209 2759 ita
3239 2705 3417 2765 dicere
3443 2725 3541 2765 vo-

1958 2783 2088 2838 luit:
2114 2785 2188 2839 De
2230 2788 2566 2858 memetipso,
2612 2799 2857 2861 tauquam
2900 2792 2970 2848 de
2996 2805 3180 2851 monte
3208 2809 3393 2854 sancto
3418 2814 3538 2867 suo,

1959 2893 2046 2933 me
2084 2878 2369 2945 exaudivit,
2410 2895 2530 2936 cum
2560 2881 2824 2938 habitaret
2854 2885 2905 2939 in
2952 2901 3057 2954 me,
3109 2887 3284 2955 idest,
3330 2890 3382 2945 in
3424 2892 3542 2962 ipso

1958 2980 2159 3025 monte.
2192 2970 2403 3025 Planius
2423 2982 2598 3026 autem
2628 2983 2711 3029 est
2738 2982 2792 3029 et
2812 2975 3130 3045 expeditius,
3153 2980 3196 3033 si
3218 2981 3541 3051 accipiamus

1958 3061 2244 3118 exaudisse
2272 3064 2437 3118 Deum
2466 3062 2535 3118 de
2567 3064 2767 3135 justitia
2797 3081 2925 3121 sua:
2945 3068 3146 3137 justum
3174 3072 3315 3126 enim
3342 3080 3459 3127 erat
3484 3084 3545 3130 ut

1959 3151 2295 3207 innocentem
2329 3153 2583 3217 occisum,
2613 3163 2661 3209 et
2694 3156 2778 3209 cui
2822 3157 3081 3213 retributa
3112 3172 3233 3214 sunt
3261 3162 3397 3216 mala
3442 3180 3541 3234 pro

1959 3242 2134 3307 bonis,
2160 3245 2500 3299 resuscitaret
2521 3258 2549 3296 a
2581 3247 2824 3309 mortuis,
2848 3257 2901 3301 et
2920 3247 3078 3319 digna
3101 3254 3543 3323 persequentibus

1960 3337 2303 3401 retribueret;
2338 3338 2560 3407 legimus
2590 3339 2768 3393 enim:
2794 3338 3006 3395 Justitia
3045 3353 3133 3397 tua
3177 3345 3307 3398 sicut
3350 3357 3541 3404 montes

1959 3424 2057 3480 Dei
2082 3426 2255 3497 (Psal.
2286 3442 2449 3493 xxxv,
2481 3427 2560 3499 7).

2031 3518 2084 3573 5.
2127 3515 2277 3590 [vers.
2328 3517 2407 3592 6.]
2448 3518 2557 3590 Ego
2587 3520 2817 3587 dormivi,
2848 3531 2895 3575 et
2915 3540 3144 3579 somnum
3172 3527 3282 3598 cepi
3308 3528 3404 3598 (ὁ).
3423 3528 3539 3585 Non

1959 3608 2393 3664 inconvenientcr
2418 3610 2768 3668 animadverti
2795 3623 2970 3683 potest
3004 3617 3144 3687 quod
3188 3619 3413 3687 positum
3436 3631 3539 3689 est,

1960 3697 2096 3771 Ego,
2128 3698 2193 3753 ad
2224 3699 2624 3770 signiﬁcandum
2673 3703 2814 3774 quod
2859 3721 2953 3760 sua
2998 3707 3267 3765 voluntate
3311 3724 3537 3770 mortem

1961 3791 2234 3856 sustinuit,
2263 3791 2553 3848 secundum
2585 3793 2713 3848 illud
2736 3812 2749 3850 :
2775 3793 3052 3865 Proplerea
3072 3816 3152 3854 me
3177 3800 3332 3857 Pater
3351 3804 3538 3876 diligit,

1961 3885 2201 3951 quoniam
2232 3900 2321 3953 ego
2351 3900 2482 3954 pono
2530 3884 2752 3939 animam
2794 3904 2977 3957 meam,
3028 3900 3080 3943 ut
3122 3892 3301 3947 iterum
3341 3912 3541 3951 sumam

1962 3987 2089 4025 eam.
2121 3970 2285 4025 Nemo
2309 3989 2419 4026 eam
2446 3974 2574 4027 tollit
2602 3991 2633 4028 α
2673 3976 2859 4045 meipso
2883 3993 2902 4031 :
2924 3988 3215 4049 potestatem
3252 3985 3409 4039 habeo
3450 4005 3540 4057 po.

1960 4061 2114 4116 nendi
2138 4078 2268 4127 eam,
2314 4073 2358 4115 et
2398 4072 2690 4131 potestatem
2735 4066 2892 4121 habeo
2934 4068 3111 4123 iterum
3154 4076 3385 4128 sumendi
3426 4094 3536 4131 eam

1966 4150 2143 4223 (locu.
2170 4169 2224 4220 x,
2251 4154 2337 4217 l7,
2368 4154 2493 4225 18):
2522 4170 2624 4209 non
2652 4171 2799 4226 ergo,
2828 4156 3017 4228 inquit,
3053 4176 3147 4216 vos
3174 4179 3258 4219 me
3287 4174 3535 4238 tanquam

1963 4242 2180 4299 invitum
2212 4244 2427 4314 cepistis
2451 4254 2499 4300 ct
2530 4247 2817 4312 occidistis,
2840 4250 2933 4303 sed
2961 4267 3051 4323 ego
3075 4256 3308 4323 dormivi,
3335 4270 3380 4313 et
3404 4278 3542 4315 som-

1962 4351 2080 4389 num
2107 4336 2248 4406 cepi;
2275 4345 2320 4390 et
2350 4339 2626 4403 exsurrexi,
2649 4342 2886 4407 quoniam
2915 4342 3164 4401 Dominus
3186 4351 3423 4422 suscipiet
3441 4372 3539 4411 me.

1963 4424 2220 4480 Somnum
2264 4438 2438 4481 autem
2484 4443 2583 4497 pro
2623 4439 2794 4485 morte
2826 4435 3052 4502 positum
3085 4438 3541 4500 innumerabiliter

1966 4516 2254 4587 Scriptura:
2279 4520 2575 4585 continent,
2608 4523 2747 4576 sicut
2772 4525 3056 4593 Apostolus
3087 4530 3248 4585 dicit:
3283 4533 3422 4590 Nolo
3452 4555 3539 4594 vos

1964 4606 2217 4677 ignorare,
2263 4608 2473 4676 fratres,
2522 4612 2584 4664 de
2619 4611 2682 4665 iis
2726 4613 2811 4683 qui
2858 4615 3203 4674 dorntitionem
3246 4640 3541 4696 acceperim.

1969 4697 2012 4771 (1
2049 4698 2223 4754 Thess.
2258 4717 2330 4762 tv.
2376 4699 2485 4772 ιε).
2530 4702 2638 4758 Nec
2684 4708 3025 4774 qumrendutn
3070 4724 3153 4767 est
3180 4730 3277 4771 cur
3306 4719 3544 4777 additum

1965 4790 2054 4856 sit,
2075 4807 2307 4844 somnum
2335 4794 2463 4863 cepi,
2481 4795 2717 4865 cumjam
2746 4796 2944 4854 dictum
2970 4813 3130 4872 esset,
3163 4806 3408 4877 dormivi;
3429 4814 3544 4868 usi.

1968 4888 2105 4935 tatas
2133 4883 2274 4936 enim
2306 4882 2499 4940 habent
2529 4887 2816 4957 Scriptura:
2860 4891 3225 4960 hujuscemodi
3269 4906 3542 4974 repetitio-

1968 4986 2083 5035 nes,
2112 4973 2249 5027 sicut
2274 4973 2325 5028 in
2352 4976 2584 5031 secundo
2611 4981 2813 5046 psalmo
2831 4986 3021 5040 multas
3037 4973 3384 5048 ostendimus.
3405 4995 3547 5053 Non—

1969 5061 2097 5115 nulli
2122 5071 2296 5116 autem
2314 5063 2524 5120 codices
2550 5066 2768 5134 habent,
2798 5071 3031 5142 dormivi,
3051 5088 3096 5130 et
3119 5093 3383 5149 soporatus
3407 5102 3539 5151 sum,

1970 5159 2025 5207 et
2051 5152 2138 5206 alii
2177 5153 2360 5220 aliter;
2401 5159 2668 5226 quomodo
2697 5160 3031 5232 interpretari
3077 5180 3360 5239 potuerunt
3404 5180 3545 5247 quod

1969 5259 2142 5315 grzece
2177 5247 2405 5313 positum
2441 5258 2542 5317 est,
2584 5256 2674 5315 ἐγὼ
2709 5257 2757 5307 δὲ
2794 5259 3046 5323 δκοιμήθην
3081 5267 3164 5315 καὶ
3201 5268 3405 5321 flavescet.
3436 5267 3548 5323 Νἰεί

1973 5334 2112 5390 forte
2135 5336 2384 5392 dormitio
2400 5339 2695 5406 morientis,
2715 5358 2933 5403 somnus
2960 5359 3136 5406 autem
3165 5356 3356 5410 mortui
3381 5359 3548 5430 accipi

1972 5435 2179 5497 potest;
2207 5438 2265 5482 ut
2289 5427 2539 5484 dormitio
2560 5432 2630 5486 sit
2655 5449 2756 5503 qua
2791 5438 3045 5495 transitur
3070 5442 3135 5497 ad
3161 5457 3429 5514 somnum,
3456 5427 3548 5505 ve-

2036 5558 2051 5623 ξ
2078 5558 2265 5623 Aliquot
2284 5565 2389 5611 Mss.
2404 5597 2419 5621 ,
2441 5562 2714 5615 orationem.

2036 5621 2057 5653 ²
2078 5621 2298 5685 Quinque
2328 5630 2450 5674 Mss:
2472 5625 2563 5677 sed
2585 5626 2672 5677 hoc
2695 5629 2760 5679 ad
2779 5629 2930 5694 ipsius
2951 5646 3218 5695 personam.

1970 5703 2115 5821 x1fit!!!)
2140 5705 2409 5817 gezeodem
2432 5721 2562 5760 vers.
2585 5711 2619 5761 5
2641 5713 2751 5763 vide
2790 5721 2924 5765 Enar.
2972 5718 3089 5768 Psal.
3118 5734 3243 5782 xuv,
3283 5738 3331 5775 ιι.
3364 5727 3457 5790 33;
3499 5740 3550 5782 ει

2035 5825 2468 5912 (ρλιεξ-θιιὶνξιιρρ
2488 5840 2716 5912 tractatur
2740 5840 2789 5887 in
2811 5844 2949 5912 Enar.
2984 5843 3103 5894 Psal.
3129 5860 3208 5905 ιι,
3242 5861 3291 5897 ιι.
3336 5852 3418 5912 to;
3457 5868 3551 5912 ιη,

1971 5901 2025 5937 ιι.
2050 5888 2137 5951 ll;
2160 5902 2224 5952 cr,
2248 5903 2296 5939 ιι.
2322 5889 2383 5951 8;
2409 5900 2460 5942 et
2480 5908 2711 5957 cxxxm,
2735 5911 2782 5948 η,
2810 5888 2869 5949 2,"
2987 5888 3103 5894 "‘"
3132 5888 3208 5905 --ι
3243 5888 3291 5897 --
3338 5888 3418 5913 η.

2910 5991 3196 6065 {Trois}
