4078 6440
628 405 701 465 79

628 527 863 581 animam
904 521 1136 578 hominis
1161 517 1433 590 operantis
1459 513 1654 570 malum
1685 513 1860 586 (Rom.
1882 527 1956 581 ιι,
1984 512 2062 584 9).
2103 511 2206 580 Qui

631 625 813 671 autem
865 612 993 668 dicit
1031 627 1045 668 :
1079 609 1368 665 Gaudemus
1414 607 1470 661 in
1511 602 1955 670 tribulationibus,
2001 603 2212 658 scientes

634 707 876 776 quoniam
905 703 1158 758 tribulatio
1183 701 1476 772 patientiam
1501 708 1760 766 operatur,
1792 711 1961 767 usque
1986 695 2053 751 ad
2083 693 2212 750 illud

632 798 726 852 ubi
751 797 826 851 ait
853 813 867 850 :
901 794 1152 860 Quoniam
1185 792 1410 846 charitas
1436 789 1530 844 Dei
1558 788 1750 856 diﬂ'usa
1782 797 1854 843 est
1895 788 1949 842 in
1975 787 2212 842 cordibus

631 887 817 942 nostris
841 901 931 956 per
957 883 1207 955 Spiritum
1235 891 1483 945 sanctum,
1511 880 1598 951 qui
1638 880 1788 934 datus
1830 887 1903 933 est
1939 875 2208 948 nobis(ld.

630 995 686 1044 v,
713 980 768 1042 3,
797 978 852 1046 5)
881 1018 897 1042 ,
945 990 1050 1031 non
1081 973 1244 1030 habet
1269 972 1446 1029 cordis
1470 973 1740 1043 angustias
1763 1012 1778 1036 ,
1825 970 2066 1042 quamvis
2106 985 2203 1025 ex-

631 1070 896 1124 trinsecus
919 1084 949 1122 a
974 1065 1416 1138 persequentibus
1444 1065 1771 1135 ingerantur.
1793 1064 2010 1118 Mutatio
2029 1071 2208 1118 autem

629 1177 914 1232 personae,
959 1159 1100 1230 quod
1127 1174 1158 1213 a
1184 1158 1367 1226 tertia,
1413 1156 1504 1212 ubi
1538 1157 1650 1221 ait,
1697 1155 1986 1221 exaudivit,
2035 1153 2213 1209 statim

631 1251 842 1306 transiit
867 1251 933 1306 ad
959 1249 1248 1306 secundam
1269 1291 1284 1316 ,
1329 1249 1414 1304 ubi
1440 1248 1553 1315 ait,
1597 1247 1825 1302 dilatasti
1847 1247 2007 1310 mihi,
2036 1246 2081 1300 si
2107 1260 2212 1300 non

631 1342 911 1397 varietatis
940 1355 1004 1396 ae
1031 1340 1308 1396 suavitatis
1350 1353 1511 1394 causa
1561 1339 1696 1394 facta
1737 1347 1852 1404 est,
1895 1336 2087 1392 mirum
2116 1351 2215 1392 cur

629 1436 862 1506 primum
892 1443 1140 1504 tanquam
1171 1432 1407 1488 indicare
1443 1431 1610 1486 voluit
1649 1429 1956 1485 hominibus
1992 1427 2214 1485 exaudi-

635 1535 748 1580 tum
777 1541 835 1580 se
855 1540 994 1590 esse,
1026 1533 1078 1580 et
1104 1532 1285 1595 postea
1302 1523 1624 1593 compellare
1652 1521 2014 1578 exauditorem
2035 1536 2211 1576 suum.

632 1615 748 1672 Nisi
787 1614 924 1671 forte
960 1629 1080 1670 cum
1120 1614 1407 1669 indicasset
1445 1613 1893 1684 quemadmodum
1937 1610 2216 1668 exauditus

632 1706 705 1760 sit
725 1705 780 1760 in
807 1705 922 1775 ipsa
949 1704 1258 1760 dilatatione
1283 1702 1460 1759 cordis
1483 1745 1499 1769 ,
1531 1703 1717 1758 maluit
1743 1717 1864 1757 cum
1891 1703 2000 1758 Deo
2034 1701 2212 1772 loqui;

629 1807 692 1852 ut
721 1797 880 1852 etiam
919 1795 1022 1852 hoc
1061 1795 1221 1851 modo
1249 1795 1557 1850 ostenderet
1592 1793 1721 1865 quid
1759 1794 1828 1850 sit
1869 1793 2034 1848 corde
2077 1793 2213 1848 dila-

634 1888 758 1952 tari,
788 1887 842 1942 id
875 1895 996 1954 est,
1041 1887 1153 1956 jam
1193 1885 1338 1942 cordi
1365 1885 1564 1942 habere
1591 1883 1824 1941 infusum
1862 1885 2066 1950 Deum,
2091 1898 2213 1940 cum

629 1993 739 2050 quo
778 1979 1104 2034 intrinsecus
1132 1977 1490 2047 colloquatur.
1543 1976 1696 2044 Quod
1735 1975 1790 2031 in
1828 1991 2056 2048 persona
2098 1976 2215 2046 ejus

631 2073 722 2142 qui
751 2074 978 2128 credens
1005 2072 1056 2126 in
1086 2070 1358 2127 Christum
1385 2070 1716 2125 illuminatus
1741 2079 1824 2124 est
1847 2111 1863 2137 ,
1905 2079 2051 2124 recte
2077 2069 2217 2124 acci-

634 2163 779 2234 pitur
811 2180 824 2216 :
857 2162 910 2216 in
939 2161 1106 2228 ipsius
1143 2170 1318 2217 autem
1347 2161 1607 2216 Dominici
1635 2161 1886 2227 hominis,
1907 2176 2064 2231 quem
2091 2176 2214 2216 sus-

635 2254 780 2324 cepit
817 2255 912 2310 Dei
961 2253 1267 2324 Sapientia,
1307 2266 1416 2308 non
1452 2251 1610 2308 video
1639 2253 2083 2324 quemadmodum
2116 2252 2219 2310 hoc

633 2343 806 2417 possit
843 2359 1172 2415 congruere;
1217 2358 1322 2399 non
1362 2343 1502 2398 enim
1532 2343 1602 2398 ab
1629 2358 1689 2398 ea
1718 2344 2002 2414 aliquando
2029 2344 2215 2400 deser-

632 2443 722 2490 tus
745 2445 844 2490 est.
871 2433 974 2490 Sed
1001 2431 1446 2504 quemadmodum
1476 2433 1586 2501 ipsa
1607 2433 1726 2503 ejus
1749 2432 2054 2505 deprecatio
2073 2475 2090 2498 ,
2118 2449 2217 2488 no-

632 2534 763 2582 stra:
808 2526 984 2597 potius
1026 2525 1348 2580 infirmitatis
1393 2525 1646 2580 indicium
1687 2535 1809 2592 est;
1859 2526 1937 2581 sic
1965 2527 2124 2581 etiam
2149 2525 2218 2583 de

632 2619 738 2675 ista
766 2620 1042 2690 repentina
1087 2617 1397 2673 dilatatione
1432 2619 1609 2673 cordis
1652 2627 1827 2688 potest
1867 2618 2006 2674 idem
2035 2619 2218 2672 Domi—

631 2725 733 2769 nus
759 2723 858 2783 pro
901 2709 1149 2767 ﬁdelibus
1172 2708 1284 2766 suis
1329 2708 1507 2781 loqui,
1550 2723 1775 2779 quorum
1806 2723 2089 2780 personam
2117 2707 2216 2766 sibi

629 2804 886 2875 imposuit
912 2805 1072 2859 etiam
1101 2819 1222 2859 cum
1257 2804 1331 2857 ait
1365 2821 1378 2857 :
1409 2803 1613 2857 Esurivi
1638 2845 1651 2865 ,
1689 2813 1735 2858 et
1756 2820 1856 2858 non
1882 2805 2085 2858 cibastis
2105 2820 2217 2871 me;

630 2899 767 2953 sitivi
787 2939 804 2964 ,
833 2906 884 2953 et
909 2906 1082 2969 potum
1109 2913 1210 2950 non
1237 2896 1447 2951 dedistis
1472 2897 1598 2950 mihi
1629 2895 1840 2966 (Matth.
1875 2913 1997 2960 xxv,
2027 2897 2141 2966 55),
2164 2903 2218 2952 et

628 2999 844 3048 caetera.
873 2991 1049 3057 Quare
1078 2991 1166 3045 hic
1189 3004 1397 3060 quoque
1417 2996 1591 3058 potest
1611 2988 1808 3054 dicere,
1829 2989 2050 3043 dilatasti
2070 2989 2214 3054 mihi,

630 3097 732 3152 pro
757 3096 865 3136 uno
888 3097 951 3135 ex
979 3080 1215 3135 minimis
1236 3080 1346 3133 suis
1366 3079 1708 3148 colloquentc
1735 3095 1856 3134 cum
1884 3079 1996 3134 Deo
2020 3121 2035 3144 ,
2064 3079 2216 3149 cujus

631 3170 948 3227 charitatem
1003 3169 1249 3225 diffusam
1295 3167 1457 3224 habet
1499 3169 1554 3224 in
1601 3168 1763 3224 corde
1819 3185 1913 3239 per
1956 3167 2212 3240 Spiritum

630 3273 900 3326 sanctum,
930 3261 1018 3332 qui
1045 3260 1203 3315 datus
1227 3267 1309 3314 est
1335 3259 1508 3314 nobis.
1539 3258 1783 3314 Miserere
1811 3260 1908 3314 mei
1927 3303 1941 3327 ,
1963 3271 2012 3315 et
2033 3262 2219 3316 exaudi

633 3353 917 3407 crationem
948 3368 1111 3406 meam
1143 3367 1163 3405 :
1187 3365 1283 3406 cur
1300 3351 1490 3404 iterum
1517 3359 1690 3421 rogat,
1718 3366 1837 3406 cum
1857 3351 1965 3422 jam
1983 3369 2041 3408 se
2057 3368 2218 3408 exau-

634 3443 804 3500 ditum
833 3452 887 3500 et
913 3443 1190 3498 dilatatam
1223 3441 1581 3497 indicaverit?
1631 3443 1712 3498 An
1739 3453 1958 3514 propter
1986 3459 2114 3511 nos,
2149 3446 2218 3501 de

632 3536 826 3606 quibus
865 3535 1061 3590 dicitur
1092 3550 1106 3586 :
1142 3532 1203 3588 Si
1252 3541 1418 3586 autent
1452 3533 1590 3604 quod
1626 3550 1725 3587 non
1772 3534 1995 3589 videmus
2039 3553 2216 3608 spera-

633 3642 750 3680 mus
773 3667 788 3693 ,
826 3642 914 3694 per
945 3623 1234 3694 patientiam
1266 3631 1609 3692 exspectamus
1633 3623 1806 3694 (Rom.
1827 3641 1946 3691 vui,
1971 3625 2098 3697 25);
2127 3634 2218 3681 aut

632 3727 694 3773 ut
717 3720 769 3773 in
791 3719 985 3788 illoqui
1008 3715 1231 3772 credidit
1260 3716 1562 3785 perficiatur
1589 3715 1728 3785 quod
1758 3716 2064 3772 inchoatum
2091 3717 2216 3773 est?

705 3813 758 3866 5.
783 3810 945 3884 [vers.
971 3809 1058 3882 5.]
1085 3808 1212 3863 Filii
1248 3808 1526 3874 hominum,
1552 3825 1807 3879 ucquequo
1828 3821 2004 3880 graves
2029 3811 2217 3866 corde?

634 3903 826 3959 saltem
870 3917 1038 3973 usque
1081 3901 1134 3955 in
1165 3899 1488 3967 adventum,
1532 3902 1730 3971 inquit,
1763 3901 1881 3957 Filii
1915 3903 2011 3959 Dei
2040 3913 2216 3961 vester

636 4010 791 4052 error
819 3994 1121 4059 duraverit;
1163 3993 1286 4063 quid
1315 4008 1443 4064 ergo
1469 3994 1605 4048 ultra
1631 4010 1822 4066 graves
1844 3995 2006 4051 corde
2043 3998 2216 4054 estis?

633 4087 859 4157 Quando
887 4085 1114 4141 habituri
1147 4087 1304 4140 linem
1338 4085 1662 4140 fallaciarum
1684 4128 1698 4150 ,
1737 4087 1782 4141 si
1815 4087 2037 4144 veritate
2079 4103 2216 4158 prte-

632 4190 784 4235 sente
826 4179 841 4210 ¹
882 4195 987 4233 non
1034 4177 1281 4232 habetis”
1330 4175 1519 4246 thuid
1563 4177 1772 4248 diligitis
1816 4181 2122 4247 vanitatem,
2166 4190 2215 4235 et

631 4271 858 4338 quaeritis
889 4268 1251 4323 mendacium?
1293 4267 1476 4336 utquid
1505 4268 1664 4322 vultis
1707 4268 1844 4322 beati
1875 4285 1994 4325 esse
2022 4271 2090 4326 de
2129 4273 2213 4325 in-

636 4361 819 4417 limis?
864 4359 986 4415 Sola
1027 4359 1221 4413 veritas
1267 4357 1389 4413 facit
1433 4357 1649 4424 beatos,
1683 4374 1745 4414 ex
1789 4375 1890 4430 qua
1927 4376 2050 4415 vera
2092 4370 2215 4416 sunt

632 4454 830 4509 omnia.
851 4452 980 4506 Nam
1001 4453 1203 4505 vanitas
1217 4459 1297 4506 est
1313 4451 1712 4515 vanitantium',
1727 4461 1780 4506 et
1795 4453 1971 4507 omnia
1986 4455 2210 4522 vanitas,

632 4547 764 4615 Qua:
811 4544 1130 4602 abundantia
1187 4544 1387 4599 homini
1442 4544 1494 4598 in
1536 4543 1682 4598 omni
1723 4544 1904 4600 labore
1945 4561 2076 4613 suo,
2107 4562 2213 4617 quo

631 4639 748 4708 ipse
788 4637 994 4691 laborat
1034 4637 1134 4691 sub
1179 4635 1293 4690 sole
1321 4633 1529 4707 (Eccle.
1563 4651 1616 4702 ι,
1637 4634 1692 4698 2,
1720 4636 1828 4704 5)?
1859 4636 2055 4708 thnid
2085 4653 2214 4710 ergo

630 4728 1000 4797 temporalium
1037 4741 1212 4782 rerum
1259 4741 1444 4782 amore
1481 4725 1835 4782 detinemini?
1876 4729 2059 4799 utquid
2093 4740 2212 4784 tan-

629 4835 790 4891 quam
818 4818 1010 4890 prima,
1038 4828 1274 4873 extrema
1301 4817 1580 4873 sectamini
1605 4834 1620 4882 ;
1653 4818 1794 4887 quod
1820 4829 1904 4874 est
1929 4821 2132 4876 vanitas
2157 4830 2214 4878 et

629 4910 1010 4966 mendacium?
1039 4910 1243 4980 Cupitis
1269 4911 1412 4966 enim
1441 4925 1753 4980 permanere
1772 4911 2067 4980 vobiscum,
2089 4930 2208 4985 qua:

631 5002 808 5056 omnia
841 5011 1116 5056 transeunt
1153 5009 1400 5071 tanquam
1432 5001 1640 5056 umbra.

701 5092 752 5146 4.
788 5090 952 5164 [vers.
982 5090 1078 5164 4.]
1127 5091 1188 5144 Ει
1233 5092 1406 5145 scitote
1447 5093 1688 5160 quoniam
1716 5091 2063 5148 admirabilem
2091 5097 2208 5167 fecit

632 5186 881 5242 Dominus
911 5193 1138 5238 sanctum
1161 5200 1310 5240 suum
1334 5199 1353 5238 :
1377 5199 1556 5253 quem,
1582 5184 1683 5238 nisi
1709 5199 1829 5239 eum
1859 5201 2014 5255 quem
2040 5189 2207 5243 susci-

634 5279 762 5334 tavit
789 5275 858 5332 ab
887 5276 1100 5342 inferis,
1128 5285 1183 5331 et
1209 5276 1260 5330 in
1289 5275 1426 5331 cmlo
1465 5275 1529 5328 ad
1559 5275 1838 5331 dexteram
1882 5278 2207 5336 collocavit?

625 5371 934 5439 lncrepatur
963 5382 1092 5438 ergo
1118 5383 1284 5437 genus
1315 5367 1602 5421 humanum
1621 5406 1636 5432 ,
1669 5375 1727 5421 ut
1755 5367 1822 5422 ad
1851 5383 1970 5424 eum
2002 5385 2061 5426 se
2089 5381 2207 5427 tan-

625 5461 746 5516 dem
779 5460 844 5514 ab
874 5458 1030 5527 hujus
1073 5457 1255 5512 mundi
1300 5473 1483 5513 amore
1510 5466 1807 5514 convertat.
1837 5459 1941 5516 Sed
1971 5462 2016 5516 si
2047 5479 2202 5534 quem

627 5560 805 5607 movet
846 5549 1152 5618 conjunctio
1190 5549 1558 5620 superaddita,
1603 5551 1742 5619 quod
1773 5551 1874 5616 ait,
1905 5551 1971 5605 Et
2010 5555 2202 5620 scitote,

626 5643 786 5699 facile
815 5651 898 5698 est
927 5650 986 5697 ut
1013 5643 1065 5697 in
1096 5640 1384 5711 Scripturis
1424 5642 1812 5698 animadvertat
1855 5643 2013 5714 hujus
2055 5646 2200 5702 locu-

686 5760 702 5789 ι
729 5758 987 5822 Duodecim
1010 5766 1137 5817 Mss,
1159 5759 1204 5810 si
1226 5757 1434 5811 veritatis
1456 5759 1729 5822 prementia.

685 5822 708 5852 ί
727 5821 797 5870 sic
827 5819 1040 5876 legimus
1060 5834 1169 5871 cum
1202 5819 1473 5871 sanioribus
1496 5827 1602 5870 Mss.
1640 5829 1708 5872 De
1743 5820 1831 5872 hac
1858 5820 2067 5874 lectione
2090 5825 2201 5876 vide

623 5889 824 5934 ttetract.
848 5882 933 5934 lib.
963 5885 1008 5946 t,
1027 5897 1133 5946 cap.
1153 5884 1205 5942 7,
1223 5896 1272 5932 ιι.
1293 5883 1341 5932 3.
1437 5889 1493 5931 ιι.

1735 5968 1740 5973 ”
1789 5974 1795 5980 ‘
1812 5981 1816 5987 .
1913 5969 2017 5987 κιο.-

1667 6005 1676 6015 .
1869 5982 2016 6015 .1";
2125 5993 2255 6008 π-ι-

1996 6013 2040 6026 ν.
2086 6015 2102 6024 4
2147 6015 2235 6035 ’νο-

1870 395 1926 451 s.
1968 382 2333 453 AUGUSTINI
2373 381 2678 450 EPISCOPI
3808 405 3866 462 ,ο

2323 511 2486 569 tionis
2513 524 2680 582 genus
2712 507 2969 565 familiare
2997 521 3117 564 esse
3142 507 3220 564 illi
3249 507 3442 580 linguae
3476 525 3577 580 qua
3615 511 3861 584 Propheta

2323 603 2485 660 locuti
2513 610 2655 658 sunt.
2687 599 2818 656 Nam
2849 616 2992 672 saepe
3030 601 3235 655 invenis
3265 601 3332 654 ita
3361 611 3591 670 captum
3623 623 3636 658 :
3669 603 3731 660 Et
3754 606 3863 666 dixit

2323 693 2579 750 Dominus
2603 691 2670 748 ad
2699 692 2848 747 illum
2869 731 2883 756 ,
2914 689 2982 746 Et
3021 690 3216 746 factmn
3244 701 3327 747 est
3351 690 3566 747 verbum
3597 693 3788 753 Domini
3809 704 3861 756 ac

2320 787 2491 843 illum.
2536 787 2666 855 Qua:
2705 785 2949 856 junctura
2997 784 3422 854 conjunctionis,
3473 800 3593 841 cum
3635 793 3864 847 sententia

2319 896 2430 936 non
2461 877 2796 950 prmcesserit
2824 878 2909 933 cui
2937 891 3167 948 sequens
3195 884 3543 942 annectatur,
3586 879 3865 938 mirabiliter

2326 970 2565 1026 fortassis
2593 969 2828 1024 insinuat
2864 968 3215 1040 prolationem
3246 966 3485 1022 veritatis
3523 967 3576 1022 in
3604 983 3729 1024 voce
3763 986 3864 1026 cum

2321 1076 2384 1117 ea
2411 1062 2615 1116 visione
2639 1075 2759 1131 qurc
2783 1061 2841 1114 lit
2881 1060 2934 1114 in
2963 1058 3126 1114 corde
3150 1072 3271 1114 esse
3315 1058 3672 1130 conjunctam.
3708 1061 3864 1129 Quan-

2321 1168 2479 1222 quam
2503 1152 2589 1207 hic
2614 1151 2716 1207 dici
2745 1151 2930 1223 possit,
2958 1149 3100 1221 quod
3129 1150 3374 1221 superior
3397 1153 3677 1218 sententia,
3703 1153 3868 1224 thuid

2322 1245 2535 1316 diligitis
2561 1245 2828 1298 vanitatem
2845 1285 2862 1310 ,
2889 1253 2938 1298 et
2975 1244 3195 1312 quwritis
3220 1243 3538 1298 mendacium
3560 1245 3586 1299 .’
3628 1245 3696 1300 ita
3726 1249 3865 1316 posita

2321 1347 2405 1394 est
2427 1353 2490 1394 ac
2513 1339 2557 1393 si
2583 1339 2868 1403 diceretur,
2892 1337 3070 1393 Nolite
3100 1337 3319 1407 diligere
3339 1337 3645 1405 vanitatem,
3672 1346 3722 1394 et
3743 1355 3860 1410 qna:-

2321 1446 2442 1486 rere
2469 1430 2800 1486 mendacium
2824 1449 2838 1497 ;
2870 1445 2976 1501 quo
2999 1431 3069 1485 ita
3094 1430 3288 1501 posito,
3312 1430 3609 1486 rectissima
3634 1430 3866 1487 locutione

2321 1521 2562 1590 sequitur
2593 1539 2606 1574 :
2633 1521 2701 1575 Et
2735 1522 2907 1576 scitote
2933 1523 3170 1592 quoniam
3197 1520 3548 1575 admirabilem
3574 1523 3687 1593 fecit
3712 1521 3863 1576 Domi-

2321 1630 2420 1668 nus
2449 1623 2679 1668 sanctum
2707 1630 2874 1668 suum.
2907 1611 3011 1669 Sed
3043 1613 3411 1682 interpositum
3442 1613 3722 1683 diapsalma
3750 1622 3867 1668 vetat

2322 1706 2478 1761 istam
2517 1721 2638 1760 cum
2675 1706 2950 1775 superiore
2977 1695 3271 1774 conjungi:
3305 1705 3416 1759 sive
3443 1705 3585 1760 enim
3629 1703 3865 1758 hebrmum

2319 1795 2542 1852 verbum
2592 1796 2681 1861 sit,
2726 1797 2864 1851 sicut
2905 1795 3117 1866 quidam
3171 1795 3373 1863 volunt,
3425 1810 3532 1866 quo
3577 1793 3868 1865 signiﬁcatur

2321 1886 2476 1954 Fiat;
2508 1888 2619 1942 sive
2641 1903 2895 1958 graecum,
2923 1901 3030 1957 quo
3054 1886 3379 1958 significatur
3403 1886 3729 1943 intervallum
3755 1885 3867 1954 psal-

2322 1978 2464 2034 lendi
2486 2020 2500 2044 ,
2535 1987 2590 2034 ut
2617 1979 2822 2050 psalma
2852 1979 2923 2034 sit
2965 1978 3106 2048 quod
3149 1979 3391 2048 psallitur
3413 2019 3429 2045 ,
3459 1976 3740 2048 diapsalma
3763 1989 3867 2031 vero

2322 2070 2692 2141 interpositum
2723 2070 2776 2126 in
2807 2069 3084 2140 psallendo
3111 2070 3421 2136 silentium;
3463 2078 3523 2125 ut
3553 2066 3865 2140 quemadmo-

2321 2160 2448 2215 dum
2471 2161 2794 2232 sympsalma
2821 2159 3016 2216 dicitur
3035 2175 3223 2217 vocum
3249 2161 3520 2232 c0pulatio
3543 2161 3594 2215 in
3618 2155 3864 2221 cantando,

2322 2252 2393 2308 ita
2421 2253 2715 2324 diapsalma
2745 2253 3030 2322 disjunctio
3057 2268 3238 2308 earnm
3259 2295 3275 2319 ,
3305 2253 3396 2308 ubi
3425 2252 3664 2324 quaedam
3688 2249 3866 2318 requies

2322 2344 2600 2416 disjunctze
2639 2347 3054 2402 continuationis
3081 2347 3383 2403 ostenditur
3410 2364 3424 2400 :
3453 2346 3572 2402 sive
3597 2358 3719 2416 ergo
3743 2340 3864 2405 illud.

2323 2434 2436 2491 sive
2461 2435 2563 2491 hoc
2581 2478 2595 2500 ,
2627 2437 2739 2491 sive
2763 2436 2904 2490 aliud
2934 2436 3130 2507 aliquid
3167 2437 3270 2502 sit,
3297 2443 3444 2492 certe
3475 2435 3600 2492 illud
3628 2431 3866 2505 probabile

2321 2533 2436 2591 est,
2471 2541 2574 2580 non
2617 2537 2763 2581 recte
2791 2527 3091 2582 continuari
3134 2537 3188 2582 et
3229 2527 3480 2598 conjungi
3523 2539 3760 2589 sensum,
3798 2520 3865 2576 ubi

2321 2614 2612 2685 diapsalma
2641 2617 3012 2687 interponitur.

2393 2708 2446 2767 5.
2477 2706 2725 2766 Dominus
2751 2709 2986 2766 mudiet
3017 2726 3129 2780 me,
3154 2710 3275 2768 dum
3318 2711 3599 2768 clamavero
3636 2706 3702 2764 ad
3735 2719 3866 2762 eunt:

2325 2803 2411 2858 hic
2438 2819 2536 2859 nos
2563 2804 2837 2860 admoneri
2865 2805 3058 2871 credo,
3086 2813 3145 2860 ut
3172 2820 3358 2876 magna
3390 2804 3679 2861 intentione
3701 2797 3865 2861 cordis,

2326 2896 2377 2952 id
2398 2907 2501 2964 est,
2531 2898 2743 2972 interno
2763 2906 2814 2954 et
2845 2898 3162 2970 incorporeo
3182 2898 3420 2954 clamore
3439 2896 3685 2953 auxilium
3713 2888 3867 2959 implo-

2322 3002 2502 3042 remus
2537 2987 2666 3050 Dei;
2700 2990 2950 3059 quoniam
2981 2990 3119 3044 sicut
3153 2989 3528 3060 gratulandum
3567 2996 3646 3042 est
3672 2984 3736 3039 de
3770 2981 3865 3035 illu-

2323 3078 2616 3134 minatione
2661 3079 2712 3133 in
2745 3079 2844 3134 hac
2872 3079 2978 3134 vita
3000 3122 3016 3147 ,
3048 3080 3118 3135 ita
3147 3080 3410 3137 orandum
3445 3095 3540 3152 pro
3566 3075 3737 3147 requie
3775 3077 3870 3142 post

2326 3167 2461 3223 hanc
2493 3168 2674 3225 vitam.
2719 3169 3053 3241 Quapropter
3079 3181 3171 3225 aut
3199 3187 3264 3227 ex
3295 3186 3524 3242 persona
3537 3167 3715 3223 ~lidelis
3734 3176 3868 3219 evan-

2322 3258 2618 3332 gelizantis,
2647 3273 2738 3318 aut
2766 3280 2832 3319 ex
2875 3264 3038 3334 ipsius
3075 3264 3306 3328 Domini,
3331 3265 3416 3320 sic
3441 3258 3785 3333 accipiendum
3805 3259 3870 3308 est

2321 3372 2384 3410 ac
2409 3357 2452 3411 si
2485 3355 2684 3412 dictum
2711 3358 2818 3412 sit:
2847 3359 3103 3413 Dominus
3131 3355 3385 3414 exaudiet
3421 3373 3532 3423 vos,
3560 3355 3680 3410 dum
3706 3350 3870 3414 clama-

2321 3447 2503 3502 veritis
2532 3447 2598 3502 ad
2626 3464 2770 3503 eum.
3867 3431 3880 3444 “

2393 3541 2446 3596 6.
2468 3539 2630 3614 [vers.
2650 3540 2742 3614 5.]
2767 3539 3077 3606 lrascimini,
3098 3550 3146 3595 et
3172 3540 3326 3596 nolite
3354 3555 3566 3612 peccare
3587 3537 3658 3609 (a)
3683 3541 3872 3587 :occur-

2321 3633 2469 3689 rebat
2507 3633 2648 3687 enim
2686 3650 2697 3683 :
2732 3631 2862 3700 Quis
2889 3641 2971 3687 est
2998 3632 3190 3703 dignus
3217 3631 3498 3698 exatidiri,
3528 3637 3614 3684 aut
3641 3617 3871 3697 quomodo

2323 3737 2428 3776 non
2459 3721 2654 3778 frustra
2681 3722 2878 3776 clamat
2903 3731 3152 3791 peccator
3177 3721 3243 3776 ad
3269 3720 3600 3778 Dominum?
3628 3716 3756 3785 Ergo
3778 3708 3872 3764 lra-

2320 3815 2550 3880 sciniini,
2584 3813 2772 3884 inquit,
2799 3823 2847 3868 et
2876 3813 3033 3868 nolite
3057 3829 3302 3885 peccare;
3331 3813 3483 3883 quod
3507 3810 3707 3868 duobus
3731 3799 3872 3860 modis

2323 3905 2539 3972 intelligi
2570 3914 2744 3974 potest
2772 3921 2787 3959 :
2816 3915 2905 3958 aut
2923 3947 2939 3971 ,
2968 3905 3140 3961 Etiam
3165 3906 3211 3960 si
3241 3906 3394 3960 irasci
3412 3905 3562 3970 mini,
3589 3898 3748 3957 nolite
3771 3902 3871 3974 necf

2319 4011 2481 4062 care;
2611 4003 2726 4061 est,
2758 3965 2936 4050 Etiam
2955 3995 3000 4050 si
3037 3995 3206 4066 surgit
3243 4006 3428 4052 motus
3456 3965 3652 4057 animi,
3680 3965 3909 4078 quiia”?

2319 4097 2539 4159 propter
2567 4102 2778 4157 poenam
2805 4089 3003 4157 peccati
3036 4103 3141 4143 non
3175 4097 3259 4144 est
3287 4088 3339 4143 in
3370 4093 3667 4160 potestate,
3708 4076 3868 4134 saltem

2320 4183 2368 4235 ei
2401 4196 2505 4236 non
2530 4180 2828 4235 consentiat
2850 4181 2984 4235 ratio
3003 4187 3060 4237 et
3084 4195 3255 4249 mens,
3281 4197 3401 4252 qua:
3429 4183 3569 4236 intus
3591 4173 3866 4244 regenerata

2320 4282 2403 4328 est
2432 4275 2724 4329 secundum
2758 4274 2920 4329 Deum
2944 4317 2957 4339 ,
2990 4286 3048 4328 ut
3091 4286 3268 4332 mente
3313 4278 3606 4331 serviamus
3648 4266 3740 4336 legi
3770 4257 3864 4321 Dei.
3905 4269 3910 4342 ξ

2319 4366 2364 4420 si
2396 4365 2569 4419 adhuc
2591 4379 2752 4420 carne
2787 4365 3050 4420 servimus
3079 4366 3178 4436 legi
3208 4369 3411 4436 peccati
3439 4366 3613 4437 (Rom.
3641 4372 3728 4421 vn,
3754 4348 3864 4448 35).:
3877 4345 3912 4516 J

2319 4465 2431 4516 aut,
2459 4455 2612 4516 Agite
2635 4455 2998 4516 paenitentiam
3022 4473 3036 4516 :
3067 4457 3117 4510 id
3144 4466 3245 4516 cst.
3280 4454 3566 4512 irascimini
3595 4447 3740 4506 vobis
3761 4443 3865 4509 il‘s's

2318 4465 2431 4521 aut,
2459 4455 2612 4526 Agite
2635 4455 2998 4525 paenitentiam
3022 4473 3036 4523 ;
3067 4457 3117 4510 id
3144 4466 3245 4520 cst,
3280 4454 3566 4512 irascimini
3595 4447 3740 4506 vobis
3761 4437 3865 4509 il‘5is

2318 4547 2384 4603 de
2429 4549 2707 4619 prmteritis
2753 4549 3014 4618 peccatis,
3053 4558 3108 4605 et
3139 4548 3358 4605 ulterius
3405 4559 3624 4620 peccare
3651 4533 3864 4595 desinite.

2322 4640 2451 4706 Quae
2478 4641 2643 4696 dicitis
2667 4641 2720 4694 in
2744 4639 2978 4695 cordibus
3006 4643 3181 4696 uestris
3204 4657 3224 4696 :
3253 4641 3583 4700 subauditur,
3611 4631 3792 4690 dicite;
3819 4627 3864 4675 lli

2318 4735 2386 4788 sit
2417 4735 2571 4803 plena
2612 4736 2873 4789 sententia
2905 4753 2918 4789 :
2949 4736 3080 4802 Quae
3107 4735 3284 4792 dicitis
3303 4780 3316 4802 ,
3351 4737 3402 4792 in
3429 4732 3676 4792 cordibus
3700 4714 3862 4776 vestris

2317 4825 2510 4891 dicite;
2544 4825 2593 4880 id
2615 4833 2718 4889 est,
2749 4826 2910 4881 nolite
2933 4841 3052 4882 esse
3080 4829 3301 4897 populus
3327 4829 3394 4884 de
3422 4841 3529 4898 quo
3553 4822 3742 4878 dictum
3764 4814 3861 4864 es“

2317 4913 2488 4970 Labiis
2527 4933 2604 4970 me
2632 4917 2915 4982 honorant,
2946 4933 3034 4971 cor
3069 4929 3234 4973 autem
3273 4936 3445 4974 eorum
3473 4919 3619 4986 longe
3655 4914 3724 4962 est
3748 4917 3776 4954 a
3801 4905 3862 4949 ηδε

2319 5005 2469 5076 (Isai.
2499 5023 2660 5073 χχιχ,
2688 5008 2809 5077 15).
2850 5007 2917 5062 In
2960 5009 3208 5065 cubilibus
3243 5013 3420 5066 vestris
3457 4988 3830 5074 compungimini
3849 5000 3860 5036 :

2315 5098 2418 5155 hoc
2443 5109 2526 5156 est
2549 5100 2691 5170 quod
2713 5101 2822 5170 jam
2851 5101 3048 5157 dictum
3076 5112 3158 5159 est
3176 5147 3191 5169 ,
3229 5105 3280 5159 in
3306 5103 3580 5166 cordibus;
3609 5096 3717 5150 ha‘c
3740 5083 3861 5141 enim

2313 5201 2436 5246 sunt
2477 5191 2666 5247 cubilia
2697 5191 2764 5248 de
2792 5193 2983 5264 quibus
3026 5204 3081 5250 et
3107 5195 3364 5254 Dominus
3392 5199 3604 5256 monet,
3651 5192 3703 5238 nt
3744 5179 3861 5267 intus

2311 5297 2527 5338 oremus
2570 5283 2764 5338 clausis
2805 5263 2958 5340 ostiis
2999 5285 3208 5357 (Matth.
3236 5304 3317 5356 vi,
3350 5287 3438 5358 6).
3483 5263 3860 5347 Compungimittt

2310 5386 2521 5444 θυῑθῐην
2559 5385 2647 5431 θυι
2676 5376 2742 5432 ad
2789 5379 3114 5448 pmnitentite
3158 5381 3395 5436 dolorem
3442 5376 3670 5432 refertur
3693 5407 3706 5429 ,
3811 5365 3859 5456 ξε

2312 5469 2478 5538 ipsam
2505 5468 2680 5523 anima
2711 5471 2934 5539 puniens
2961 5483 3281 5544 compungat
3301 5514 3315 5537 ,
3358 5486 3426 5528 nc
3467 5469 3519 5523 in
3562 5461 3652 5519 Πεί
3684 5450 3859 5550 tu???”

2309 5563 2559 5618 damnata
2587 5538 2930 5633 torqueatur;
2957 5573 3049 5618 aut
3076 5538 3142 5619 ad
3170 5538 3566 5620 excitationem,
3595 5561 3649 5608 ut
3671 5538 3858 5637 eViiiilf’

2308 5672 2428 5712 mus
2469 5657 2535 5710 ad
2576 5654 2852 5711 videndam
2894 5655 3064 5710 lucem
3094 5655 3322 5721 Christi,
3366 5662 3612 5723 tanquam
3654 5627 3856 5723 stimulis

2308 5747 2578 5803 adhibitis.
2635 5745 2884 5800 Nonnulli
2932 5759 3111 5804 autem
3159 5765 3263 5804 non
3312 5731 3737 5816 compungimiui,
3775 5711 3857 5776 59d

2379 5884 2451 5946 (a)
2486 5890 2553 5933 De
2579 5881 2756 5933 eodem
2783 5895 2914 5934 vers.
2983 5883 3095 5936 vide
3120 5891 3150 5934 II
3175 5891 3306 5938 icitur.
3332 5889 3382 5938 iu
3405 5879 3525 5933 Psal.
3545 5883 3658 5930 xxv,
3679 5878 3724 5915 ην
3746 5857 3788 5908 5'

3979 4561 3986 4822 φ

3923 5087 3928 5094 .
