4078 6414
232 397 289 455 ,ι
1317 383 1716 444 ENARRA'I‘IO
1743 382 1811 441 IN
1847 383 2170 444 PSALMUM
2208 391 2299 448 tv.
3399 405 3473 463 ea

233 508 506 581 aperimini,
551 506 734 562 dicunt
775 503 966 561 melius
1009 503 1152 574 legi;
1205 502 1456 573 quoniam
1505 503 1560 558 in
1609 516 1784 572 grmco

232 599 467 659 Psalterio
490 607 572 654 est
597 602 915 664 κατανῦνητι,
957 595 1097 667 quod
1127 593 1357 650 refertur
1379 593 1444 648 ad
1473 593 1616 650 illam
1645 593 1782 649 dila-

230 697 460 751 tationem
486 691 665 746 cordis
684 732 699 756 ,
731 702 789 746 ut
830 689 1129 760 excipiatur
1153 687 1364 743 ditl‘usio
1389 688 1662 743 charitatis
1689 703 1785 759 per

226 785 455 855 Spiritum
489 791 754 837 sanctum.

287 875 332 930 7.
360 873 377 947 [
393 890 519 930 vers.
545 873 614 942 6,
642 871 736 948 7.]
775 871 1074 943 Sacriﬁcate
1103 871 1410 941 sacri/icium
1439 871 1657 942 justitite
1679 913 1694 937 ,
1735 882 1784 927 et

225 975 401 1040 sperate
426 966 478 1021 in
505 965 744 1021 Domino.
779 965 920 1021 Idem
951 965 1080 1020 dicit
1107 966 1157 1020 in
1188 965 1292 1019 alio
1323 964 1525 1036 psalmo
1552 981 1567 1018 :
1603 966 1783 1020 Sacri-

222 1061 377 1130 ﬁcium
400 1057 506 1113 Deo
539 1058 748 1129 spiritus
775 1057 1134 1112 routribulatus
1163 1057 1343 1127 (Psal.
1375 1073 1425 1123 ι,
1461 1056 1578 1128 l9).
1608 1056 1784 1126 Quare

219 1167 316 1209 non
342 1151 570 1206 absurde
597 1149 681 1205 hic
704 1150 962 1221 accipitur
991 1150 1160 1220 ipsum
1190 1164 1309 1204 esse
1347 1148 1665 1203 sacriﬁcium
1693 1149 1782 1217 ju-

226 1243 380 1306 stititc,
411 1241 551 1313 quod
585 1241 642 1296 llt
678 1255 777 1312 per
802 1241 1167 1314 paenitentiam
1201 1257 1215 1294 :
1247 1238 1372 1310 quid
1400 1240 1539 1294 enim
1563 1241 1779 1310 justius,

215 1351 361 1409 quam
386 1345 442 1392 ut
469 1336 582 1392 suis
608 1335 974 1405 unusquisque
1003 1334 1252 1403 peccatis,
1280 1347 1439 1403 quam
1465 1331 1654 1387 alienis
1684 1347 1781 1401 po-

212 1428 312 1484 tius
338 1429 612 1491 irascatur,
641 1441 806 1497 seque
831 1424 1000 1496 ipsum
1029 1426 1254 1495 puniens
1283 1434 1480 1478 mactet
1512 1424 1658 1479 Deo?
1700 1425 1779 1477 An

211 1517 513 1575 sacrificium
551 1516 771 1588 justitire
809 1531 971 1588 opera
1015 1515 1155 1584 justa
1187 1524 1309 1569 sunt
1354 1524 1474 1584 post
1517 1514 1780 1584 peniten-

211 1611 373 1666 tiam?
407 1609 540 1665 Nam
580 1619 635 1664 et
667 1609 1035 1679 interpositum
1065 1608 1382 1677 diapsaltna,
1415 1622 1520 1661 non
1554 1607 1782 1662 absurde

207 1702 443 1758 fortassis
476 1701 710 1756 insinuat
752 1699 911 1754 etiam
944 1700 1220 1753 transitum
1251 1697 1319 1752 de
1358 1698 1466 1751 vita
1507 1698 1672 1752 veteri
1716 1696 1782 1749 ad

209 1795 362 1850 vitam
393 1807 585 1848 novam
616 1810 631 1848 :
661 1800 720 1846 ut
756 1791 1021 1847 exstincto
1045 1791 1129 1845 vel
1169 1790 1434 1845 infirmato
1469 1803 1568 1860 per
1609 1789 1780 1858 paeni-

209 1885 423 1940 tentiam
443 1892 627 1938 vetere
653 1881 886 1946 homine,
909 1880 1224 1936 sacrificium
1248 1881 1466 1948 jnstitiae
1491 1879 1782 1934 secundum

205 1975 660 2048 regenerationem
701 1973 822 2029 novi
859 1973 1090 2028 hominis
1119 1971 1370 2026 offeratur
1398 1970 1536 2035 Deo,
1567 1985 1686 2024 cum
1725 1983 1786 2025 se

203 2067 354 2125 offert
397 2068 511 2137 ipsa
554 2065 730 2120 anima
766 2064 878 2135 jam
905 2064 1107 2129 abluta,
1147 2072 1201 2118 et
1245 2063 1470 2132 imponit
1517 2063 1567 2116 in
1609 2062 1778 2116 altare

206 2158 344 2223 ﬁdei,
377 2159 561 2214 divino
585 2157 734 2227 igne,
763 2155 815 2212 id
842 2164 925 2211 est
943 2197 958 2222 ,
982 2154 1184 2224 Spiritu
1214 2165 1400 2209 sancto
1428 2153 1782 2223 comprehen-

201 2248 410 2316 denda;
455 2259 516 2304 ut
542 2249 643 2303 iste
679 2247 750 2303 sit
785 2261 1005 2312 sensus,
1035 2245 1333 2315 Sacriﬁcate
1357 2245 1665 2314 sacri/icium
1690 2246 1779 2314 ju-

198 2343 376 2407 stitiat,
405 2351 455 2396 et
482 2352 681 2410 sperate
717 2341 770 2394 in
800 2338 1022 2394 Domino
1040 2379 1057 2403 ,
1085 2338 1137 2394 id
1168 2348 1250 2393 est
1273 2380 1288 2404 ,
1321 2337 1481 2393 Recte
1511 2338 1670 2392 vivite
1691 2380 1705 2403 ,
1732 2342 1787 2391 et

196 2442 404 2503 sperate
445 2431 644 2486 donum
675 2429 904 2500 Spiritus
944 2429 1146 2493 sancti,
1190 2438 1249 2483 ut
1287 2443 1384 2483 vos
1411 2428 1642 2495 veritas,
1684 2429 1772 2483 cui

199 2524 522 2592 credidistis,
555 2523 800 2578 illustret.

261 2616 318 2672 8.
360 2613 468 2671 Sed
513 2624 688 2670 tamen
727 2611 946 2683 Sperate
987 2612 1042 2666 in
1086 2610 1342 2675 Domino,
1385 2611 1568 2666 clause
1609 2610 1782 2666 adhuc

197 2706 399 2764 dictum
433 2715 533 2761 est.
582 2706 875 2777 Sperautnr
912 2713 1090 2760 autem
1129 2719 1281 2774 qum,
1309 2703 1410 2758 nisi
1455 2703 1634 2758 bona?
1677 2703 1781 2757 Sed

193 2799 318 2870 quia
369 2799 731 2868 unusquisque
777 2797 828 2852 id
877 2796 1073 2852 bonum
1115 2795 1226 2850 vult
1264 2811 1293 2848 a
1340 2795 1448 2850 Deo
1497 2797 1781 2865 impetrare

193 2890 333 2961 quod
367 2889 558 2960 diligit,
585 2905 684 2944 nec
721 2888 879 2943 facile
907 2887 1252 2942 inveniuntur
1274 2887 1363 2956 qui
1395 2886 1615 2956 diligant
1645 2884 1781 2938 bona

197 2983 470 3046 interiora,
503 2981 554 3036 id
581 2991 682 3048 est,
709 2981 774 3035 ad
805 2980 1110 3036 interiorem
1144 2979 1408 3033 hominem
1439 2976 1779 3046 pertinentia,

197 3089 314 3146 quae
341 3073 459 3129 sola
483 3073 750 3144 diligenda
776 3081 920 3138 sunt,
954 3071 1164 3126 caneris
1192 3078 1367 3124 autem
1399 3068 1465 3123 ad
1496 3069 1783 3124 necessita-

197 3175 301 3222 tem
327 3166 609 3232 utendnm,
639 3179 746 3219 non
771 3163 838 3219 ad
865 3162 1112 3234 gaudium
1144 3161 1522 3231 perfruendum
1547 3177 1564 3226 ;
1607 3159 1778 3214 admi-

206 3259 446 3317 rabiliter
464 3273 584 3312 cum
627 3257 870 3322 dixisset,
904 3254 1119 3326 Sperate
1158 3254 1209 3307 in
1239 3252 1478 3317 Domino,
1511 3251 1737 3321 subjecit
1765 3269 1778 3306 :

203 3348 349 3406 Παιιὶ
396 3349 570 3403 dicunt
597 3363 616 3403 :
645 3347 768 3416 Quis
795 3347 1011 3402 ostendit
1050 3345 1190 3399 nobis
1219 3344 1394 3398 bona?
1435 3343 1534 3411 Qui
1580 3357 1779 3410 sermo,

201 3450 250 3498 et
273 3458 399 3514 qua:
425 3440 770 3512 interrogatio
793 3437 1096 3510 quotidiana
1125 3445 1208 3492 est
1237 3435 1472 3490 omnium
1499 3434 1780 3490 stultorum

201 3543 250 3591 et
285 3535 638 3604 iniquorum;
687 3531 800 3586 sive
845 3545 1027 3600 pacem
1076 3537 1131 3583 et
1175 3525 1611 3596 tranquillitatem
1659 3525 1782 3580 vita:

199 3623 471 3682 saecularis
519 3620 972 3687 desiderantium,
1020 3629 1073 3676 et
1122 3628 1338 3690 prepter
1383 3617 1780 3688 perversitatem

197 3716 409 3787 generis
454 3714 671 3769 humani
719 3728 825 3769 non
871 3711 1274 3775 invenientinm,
1316 3709 1404 3781 qui
1451 3709 1611 3765 etiam
1653 3709 1780 3763 caeci

199 3821 452 3864 accusare
475 3806 673 3862 audent
692 3804 934 3860 ordinem
960 3817 1162 3868 rerum,
1185 3817 1305 3857 cum
1331 3799 1550 3854 involuti
1577 3799 1781 3854 meritis

199 3900 300 3955 suis
327 3907 527 3971 putant
555 3906 791 3966 tempora
813 3909 937 3951 esse
975 3894 1156 3966 pejora
1183 3907 1342 3963 quam
1371 3892 1638 3961 prteterita
1663 3889 1780 3945 fue-

200 3998 358 4055 runt;
389 3988 506 4044 sive
530 3985 599 4041 de
626 3987 738 4055 ipsa
767 3983 943 4039 futura
963 3984 1092 4048 vita,
1111 3999 1230 4052 qum
1258 3982 1410 4036 nobis
1436 3979 1778 4049 promittitur,

148 4091 154 4140 ι
201 4079 554 4136 dubitantium
573 4078 655 4133 vel
680 4076 1097 4147 desperantium,
1119 4075 1206 4145 qui
1231 4088 1375 4142 stupe
1397 4072 1582 4126 dicunt
1605 4089 1618 4127 :
1649 4071 1782 4138 Quis

150 4155 165 4236 ἦ
202 4175 338 4226 novit
383 4171 433 4226 si
467 4185 590 4225 vera
636 4176 797 4234 sunt,
827 4176 920 4222 aut
959 4167 1079 4236 quis
1105 4166 1251 4222 venit
1277 4164 1346 4220 ah
1374 4163 1558 4218 inferis
1596 4173 1654 4218 ιιι
1684 4164 1781 4217 ista

157 4219 170 4314 λ
204 4261 511 4318 nuntiaret?
559 4259 834 4330 Magniﬁce
877 4258 1035 4330 igitur
1061 4266 1116 4312 et
1161 4257 1426 4321 breviter,
1455 4256 1548 4310 sed
1591 4256 1782 4310 intrin-

204 4366 350 4412 secus
377 4351 716 4416 videntibus,
741 4349 978 4406 ostendit
1004 4364 1124 4420 qua:
1163 4348 1298 4402 bona
1339 4348 1623 4417 quaerenda
1653 4348 1776 4414 sint,

203 4444 530 4514 respondens
569 4443 780 4497 illorum
830 4439 1227 4510 interrogationi
1262 4439 1349 4510 qui
1393 4439 1576 4494 dicunt
1611 4457 1625 4494 :
1657 4439 1782 4504 Quis

203 4537 415 4592 ostendit
446 4535 587 4590 nobis
613 4535 742 4589 bona
760 4534 788 4588 .’
814 4533 1084 4602 Stgnatutn
1107 4540 1198 4596 est,
1236 4532 1423 4601 inquit,
1453 4532 1505 4585 in
1532 4533 1673 4585 nobis
1704 4532 1781 4586 lu-

203 4644 310 4683 tncn
334 4627 511 4684 vultus
535 4627 627 4692 tui,
667 4624 906 4681 Domine.
938 4624 1048 4678 lloc
1079 4624 1257 4678 lumen
1287 4633 1369 4678 est
1410 4633 1576 4678 totum
1607 4622 1772 4678 homi-

206 4719 280 4774 nis
320 4729 378 4775 et
420 4732 606 4773 verum
663 4716 882 4778 bonum,
913 4714 1056 4785 quod
1106 4728 1210 4768 non
1255 4714 1444 4779 oculis,
1477 4715 1570 4770 sed
1601 4725 1782 4770 mente

206 4810 544 4881 conspicitur.
578 4807 852 4878 Signatum
877 4815 1056 4860 autem
1082 4804 1217 4859 dixit
1249 4805 1301 4860 in
1337 4806 1501 4873 nobis,
1535 4815 1778 4878 tauquam

205 4895 455 4956 denarius
481 4899 721 4968 signatur
746 4897 887 4968 regis
925 4895 1153 4966 imagine
1187 4912 1200 4948 :
1233 4894 1396 4951 homo
1430 4896 1580 4951 enim‘
1613 4896 1783 4952 factus

208 4999 284 5046 est
309 4991 373 5046 ad
416 4989 700 5060 imaginem
730 4996 786 5043 et
814 4987 1211 5043 similitudinem
1241 4987 1333 5044 Dei
1377 4987 1395 5059 (
1413 4985 1540 5042 Gen.
1569 5004 1616 5055 ι,
1645 4988 1716 5043 26
1739 4992 1778 5061 ),

208 5095 356 5150 quam
379 5082 651 5154 peccando
674 5082 945 5151 corrupit:
977 5082 1172 5136 bonum
1197 5096 1325 5152 ergo
1350 5081 1468 5151 ejus
1490 5092 1573 5137 est
1593 5098 1779 5138 verum

207 5184 358 5244 atque
385 5186 644 5230 aeternum
665 5215 681 5241 ,
724 5173 770 5228 si
814 5172 1143 5229 renasceudo
1169 5173 1424 5244 signetur.
1475 5173 1544 5228 Et
1580 5173 1645 5230 ad
1678 5174 1780 5231 hoc

209 5265 361 5320 credo
391 5265 687 5334 pertinere,
721 5264 862 5335 quod
890 5263 1102 5334 quidam
1133 5264 1420 5333 prudenter
1459 5264 1776 5335 intelligunt,

211 5353 330 5412 illud
356 5355 497 5427 quod
521 5356 774 5410 Dominus
793 5355 906 5410 viso
931 5356 1160 5411 Ctesaris
1183 5371 1401 5411 nummo
1427 5357 1501 5410 ait
1527 5375 1540 5411 :
1564 5356 1781 5413 Reddite

212 5444 390 5502 (ἔσεατὶ
418 5448 550 5516 quod
579 5446 792 5502 Cesaris
813 5456 916 5514 est,
945 5457 994 5501 et
1023 5445 1128 5501 Dea
1153 5447 1288 5517 quod
1313 5447 1408 5501 Dei
1437 5459 1508 5504 est
1561 5450 1773 5521 (Matth.

215 5549 341 5604 nn,
360 5536 492 5609 2|);
525 5547 771 5608 tanquam
795 5537 840 5592 si
864 5537 1066 5593 diceret
1089 5556 1102 5590 :
1125 5538 1578 5606 Quemadmodum
1601 5542 1778 5597 Cassar

214 5639 244 5679 a
281 5627 428 5684 vobis
470 5630 632 5701 exigit
677 5628 1081 5701 impressionem
1130 5632 1369 5701 imaginis
1411 5647 1554 5698 sum,
1605 5635 1682 5688 sic
1723 5645 1778 5691 et

217 5713 388 5786 Deus;
427 5729 484 5776 ut
519 5720 962 5792 quemadmodum
1007 5722 1083 5778 illi
1122 5722 1361 5780 redditur
1388 5740 1670 5797 nummus,
1699 5731 1777 5785 sic

221 5805 330 5868 Deo
343 5813 521 5870 anima
541 5813 740 5872 lumine
761 5815 933 5870 vultus
954 5814 1068 5885 ejus
1090 5815 1341 5872 illustrata
1367 5828 1526 5888 atque
1546 5821 1769 5892 signata.

1890 500 2086 558 Dedisti
2111 505 2340 562 (tentiam
2364 510 2417 562 in
2441 527 2528 564 cor
2553 528 2733 568 meum.
2762 512 2877 569 Non
2907 530 3034 587 ergo
3060 516 3192 574 foris
3218 534 3466 590 quaren-

1887 595 1955 652 da
1984 607 2066 652 est
2090 597 2292 667 laetitia,
2320 603 2390 659 ab
2412 602 2496 658 bis
2523 605 2609 674 qui
2637 607 2809 663 adhuc
2838 624 3026 678 graves
3051 611 3212 668 corde
3236 613 3462 686 diligunt

1890 690 2175 746 vanitatem
2226 702 2282 749 et
2327 707 2573 765 quaerunt
2620 699 2993 769 mendacium,
3045 704 3138 759 sed
3186 706 3327 762 intus
3376 707 3469 764 ubi

1889 780 2149 851 signatum
2200 794 2283 840 est.
2327 785 2508 842 lumen
2537 787 2710 845 vultus
2747 792 2838 846 Dei
2877 811 2891 848 ε
2931 794 2983 848 in
3028 796 3280 854 interiore
3321 799 3468 855 enim

1890 870 2106 928 homine
2131 874 2338 932 habitat
2362 875 2608 935 Christus
2641 880 2852 951 (Ephes.
2882 899 2958 950 ιιι,
2987 885 3107 958 17),
3140 896 3196 943 ιιι
3220 889 3294 943 ait
3319 891 3470 960 Apo-

1889 964 2089 1032 stolus;
2134 966 2200 1021 ad
2248 969 2422 1036 ipsum
2468 970 2611 1025 enim
2663 974 2890 1041 pertinet
2938 975 3118 1032 videre
3162 981 3464 1045 veritatem.

1888 1071 2006 1111 cum
2041 1058 2129 1114 ille
2157 1059 2354 1116 dixerit
2382 1079 2398 1120 :
2447 1060 2561 1134 Ego
2590 1081 2702 1118 sum
2728 1067 2908 1122 veritas
2933 1066 3111 1138 (Joan.
3138 1087 3249 1139 xw,
3275 1072 3353 1144 6).
3399 1074 3469 1131 Et

1888 1162 2010 1201 cunt
2051 1149 2360 1219 loquebatur
2391 1152 2443 1206 in
2473 1154 2727 1223 Apostolo
2753 1157 2961 1213 dicente
2988 1176 3002 1212 :
3031 1161 3109 1214 An
3139 1163 3282 1218 vultis
3316 1181 3469 1235 expe-

1887 1240 2155 1295 rimentuut
2199 1245 2309 1315 ejus
2352 1247 2584 1317 accipere
2626 1250 2713 1318 qui
2761 1251 2814 1304 in
2861 1268 2940 1306 me
2981 1253 3198 1324 loquitur
3239 1254 3466 1313 Christus

1890 1330 1969 1400 (ll
1993 1331 2111 1386 Cor.
2144 1351 2271 1399 xm,
2305 1336 2415 1404 5)?
2457 1353 2560 1392 non
2595 1340 2640 1393 ei
2691 1341 2820 1395 toris
2867 1343 3086 1413 utique;
3132 1345 3225 1400 sed
3269 1347 3321 1401 in
3351 1347 3469 1417 ipso

1888 1422 2048 1477 corde
2070 1465 2085 1488 ,
2114 1423 2165 1478 id
2195 1435 2294 1490 est,
2327 1426 2384 1492 in
2415 1428 2505 1482 illo
2534 1430 2692 1484 cubili
2723 1432 2811 1486 ubi
2854 1433 3112 1489 orandum
3138 1445 3222 1491 est
3249 1435 3463 1507 (Matth.

1888 1529 1940 1568 Vl
1960 1555 1974 1579 ,
2006 1513 2093 1588 6),
2126 1516 2461 1586 loquebatur.

1961 1607 2011 1659 9.
2045 1605 2191 1678 [νει-ε.
2228 1609 2280 1672 8,
2309 1607 2394 1681 9.]
2428 1609 2534 1666 Sed
2556 1611 2797 1669 homines
2827 1618 3137 1686 temporalia
3165 1628 3455 1690 sectantes,

1888 1696 1976 1766 qui
1994 1707 2137 1751 certe
2165 1699 2315 1753 multi
2341 1709 2499 1768 sunt,
2530 1703 2654 1756 nihil
2687 1704 2827 1758 aliud
2847 1718 3107 1762 noverunt
3132 1709 3334 1778 dicere,
3361 1713 3462 1767 nisi

1894 1788 2021 1856 Quis
2046 1793 2260 1847 ostendit
2284 1795 2429 1850 nobis
2454 1797 2626 1852 bona?
2652 1815 2768 1852 cum
2801 1816 2924 1856 vera
2953 1812 3007 1857 et
3029 1816 3174 1859 certa
3204 1807 3341 1862 bona
3382 1809 3471 1864 in-

1891 1888 1969 1933 tra
1998 1883 2311 1953 semetipsos
2332 1885 2516 1941 videre
2543 1903 2645 1942 non
2675 1891 2898 1958 possint.
2932 1891 3110 1964 Itaque
3140 1911 3472 1968 consequeno

1891 1977 1973 2025 ter
2004 1970 2171 2027 dehis
2209 1975 2507 2032 rectissime
2535 1977 2747 2046 dicitur,
2792 1982 2933 2051 quod
2960 1985 3197 2056 adjungit
3225 2005 3236 2040 :
3267 1989 3309 2041 Α
3339 2000 3467 2044 tem-

1892 2081 2012 2134 pore
2040 2067 2335 2138 ‘frumenti,
2376 2071 2479 2124 uini
2505 2082 2550 2124 et
2595 2074 2692 2126 olei
2724 2075 2803 2128 sui
2840 2076 3160 2148 multiplicati
3185 2091 3319 2137 sunt.
3349 2081 3466 2138 Non

1898 2156 2037 2210 enim
2066 2167 2236 2224 vacat,
2267 2159 2408 2229 quod
2435 2161 2671 2218 additum
2703 2176 2817 2231 est,
2845 2167 2925 2220 sui
2951 2183 2969 2221 :
2996 2179 3077 2223 est
3104 2171 3243 2225 enim
3275 2180 3328 2226 et
3357 2172 3470 2226 fru-

1897 2259 2132 2303 mentum
2179 2250 2293 2314 Dei,
2340 2253 2601 2324 siquidem
2644 2265 2724 2310 est
2773 2258 2920 2326 panis
2949 2259 3098 2316 vivus
3124 2263 3212 2331 qui
3237 2262 3303 2317 de
3331 2263 3471 2320 coelo

1889 2339 2162 2395 descendit
2189 2341 2363 2414 (Joan.
2394 2359 2471 2410 vi,
2503 2345 2623 2416 5|);
2681 2357 2764 2403 est
2787 2357 2841 2404 ct
2864 2349 3044 2406 vinum
3072 2353 3188 2420 Dei,
3216 2369 3337 2408 nam
3368 2355 3468 2410 ln-

1890 2432 2230 2500 ebrialmutur,
2286 2434 2476 2505 inquit,
2516 2437 2578 2491 ab
2625 2438 2848 2495 ubertate
2896 2442 3076 2499 domus
3129 2454 3231 2500 tuae
3269 2445 3460 2517 (Psal.

1891 2535 2058 2584 xxxv.
2085 2522 2140 2595 9)
2167 2533 2249 2579 est
2272 2535 2326 2580 et
2345 2526 2520 2582 oleum
2541 2529 2655 2594 Dei,
2688 2529 2755 2585 de
2777 2547 2884 2602 quo
2903 2533 3098 2590 dictum
3125 2546 3242 2592 est:
3271 2538 3471 2608 Impin-

1890 2614 2057 2684 guasti
2098 2617 2149 2669 in
2191 2617 2300 2671 oleo
2329 2628 2482 2689 caput
2513 2636 2673 2674 nteum
2705 2622 2874 2689 (Psat.
2903 2641 3036 2690 xxtt,
3064 2627 3140 2698 5).
3172 2629 3258 2684 lsti
3288 2639 3465 2685 autem

1891 2707 2044 2760 multi
2076 2708 2163 2777 qui
2196 2709 2396 2773 dicunt,
2424 2709 2551 2776 Quis
2576 2715 2790 2767 ostendit
2815 2719 2956 2770 nobis
2972 2717 3100 2772 bona
3120 2719 3146 2772 7
3173 2729 3226 2774 et
3246 2736 3466 2792 regnum

1889 2799 2148 2854 calorum
2197 2801 2330 2854 intra
2371 2817 2430 2856 se
2471 2817 2591 2858 esse
2644 2821 2746 2858 non
2779 2806 2959 2862 vident
2991 2807 3138 2880 (Luc.
3173 2826 3304 2879 xvu,
3348 2811 3464 2884 21),

1889 2906 1921 2941 α
1945 2897 2165 2961 tempore
2190 2892 2448 2960 frumenti,
2501 2895 2603 2949 vini
2647 2907 2692 2950 et
2721 2898 2816 2951 olei
2841 2900 2919 2952 sui
2961 2899 3282 2971 multiplicati
3321 2915 3462 2959 sunt.

1888 2980 2002 3036 Non
2031 2983 2173 3038 enim
2209 2985 2577 3054 multiplicatio
2608 3003 2823 3058 semper
2844 2990 3142 3047 ubertatem
3171 2995 3430 3064 significat
3449 3038 3466 3064 ,

1887 3082 1944 3129 et
1985 3089 2089 3129 non
2137 3075 2448 3145 plerumque
2492 3079 2838 3150 exiguitatem
2883 3100 2899 3138 :
2949 3098 3068 3139 cum
3103 3085 3279 3141 dedita
3328 3097 3466 3143 tem-

1887 3165 2162 3236 poralibus
2224 3167 2585 3238 voluptatibus
2651 3173 2826 3226 anima
2895 3187 3106 3245 semper
3170 3177 3469 3234 exardescit

1885 3257 2206 3328 cupiditate,
2263 3275 2361 3314 nec
2403 3260 2584 3316 satiari
2635 3271 2831 3332 potest,
2883 3270 2938 3319 et
2979 3267 3258 3338 multiplici
3304 3279 3465 3340 atque

1887 3365 2185 3406 aerumnosa
2229 3352 2548 3422 cogitatione
2592 3355 2856 3424 distenta,
2889 3357 3111 3428 simplex
3154 3361 3350 3417 bonum
3386 3365 3470 3419 vi-

1886 3440 2016 3497 dere
2046 3457 2150 3496 non
2188 3445 2400 3511 sinitur;
2428 3445 2597 3516 qualis
2628 3456 2709 3501 est
2743 3448 2829 3503 illa
2853 3449 2920 3503 de
2944 3465 3048 3521 qua
3073 3450 3266 3508 dicitur
3294 3472 3308 3510 :
3338 3454 3466 3510 Cor-

1888 3549 1982 3603 pus
2006 3536 2156 3600 enim,
2186 3536 2322 3607 quod
2349 3539 2707 3610 corrumpitur,
2735 3552 2975 3612 aggravet
3005 3545 3224 3600 animum
3245 3588 3261 3615 ,
3305 3558 3352 3603 et
3378 3550 3467 3604 de-

1887 3628 2060 3697 primit
2097 3637 2296 3684 terrena
2349 3629 2648 3686 inhabitatio
2709 3650 2909 3688 sensum
2963 3639 3123 3691 multa
3164 3640 3464 3710 cogitantem

1892 3717 2045 3789 (Sap.
2097 3735 2177 3784 Ix,
2229 3718 2338 3791 15).
2371 3720 2516 3775 Talis
2566 3725 2740 3779 anima
2786 3728 3157 3796 temporalium
3206 3730 3467 3788 bonorum

1891 3809 2201 3866 decessione
2253 3821 2307 3866 et
2354 3814 2718 3881 successione,
2753 3815 2806 3871 id
2844 3828 2957 3884 est,
3001 3834 3030 3873 a
3075 3829 3312 3890 tempore
3353 3822 3466 3878 fru-

1886 3903 2087 3968 menti,
2120 3903 2225 3957 viui
2281 3911 2336 3958 et
2383 3904 2486 3959 olei
2538 3905 2641 3970 sui,
2699 3907 3171 3966 innumerabilibus
3201 3914 3467 3983 completa

1886 3993 2340 4063 phantasmatibus
2388 3996 2465 4051 sic
2513 3999 2856 4067 multiplicata
2902 4011 3018 4069 est,
3066 4012 3262 4060 utnon
3299 4008 3468 4076 possit

1885 4099 2043 4155 agere
2070 4085 2209 4154 quod
2242 4095 2560 4156 prmceptum
2591 4099 2669 4143 est
2696 4104 2716 4143 :
2742 4089 2936 4147 Sentite
2963 4092 3025 4146 de
3060 4093 3279 4150 Domino
3308 4097 3359 4151 in
3379 4099 3466 4152 bo-

1886 4176 2057 4239 nitate,
2089 4176 2204 4230 etin
2225 4177 2544 4246 simplicitate
2569 4180 2735 4235 cordis
2762 4183 2970 4252 qucrite
3021 4184 3166 4239 illum
3205 4186 3466 4261 (Id.t,l);

1887 4268 1986 4323 ista
2036 4269 2176 4324 enim
2222 4269 2582 4340 multiplicitas
2630 4272 2704 4327 illi
2751 4274 3071 4346 simplicitati
3117 4277 3464 4336 vehementer

1885 4359 2106 4414 adversa
2137 4371 2236 4414 est.
2268 4360 2336 4415 Et
2362 4360 2482 4416 ideo
2513 4363 2625 4416 istis
2651 4364 2849 4420 relictis
2875 4365 2965 4436 qui
2987 4368 3136 4422 multi
3161 4377 3305 4436 sunt,
3330 4371 3466 4425 mul-

1887 4451 2104 4521 tiplicati
2155 4453 2356 4508 scilicet
2401 4455 2770 4523 temporalium
2821 4459 3108 4528 cupiditate
3148 4469 3204 4516 et
3245 4462 3459 4531 dicunt,

1889 4543 2013 4608 Quis
2039 4543 2252 4598 ostendit
2296 4545 2438 4600 nobis
2484 4546 2614 4600 bona
2635 4587 2650 4612 ,
2697 4565 2816 4619 qua:
2859 4566 2963 4604 non
2993 4551 3162 4608 oculis
3190 4552 3339 4622 foris,
3368 4557 3463 4612 sed

1887 4634 2026 4688 intus
2072 4635 2249 4689 cordis
2295 4636 2630 4706 simplicitate
2673 4641 2956 4710 quaerenda
2984 4654 3136 4712 sunt,
3181 4645 3260 4700 vir
3290 4646 3461 4703 fidelis

1886 4725 2116 4779 exsultat
2163 4737 2214 4780 et
2255 4725 2383 4782 dicit
2419 4746 2435 4782 :
2467 4727 2532 4782 In
2564 4746 2707 4799 pace,
2762 4731 2814 4786 in
2842 4733 3062 4803 idipsum
3105 4737 3417 4793 obdormiam
3443 4785 3461 4808 ,

1886 4826 1933 4871 et
1982 4836 2210 4873 somnum
2253 4821 2472 4891 capiam.
2530 4822 2691 4878 Recte
2729 4824 2870 4880 enim
2925 4838 3170 4896 speratur
3204 4845 3236 4885 a
3268 4831 3463 4888 talibus

1885 4909 2186 4964 omnimodo
2222 4912 2414 4966 mentis
2434 4913 2750 4969 abalienatio
2785 4931 2815 4970 a
2844 4920 3157 4976 mortalibus
3191 4922 3350 4978 rebus
3400 4935 3460 4981 et

1888 5002 2223 5058 miseriarum
2247 5006 2426 5060 saeculi
2454 5006 2608 5078 hujus
2633 5010 2851 5079 oblivio,
2878 5029 2998 5083 qua:
3025 5017 3242 5073 nomine
3268 5019 3464 5076 obdor-

1887 5094 2122 5149 mitionis
2147 5104 2202 5150 et
2225 5098 2396 5152 somni
2425 5098 2678 5155 decenter
2704 5111 2758 5156 et
2781 5105 3088 5174 prephetiee
3116 5107 3456 5178 significatur,

1885 5183 1974 5239 ubi
2004 5199 2208 5240 sununa
2240 5201 2338 5257 pax
2368 5187 2514 5243 nullo
2539 5191 2764 5246 tumultu
2793 5193 3116 5264 interpellari
3142 5207 3332 5266 potest.
3352 5199 3460 5255 Sed

1886 5274 1986 5330 hoc
2005 5275 2114 5346 jam
2143 5293 2246 5332 non
2278 5286 2488 5336 tenetur
2513 5282 2563 5336 in
2594 5281 2693 5338 hac
2717 5284 2844 5352 vita,
2872 5286 2964 5341 sed
2990 5299 3109 5358 post
3137 5289 3273 5344 hanc
3294 5291 3456 5345 vitam

1887 5368 2206 5438 sperandum
2255 5381 2357 5426 est.
2399 5372 2512 5428 Hoc
2561 5374 2719 5429 etiam
2765 5377 2877 5446 ipsa
2924 5378 3085 5433 verba
3138 5380 3458 5451 ostendunt,

1883 5476 2001 5530 quae
2033 5460 2189 5516 futuri
2215 5472 2339 5518 sunt
2367 5466 2624 5536 temporis
2651 5484 2666 5521 :
2695 5482 2803 5523 non
2829 5470 2969 5524 enim
2998 5470 3194 5525 dictum
3215 5481 3317 5540 est,
3345 5482 3460 5543 aut,

1883 5552 2186 5608 Ohdormivi
2225 5565 2281 5610 et
2310 5573 2554 5612 somnum
2581 5559 2734 5630 cepi;
2766 5571 2874 5627 aut,
2909 5560 3196 5617 Obdormio
3223 5572 3278 5619 et
3305 5579 3454 5621 som-

1884 5658 2008 5698 num
2034 5647 2216 5715 capio;
2250 5647 2343 5702 sed
2360 5690 2374 5714 ,
2402 5647 2727 5704 Obdormiam
2751 5660 2798 5705 et
2818 5667 3047 5706 somnum
3073 5655 3290 5717 capiam.
3310 5655 3462 5713 Tune

1945 5773 2412 5852 ξΑΡζογΜοιῖ,
2429 5792 2467 5852 ,α
2488 5782 2666 5852 (ructu,
2697 5777 2915 5845 legebat,
2938 5782 3030 5849 apo
3060 5783 3248 5849 καίτοι,
3273 5799 3304 5838 α
3339 5793 3460 5838 tam.

1882 5847 1997 5898 pore
2025 5849 2042 5887 :
2066 5846 2136 5888 sic
2159 5846 2301 5888 etiam
2317 5846 2634 5890 rassiodorus.
