4078 6474
546 355 614 410 87
1329 400 1334 404 ,
1765 339 1823 397 S.
1863 334 2134 397 AUGUST

2262 333 2564 390 EPISCOPI
3743 342 3808 402 ω

541 483 650 524 non
677 468 819 524 enim
862 467 969 534 ait,
998 463 1246 521 Adorabo
1271 462 1325 518 in
1368 459 1564 530 templo
1604 465 1792 514 sancto
1831 464 1955 522 tuo,
1999 451 2117 518 sed,

543 559 780 614 Adorabo
827 558 892 611 ad
941 554 1183 625 templum
1232 560 1462 606 sanctum
1509 559 1672 603 tuum.
1719 543 2119 616 Intelligendum

544 649 705 706 etiam
735 658 950 704 estnon
991 646 1058 700 de
1105 642 1458 714 perfectione,
1497 639 1594 696 sed
1636 638 1704 694 de
1743 651 2025 707 progressu
2053 632 2121 688 ad

547 741 924 812 perfectionem
950 737 1147 792 dictum
1173 749 1331 801 esse;
1374 743 1433 788 ut
1475 731 1602 787 illud
1638 729 2018 801 perfectionem
2046 727 2119 781 si-

547 831 761 902 gnificet
779 869 794 894 ,
824 825 1050 881 lntroibo
1076 828 1130 880 in
1157 825 1362 878 domum
1389 832 1545 877 tuam.
1577 819 1683 876 Sed
1723 828 1780 874 ut
1804 821 1905 872 hoc
1932 830 2121 886 prove-

551 925 679 988 niat,
708 922 853 993 prius
872 921 1114 985 adorabo,
1138 917 1325 988 inquit,
1351 917 1422 970 ad
1447 915 1687 984 templum
1705 922 1930 966 sanctum
1950 919 2124 973 tuum;

549 1022 605 1069 et
629 1013 856 1068 fortasse
886 1011 956 1065 ob
983 1009 1086 1065 hoc
1109 1007 1346 1074 addidit,
1385 1007 1441 1060 in
1466 1005 1642 1058 timore
1676 1014 1796 1070 tuo,
1841 999 1982 1070 quod
2012 1013 2126 1053 nta-

548 1120 710 1176 gnum
738 1113 821 1160 est
844 1101 1150 1174 prtesidium
1175 1096 1582 1171 procedentibus
1625 1093 1690 1149 ad
1721 1093 1966 1152 salutem.
1993 1089 2125 1145 Cum

549 1207 728 1251 autem
747 1194 970 1266 quisque
996 1191 1314 1262 pervenerit,
1342 1188 1433 1244 flet
1453 1188 1506 1242 in
1535 1200 1602 1241 eo
1620 1184 1759 1256 quod
1783 1182 1982 1238 dictum
2003 1189 2086 1237 est
2110 1198 2126 1236 :

552 1289 908 1342 Consummata
933 1283 1132 1337 dilectio
1158 1284 1295 1353 foras
1334 1279 1484 1332 mittit
1512 1278 1741 1331 timorem
1767 1273 1823 1346 (l
1846 1272 2003 1327 Joan.
2036 1287 2089 1326 tv
2109 1312 2124 1336 ,

553 1378 621 1434 l8
645 1379 664 1447 )
688 1419 701 1442 ,
732 1391 836 1431 non
863 1375 1004 1430 enim
1032 1375 1216 1428 timent
1235 1372 1346 1442 jam
1373 1370 1601 1425 amicum
1628 1370 1646 1401 ι
1671 1409 1687 1434 ,
1715 1366 1905 1438 quibus
1927 1364 2126 1420 dictum

554 1480 636 1526 est
668 1487 681 1523 :
715 1468 835 1521 Jam
872 1484 971 1521 non
1017 1466 1185 1519 dicam
1222 1479 1306 1518 vos
1347 1477 1542 1528 seruos,
1587 1459 1676 1514 sed
1718 1459 1904 1513 amicos
1933 1455 2126 1527 (Joan.

557 1576 662 1624 xv,
711 1558 857 1631 l5),
887 1572 1010 1613 cum
1049 1555 1117 1611 ad
1145 1555 1198 1610 id
1227 1554 1363 1626 quod
1408 1553 1724 1624 promissum
1765 1558 1850 1606 est
1890 1547 2133 1620 perducti

555 1651 770 1708 fuerint.

631 1743 718 1799 10.
761 1741 923 1816 [υετδ.
952 1741 985 1796 9
1008 1783 1025 1808 ,
1076 1737 1208 1812 10.]
1235 1737 1484 1799 Domine;
1511 1737 1670 1791 deduc
1696 1752 1775 1790 me
1794 1735 1847 1788 in
1875 1742 1962 1788 tua
1977 1733 2134 1806 justi-

560 1835 631 1890 tia
658 1842 862 1904 prapter
885 1831 1111 1886 inimicos
1141 1845 1275 1883 meos
1302 1844 1321 1884 :
1347 1827 1477 1882 satis
1503 1827 1588 1881 hic
1613 1825 1898 1882 declaravit
1922 1825 1972 1879 in
2000 1839 2133 1894 pro-

556 1925 788 1982 fectione
813 1939 872 1979 se
895 1937 1040 1988 esse,
1089 1921 1139 1976 id
1168 1929 1250 1976 est
1276 1920 1328 1974 in
1356 1928 1602 1989 provectu
1628 1916 1695 1972 ad
1722 1916 2097 1987 perfectionem
2115 1957 2132 1982 ,

559 2017 795 2072 nondum
817 2015 868 2068 itt
895 2013 1003 2084 ipsa
1029 2010 1356 2082 perfectione
1373 2051 1389 2076 ,
1419 2008 1631 2079 quando
1653 2017 1708 2062 ut
1733 2007 2022 2062 deducatur
2040 2021 2134 2060 ex-

559 2115 725 2178 optat.
756 2103 824 2159 In
853 2114 940 2157 tua
957 2102 1160 2174 justitia
1187 2109 1362 2156 autem
1384 2143 1398 2165 ,
1429 2115 1535 2154 non
1581 2099 1632 2153 itt
1661 2114 1725 2153 ea
1768 2113 1885 2166 qua:
1929 2096 2138 2151 videtur

559 2195 881 2252 hominibus.
909 2192 1040 2247 Nam
1072 2201 1125 2247 et
1152 2191 1348 2246 malum
1394 2204 1489 2259 pro
1517 2188 1656 2243 malo
1683 2186 1908 2243 reddere
1928 2228 1945 2252 ,
1984 2186 2138 2255 justi-

559 2289 633 2344 tia
658 2287 898 2352 videtur,
923 2285 1016 2340 sed
1043 2299 1148 2339 non
1178 2291 1260 2339 est
1287 2282 1403 2352 ejus
1428 2281 1494 2336 de
1522 2296 1627 2352 quo
1655 2279 1852 2336 dictum
1882 2287 1966 2336 est
1991 2295 2004 2332 :
2037 2277 2138 2346 Qui

564 2381 684 2452 facit
709 2380 832 2434 oriri
849 2378 1004 2433 solem
1029 2392 1176 2431 suum
1200 2392 1352 2445 super
1379 2374 1533 2429 bonos
1554 2381 1599 2428 et
1627 2373 1787 2426 malos
1811 2373 1828 2442 (
1849 2370 2035 2426 Matth.
2067 2387 2099 2424 v
2115 2411 2131 2435 ,

561 2471 670 2543 45)
697 2487 712 2535 ;
743 2469 865 2541 quia
890 2477 1083 2525 etcum
1115 2466 1260 2535 punit
1285 2465 1424 2520 Deus
1450 2473 1774 2535 peceatores,
1808 2478 1911 2516 non
1941 2462 2137 2517 malum

563 2577 716 2618 suum
747 2561 826 2616 cis
853 2560 1031 2624 infert,
1063 2559 1156 2613 sed
1185 2558 1336 2612 malis
1372 2571 1556 2613 eorum
1581 2570 1673 2610 eos
1698 2555 1913 2610 dimittit
1941 2571 1954 2608 :
1985 2552 2135 2620 Ecce,

561 2653 757 2723 inquit,
790 2653 1023 2720 parturiit
1051 2650 1383 2717 iniustitiam,
1424 2648 1650 2717 concepit
1676 2646 1931 2711 laborem,
1963 2655 2010 2700 et
2047 2662 2136 2716 pe-

559 2746 693 2818 perit
711 2745 1022 2816 iniquitatem
1049 2757 1068 2796 :
1097 2742 1264 2795 lacum
1301 2740 1498 2809 aperuit
1524 2747 1569 2794 et
1597 2736 1772 2806 effodit
1799 2754 1914 2791 eum
1937 2778 1951 2802 ,
1980 2746 2026 2790 et
2055 2737 2138 2790 in-

561 2837 685 2890 cidit
727 2836 778 2889 in
816 2839 1010 2908 foveam
1048 2850 1199 2904 quam
1241 2841 1478 2903 operatus
1513 2841 1627 2886 est:
1648 2840 1960 2885 convertetur
1990 2828 2142 2884 dolor

561 2933 671 2996 eius
695 2929 749 2984 in
779 2937 930 3001 caput
950 2929 1060 3001 ejus
1083 2971 1097 2994 ,
1124 2936 1171 2983 et
1200 2925 1251 2982 in
1272 2925 1500 2983 tcrtt'cem
1526 2925 1636 2998 ejus
1660 2923 1896 2999 iniquitas
1917 2923 2024 2998 ejus
2048 2923 2143 2981 de-

560 3023 759 3078 scendet
789 3024 807 3094 (
837 3022 977 3076 Psal.
1010 3037 1119 3088 vn,
1168 3021 1332 3077 15-17
1354 3022 1395 3093 ).
1435 3020 1568 3076 Cum
1605 3035 1734 3092 ergo
1780 3021 1930 3091 punit
1957 3020 2098 3075 Deus
2121 3061 2139 3086 ,

563 3123 623 3168 ut
643 3113 804 3184 judex
833 3113 984 3183 punit
1009 3127 1102 3168 eos
1126 3111 1215 3181 qui
1245 3113 1413 3182 legem
1441 3119 1791 3180 praetereunt,
1825 3125 1930 3164 non
1953 3111 2034 3165 eis
2060 3111 2144 3164 in-

563 3202 742 3259 ferens
781 3203 846 3256 de
885 3202 1063 3272 seipso
1111 3200 1344 3266 malum,
1369 3199 1462 3255 sed
1491 3199 1545 3254 in
1587 3199 1638 3253 id
1680 3198 1820 3269 quod
1867 3198 2144 3268 elegerunt

563 3308 658 3351 eos
696 3292 968 3364 expellens
996 3292 1061 3346 ad
1088 3290 1454 3360 complendum
1493 3305 1752 3344 summam
1783 3289 2138 3345 miseriarum.

564 3383 737 3440 Homo
781 3390 957 3437 autem
1003 3396 1125 3438 cum
1172 3382 1368 3436 malum
1409 3395 1507 3451 pro
1558 3379 1698 3434 malo
1740 3379 1951 3447 reddit,
2003 3381 2144 3435 malo

563 3482 689 3530 voto
733 3472 784 3528 id
815 3473 966 3538 facit;
1007 3480 1062 3528 et
1100 3471 1170 3527 ob
1199 3471 1301 3526 hoc
1339 3470 1484 3541 prior
1513 3469 1627 3539 ipse
1651 3468 1823 3525 malus
1847 3479 1966 3536 est,
2015 3468 2139 3525 dum

571 3564 760 3635 punire
786 3563 894 3616 vult
925 3562 1142 3617 malum.

639 3657 727 3712 ll.
773 3655 947 3727 Dirige
981 3656 1034 3708 in
1060 3662 1322 3724 conspectu
1352 3661 1436 3706 tuo
1458 3653 1554 3706 iter
1593 3667 1774 3706 meum.
1804 3650 1950 3706 Nihil
1979 3653 2147 3707 manl-

567 3746 754 3803 festius
780 3754 889 3809 est,
935 3759 1093 3815 quam
1135 3743 1189 3798 in
1234 3753 1442 3812 tempus
1485 3757 1608 3797 eum
1638 3742 2013 3798 commendare
2041 3759 2147 3810 quo

568 3836 816 3908 proficit;
848 3833 948 3890 hoc
992 3841 1074 3890 est
1099 3834 1240 3888 enim
1267 3835 1369 3888 iter
1392 3833 1533 3903 quod
1564 3847 1671 3887 non
1715 3842 1975 3888 terrarum
2017 3833 2147 3890 locis

568 3927 868 4000 peragitur,
915 3925 1013 3983 sed
1054 3925 1329 3981 affectibus
1375 3926 1692 3980 animorum.
1743 3923 1812 3978 In
1849 3935 2144 3995 conspectu,

569 4020 741 4091 inquit
767 4061 785 4088 ,
815 4027 901 4073 tuo
935 4017 1096 4090 dirige
1123 4017 1218 4072 iter
1253 4034 1417 4071 meum
1441 4032 1461 4071 :
1487 4016 1536 4071 id
1565 4026 1648 4071 est
1669 4057 1685 4080 ,
1714 4017 1804 4072 ubi
1836 4017 2011 4072 nullus
2050 4015 2149 4072 ho-

569 4112 773 4168 minum
799 4109 962 4176 videt,
985 4110 1175 4180 quibus
1199 4107 1521 4166 credendum
1550 4121 1656 4162 non
1682 4117 1766 4163 est
1790 4107 2145 4176 laudantibus,

569 4214 664 4261 aut
687 4202 1144 4273 vituperantibus;
1173 4217 1278 4255 non
1310 4201 1452 4254 enim
1496 4200 1606 4253 ullo
1646 4199 1805 4253 modo
1834 4207 2057 4269 possunt
2081 4199 2148 4254 de

570 4295 743 4350 aliena
767 4291 1089 4348 conscientia
1113 4290 1386 4359 judicare,
1434 4289 1488 4343 in
1532 4303 1634 4358 qua
1665 4288 1766 4344 iter
1792 4287 2037 4360 dirigitur
2078 4289 2146 4344 ad

572 4369 764 4442 Deum.
815 4382 940 4438 Ideo
982 4381 1224 4450 subjecit,
1262 4379 1513 4446 Quoniam
1533 4395 1634 4432 non
1679 4377 1833 4434 estin
1867 4394 1955 4433 ore
1975 4394 2147 4433 eorum

570 4479 793 4546 veritas,
837 4477 1026 4547 quibus
1057 4475 1238 4546 utique
1276 4475 1634 4545 iudicantibus
1671 4489 1779 4529 non
1804 4484 1889 4531 est
1930 4475 2152 4530 creden-

570 4569 696 4626 dum
719 4612 734 4635 ,
777 4579 830 4625 et
859 4568 978 4623 ideo
1017 4569 1158 4623 intro
1182 4567 1247 4620 ad
1273 4568 1650 4625 conscientiam
1690 4576 1744 4622 et
1769 4565 1835 4622 ad
1878 4566 1974 4624 Dei
2017 4582 2149 4622 con-

571 4670 811 4734 spectum
859 4658 1269 4731 confugiendum
1311 4668 1412 4714 est.
1459 4658 1560 4714 Cor
1609 4675 1781 4714 eorum
1818 4675 2002 4713 uanum
2039 4668 2148 4714 est:

570 4753 838 4826 quomodo
884 4767 1011 4823 ergo
1057 4759 1232 4820 potest
1273 4764 1393 4806 esse
1440 4751 1492 4804 in
1543 4765 1637 4805 ore
1685 4765 1868 4806 eorum
1917 4751 2151 4816 veritas,

572 4863 800 4919 quorum
842 4861 938 4901 cor
983 4845 1179 4899 fallitur
1219 4843 1288 4900 de
1337 4852 1553 4913 peccato
1601 4851 1656 4898 et
1697 4858 1852 4913 poena
1904 4843 2155 4914 peccati?

570 4940 724 4997 Unde
752 4946 1068 4996 revocantur
1097 4937 1337 4992 homines
1365 4937 1451 4990 illa
1499 4950 1628 4992 voce
1661 4954 1673 4989 :
1711 4934 1898 5008 thuid
1947 4936 2155 5007 diligitis

571 5034 871 5098 vanitatem,
901 5042 947 5086 et
971 5031 1196 5104 qutcritis
1222 5029 1536 5085 mendacium
1568 5027 1751 5100 (Psal.
1782 5046 1832 5085 tv
1855 5072 1870 5095 ,
1903 5030 1966 5101 5)
1990 5031 2014 5084 ?

647 5125 733 5181 12.
775 5122 938 5196 [νει-δ.
990 5119 1116 5196 Η.]
1171 5121 1477 5194 Sepulcrum
1516 5129 1691 5190 patens
1741 5129 1815 5174 est
1852 5130 2025 5191 guttur
2069 5137 2158 5177 eo-

574 5215 816 5272 rttntratl
868 5215 1170 5270 voracitatis
1222 5213 1660 5285 significationem
1716 5212 1906 5268 referri
1947 5223 2153 5284 potest,

574 5317 793 5380 propter
829 5321 987 5376 quam
1034 5309 1345 5377 plerumque
1380 5305 1621 5361 homines
1664 5305 1964 5363 adulatione
2009 5324 2157 5364 men-

576 5401 794 5456 tiuntur.
826 5399 893 5454 Et
915 5399 1227 5453 mirabiliter
1249 5399 1379 5454 dixit
1404 5439 1420 5463 ,
1450 5407 1624 5469 patens
1664 5398 1989 5469 sepulcrum;
2019 5415 2155 5471 quo-

575 5493 718 5546 niam
747 5506 958 5560 semper
996 5490 1163 5544 inhiat
1198 5490 1285 5545 illa
1332 5491 1626 5556 voracitas,
1675 5505 1781 5545 nou
1813 5499 1868 5544 ut
1912 5491 2155 5560 sepulcra

576 5600 696 5656 qum
735 5583 959 5651 receptis
989 5581 1332 5637 cadaveribus
1361 5583 1688 5636 muniuntur.
1731 5581 1913 5636 Potest
1943 5591 1996 5636 et
2027 5582 2154 5637 illud

577 5678 831 5748 intelligi,
877 5675 1016 5747 qttod
1057 5675 1333 5731 mendacio
1378 5685 1432 5732 et
1470 5676 1657 5733 blanda
1701 5675 2006 5732 adulatione
2051 5685 2159 5732 tra-

638 5789 659 5818 ¹
680 5791 975 5841 αιιίαιιθιιεὶδ
994 5789 1169 5852 codex,

2228 447 2362 502 huut
2396 446 2450 504 in
2475 463 2535 504 sc
2561 463 2696 520 quos
2717 450 2784 506 ad
2814 461 3026 522 peccata
3054 452 3322 518 illectant,
3350 462 3410 510 et
3435 466 3538 508 eos
3566 462 3811 526 tanquam

2227 542 2482 598 devorant
2505 559 2624 599 cum
2665 544 2716 598 in
2761 559 2912 600 suam
2949 545 3108 600 vitam
3135 555 3484 601 convertunt.
3517 544 3675 613 Quod
3698 550 3810 620 qui-

2229 634 2328 689 bus
2355 636 2611 705 contingit
2634 635 2882 705 quoniam
2909 646 3128 705 peccato
3156 639 3466 692 moriuntur
3493 638 3545 704 ‘,
3581 647 3726 695 recte
3747 642 3812 696 illi

2227 739 2260 781 a
2304 726 2495 795 quibus
2530 727 2885 793 inducuntur,
2925 729 3168 798 sepulcra
3207 729 3445 799 patentia
3487 728 3620 784 dicti
3667 742 3811 799 sunt;

2228 818 2352 888 quia
2379 828 2434 873 et
2463 818 2559 888 ipsi
2588 817 2980 889 quodammodo
3019 821 3291 876 exanimes
3317 830 3450 876 sunt
3503 822 3671 876 vitam
3717 839 3814 880 non

2231 909 2476 964 habendo
2515 912 2778 976 veritatis,
2807 921 2862 967 et
2904 922 3141 969 mortuos
3185 913 3238 968 in
3277 927 3337 969 se
3379 912 3655 984 recipiunt
3693 931 3814 984 qttos

2231 1002 2409 1057 verbis
2437 1002 2781 1058 mendacibus
2814 1014 2871 1060 et
2906 1019 3042 1061 vano
3075 1005 3236 1061 corde
3266 1007 3632 1077 interemptos
3673 1009 3722 1064 in
3763 1025 3816 1068 se

2229 1104 2567 1150 convertunt.
2599 1094 2809 1166 Linguis
2830 1097 2936 1151 suis
2960 1096 3134 1152 dolose
3159 1097 3375 1168 agebant
3393 1139 3410 1163 ,
3440 1097 3497 1153 id
3526 1109 3613 1154 est
3639 1100 3818 1171 linguis

2231 1187 2385 1242 malis
2410 1204 2424 1240 :
2453 1202 2575 1242 nam
2601 1187 2702 1243 hoc
2730 1188 2936 1244 videtur
2961 1188 3296 1260 significare,
3339 1206 3470 1246 cum
3517 1190 3651 1246 dicit
3684 1196 3816 1260 suis,

2232 1279 2356 1334 mali
2380 1279 2522 1334 enim
2544 1280 2711 1334 malas
2738 1279 2932 1334 habent
2953 1280 3176 1351 linguas;
3209 1280 3260 1335 id
3290 1290 3396 1348 est,
3433 1281 3578 1337 mala
3607 1282 3819 1354 loquun-

2233 1377 2353 1439 tur,
2384 1386 2504 1426 cum
2540 1371 2828 1442 loquuntur
2857 1371 3062 1427 dolum.
3104 1372 3309 1442 Quibus
3355 1372 3628 1431 Dominus
3663 1376 3817 1431 dicit:

2237 1461 2500 1530 Quomodo
2539 1464 2743 1534 potestis
2766 1463 2896 1519 bona
2938 1465 3110 1535 loqui,
3141 1481 3256 1521 cum
3287 1467 3404 1523 sitis
3449 1468 3580 1523 mali
3603 1467 3816 1542 (Matth.

2234 1567 2338 1620 xu,
2362 1553 2430 1608 5i
2449 1553 2489 1624 ).

2306 1643 2394 1698 15.
2432 1641 2624 1698 Judica
2663 1643 2778 1699 illos
2795 1685 2812 1711 ,
2853 1642 2992 1700 Deus
3025 1660 3045 1702 :
3080 1645 3315 1701 decidant
3357 1663 3394 1702 ts
3435 1648 3820 1722 cogitationibus

2235 1733 2361 1787 suis.
2408 1733 2690 1803 PrOphctia
2719 1743 2832 1802 est,
2863 1749 2968 1790 non
2997 1735 3298 1792 malalictio
3326 1753 3342 1792 :
3371 1754 3486 1793 non
3513 1738 3660 1795 enim
3685 1751 3824 1812 optat

2237 1832 2299 1879 ut
2333 1823 2573 1892 eveniat,
2603 1824 2696 1881 sed
2740 1825 2912 1882 cernit
2936 1825 3064 1898 quid
3089 1838 3405 1883 eventurum
3433 1828 3546 1886 sit:
3573 1830 3822 1903 contingit

2238 1929 2467 1986 namque
2489 1915 2614 1982 illis,
2643 1930 2747 1971 non
2772 1915 2893 1987 quia
2915 1915 3124 1972 videtur
3147 1926 3398 1988 aptasse,
3428 1918 3531 1976 sed
3555 1919 3681 1990 quia
3702 1923 3822 1978 tales

2239 2016 2362 2062 sunt
2378 2016 2432 2060 ut
2453 2007 2642 2062 merito
2662 2007 2950 2079 contingat.
2964 2004 3054 2064 Sic
3068 2007 3210 2064 enim
3230 2017 3285 2064 ct
3302 2008 3452 2080 quod
3478 2022 3666 2081 postea
3679 2011 3819 2080 dicit,

2240 2094 2498 2150 Ltetentur
2546 2113 2717 2152 omnes
2780 2098 2867 2168 qui
2915 2107 3121 2167 sperant
3148 2098 3202 2153 iu
3240 2107 3313 2165 te,
3349 2114 3452 2168 per
3492 2100 3820 2172 prophetiam

2239 2188 2399 2252 dicit;
2422 2191 2672 2260 quoniam
2694 2190 2868 2246 cernit
2890 2205 3014 2246 esse
3039 2190 3328 2248 ltetaturos.
3354 2189 3451 2249 Sic
3475 2194 3822 2265 perpmplte-

2241 2281 2366 2336 tiam
2397 2280 2593 2336 dictum
2623 2291 2706 2338 est
2723 2323 2738 2347 ,
2762 2281 2942 2338 Excitet
2967 2283 3240 2353 potentiam
3274 2291 3418 2339 tuam
3441 2293 3494 2340 et
3518 2285 3632 2341 ueni
3657 2283 3818 2356 (Psal.

2242 2388 2430 2434 ιχχιχ.
2457 2374 2549 2444 3);
2592 2375 2840 2444 quoniam
2868 2373 3082 2430 videbat
3125 2388 3246 2431 esse
3289 2383 3606 2432 venturum.
3655 2375 3822 2444 Quan-

2240 2479 2399 2536 quam
2423 2436 2585 2533 possit
2611 2436 2769 2520 etiam
2800 2463 2905 2520 hoc
2931 2463 3092 2521 modo
3114 2465 3281 2536 accipi
3307 2464 3458 2538 quod
3487 2436 3702 2523 dicturi;
3713 2436 3829 2534 est,

2241 2552 2475 2609 decidant
2500 2572 2532 2608 a
2559 2554 2939 2625 cogitationibus
2983 2554 3089 2609 suis
3111 2596 3127 2622 ,
3160 2563 3217 2610 ut
3266 2556 3442 2628 magis
3476 2556 3620 2613 bene
3655 2557 3722 2612 ab
3764 2571 3824 2613 eo

2241 2655 2478 2714 aptatum
2518 2645 2767 2700 credatur
2785 2688 2801 2712 ,
2828 2645 2954 2700 dum
2982 2644 3181 2701 cadunt
3203 2661 3236 2702 a
3267 2648 3686 2718 cogitationibus
3721 2649 3820 2704 suis

2242 2738 2416 2802 malis,
2448 2737 2498 2791 id
2527 2747 2628 2803 est,
2651 2745 2710 2791 ut
2729 2737 2839 2807 jam
2869 2752 2976 2793 non
3002 2738 3236 2808 cogitent
3261 2738 3429 2794 mala.
3460 2739 3569 2796 Sed
3595 2748 3730 2796 vetat
3751 2738 3819 2796 sic

2244 2831 2464 2901 intelligi
2501 2829 2642 2901 quod
2667 2833 2928 2903 sequitur,
2947 2831 3144 2902 expelle
3166 2846 3292 2896 eos;
3320 2832 3475 2888 nullo
3501 2832 3644 2887 enim
3675 2831 3820 2887 modo

2245 2931 2418 2998 potest
2443 2922 2496 2981 in
2524 2923 2716 2978 bonam
2742 2932 2945 2997 partem
2972 2922 3140 2998 accipi
3164 2964 3179 2994 ,
3209 2937 3329 2977 cum
3354 2923 3592 2996 quisque
3617 2922 3822 2994 expelli-

2245 3026 2334 3074 tur
2360 3033 2391 3072 a
2422 3018 2551 3073 Deo.
2582 3017 2918 3089 Quapropter
2942 3033 3036 3088 per
3065 3013 3400 3089 prophetiam
3441 3014 3642 3070 dictum
3667 3059 3683 3082 ,
3723 3029 3817 3074 non

2244 3125 2342 3181 per
2388 3109 2810 3164 malevolentiam
2841 3109 3181 3178 intelligitur;
3220 3124 3341 3165 cum
3371 3109 3479 3166 hoc
3505 3110 3704 3166 dictum
3729 3109 3817 3172 sit,

2245 3199 2386 3270 quod
2417 3200 2716 3254 necessario
2741 3199 2934 3255 talibus
2953 3209 3267 3256 eventurum
3296 3209 3384 3255 est
3402 3241 3420 3266 ,
3445 3201 3537 3271 qui
3566 3201 3617 3254 in
3645 3212 3819 3270 pecca-

2248 3291 2316 3345 tis
2337 3305 2456 3360 quat
2480 3298 2769 3344 memorata
2797 3298 2923 3345 sunt
2964 3304 3308 3358 perseverare
3352 3291 3645 3346 voluerint.
3686 3287 3820 3343 Decio

2247 3381 2369 3434 dant
2394 3393 2522 3450 ergo
2562 3396 2594 3432 a
2620 3380 3001 3450 cogitationibus
3023 3383 3156 3446 suis,
3189 3381 3392 3437 dictum
3437 3393 3556 3449 est;
3587 3381 3820 3439 decidant

2246 3469 2614 3525 accusantibus
2640 3485 2698 3526 se
2724 3471 3130 3540 cogitationibus
3157 3471 3286 3538 suis,
3316 3473 3686 3528 testimonium
3712 3486 3820 3540 per-

2250 3559 2465 3616 ltibente
2506 3561 2830 3616 conscientia
2874 3575 3001 3628 sua,
3047 3561 3183 3616 sicut
3229 3562 3522 3630 Aposmlus
3558 3562 3721 3618 dicit:
3760 3558 3820 3613 Et

2248 3649 2608 3721 cogitationum
2655 3651 3001 3704 accusantium
3051 3667 3140 3705 seu
3167 3651 3550 3721 defendentium
3571 3692 3586 3718 ,
3623 3651 3676 3706 iu
3699 3663 3822 3704 reue-

2249 3739 2434 3794 latione
2447 3737 2775 3811 juslijudicii
2795 3739 2889 3794 Dei
2917 3740 3110 3814 (Rom.
3141 3757 3206 3807 tt,
3241 3743 3306 3796 15
3323 3782 3338 3808 ,
3368 3742 3442 3798 16

2321 3832 2408 3886 14.
2438 3830 2729 3888 Secundum
2771 3832 3142 3887 multitudinem
3179 3833 3499 3902 impietatum
3524 3849 3695 3890 eorum
3738 3847 3816 3887 ea:-

2250 3925 2381 3996 pelle
2400 3940 2483 3980 eos
2507 3940 2528 3980 :
2555 3924 2607 3979 id
2632 3933 2734 3990 est,
2753 3923 2909 3996 longe
2933 3939 3028 3980 eos
3054 3925 3298 3994 expelle;
3328 3925 3435 3981 hoc
3460 3935 3546 3982 est
3581 3926 3721 3981 enim
3745 3939 3818 3978 sc-

2249 4017 2470 4072 cundum
2507 4017 2877 4071 multitudinem
2917 4017 3452 4087 impietatumeorum,
3509 4028 3568 4074 ut
3611 4015 3818 4072 multum

2250 4109 2600 4179 expellantur.
2632 4107 2991 4180 Expelluntur
3035 4122 3165 4178 ergo
3195 4107 3344 4178 impii
3387 4108 3461 4164 ab
3487 4109 3575 4164 illa
3610 4104 3819 4162 haeredi-

2253 4209 2360 4254 tale
2387 4214 2506 4270 quae
2545 4197 2886 4268 intelligendo
2926 4207 2980 4252 et
3015 4197 3248 4253 videndo
3277 4199 3448 4254 Deum
3493 4196 3815 4270 possidetur;

2253 4292 2389 4346 sicut
2413 4291 2753 4361 expelluntur
2768 4290 2994 4346 morbidi
3015 4291 3152 4346 oculi
3170 4290 3375 4362 fulgore
3398 4292 3555 4361 lucis,
3581 4306 3698 4348 cum
3725 4288 3817 4342 illis

2252 4399 2315 4440 ea
2344 4399 2500 4456 paena
2526 4395 2608 4440 est
2649 4399 2768 4455 qua:
2812 4384 2930 4439 aliis
2955 4384 3156 4439 lmtitia.
3185 4383 3303 4440 Non
3351 4402 3482 4458 ergo
3531 4386 3630 4457 ipsi
3675 4394 3818 4438 mane

2252 4481 2520 4545 astabunt,
2549 4491 2604 4536 et
2628 4479 2904 4536 videbunt.
2927 4478 2994 4534 Et
3031 4489 3138 4534 tam
3181 4494 3368 4550 magna
3416 4495 3575 4551 poena
3615 4486 3695 4536 est
3728 4478 3818 4531 ista

2253 4572 2514 4642 expulsio,
2541 4587 2698 4643 quam
2730 4586 2978 4642 maguum
3009 4572 3281 4640 praemium
3310 4580 3393 4628 cst
3419 4571 3549 4627 illud
3574 4567 3712 4642 quod
3742 4565 3815 4620 di-

2254 4665 2431 4720 citur:
2465 4663 2596 4718 Mihi
2645 4674 2811 4720 autem
2861 4663 3121 4718 adluerere
3167 4662 3277 4718 Deo
3309 4662 3499 4719 bonum
3538 4673 3611 4718 est
3638 4662 3656 4733 (
3685 4656 3801 4714 Psal

2257 4771 2420 4821 Lxxtt,
2449 4756 2565 4829 28).
2590 4755 2722 4811 Huic
2745 4770 2918 4828 paene
2945 4756 3272 4810 contrarium
3297 4765 3381 4812 est
3407 4773 3423 4809 :
3453 4754 3602 4811 Intra
3638 4753 3690 4807 in
3707 4763 3817 4823 gas.

2258 4847 2399 4901 dium
2426 4846 2629 4901 Doutini
2658 4847 2749 4901 tui.
2802 4846 2935 4915 Quia
2979 4846 3102 4901 huic
3148 4847 3454 4917 expulsiotti
3498 4845 3671 4903 simile
3709 4847 3816 4896 est:

2259 4939 2504 5010 Projt'cite
2538 4941 2681 4994 illum
2729 4939 2786 4993 in
2840 4938 3068 4994 tenebras
3121 4939 3391 4995 exteriores
3443 4936 3674 5013 (Matth.
3706 4945 3816 4995 χχν,

2258 5032 2348 5097 21,
2379 5033 2490 5094 50).

2333 5125 2418 5180 15.
2450 5123 2701 5190 Quoniam
2721 5125 3174 5178 inamaricaverunt
3202 5135 3268 5192 te,
3293 5124 3523 5180 Domine.
3563 5120 3670 5193 Ego
3699 5130 3814 5171 sunt.

2256 5211 2449 5286 inquit,
2479 5215 2627 5286 panis
2651 5216 2738 5280 qui
2769 5215 2831 5268 de
2851 5216 2975 5270 caelo
3001 5216 3236 5270 descendi
3266 5215 3443 5284 (Joan.
3468 5230 3539 5280 v1,
3562 5212 3648 5282 51)
3699 5226 3712 5261 ε
3739 5213 3815 5266 ειν

2263 5307 2560 5380 Operamini
2587 5324 2751 5363 escam
2778 5324 2891 5379 quae
2915 5325 3016 5364 non
3035 5309 3375 5380 corrumpitur
3404 5306 3588 5380 (Ibid.,
3605 5299 3710 5370 27):
3741 5305 3812 5354 el.

2262 5397 2489 5463 Gustate.
2517 5409 2562 5455 et
2591 5401 2750 5456 uidete
2776 5401 3013 5472 quoniam
3042 5402 3210 5456 suavis
3247 5410 3320 5456 est
3365 5399 3614 5454 Dominus
3659 5383 3812 5459 (Psal-

2259 5510 2445 5560 χχχιιι,
2476 5493 2554 5564 9).
2581 5494 2952 5550 Peccatorihus
2991 5503 3168 5550 autem
3204 5494 3354 5563 panis
3397 5485 3630 5545 veritatis
3675 5489 3807 5533 ama-

2261 5601 2352 5641 rus
2380 5585 2666 5651 est;unde
2706 5601 2768 5641 os
2816 5601 2940 5640 vera
2989 5584 3214 5639 dicentis
3263 5582 3504 5638 oderunt.
3548 5571 3647 5643 ipsi
3700 5576 3811 5632 ergo

2261 5677 2741 5733 inamaricaveruut
2787 5679 2972 5743 Deum,
3013 5677 3099 5746 qui
3144 5673 3409 5746 peccando
3437 5671 3488 5725 in
3517 5681 3627 5724 eam
3663 5672 3804 5726 κυεῖν·

2328 5790 2345 5821 ι
2369 5795 2575 5848 Quatuor
2594 5794 2724 5852 uss.,
2744 5795 2938 5854 peccato
2954 5801 3042 5841 suo
3060 5791 3380 5839 commutato
3399 5781 3674 5835 maritantur.
