4078 6420
238 374 313 436 89
1371 361 1768 425 ENARRATIO
1797 356 1861 414 ΙΝ
1900 357 2221 418 PSALMUM
2258 358 2351 419 Vl.
3450 362 3524 422 90

240 489 482 548 tudinem
521 487 871 549 devenerunt,
908 491 969 541 ut
1012 482 1192 541 cibum
1249 478 1510 545 veritatis,
1537 490 1646 548 quo
1683 487 1829 530 same

240 584 441 639 anima:
494 579 747 653 gaudent,
814 588 1063 650 tanquam
1124 572 1339 631 felleum
1398 570 1663 627 sustinere
1720 580 1829 621 non

241 675 473 748 possint.

318 766 412 822 16.
443 763 610 838 (vers.
635 759 760 836 12.]
784 759 849 815 Et
874 760 1106 815 (tutentur
1122 772 1291 812 omnes
1319 754 1406 826 qui
1426 760 1636 824 sperant
1660 751 1714 804 in
1736 757 1783 804 te
1810 763 1827 802 :

241 857 433 928 utique
485 855 560 910 illi
603 853 795 924 quibus
838 849 1173 923 gustantibus
1217 848 1396 903 suavis
1423 854 1507 901 est
1553 841 1828 899 Dominus.

245 949 313 1004 In
338 958 580 1004 aeternum
606 947 945 1011 multubunt,
971 951 1018 999 et
1036 940 1337 998 inhabitabis
1362 940 1416 994 in
1436 938 1507 993 eis
1526 952 1547 992 :
1564 935 1675 1006 ipsa
1702 947 1832 1005 ergo

242 1039 355 1096 erit
383 1046 581 1094 :eterna
603 1036 915 1102 exsultatio,
939 1049 1059 1090 cum
1087 1031 1341 1102 templum
1372 1028 1465 1085 Dei
1493 1028 1626 1083 ﬁunt
1663 1025 1829 1096 justi;

240 1139 298 1186 et
319 1130 427 1186 erit
447 1128 700 1201 gaudium
729 1128 988 1199 ipsorum,
1020 1125 1134 1194 ipse
1155 1121 1328 1179 incola
1350 1121 1369 1154 ι
1396 1134 1601 1176 eorum.
1630 1115 1699 1173 Et
1718 1117 1832 1189 glo-

241 1224 515 1280 riabuntur
529 1225 587 1279 in
629 1233 679 1278 te
718 1237 890 1277 omnes
906 1220 992 1290 qui
1014 1217 1229 1290 diligunt
1284 1230 1465 1270 nomen
1501 1222 1645 1267 tuum
1671 1226 1692 1267 :
1711 1218 1832 1266 tan-

240 1332 410 1391 quam
439 1331 559 1374 cum
586 1314 739 1372 adest
767 1314 846 1370 eis
871 1312 938 1368 ad
968 1310 1247 1367 fruendum
1296 1306 1437 1379 quod
1486 1306 1730 1377 diligunt.
1766 1303 1833 1358 Et

239 1407 387 1466 bene
406 1408 461 1462 in
490 1418 557 1472 te,
587 1415 836 1478 tanquam
859 1402 1191 1476 possidentes
1222 1398 1587 1455 ltmrcditatem
1626 1394 1695 1451 de
1728 1408 1830 1465 qua

240 1501 434 1556 titulus
464 1499 649 1570 psalmi
692 1507 795 1566 est,
843 1511 964 1553 cum
990 1503 1046 1551 et
1092 1493 1190 1563 ipsi
1222 1492 1328 1547 sint
1366 1489 1483 1561 ejus
1526 1485 1829 1553 hzereditas,

238 1594 391 1666 quod
421 1591 704 1664 signiﬁcat,
732 1588 1037 1645 iuhabitabis
1061 1588 1116 1642 in
1143 1585 1233 1641 eis.
1262 1587 1303 1639 A
1334 1598 1440 1655 quo
1482 1583 1622 1637 bene
1648 1578 1829 1649 prohi-

236 1685 443 1742 bentur
488 1682 624 1757 quos
694 1681 987 1740 secundum
1062 1677 1453 1736 multitudinem
1499 1673 1832 1745 impietatem

235 1789 432 1832 eorum
455 1774 669 1846 expellit
695 1775 851 1830 Deus.

315 1869 409 1924 ΓΙ.
438 1865 460 1942 [
488 1883 615 1922 rers.
647 1862 767 1939 13.]
800 1864 1053 1931 Quoniam
1089 1872 1142 1918 tu
1170 1860 1427 1916 benedices
1442 1860 1639 1930 justum
1669 1872 1689 1911 :
1719 1854 1834 1910 haec

236 1965 334 2014 est
358 1955 684 2022 benedictio,
727 1956 944 2028 gloriari
988 1954 1038 2009 in
1063 1954 1196 2020 Deo,
1248 1961 1302 2007 et
1330 1948 1612 2005 inhabitari
1641 1962 1669 2000 a
1699 1944 1829 2001 Deo.

238 2049 354 2105 Ista
383 2048 730 2103 sanctiﬁcatio
758 2046 1070 2102 conceditur
1092 2043 1281 2115 justis;
1311 2040 1405 2098 sed
1450 2049 1508 2095 ut
1535 2035 1834 2109 justiiicen-

237 2146 355 2206 tur,
384 2138 635 2209 prmcedit
682 2138 907 2202 vae-uie.
953 2152 1071 2209 qua:
1102 2150 1207 2191 non
1262 2141 1346 2190 est
1370 2132 1705 2196 meritorum,
1736 2127 1831 2183 sed

233 2232 433 2300 gratim
460 2230 552 2285 Dei
578 2249 594 2286 ;
621 2244 808 2285 omnes
829 2230 971 2284 enim
1004 2233 1382 2297 peccaverunt,
1414 2232 1468 2278 et
1509 2229 1670 2295 egent
1711 2220 1829 2291 glo-

235 2322 325 2376 ria
374 2320 465 2376 Dei
520 2317 693 2394 (Rom.
723 2335 800 2381 nt,
827 2317 940 2390 23).
981 2316 1126 2387 Quos
1164 2315 1307 2372 enim
1348 2313 1576 2378 vocavit,
1637 2312 1736 2367 hos
1776 2319 1832 2367 et

232 2412 584 2484 instillavit;
614 2427 751 2484 quos
778 2424 954 2468 autem
984 2408 1316 2483 justiiicavit,
1343 2406 1444 2463 hes
1467 2415 1518 2463 et
1564 2403 1829 2477 gloriﬁca-

232 2504 324 2561 vit
353 2503 466 2577 (Id.
494 2520 607 2567 rut,
634 2504 751 2575 50).
778 2504 910 2574 Quia
937 2518 1065 2573 ergo
1108 2501 1314 2557 vocatio
1364 2515 1472 2555 non
1515 2499 1827 2554 meritorum

236 2586 570 2659 nostrorum,
641 2593 735 2651 sed
783 2593 1166 2652 benevolentia:
1216 2600 1272 2648 et
1316 2589 1695 2647 misericordia:
1736 2588 1827 2644 Dei

233 2699 353 2757 est,
379 2688 603 2759 subjecit
622 2686 804 2745 dicens
827 2706 841 2744 :
869 2687 1100 2753 Domine,
1134 2693 1190 2740 ut
1219 2694 1358 2740 scuto
1389 2684 1533 2738 bona:
1555 2681 1830 2737 voluntatis

238 2795 351 2839 tua:
389 2781 641 2836 coronasti
677 2795 820 2856 nos;
848 2779 992 2834 bona
1016 2777 1158 2844 enim
1186 2775 1433 2831 voluntas
1460 2774 1554 2829 Dei
1578 2771 1829 2844 prmcedit

236 2873 447 2928 bonam
486 2871 809 2926 voluntatem
835 2878 1092 2933 nostram,
1138 2875 1198 2922 ut
1224 2874 1533 2937 peceatores
1583 2871 1737 2919 vocet
1775 2863 1829 2917 in

236 2964 637 3038 pretiitemiam.
686 2963 748 3018 Et
786 2963 898 3033 ipsa
928 2968 1054 3016 sunt
1077 2974 1223 3015 arma
1260 2956 1453 3029 quibus
1496 2962 1830 3027 expugnatur

235 3057 522 3123 inimicus,
550 3062 737 3110 contra
757 3068 914 3126 quem
945 3051 1137 3107 dicitur
1167 3068 1182 3106 :
1217 3048 1345 3118 Quis
1372 3046 1625 3102 accusabit
1644 3044 1827 3100 adver-

232 3165 335 3205 sus
351 3147 535 3204 electos
561 3145 655 3201 Dei
670 3145 695 3201 Ρ
712 3153 787 3211 et,
809 3143 873 3200 Si
893 3142 1031 3198 Deus
1060 3158 1152 3214 pro
1172 3141 1335 3208 nobis,
1356 3140 1472 3212 quis
1491 3147 1668 3193 contra
1692 3152 1785 3191 nos
1802 3136 1829 3191 1’

241 3240 350 3308 Qui
377 3241 528 3295 unico
555 3237 695 3294 Filio
722 3253 815 3293 suo
842 3254 944 3292 non
988 3235 1228 3307 pepercit,
1256 3233 1346 3290 sed
1371 3249 1463 3304 pro
1491 3231 1634 3287 nobis
1661 3229 1828 3286 omni-

238 3333 337 3388 bus
361 3324 736 3386 tradiditillum
772 3326 960 3397 (Ibid.,
986 3328 1078 3389 '51,
1108 3326 1222 3398 '53).
1256 3325 1320 3382 Si
1338 3326 1470 3379 enim
1497 3324 1668 3378 adhuc
1715 3338 1830 3377 cum

236 3425 441 3483 {aliudsi
462 3440 700 3487 essemus,
723 3420 952 3478 Christus
977 3438 1069 3492 pro
1094 3420 1236 3475 nobis
1274 3428 1501 3473 mortuus
1521 3427 1627 3483 est;
1669 3414 1828 3471 multa

232 3518 413 3591 magis
437 3516 766 3583 reconciliati,
794 3515 924 3571 salui
966 3515 1150 3570 erimus
1175 3513 1238 3568 ab
1257 3514 1337 3568 ira
1365 3528 1455 3583 per
1499 3512 1675 3584 ipsum“
1717 3508 1827 3583 (Id.

237 3625 300 3674 ν,
326 3606 522 3679 9,10).
553 3607 667 3664 Hoc
712 3615 796 3663 est
827 3606 1228 3662 invictissimum
1257 3613 1486 3670 scutum,
1513 3618 1618 3674 quo
1647 3600 1825 3672 repel-

239 3698 379 3756 litur
404 3699 652 3756 inimicus
676 3696 1101 3769 desperationem
1140 3696 1328 3752 salutis
1358 3709 1651 3766 suggerens
1693 3692 1831 3749 mul-

239 3792 477 3850 titudine
506 3791 907 3848 tribulationum
925 3798 979 3845 et
1005 3788 1378 3844 tentationum.

320 3884 410 3941 18.
442 3883 611 3941 Totus
637 3897 766 3954 ergo
787 3890 964 3939 textus
984 3880 1178 3936 Psalmi
1205 3889 1287 3934 est
1315 3878 1486 3933 oratio
1503 3885 1564 3934 ut
1582 3875 1835 3933 exaudia-

243 3985 371 4039 tur;
403 3975 473 4030 ab
497 3989 564 4031 eo
581 3974 722 4045 quod
749 3973 1004 4043 scriptum
1027 3979 1128 4037 est,
1170 3969 1327 4025 Verba
1348 3985 1459 4023 mea
1485 3967 1691 4035 exaudi,
1724 3967 1832 4022 Do-

244 4067 408 4129 mine,
440 4080 609 4136 usque
627 4063 717 4132 ad,
749 4064 859 4121 Rea:
882 4081 1021 4119 meus
1060 4072 1110 4117 et
1139 4060 1276 4117 Deus
1296 4078 1455 4116 meus.
1500 4059 1706 4116 Deinde
1751 4061 1835 4115 in-

228 4162 500 4217 ‘telleetus
517 4174 702 4215 eorum
729 4174 847 4230 qum
886 4157 1178 4227 impediunt
1215 4156 1281 4212 ad
1316 4153 1599 4210 videndum
1643 4152 1830 4216 Deum,

246 4253 306 4309 id
335 4263 439 4318 est,
473 4261 545 4307 ut'
578 4266 638 4307 se
665 4250 967 4305 exauditam
995 4264 1115 4304 esse
1155 4254 1471 4318 cognoscat;
1503 4245 1571 4301 ab
1599 4260 1665 4301 eo
1691 4241 1833 4316 quod

247 4342 509 4412 scriptum
560 4350 665 4406 est,
713 4338 965 4407 Quoniam
1012 4338 1080 4392 ad
1123 4348 1171 4392 te
1202 4336 1375 4402 orabo,
1421 4335 1656 4403 Domine,
1689 4350 1837 4389 mane

249 4433 491 4491 mudies
508 4447 675 4489 uocem
700 4448 881 4498 meam,
910 4444 1079 4501 usque
1119 4431 1207 4496 ad,
1242 4426 1419 4482 Virum
1447 4427 1749 4499 sanguinum
1787 4437 1834 4480 et

251 4525 490 4582 dolosam
513 4522 887 4579 abominabitur
924 4521 1190 4576 Dominus.
1218 4519 1422 4586 Tertio,
1448 4527 1629 4590 Sperat
1655 4533 1714 4576 se
1737 4518 1835 4574 do-

250 4633 402 4676 mum
449 4616 543 4673 Dei
594 4617 847 4677 futuram,
891 4624 946 4671 et
990 4630 1130 4670 nunc
1155 4612 1205 4670 ei
1235 4613 1661 4685 appropinquare
1686 4613 1741 4667 in
1771 4612 1838 4667 ti-

251 4724 409 4767 more
439 4716 565 4765 ante
589 4707 1103 4763 consummationem
1133 4721 1252 4776 quze
1299 4704 1516 4775 expellit
1550 4704 1834 4770 timorem;

253 4802 326 4858 ab
349 4816 416 4857 eo
454 4798 596 4872 quod
635 4799 890 4871 scriptum
936 4806 1040 4864 est,
1084 4794 1196 4868 Ego
1223 4805 1390 4851 autem
1440 4796 1492 4851 in
1523 4796 1839 4851 multitudine

254 4892 591 4949 miserationis
621 4900 740 4955 tute.
770 4906 937 4961 usque
961 4889 1048 4953 ad,
1077 4887 1312 4943 Adorabo
1335 4888 1405 4942 ad
1451 4888 1691 4960 templum
1715 4905 1828 4943 san-

255 4997 398 5041 ctum
421 4995 563 5039 tuum
586 4986 639 5038 in
663 4984 841 5038 timore
855 4992 959 5037 tuo.
978 4982 1199 5051 Quarto,
1217 4978 1579 5051 proﬁcientem
1600 4996 1658 5035 se
1678 4989 1838 5048 atque

258 5083 662 5148 promerentem
684 5074 822 5129 inter
848 5072 934 5128 illa
955 5073 1066 5144 ipsa
1086 5072 1278 5143 quibus
1303 5070 1547 5143 impediri
1572 5085 1630 5126 se
1657 5072 1837 5138 sentit,

257 5177 381 5223 erat
426 5174 481 5221 ut
508 5166 789 5237 adjuvetur
829 5166 1170 5227 intrinsecus,
1222 5163 1311 5220 ubi
1358 5176 1519 5219 nemo
1564 5161 1840 5219 hominum

255 5259 427 5318 videt.
451 5273 519 5314 ne
538 5267 808 5315 avertatur
820 5257 975 5313 malis
992 5256 1185 5328 linguis
1204 5271 1220 5322 ;
1243 5256 1311 5311 ab
1336 5270 1401 5313 eo
1421 5255 1562 5327 quod
1584 5256 1838 5326 scriptum

255 5360 363 5414 est.
400 5348 633 5414 Domine,
660 5346 821 5404 deduc
881 5364 960 5404 me
981 5349 1036 5403 in
1066 5358 1154 5403 tua
1171 5348 1374 5421 justitia
1422 5358 1629 5419 propter
1672 5349 1842 5404 inimi-

255 5457 349 5496 cos
396 5454 552 5507 meos,
592 5454 761 5511 usque
822 5439 910 5506 ad,
957 5439 1167 5510 Linguis
1219 5439 1328 5495 suis
1382 5439 1556 5495 dolose
1604 5440 1837 5513 agebant.

259 5533 486 5604 Quinto,
539 5531 818 5605 prophetia
863 5541 947 5588 est
993 5547 1109 5602 qua:
1151 5546 1309 5603 poena
1367 5541 1581 5588 maneat
1624 5532 1839 5604 impios,

256 5625 480 5700 quando
496 5624 671 5695 justus
694 5623 779 5679 vix
805 5625 981 5679 salvus
1005 5624 1128 5692 erit,
1168 5632 1221 5680 et
1241 5623 1382 5695 quod
1405 5624 1677 5695 praemium
1708 5624 1840 5696 justi

257 5716 514 5790 adepturi
541 5715 667 5782 sint,
695 5716 783 5786 qui
815 5714 986 5772 vocati
1014 5725 1278 5771 venerunt
1300 5725 1354 5771 et
1382 5716 1552 5774 donec
1577 5717 1838 5790 perduce-

319 5833 339 5864 ι
364 5828 445 5882 sic
463 5814 820 5891 praestantiora
839 5832 945 5877 uss.
968 5833 1019 5876 λι
1042 5827 1198 5889 editi.,
1219 5825 1467 5879 itteolotus.

1934 479 2123 525 rentur
2181 470 2405 527 viriliter
2451 471 2628 528 omnia
2675 471 3075 538 sustinuerunt;
3143 474 3214 531 ab
3257 487 3325 530 eo
3373 448 3521 546 quod

1934 564 2190 633 scriptum
2245 574 2348 631 est,
2404 564 2593 620 Iudice
2644 566 2782 633 illas,
2819 566 2979 637 Deus,
3023 562 3192 640 usque
3251 568 3304 624 in
3353 568 3516 627 linem

1936 654 2152 711 Psalmi.

2406 865 2489 927 IN
2532 867 2908 930 PSALMUM
2942 868 3027 932 VI

2501 987 2917 1045 ENARRATIO.

2028 1098 2096 1156 In
2126 1102 2298 1168 ﬁnem,
2323 1103 2376 1157 in
2414 1104 2611 1174 hymnis
2637 1103 2703 1159 de
2729 1114 2922 1171 octavo,
2954 1104 3191 1161 Psalmus
3232 1104 3418 1160 Dauid.

2009 1215 2257 1293 1.[vers.
2291 1217 2370 1292 1.]
2416 1217 2492 1273 De
2533 1229 2722 1285 octavo,
2786 1220 2875 1276 hic
2932 1220 3146 1277 videtur
3194 1212 3517 1292 obscurum;

1936 1324 2059 1366 nam
2094 1319 2282 1365 ca-tera
2335 1310 2387 1366 in
2434 1311 2537 1367 hoc
2572 1313 2722 1367 titulo
2756 1306 3126 1369 manifestiora
3156 1326 3299 1371 sunt.
3334 1315 3518 1371 Visum

1936 1413 2020 1459 est
2047 1412 2225 1458 autem
2278 1404 2547 1459 nonnullis
2576 1404 2715 1459 diem
2760 1405 2943 1476 jndicii
2974 1407 3294 1477 signiﬁcare,
3341 1407 3392 1462 id
3438 1416 3522 1463 est

1937 1506 2145 1563 tempus
2170 1496 2430 1552 adventus
2475 1497 2684 1552 Domini
2736 1499 2925 1565 nostri,
2967 1513 3075 1568 quo
3131 1510 3385 1554 venturus
3440 1510 3524 1555 est

1930 1588 2171 1661 judicare
2202 1590 2351 1643 vivos
2380 1596 2435 1644 et
2465 1597 2723 1645 mortuos.
2752 1588 2853 1657 Qui
2882 1588 3165 1651 adventus,
3195 1590 3523 1660 computatis

1935 1681 2091 1735 annis
2118 1680 2188 1735 ab
2217 1679 2405 1744 Adam,
2429 1689 2549 1751 post
2575 1688 2778 1750 septem
2808 1695 3068 1736 alllml‘llm
3110 1679 3273 1735 millia
3315 1680 3522 1735 futurus

1935 1771 2171 1827 creditur
2194 1788 2208 1837 ;
2238 1780 2293 1825 ttt
2321 1781 2523 1841 septem
2551 1787 2811 1827 annorum
2843 1771 3007 1827 millia
3037 1782 3286 1841 tanquam
3313 1781 3521 1841 septem

1935 1862 2051 1919 dies
2080 1872 2373 1928 transeant.
2404 1863 2595 1919 deinde
2618 1863 2746 1919 illud
2771 1871 2974 1934 tempus
3008 1873 3256 1934 tanquam
3287 1866 3402 1921 dies
3428 1880 3521 1921 oc-

1938 1966 2091 2013 tavus
2117 1956 2388 2012 adveniat.
2421 1957 2523 2013 Sed
2547 1958 2795 2028 quoniam
2822 1957 3025 2012 dictum
3065 1971 3148 2013 est
3189 1974 3218 2012 a
3247 1958 3475 2012 Domino
3502 1976 3518 2012 :

1940 2046 2063 2104 Non
2089 2058 2161 2104 est
2180 2060 2395 2104 vestrum
2418 2050 2546 2104 scire
2567 2059 2791 2119 tempora
2814 2065 2927 2118 quia
2953 2046 3110 2103 Pater
3144 2050 3309 2121 posuit
3346 2050 3399 2103 in
3427 2067 3522 2104 sua

1938 2150 2180 2212 potestate
2205 2141 2342 2208 (Act.
2375 2157 2413 2207 I,
2437 2140 2516 2212 7).
2545 2151 2599 2196 et
2628 2159 2641 2194 :
2674 2138 2752 2194 De
2776 2142 2857 2196 die
2892 2156 3005 2194 vero
3035 2150 3080 2194 ct
3105 2141 3195 2195 illa
3221 2141 3346 2195 hora
3376 2141 3521 2195 nemo

1935 2232 2051 2301 scit,
2094 2250 2249 2304 neque
2304 2234 2534 2303 angelus,
2582 2251 2740 2304 neque
2790 2236 2965 2291 uirtus.
2998 2252 3156 2303 neque
3202 2233 3391 2299 Filius,
3424 2236 3522 2287 nisi

1934 2326 2074 2381 solus
2100 2323 2257 2379 Pater
2277 2323 2492 2393 (Matth.
2531 2342 2677 2385 xxw.
2709 2325 2824 2396 56).
2855 2336 2903 2380 el
2936 2326 3062 2381 illud
3089 2326 3228 2396 quod
3259 2328 3518 2396 scriptum

1937 2426 2039 2479 est,
2065 2428 2314 2486 tanquam
2344 2417 2511 2473 furem
2534 2420 2718 2474 venire
2762 2419 2900 2474 diem
2950 2421 3157 2475 Domini
3185 2420 3222 2491 (I
3256 2420 3431 2475 Thess.
3464 2437 3517 2495 γ,

1932 2507 2012 2583 2),
2042 2511 2175 2565 satis
2204 2522 2390 2579 aperte
2415 2512 2648 2567 ostendit
2682 2514 2946 2568 netninem
2971 2514 3071 2567 sibi
3101 2524 3350 2582 upul’lt‘l‘c
3370 2532 3520 2568 arro-

1933 2617 2062 2672 gare
2091 2602 2368 2658 scientiam
2414 2601 2552 2657 illitis
2597 2605 2870 2672 temporis,
2900 2607 3299 2673 computatione
3342 2606 3549 2677 aliqua.

1932 2710 2215 2750 annorum.
2276 2695 2334 2750 Si
2374 2696 2514 2750 enim
2557 2707 2678 2769 post
2699 2707 2902 2766 st-ptem
2933 2700 3094 2753 millia
3142 2715 3402 2753 annorum
3433 2700 3520 2756 ille

1932 2783 2050 2841 dies
2073 2796 2334 2842 venturus
2360 2798 2461 2853 est,
2491 2793 2664 2844 omnis
2693 2787 2854 2842 beam
2886 2798 3060 2857 potest
3093 2790 3250 2844 annis
3294 2805 3519 2858 compu-

1932 2877 2055 2931 tatis
2076 2877 2363 2931 adventum
2395 2879 2514 2949 ejus
2551 2878 2828 2934 addisrere
2862 2880 2989 2934 :ubi
3042 2882 3145 2934 erit
3186 2896 3335 2949 ergo,
3377 2860 3520 2951 quod

1932 2983 2033 3023 nec
2058 2967 2226 3023 Filius
2265 2969 2365 3024 hoc
2408 2968 2588 3025 novit?
2630 2969 2783 3038 Quod
2809 2971 2993 3041 utique
3023 2969 3147 3025 ideo
3168 2971 3367 3027 dictum
3412 2980 3517 3036 est,

1932 3059 2054 3129 quia
2079 3074 2173 3129 per
2194 3059 2386 3115 Filium
2414 3060 2662 3116 homines
2701 3060 2804 3116 hoc
2827 3076 2931 3115 non
2954 3062 3185 3124 discunt,
3229 3077 3332 3115 non
3377 3061 3518 3131 quod

1931 3151 2071 3220 apud
2123 3168 2182 3205 se
2224 3152 2337 3222 ipse
2369 3167 2472 3207 non
2528 3154 2756 3216 neverit,
2787 3153 3080 3209 secundum
3119 3153 3260 3207 illam
3295 3152 3522 3207 locutio-

1932 3257 2079 3309 nem,
2110 3241 2287 3297 Tentat
2314 3259 2399 3298 uos
2421 3243 2672 3299 Dominus
2696 3243 2838 3298 Deus
2860 3253 3036 3311 uester,
3070 3254 3122 3299 ut
3165 3244 3292 3299 sciat
3339 3243 3513 3318 (Deut.

1934 3351 2048 3401 xm,
2070 3336 2149 3404 5),
2177 3335 2226 3392 id
2259 3345 2360 3402 est,
2386 3338 2525 3393 seire
2554 3338 2711 3393 faciat
2731 3354 2855 3405 vos;
2900 3346 2974 3406 et,
3009 3337 3259 3411 Exsurge,
3304 3336 3521 3393 Domine

1939 3426 2110 3499 (Psal.
2141 3443 2219 3492 tn,
2240 3425 2317 3500 Ἰ),
2345 3427 2395 3483 id
2423 3437 2525 3495 eat,
2558 3428 2639 3483 fac.
2666 3444 2764 3485 nos
2788 3444 3095 3500 exsurgere.
3128 3428 3261 3485 Cum
3291 3445 3420 3500 ergo
3447 3430 3518 3485 ita

1932 3518 2142 3575 dicatur
2163 3521 2372 3576 nescire
2401 3518 2569 3575 Filius
2594 3519 2737 3576 hunc
2771 3520 2935 3589 diem,
2968 3538 3075 3577 non
3114 3522 3253 3592 quod
3295 3522 3515 3586 nesciat,

1936 3612 2032 3668 sed
2067 3613 2209 3684 quod
2243 3613 2450 3669 nescire
2477 3613 2635 3669 faciat
2659 3632 2752 3670 eos
2779 3613 2972 3684 quilms
3019 3613 3122 3668 hoc
3154 3631 3256 3669 non
3300 3613 3519 3683 expedit

1934 3706 2094 3770 scire,
2124 3705 2173 3759 id
2203 3714 2308 3771 est,
2344 3721 2447 3759 non
2475 3707 2554 3761 eis
2578 3709 2678 3761 hoc
2699 3706 2982 3768 ostendat;
3008 3705 3135 3777 quid
3158 3705 3257 3760 sibi
3283 3706 3390 3760 vult
3428 3722 3518 3761 ne-

1933 3796 2048 3851 scio
2077 3812 2194 3865 qua:
2219 3799 2583 3868 praesumpta»,
2609 3812 2727 3866 qua:
2751 3797 2906 3851 annis
2930 3797 3255 3865 computatis
3276 3797 3517 3851 certissi-

1933 3901 2079 3942 mum
2109 3897 2291 3958 sperat
2314 3900 2435 3960 post
2476 3899 2681 3959 septem
2728 3902 2989 3944 annorum
3036 3888 3199 3943 millia
3229 3888 3369 3943 diem
3419 3886 3523 3943 Do-

1934 3977 2063 4032 mini
2079 3977 2104 4032 l
2788 3966 2789 3971 “

2005 4066 2060 4123 2.
2093 4066 2201 4123 Nos
2223 4068 2405 4138 igitur,
2438 4068 2578 4140 quod
2607 4068 2816 4124 nescire
2838 4083 2937 4124 nos
2959 4068 3217 4124 Dominus
3242 4068 3430 4128 voluit.
3456 4069 3523 4124 li-

1936 4161 2124 4218 benter
2153 4163 2474 4228 nesciamus,
2505 4171 2560 4217 et
2582 4170 2884 4232 quaeramus
2911 4161 3035 4228 quid
3066 4161 3183 4216 velit
3208 4161 3307 4216 sibi
3326 4162 3424 4215 iste
3453 4161 3522 4215 ti-

1937 4252 2102 4316 tulus,
2128 4252 2219 4323 qui
2266 4251 2517 4308 scribitur
2545 4250 2618 4305 De
2655 4260 2848 4305 octavo.
2880 4250 3059 4306 Potest
3083 4251 3321 4321 quidem,
3359 4255 3522 4307 etiam

1936 4346 2081 4402 nulla
2111 4360 2371 4400 mutorum
2430 4344 2710 4400 temeraria
2753 4344 3150 4413 supputatione,
3199 4342 3313 4396 dies
3338 4342 3521 4412 judicii

1936 4446 2156 4493 octavus
2194 4436 2434 4507 intelligi,
2463 4435 2604 4508 quod
2640 4435 2750 4505 jam
2779 4442 2902 4505 post
2953 4434 3115 4489 ﬁnem
3161 4434 3316 4503 lmjns
3342 4424 3557 4490 su-culi'

1936 4539 2154 4601 accepta
2182 4538 2384 4585 {eterna
2410 4529 2538 4595 vita,
2567 4537 2693 4584 tunc
2727 4542 2831 4582 non
2858 4536 3016 4582 erunt
3043 4526 3235 4581 animm
3256 4527 3522 4596 justorum

1938 4622 2185 4678 obnoxiae
2236 4621 2603 4693 temporibus:
2636 4628 2691 4676 et
2751 4619 3002 4691 quoniam
3051 4617 3231 4673 omnia
3286 4627 3523 4687 tempora

1939 4724 2146 4785 septem
2172 4713 2379 4769 dierum
2408 4713 2628 4768 istorum
2676 4710 2990 4780 repetitione
3020 4708 3324 4773 volvuntur,
3378 4718 3526 4761 octa-

1938 4820 2040 4863 vus
2070 4806 2202 4860 forte
2230 4804 2317 4858 ille
2341 4804 2511 4859 dictus
2534 4812 2637 4870 est,
2665 4802 2752 4874 qui
2782 4801 3089 4856 varietatem
3111 4799 3266 4855 istam
3295 4815 3397 4854 non
3433 4797 3524 4854 ha-

1943 4898 2107 4954 bebit.
2139 4897 2235 4953 Est
2263 4895 2405 4951 aliud
2434 4894 2574 4968 quod
2602 4895 2686 4950 hic
2704 4910 2809 4949 non
2845 4892 3079 4948 absurde
3116 4892 3284 4961 accipi
3328 4899 3524 4961 potest,

1942 5004 2039 5046 cur
2057 4998 2300 5045 octavum
2322 4988 2528 5043 dicatur
2549 4984 2828 5058 judicium,
2849 4984 2990 5056 quod
3031 4992 3154 5056 post
3191 4984 3324 5039 duas
3359 4997 3522 5055 gene-

1942 5081 2181 5137 rationes
2202 5078 2436 5134 futurum
2466 5087 2568 5145 est,
2601 5093 2758 5133 unam
2789 5092 2908 5148 qum
2942 5075 3009 5132 ad
3053 5089 3272 5147 corpus,
3303 5074 3524 5129 alterum

1943 5188 2062 5245 quae
2102 5171 2168 5227 ad
2205 5171 2437 5226 animam
2485 5171 2732 5242 pertinet.
2772 5169 2854 5227 Ab
2881 5167 3052 5225 Adam
3093 5168 3235 5224 enim
3266 5180 3431 5237 usque
3457 5164 3525 5219 ad

1944 5264 2164 5337 Moysen
2189 5276 2359 5333 genus
2387 5260 2682 5317 humanum
2725 5261 2856 5316 vixit
2894 5252 2960 5316 ex
2988 5273 3236 5331 corpore,
3258 5256 3311 5312 id
3336 5269 3416 5312 est
3436 5269 3525 5310 se-

1943 5354 2175 5413 cundum
2216 5369 2433 5411 carnem
2467 5372 2482 5410 :
2513 5355 2601 5426 qui
2631 5354 2791 5410 etiam
2829 5354 3066 5410 exterior
3106 5361 3161 5408 et
3181 5358 3337 5407 vetus
3366 5349 3527 5406 homo

1943 5447 2138 5504 dicitur
2184 5444 2400 5519 (Ep/tes.
2429 5461 2506 5511 tv,
2532 5443 2648 5517 22),
2693 5451 2748 5501 et
2789 5444 2875 5501 cui
2915 5442 3082 5499 Vetus
3126 5440 3523 5497 Testamentum

1946 5539 2128 5598 datum
2157 5551 2260 5606 est,
2290 5551 2347 5596 ut
2390 5540 2632 5612 quamvis
2671 5537 2956 5610 religiosis,
3007 5546 3183 5591 tamen
3223 5533 3525 5590 carnalibus

1945 5633 2119 5689 adhuc
2161 5631 2559 5705 operationibus
2594 5629 2766 5686 futura
2813 5626 3108 5700 Spiritualia
3159 5625 3526 5698 prmsignaret.

1945 5727 2060 5785 Hoc
2090 5736 2200 5783 toto
2230 5735 2469 5797 tempore
2506 5738 2613 5795 quo
2660 5719 2950 5778 secundum
2988 5732 3186 5791 corpus
3228 5716 3525 5784 vivebatur,

1944 5819 2169 5891 regnauit
2196 5834 2352 5886 mors,
2397 5817 2533 5873 sicut
2581 5808 2868 5885 Aposmlus
2908 5813 3016 5879 ait,
3044 5813 3197 5868 etiam
3216 5812 3273 5867 in
3307 5826 3394 5866 eos
3435 5807 3527 5881 qui
