4078 6448
491 2377 540 2706 l

569 370 640 433 95
1711 398 1722 408 .
1805 364 1886 447 5..
1903 355 2269 419 AUGUSTINI
2308 358 2607 419 EPISCOPI
3283 320 3286 324 '
3748 377 3804 436 ιι

568 490 826 545 Turbatus
849 499 921 545 est
944 491 1009 543 ab
1036 491 1115 544 ira
1141 487 1318 542 ocnlm
1340 500 1498 540 meus.
1527 483 1584 540 Si
1607 491 1785 538 autem
1812 493 1907 535 sua
1933 479 2011 533 ira
2035 475 2164 532 dicit

554 583 786 638 »oculum
827 598 981 638 suum
1009 597 1126 638 esse
1156 579 1421 634 turbatum
1441 619 1454 643 ,
1487 590 1658 646 neque
1688 575 1790 630 hoc
1818 573 2008 628 mirum
2035 580 2116 626 est
2145 586 2160 624 :

570 691 694 729 nam
731 673 854 729 hinc
890 673 1107 728 forsitan
1171 670 1369 726 dictum
1396 677 1506 733 est,
1539 665 1660 720 Non
1689 665 1884 720 occidat
1911 663 1989 717 sol
2014 677 2162 732 super

568 767 888 822 iracundiam
925 775 1137 819 vestram
1167 761 1381 834 (Ephes.
1414 777 1464 815 tv
1483 803 1497 826 ,
1528 760 1620 827 26)
1639 801 1653 823 ,
1682 758 1821 830 quod
1851 755 2158 810 interiorem

568 861 736 916 solem
759 900 772 921 ,
797 858 847 912 id
872 867 954 914 est
980 856 1295 927 sapientiam
1321 855 1448 919 Dei,
1478 862 1725 922 tanquam
1756 864 2002 904 occasum
2026 847 2079 900 in
2100 861 2160 902 se

570 955 675 1021 pati
719 952 1004 1008 arbitratur
1041 965 1228 1017 mens,
1274 964 1392 1020 qua:
1435 962 1530 1002 sua
1575 943 1974 1017 perturbatione
2007 941 2158 996 illum

569 1044 748 1100 videre
778 1058 883 1099 nou
913 1042 1124 1099 sinitur.

636 1135 690 1189 9.
732 1134 1015 1190 Inveteravi
1050 1135 1105 1188 in
1143 1133 1372 1188 omnibus
1410 1130 1628 1186 inimicis
1662 1130 1801 1184 meis.
1839 1129 1913 1183 De
1939 1130 2015 1184 ira
2043 1136 2159 1182 tan-

535 1253 540 1258 -
568 1235 678 1281 tum
711 1226 951 1292 dixerat,
983 1227 1028 1282 si
1054 1234 1231 1282 tamen
1252 1225 1318 1279 de
1341 1238 1438 1279 sua
1467 1224 1544 1278 ira
1573 1222 1782 1278 dixerat
1813 1238 1826 1274 :
1850 1219 2157 1276 considera-

565 1321 638 1375 tis
661 1330 838 1388 autcm
867 1320 1089 1390 reliquis
1117 1320 1258 1374 vitiis
1279 1361 1294 1384 ,
1327 1317 1528 1373 invenit
1547 1332 1606 1372 se
1630 1315 1878 1372 omnibus
1901 1331 2019 1370 esse
2040 1314 2154 1368 val-

566 1413 753 1468 latum.
786 1412 915 1480 Qua:
943 1412 1070 1466 vitia
1095 1412 1343 1480 quoniam
1376 1409 1572 1466 veteris
1591 1409 1712 1463 vita:
1738 1417 1934 1464 suntet
1962 1409 2158 1465 veteris

568 1502 804 1559 hominis
821 1518 928 1574 quo
949 1502 1177 1558 exuendi
1201 1516 1386 1557 sumus
1408 1510 1465 1555 ut
1485 1500 1764 1556 induamur
1779 1515 1916 1556 novo
1936 1499 2154 1573 (Coloss.

569 1610 626 1650 ιιι
651 1636 668 1661 ,
699 1595 767 1662 9,
796 1595 889 1662 i0)
909 1635 926 1658 ,
956 1603 1100 1650 recte
1126 1594 1325 1650 dictum
1350 1603 1433 1650 est
1453 1634 1469 1658 ,
1501 1591 1800 1650 lnveteravi.
1829 1593 1898 1648 In
1927 1596 2156 1648 omnibus

566 1695 745 1741 autem
787 1685 1002 1740 inimicis
1047 1688 1202 1754 meis,
1251 1685 1336 1741 vel
1377 1687 1515 1741 inter
1556 1687 1669 1755 ipsa
1712 1685 1837 1740 vitia
1878 1685 2042 1752 dicit,
2073 1687 2154 1740 vel

566 1776 706 1832 inter
745 1775 986 1831 homines
1017 1777 1107 1848 qui
1133 1777 1321 1831 nolunt
1343 1776 1409 1831 ad
1448 1776 1614 1832 Deum
1639 1775 1876 1831 converti
1909 1793 1921 1829 :
1955 1791 2075 1830 nam
2099 1785 2156 1832 et

566 1867 652 1932 hi,
695 1868 854 1922 etiam
891 1868 936 1922 si
975 1869 1218 1924 nesciunt
1261 1871 1309 1934 ⁸,
1353 1869 1510 1922 etiam
1554 1870 1600 1923 si
1641 1877 1894 1938 parcunt,
1925 1868 2084 1923 etiam
2108 1871 2154 1923 si

569 1956 758 2012 iisdem
801 1958 1059 2013 conviviis
1095 1967 1149 2014 et
1187 1959 1435 2014 domibus
1473 1968 1527 2014 et
1566 1959 1869 2013 civitatibus
1894 1958 2035 2012 nulla
2062 1959 2155 2015 lite

564 2048 913 2119 interposita,
959 2059 1012 2105 et
1055 2050 1259 2106 crebris
1303 2051 1582 2122 colloquiis
1621 2051 1774 2121 quasi
1817 2051 2156 2106 concorditer

564 2150 816 2208 utuntur,
845 2140 1190 2196 nihilominus
1213 2151 1388 2197 tamen
1417 2143 1708 2197 intentione
1727 2143 1989 2199 contraria
2009 2184 2026 2210 ,
2050 2143 2152 2198 ini-

563 2231 687 2287 mici
732 2243 856 2287 sunt
879 2232 959 2288 eis
987 2233 1076 2304 qui
1106 2248 1165 2289 se
1198 2234 1263 2288 ad
1302 2233 1466 2290 Deum
1507 2243 1840 2289 convertunt.
1870 2234 2001 2289 Nam
2029 2250 2152 2290 eum

558 2325 650 2382 alii
688 2334 872 2380 amant.
895 2334 949 2381 et
970 2334 1228 2397 appetunt
1258 2328 1416 2382 istum
1449 2328 1700 2382 mundum
1721 2369 1737 2395 ,
1765 2327 1854 2383 alii
1882 2344 1940 2383 se
1967 2336 2156 2398 optant

559 2417 630 2474 sb
672 2418 778 2472 isto
823 2417 1024 2473 mundo
1066 2417 1318 2484 liberari,
1350 2419 1469 2489 quis
1497 2435 1600 2474 uon
1629 2419 1804 2475 videat
1832 2420 1948 2474 illos
1977 2420 2152 2476 inimi-

559 2522 654 2563 cos
680 2522 802 2564 esse
837 2508 996 2564 istis?
1032 2525 1156 2564 nam
1193 2510 1237 2566 si
1274 2512 1512 2581 possint,
1543 2526 1637 2566 eos
1665 2527 1844 2567 secum
1874 2511 1940 2566 ad
1968 2526 2154 2582 pmnas

560 2601 798 2657 trahunt.
841 2602 909 2659 Et
948 2617 1200 2674 magnum
1233 2603 1431 2658 donum
1459 2613 1541 2660 est
1563 2645 1577 2670 ,
1611 2603 1748 2660 inter
1776 2619 1959 2660 eorum
1989 2604 2152 2661 verba

482 2697 499 2762 εί
557 2700 760 2757 versari
798 2697 1068 2770 quotidie,
1107 2707 1164 2754 et
1201 2714 1309 2754 non
1343 2698 1602 2755 excedere
1628 2697 1696 2755 de
1739 2699 1928 2755 itinere
1955 2715 2154 2770 prmce-

477 2777 497 2866 i,
556 2803 769 2864 ptorum
803 2791 896 2848 Dei
927 2809 942 2848 :
969 2806 1113 2862 saepe
1131 2792 1275 2848 enim
1299 2807 1448 2847 mens
1463 2791 1638 2847 nitens
1655 2806 1872 2862 pergere
1895 2792 1946 2846 in
1960 2791 2150 2858 Deum,

555 2899 814 2940 concussa
851 2883 905 2938 in
935 2883 1051 2954 ipso
1081 2883 1268 2938 itinere
1300 2882 1528 2953 trepidat
1557 2900 1570 2935 :
1606 2893 1660 2938 et
1686 2884 1995 2952 plerumque
2027 2898 2150 2951 pro-

508 2963 512 2980 ³
555 2985 736 3048 pterea
759 2992 865 3034 non
889 2977 1074 3049 implet
1098 2976 1296 3035 bonum
1321 2977 1645 3049 propositum
1667 3020 1684 3045 ,
1712 2991 1780 3036 ue
1799 2976 2034 3034 oﬂcudat
2057 2991 2150 3029 eos

553 3087 674 3127 cum
717 3072 912 3143 quibus
960 3071 1122 3138 vivit,
1153 3072 1253 3126 alia
1299 3071 1434 3127 bona
1476 3072 1706 3142 peritura
1746 3081 1800 3127 et
1827 3072 2151 3126 transeuntia

553 3164 838 3234 diligentes
861 3173 1020 3234 atque
1048 3173 1333 3219 sectantes.
1366 3163 1448 3218 Ab
1469 3162 1552 3218 bis
1576 3173 1854 3234 separatus
1875 3174 1955 3219 est
1976 3165 2151 3219 omnis

551 3269 715 3309 sanus
733 3295 750 3321 ,
782 3269 888 3309 non
914 3254 1078 3320 locis,
1108 3253 1204 3310 sed
1233 3254 1449 3319 animo;
1477 3269 1600 3309 nam
1623 3254 1753 3309 locis
1775 3269 1998 3325 corpora
2021 3270 2147 3310 cou-

553 3347 788 3402 tinentur
805 3387 822 3410 ,
851 3346 1032 3400 animo
1059 3355 1235 3400 autem
1264 3347 1413 3401 locus
1440 3356 1524 3402 est
1551 3346 1763 3403 aﬂ'ectio
1783 3363 1898 3402 sua.

625 3436 714 3494 l0.
744 3436 1078 3508 Quapropter
1105 3445 1227 3506 post
1255 3435 1491 3493 laborem
1519 3447 1574 3492 et
1597 3439 1849 3506 gemitum
1872 3446 1926 3490 et
1952 3437 2149 3493 imbres

550 3530 906 3586 creberrimos
942 3528 1295 3600 lacryntarum
1316 3570 1331 3595 ,
1361 3529 1483 3599 quia
1512 3529 1667 3584 inane
1692 3545 1797 3584 nou
1830 3539 1999 3599 potest
2025 3544 2145 3584 esse

551 3622 692 3694 quod
729 3631 837 3676 tam
866 3620 1212 3676 vehementer
1237 3628 1452 3691 rogatur
1474 3620 1541 3676 ab
1566 3635 1631 3674 eo
1660 3621 1748 3690 qui
1778 3619 1896 3676 fons
1921 3629 2003 3676 est
2029 3634 2150 3676 om-

549 3716 698 3770 nittm
747 3712 1228 3770 misericordiarmn
1259 3753 1274 3778 ,
1332 3713 1714 3784 verissimeque
1768 3714 1966 3768 dictum
2015 3725 2146 3788 est,

549 3806 723 3876 Prope
756 3815 831 3862 est
868 3805 1122 3861 Dominus
1162 3807 1348 3861 attritis
1391 3806 1541 3862 corde
1577 3805 1749 3879 (Psal.
1779 3823 1947 3863 χχχιιι
1968 3849 1984 3875 ,
2016 3807 2082 3865 19
2102 3806 2149 3892 )⁹

549 3910 669 3969 post
692 3907 866 3953 tantas
892 3897 1232 3952 difﬁcultates
1259 3897 1558 3966 exauditam
1587 3914 1645 3954 se
1671 3900 1843 3954 anima
1875 3904 1955 3969 pia
1985 3902 2151 3971 signi-

553 3989 753 4056 ﬁcans,
793 4003 952 4060 quam
991 3988 1115 4044 licet
1155 3989 1315 4044 etiam
1343 3989 1633 4045 Ecclesiam
1667 3991 1960 4060 intelligere
1981 4034 1994 4057 ,
2029 3993 2150 4048 vide

547 4081 672 4154 qttid
714 4080 954 4153 adjungit
1001 4099 1014 4136 :
1059 4080 1314 4136 Discedite
1353 4098 1385 4135 a
1420 4098 1532 4146 me,
1559 4098 1728 4137 omnes
1753 4084 1839 4152 qui
1867 4085 2149 4152 operamini

545 4176 901 4247 iniquitatem;
941 4174 1180 4243 quoniam
1221 4175 1474 4228 exaudivit
1524 4174 1772 4229 Dominus
1799 4193 1967 4230 vocem
1997 4178 2148 4246 ﬂetus

546 4267 666 4323 mei.
702 4264 796 4321 Vel
827 4265 877 4319 itt
907 4264 1184 4335 prophetia
1213 4264 1412 4319 dictum
1439 4275 1550 4329 est,
1579 4266 1828 4334 quoniam
1858 4265 2146 4321 discessuri

545 4362 710 4423 sunt,
733 4355 785 4411 id
809 4363 894 4412 est
913 4397 928 4421 ,
956 4353 1344 4426 separabuntur
1361 4370 1393 4410 a
1415 4354 1574 4426 justis
1598 4356 1746 4427 impii
1770 4397 1788 4423 ,
1814 4371 1936 4412 cum
1957 4356 2146 4426 judicii

545 4449 663 4506 dies
705 4447 948 4514 venerit;
996 4448 1080 4502 vel
1127 4465 1302 4512 nunc,
1346 4449 1467 4517 quia
1513 4449 1718 4501 etiamsi
1750 4449 1946 4518 pariter
1986 4458 2145 4521 atque

547 4540 737 4596 iisdem
762 4540 1149 4596 conventiculis
1165 4539 1509 4595 continentur
1533 4581 1546 4600 .
1579 4549 1753 4594 tamen
1784 4539 1834 4592 in
1857 4555 1979 4594 area
2003 4542 2140 4596 nuda

542 4633 652 4706 jam
691 4647 854 4703 grana
893 4641 1138 4702 separata
1175 4642 1297 4687 sunt
1326 4650 1357 4686 a
1387 4631 1581 4702 paleis,
1611 4631 1852 4702 quamvis
1879 4634 2017 4686 inter
2041 4650 2139 4702 pa-

548 4727 660 4780 leas
682 4725 883 4781 lateaut
913 4742 926 4780 :
959 4726 1114 4779 simul
1140 4726 1319 4796 itaque
1347 4726 1549 4780 versari
1575 4734 1837 4796 possunt,
1864 4709 2140 4782 sed'sintul

547 4826 706 4874 vento
735 4814 930 4872 auferri
961 4831 1066 4870 non
1095 4826 1336 4888 possunt.

621 4908 709 4979 ll.
767 4905 921 4980 [vers.
957 4905 1070 4980 10.]
1112 4908 1364 4975 Quoniam
1399 4909 1653 4962 exaudivit
1691 4907 1941 4962 Dominus
1971 4924 2138 4963 vocem

547 5001 695 5071 ﬂetus
735 4999 869 5064 mei;
913 5000 1168 5054 exaudiuit
1211 4998 1457 5054 Dominus
1493 5001 1898 5071 deprecationem
1937 5017 2137 5065 meam;

498 5073 505 5080 ’
548 5091 797 5168 Dominus
834 5092 1110 5146 orationem
1142 5108 1303 5146 nteant
1340 5093 1630 5162 assumpsit.
1669 5092 1871 5148 Crebra
1895 5092 2136 5162 ejusdem

547 5187 827 5242 sententiae
873 5188 1119 5256 repetitio
1144 5229 1159 5251 ,
1203 5203 1308 5241 non
1338 5188 1488 5258 quasi
1529 5187 1793 5242 narrantis
1843 5187 2134 5242 necessita-

549 5289 674 5346 tem,
706 5278 800 5335 sed
830 5278 1072 5334 affectum
1096 5279 1412 5336 exsultantis
1434 5279 1694 5344 ostendit;
1718 5280 1793 5335 sic
1821 5281 1962 5336 enim
1993 5281 2134 5351 loqui

547 5374 835 5441 gaudentes
864 5375 1073 5440 solent,
1105 5384 1290 5430 utnon
1317 5374 1396 5429 eis
1419 5373 1646 5429 sufficiat
1673 5373 1838 5430 semel
1851 5373 2136 5428 enuntiare

549 5466 687 5536 quod
714 5468 958 5536 gaudent.
988 5467 1088 5523 lste
1109 5468 1307 5524 fructus
1333 5478 1414 5523 est
1442 5468 1581 5523 illius
1603 5468 1833 5539 gemitus
1857 5468 1912 5524 in
1931 5482 2037 5538 quo
2057 5468 2135 5522 la-

551 5557 785 5620 boratur,
809 5568 862 5613 et
883 5559 1088 5614 illartttn
1116 5561 1470 5632 laerytuarutu
1496 5560 1686 5631 quibus
1713 5561 1919 5614 lavatur
1942 5559 2132 5624 lectus,

549 5662 603 5708 et
632 5663 829 5706 stratus
856 5654 1084 5724 rigatur;
1113 5655 1361 5726 quoniam
1393 5656 1482 5727 qui
1513 5657 1736 5710 seminat
1763 5655 1814 5710 iu
1843 5654 2092 5725 lacryntis
2115 5695 2133 5720 ,

613 5858 631 5892 ³
651 5857 724 5908 sic
745 5863 849 5910 Itis.
875 5858 992 5910 aditi
1018 5873 1148 5916 vero,
1169 5858 1457 5908 nesrinntnr.

2268 473 2321 528 in
2360 475 2554 545 gaudio
2591 485 2755 534 metet
2791 476 2963 550 (Psal.
3003 494 3184 546 cxxv,
3216 481 3303 553 5),
3330 490 3382 538 et
3408 482 3545 541 beati
3571 486 3813 561 lugentes.

2265 573 2517 642 quoniam
2549 572 2647 643 ipsi
2672 573 3086 631 consolabuntur
3109 573 3322 646 (Manli.
3352 592 3384 631 v
3409 619 3424 643 ,
3450 579 3527 651 5).

2337 664 2424 718 12.
2477 664 2630 738 [vers.
2655 665 2768 737 Η.)
2792 665 3103 724 Erubescant
3123 679 3170 722 et
3196 670 3547 726 conturbentur
3565 690 3719 733 omnes
3735 680 3814 735 ini-

2263 756 2378 810 mici
2398 757 2513 810 mei.
2539 757 2802 815 Discedite
2827 775 2855 812 a
2881 775 2989 827 me,
3011 775 3222 822 omnes,
3252 763 3386 818 dixit
3411 766 3677 834 superius;
3703 775 3816 839 quod

2260 848 2421 903 etiam
2462 850 2513 904 iu
2555 849 2654 906 hac
2684 851 2820 914 vita.
2851 851 2989 909 sicut
3016 854 3314 924 expositum
3343 865 3458 920 est,
3489 858 3598 914 lieri
3628 872 3781 930 potest
3806 886 3817 922 :

2258 941 2398 1010 quod
2423 950 2599 997 autem
2628 942 2796 1010 dicit,
2829 941 3145 1000 Erubescant
3167 953 3211 1000 ei
3235 947 3620 1015 .onturbentur,
3642 968 3737 1007 non
3757 957 3819 1010 vi~

2262 1034 2366 1090 deo
2409 1035 2856 1106 quemadmodum
2895 1039 3112 1095 evenire
3138 1041 3346 1111 possit,
3379 1041 3475 1095 nisi
3507 1041 3594 1096 illo
3618 1043 3697 1100 die
3718 1061 3819 1102 cum

2257 1127 2542 1184 manifesta
2563 1128 2762 1185 fuerint
2784 1130 3051 1200 justorum
3074 1133 3290 1204 praemia
3312 1142 3365 1189 et
3385 1136 3632 1206 supplicia
3660 1153 3822 1207 pecca-

2258 1230 2458 1278 torum.
2500 1221 2633 1278 Nam
2665 1238 2806 1280 nunc
2834 1240 3006 1296 usque
3029 1226 3164 1283 adeo
3194 1241 3300 1282 ιιοιι
3323 1229 3641 1285 erubescunt
3661 1233 3817 1301 impii,

2257 1322 2317 1368 ut
2342 1313 2494 1369 nobis
2515 1314 2770 1370 insultare
2791 1331 2897 1371 uon
2924 1315 3174 1372 desinant
3201 1336 3216 1373 :
3241 1329 3295 1373 et
3316 1317 3622 1390 plerumque
3645 1331 3820 1378 tantum

2258 1406 2437 1462 valent
2460 1408 2794 1464 irrisiouibus
2813 1410 2925 1466 suis
2942 1451 2957 1476 ,
2989 1419 3046 1466 ut
3075 1411 3312 1467 infirmos
3345 1411 3584 1467 homines
3605 1412 3669 1468 de
3688 1415 3819 1471 Chri-

2256 1500 2324 1553 sti
2373 1501 2588 1556 nomine
2635 1501 2955 1558 erubescere
3004 1501 3234 1570 faciant,
3284 1503 3423 1558 unde
3467 1504 3658 1559 dictum
3697 1519 3818 1564 est:

2259 1589 2500 1658 Quisquis
2526 1607 2606 1646 me
2621 1593 2873 1647 erubuerit
2894 1610 3067 1648 coram
3091 1595 3375 1650 hominibus
3394 1639 3410 1662 ,
3437 1596 3708 1653 erubescam
3725 1615 3820 1654 eunt

2255 1698 2428 1738 coram
2457 1682 2618 1739 Patre
2657 1702 2767 1740 meo
2809 1685 2970 1758 (Luc.
3010 1703 3062 1742 Ix
3085 1727 3100 1752 ,
3145 1687 3260 1758 26).
3300 1687 3418 1743 Jam
3461 1704 3586 1745 vero
3609 1691 3819 1762 quisquis

2255 1778 2503 1833 sublimia
2533 1778 2622 1834 illa
2649 1789 2910 1851 praecepta
2944 1781 3167 1850 implere
3192 1781 3448 1848 voluerit,
3478 1791 3534 1837 ut
3556 1781 3815 1854 dispetgat,

2255 1870 2347 1926 det
2390 1873 2709 1942 pauperibus
2731 1915 2747 1940 ,
2779 1888 2884 1942 quo
2908 1873 3110 1943 justitia
3131 1874 3247 1944 ejus
3273 1885 3483 1930 maneat
3511 1877 3560 1930 in
3589 1885 3818 1932 aeternum

2256 1961 2428 2035 (Psal.
2468 1978 2553 2018 cxt
2574 2003 2591 2030 ,
2633 1961 2721 2035 9).
2759 1964 3113 2035 omnibusque
3142 1966 3252 2020 suis
3279 1966 3438 2020 rebus
3465 1968 3682 2021 terrenis
3706 1982 3817 2021 ven-

2253 2054 2380 2111 ditis
2418 2064 2472 2110 et
2513 2055 2869 2125 indigentibus
2894 2056 3125 2126 erogatis
3145 2098 3158 2120 ,
3187 2056 3458 2112 Christum
3485 2059 3630 2128 sequi
3660 2057 3818 2111 volue-

2253 2149 2356 2211 rit,
2396 2146 2583 2202 dicens
2615 2165 2628 2201 :
2663 2145 2808 2202 Nihil
2844 2148 3108 2203 intulimus
3131 2150 3183 2202 in
3211 2149 3343 2203 hunc
3370 2149 3610 2204 mundum
3631 2191 3645 2214 ,
3673 2165 3818 2202 verum

2253 2255 2345 2294 nec
2373 2244 2576 2312 auferre
2607 2239 2730 2310 quid
2769 2255 3078 2310 possumus;
3106 2241 3288 2295 vietum
3316 2251 3364 2296 et
3394 2251 3722 2313 tegumentum
3743 2243 3816 2292 Ita-

2252 2331 2456 2397 bentes,
2500 2332 2580 2385 Itis
2619 2331 2841 2386 contenti
2881 2332 3038 2385 simus
3071 2330 3114 2402 (Ι
3147 2331 3279 2386 Tim.
3310 2348 3362 2386 vt
3385 2374 3399 2394 ,
3436 2332 3467 2386 7
3491 2373 3505 2394 .
3537 2331 3629 2402 8);
3660 2330 3819 2386 incidit

2253 2424 2306 2479 in
2349 2423 2570 2478 istorum
2615 2423 2928 2493 sacrilegam
2964 2421 3328 2490 dicacitatem,
3369 2433 3425 2478 et
3451 2421 3518 2476 ab
3541 2422 3618 2476 eis
3643 2422 3726 2492 qui
3749 2435 3818 2473 sa.

2264 2514 2379 2571 nari
2417 2513 2605 2568 nolunt
2633 2523 2852 2568 vocatur
2875 2513 3127 2577 insanus;
3155 2523 3207 2568 et
3237 2527 3380 2584 smpe
3409 2530 3476 2568 ne
3507 2512 3604 2568 hoc
3629 2522 3820 2568 vocetur

2257 2623 2288 2662 a
2335 2605 2632 2675 desperatis
2681 2603 3026 2671 hominibus,
3079 2605 3306 2675 trepidat
3354 2605 3531 2661 facere
3573 2615 3626 2660 et
3667 2603 3820 2658 dill‘ert

2252 2696 2394 2768 quod
2435 2696 2672 2751 omnium
2714 2693 3055 2750 fidelissimus
3088 2703 3143 2752 et
3179 2697 3579 2768 potentissimus
3610 2693 3820 2750 medicus

2253 2788 2551 2859 imperavit.
2597 2786 2714 2842 Non
2757 2802 2885 2857 ergo
2928 2801 3069 2843 nunc
3112 2787 3196 2842 isti
3242 2796 3468 2858 possunt
3493 2786 3817 2852 erubescere,

2251 2882 2443 2952 quibus
2468 2895 2534 2936 ne
2561 2895 2660 2935 nos
2689 2881 3068 2936 erubescamus
3087 2879 3376 2950 optandum
3399 2889 3482 2936 est
3498 2921 3515 2945 ,
3537 2888 3590 2934 et
3605 2892 3635 2932 a
3653 2889 3819 2948 propo-

2252 2971 2356 3026 sito
2398 2971 2590 3027 itinere
2625 2971 2708 3026 vel
2737 2985 3050 3026 revocemur
3071 3011 3087 3038 ,
3119 2970 3201 3025 vel
3232 2970 3586 3040 impediamur
3605 3009 3621 3035 ,
3650 2968 3726 3022 vel
3751 2979 3821 3019 re-

2253 3067 2543 3124 tardemur.
2588 3061 2695 3118 Sed
2740 3063 2914 3116 veniet
2955 3069 3163 3132 tempus
3197 3071 3253 3115 ut
3279 3061 3352 3116 illi
3382 3062 3722 3120 erubescant,
3749 3055 3819 3109 di-

2251 3171 2433 3219 centes
2459 3169 2517 3216 ut
2545 3161 2800 3230 scriptum
2832 3163 2914 3214 est
2945 3173 2960 3214 :
2995 3153 3065 3213 lii
3088 3165 3202 3213 sunt
3225 3172 3352 3229 quos
3380 3154 3650 3229 aliquando
3670 3147 3822 3206 [tabui-

2251 3269 2364 3308 mus
2389 3253 2442 3306 in
2471 3253 2629 3306 risum
2659 3261 2704 3306 et
2730 3253 2784 3304 in
2812 3251 3190 3305 similitudinem
3213 3251 3512 3322 imprOperii
3537 3261 3660 3302 :nos
3679 3244 3822 3296 insert.

2250 3345 2382 3410 sati,
2409 3344 2562 3397 vitam
2589 3341 2796 3397 illorum
2821 3344 3195 3398 testintabamus
3224 3344 3511 3407 insaniam,
3540 3349 3585 3394 et
3613 3337 3752 3406 ﬁnem
3772 3331 3822 3384 il-

2253 3436 2416 3492 lorum
2453 3436 2560 3492 sine
2591 3436 2782 3490 Itonore
2812 3451 2832 3491 :
2856 3438 3104 3505 quomodo
3132 3437 3410 3503 contpntuti
3433 3444 3546 3488 sunt
3569 3432 3691 3484 inter
3711 3425 3824 3496 ﬁlios

2252 3529 2348 3584 Dei
2373 3574 2386 3597 ,
2409 3513 2456 3584 ei
2480 3531 2611 3584 inter
2627 3540 2830 3584 sanctos
2851 3545 2959 3583 sors
2985 3530 3184 3583 illorum
3213 3529 3328 3583 est?
3358 3528 3498 3599 Ergo
3525 3522 3780 3580 erravimus
3798 3531 3824 3566 a

2251 3623 2334 3677 uia
2370 3622 2592 3676 veritatis
2611 3663 2626 3685 ,
2667 3631 2714 3676 et
2745 3620 2965 3692 justitite
3005 3622 3174 3675 lumen
3209 3637 3309 3674 non
3337 3620 3470 3675 luxit
3497 3615 3636 3671 nobis
3655 3653 3668 3675 ,
3697 3619 3738 3664 et
3760 3605 3826 3659 sul

2251 3731 2354 3769 non
2376 3723 2448 3768 est
2477 3724 2618 3768 ortus
2644 3713 2786 3768 nobis
2818 3729 2836 3767 :
2864 3713 3040 3780 repleti
3067 3729 3236 3768 sumus
3262 3711 3546 3783 iniquitatis
3573 3707 3647 3760 ria
3665 3712 3708 3756 et
3729 3713 3826 3770 per-

2251 3804 2486 3872 ditionis,
2517 3813 2564 3858 et
2593 3803 2962 3858 ambulavimus
2984 3802 3279 3857 solitudines
3317 3801 3573 3874 dilﬁriles,
3607 3796 3726 3849 riam
3747 3805 3826 3841 ttu-

2252 3907 2349 3952 tem
2386 3895 2593 3951 Domini
2631 3897 2987 3968 ignoravimus.
3033 3895 3171 3964 Quid
3196 3897 3337 3950 nobis
3361 3894 3556 3967 profuit
3579 3883 3821 3960 superbia.

2250 3999 2337 4044 aut
2367 3990 2492 4061 quid
2521 3989 2810 4044 divitiarum
2828 3988 3044 4059 jactatio
3073 3988 3284 4042 contulit
3309 3986 3495 4042 nobis?
3524 3979 3825 4038 Transimml

2249 4085 2421 4139 omnia
2438 4084 2530 4138 illa
2551 4094 2791 4153 tanquam
2820 4082 2998 4136 umbra
3025 4081 3180 4154 (Sap.
3208 4097 3239 4134 v
3258 4123 3273 4148 ,
3306 4081 3454 4151 5-9).

2323 4177 2408 4231 l3.
2455 4176 2606 4243 Quod
2633 4184 2808 4230 autem
2834 4176 2927 4241 ait,
2957 4174 3339 4235 Convertuntur,
3372 4183 3422 4227 et
3446 4163 3822 4239 confundantur.

2249 4266 2367 4335 quis
2397 4279 2504 4320 non
2524 4264 2727 4335 judieet
2752 4280 2871 4319 esse
2897 4265 3244 4334 justissimam
3274 4277 3488 4333 paruam
3511 4301 3525 4322 ,
3551 4267 3602 4311 ut
3627 4261 3826 4308 conver-

2248 4357 2454 4413 sionem
2490 4357 2556 4412 ad
2587 4356 2952 4412 confusionem
2986 4357 3215 4411 habeant
3237 4397 3254 4420 ,
3282 4357 3369 4428 qui
3401 4354 3466 4408 ad
3498 4351 3720 4406 salutem
3747 4338 3827 4391 ba—

2247 4450 2376 4506 bere
2405 4451 2728 4506 uoluerunt?
2757 4450 2959 4505 Deinde
2988 4448 3224 4515 addidit,
3254 4448 3402 4504 valde
3427 4440 3663 4502 uelociter
3683 4451 3702 4501 ;
3720 4441 3823 4485 cum

2245 4544 2388 4599 enim
2408 4543 2516 4614 jam
2545 4542 2815 4613 desperari
2839 4542 3060 4610 coeperit
3079 4539 3263 4610 judicii
3285 4539 3421 4600 dies,
3445 4549 3568 4591 cum
3592 4523 3822 4584 dixerint.

2247 4637 2354 4692 Pax
2373 4677 2391 4704 ,
2431 4646 2554 4690 tunc
2583 4636 2660 4689 eis
2691 4637 2997 4704 repentinus
3023 4633 3198 4687 veniet
3223 4630 3470 4686 interitus
3493 4624 3536 4698 (l
3566 4619 3735 4675 Thess.
3763 4622 3822 4707 V3

2243 4729 2322 4802 ὅ).
2371 4725 2820 4796 Quandocumque
2873 4735 3051 4778 autem
3098 4723 3344 4789 venerit,
3371 4713 3658 4779 celerrime
3696 4705 3824 4802 vecti"

2241 4821 2382 4892 quod
2405 4820 2716 4889 desperatur
2741 4833 2861 4872 esse
2891 4826 3170 4871 venturum
3198 4833 3210 4870 :
3239 4825 3292 4870 et
3314 4807 3697 4884 longitudinem
3719 4802 3823 4893 vi“:

2243 4912 2402 4983 hujus
2441 4927 2542 4984 non
2586 4910 2708 4966 facit
2742 4909 2961 4976 sentiri,
2991 4907 3093 4962 nisi
3123 4921 3248 4976 spes
3275 4903 3486 4960 vivendi
3513 4915 3529 4963 ;
3564 4906 3684 4950 nam
3713 4875 3822 4937 mlul

2243 5007 2451 5062 videtur
2485 5019 2602 5059 esse
2637 5004 2900 5066 celerius,
2930 5015 3088 5070 quam
3119 4999 3372 5071 quidquid
3397 4999 3451 5053 in
3479 5008 3541 5049 ea
3564 4987 3671 5058 jam
3700 4988 3820 5049 pra:-

2243 5101 2454 5157 teritum
2492 5107 2592 5154 est.
2623 5096 2756 5153 Cum
2784 5110 2913 5165 ergo
2933 5094 3117 5164 judicii
3147 5093 3263 5149 dies
3288 5089 3532 5149 venerit,
3562 5090 3685 5136 tunc
3713 5082 3822 5121 seu-

2241 5195 2373 5248 tieut
2410 5201 2716 5262 peccatores
2755 5203 2912 5258 quam
2954 5202 3058 5242 non
3093 5187 3162 5242 sit
3190 5187 3344 5257 longa
3373 5179 3549 5238 omnis
3577 5170 3817 5265 vitaque

2240 5261 2468 5347 transit;
2499 5295 2598 5336 nec
2625 5278 2845 5333 omnino
2873 5278 2950 5333 eis
2978 5277 3146 5332 videri
3181 5277 3376 5347 poterit
3406 5266 3556 5327 tarde
3586 5261 3820 5351 venisse:

2239 5376 2380 5447 quod
2417 5391 2518 5427 non
2549 5371 2971 5426 desiderantibus
2995 5412 3010 5437 ,
3041 5368 3135 5424 sed
3169 5368 3342 5439 potius
3371 5380 3478 5422 non
3501 5339 3822 5447 credenttlttf

2241 5438 2464 5524 venerit.
2507 5463 2816 5534 Quanquam
2845 5471 2897 5518 et
2924 5459 3053 5515 illud
3083 5438 3176 5516 hic
3198 5460 3362 5528 accipi
3392 5454 3608 5529 potest,
3637 5445 3691 5493 ιιι
3698 5438 3821 5534 fuit?

2241 5574 2489 5634 tauquam
2524 5568 2821 5632 gementem
2853 5568 2906 5610 et
2935 5565 3040 5610 tam
3068 5570 3210 5626 saepe
3236 5554 3430 5624 diuque
3457 5545 3671 5600 ιιεηιοιη

2241 5619 2555 5719 ειεξιάίνὶῑῖ
2585 5653 2913 5722 intelligatur
2956 5650 3175 5705 liberata
3204 5663 3236 5703 a
3267 5639 3498 5719 peccatis
3523 5675 3548 5736 ,ν
3572 5636 3621 5683 et

2242 5762 2521 5821 perversos
2564 5756 2739 5800 motus
2784 5741 3014 5797 carnalis
3042 5738 3339 5795 affectionis
3362 5710 3799 5821 domiti-fis}!!!

2243 5801 2372 5898 dicit
2410 5859 2423 5894 :
2472 5837 2726 5894 Discedite
2766 5851 2798 5888 a
2833 5850 2909 5889 me
2934 5875 2951 5902 ,
2987 5849 3156 5888 omnes
3179 5830 3266 5902 qui
3290 5811 3570 5901 operamini
3596 5801 3818 5872 iniquum
