4078 6446
233 403 300 461 97
1391 385 1789 450 ENABRATIO
1828 385 1897 444 IN
1932 389 2256 456 PSALMUM
2296 399 2404 458 vn.
3441 413 3513 473 οε

237 532 330 575 tem
350 561 365 586 ,
390 516 623 588 quoniam
644 514 894 571 exaudivit
915 511 1164 568 Dominus
1181 526 1349 567 vocem
1366 511 1518 580 ﬂetus
1537 510 1652 572 mei,
1671 505 1814 579 quod

234 629 349 669 cum
379 611 424 664 ei
454 610 784 680 provenerit,
813 621 916 661 non
949 606 1141 660 mirum
1170 613 1252 659 est
1277 603 1321 658 si
1342 603 1453 673 jam
1479 603 1549 657 ita
1581 600 1813 672 perlecta

246 713 307 758 hi
335 712 381 755 nt
410 711 521 756 oret
551 717 642 767 pro
665 698 892 753 inimicis
917 697 1046 751 suis.
1073 696 1252 750 Potest
1273 710 1402 764 ergo
1427 693 1493 748 ad
1526 693 1626 748 hoc
1655 691 1815 760 perti-

236 813 352 850 ll'Tt'
390 791 523 862 ιμιοιΙ
560 789 721 854 dixit,
769 788 1114 848 Erubescant.
1157 796 1204 841 et
1245 785 1603 839 conturbantur
1642 795 1814 838 onmes

236 887 416 941 inimici
460 885 552 936 mei
576 926 589 944 ,
634 891 689 936 ut
722 881 789 935 de
819 881 1049 952 peceatis
1080 880 1192 935 suis
1217 886 1375 950 agant
1403 875 1769 947 pamitentiam
1790 917 1806 944 ,

238 999 310 1052 qu:
335 981 365 1032 d
391 979 502 1033 sine
541 977 852 1032 cmdusioue
881 975 900 1008 ¹
929 986 984 1030 et
1007 973 1412 1029 conturbatiouc
1436 971 1546 1025 lieri
1577 985 1682 1025 non
1713 985 1809 1040 po-

237 1081 348 1126 test.
394 1069 526 1124 Nihil
570 1069 746 1138 itaque
788 1066 1008 1135 impedit
1044 1069 1122 1121 sic
1154 1065 1395 1135 accipere
1433 1073 1486 1118 et
1517 1062 1642 1118 illud
1667 1061 1810 1134 quod

235 1163 456 1232 St-qttlltll‘
478 1204 492 1223 .
530 1160 892 1216 Convertuntur
921 1168 966 1212 et
996 1157 1285 1212 erubescant
1305 1197 1320 1221 ,
1352 1154 1404 1211 id
1431 1163 1543 1220 est,
1579 1169 1808 1210 conver-

237 1271 399 1312 tantur
433 1255 494 1309 ad
539 1255 703 1308 Deum
729 1297 743 1314 .
769 1264 822 1310 et
845 1253 1162 1309 erubescant
1194 1266 1254 1308 se
1287 1252 1338 1304 in
1366 1249 1633 1321 prioribus
1662 1256 1812 1303 tene-

237 1352 336 1404 bris
369 1364 697 1419 peccatorum
726 1346 1006 1418 aliquando
1033 1346 1325 1416 gloriatos;
1357 1344 1492 1399 sicut
1522 1343 1809 1413 Apostolus

193 1427 228 1499 1
242 1441 358 1494 dicit
398 1458 412 1495 :
455 1439 615 1507 Quam
644 1439 776 1492 enim
799 1438 1011 1510 gloriam
1039 1437 1281 1490 habuistis
1305 1434 1580 1503 aliquando
1609 1438 1661 1488 ia
1690 1433 1802 1498 his,

232 1531 466 1602 inquibus
490 1547 620 1584 nunc
649 1529 933 1584 erubescitis
963 1528 1138 1598 (Rom.
1168 1543 1219 1581 vr
1241 1570 1256 1592 ,
1285 1526 1422 1600 2|)?
1450 1526 1602 1595 Quod
1627 1535 1804 1581 autem

231 1625 452 1684 addidit.
485 1625 630 1678 valde
655 1623 887 1678 velociter
904 1667 919 1690 ,
947 1631 1042 1677 aut
1065 1623 1130 1676 ad
1153 1622 1383 1691 optantis
1410 1621 1656 1677 allectum
1678 1663 1692 1687 ,
1715 1629 1806 1676 aut

229 1716 294 1770 ad
323 1715 506 1770 Christi
535 1716 823 1785 potentiam
855 1714 1188 1769 referendum
1219 1724 1333 1777 est,
1362 1713 1448 1781 qtti
1479 1723 1663 1783 gentes
1685 1727 1804 1783 qua:

232 1822 324 1876 pro
360 1807 506 1860 idolis
544 1807 656 1861 suis
701 1805 1149 1877 persequebantur
1177 1805 1465 1860 Ecclesiam
1491 1846 1505 1870 ,
1532 1803 1598 1858 ad
1629 1803 1803 1860 Evan-

225 1900 346 1972 gelii
370 1899 519 1955 tidem
541 1908 684 1954 tanta
708 1910 1000 1971 temporum
1026 1899 1297 1954 celeritate
1322 1898 1601 1953 convertit.

664 2110 744 2172 IN
788 2109 1168 2172 PSALMUM
1209 2109 1324 2170 VII

789 2229 1205 2286 ENARI—lATlO.

226 2343 460 2401 Psalmus
487 2345 585 2417 ipsi
613 2343 809 2413 David,
838 2362 982 2416 quem
1007 2346 1223 2400 cantavit
1253 2343 1470 2401 Domino
1491 2387 1508 2415 ,
1533 2363 1627 2418 pro
1646 2346 1804 2403 verbis

741 2436 908 2508 {Chusi
936 2438 1032 2506 ﬁlii
1058 2437 1266 2492 Jetnini.

301 2548 352 2604 l.
395 2546 542 2622 [vers.
575 2545 653 2622 1.]
680 2547 908 2602 llistoria
937 2547 1150 2618 quidem
1178 2547 1320 2603 unde
1337 2548 1674 2605 occasionem
1702 2548 1803 2605 ista

223 2637 490 2710 prophetia
514 2638 759 2706 sumpsit,
789 2639 842 2692 in
866 2637 1164 2708 Regnorum
1178 2639 1413 2694 secundo
1430 2638 1565 2695 libro
1582 2639 1648 2710 (ll
1670 2639 1800 2712 Reg.

220 2729 331 2804 xvi)
359 2743 678 2800 cognoscere
705 2728 858 2785 facile
883 2737 988 2786 est.
1015 2729 1088 2785 lbi
1110 2730 1250 2784 enim
1272 2729 1434 2785 Cbusi
1452 2771 1470 2796 ,
1493 2731 1697 2786 amicus
1718 2746 1805 2785 re-

219 2822 301 2894 gis
344 2821 540 2888 David,
589 2821 866 2876 transitum
910 2820 1034 2876 fecit
1072 2821 1124 2874 in
1165 2831 1343 2891 partes
1384 2821 1678 2877 Abessalon
1709 2820 1804 2876 lilii

218 2914 334 2986 ejus
364 2915 452 2985 qui
489 2914 743 2971 adversus
775 2923 977 2986 patrem
1008 2912 1206 2968 bellum
1234 2912 1488 2983 gerebat,
1516 2913 1582 2968 ad
1613 2914 1802 2984 explo-

218 3005 379 3060 randa
417 3007 636 3061 consilia
675 3015 731 3061 et
767 3005 1114 3062 remtutianda
1152 3020 1272 3075 qua:
1308 3003 1563 3060 adversus
1597 3016 1800 3074 patrem

219 3097 306 3155 ille
344 3097 663 3155 moliebatur
697 3110 916 3155 auctore
942 3098 1256 3168 Achit0pbel
1277 3139 1292 3165 ,
1321 3100 1410 3169 qui
1438 3098 1706 3156 defecerat
1731 3096 1802 3154 ab

219 3189 444 3246 amicitia
477 3191 638 3245 David
659 3231 674 3255 ,
702 3199 755 3245 et
780 3189 943 3244 lilium
970 3191 1085 3260 ejus
1112 3190 1365 3245 adversus
1393 3202 1595 3261 patrem
1624 3191 1803 3246 consi-

221 3282 301 3340 liis
336 3283 529 3355 quibus
571 3291 750 3356 posset
792 3283 1102 3338 instruebat.
1143 3283 1248 3338 Sed
1276 3269 1526 3352 quoniam
1554 3300 1657 3338 non
1687 3284 1799 3354 ipsa

220 3375 434 3431 historia
473 3376 524 3431 in
565 3376 667 3432 hoc
703 3377 906 3446 psalmo
930 3376 1314 3431 consideranda
1340 3387 1420 3432 est
1445 3376 1512 3432 de
1538 3393 1638 3447 qua
1668 3377 1797 3432 Pro-

220 3466 373 3537 pheta
410 3467 781 3540 mysteriorum
825 3468 1064 3524 velamen
1094 3468 1382 3539 assumpsit
1403 3511 1418 3534 .
1447 3469 1490 3523 si
1520 3471 1798 3526 transitum

221 3559 280 3613 sd
295 3559 564 3614 Christum
587 3559 828 3626 fecimus,
845 3559 1115 3616 auferatur
1127 3561 1363 3616 velamen
1383 3559 1447 3635 (ll
1461 3560 1577 3618 Cor.
1599 3563 1705 3628 tu,l
1718 3561 1796 3633 6).

218 3648 283 3704 Et
320 3651 495 3720 primo
538 3651 770 3720 ipsorum
799 3651 1070 3705 nominum
1101 3652 1535 3722 signiﬁcationem
1564 3653 1798 3707 interro-

213 3755 402 3812 gemus
427 3741 551 3814 quid
578 3742 678 3798 sibi
704 3743 850 3797 velit.
875 3743 986 3798 Non
1009 3743 1149 3798 enim
1174 3743 1454 3800 defuerunt
1481 3744 1800 3813 interpretes

216 3834 299 3902 qui
328 3834 444 3888 hare
470 3835 580 3904 ipsa
607 3850 711 3889 non
742 3835 1024 3890 carnaliter
1043 3834 1108 3889 ad
1138 3835 1398 3902 litteram,
1431 3835 1525 3891 sed
1551 3835 1802 3906 Spiritua-

214 3925 334 3983 liter
359 3925 737 3998 investigantes
755 3969 768 3991 ,
798 3927 1068 3983 edicerent
1093 3926 1246 3982 nobis
1273 3926 1410 3998 quod
1440 3926 1598 3982 Chusi
1626 3928 1796 3981 inter-

215 4026 451 4086 pretetur
489 4016 806 4084 Silentium;
849 4017 1044 4074 Jemini
1072 4027 1247 4073 autem
1268 4059 1282 4083 ,
1315 4019 1546 4083 Dexter;
1577 4018 1798 4073 Achito-

214 4107 357 4178 pbel,
384 4107 584 4165 Fratris
614 4109 788 4164 ruina.
810 4108 1011 4177 Quibus
1037 4109 1562 4179 interpretationibus
1585 4125 1795 4164 rursum

215 4201 367 4258 nobis
405 4202 626 4257 traditor
665 4203 754 4258 ille
795 4201 958 4257 ludas
987 4203 1249 4268 occurrit,
1282 4213 1338 4257 ut
1364 4203 1653 4258 Abessalon
1681 4202 1798 4272 ejus

215 4292 495 4364 imaginem
517 4303 721 4365 gestet,
753 4295 1043 4350 secundum
1067 4296 1207 4366 quod
1230 4295 1398 4350 Patris
1417 4311 1514 4366 pax
1538 4297 1798 4366 interpre-

218 4392 391 4452 tatur;
431 4385 553 4456 quia
585 4395 802 4455 pacatus
829 4402 952 4457 erga
983 4387 1128 4442 illum
1158 4388 1359 4442 exstitit
1385 4398 1534 4457 pater
1556 4432 1570 4455 ,
1602 4405 1794 4459 quam-

218 4475 290 4530 vis
326 4475 446 4546 ipse
480 4476 620 4532 dolis
653 4477 764 4532 suis
793 4476 986 4533 bellum
1019 4477 1237 4534 haberet
1262 4477 1312 4533 iu
1343 4479 1508 4535 corde
1531 4522 1546 4546 ,
1576 4481 1710 4535 sicut
1742 4480 1796 4535 in

219 4567 420 4637 psalmo
439 4569 594 4624 tertio
615 4577 894 4624 tractatum
918 4577 996 4623 est
1022 4568 1118 4642 (α).
1141 4568 1596 4638 Quemadmodum
1619 4582 1795 4626 autem

220 4659 480 4716 Invenitur
501 4658 553 4714 in
585 4659 873 4731 Evangelia
904 4659 1040 4714 tilios
1071 4661 1274 4714 Domini
1300 4661 1465 4716 nostri
1491 4663 1616 4717 .lesu
1638 4661 1796 4718 Chri-

219 4751 280 4805 sti
318 4749 494 4806 dictos
538 4765 658 4805 esse
693 4750 980 4821 discipulos
1011 4750 1220 4823 (Matth.
1251 4767 1334 4813 ix.
1369 4750 1457 4825 14)
1477 4795 1493 4819 ,
1521 4753 1599 4808 sic
1627 4753 1679 4808 in
1706 4768 1800 4808 eo-

221 4838 330 4894 dem
373 4841 660 4912 Evangelio
698 4841 964 4897 invenitur
1001 4840 1162 4895 etiam
1202 4839 1390 4896 fratres
1415 4860 1532 4900 esse
1558 4846 1793 4914 appella-

225 4939 332 4999 tos;
377 4946 660 5002 resurgens
701 4933 843 4988 enim
887 4933 1139 4987 Dominus
1167 4933 1272 4997 ait,
1312 4931 1448 4988 Vade
1471 4975 1486 4997 ,
1509 4945 1553 4987 et
1580 4936 1660 4990 dic
1690 4938 1799 5008 fra-

225 5026 369 5081 tribus
416 5025 538 5080 meis
584 5024 758 5097 (Joan.
805 5041 909 5092 xx,
957 5026 1077 5098 17).
1119 5037 1173 5081 et
1211 5027 1496 5098 Apostolus
1523 5043 1643 5083 eum
1670 5029 1799 5086 dicit

226 5119 622 5188 primogenitum
663 5119 715 5174 in
758 5119 937 5173 multis
979 5119 1228 5174 fratribus
1260 5119 1430 5190 (Rom.
1489 5137 1581 5176 vm
1606 5163 1621 5189 ,
1667 5121 1794 5195 29):

227 5206 455 5278 discipuli
482 5224 609 5280 ergo
634 5209 749 5280 ejus
771 5209 917 5264 ruina
939 5211 1026 5280 qui
1047 5225 1167 5265 eum
1191 5211 1406 5266 tradidit
1429 5255 1442 5276 ,
1473 5221 1616 5266 recte
1646 5211 1802 5268 intel-

228 5299 400 5372 ‘etgimr
434 5298 636 5356 Fratris
690 5301 876 5365 ruina,
924 5301 1064 5371 quod
1112 5301 1425 5374 Achitopltel
1463 5304 1798 5372 interpretari

228 5393 466 5450 diximus.
493 5393 656 5450 Chusi
686 5403 860 5450 autem
879 5433 896 5460 ,
923 5393 1061 5463 quod
1091 5394 1466 5463 interpretatur
1494 5396 1800 5462 Silentium,

230 5498 364 5543 recte
389 5487 646 5558 accipitur
669 5488 924 5542 adventus
949 5487 1066 5540 illos
1081 5486 1233 5542 dolos
1256 5487 1538 5543 Dominum
1562 5499 1800 5544 nostrum

231 5577 430 5638 silentio
453 5581 733 5637 dimicasse
752 5621 766 5645 ,
796 5579 844 5634 id
870 5587 954 5634 est
978 5577 1237 5636 altissimo
1275 5594 1482 5640 st-creto
1521 5599 1627 5656 quo
1649 5581 1809 5640 caeci-

204 5671 220 5768 Ι

289 5764 788 5852 ’μεηωηίωεέοηι
817 5769 958 5815 sua.
1003 5770 1056 5816 et
1099 5764 1249 5817 nostri
1289 5775 1441 5831 prope
1482 5777 1656 5818 omnes
1677 5773 1808 5830 Mss,

235 5831 525 5954 milia?
550 5893 602 5946 tn
762 5901 832 5949 ιι,
853 5900 903 5937 ιι.
923 5887 972 5939 1.

1931 520 2010 565 tas
2042 532 2109 570 ex
2158 526 2306 586 parte
2345 519 2504 574 Israel
2534 520 2550 552 '
2580 519 2715 576 facta
2739 529 2842 586 est,
2865 537 2984 578 cum
3011 523 3291 582 Dominum
3319 543 3513 601 perse-

1927 605 2227 674 quebantur
2248 650 2264 675 ,
2296 618 2352 663 ut
2377 611 2646 680 plenitudo
2670 612 2920 671 Gentium
2973 617 3327 689 subintrarct,
3351 631 3405 678 et
3433 624 3513 681 sic

1926 696 2102 752 (nimis
2149 698 2304 754 Israel
2348 703 2525 757 salvus
2552 703 2717 759 ﬁeret.
2768 707 2848 760 Ad
2901 709 3001 763 hoc
3058 709 3372 778 profundum
3420 729 3509 770 se-

1925 797 2128 841 cretum
2141 789 2410 862 altumque
2426 793 2692 850 silentium
2705 811 2825 851 cum
2845 800 3070 854 venisset
3090 803 3394 871 Apostolus,
3413 821 3511 860 ex-

1925 876 2176 934 clamavit
2203 882 2350 949 quasi
2380 883 2608 954 quodam
2638 887 2803 956 ipsius
2826 890 3117 947 altitudinis
3146 892 3366 950 horrore
3387 913 3511 966 per-

1924 969 2106 1026 culsus
2133 988 2146 1024 :
2178 971 2223 1026 0
2244 973 2456 1028 altitudo
2477 976 2765 1031 divitiarum
2786 982 3048 1050 sapientia,-
3069 993 3118 1038 et
3141 985 3363 1041 scientia:
3390 986 3509 1054 Dei,

1921 1079 2074 1133 quant
2097 1065 2440 1122 insrrulabilia
2468 1081 2581 1124 sunt
2598 1073 2795 1141 judicia
2823 1074 2950 1144 ejus.
2973 1085 3019 1128 et
3038 1077 3400 1148 investignbiles
3420 1082 3514 1135 via:

1921 1157 2121 1229 ipsius!
2143 1159 2267 1224 Quis
2287 1161 2416 1214 enim
2439 1164 2668 1232 cognovit
2689 1175 2901 1218 mentem
2922 1165 3145 1234 Domini,
3164 1180 3249 1223 aut
3265 1172 3373 1242 quis
3385 1189 3509 1226 con-

1919 1247 2144 1302 siliarius
2179 1247 2317 1303 illius
2349 1250 2447 1321 fuit
2479 1251 2652 1321 (Rom.
2685 1271 2770 1319 x1,
2813 1255 2902 1322 55,
2949 1254 3062 1330 54))
3089 1260 3114 1311 ΐ
3151 1259 3218 1313 ita
3259 1276 3508 1332 magnum

1920 1337 2047 1392 illud
2095 1340 2363 1395 silentium
2409 1359 2514 1398 non
2561 1345 2890 1414 expositione
2919 1349 3086 1420 magis
3111 1352 3315 1420 aperit,
3347 1369 3507 1423 quam

1917 1428 2268 1486 admiratione
2294 1435 2652 1490 commendat.
2681 1436 2790 1492 lloc
2814 1440 3024 1494 silentio
3051 1443 3306 1500 Dominus
3332 1459 3511 1500 sacra-

1917 1531 2155 1575 mentum
2213 1525 2534 1581 venerabilis
2586 1529 2846 1596 passionis
2898 1531 3211 1599 occultaus,
3261 1535 3508 1591 volunta-

1917 1612 2050 1666 riam
2076 1613 2280 1668 ruinam
2308 1615 2515 1678 fratris,
2545 1615 2598 1672 id
2622 1627 2704 1673 est
2723 1663 2735 1684 ,
2762 1619 3018 1676 nefarium
3043 1625 3217 1679 scelus
3239 1626 3511 1682 traditoris

1915 1706 2030 1772 sui,
2081 1707 2131 1761 in
2163 1722 2272 1762 sua:
2301 1709 2680 1765 misericordia:
2706 1722 2863 1783 atquc
2893 1715 3238 1783 providentia:
3262 1717 3506 1774 ordinem

1914 1804 2110 1866 vertit;
2154 1810 2212 1855 ut
2250 1803 2389 1872 quod
2417 1803 2504 1858 ille
2532 1803 2596 1858 ad
2629 1805 2914 1872 perniciem
2947 1807 3100 1862 unius
3130 1807 3358 1865 hominis
3383 1826 3506 1880 per-

1912 1907 2065 1947 versa
2101 1902 2279 1948 mente
2308 1894 2530 1950 faciebat
2552 1937 2568 1963 ,
2599 1895 2698 1951 iste
2724 1898 2790 1952 ad
2818 1897 3040 1952 salutem
3067 1901 3306 1957 omnium
3333 1901 3508 1959 homi-

1912 1997 2042 2036 num
2095 1983 2314 2053 provida
2363 1985 2743 2054 gubernatione
2794 1987 3080 2044 conferret.
3133 1989 3323 2046 Cantat
3376 2007 3507 2063 ergo

1912 2073 2182 2129 Psalmum
2217 2076 2439 2131 Domino
2477 2077 2650 2131 anima
2674 2077 2928 2150 perfecta,
2957 2095 3076 2150 quae
3103 2080 3212 2150 jam
3240 2082 3396 2154 digna
3423 2092 3508 2140 est

1915 2182 2076 2224 nosse
2115 2177 2382 2225 secretum
2428 2169 2562 2235 Dei;
2608 2178 2784 2225 cantat
2833 2188 2924 2240 pro
2962 2173 3121 2228 verbis
3157 2172 3350 2243 Clntsi,
3381 2177 3504 2246 quia

1914 2263 2112 2318 meruit
2137 2277 2298 2318 nosse
2319 2263 2478 2319 verba
2504 2263 2642 2318 illius
2662 2265 2880 2320 silentii.
2910 2266 3064 2336 Apud
3093 2267 3332 2324 inﬁdeles
3360 2269 3503 2325 enim

1912 2363 1969 2410 et
2003 2363 2373 2424 persecutores
2393 2397 2408 2422 ,
2453 2355 2720 2425 silentium
2747 2365 2830 2411 est
2858 2356 2985 2411 illud
3011 2365 3169 2428 atque
3195 2368 3456 2414 secretum
3488 2378 3503 2414 :

1913 2446 2054 2517 apud
2096 2462 2222 2503 suos
2259 2457 2472 2512 autem,
2511 2450 2702 2518 quibus
2737 2449 2936 2505 dictum
2973 2459 3093 2518 est,
3119 2451 3241 2505 Jan:
3267 2469 3367 2508 non
3392 2453 3506 2509 dico

1913 2553 2000 2594 vos
2040 2556 2238 2604 servos,
2289 2541 2408 2610 quia
2453 2557 2625 2595 servus
2675 2543 2832 2596 nescit
2883 2542 3008 2612 quid
3057 2543 3214 2614 faciat
3254 2543 3506 2602 Dominus

1912 2632 2062 2701 ejus;
2101 2648 2186 2686 vos
2213 2642 2381 2686 autem
2409 2633 2516 2686 dixi
2543 2633 2732 2688 amicos
2753 2674 2769 2700 ,
2799 2634 2916 2702 quia
2943 2635 3112 2688 omnia
3135 2652 3248 2708 qua:
3275 2637 3448 2692 audivi
3473 2654 3507 2693 α

1912 2721 2074 2778 Patre
2114 2740 2225 2778 meo
2244 2765 2259 2789 ,
2298 2733 2418 2778 nota
2442 2724 2540 2794 feci
2563 2725 2699 2778 vobis
2728 2723 2904 2796 (Joan.
2931 2743 3000 2781 xv
3017 2769 3033 2792 ,
3063 2728 3149 2798 15)
3177 2744 3190 2780 :
3213 2728 3353 2799 apud
3373 2730 3507 2785 ami-

1912 2828 2008 2870 cos
2049 2829 2178 2884 ergo
2220 2813 2334 2884 ejus
2376 2830 2478 2869 non
2520 2825 2601 2869 est
2627 2814 2892 2870 silentium
2915 2858 2930 2884 ,
2961 2817 3054 2872 sed
3083 2818 3243 2874 verba
3271 2819 3501 2888 silentii,

1913 2907 1964 2961 id
2005 2917 2107 2972 est,
2127 2906 2264 2962 ratio
2288 2906 2522 2977 exposita
2549 2916 2603 2962 et
2631 2909 2908 2962 manifesta
2940 2909 3082 2964 illius
3107 2909 3322 2966 silentii.
3350 2911 3503 2979 Quod

1911 3001 2179 3056 silentium
2205 3042 2221 3066 ,
2267 2999 2317 3054 id
2345 3006 2430 3056 est
2453 2997 2647 3064 Chusi,
2677 3000 2871 3055 dicitur
2922 3000 3060 3056 illius
3083 3001 3309 3071 Jemini,
3342 3003 3390 3058 id
3421 3012 3504 3060 est

1911 3091 2090 3148 dextri
2145 3111 2158 3146 :
2209 3108 2315 3148 non
2354 3093 2495 3149 enim
2539 3091 2967 3149 abscondendqu
2995 3103 3110 3149 erat
3137 3098 3334 3152 sanctis
3361 3098 3502 3168 quod

1910 3199 2009 3257 pro
2049 3184 2153 3239 illis
2190 3193 2397 3255 gestum
2423 3193 2524 3239 est.
2557 3183 2627 3238 Et
2655 3192 2830 3239 tamen
2864 3182 3106 3252 Nesciat,
3139 3187 3343 3257 inquit,
3373 3189 3502 3242 sini-

1909 3287 2015 3334 stra
2044 3276 2166 3348 quid
2187 3277 2342 3348 faciat
2365 3277 2542 3332 dextra
2571 3274 2781 3347 (Matth.
2809 3293 2882 3342 vt,
2905 3275 2986 3346 ὃ).
3006 3277 3163 3332 Canit
3180 3295 3307 3350 ergo
3325 3280 3501 3338 anima

1911 3373 2144 3443 perlecta
2193 3371 2247 3425 in
2291 3370 2602 3440 prophetia,
2648 3371 2733 3426 cui
2768 3379 3031 3426 secretum
3061 3371 3189 3426 illud
3236 3373 3500 3442 innotuit,

1911 3483 2005 3535 pro
2052 3465 2212 3520 verbis
2258 3461 2448 3528 Chusi,
2492 3461 2542 3518 id
2570 3471 2650 3518 est
2681 3478 2778 3533 pro
2801 3463 3103 3533 cognitione
3144 3463 3380 3535 ejusdem
3409 3481 3500 3523 se-

1910 3557 2081 3622 creti;
2134 3555 2275 3626 quod
2329 3564 2592 3610 secretum
2645 3554 2833 3611 dexter
2885 3555 3063 3622 Deus,
3111 3556 3162 3611 id
3208 3566 3291 3613 est
3320 3557 3503 3616 favens

1909 3658 2068 3720 atque
2112 3649 2368 3718 pr0pitius
2411 3647 2497 3713 ei,
2546 3657 2796 3717 Oper-atus
2838 3655 2919 3702 est
2949 3666 2961 3701 :
2991 3663 3156 3719 quare
3191 3647 3292 3705 hoc
3330 3651 3496 3706 silen-

1912 3744 2040 3798 tiutu
2088 3740 2252 3796 Filius
2295 3741 2466 3796 dextri
2505 3739 2842 3811 appellatur,
2871 3739 3013 3810 quod
3059 3749 3140 3797 cst
3180 3738 3370 3809 Cltusi,
3403 3743 3500 3813 ﬁlii

1907 3832 2101 3888 Jentini
2112 3835 2138 3886 ?

1978 3927 2030 3980 ‘2.
2062 3926 2213 4001 [vers.
2242 3925 2298 3988 2,
2333 3924 2410 3998 5.]
2451 3924 2667 3978 Domine
2699 3923 2833 3978 Deus
2875 3941 3033 3990 mem,
3069 3926 3121 3979 in
3163 3936 3211 3980 te
3255 3927 3495 3995 speravi;

1907 4021 2100 4075 salvum
2140 4036 2218 4072 me
2258 4022 2340 4090 fac
2364 4034 2426 4072 ea:
2448 4017 2678 4070 omnibus
2701 4018 3103 4086 persequentibus
3148 4033 3246 4082 me,
3287 4029 3331 4072 et
3361 4019 3500 4089 eripe

1909 4130 2005 4168 me.
2048 4111 2320 4181 Tanquam
2362 4110 2446 4163 cui
2490 4126 2594 4162 non
2645 4118 2811 4163 restat
2832 4109 2941 4178 jam
2977 4109 3208 4179 perlecm
3235 4111 3256 4142 ⁸
3286 4112 3384 4164 nisi
3414 4111 3496 4167 in-

1908 4205 2060 4259 vidus
2086 4202 2348 4265 diabolus,
2371 4209 2622 4269 superato
2648 4199 2788 4252 omni
2814 4199 2952 4253 bello
2981 4208 3140 4269 atque
3167 4200 3491 4258 adversitate

1907 4298 2176 4358 vitiorum.
2201 4296 2328 4350 dicit
2360 4312 2372 4348 :
2408 4294 2616 4349 Salvum
2647 4309 2725 4346 me
2752 4293 2835 4363 fac
2859 4309 2920 4347 ea:
2943 4292 3173 4346 omnibus
3198 4310 3493 4365 persequen-

1909 4391 2040 4444 tibus
2060 4407 2156 4450 nte,
2182 4398 2230 4443 et
2259 4389 2395 4458 eripe
2423 4403 2501 4440 me
2533 4403 2551 4441 :
2589 4386 2854 4457 nequando
2884 4386 3051 4455 rapiat
3077 4397 3130 4439 ut
3163 4388 3239 4441 leo
3265 4389 3486 4443 animum

1909 4499 2089 4536 meam.
2138 4479 2271 4534 Dicit
2318 4477 2602 4547 Apostolus
2646 4496 2657 4531 :
2691 4478 3020 4533 Adversarius
3055 4489 3213 4533 vester
3256 4480 3489 4538 diabolus

1907 4586 2146 4645 tanquam
2191 4574 2266 4626 leo
2294 4572 2494 4642 rugiens
2520 4569 2718 4636 circuit,
2759 4585 2984 4641 quazrens
3026 4587 3170 4636 quem
3200 4571 3396 4626 devoret
3427 4576 3444 4641 (
3471 4573 3487 4626 Ι

1914 4667 2050 4721 Petr.
2082 4681 2138 4732 v,
2169 4664 2246 4730 8).
2277 4662 2457 4732 Itaque
2479 4677 2598 4715 cum
2629 4660 2830 4715 diceret
2872 4676 2966 4730 per
3008 4661 3263 4729 pluralem
3297 4679 3486 4719 nume-

1905 4776 2047 4825 rum,
2097 4757 2307 4813 Salvum
2340 4771 2416 4808 me
2455 4756 2536 4825 fac
2577 4769 2639 4806 ea:
2670 4752 2899 4805 omnibus
2928 4753 3329 4824 persequentibus
3373 4772 3487 4819 me,

1904 4851 2224 4925 singularem
2255 4858 2436 4918 postea
2468 4845 2641 4900 intulit
2684 4845 2885 4903 dicens.
2933 4845 3196 4915 nequando
3237 4848 3404 4916 rapiat
3433 4858 3487 4900 ut

1906 4947 1982 5002 leo
2011 4949 2231 4999 animam
2270 4957 2428 4994 meam
2456 4955 2476 4993 :
2501 4954 2606 4993 non
2637 4936 2779 4992 enim
2806 4935 2899 5002 ait,
2929 4936 3210 5006 nequando
3242 4939 3448 5004 rapiant
3473 4981 3488 5003 ,

1905 5040 2081 5095 sciens
2125 5035 2243 5104 quis
2287 5031 2540 5085 restiterit
2583 5027 2845 5089 inimicus,
2896 5036 2946 5080 et
2999 5027 3245 5094 perit-clm
3290 5029 3482 5083 animze

1907 5129 2251 5184 vehementer
2279 5123 2552 5176 adversus.
2587 5118 2718 5172 Dum
2741 5135 2838 5171 non
2867 5127 2935 5171 est
2962 5119 3048 5186 qui
3067 5120 3298 5182 redimat,
3330 5135 3487 5187 neque

1906 5222 1992 5293 qui
2029 5219 2220 5274 salvum
2251 5214 2404 5287 faciat
2429 5228 2450 5267 :
2475 5210 2526 5266 id
2569 5220 2672 5276 est,
2703 5226 2768 5264 ne
2797 5211 2882 5265 ille
2915 5213 3099 5280 rapiat,
3134 5211 3258 5265 dum
3287 5222 3339 5264 tu
3378 5227 3484 5264 non

1908 5312 2128 5370 redimis
2157 5325 2328 5377 neque
2358 5304 2558 5360 salvmn
2605 5304 2770 5367 lacis;
2803 5303 2846 5357 si
2876 5304 3017 5357 enim
3053 5305 3186 5357 licus
3207 5318 3312 5358 non
3356 5304 3486 5358 red-

1913 5408 2041 5464 imat
2069 5421 2239 5476 neque
2266 5402 2467 5457 salvum
2501 5400 2674 5456 faciat.
2704 5398 2790 5453 ille
2820 5399 2974 5466 rapit.

1981 5501 2032 5556 3.
2062 5496 2214 5573 [rem
2245 5497 2297 5555 Δ,
2330 5495 2362 5548 5
2389 5492 2407 5565 ]
2439 5494 2501 5545 Et
2523 5501 2578 5544 ut
2605 5489 2941 5544 manifestum
2973 5493 3036 5542 sit
3070 5493 3170 5556 iam
3199 5491 3486 5560 perfectam

1911 5594 2142 5648 animam
2175 5591 2275 5642 hoc
2303 5587 2501 5648 dicere,
2533 5585 2616 5637 cui
2645 5584 2811 5636 solius
2840 5582 3031 5636 diahoh
3067 5581 3490 5640 fraudulentissi-

1914 5701 2015 5740 ma:
2042 5680 2244 5738 insidia:
2283 5675 2532 5732 cavenda:
2568 5684 2711 5735 sunt,
2744 5673 2862 5727 vide
2889 5673 3014 5743 quid
3045 5684 3296 5744 sequatur
3333 5694 3346 5728 :
3382 5675 3493 5732 Da-

1978 5823 1997 5856 ι
2016 5827 2066 5872 tn
2082 5819 2245 5877 editis.
2267 5812 2460 5868 ascitas
2477 5811 2528 5862 in
2551 5809 2714 5862 Israel.
2737 5809 2882 5861 Abest
2900 5807 2954 5861 iu
2971 5815 3119 5861 alas.

1978 5889 2001 5918 '
2020 5891 2139 5936 “tres
2160 5891 2286 5940 item,
2303 5880 2592 5942 persecutor.
