4078 6446
664 389 770 448 103

663 518 793 575 ergo
815 503 940 560 illud
964 501 1101 558 unde
1117 503 1305 558 animze
1327 511 1572 570 tanquam
1590 500 1819 555 lucerna:
1853 501 2235 566 accenduntur,

667 614 772 653 non
791 598 981 659 alieno,
1007 595 1100 649 sed
1127 594 1336 663 proprio
1357 592 1638 663 splendore
1665 591 1961 662 praefulget,
1989 591 2132 662 quod
2157 600 2241 647 est

665 687 779 760 ipsa
801 689 1007 743 veritas.
1025 686 1094 738 lla
1112 700 1238 755 ergo
1253 685 1466 747 dicitur,
1485 684 1761 737 sectmdum
1774 683 2029 752 justitiam
2052 699 2236 744 meam,

661 791 710 835 et
743 779 1016 833 secundum
1041 777 1376 831 innocentiam
1410 791 1574 830 meam
1617 790 1770 843 super
1794 791 1892 838 me,
1918 783 2166 842 tauquam
2193 772 2239 827 si

662 871 874 926 lucerna
904 869 1095 923 ardens
1120 878 1174 922 et
1201 868 1383 922 lucens
1409 866 1611 921 diceret
1642 882 1656 919 :
1690 864 1873 920 .Iudica
1922 880 2006 920 me
2041 879 2236 920 secun-

660 964 785 1020 dum
817 963 1080 1018 ﬂammam
1110 977 1228 1028 qua:
1254 975 1416 1030 super
1440 975 1525 1014 me
1550 969 1650 1026 est,
1676 957 1726 1013 id
1746 967 1846 1027 est,
1864 972 1968 1014 non
1990 972 2093 1028 qua
2118 972 2237 1012 sum

658 1068 758 1126 ego
779 1055 817 1117 ',
849 1050 941 1108 sed
969 1068 1070 1122 qua
1103 1049 1277 1120 fulgeo
1301 1064 1521 1104 accensa
1549 1049 1616 1104 de
1646 1058 1717 1104 te.

728 1145 783 1200 9.
810 1141 959 1217 [vers.
1006 1141 1116 1214 l0.]
1157 1140 1538 1197 Consummatur
1564 1149 1733 1194 autem
1757 1138 1976 1208 nequitia
2005 1147 2234 1208 peccato.

658 1252 790 1291 rum.
811 1237 1214 1299 Consummatur,
1242 1233 1426 1302 inquit.
1452 1231 1774 1301 perficiatur,
1793 1229 2082 1286 secundum
2107 1227 2233 1284 illud

657 1328 801 1399 quod
828 1339 911 1383 est
940 1327 992 1382 in
1023 1326 1337 1397 Apocalypsi
1366 1343 1376 1377 :
1406 1323 1587 1379 Justus
1606 1325 1799 1394 justior
1835 1325 1924 1393 [ἰαί
1945 1365 1961 1388 ,
1989 1333 2036 1376 et
2070 1323 2236 1377 sordi-

659 1421 756 1476 dus
783 1419 1036 1475 sordescat
1074 1420 1240 1472 adhuc
1277 1418 1468 1491 (Apoc.
1513 1434 1642 1482 xm,
1683 1418 1742 1472 11
1771 1417 1814 1486 ).
1850 1416 2067 1471 Videtur
2091 1415 2234 1470 enim

663 1519 1026 1566 consummata
1057 1509 1286 1578 nequitia
1321 1510 1590 1562 hominum
1618 1509 1706 1578 qui
1737 1506 2118 1563 crucillxerunt
2148 1506 2232 1560 Fi-

658 1603 787 1659 lium
821 1603 947 1666 Dei;
978 1601 1073 1658 sed
1104 1617 1288 1657 eorum
1330 1602 1498 1670 major
1534 1609 1618 1656 est
1644 1600 1732 1672 qui
1765 1600 1950 1654 nolunt
1975 1610 2118 1654 recte
2144 1601 2227 1654 vi-

659 1709 806 1759 vere,
835 1703 890 1750 et
913 1693 1141 1748 oderunt
1167 1703 1429 1763 prmecpta
1454 1693 1695 1746 veritatis
1723 1707 1817 1760 pro
1843 1692 2036 1761 quibus
2063 1692 2237 1745 cruci-

658 1786 797 1842 fixus
824 1795 907 1841 est
932 1783 1093 1840 Filius
1121 1785 1230 1839 Dei.
1260 1784 1638 1838 Consummatur
1670 1799 1812 1854 ergo,
1841 1783 2028 1852 inquit,
2060 1783 2234 1852 ncqui-

659 1877 730 1930 tia
766 1887 1081 1947 peccatorum
1107 1891 1127 1940 ;
1169 1875 1220 1929 id
1246 1883 1359 1938 est,
1391 1874 1726 1944 perveniatur
1750 1873 1817 1928 ad
1847 1887 2108 1926 summam
2141 1887 2235 1928 uo-

656 1967 906 2038 qnitiam,
944 1976 1001 2020 ut
1031 1965 1196 2036 possit
1237 1965 1436 2035 justum
1462 1963 1574 2035 jam
1605 1963 1789 2020 venire
1812 1963 2092 2032 judicium.
2124 1962 2232 2019 Sed

654 2061 906 2131 quoniam
944 2075 1048 2114 non
1091 2060 1260 2114 solum
1299 2057 1499 2114 dictum
1542 2066 1652 2119 est,
1687 2057 1942 2114 Sordidus
1977 2058 2233 2112 sordescat

655 2151 844 2214 adhuc,
870 2149 962 2204 sed
983 2150 1142 2204 etiam
1165 2149 1360 2203 dictum
1388 2158 1491 2213 est,
1513 2147 1693 2204 Justus
1717 2150 1907 2221 justior
1934 2149 2043 2220 ﬁat,
2067 2163 2236 2204 anne-

656 2245 754 2298 ctit
777 2242 972 2297 etdicit
1000 2260 1014 2296 :
1047 2241 1112 2296 Et
1129 2242 1316 2311 dirigas
1332 2243 1527 2314 justum
1546 2283 1558 2302 ,
1589 2252 1818 2296 scrutans
1838 2241 1993 2295 corda
2015 2251 2060 2294 et
2091 2257 2232 2295 renes

656 2331 812 2386 Deus.
852 2330 1127 2398 Quomodo
1152 2345 1278 2402 ergo
1301 2331 1474 2399 justus
1512 2330 1665 2400 dirigi
1696 2338 1902 2398 potest,
1932 2331 2028 2384 nisi
2059 2329 2111 2384 in
2139 2344 2231 2384 oe-

657 2424 837 2487 CuIto;
868 2423 1080 2494 quando
1121 2423 1279 2476 etiam
1322 2436 1416 2492 per
1447 2422 1566 2474 illa!
1609 2439 1724 2490 qua:
1757 2423 1905 2476 initio
1934 2434 2231 2492 temporum

656 2515 1096 2577 christianornm,
1136 2529 1254 2567 cum
1286 2512 1456 2565 adlme
1489 2512 1856 2581 persecutione
1893 2513 2229 2567 stecnlarinm

660 2607 930 2660 hominum
973 2606 1137 2658 sancti
1185 2615 1570 2674 premerentur.
1625 2605 1862 2658 miranda
1919 2606 2233 2660 videbantur

662 2697 963 2752 hominibus
985 2738 996 2754 .
1031 2713 1168 2750 nunc
1206 2707 1478 2766 [estquam
1519 2697 1569 2750 in
1611 2706 1757 2750 tanto
1779 2697 2008 2751 culmine
2037 2712 2230 2753 nomen

657 2791 820 2858 cmpit
847 2803 965 2845 esse
993 2789 1335 2843 christiamnn
1358 2829 1372 2853 ,
1405 2789 1570 2843 erevit
1609 2789 1920 2859 hypocrisis.
1952 2788 2003 2843 id
2034 2797 2114 2843 est
2155 2789 2231 2844 si-

656 2883 894 2944 mulatio,
921 2895 1102 2934 eorum
1125 2881 1326 2934 scilicet
1349 2881 1434 2949 qui
1467 2881 1680 2936 nomine
1717 2882 2006 2936 christiano
2028 2881 2233 2937 malunt

656 2975 954 3030 hominibus
985 2975 1192 3044 placere
1213 2989 1368 3041 quam
1403 2972 1553 3027 Deo?
1580 2973 1858 3039 Quomodo
1885 2989 2014 3044 ergo
2041 2974 2229 3045 dirigi.

655 3065 930 3135 tnrjustns
955 3065 1006 3118 in
1033 3074 1174 3117 tanta
1204 3063 1512 3117 confusione
1551 3063 1922 3128 simulationis,
1963 3065 2064 3118 nisi
2102 3065 2230 3120 dum

655 3166 922 3213 scrutatur
945 3157 1101 3210 corda
1123 3164 1177 3210 et
1197 3170 1348 3210 renes
1374 3156 1528 3218 Deus,
1561 3154 1745 3209 videns
1772 3157 2005 3210 omnium
2031 3157 2230 3227 cogita-

655 3249 850 3314 tiones,
869 3263 986 3316 qua:
1007 3247 1218 3300 nomine
1234 3244 1410 3299 cordis
1430 3245 1738 3315 significatm
1763 3256 1907 3313 sunt,
1930 3257 1985 3302 et
2002 3249 2230 3304 delecta-

655 3341 846 3404 tiones,
879 3353 996 3408 qna:
1024 3338 1234 3390 nomine
1261 3351 1442 3390 renmn
1471 3337 1872 3408 intelliguntur?
1895 3339 2055 3394 Recte
2078 3339 2231 3409 quip-

657 3445 722 3500 pe
752 3429 1116 3498 temporalium
1138 3437 1191 3482 et
1219 3437 1552 3482 terrenarum
1575 3445 1749 3482 rerum
1775 3429 2058 3485 delectatio
2085 3433 2228 3486 reui-

655 3522 753 3576 bns
778 3521 1054 3584 tribuitur;
1085 3519 1203 3588 quia
1232 3529 1287 3572 et
1316 3519 1424 3587 ipsa
1465 3535 1583 3588 pars
1613 3529 1695 3573 est
1723 3520 1938 3574 inferior
1959 3520 2224 3587 hominis,

652 3622 709 3670 et
734 3629 795 3669 ea
836 3614 980 3682 regio
1005 3620 1089 3666 est
1124 3611 1212 3665 ubi
1235 3612 1458 3667 carnalis
1484 3613 1840 3682 generationis
1867 3613 2102 3682 voluptas
2131 3615 2226 3668 ha-

652 3703 804 3767 bitat,
833 3719 927 3774 per
949 3718 1104 3774 quam
1128 3704 1178 3757 in
1202 3702 1338 3756 hanc
1361 3717 1711 3757 avrunmosam
1733 3712 1789 3758 et
1813 3703 2010 3759 fallacis
2034 3706 2228 3761 la-titiae

654 3797 832 3857 vitam,
866 3809 960 3863 per
982 3793 1370 3849 successionem
1390 3793 1551 3862 prolis
1577 3805 1762 3849 natura
1793 3796 2018 3850 hmuana
2051 3809 2224 3854 trans-

657 3885 910 3939 funditur.
952 3883 1206 3939 Scrutans
1233 3900 1362 3954 ergo
1418 3900 1511 3940 cor
1554 3895 1791 3940 nostrum
1839 3888 1993 3947 Deus.
2024 3901 2077 3943 et
2103 3905 2225 3957 per-

656 3980 883 4049 Spicicns
907 3979 978 4034 ibi
1017 3993 1138 4033 esse
1161 3977 1248 4032 ubi
1272 3987 1355 4033 est
1382 3977 1658 4034 thesaurus
1689 3989 1868 4035 uester
1897 3980 2122 4051 (Mattlt.
2151 3999 2222 4048 Vl,

651 4073 745 4144 21)
765 4115 779 4137 ,
813 4073 862 4128 id
889 4081 969 4128 est
998 4072 1048 4128 in
1074 4073 1252 4136 caelis;
1277 4083 1517 4126 scrutans
1545 4073 1704 4127 etiam
1735 4089 1912 4139 renes,
1945 4083 1999 4128 et
2023 4076 2226 4146 perspi-

653 4168 799 4222 ciens
829 4181 931 4220 non
961 4181 1055 4219 nos
1082 4167 1416 4234 acquiescere
1444 4168 1589 4221 carni
1617 4177 1672 4222 et
1708 4169 1949 4238 sanguini
1979 4168 2136 4239 (Gul.
2169 4185 2220 4236 ι,

656 4258 721 4312 lli
746 4258 794 4326 ),
823 4257 913 4308 sed
949 4256 1199 4310 delectari
1227 4256 1277 4309 in
1311 4257 1532 4310 Donnino
1551 4298 1566 4321 ,
1603 4257 1781 4326 dirigit
1804 4260 2002 4326 justum
2031 4262 2080 4314 in
2113 4262 2223 4330 ipsa

654 4350 974 4408 consrientia
995 4365 1173 4408 coram
1199 4363 1287 4416 se,
1317 4349 1402 4403 tibi
1444 4349 1617 4402 nullus
1641 4349 1910 4404 hominum
1939 4352 2098 4416 videt,
2131 4354 2224 4408 sed

585 4485 632 4504 ρ.
654 4446 799 4498 solus
826 4443 911 4498 ille
951 4445 1038 4512 qui
1083 4443 1326 4513 perspicit
1355 4445 1478 4513 quid
1510 4446 1627 4514 quis
1649 4461 1730 4513 pie
1755 4440 1944 4517 cogitcl
1970 4481 1985 4513 ,
2016 4452 2065 4492 ct
2095 4441 2221 4519 quid

615 4545 618 4562 ‘
652 4549 916 4604 quemque
955 4533 1200 4590 delectet.
1244 4533 1388 4589 Finis
1430 4536 1570 4590 enim
1613 4551 1753 4590 cura:
1790 4538 2070 4594 delectatio
2107 4551 2220 4607 est;

650 4627 772 4698 quia
799 4643 865 4683 eo
891 4627 1112 4698 quisque
1138 4628 1278 4681 curis
1305 4635 1359 4682 et
1385 4628 1788 4697 cogitationibus
1816 4631 2030 4697 nititur,
2062 4640 2117 4688 ut
2155 4633 2223 4690 ad

650 4732 802 4772 suam
829 4717 1232 4772 delectationem
1257 4719 1552 4786 perveniat.
1587 4718 1741 4774 Videt
1767 4721 1924 4791 igitur
1941 4737 2094 4778 enras
2122 4739 2222 4778 no-

654 4821 811 4875 stras,
839 4810 926 4882 qui
955 4819 1219 4866 scrutatur
1245 4826 1339 4866 cor
1366 4828 1379 4864 :
1411 4811 1554 4866 videt
1575 4821 1749 4867 autem
1779 4814 1914 4871 lines
1941 4831 2218 4887 curarum,

655 4902 708 4956 id
745 4911 825 4956 est
862 4900 1258 4967 delectationes,
1287 4901 1374 4972 qui
1415 4911 1775 4972 perscrutatur
1801 4921 1985 4972 renes;
2016 4918 2070 4962 ut
2098 4923 2220 4966 eum

652 4993 942 5059 invenerit,
974 5007 1078 5047 non
1101 4993 1168 5048 ad
1197 4993 1676 5064 concupiscentiam
1715 4997 1892 5052 carnis
1911 5038 1928 5064 ,
1958 5014 2130 5070 neque
2153 5000 2220 5058 ad

650 5083 1124 5154 concupiscentiam
1147 5086 1442 5148 oculorum,
1471 5101 1640 5156 neque
1659 5087 1726 5141 ad
1746 5088 2089 5146 ambitionem
2118 5109 2220 5149 ste-

649 5180 772 5241 culi,
805 5196 922 5250 qua:
951 5180 1124 5234 omnia
1175 5189 1449 5237 transeunt
1492 5191 1740 5254 tanquam
1781 5187 1962 5242 umbra
1994 5189 2037 5260 (l
2060 5189 2214 5246 Joan.

653 5286 710 5335 ιι,
743 5270 829 5331 16.
863 5272 976 5342 17),
1009 5272 1246 5328 inclinari
1275 5289 1426 5329 curas
1455 5285 1682 5342 nostras,
1711 5277 1806 5333 sed
1832 5279 1896 5334 ad
1920 5282 2107 5351 gaudia
2132 5299 2219 5339 re-

649 5378 766 5417 rum
814 5371 1130 5419 internarum
1173 5367 1420 5434 sustolli,
1465 5384 1583 5440 quae
1624 5371 1764 5425 nulla
1808 5375 2220 5432 commutatione

712 5529 728 5559 ί
752 5527 972 5587 quinque
991 5533 1116 5583 tttss.,
1140 5538 1233 5576 non
1251 5539 1360 5590 qua:
1386 5539 1491 5578 sunt
1512 5542 1616 5594 ego.

708 5590 730 5620 ⁸
753 5596 883 5637 t.ov..
908 5589 1098 5637 quando
1118 5586 1261 5637 etiam
1301 5587 1402 5637 illa.
1429 5597 1484 5637 Al.
1505 5600 1604 5637 Am.
1646 5600 1698 5637 et
1719 5600 1816 5637 Ιιῖιο.-
1847 5596 2038 5637 mmndn
2074 5595 2141 5637 ali

708 5596 730 5620 ι
753 5596 883 5644 t.ov.,
941 5596 1098 5636 nando
1118 5596 1261 5638 etiam
1301 5596 1402 5638 illa.
1429 5597 1484 5639 At
1505 5600 1604 5640 Am.
1646 5600 1698 5642 et
1719 5600 1816 5654 tua,
1883 5596 2038 5645 nando
2074 5596 2220 5648 etiam

648 5599 983 5721 Egetesiajiip,
1011 5655 1103 5721 etc.
1123 5649 1368 5721 raulgxpte
1384 5659 1505 5714 post,
1539 5654 1774 5721 mirantia
1795 5609 2054 5721 indicuntur
2069 5657 2220 5710 homi-

643 5710 829 5784 nibus:
851 5708 1143 5784 [forte'legq
1175 5708 1318 5784 etiam
1350 5708 1402 5762 iii
1441 5708 1650 5784 ecclesia
1679 5715 1766 5784 illa
1793 5730 1813 5768 :
1837 5719 1924 5767 sed
1965 5708 2219 5784 maluimus

644 5778 785 5846 sequi
800 5771 1122 5846 colbertjluum
1137 5774 1368 5833 codicem,
1381 5775 1462 5838 qui
1480 5779 1730 5828 asecunda
1745 5792 1904 5838 manu,
1921 5780 2008 5830 sed
2023 5771 2218 5846 antiqua

644 5833 858 5898 offert.
873 5847 959 5898 per
975 5833 1075 5886 illa

1895 384 1953 441 s.
1992 381 2360 442 AUGUSTINI
2398 381 2700 443 EPISCOPI
3831 398 3916 460 ιω

2349 499 2632 562 violautur.
2681 499 2874 572 dirigat
2913 501 3136 572 justum,
3165 514 3412 561 scrutatis
3461 504 3629 562 corda
3678 517 3735 564 et
3779 526 3915 573 renes

2349 589 2508 644 Deus.
2537 590 2709 659 Opera
2736 591 2878 646 enim
2907 603 3118 660 nostra,
3144 611 3263 664 qua:
3289 595 3447 652 factis
3475 608 3531 652 et
3567 598 3726 655 dictis
3749 618 3915 671 open.

2349 696 2486 747 mur,
2529 689 2748 749 possunt
2773 696 2894 737 esse
2933 690 3058 746 nota
3103 683 3441 750 hominibus;
3473 688 3574 742 sed
3619 705 3728 760 quo
3760 696 3916 753 animo

2346 770 2498 837 llaut,
2526 781 2715 841 etquo
2745 787 2840 842 per
2869 773 2954 828 illa
2983 776 3260 842 pervenire
3301 777 3590 847 cupiamus
3608 819 3627 846 ,
3667 782 3810 840 solus
3842 787 3914 845 ille

2345 864 2519 929 novit,
2549 865 2637 936 qui
2663 875 2929 922 scrutatur
2955 869 3117 923 corda
3139 879 3195 926 et
3221 886 3379 928 renes
3409 871 3580 929 Deus.

2419 956 2504 1012 1ο.
2535 955 2697 1029 [νινε.
2723 957 2849 1031 11.]
2877 957 3084 1014 Iustum
3123 963 3368 1017 auxilium
3411 980 3588 1020 meum
3615 983 3649 1019 a
3673 965 3876 1025 Domino
3898 1013 3911 1039 ,

2344 1047 2432 1115 qui
2457 1048 2622 1102 salvos
2649 1048 2771 1117 facit
2795 1059 2954 1104 rectos
2981 1052 3148 1105 corde.
3192 1053 3305 1108 Duo
3332 1065 3461 1108 sunt
3507 1054 3687 1112 officia
3717 1060 3911 1115 medici-

2347 1153 2465 1204 nae;
2491 1154 2650 1193 unum
2677 1155 2784 1209 quo
2808 1151 3023 1197 sanatur
3052 1143 3327 1198 inﬁrmitas
3349 1185 3365 1207 ,
3399 1145 3638 1201 alterum
3664 1163 3768 1218 quo
3794 1153 3913 1206 sani-

2347 1236 2427 1284 tas
2472 1229 2787 1285 custoditur.
2829 1230 2986 1286 Juxta
3037 1232 3160 1287 illud
3188 1235 3461 1302 primum.
3508 1235 3712 1292 dictum
3754 1250 3830 1294 est
3868 1241 3911 1297 in

2343 1321 2619 1388 snperiore
2663 1320 2866 1390 psalmo
2889 1363 2904 1385 ,
2935 1321 3173 1378 Miserere
3226 1326 3356 1390 mei,
3395 1324 3623 1382 Domine
3644 1367 3661 1394 ,
3705 1331 3911 1398 quoniam

2341 1410 2576 1478 infirmus
2598 1428 2708 1466 sum
2738 1413 2916 1480 :jnxta
2950 1413 3049 1469 hoc
3073 1415 3322 1482 alterum,
3343 1415 3398 1471 in
3433 1416 3538 1472 hoc
3571 1418 3772 1488 psalmo
3797 1420 3909 1476 dici-

2345 1508 2461 1564 tur,
2494 1501 2556 1556 Si
2579 1512 2648 1556 est
2675 1503 2913 1567 iniquitas
2937 1505 2991 1558 in
3021 1505 3249 1560 manibus
3273 1508 3398 1561 meis
3420 1547 3438 1573 ,
3467 1507 3516 1562 si
3550 1509 3753 1562 reddidi
3787 1512 3908 1566 retri-

2342 1593 2600 1647 bueutibus
2644 1596 2766 1648 mihi
2805 1595 2974 1660 mala,
3005 1596 3230 1650 decidant
3272 1613 3392 1670 ergo
3438 1599 3506 1652 ab
3553 1599 3770 1656 inimicis
3806 1603 3908 1656 nta's

2341 1686 2542 1750 inanis;
2569 1687 2638 1740 ibi
2663 1688 2804 1743 enim
2836 1686 3076 1743 infirmus
3100 1697 3155 1742 ut
3184 1689 3478 1757 liberetur,
3503 1689 3594 1746 hic
3627 1691 3740 1762 jam
3766 1706 3904 1749 sanus

2341 1793 2409 1832 ne
2432 1789 2803 1848 corrumpatur
2820 1821 2835 1844 ,
2867 1790 3002 1834 orat.
3027 1779 3185 1834 Juxta
3215 1779 3343 1834 illud
3370 1780 3447 1836 ibi
3474 1781 3695 1847 dicitur,
3721 1781 3905 1839 Salium

2341 1883 2420 1922 me
2455 1870 2541 1934 fac
2585 1879 2789 1938 propter
2831 1868 3228 1924 misericordiam
3270 1881 3413 1924 tuam
3442 1885 3464 1926 :
3481 1871 3639 1942 juxta
3669 1873 3800 1930 istud
3833 1873 3902 1931 hic

2340 1957 2554 2024 dicitur,
2574 1959 2761 2013 Judica
2787 1977 2883 2020 me.
2911 1960 3146 2026 Domine,
3173 1962 3453 2016 secundum
3466 1963 3729 2035 justitiam
3743 1981 3903 2032 meam;

2340 2049 2412 2104 ibi
2433 2050 2576 2104 enim
2605 2061 2662 2104 ut
2690 2068 2716 2102 τι
2746 2051 2930 2106 morbo
2954 2053 3140 2107 evadat
3163 2093 3178 2117 ,
3210 2053 3534 2122 remedium,
3555 2053 3644 2111 hic
3666 2064 3831 2110 autem
3848 2071 3901 2112 ne

2338 2139 2393 2194 in
2422 2140 2664 2196 morbum
2697 2142 2930 2208 recidat,
2963 2144 3234 2200 tuitionem
3266 2145 3418 2214 petit.
3453 2145 3617 2202 Juxta
3641 2147 3766 2203 illud
3789 2147 3900 2204 dici-
3995 2153 3997 2220 ξ

2339 2238 2427 2285 tur
2448 2273 2464 2298 ,
2494 2231 2701 2287 Salvum
2730 2250 2808 2287 me
2835 2238 2941 2304 fac,
2973 2233 3206 2301 Domine,
3231 2238 3514 2292 secundum
3532 2239 3900 2296 misericordiam

2340 2333 2478 2377 tuam
2501 2342 2518 2389 ;
2539 2324 2688 2394 juxta
2712 2325 2812 2380 hoc
2837 2326 3046 2394 dicitur,
3067 2326 3104 2382 Ι
3108 2340 3274 2383 ustum
3301 2331 3556 2386 auxilium
3581 2349 3744 2388 meum
3765 2349 3794 2386 a
3812 2331 3899 2387 Do-

2339 2415 2496 2478 miuo,
2525 2414 2608 2483 qui
2633 2416 2797 2469 salvos
2825 2419 2946 2487 facit
2973 2431 3132 2473 rectos
3159 2420 3329 2476 corde.
3362 2422 3430 2477 Et
3460 2423 3552 2479 illa
3577 2425 3718 2479 enim
3744 2434 3794 2481 et
3817 2425 3894 2480 ista

2338 2505 2514 2558 salvos
2540 2505 2700 2571 facit;
2727 2507 2818 2562 sed
2845 2508 2934 2561 illa
2964 2524 3029 2564 ex
3054 2512 3364 2580 mgritudine
3389 2514 3459 2568 ad
3495 2514 3722 2572 salutem
3746 2525 3892 2570 trans-

2339 2592 2462 2660 fert,
2492 2595 2605 2650 luee
2635 2599 2684 2650 in
2715 2598 2824 2666 ipsa
2882 2601 3050 2654 salute
3077 2612 3377 2657 conservat.
3417 2603 3604 2674 Itaque
3631 2605 3698 2660 ibi
3719 2607 3893 2660 miseri-

2336 2702 2459 2742 cors
2481 2689 2733 2744 ausilinm
2762 2702 2864 2758 est,
2888 2694 3007 2761 quia
3038 2694 3240 2750 nullum
3268 2696 3430 2752 habet
3455 2699 3706 2754 meritum
3734 2715 3891 2770 pecca-

2338 2789 2422 2836 tor
2445 2823 2459 2847 ,
2491 2781 2580 2851 qui
2618 2783 2791 2838 adhuc
2809 2784 3085 2852 justilicari
3112 2787 3380 2844 desiderat
3407 2831 3424 2856 ,
3456 2790 3686 2847 credens
3712 2791 3762 2846 in
3793 2807 3890 2848 eum

2336 2873 2696 2942 quijustilicat
2722 2875 2938 2944 impium
2970 2877 3144 2945 (Rom.
3177 2894 3250 2945 tv,
3282 2881 3338 2950 5)
3361 2898 3377 2946 ;
3404 2881 3494 2937 hic
3521 2893 3697 2940 autem
3719 2882 3888 2955 justum

2337 2965 2590 3018 auxilium
2616 2974 2736 3030 est,
2767 2967 2888 3036 quia
2911 2967 3020 3036 jam
3041 2968 3186 3037 justo
3213 2971 3482 3026 tribuitur.
3517 2972 3666 3029 Dicat
3690 2989 3808 3045 ergo
3833 2971 3888 3027 ibi

2337 3066 2580 3125 peccator
2605 3057 2693 3127 qni
2721 3057 2880 3121 dixit,
2911 3058 3157 3128 Inﬁrmus
3179 3078 3312 3124 sum,
3339 3062 3561 3119 Salvum
3585 3081 3664 3120 me
3689 3070 3784 3137 fac,
3802 3062 3888 3118 Do-

2335 3147 2488 3213 mine,
2511 3158 2714 3218 propter
2741 3149 3130 3203 misericordiam
3158 3161 3295 3206 tuam
3315 3171 3333 3212 :
3355 3164 3412 3208 et
3432 3155 3579 3211 dicat
3601 3157 3684 3212 hic
3697 3158 3850 3224 justus
3872 3194 3884 3215 ,

2335 3240 2420 3309 qui
2447 3239 2578 3294 dixit
2603 3281 2620 3307 ,
2649 3240 2710 3294 Si
2735 3241 2932 3294 reddidi
2959 3242 3337 3298 retribueutibus
3357 3245 3484 3299 milii
3523 3246 3660 3301 mala
3680 3288 3695 3311 ,
3714 3245 3886 3300 Iustum

2333 3331 2579 3385 auxilium
2607 3347 2768 3384 meum
2795 3348 2826 3384 a
2849 3331 3090 3396 Domino,
3117 3335 3204 3402 qui
3221 3334 3387 3388 salvos
3414 3339 3539 3406 facit
3563 3347 3720 3393 rectos
3742 3336 3882 3390 corde.

2332 3422 2386 3478 Si
2432 3424 2572 3477 enim
2617 3422 2931 3478 medicinam
2968 3424 3221 3488 exhibet,
3247 3443 3349 3494 qna
3390 3443 3646 3484 sanemur
3675 3427 3882 3493 inlirmi,

2331 3523 2530 3583 quanto
2559 3514 2725 3582 magis
2753 3528 2869 3568 eam
2892 3529 2991 3583 qua
3017 3515 3379 3570 custodiantur
3404 3517 3521 3572 sani
3543 3519 3566 3572 ?
3585 3518 3825 3586 Quoniam
3846 3516 3883 3570 si

2332 3617 2451 3658 cum
2497 3603 2668 3658 adhuc
2715 3615 3020 3674 peccatores
3047 3619 3288 3662 essenms
3309 3649 3325 3672 ,
3352 3608 3600 3666 liliristus
3625 3625 3718 3680 pro
3754 3605 3881 3663 nobis

2333 3704 2574 3749 mortuus
2602 3704 2703 3754 est.
2732 3707 2930 3764 quanto
2956 3695 3124 3766 magis
3147 3712 3287 3752 nunc
3309 3698 3589 3767 justilicati
3609 3742 3627 3770 ,
3650 3699 3776 3757 salvi
3796 3697 3882 3754 crio

2333 3802 2450 3840 mus
2477 3787 2544 3841 ab
2569 3787 2644 3841 ira
2677 3802 2770 3856 per
2790 3788 2958 3855 ipsum
2991 3787 3165 3859 (Rom.
3196 3804 3250 3855 v,
3269 3789 3322 3849 8.
3351 3790 3448 3860 ογ)

2403 3878 2489 3932 ll.
2520 3877 2724 3930 Iustum
2767 3879 3014 3931 auxilium
3052 3894 3220 3933 meum
3255 3898 3285 3931 ιι
3326 3878 3550 3936 Domino
3572 3923 3588 3945 ,
3629 3881 3714 3947 qui
3742 3879 3877 3935 solm

2331 3961 2451 4032 facit
2489 3973 2645 4015 rectos
2679 3962 2844 4014 corde.
2876 3961 3067 4031 Dirigit
3100 3964 3330 4030 justum,
3363 3976 3610 4020 scrutatis
3653 3961 3800 4020 corda
3833 3971 3875 4017 ot

2330 4067 2487 4109 renes
2520 4055 2656 4107 Deus
2688 4071 2701 4107 :
2728 4053 2873 4122 justo
2916 4063 3092 4107 autem
3129 4055 3326 4108 auxilio
3365 4056 3542 4111 salvos
3585 4055 3703 4111 facit
3729 4061 3874 4108 rectos

2329 4146 2511 4200 corde.
2542 4144 2656 4199 Non
2683 4145 2820 4198 sicut
2848 4153 3113 4200 scrutatur
3137 4146 3297 4202 corda
3322 4158 3376 4202 et
3405 4164 3562 4204 renes
3586 4191 3599 4214 ,
3633 4151 3697 4202 ita
3725 4145 3872 4201 salvos

2332 4237 2456 4292 facit
2478 4251 2650 4292 reetos
2670 4237 2827 4290 corde
2845 4248 2899 4292 et
2919 4238 3133 4293 renibus
3149 4257 3162 4294 ;
3176 4240 3296 4308 quia
3312 4241 3660 4309 Cogitationes
3678 4247 3728 4294 et
3747 4234 3871 4290 mala!

2329 4340 2454 4384 sunt
2483 4333 2532 4383 in
2564 4345 2722 4398 pravo
2746 4331 2925 4393 Corde,
2955 4343 3008 4384 et
3033 4331 3181 4385 bona:
3210 4332 3259 4385 in
3290 4343 3435 4386 recto
3461 4335 3652 4397 corde,
3677 4331 3870 4386 delecta-

2333 4423 2503 4476 tiones
2543 4433 2718 4476 autem
2752 4440 2853 4478 non
2898 4425 3049 4478 bima:
3071 4425 3134 4476 ad
3168 4439 3320 4478 renes
3346 4427 3649 4503 pertinent,
3671 4423 3778 4501 quia
3802 4420 3867 4481 in-

2331 4512 2552 4577 fartores
2589 4525 2747 4592 atque
2778 4526 3000 4578 terrenae
3029 4526 3171 4588 Sttlll,
3195 4517 3346 4579 boote
3366 4542 3493 4581 vero
3516 4525 3697 4580 nonad
3719 4534 3864 4581 rencs.

2328 4613 2422 4671 sed
2447 4613 2510 4668 ad
2542 4616 2711 4684 ipsum
2739 4630 2850 4668 cor.
2875 4615 3159 4684 Propterea
3188 4631 3290 4671 nou
3317 4617 3386 4671 ita
3408 4619 3510 4672 dici
3538 4623 3747 4687 possunt
3761 4607 3864 4667 recti

2328 4693 2563 4772 renibus,
2591 4707 2729 4763 sicut
2749 4707 2994 4762 dicuntur
3018 4709 3149 4763 recti
3179 4709 3340 4764 corde
3361 4751 3374 4770 ,
3407 4725 3526 4765 cum
3552 4709 3658 4779 jam
3685 4704 3762 4761 ubi
3786 4716 3862 4756 co-

2327 4797 2512 4867 gitatio
2534 4839 2550 4861 ,
2578 4797 2646 4852 ibi
2676 4807 2730 4852 et
2754 4797 3035 4853 delectatio
3063 4807 3144 4852 est
3176 4815 3190 4850 :
3221 4798 3360 4868 quod
3390 4800 3504 4854 fieri
3543 4813 3646 4853 non
3675 4798 3828 4867 ροιεει
3847 4827 3860 4853 9

2328 4888 2430 4944 nisi
2459 4903 2576 4943 cum
2609 4888 2788 4943 divina
2813 4899 2972 4958 atque
3002 4897 3199 4942 :uterna
3221 4889 3533 4958 cogitantur.
3560 4885 3775 4948 Dedisti,
3793 4881 3860 4934 in-

2327 4980 2479 5050 quit,
2509 4979 2733 5034 ltetitiam
2759 4979 2811 5033 in
2838 4981 2988 5032 corde
3010 4995 3148 5045 meo,
3175 4994 3296 5034 cum
3340 4979 3594 5046 dixisset,
3627 4976 3860 5046 Signatuut

2327 5081 2398 5126 est
2427 5088 2578 5141 super
2618 5088 2706 5125 nos
2749 5069 2914 5124 lumen
2957 5071 3121 5127 vultus
3147 5079 3253 5136 tut,
3279 5070 3495 5127 Domine
3522 5069 3684 5142 (Psal.
3706 5079 3769 5130 tv,
3795 5060 3855 5128 ⁷)·

2326 5163 2455 5219 Nam
2483 5163 2844 5234 phantasmata
2870 5178 3046 5218 rerum
3075 5165 3440 5235 temporalium
3457 5207 3473 5232 ,
3501 5179 3617 5235 qua:
3644 5159 3735 5216 sibi
3759 5151 3856 5208 ani-

2327 5272 2443 5311 mus
2469 5255 2632 5326 lingit.
2660 5271 2777 5311 cum
2801 5269 2894 5323 spe
2914 5271 3045 5310 vana
3063 5257 3374 5328 mortalique
3389 5259 3632 5326 jactatur,
3653 5241 3856 5322 quarum

2329 5351 2570 5405 inanibus
2600 5350 3062 5420 imaginationibus
3086 5350 3311 5407 afferant
3338 5366 3479 5422 saepe
3504 5348 3712 5405 deliram
3738 5341 3856 5395 inss-

2328 5457 2552 5512 mutique
2591 5441 2824 5494 laetitiam
2845 5481 2859 5505 ,
2892 5457 2996 5497 non
3039 5453 3213 5497 tamen
3243 5442 3388 5496 cordi
3436 5441 3547 5495 lucc
3574 5427 3850 5492 delectatio,

2325 5533 2418 5589 sed
2453 5533 2667 5587 renibus
2697 5533 2974 5588 tribuenda
3003 5542 3116 5598 est;
3149 5533 3271 5604 quia
3301 5533 3406 5587 illm
3431 5544 3611 5586 omnes
3637 5519 3850 5591 imagina-

2327 5626 2497 5680 tiones
2525 5625 2592 5680 de
2619 5623 2976 5690 inferioribus,
3009 5625 3110 5680 hoc
3129 5635 3210 5680 est
3239 5624 3465 5680 terrenis
3490 5614 3851 5676 carnalibusquo

2323 5705 2500 5782 rebus:
2529 5727 2765 5775 attracta:
2784 5727 2926 5776 sunt.
2955 5716 3027 5774 Ita
3047 5716 3126 5784 fit,
3149 5725 3205 5772 ut
3229 5727 3470 5772 seruulus
3489 5708 3640 5768 corda
3659 5703 3848 5784 etuti?!

2328 5780 2495 5870 Deus,
2516 5819 2569 5865 et
2596 5811 2918 5880 perspiciens
2947 5810 2999 5865 in
3030 5780 3189 5866 corde
3221 5816 3390 5864 rectas
3421 5798 3746 5875 cogitationes
3764 5825 3780 5850 ο
3803 5780 3845 5838 in

3711 5926 3984 6414 Δ
