  <div class='ocr_page' id='page_1' title='image "/cluster/home/n/w/nwhite01/storage/ocr_20150623/36/uva.x000827105/060.png"; bbox 0 0 4078 6442; ppageno 0'>
   <div class='ocr_carea' id='block_1_1' title="bbox 264 373 362 439">
    <p class='ocr_par' dir='ltr' id='par_1_1' title="bbox 264 373 362 439">
     <span class='ocr_line' id='line_1_1' title="bbox 264 373 362 439; baseline 0 -3"><span class='ocrx_word' id='word_1_1' title='bbox 264 373 362 439; x_wconf 74' lang='grc' dir='ltr'><strong>ωε</strong></span> 
     </span>
    </p>
   </div>
   <div class='ocr_carea' id='block_1_2' title="bbox 261 507 1826 579">
    <p class='ocr_par' dir='ltr' id='par_1_2' title="bbox 261 507 1826 579">
     <span class='ocr_line' id='line_1_2' title="bbox 261 507 1826 579; baseline -0.004 -10"><span class='ocrx_word' id='word_1_2' title='bbox 261 511 463 569; x_wconf 88' lang='lat' dir='ltr'><strong>renibus</strong></span> <span class='ocrx_word' id='word_1_3' title='bbox 487 510 664 567; x_wconf 90' lang='lat' dir='ltr'><strong>nullas</strong></span> <span class='ocrx_word' id='word_1_4' title='bbox 703 507 1112 576; x_wconf 73' lang='lat' dir='ltr'><strong>delectationes,</strong></span> <span class='ocrx_word' id='word_1_5' title='bbox 1136 507 1338 579; x_wconf 89' lang='lat' dir='ltr'><strong>justum</strong></span> <span class='ocrx_word' id='word_1_6' title='bbox 1382 508 1638 564; x_wconf 79' lang='lat' dir='ltr'><strong>auxilium</strong></span> <span class='ocrx_word' id='word_1_7' title='bbox 1684 522 1826 579; x_wconf 68' lang='lat' dir='ltr'><strong>pra:-</strong></span> 
     </span>
    </p>
   </div>
   <div class='ocr_carea' id='block_1_3' title="bbox 259 599 1832 672">
    <p class='ocr_par' dir='ltr' id='par_1_3' title="bbox 259 599 1832 672">
     <span class='ocr_line' id='line_1_3' title="bbox 259 599 1832 672; baseline -0.004 -12"><span class='ocrx_word' id='word_1_8' title='bbox 259 602 377 659; x_wconf 88' lang='lat' dir='ltr'><strong>beat</strong></span> <span class='ocrx_word' id='word_1_9' title='bbox 398 601 559 659; x_wconf 88' lang='lat' dir='ltr'><strong>rectis</strong></span> <span class='ocrx_word' id='word_1_10' title='bbox 583 599 769 667; x_wconf 90' lang='lat' dir='ltr'><strong>corde,</strong></span> <span class='ocrx_word' id='word_1_11' title='bbox 799 599 890 656; x_wconf 91' lang='lat' dir='ltr'><strong>ubi</strong></span> <span class='ocrx_word' id='word_1_12' title='bbox 918 599 1131 656; x_wconf 86' lang='lat' dir='ltr'><strong>mundis</strong></span> <span class='ocrx_word' id='word_1_13' title='bbox 1155 599 1562 672; x_wconf 73' lang='lat' dir='ltr'><strong>cogitationibus</strong></span> <span class='ocrx_word' id='word_1_14' title='bbox 1586 614 1832 670; x_wconf 82' lang='lat' dir='ltr'><strong>supernae</strong></span> 
     </span>
    </p>
   </div>
   <div class='ocr_carea' id='block_1_4' title="bbox 255 691 1831 763">
    <p class='ocr_par' dir='ltr' id='par_1_4' title="bbox 255 691 1831 763">
     <span class='ocr_line' id='line_1_4' title="bbox 255 691 1831 763; baseline -0.004 -11"><span class='ocrx_word' id='word_1_15' title='bbox 255 694 634 752; x_wconf 87' lang='lat' dir='ltr'><strong>delectationes</strong></span> <span class='ocrx_word' id='word_1_16' title='bbox 659 693 954 751; x_wconf 75' lang='lat' dir='ltr'><strong>sociantur.</strong></span> <span class='ocrx_word' id='word_1_17' title='bbox 984 692 1051 749; x_wconf 85' lang='lat' dir='ltr'><strong>Et</strong></span> <span class='ocrx_word' id='word_1_18' title='bbox 1076 691 1198 749; x_wconf 92' lang='lat' dir='ltr'><strong>ideo</strong></span> <span class='ocrx_word' id='word_1_19' title='bbox 1237 692 1293 748; x_wconf 92' lang='lat' dir='ltr'><strong>in</strong></span> <span class='ocrx_word' id='word_1_20' title='bbox 1330 692 1438 748; x_wconf 90' lang='lat' dir='ltr'><strong>alio</strong></span> <span class='ocrx_word' id='word_1_21' title='bbox 1466 691 1673 763; x_wconf 88' lang='lat' dir='ltr'><strong>psalmo</strong></span> <span class='ocrx_word' id='word_1_22' title='bbox 1710 706 1831 747; x_wconf 90' lang='lat' dir='ltr'><strong>cum</strong></span> 
     </span>
    </p>
   </div>
   <div class='ocr_carea' id='block_1_5' title="bbox 252 784 1835 858">
    <p class='ocr_par' dir='ltr' id='par_1_5' title="bbox 252 784 1835 858">
     <span class='ocr_line' id='line_1_5' title="bbox 252 784 1835 858; baseline -0.004 -13"><span class='ocrx_word' id='word_1_23' title='bbox 252 788 504 853; x_wconf 86' lang='lat' dir='ltr'><strong>dixisset,</strong></span> <span class='ocrx_word' id='word_1_24' title='bbox 525 784 747 858; x_wconf 77' lang='lat' dir='ltr'><strong>Insuper</strong></span> <span class='ocrx_word' id='word_1_25' title='bbox 772 795 821 841; x_wconf 89' lang='lat' dir='ltr'><strong>et</strong></span> <span class='ocrx_word' id='word_1_26' title='bbox 849 801 1007 857; x_wconf 85' lang='lat' dir='ltr'><strong>usque</strong></span> <span class='ocrx_word' id='word_1_27' title='bbox 1028 785 1098 840; x_wconf 89' lang='lat' dir='ltr'><strong>ad</strong></span> <span class='ocrx_word' id='word_1_28' title='bbox 1119 794 1315 841; x_wconf 91' lang='lat' dir='ltr'><strong>noctem</strong></span> <span class='ocrx_word' id='word_1_29' title='bbox 1338 785 1723 855; x_wconf 81' lang='lat' dir='ltr'><strong>increpaverunt</strong></span> <span class='ocrx_word' id='word_1_30' title='bbox 1756 800 1835 839; x_wconf 87' lang='lat' dir='ltr'><strong>me</strong></span> 
     </span>
    </p>
   </div>
   <div class='ocr_carea' id='block_1_6' title="bbox 246 874 1835 947">
    <p class='ocr_par' dir='ltr' id='par_1_6' title="bbox 246 874 1835 947">
     <span class='ocr_line' id='line_1_6' title="bbox 246 874 1835 947; baseline -0.003 -15"><span class='ocrx_word' id='word_1_31' title='bbox 246 895 389 934; x_wconf 88' lang='lat' dir='ltr'><strong>renes</strong></span> <span class='ocrx_word' id='word_1_32' title='bbox 428 877 527 933; x_wconf 83' lang='lat' dir='ltr'><strong>mei</strong></span> <span class='ocrx_word' id='word_1_33' title='bbox 547 918 566 945; x_wconf 92' lang='lat'><strong>,</strong></span> <span class='ocrx_word' id='word_1_34' title='bbox 598 877 826 947; x_wconf 87' lang='lat' dir='ltr'><strong>subjecit</strong></span> <span class='ocrx_word' id='word_1_35' title='bbox 862 876 930 933; x_wconf 92' lang='lat' dir='ltr'><strong>de</strong></span> <span class='ocrx_word' id='word_1_36' title='bbox 972 876 1170 933; x_wconf 85' lang='lat' dir='ltr'><strong>auxilio</strong></span> <span class='ocrx_word' id='word_1_37' title='bbox 1196 916 1213 942; x_wconf 95' lang='lat'><strong>,</strong></span> <span class='ocrx_word' id='word_1_38' title='bbox 1239 875 1424 933; x_wconf 91' lang='lat' dir='ltr'><strong>dicens</strong></span> <span class='ocrx_word' id='word_1_39' title='bbox 1456 892 1471 930; x_wconf 91' lang='lat'><strong>:</strong></span> <span class='ocrx_word' id='word_1_40' title='bbox 1502 874 1835 930; x_wconf 80' lang='lat' dir='ltr'><strong>Providebam</strong></span> 
     </span>
    </p>
   </div>
   <div class='ocr_carea' id='block_1_7' title="bbox 243 965 1837 1039">
    <p class='ocr_par' dir='ltr' id='par_1_7' title="bbox 243 965 1837 1039">
     <span class='ocr_line' id='line_1_7' title="bbox 243 965 1837 1039; baseline -0.001 -16"><span class='ocrx_word' id='word_1_41' title='bbox 243 966 523 1023; x_wconf 80' lang='lat' dir='ltr'><strong>Dominum</strong></span> <span class='ocrx_word' id='word_1_42' title='bbox 546 968 602 1022; x_wconf 89' lang='lat' dir='ltr'><strong>in</strong></span> <span class='ocrx_word' id='word_1_43' title='bbox 639 975 908 1039; x_wconf 82' lang='lat' dir='ltr'><strong>conspectu</strong></span> <span class='ocrx_word' id='word_1_44' title='bbox 934 982 1043 1022; x_wconf 87' lang='lat' dir='ltr'><strong>meo</strong></span> <span class='ocrx_word' id='word_1_45' title='bbox 1070 983 1297 1038; x_wconf 90' lang='lat' dir='ltr'><strong>semper,</strong></span> <span class='ocrx_word' id='word_1_46' title='bbox 1315 968 1555 1039; x_wconf 69' lang='lat' dir='ltr'><strong>quoniam</strong></span> <span class='ocrx_word' id='word_1_47' title='bbox 1582 983 1616 1020; x_wconf 90' lang='lat' dir='ltr'><strong>a</strong></span> <span class='ocrx_word' id='word_1_48' title='bbox 1645 965 1837 1022; x_wconf 69' lang='lat' dir='ltr'><strong>dextris</strong></span> 
     </span>
    </p>
   </div>
   <div class='ocr_carea' id='block_1_8' title="bbox 237 1056 1838 1131">
    <p class='ocr_par' dir='ltr' id='par_1_8' title="bbox 237 1056 1838 1131">
     <span class='ocr_line' id='line_1_8' title="bbox 237 1056 1838 1131; baseline -0.001 -17"><span class='ocrx_word' id='word_1_49' title='bbox 237 1068 316 1114; x_wconf 85' lang='lat' dir='ltr'><strong>est</strong></span> <span class='ocrx_word' id='word_1_50' title='bbox 343 1058 465 1115; x_wconf 73' lang='lat' dir='ltr'><strong>nubi</strong></span> <span class='ocrx_word' id='word_1_51' title='bbox 489 1075 553 1115; x_wconf 83' lang='lat' dir='ltr'><strong>ne</strong></span> <span class='ocrx_word' id='word_1_52' title='bbox 580 1073 897 1114; x_wconf 80' lang='lat' dir='ltr'><strong>commoveor</strong></span> <span class='ocrx_word' id='word_1_53' title='bbox 920 1057 1093 1131; x_wconf 90' lang='lat' dir='ltr'><strong>(Psal.</strong></span> <span class='ocrx_word' id='word_1_54' title='bbox 1134 1073 1240 1127; x_wconf 88' lang='lat' dir='ltr'><strong>xv,</strong></span> <span class='ocrx_word' id='word_1_55' title='bbox 1270 1058 1304 1113; x_wconf 85' lang='lat'><strong>7</strong></span> <span class='ocrx_word' id='word_1_56' title='bbox 1323 1098 1340 1125; x_wconf 92' lang='lat'><strong>,</strong></span> <span class='ocrx_word' id='word_1_57' title='bbox 1365 1058 1446 1129; x_wconf 88' lang='lat'><strong>8).</strong></span> <span class='ocrx_word' id='word_1_58' title='bbox 1469 1057 1568 1115; x_wconf 85' lang='lat' dir='ltr'><strong>Ubi</strong></span> <span class='ocrx_word' id='word_1_59' title='bbox 1604 1056 1838 1113; x_wconf 85' lang='lat' dir='ltr'><strong>ostendit</strong></span> 
     </span>
    </p>
   </div>
   <div class='ocr_carea' id='block_1_9' title="bbox 237 1150 1835 1223">
    <p class='ocr_par' dir='ltr' id='par_1_9' title="bbox 237 1150 1835 1223">
     <span class='ocr_line' id='line_1_9' title="bbox 237 1150 1835 1223; baseline -0.001 -17"><span class='ocrx_word' id='word_1_60' title='bbox 237 1151 615 1223; x_wconf 85' lang='lat' dir='ltr'><strong>suggestiones</strong></span> <span class='ocrx_word' id='word_1_61' title='bbox 639 1158 843 1207; x_wconf 88' lang='lat' dir='ltr'><strong>tantum</strong></span> <span class='ocrx_word' id='word_1_62' title='bbox 873 1165 933 1207; x_wconf 90' lang='lat' dir='ltr'><strong>se</strong></span> <span class='ocrx_word' id='word_1_63' title='bbox 959 1165 989 1205; x_wconf 89' lang='lat' dir='ltr'><strong>a</strong></span> <span class='ocrx_word' id='word_1_64' title='bbox 1016 1150 1236 1206; x_wconf 85' lang='lat' dir='ltr'><strong>renibus</strong></span> <span class='ocrx_word' id='word_1_65' title='bbox 1265 1164 1503 1221; x_wconf 91' lang='lat' dir='ltr'><strong>passum,</strong></span> <span class='ocrx_word' id='word_1_66' title='bbox 1536 1164 1643 1205; x_wconf 91' lang='lat' dir='ltr'><strong>non</strong></span> <span class='ocrx_word' id='word_1_67' title='bbox 1672 1150 1835 1205; x_wconf 89' lang='lat' dir='ltr'><strong>etiam</strong></span> 
     </span>
    </p>
   </div>
   <div class='ocr_carea' id='block_1_10' title="bbox 236 1240 1833 1313">
    <p class='ocr_par' dir='ltr' id='par_1_10' title="bbox 236 1240 1833 1313">
     <span class='ocr_line' id='line_1_10' title="bbox 236 1240 1833 1313; baseline -0.001 -17"><span class='ocrx_word' id='word_1_68' title='bbox 236 1241 646 1310; x_wconf 87' lang='lat' dir='ltr'><strong>delectationes,</strong></span> <span class='ocrx_word' id='word_1_69' title='bbox 658 1256 791 1313; x_wconf 89' lang='lat' dir='ltr'><strong>quas</strong></span> <span class='ocrx_word' id='word_1_70' title='bbox 806 1241 851 1297; x_wconf 88' lang='lat' dir='ltr'><strong>si</strong></span> <span class='ocrx_word' id='word_1_71' title='bbox 867 1249 1163 1313; x_wconf 88' lang='lat' dir='ltr'><strong>pateretur,</strong></span> <span class='ocrx_word' id='word_1_72' title='bbox 1177 1240 1362 1311; x_wconf 89' lang='lat' dir='ltr'><strong>utique</strong></span> <span class='ocrx_word' id='word_1_73' title='bbox 1375 1248 1833 1296; x_wconf 84' lang='lat' dir='ltr'><strong>commoveretur.</strong></span> 
     </span>
    </p>
   </div>
   <div class='ocr_carea' id='block_1_11' title="bbox 236 1331 1838 1402">
    <p class='ocr_par' dir='ltr' id='par_1_11' title="bbox 236 1331 1838 1402">
     <span class='ocr_line' id='line_1_11' title="bbox 236 1331 1838 1402; baseline -0.001 -14"><span class='ocrx_word' id='word_1_74' title='bbox 236 1331 386 1389; x_wconf 78' lang='lat' dir='ltr'><strong>Dixit</strong></span> <span class='ocrx_word' id='word_1_75' title='bbox 408 1342 588 1390; x_wconf 84' lang='lat' dir='ltr'><strong>autem</strong></span> <span class='ocrx_word' id='word_1_76' title='bbox 606 1374 624 1402; x_wconf 93' lang='lat'><strong>,</strong></span> <span class='ocrx_word' id='word_1_77' title='bbox 652 1332 699 1387; x_wconf 81' lang='grc' dir='ltr'><em>Α</em></span> <span class='ocrx_word' id='word_1_78' title='bbox 722 1333 913 1387; x_wconf 73' lang='lat' dir='ltr'><strong>dextris</strong></span> <span class='ocrx_word' id='word_1_79' title='bbox 936 1340 1008 1387; x_wconf 84' lang='lat' dir='ltr'><strong>est</strong></span> <span class='ocrx_word' id='word_1_80' title='bbox 1035 1332 1160 1387; x_wconf 84' lang='lat' dir='ltr'><strong>mihi</strong></span> <span class='ocrx_word' id='word_1_81' title='bbox 1186 1331 1433 1388; x_wconf 88' lang='lat' dir='ltr'><strong>Dominus</strong></span> <span class='ocrx_word' id='word_1_82' title='bbox 1452 1373 1467 1398; x_wconf 94' lang='lat'><strong>,</strong></span> <span class='ocrx_word' id='word_1_83' title='bbox 1521 1350 1586 1388; x_wconf 90' lang='lat' dir='ltr'><strong>ne</strong></span> <span class='ocrx_word' id='word_1_84' title='bbox 1617 1348 1838 1387; x_wconf 86' lang='lat' dir='ltr'><strong>commo-</strong></span> 
     </span>
    </p>
   </div>
   <div class='ocr_carea' id='block_1_12' title="bbox 234 1422 1838 1496">
    <p class='ocr_par' dir='ltr' id='par_1_12' title="bbox 234 1422 1838 1496">
     <span class='ocr_line' id='line_1_12' title="bbox 234 1422 1838 1496; baseline 0.001 -18"><span class='ocrx_word' id='word_1_85' title='bbox 234 1439 381 1489; x_wconf 79' lang='lat' dir='ltr'><strong>mr;</strong></span> <span class='ocrx_word' id='word_1_86' title='bbox 396 1423 594 1480; x_wconf 88' lang='lat' dir='ltr'><strong>deinde</strong></span> <span class='ocrx_word' id='word_1_87' title='bbox 617 1423 889 1496; x_wconf 75' lang='lat' dir='ltr'><strong>subiungit</strong></span> <span class='ocrx_word' id='word_1_88' title='bbox 911 1463 927 1491; x_wconf 96' lang='lat'><strong>,</strong></span> <span class='ocrx_word' id='word_1_89' title='bbox 954 1422 1177 1495; x_wconf 81' lang='lat' dir='ltr'><strong>Propter</strong></span> <span class='ocrx_word' id='word_1_90' title='bbox 1201 1424 1297 1478; x_wconf 81' lang='lat' dir='ltr'><strong>hoc</strong></span> <span class='ocrx_word' id='word_1_91' title='bbox 1327 1424 1630 1479; x_wconf 86' lang='lat' dir='ltr'><strong>delectatum</strong></span> <span class='ocrx_word' id='word_1_92' title='bbox 1651 1433 1724 1479; x_wconf 83' lang='lat' dir='ltr'><strong>est</strong></span> <span class='ocrx_word' id='word_1_93' title='bbox 1751 1440 1838 1479; x_wconf 88' lang='lat' dir='ltr'><strong>cor</strong></span> 
     </span>
    </p>
   </div>
   <div class='ocr_carea' id='block_1_13' title="bbox 231 1512 1833 1588">
    <p class='ocr_par' dir='ltr' id='par_1_13' title="bbox 231 1512 1833 1588">
     <span class='ocr_line' id='line_1_13' title="bbox 231 1512 1833 1588; baseline -0.001 -18"><span class='ocrx_word' id='word_1_94' title='bbox 231 1530 410 1570; x_wconf 74' lang='lat' dir='ltr'><strong>meum</strong></span> <span class='ocrx_word' id='word_1_95' title='bbox 436 1512 637 1588; x_wconf 84' lang='lat' dir='ltr'><strong>(lbid.,</strong></span> <span class='ocrx_word' id='word_1_96' title='bbox 664 1514 739 1584; x_wconf 79' lang='lat'><strong>9)</strong></span> <span class='ocrx_word' id='word_1_97' title='bbox 772 1532 785 1567; x_wconf 92' lang='lat'><strong>:</strong></span> <span class='ocrx_word' id='word_1_98' title='bbox 818 1522 876 1569; x_wconf 93' lang='lat' dir='ltr'><strong>ut</strong></span> <span class='ocrx_word' id='word_1_99' title='bbox 903 1529 1062 1570; x_wconf 89' lang='lat' dir='ltr'><strong>renes</strong></span> <span class='ocrx_word' id='word_1_100' title='bbox 1088 1529 1212 1570; x_wconf 91' lang='lat' dir='ltr'><strong>eum</strong></span> <span class='ocrx_word' id='word_1_101' title='bbox 1242 1515 1521 1585; x_wconf 85' lang='lat' dir='ltr'><strong>increpare</strong></span> <span class='ocrx_word' id='word_1_102' title='bbox 1542 1515 1833 1585; x_wconf 83' lang='lat' dir='ltr'><strong>potuerint,</strong></span> 
     </span>
    </p>
   </div>
   <div class='ocr_carea' id='block_1_14' title="bbox 231 1603 1831 1677">
    <p class='ocr_par' dir='ltr' id='par_1_14' title="bbox 231 1603 1831 1677">
     <span class='ocr_line' id='line_1_14' title="bbox 231 1603 1831 1677; baseline 0.001 -16"><span class='ocrx_word' id='word_1_103' title='bbox 231 1620 349 1662; x_wconf 88' lang='lat' dir='ltr'><strong>non</strong></span> <span class='ocrx_word' id='word_1_104' title='bbox 374 1605 669 1662; x_wconf 80' lang='lat' dir='ltr'><strong>delectare.</strong></span> <span class='ocrx_word' id='word_1_105' title='bbox 696 1603 817 1662; x_wconf 87' lang='lat' dir='ltr'><strong>Non</strong></span> <span class='ocrx_word' id='word_1_106' title='bbox 845 1607 1025 1677; x_wconf 83' lang='lat' dir='ltr'><strong>itaque</strong></span> <span class='ocrx_word' id='word_1_107' title='bbox 1053 1606 1109 1661; x_wconf 93' lang='lat' dir='ltr'><strong>in</strong></span> <span class='ocrx_word' id='word_1_108' title='bbox 1153 1606 1409 1674; x_wconf 88' lang='lat' dir='ltr'><strong>renibus,</strong></span> <span class='ocrx_word' id='word_1_109' title='bbox 1440 1607 1535 1663; x_wconf 86' lang='lat' dir='ltr'><strong>sed</strong></span> <span class='ocrx_word' id='word_1_110' title='bbox 1583 1606 1654 1662; x_wconf 90' lang='lat' dir='ltr'><strong>ibi</strong></span> <span class='ocrx_word' id='word_1_111' title='bbox 1695 1608 1831 1663; x_wconf 86' lang='lat' dir='ltr'><strong>facta</strong></span> 
     </span>
    </p>
   </div>
   <div class='ocr_carea' id='block_1_15' title="bbox 230 1696 1838 1771">
    <p class='ocr_par' dir='ltr' id='par_1_15' title="bbox 230 1696 1838 1771">
     <span class='ocr_line' id='line_1_15' title="bbox 230 1696 1838 1771; baseline 0.002 -18"><span class='ocrx_word' id='word_1_112' title='bbox 230 1707 322 1753; x_wconf 84' lang='lat' dir='ltr'><strong>est</strong></span> <span class='ocrx_word' id='word_1_113' title='bbox 363 1696 651 1753; x_wconf 83' lang='lat' dir='ltr'><strong>delectatio</strong></span> <span class='ocrx_word' id='word_1_114' title='bbox 672 1737 690 1766; x_wconf 95' lang='lat'><strong>,</strong></span> <span class='ocrx_word' id='word_1_115' title='bbox 730 1697 823 1753; x_wconf 92' lang='lat' dir='ltr'><strong>ubi</strong></span> <span class='ocrx_word' id='word_1_116' title='bbox 868 1697 1127 1755; x_wconf 89' lang='lat' dir='ltr'><strong>adversus</strong></span> <span class='ocrx_word' id='word_1_117' title='bbox 1175 1713 1364 1755; x_wconf 91' lang='lat' dir='ltr'><strong>renum</strong></span> <span class='ocrx_word' id='word_1_118' title='bbox 1416 1699 1838 1771; x_wconf 87' lang='lat' dir='ltr'><strong>increpationem</strong></span> 
     </span>
    </p>
   </div>
   <div class='ocr_carea' id='block_1_16' title="bbox 230 1789 1730 1860">
    <p class='ocr_par' dir='ltr' id='par_1_16' title="bbox 230 1789 1730 1860">
     <span class='ocr_line' id='line_1_16' title="bbox 230 1789 1730 1860; baseline 0.003 -15"><span class='ocrx_word' id='word_1_119' title='bbox 230 1790 489 1859; x_wconf 74' lang='lat' dir='ltr'><strong>provisus</strong></span> <span class='ocrx_word' id='word_1_120' title='bbox 516 1797 601 1847; x_wconf 87' lang='lat' dir='ltr'><strong>est</strong></span> <span class='ocrx_word' id='word_1_121' title='bbox 624 1789 764 1847; x_wconf 90' lang='lat' dir='ltr'><strong>Deus</strong></span> <span class='ocrx_word' id='word_1_122' title='bbox 788 1805 820 1845; x_wconf 90' lang='lat' dir='ltr'><strong>a</strong></span> <span class='ocrx_word' id='word_1_123' title='bbox 846 1789 1049 1847; x_wconf 78' lang='lat' dir='ltr'><strong>dextris</strong></span> <span class='ocrx_word' id='word_1_124' title='bbox 1071 1806 1192 1847; x_wconf 90' lang='lat' dir='ltr'><strong>esse</strong></span> <span class='ocrx_word' id='word_1_125' title='bbox 1209 1831 1224 1857; x_wconf 90' lang='lat'><strong>,</strong></span> <span class='ocrx_word' id='word_1_126' title='bbox 1248 1791 1301 1846; x_wconf 92' lang='lat' dir='ltr'><strong>id</strong></span> <span class='ocrx_word' id='word_1_127' title='bbox 1324 1802 1432 1860; x_wconf 88' lang='lat' dir='ltr'><strong>est,</strong></span> <span class='ocrx_word' id='word_1_128' title='bbox 1461 1792 1515 1848; x_wconf 91' lang='lat' dir='ltr'><strong>in</strong></span> <span class='ocrx_word' id='word_1_129' title='bbox 1541 1792 1730 1849; x_wconf 90' lang='lat' dir='ltr'><strong>corde.</strong></span> 
     </span>
    </p>
   </div>
   <div class='ocr_carea' id='block_1_17' title="bbox 308 1880 1839 1958">
    <p class='ocr_par' dir='ltr' id='par_1_17' title="bbox 308 1880 1839 1958">
     <span class='ocr_line' id='line_1_17' title="bbox 308 1880 1839 1958; baseline 0.001 -20"><span class='ocrx_word' id='word_1_130' title='bbox 308 1882 403 1939; x_wconf 72' lang='grc'><strong>12.</strong></span> <span class='ocrx_word' id='word_1_131' title='bbox 448 1882 618 1956; x_wconf 75' lang='lat' dir='ltr'><strong>[vers.</strong></span> <span class='ocrx_word' id='word_1_132' title='bbox 639 1880 754 1958; x_wconf 69' lang='grc' dir='ltr'><strong>η.)</strong></span> <span class='ocrx_word' id='word_1_133' title='bbox 793 1882 936 1938; x_wconf 90' lang='lat' dir='ltr'><strong>Deus</strong></span> <span class='ocrx_word' id='word_1_134' title='bbox 950 1884 1114 1955; x_wconf 78' lang='lat' dir='ltr'><strong>judea:</strong></span> <span class='ocrx_word' id='word_1_135' title='bbox 1124 1885 1295 1956; x_wconf 82' lang='lat' dir='ltr'><strong>justus</strong></span> <span class='ocrx_word' id='word_1_136' title='bbox 1317 1924 1335 1952; x_wconf 96' lang='lat'><strong>,</strong></span> <span class='ocrx_word' id='word_1_137' title='bbox 1363 1886 1509 1956; x_wconf 80' lang='lat' dir='ltr'><strong>{ortis</strong></span> <span class='ocrx_word' id='word_1_138' title='bbox 1535 1895 1581 1940; x_wconf 84' lang='lat' dir='ltr'><strong>et</strong></span> <span class='ocrx_word' id='word_1_139' title='bbox 1608 1884 1839 1957; x_wconf 84' lang='lat' dir='ltr'><strong>longani-</strong></span> 
     </span>
    </p>
   </div>
   <div class='ocr_carea' id='block_1_18' title="bbox 235 1976 1840 2049">
    <p class='ocr_par' dir='ltr' id='par_1_18' title="bbox 235 1976 1840 2049">
     <span class='ocr_line' id='line_1_18' title="bbox 235 1976 1840 2049; baseline 0.001 -18"><span class='ocrx_word' id='word_1_140' title='bbox 235 1976 359 2031; x_wconf 73' lang='lat' dir='ltr'><strong>mis.</strong></span> <span class='ocrx_word' id='word_1_141' title='bbox 385 1976 520 2044; x_wconf 83' lang='lat' dir='ltr'><strong>Quis</strong></span> <span class='ocrx_word' id='word_1_142' title='bbox 548 1976 692 2033; x_wconf 89' lang='lat' dir='ltr'><strong>Deus</strong></span> <span class='ocrx_word' id='word_1_143' title='bbox 712 1976 877 2047; x_wconf 84' lang='lat' dir='ltr'><strong>judex</strong></span> <span class='ocrx_word' id='word_1_144' title='bbox 896 2018 912 2044; x_wconf 92' lang='lat'><strong>,</strong></span> <span class='ocrx_word' id='word_1_145' title='bbox 944 1976 1048 2032; x_wconf 88' lang='lat' dir='ltr'><strong>nisi</strong></span> <span class='ocrx_word' id='word_1_146' title='bbox 1075 1976 1332 2032; x_wconf 88' lang='lat' dir='ltr'><strong>Dominus</strong></span> <span class='ocrx_word' id='word_1_147' title='bbox 1356 2018 1371 2044; x_wconf 95' lang='lat'><strong>,</strong></span> <span class='ocrx_word' id='word_1_148' title='bbox 1398 1977 1489 2048; x_wconf 87' lang='lat' dir='ltr'><strong>qui</strong></span> <span class='ocrx_word' id='word_1_149' title='bbox 1513 1977 1716 2048; x_wconf 88' lang='lat' dir='ltr'><strong>judicat</strong></span> <span class='ocrx_word' id='word_1_150' title='bbox 1739 1993 1840 2049; x_wconf 86' lang='lat' dir='ltr'><strong>po-</strong></span> 
     </span>
    </p>
   </div>
   <div class='ocr_carea' id='block_1_19' title="bbox 240 2065 1841 2139">
    <p class='ocr_par' dir='ltr' id='par_1_19' title="bbox 240 2065 1841 2139">
     <span class='ocr_line' id='line_1_19' title="bbox 240 2065 1841 2139; baseline 0.002 -18"><span class='ocrx_word' id='word_1_151' title='bbox 240 2066 450 2134; x_wconf 77' lang='lat' dir='ltr'><strong>pulos?</strong></span> <span class='ocrx_word' id='word_1_152' title='bbox 476 2065 599 2137; x_wconf 90' lang='lat' dir='ltr'><strong>Ipse</strong></span> <span class='ocrx_word' id='word_1_153' title='bbox 615 2065 795 2138; x_wconf 88' lang='lat' dir='ltr'><strong>justus</strong></span> <span class='ocrx_word' id='word_1_154' title='bbox 812 2107 828 2133; x_wconf 93' lang='lat'><strong>,</strong></span> <span class='ocrx_word' id='word_1_155' title='bbox 854 2066 945 2139; x_wconf 89' lang='lat' dir='ltr'><strong>qui</strong></span> <span class='ocrx_word' id='word_1_156' title='bbox 984 2066 1173 2123; x_wconf 86' lang='lat' dir='ltr'><strong>reddet</strong></span> <span class='ocrx_word' id='word_1_157' title='bbox 1196 2066 1483 2138; x_wconf 87' lang='lat' dir='ltr'><strong>unicuique</strong></span> <span class='ocrx_word' id='word_1_158' title='bbox 1502 2068 1653 2139; x_wconf 80' lang='lat' dir='ltr'><strong>juxta</strong></span> <span class='ocrx_word' id='word_1_159' title='bbox 1679 2083 1841 2139; x_wconf 88' lang='lat' dir='ltr'><strong>opera</strong></span> 
     </span>
    </p>
   </div>
   <div class='ocr_carea' id='block_1_20' title="bbox 248 2156 1842 2231">
    <p class='ocr_par' dir='ltr' id='par_1_20' title="bbox 248 2156 1842 2231">
     <span class='ocr_line' id='line_1_20' title="bbox 248 2156 1842 2231; baseline 0.003 -19"><span class='ocrx_word' id='word_1_160' title='bbox 248 2171 347 2213; x_wconf 83' lang='lat' dir='ltr'><strong>sua</strong></span> <span class='ocrx_word' id='word_1_161' title='bbox 375 2156 585 2231; x_wconf 70' lang='lat' dir='ltr'><strong>(Matth.</strong></span> <span class='ocrx_word' id='word_1_162' title='bbox 608 2158 858 2231; x_wconf 69' lang='lat' dir='ltr'><strong>xv|,27).</strong></span> <span class='ocrx_word' id='word_1_163' title='bbox 886 2158 1004 2230; x_wconf 90' lang='lat' dir='ltr'><strong>Ipse</strong></span> <span class='ocrx_word' id='word_1_164' title='bbox 1030 2159 1203 2225; x_wconf 89' lang='lat' dir='ltr'><strong>fortis,</strong></span> <span class='ocrx_word' id='word_1_165' title='bbox 1232 2159 1324 2230; x_wconf 89' lang='lat' dir='ltr'><strong>qui</strong></span> <span class='ocrx_word' id='word_1_166' title='bbox 1348 2161 1508 2216; x_wconf 88' lang='lat' dir='ltr'><strong>etiam</strong></span> <span class='ocrx_word' id='word_1_167' title='bbox 1535 2170 1842 2231; x_wconf 81' lang='lat' dir='ltr'><strong>persecuto-</strong></span> 
     </span>
    </p>
   </div>
   <div class='ocr_carea' id='block_1_21' title="bbox 258 2250 1842 2322">
    <p class='ocr_par' dir='ltr' id='par_1_21' title="bbox 258 2250 1842 2322">
     <span class='ocr_line' id='line_1_21' title="bbox 258 2250 1842 2322; baseline 0 -15"><span class='ocrx_word' id='word_1_168' title='bbox 258 2265 344 2307; x_wconf 85' lang='lat' dir='ltr'><strong>res</strong></span> <span class='ocrx_word' id='word_1_169' title='bbox 368 2250 556 2322; x_wconf 89' lang='lat' dir='ltr'><strong>impios</strong></span> <span class='ocrx_word' id='word_1_170' title='bbox 574 2291 590 2318; x_wconf 93' lang='lat'><strong>,</strong></span> <span class='ocrx_word' id='word_1_171' title='bbox 615 2266 740 2307; x_wconf 92' lang='lat' dir='ltr'><strong>cum</strong></span> <span class='ocrx_word' id='word_1_172' title='bbox 768 2250 840 2306; x_wconf 87' lang='lat' dir='ltr'><strong>sit</strong></span> <span class='ocrx_word' id='word_1_173' title='bbox 876 2250 1280 2321; x_wconf 88' lang='lat' dir='ltr'><strong>potentissimus</strong></span> <span class='ocrx_word' id='word_1_174' title='bbox 1298 2291 1314 2318; x_wconf 93' lang='lat'><strong>,</strong></span> <span class='ocrx_word' id='word_1_175' title='bbox 1344 2266 1440 2321; x_wconf 92' lang='lat' dir='ltr'><strong>pro</strong></span> <span class='ocrx_word' id='word_1_176' title='bbox 1465 2259 1647 2307; x_wconf 88' lang='lat' dir='ltr'><strong>nostra</strong></span> <span class='ocrx_word' id='word_1_177' title='bbox 1670 2251 1842 2308; x_wconf 88' lang='lat' dir='ltr'><strong>salute</strong></span> 
     </span>
    </p>
   </div>
   <div class='ocr_carea' id='block_1_22' title="bbox 265 2340 1842 2416">
    <p class='ocr_par' dir='ltr' id='par_1_22' title="bbox 265 2340 1842 2416">
     <span class='ocr_line' id='line_1_22' title="bbox 265 2340 1842 2416; baseline 0 -17"><span class='ocrx_word' id='word_1_178' title='bbox 265 2341 515 2399; x_wconf 83' lang='lat' dir='ltr'><strong>toleravit.</strong></span> <span class='ocrx_word' id='word_1_179' title='bbox 544 2340 663 2414; x_wconf 84' lang='lat' dir='ltr'><strong>Ipse</strong></span> <span class='ocrx_word' id='word_1_180' title='bbox 682 2341 997 2415; x_wconf 89' lang='lat' dir='ltr'><strong>longanimis</strong></span> <span class='ocrx_word' id='word_1_181' title='bbox 1019 2383 1035 2411; x_wconf 96' lang='lat'><strong>,</strong></span> <span class='ocrx_word' id='word_1_182' title='bbox 1065 2343 1155 2413; x_wconf 89' lang='lat' dir='ltr'><strong>qui</strong></span> <span class='ocrx_word' id='word_1_183' title='bbox 1175 2342 1337 2398; x_wconf 89' lang='lat' dir='ltr'><strong>etiam</strong></span> <span class='ocrx_word' id='word_1_184' title='bbox 1364 2342 1510 2413; x_wconf 92' lang='lat' dir='ltr'><strong>ipsos</strong></span> <span class='ocrx_word' id='word_1_185' title='bbox 1536 2343 1629 2414; x_wconf 89' lang='lat' dir='ltr'><strong>qui</strong></span> <span class='ocrx_word' id='word_1_186' title='bbox 1658 2359 1842 2416; x_wconf 86' lang='lat' dir='ltr'><strong>perse-</strong></span> 
     </span>
    </p>
   </div>
   <div class='ocr_carea' id='block_1_23' title="bbox 275 2436 1842 2507">
    <p class='ocr_par' dir='ltr' id='par_1_23' title="bbox 275 2436 1842 2507">
     <span class='ocr_line' id='line_1_23' title="bbox 275 2436 1842 2507; baseline 0 -16"><span class='ocrx_word' id='word_1_187' title='bbox 275 2437 370 2491; x_wconf 83' lang='lat' dir='ltr'><strong>cuti</strong></span> <span class='ocrx_word' id='word_1_188' title='bbox 393 2442 544 2501; x_wconf 91' lang='lat' dir='ltr'><strong>sunt,</strong></span> <span class='ocrx_word' id='word_1_189' title='bbox 578 2451 687 2492; x_wconf 92' lang='lat' dir='ltr'><strong>non</strong></span> <span class='ocrx_word' id='word_1_190' title='bbox 715 2436 892 2491; x_wconf 82' lang='lat' dir='ltr'><strong>statim</strong></span> <span class='ocrx_word' id='word_1_191' title='bbox 919 2442 1041 2505; x_wconf 91' lang='lat' dir='ltr'><strong>post</strong></span> <span class='ocrx_word' id='word_1_192' title='bbox 1066 2436 1510 2491; x_wconf 89' lang='lat' dir='ltr'><strong>resurrectionem</strong></span> <span class='ocrx_word' id='word_1_193' title='bbox 1543 2436 1611 2491; x_wconf 90' lang='lat' dir='ltr'><strong>ad</strong></span> <span class='ocrx_word' id='word_1_194' title='bbox 1635 2436 1842 2507; x_wconf 86' lang='lat' dir='ltr'><strong>suppli-</strong></span> 
     </span>
    </p>
   </div>
   <div class='ocr_carea' id='block_1_24' title="bbox 276 2524 1842 2597">
    <p class='ocr_par' dir='ltr' id='par_1_24' title="bbox 276 2524 1842 2597">
     <span class='ocr_line' id='line_1_24' title="bbox 276 2524 1842 2597; baseline 0.002 -18"><span class='ocrx_word' id='word_1_195' title='bbox 276 2524 398 2580; x_wconf 86' lang='lat' dir='ltr'><strong>cium</strong></span> <span class='ocrx_word' id='word_1_196' title='bbox 424 2526 616 2597; x_wconf 85' lang='lat' dir='ltr'><strong>rapuit,</strong></span> <span class='ocrx_word' id='word_1_197' title='bbox 632 2525 726 2582; x_wconf 87' lang='lat' dir='ltr'><strong>sed</strong></span> <span class='ocrx_word' id='word_1_198' title='bbox 751 2525 1024 2591; x_wconf 87' lang='lat' dir='ltr'><strong>sustinuit,</strong></span> <span class='ocrx_word' id='word_1_199' title='bbox 1047 2535 1104 2579; x_wconf 91' lang='lat' dir='ltr'><strong>ut</strong></span> <span class='ocrx_word' id='word_1_200' title='bbox 1124 2541 1182 2582; x_wconf 90' lang='lat' dir='ltr'><strong>se</strong></span> <span class='ocrx_word' id='word_1_201' title='bbox 1205 2526 1487 2596; x_wconf 83' lang='lat' dir='ltr'><strong>aliquando</strong></span> <span class='ocrx_word' id='word_1_202' title='bbox 1515 2527 1582 2581; x_wconf 90' lang='lat' dir='ltr'><strong>ad</strong></span> <span class='ocrx_word' id='word_1_203' title='bbox 1610 2527 1842 2582; x_wconf 89' lang='lat' dir='ltr'><strong>salutem</strong></span> 
     </span>
    </p>
   </div>
   <div class='ocr_carea' id='block_1_25' title="bbox 276 2615 1834 2687">
    <p class='ocr_par' dir='ltr' id='par_1_25' title="bbox 276 2615 1834 2687">
     <span class='ocr_line' id='line_1_25' title="bbox 276 2615 1834 2687; baseline 0.001 -18"><span class='ocrx_word' id='word_1_204' title='bbox 276 2615 336 2670; x_wconf 88' lang='lat' dir='ltr'><strong>ab</strong></span> <span class='ocrx_word' id='word_1_205' title='bbox 374 2616 457 2673; x_wconf 87' lang='lat' dir='ltr'><strong>illa</strong></span> <span class='ocrx_word' id='word_1_206' title='bbox 498 2616 769 2687; x_wconf 88' lang='lat' dir='ltr'><strong>impietate</strong></span> <span class='ocrx_word' id='word_1_207' title='bbox 811 2624 1188 2672; x_wconf 89' lang='lat' dir='ltr'><strong>converterent</strong></span> <span class='ocrx_word' id='word_1_208' title='bbox 1217 2634 1231 2671; x_wconf 87' lang='lat'><strong>:</strong></span> <span class='ocrx_word' id='word_1_209' title='bbox 1262 2625 1316 2672; x_wconf 89' lang='lat' dir='ltr'><strong>et</strong></span> <span class='ocrx_word' id='word_1_210' title='bbox 1342 2616 1516 2672; x_wconf 89' lang='lat' dir='ltr'><strong>adhuc</strong></span> <span class='ocrx_word' id='word_1_211' title='bbox 1561 2617 1834 2683; x_wconf 90' lang='lat' dir='ltr'><strong>sustinet,</strong></span> 
     </span>
    </p>
   </div>
   <div class='ocr_carea' id='block_1_26' title="bbox 276 2708 1844 2779">
    <p class='ocr_par' dir='ltr' id='par_1_26' title="bbox 276 2708 1844 2779">
     <span class='ocr_line' id='line_1_26' title="bbox 276 2708 1844 2779; baseline -0.001 -15"><span class='ocrx_word' id='word_1_212' title='bbox 276 2723 475 2766; x_wconf 84' lang='lat' dir='ltr'><strong>servans</strong></span> <span class='ocrx_word' id='word_1_213' title='bbox 496 2708 685 2765; x_wconf 91' lang='lat' dir='ltr'><strong>ultimo</strong></span> <span class='ocrx_word' id='word_1_214' title='bbox 699 2708 899 2779; x_wconf 90' lang='lat' dir='ltr'><strong>judicio</strong></span> <span class='ocrx_word' id='word_1_215' title='bbox 920 2708 1161 2764; x_wconf 85' lang='lat' dir='ltr'><strong>ultimam</strong></span> <span class='ocrx_word' id='word_1_216' title='bbox 1186 2722 1423 2779; x_wconf 62' lang='lat' dir='ltr'><strong>pinnam,</strong></span> <span class='ocrx_word' id='word_1_217' title='bbox 1440 2718 1494 2764; x_wconf 87' lang='lat' dir='ltr'><strong>et</strong></span> <span class='ocrx_word' id='word_1_218' title='bbox 1510 2723 1651 2764; x_wconf 90' lang='lat' dir='ltr'><strong>nunc</strong></span> <span class='ocrx_word' id='word_1_219' title='bbox 1675 2724 1844 2778; x_wconf 90' lang='lat' dir='ltr'><strong>usque</strong></span> 
     </span>
    </p>
   </div>
   <div class='ocr_carea' id='block_1_27' title="bbox 276 2794 1842 2872">
    <p class='ocr_par' dir='ltr' id='par_1_27' title="bbox 276 2794 1842 2872">
     <span class='ocr_line' id='line_1_27' title="bbox 276 2794 1842 2872; baseline -0.001 -17"><span class='ocrx_word' id='word_1_220' title='bbox 276 2800 483 2856; x_wconf 74' lang='lat' dir='ltr'><strong>inritans</strong></span> <span class='ocrx_word' id='word_1_221' title='bbox 512 2810 813 2872; x_wconf 90' lang='lat' dir='ltr'><strong>peccatores</strong></span> <span class='ocrx_word' id='word_1_222' title='bbox 839 2794 906 2855; x_wconf 84' lang='lat' dir='ltr'><strong>ad</strong></span> <span class='ocrx_word' id='word_1_223' title='bbox 934 2799 1324 2870; x_wconf 63' lang='lat' dir='ltr'><strong>paenitentiam.</strong></span> <span class='ocrx_word' id='word_1_224' title='bbox 1358 2798 1481 2854; x_wconf 88' lang='lat' dir='ltr'><strong>Non</strong></span> <span class='ocrx_word' id='word_1_225' title='bbox 1513 2800 1646 2854; x_wconf 87' lang='lat' dir='ltr'><strong>iram</strong></span> <span class='ocrx_word' id='word_1_226' title='bbox 1673 2799 1842 2853; x_wconf 88' lang='lat' dir='ltr'><strong>addu-</strong></span> 
     </span>
    </p>
   </div>
   <div class='ocr_carea' id='block_1_28' title="bbox 276 2888 1841 2964">
    <p class='ocr_par' dir='ltr' id='par_1_28' title="bbox 276 2888 1841 2964">
     <span class='ocr_line' id='line_1_28' title="bbox 276 2888 1841 2964; baseline -0.002 -17"><span class='ocrx_word' id='word_1_227' title='bbox 276 2907 380 2947; x_wconf 77' lang='lat' dir='ltr'><strong>cens</strong></span> <span class='ocrx_word' id='word_1_228' title='bbox 402 2908 488 2963; x_wconf 87' lang='lat' dir='ltr'><strong>per</strong></span> <span class='ocrx_word' id='word_1_229' title='bbox 513 2892 738 2964; x_wconf 82' lang='lat' dir='ltr'><strong>singulos</strong></span> <span class='ocrx_word' id='word_1_230' title='bbox 777 2891 901 2946; x_wconf 85' lang='lat' dir='ltr'><strong>dies.</strong></span> <span class='ocrx_word' id='word_1_231' title='bbox 941 2890 1335 2962; x_wconf 79' lang='lat' dir='ltr'><strong>Signiﬁcantius</strong></span> <span class='ocrx_word' id='word_1_232' title='bbox 1359 2888 1587 2946; x_wconf 83' lang='lat' dir='ltr'><strong>fortasse</strong></span> <span class='ocrx_word' id='word_1_233' title='bbox 1613 2890 1808 2946; x_wconf 91' lang='lat' dir='ltr'><strong>dicitur</strong></span> <span class='ocrx_word' id='word_1_234' title='bbox 1825 2931 1841 2955; x_wconf 91' lang='lat'><strong>,</strong></span> 
     </span>
    </p>
   </div>
   <div class='ocr_carea' id='block_1_29' title="bbox 276 2984 1845 3057">
    <p class='ocr_par' dir='ltr' id='par_1_29' title="bbox 276 2984 1845 3057">
     <span class='ocr_line' id='line_1_29' title="bbox 276 2984 1845 3057; baseline 0.001 -18"><span class='ocrx_word' id='word_1_235' title='bbox 276 2985 391 3039; x_wconf 86' lang='lat' dir='ltr'><strong>iram</strong></span> <span class='ocrx_word' id='word_1_236' title='bbox 411 2986 694 3051; x_wconf 87' lang='lat' dir='ltr'><strong>adducens,</strong></span> <span class='ocrx_word' id='word_1_237' title='bbox 721 3001 880 3057; x_wconf 88' lang='lat' dir='ltr'><strong>quam</strong></span> <span class='ocrx_word' id='word_1_238' title='bbox 911 2986 1148 3041; x_wconf 88' lang='lat' dir='ltr'><strong>irascens</strong></span> <span class='ocrx_word' id='word_1_239' title='bbox 1168 2992 1225 3041; x_wconf 91' lang='lat' dir='ltr'><strong>et</strong></span> <span class='ocrx_word' id='word_1_240' title='bbox 1263 2986 1335 3041; x_wconf 91' lang='lat' dir='ltr'><strong>ita</strong></span> <span class='ocrx_word' id='word_1_241' title='bbox 1366 2984 1422 3040; x_wconf 92' lang='lat' dir='ltr'><strong>in</strong></span> <span class='ocrx_word' id='word_1_242' title='bbox 1453 2984 1845 3056; x_wconf 82' lang='lat' dir='ltr'><strong>exemplaribus</strong></span> 
     </span>
    </p>
   </div>
   <div class='ocr_carea' id='block_1_30' title="bbox 278 3076 1845 3149">
    <p class='ocr_par' dir='ltr' id='par_1_30' title="bbox 278 3076 1845 3149">
     <span class='ocr_line' id='line_1_30' title="bbox 278 3076 1845 3149; baseline -0.001 -17"><span class='ocrx_word' id='word_1_243' title='bbox 278 3079 445 3147; x_wconf 60' lang='grc' dir='ltr'><strong>κηρὶς</strong></span> <span class='ocrx_word' id='word_1_244' title='bbox 468 3078 767 3134; x_wconf 79' lang='lat' dir='ltr'><strong>invenimus</strong></span> <span class='ocrx_word' id='word_1_245' title='bbox 794 3077 871 3149; x_wconf 86' lang='lat' dir='ltr'><strong>(a)</strong></span> <span class='ocrx_word' id='word_1_246' title='bbox 903 3093 917 3131; x_wconf 86' lang='lat'><strong>:</strong></span> <span class='ocrx_word' id='word_1_247' title='bbox 953 3086 1009 3133; x_wconf 91' lang='lat' dir='ltr'><strong>ut</strong></span> <span class='ocrx_word' id='word_1_248' title='bbox 1038 3091 1145 3132; x_wconf 90' lang='lat' dir='ltr'><strong>non</strong></span> <span class='ocrx_word' id='word_1_249' title='bbox 1174 3076 1245 3132; x_wconf 90' lang='lat' dir='ltr'><strong>sit</strong></span> <span class='ocrx_word' id='word_1_250' title='bbox 1276 3076 1332 3132; x_wconf 93' lang='lat' dir='ltr'><strong>in</strong></span> <span class='ocrx_word' id='word_1_251' title='bbox 1361 3077 1476 3148; x_wconf 90' lang='lat' dir='ltr'><strong>ipso</strong></span> <span class='ocrx_word' id='word_1_252' title='bbox 1504 3077 1580 3132; x_wconf 90' lang='lat' dir='ltr'><strong>ira</strong></span> <span class='ocrx_word' id='word_1_253' title='bbox 1602 3092 1706 3147; x_wconf 89' lang='lat' dir='ltr'><strong>qua</strong></span> <span class='ocrx_word' id='word_1_254' title='bbox 1746 3092 1845 3147; x_wconf 89' lang='lat' dir='ltr'><strong>pu-</strong></span> 
     </span>
    </p>
   </div>
   <div class='ocr_carea' id='block_1_31' title="bbox 277 3168 1848 3240">
    <p class='ocr_par' dir='ltr' id='par_1_31' title="bbox 277 3168 1848 3240">
     <span class='ocr_line' id='line_1_31' title="bbox 277 3168 1848 3240; baseline 0.002 -18"><span class='ocrx_word' id='word_1_255' title='bbox 277 3168 347 3222; x_wconf 89' lang='lat' dir='ltr'><strong>nit</strong></span> <span class='ocrx_word' id='word_1_256' title='bbox 368 3210 384 3236; x_wconf 95' lang='lat'><strong>,</strong></span> <span class='ocrx_word' id='word_1_257' title='bbox 406 3169 496 3224; x_wconf 85' lang='lat' dir='ltr'><strong>sed</strong></span> <span class='ocrx_word' id='word_1_258' title='bbox 531 3169 586 3224; x_wconf 92' lang='lat' dir='ltr'><strong>in</strong></span> <span class='ocrx_word' id='word_1_259' title='bbox 611 3168 805 3224; x_wconf 89' lang='lat' dir='ltr'><strong>animis</strong></span> <span class='ocrx_word' id='word_1_260' title='bbox 830 3183 1016 3224; x_wconf 88' lang='lat' dir='ltr'><strong>eorum</strong></span> <span class='ocrx_word' id='word_1_261' title='bbox 1046 3168 1413 3225; x_wconf 89' lang='lat' dir='ltr'><strong>ministrorum</strong></span> <span class='ocrx_word' id='word_1_262' title='bbox 1452 3168 1542 3240; x_wconf 93' lang='lat' dir='ltr'><strong>qui</strong></span> <span class='ocrx_word' id='word_1_263' title='bbox 1568 3169 1848 3239; x_wconf 63' lang='lat' dir='ltr'><strong>praeceptis</strong></span> 
     </span>
    </p>
   </div>
   <div class='ocr_carea' id='block_1_32' title="bbox 278 3259 1849 3330">
    <p class='ocr_par' dir='ltr' id='par_1_32' title="bbox 278 3259 1849 3330">
     <span class='ocr_line' id='line_1_32' title="bbox 278 3259 1849 3330; baseline 0.002 -17"><span class='ocrx_word' id='word_1_264' title='bbox 278 3259 495 3315; x_wconf 82' lang='lat' dir='ltr'><strong>veritatis</strong></span> <span class='ocrx_word' id='word_1_265' title='bbox 508 3259 898 3330; x_wconf 88' lang='lat' dir='ltr'><strong>obtemperant;</strong></span> <span class='ocrx_word' id='word_1_266' title='bbox 922 3274 1016 3329; x_wconf 90' lang='lat' dir='ltr'><strong>per</strong></span> <span class='ocrx_word' id='word_1_267' title='bbox 1033 3275 1167 3330; x_wconf 89' lang='lat' dir='ltr'><strong>quos</strong></span> <span class='ocrx_word' id='word_1_268' title='bbox 1192 3259 1411 3329; x_wconf 86' lang='lat' dir='ltr'><strong>jubctur</strong></span> <span class='ocrx_word' id='word_1_269' title='bbox 1436 3260 1597 3315; x_wconf 91' lang='lat' dir='ltr'><strong>etiam</strong></span> <span class='ocrx_word' id='word_1_270' title='bbox 1629 3259 1849 3316; x_wconf 89' lang='lat' dir='ltr'><strong>inferio-</strong></span> 
     </span>
    </p>
   </div>
   <div class='ocr_carea' id='block_1_33' title="bbox 279 3347 1847 3421">
    <p class='ocr_par' dir='ltr' id='par_1_33' title="bbox 279 3347 1847 3421">
     <span class='ocr_line' id='line_1_33' title="bbox 279 3347 1847 3421; baseline 0.001 -17"><span class='ocrx_word' id='word_1_271' title='bbox 279 3347 412 3405; x_wconf 81' lang='lat' dir='ltr'><strong>ribus</strong></span> <span class='ocrx_word' id='word_1_272' title='bbox 436 3349 742 3405; x_wconf 85' lang='lat' dir='ltr'><strong>ministeriis</strong></span> <span class='ocrx_word' id='word_1_273' title='bbox 766 3350 782 3381; x_wconf 89' lang='grc'>¹</span> <span class='ocrx_word' id='word_1_274' title='bbox 812 3349 903 3420; x_wconf 85' lang='lat' dir='ltr'><strong>qui</strong></span> <span class='ocrx_word' id='word_1_275' title='bbox 942 3359 1201 3405; x_wconf 84' lang='lat' dir='ltr'><strong>vocantur</strong></span> <span class='ocrx_word' id='word_1_276' title='bbox 1228 3349 1401 3421; x_wconf 78' lang='lat' dir='ltr'><strong>angeli</strong></span> <span class='ocrx_word' id='word_1_277' title='bbox 1430 3349 1715 3406; x_wconf 77' lang='lat' dir='ltr'><strong>iracundia:</strong></span> <span class='ocrx_word' id='word_1_278' title='bbox 1740 3392 1755 3417; x_wconf 87' lang='lat'><strong>,</strong></span> <span class='ocrx_word' id='word_1_279' title='bbox 1778 3350 1847 3406; x_wconf 91' lang='lat' dir='ltr'><strong>ad</strong></span> 
     </span>
    </p>
   </div>
   <div class='ocr_carea' id='block_1_34' title="bbox 278 3438 1843 3512">
    <p class='ocr_par' dir='ltr' id='par_1_34' title="bbox 278 3438 1843 3512">
     <span class='ocr_line' id='line_1_34' title="bbox 278 3438 1843 3512; baseline 0.001 -18"><span class='ocrx_word' id='word_1_280' title='bbox 278 3439 522 3512; x_wconf 82' lang='lat' dir='ltr'><strong>punienda</strong></span> <span class='ocrx_word' id='word_1_281' title='bbox 548 3449 765 3511; x_wconf 83' lang='lat' dir='ltr'><strong>peccata</strong></span> <span class='ocrx_word' id='word_1_282' title='bbox 788 3480 806 3508; x_wconf 96' lang='lat'><strong>,</strong></span> <span class='ocrx_word' id='word_1_283' title='bbox 836 3454 973 3512; x_wconf 90' lang='lat' dir='ltr'><strong>quos</strong></span> <span class='ocrx_word' id='word_1_284' title='bbox 996 3438 1106 3511; x_wconf 90' lang='lat' dir='ltr'><strong>jam</strong></span> <span class='ocrx_word' id='word_1_285' title='bbox 1135 3454 1242 3495; x_wconf 93' lang='lat' dir='ltr'><strong>non</strong></span> <span class='ocrx_word' id='word_1_286' title='bbox 1290 3450 1506 3510; x_wconf 89' lang='lat' dir='ltr'><strong>propter</strong></span> <span class='ocrx_word' id='word_1_287' title='bbox 1539 3440 1797 3510; x_wconf 85' lang='lat' dir='ltr'><strong>justitiam</strong></span> <span class='ocrx_word' id='word_1_288' title='bbox 1828 3482 1843 3509; x_wconf 97' lang='lat'><strong>,</strong></span> 
     </span>
    </p>
   </div>
   <div class='ocr_carea' id='block_1_35' title="bbox 276 3531 1847 3603">
    <p class='ocr_par' dir='ltr' id='par_1_35' title="bbox 276 3531 1847 3603">
     <span class='ocr_line' id='line_1_35' title="bbox 276 3531 1847 3603; baseline 0.001 -17"><span class='ocrx_word' id='word_1_289' title='bbox 276 3546 371 3601; x_wconf 87' lang='lat' dir='ltr'><strong>qua</strong></span> <span class='ocrx_word' id='word_1_290' title='bbox 393 3547 493 3587; x_wconf 91' lang='lat' dir='ltr'><strong>non</strong></span> <span class='ocrx_word' id='word_1_291' title='bbox 516 3531 769 3603; x_wconf 87' lang='lat' dir='ltr'><strong>gaudent,</strong></span> <span class='ocrx_word' id='word_1_292' title='bbox 790 3532 885 3588; x_wconf 89' lang='lat' dir='ltr'><strong>sed</strong></span> <span class='ocrx_word' id='word_1_293' title='bbox 919 3540 1137 3602; x_wconf 89' lang='lat' dir='ltr'><strong>propter</strong></span> <span class='ocrx_word' id='word_1_294' title='bbox 1156 3531 1412 3588; x_wconf 88' lang='lat' dir='ltr'><strong>malitiam</strong></span> <span class='ocrx_word' id='word_1_295' title='bbox 1435 3546 1590 3602; x_wconf 76' lang='lat' dir='ltr'><strong>pmna</strong></span> <span class='ocrx_word' id='word_1_296' title='bbox 1612 3532 1847 3588; x_wconf 89' lang='lat' dir='ltr'><strong>humana</strong></span> 
     </span>
    </p>
   </div>
   <div class='ocr_carea' id='block_1_36' title="bbox 272 3619 1846 3695">
    <p class='ocr_par' dir='ltr' id='par_1_36' title="bbox 272 3619 1846 3695">
     <span class='ocr_line' id='line_1_36' title="bbox 272 3619 1846 3695; baseline 0.001 -17"><span class='ocrx_word' id='word_1_297' title='bbox 272 3619 507 3679; x_wconf 82' lang='lat' dir='ltr'><strong>delectat.</strong></span> <span class='ocrx_word' id='word_1_298' title='bbox 530 3622 654 3679; x_wconf 85' lang='lat' dir='ltr'><strong>Non</strong></span> <span class='ocrx_word' id='word_1_299' title='bbox 672 3638 801 3695; x_wconf 86' lang='lat' dir='ltr'><strong>ergo</strong></span> <span class='ocrx_word' id='word_1_300' title='bbox 828 3624 969 3679; x_wconf 88' lang='lat' dir='ltr'><strong>Deus</strong></span> <span class='ocrx_word' id='word_1_301' title='bbox 986 3624 1117 3678; x_wconf 88' lang='lat' dir='ltr'><strong>iram</strong></span> <span class='ocrx_word' id='word_1_302' title='bbox 1136 3624 1343 3677; x_wconf 87' lang='lat' dir='ltr'><strong>adducit</strong></span> <span class='ocrx_word' id='word_1_303' title='bbox 1362 3640 1453 3694; x_wconf 86' lang='lat' dir='ltr'><strong>per</strong></span> <span class='ocrx_word' id='word_1_304' title='bbox 1471 3624 1697 3695; x_wconf 87' lang='lat' dir='ltr'><strong>singulos</strong></span> <span class='ocrx_word' id='word_1_305' title='bbox 1718 3624 1846 3690; x_wconf 87' lang='lat' dir='ltr'><strong>dies,</strong></span> 
     </span>
    </p>
   </div>
   <div class='ocr_carea' id='block_1_37' title="bbox 268 3704 1853 3779">
    <p class='ocr_par' dir='ltr' id='par_1_37' title="bbox 268 3704 1853 3779">
     <span class='ocr_line' id='line_1_37' title="bbox 268 3704 1853 3779; baseline 0.003 -20"><span class='ocrx_word' id='word_1_306' title='bbox 268 3705 325 3760; x_wconf 88' lang='lat' dir='ltr'><strong>id</strong></span> <span class='ocrx_word' id='word_1_307' title='bbox 347 3717 445 3774; x_wconf 89' lang='lat' dir='ltr'><strong>est,</strong></span> <span class='ocrx_word' id='word_1_308' title='bbox 470 3722 576 3765; x_wconf 91' lang='lat' dir='ltr'><strong>non</strong></span> <span class='ocrx_word' id='word_1_309' title='bbox 607 3720 706 3779; x_wconf 92' lang='lat' dir='ltr'><strong>per</strong></span> <span class='ocrx_word' id='word_1_310' title='bbox 729 3705 970 3777; x_wconf 87' lang='lat' dir='ltr'><strong>singulos</strong></span> <span class='ocrx_word' id='word_1_311' title='bbox 991 3704 1108 3762; x_wconf 88' lang='lat' dir='ltr'><strong>dies</strong></span> <span class='ocrx_word' id='word_1_312' title='bbox 1146 3707 1215 3761; x_wconf 91' lang='lat' dir='ltr'><strong>ad</strong></span> <span class='ocrx_word' id='word_1_313' title='bbox 1251 3706 1539 3763; x_wconf 88' lang='lat' dir='ltr'><strong>vindictam</strong></span> <span class='ocrx_word' id='word_1_314' title='bbox 1563 3716 1853 3779; x_wconf 78' lang='lat' dir='ltr'><strong>congregat</strong></span> 
     </span>
    </p>
   </div>
   <div class='ocr_carea' id='block_1_38' title="bbox 268 3796 1854 3869">
    <p class='ocr_par' dir='ltr' id='par_1_38' title="bbox 268 3796 1854 3869">
     <span class='ocr_line' id='line_1_38' title="bbox 268 3796 1854 3869; baseline 0.001 -16"><span class='ocrx_word' id='word_1_315' title='bbox 268 3796 536 3854; x_wconf 83' lang='lat' dir='ltr'><strong>ministh</strong></span> <span class='ocrx_word' id='word_1_316' title='bbox 570 3798 730 3853; x_wconf 80' lang='lat' dir='ltr'><strong>suos:</strong></span> <span class='ocrx_word' id='word_1_317' title='bbox 754 3811 896 3853; x_wconf 91' lang='lat' dir='ltr'><strong>nunc</strong></span> <span class='ocrx_word' id='word_1_318' title='bbox 919 3797 1061 3853; x_wconf 90' lang='lat' dir='ltr'><strong>enim</strong></span> <span class='ocrx_word' id='word_1_319' title='bbox 1092 3796 1345 3866; x_wconf 84' lang='lat' dir='ltr'><strong>patientia</strong></span> <span class='ocrx_word' id='word_1_320' title='bbox 1379 3797 1472 3853; x_wconf 90' lang='lat' dir='ltr'><strong>Dei</strong></span> <span class='ocrx_word' id='word_1_321' title='bbox 1499 3798 1566 3855; x_wconf 90' lang='lat' dir='ltr'><strong>ad</strong></span> <span class='ocrx_word' id='word_1_322' title='bbox 1590 3800 1854 3869; x_wconf 60' lang='lat' dir='ltr'><strong>paeniten-</strong></span> 
     </span>
    </p>
   </div>
   <div class='ocr_carea' id='block_1_39' title="bbox 230 3890 1851 3965">
    <p class='ocr_par' dir='ltr' id='par_1_39' title="bbox 230 3890 1851 3965">
     <span class='ocr_line' id='line_1_39' title="bbox 230 3890 1851 3965; baseline 0.002 -20"><span class='ocrx_word' id='word_1_323' title='bbox 230 3962 233 3965; x_wconf 13' lang='grc' dir='ltr'><em>Α</em></span> <span class='ocrx_word' id='word_1_324' title='bbox 265 3890 393 3945; x_wconf 80' lang='lat' dir='ltr'><strong>tiam</strong></span> <span class='ocrx_word' id='word_1_325' title='bbox 424 3891 634 3956; x_wconf 84' lang='lat' dir='ltr'><strong>invitat;</strong></span> <span class='ocrx_word' id='word_1_326' title='bbox 666 3890 854 3947; x_wconf 91' lang='lat' dir='ltr'><strong>ultimo</strong></span> <span class='ocrx_word' id='word_1_327' title='bbox 877 3903 1007 3946; x_wconf 90' lang='lat' dir='ltr'><strong>vero</strong></span> <span class='ocrx_word' id='word_1_328' title='bbox 1036 3898 1297 3960; x_wconf 89' lang='lat' dir='ltr'><strong>tempore,</strong></span> <span class='ocrx_word' id='word_1_329' title='bbox 1326 3905 1447 3945; x_wconf 91' lang='lat' dir='ltr'><strong>cum</strong></span> <span class='ocrx_word' id='word_1_330' title='bbox 1474 3891 1575 3947; x_wconf 86' lang='lat' dir='ltr'><strong>sibi</strong></span> <span class='ocrx_word' id='word_1_331' title='bbox 1603 3892 1851 3949; x_wconf 87' lang='lat' dir='ltr'><strong>homines</strong></span> 
     </span>
    </p>
   </div>
   <div class='ocr_carea' id='block_1_40' title="bbox 264 3983 1852 4054">
    <p class='ocr_par' dir='ltr' id='par_1_40' title="bbox 264 3983 1852 4054">
     <span class='ocr_line' id='line_1_40' title="bbox 264 3983 1852 4054; baseline 0 -13"><span class='ocrx_word' id='word_1_332' title='bbox 264 3992 484 4054; x_wconf 82' lang='lat' dir='ltr'><strong>propter</strong></span> <span class='ocrx_word' id='word_1_333' title='bbox 508 3983 758 4041; x_wconf 89' lang='lat' dir='ltr'><strong>duritiam</strong></span> <span class='ocrx_word' id='word_1_334' title='bbox 795 3998 945 4040; x_wconf 88' lang='lat' dir='ltr'><strong>suam</strong></span> <span class='ocrx_word' id='word_1_335' title='bbox 976 3992 1032 4039; x_wconf 92' lang='lat' dir='ltr'><strong>et</strong></span> <span class='ocrx_word' id='word_1_336' title='bbox 1058 3998 1154 4040; x_wconf 91' lang='lat' dir='ltr'><strong>cor</strong></span> <span class='ocrx_word' id='word_1_337' title='bbox 1184 3984 1544 4054; x_wconf 84' lang='lat' dir='ltr'><strong>impeenitens,</strong></span> <span class='ocrx_word' id='word_1_338' title='bbox 1590 3985 1852 4041; x_wconf 82' lang='lat' dir='ltr'><strong>thesauri-</strong></span> 
     </span>
    </p>
   </div>
   <div class='ocr_carea' id='block_1_41' title="bbox 258 4076 1851 4150">
    <p class='ocr_par' dir='ltr' id='par_1_41' title="bbox 258 4076 1851 4150">
     <span class='ocr_line' id='line_1_41' title="bbox 258 4076 1851 4150; baseline 0.003 -18"><span class='ocrx_word' id='word_1_339' title='bbox 258 4077 501 4133; x_wconf 78' lang='lat' dir='ltr'><strong>zaverint</strong></span> <span class='ocrx_word' id='word_1_340' title='bbox 517 4078 649 4133; x_wconf 89' lang='lat' dir='ltr'><strong>iram</strong></span> <span class='ocrx_word' id='word_1_341' title='bbox 670 4078 723 4133; x_wconf 92' lang='lat' dir='ltr'><strong>in</strong></span> <span class='ocrx_word' id='word_1_342' title='bbox 747 4076 836 4135; x_wconf 90' lang='lat' dir='ltr'><strong>die</strong></span> <span class='ocrx_word' id='word_1_343' title='bbox 856 4077 950 4133; x_wconf 74' lang='lat' dir='ltr'><strong>ira:</strong></span> <span class='ocrx_word' id='word_1_344' title='bbox 971 4087 1026 4133; x_wconf 92' lang='lat' dir='ltr'><strong>et</strong></span> <span class='ocrx_word' id='word_1_345' title='bbox 1048 4076 1387 4133; x_wconf 87' lang='lat' dir='ltr'><strong>revelationis</strong></span> <span class='ocrx_word' id='word_1_346' title='bbox 1405 4077 1535 4147; x_wconf 90' lang='lat' dir='ltr'><strong>justi</strong></span> <span class='ocrx_word' id='word_1_347' title='bbox 1550 4078 1733 4150; x_wconf 90' lang='lat' dir='ltr'><strong>judicii</strong></span> <span class='ocrx_word' id='word_1_348' title='bbox 1757 4079 1851 4136; x_wconf 88' lang='lat' dir='ltr'><strong>Dei</strong></span> 
     </span>
    </p>
   </div>
   <div class='ocr_carea' id='block_1_42' title="bbox 257 4166 1353 4244">
    <p class='ocr_par' dir='ltr' id='par_1_42' title="bbox 257 4166 1353 4244">
     <span class='ocr_line' id='line_1_42' title="bbox 257 4166 1353 4244; baseline 0.001 -20"><span class='ocrx_word' id='word_1_349' title='bbox 257 4166 446 4237; x_wconf 82' lang='lat' dir='ltr'><strong>(Rom.</strong></span> <span class='ocrx_word' id='word_1_350' title='bbox 472 4186 527 4237; x_wconf 88' lang='lat' dir='ltr'><strong>tt,</strong></span> <span class='ocrx_word' id='word_1_351' title='bbox 556 4167 635 4244; x_wconf 83' lang='lat'><strong>5),</strong></span> <span class='ocrx_word' id='word_1_352' title='bbox 662 4169 897 4242; x_wconf 85' lang='lat' dir='ltr'><strong>gladium</strong></span> <span class='ocrx_word' id='word_1_353' title='bbox 926 4184 1080 4225; x_wconf 88' lang='lat' dir='ltr'><strong>suum</strong></span> <span class='ocrx_word' id='word_1_354' title='bbox 1108 4169 1353 4227; x_wconf 88' lang='lat' dir='ltr'><strong>vibrabit.</strong></span> 
     </span>
    </p>
   </div>
   <div class='ocr_carea' id='block_1_43' title="bbox 334 4261 1852 4339">
    <p class='ocr_par' dir='ltr' id='par_1_43' title="bbox 334 4261 1852 4339">
     <span class='ocr_line' id='line_1_43' title="bbox 334 4261 1852 4339; baseline 0.001 -20"><span class='ocrx_word' id='word_1_355' title='bbox 334 4262 428 4321; x_wconf 76' lang='lat' dir='ltr'><strong>l3.</strong></span> <span class='ocrx_word' id='word_1_356' title='bbox 467 4264 615 4337; x_wconf 82' lang='lat' dir='ltr'><strong>[vers.</strong></span> <span class='ocrx_word' id='word_1_357' title='bbox 662 4262 778 4337; x_wconf 74' lang='lat'><strong>13.]</strong></span> <span class='ocrx_word' id='word_1_358' title='bbox 819 4261 940 4319; x_wconf 87' lang='lat' dir='ltr'><strong>Nisi</strong></span> <span class='ocrx_word' id='word_1_359' title='bbox 980 4263 1346 4331; x_wconf 85' lang='lat' dir='ltr'><strong>convertimini,</strong></span> <span class='ocrx_word' id='word_1_360' title='bbox 1395 4264 1583 4334; x_wconf 87' lang='lat' dir='ltr'><strong>inquit,</strong></span> <span class='ocrx_word' id='word_1_361' title='bbox 1624 4264 1852 4339; x_wconf 81' lang='lat' dir='ltr'><strong>gladium</strong></span> 
     </span>
    </p>
   </div>
   <div class='ocr_carea' id='block_1_44' title="bbox 246 4354 1851 4427">
    <p class='ocr_par' dir='ltr' id='par_1_44' title="bbox 246 4354 1851 4427">
     <span class='ocr_line' id='line_1_44' title="bbox 246 4354 1851 4427; baseline 0.002 -19"><span class='ocrx_word' id='word_1_362' title='bbox 246 4369 413 4409; x_wconf 69' lang='lat' dir='ltr'><strong>suum</strong></span> <span class='ocrx_word' id='word_1_363' title='bbox 429 4356 652 4412; x_wconf 78' lang='lat' dir='ltr'><strong>oibrabit.</strong></span> <span class='ocrx_word' id='word_1_364' title='bbox 682 4354 864 4412; x_wconf 88' lang='lat' dir='ltr'><strong>Potest</strong></span> <span class='ocrx_word' id='word_1_365' title='bbox 884 4354 998 4426; x_wconf 87' lang='lat' dir='ltr'><strong>ipse</strong></span> <span class='ocrx_word' id='word_1_366' title='bbox 1024 4356 1186 4411; x_wconf 88' lang='lat' dir='ltr'><strong>homo</strong></span> <span class='ocrx_word' id='word_1_367' title='bbox 1216 4355 1522 4411; x_wconf 90' lang='lat' dir='ltr'><strong>Dominicus</strong></span> <span class='ocrx_word' id='word_1_368' title='bbox 1550 4356 1625 4425; x_wconf 89' lang='lat' dir='ltr'><strong>(b)</strong></span> <span class='ocrx_word' id='word_1_369' title='bbox 1643 4356 1851 4427; x_wconf 83' lang='lat' dir='ltr'><strong>gladius</strong></span> 
     </span>
    </p>
   </div>
   <div class='ocr_carea' id='block_1_45' title="bbox 246 4445 1851 4521">
    <p class='ocr_par' dir='ltr' id='par_1_45' title="bbox 246 4445 1851 4521">
     <span class='ocr_line' id='line_1_45' title="bbox 246 4445 1851 4521; baseline 0.002 -19"><span class='ocrx_word' id='word_1_370' title='bbox 246 4445 359 4503; x_wconf 87' lang='lat' dir='ltr'><strong>Dei</strong></span> <span class='ocrx_word' id='word_1_371' title='bbox 391 4448 608 4521; x_wconf 83' lang='lat' dir='ltr'><strong>intelligi</strong></span> <span class='ocrx_word' id='word_1_372' title='bbox 629 4448 713 4505; x_wconf 91' lang='lat' dir='ltr'><strong>bis</strong></span> <span class='ocrx_word' id='word_1_373' title='bbox 744 4457 952 4517; x_wconf 89' lang='lat' dir='ltr'><strong>acutus,</strong></span> <span class='ocrx_word' id='word_1_374' title='bbox 996 4448 1049 4504; x_wconf 92' lang='lat' dir='ltr'><strong>id</strong></span> <span class='ocrx_word' id='word_1_375' title='bbox 1087 4459 1170 4505; x_wconf 91' lang='lat' dir='ltr'><strong>est</strong></span> <span class='ocrx_word' id='word_1_376' title='bbox 1194 4448 1417 4517; x_wconf 81' lang='lat' dir='ltr'><strong>framea,</strong></span> <span class='ocrx_word' id='word_1_377' title='bbox 1457 4465 1614 4519; x_wconf 91' lang='lat' dir='ltr'><strong>quam</strong></span> <span class='ocrx_word' id='word_1_378' title='bbox 1643 4466 1745 4506; x_wconf 92' lang='lat' dir='ltr'><strong>non</strong></span> <span class='ocrx_word' id='word_1_379' title='bbox 1772 4452 1851 4506; x_wconf 88' lang='lat' dir='ltr'><strong>vi-</strong></span> 
     </span>
    </p>
   </div>
   <div class='ocr_carea' id='block_1_46' title="bbox 240 4534 1852 4614">
    <p class='ocr_par' dir='ltr' id='par_1_46' title="bbox 240 4534 1852 4614">
     <span class='ocr_line' id='line_1_46' title="bbox 240 4534 1852 4614; baseline 0.005 -23"><span class='ocrx_word' id='word_1_380' title='bbox 240 4534 443 4596; x_wconf 82' lang='lat' dir='ltr'><strong>bravit</strong></span> <span class='ocrx_word' id='word_1_381' title='bbox 468 4542 650 4613; x_wconf 77' lang='lat' dir='ltr'><strong>primo</strong></span> <span class='ocrx_word' id='word_1_382' title='bbox 663 4541 912 4607; x_wconf 89' lang='lat' dir='ltr'><strong>adventu,</strong></span> <span class='ocrx_word' id='word_1_383' title='bbox 946 4541 1041 4597; x_wconf 91' lang='lat' dir='ltr'><strong>sed</strong></span> <span class='ocrx_word' id='word_1_384' title='bbox 1073 4550 1321 4613; x_wconf 89' lang='lat' dir='ltr'><strong>tanquam</strong></span> <span class='ocrx_word' id='word_1_385' title='bbox 1351 4542 1404 4598; x_wconf 92' lang='lat' dir='ltr'><strong>in</strong></span> <span class='ocrx_word' id='word_1_386' title='bbox 1431 4543 1619 4614; x_wconf 83' lang='lat' dir='ltr'><strong>vagina</strong></span> <span class='ocrx_word' id='word_1_387' title='bbox 1638 4543 1852 4600; x_wconf 88' lang='lat' dir='ltr'><strong>humili-</strong></span> 
     </span>
    </p>
   </div>
   <div class='ocr_carea' id='block_1_47' title="bbox 245 4631 1851 4700">
    <p class='ocr_par' dir='ltr' id='par_1_47' title="bbox 245 4631 1851 4700">
     <span class='ocr_line' id='line_1_47' title="bbox 245 4631 1851 4700; baseline 0.004 -15"><span class='ocrx_word' id='word_1_388' title='bbox 245 4631 390 4688; x_wconf 79' lang='lat' dir='ltr'><strong>tatis</strong></span> <span class='ocrx_word' id='word_1_389' title='bbox 422 4632 735 4691; x_wconf 84' lang='lat' dir='ltr'><strong>abscondit:</strong></span> <span class='ocrx_word' id='word_1_390' title='bbox 758 4632 988 4690; x_wconf 88' lang='lat' dir='ltr'><strong>vibrabit</strong></span> <span class='ocrx_word' id='word_1_391' title='bbox 1014 4643 1215 4700; x_wconf 89' lang='lat' dir='ltr'><strong>autem,</strong></span> <span class='ocrx_word' id='word_1_392' title='bbox 1253 4650 1374 4690; x_wconf 89' lang='lat' dir='ltr'><strong>cum</strong></span> <span class='ocrx_word' id='word_1_393' title='bbox 1406 4635 1457 4690; x_wconf 92' lang='lat' dir='ltr'><strong>in</strong></span> <span class='ocrx_word' id='word_1_394' title='bbox 1489 4636 1727 4692; x_wconf 88' lang='lat' dir='ltr'><strong>secundo</strong></span> <span class='ocrx_word' id='word_1_395' title='bbox 1757 4638 1851 4692; x_wconf 86' lang='lat' dir='ltr'><strong>ad-</strong></span> 
     </span>
    </p>
   </div>
   <div class='ocr_carea' id='block_1_48' title="bbox 242 4726 1851 4797">
    <p class='ocr_par' dir='ltr' id='par_1_48' title="bbox 242 4726 1851 4797">
     <span class='ocr_line' id='line_1_48' title="bbox 242 4726 1851 4797; baseline 0.006 -22"><span class='ocrx_word' id='word_1_396' title='bbox 242 4734 430 4780; x_wconf 86' lang='lat' dir='ltr'><strong>ventu</strong></span> <span class='ocrx_word' id='word_1_397' title='bbox 448 4726 669 4783; x_wconf 89' lang='lat' dir='ltr'><strong>veniens</strong></span> <span class='ocrx_word' id='word_1_398' title='bbox 692 4726 935 4797; x_wconf 89' lang='lat' dir='ltr'><strong>judicare</strong></span> <span class='ocrx_word' id='word_1_399' title='bbox 954 4726 1105 4781; x_wconf 88' lang='lat' dir='ltr'><strong>vivos</strong></span> <span class='ocrx_word' id='word_1_400' title='bbox 1130 4734 1185 4781; x_wconf 91' lang='lat' dir='ltr'><strong>et</strong></span> <span class='ocrx_word' id='word_1_401' title='bbox 1204 4735 1464 4791; x_wconf 92' lang='lat' dir='ltr'><strong>mortuos,</strong></span> <span class='ocrx_word' id='word_1_402' title='bbox 1487 4727 1541 4782; x_wconf 92' lang='lat' dir='ltr'><strong>in</strong></span> <span class='ocrx_word' id='word_1_403' title='bbox 1567 4728 1851 4785; x_wconf 88' lang='lat' dir='ltr'><strong>manifesto</strong></span> 
     </span>
    </p>
   </div>
   <div class='ocr_carea' id='block_1_49' title="bbox 243 4811 1849 4889">
    <p class='ocr_par' dir='ltr' id='par_1_49' title="bbox 243 4811 1849 4889">
     <span class='ocr_line' id='line_1_49' title="bbox 243 4811 1849 4889; baseline 0.007 -20"><span class='ocrx_word' id='word_1_404' title='bbox 243 4815 549 4885; x_wconf 84' lang='lat' dir='ltr'><strong>splendore</strong></span> <span class='ocrx_word' id='word_1_405' title='bbox 567 4818 823 4876; x_wconf 89' lang='lat' dir='ltr'><strong>claritatis</strong></span> <span class='ocrx_word' id='word_1_406' title='bbox 842 4832 975 4887; x_wconf 57' lang='lat' dir='ltr'><strong>sua»,</strong></span> <span class='ocrx_word' id='word_1_407' title='bbox 987 4811 1147 4889; x_wconf 80' lang='lat' dir='ltr'><strong>justis</strong></span> <span class='ocrx_word' id='word_1_408' title='bbox 1170 4818 1282 4874; x_wconf 90' lang='lat' dir='ltr'><strong>suis</strong></span> <span class='ocrx_word' id='word_1_409' title='bbox 1299 4820 1498 4884; x_wconf 90' lang='lat' dir='ltr'><strong>lumen,</strong></span> <span class='ocrx_word' id='word_1_410' title='bbox 1522 4830 1575 4877; x_wconf 92' lang='lat' dir='ltr'><strong>et</strong></span> <span class='ocrx_word' id='word_1_411' title='bbox 1594 4826 1849 4880; x_wconf 82' lang='lat' dir='ltr'><strong>terrores&#39;</strong></span> 
     </span>
    </p>
   </div>
   <div class='ocr_carea' id='block_1_50' title="bbox 240 4906 1851 4986">
    <p class='ocr_par' dir='ltr' id='par_1_50' title="bbox 240 4906 1851 4986">
     <span class='ocr_line' id='line_1_50' title="bbox 240 4906 1851 4986; baseline 0.008 -25"><span class='ocrx_word' id='word_1_412' title='bbox 240 4906 443 4980; x_wconf 84' lang='lat' dir='ltr'><strong>impiis</strong></span> <span class='ocrx_word' id='word_1_413' title='bbox 465 4911 783 4968; x_wconf 88' lang='lat' dir='ltr'><strong>coruscabit.</strong></span> <span class='ocrx_word' id='word_1_414' title='bbox 825 4910 956 4967; x_wconf 83' lang='lat' dir='ltr'><strong>Nam</strong></span> <span class='ocrx_word' id='word_1_415' title='bbox 984 4912 1037 4968; x_wconf 89' lang='lat' dir='ltr'><strong>in</strong></span> <span class='ocrx_word' id='word_1_416' title='bbox 1075 4912 1195 4968; x_wconf 88' lang='lat' dir='ltr'><strong>aliis</strong></span> <span class='ocrx_word' id='word_1_417' title='bbox 1215 4914 1627 4983; x_wconf 80' lang='lat' dir='ltr'><strong>exemplaribus,</strong></span> <span class='ocrx_word' id='word_1_418' title='bbox 1660 4931 1756 4986; x_wconf 89' lang='lat' dir='ltr'><strong>pro</strong></span> <span class='ocrx_word' id='word_1_419' title='bbox 1784 4931 1851 4974; x_wconf 92' lang='lat' dir='ltr'><strong>eo</strong></span> 
     </span>
    </p>
   </div>
   <div class='ocr_carea' id='block_1_51' title="bbox 243 5000 1851 5078">
    <p class='ocr_par' dir='ltr' id='par_1_51' title="bbox 243 5000 1851 5078">
     <span class='ocr_line' id='line_1_51' title="bbox 243 5000 1851 5078; baseline 0.008 -28"><span class='ocrx_word' id='word_1_420' title='bbox 243 5000 407 5068; x_wconf 82' lang='lat' dir='ltr'><strong>quod</strong></span> <span class='ocrx_word' id='word_1_421' title='bbox 443 5010 527 5058; x_wconf 87' lang='lat' dir='ltr'><strong>est</strong></span> <span class='ocrx_word' id='word_1_422' title='bbox 549 5003 781 5074; x_wconf 84' lang='lat' dir='ltr'><strong>gladium</strong></span> <span class='ocrx_word' id='word_1_423' title='bbox 804 5018 951 5057; x_wconf 85' lang='lat' dir='ltr'><strong>suum</strong></span> <span class='ocrx_word' id='word_1_424' title='bbox 988 5003 1217 5069; x_wconf 83' lang='lat' dir='ltr'><strong>vibrabit,</strong></span> <span class='ocrx_word' id='word_1_425' title='bbox 1247 5001 1492 5073; x_wconf 83' lang='lat' dir='ltr'><strong>frameam</strong></span> <span class='ocrx_word' id='word_1_426' title='bbox 1512 5022 1658 5060; x_wconf 86' lang='lat' dir='ltr'><strong>suam</strong></span> <span class='ocrx_word' id='word_1_427' title='bbox 1682 5008 1851 5078; x_wconf 51' lang='lat' dir='ltr'><strong>splenc</strong></span> 
     </span>
    </p>
   </div>
   <div class='ocr_carea' id='block_1_52' title="bbox 244 5090 1853 5165">
    <p class='ocr_par' dir='ltr' id='par_1_52' title="bbox 244 5090 1853 5165">
     <span class='ocr_line' id='line_1_52' title="bbox 244 5090 1853 5165; baseline 0.01 -24"><span class='ocrx_word' id='word_1_428' title='bbox 244 5090 491 5159; x_wconf 75' lang='lat' dir='ltr'><strong>diﬁcabit</strong></span> <span class='ocrx_word' id='word_1_429' title='bbox 540 5094 773 5165; x_wconf 90' lang='lat' dir='ltr'><strong>positum</strong></span> <span class='ocrx_word' id='word_1_430' title='bbox 821 5104 949 5152; x_wconf 89' lang='lat' dir='ltr'><strong>est:</strong></span> <span class='ocrx_word' id='word_1_431' title='bbox 982 5110 1088 5165; x_wconf 86' lang='lat' dir='ltr'><strong>quo</strong></span> <span class='ocrx_word' id='word_1_432' title='bbox 1136 5095 1300 5152; x_wconf 90' lang='lat' dir='ltr'><strong>verbo</strong></span> <span class='ocrx_word' id='word_1_433' title='bbox 1349 5097 1853 5157; x_wconf 77' lang='lat' dir='ltr'><strong>convenientissima</strong></span> 
     </span>
    </p>
   </div>
   <div class='ocr_carea' id='block_1_53' title="bbox 247 5181 1848 5249">
    <p class='ocr_par' dir='ltr' id='par_1_53' title="bbox 247 5181 1848 5249">
     <span class='ocr_line' id='line_1_53' title="bbox 247 5181 1848 5249; baseline 0.008 -16"><span class='ocrx_word' id='word_1_434' title='bbox 247 5181 545 5249; x_wconf 75' lang='lat' dir='ltr'><strong>signiﬁcari</strong></span> <span class='ocrx_word' id='word_1_435' title='bbox 595 5185 827 5242; x_wconf 89' lang='lat' dir='ltr'><strong>arbitror</strong></span> <span class='ocrx_word' id='word_1_436' title='bbox 870 5186 1113 5242; x_wconf 90' lang='lat' dir='ltr'><strong>ultimum</strong></span> <span class='ocrx_word' id='word_1_437' title='bbox 1145 5186 1435 5243; x_wconf 58' lang='lat' dir='ltr'><strong>Dominicus</strong></span> <span class='ocrx_word' id='word_1_438' title='bbox 1464 5188 1720 5245; x_wconf 88' lang='lat' dir='ltr'><strong>claritatis</strong></span> <span class='ocrx_word' id='word_1_439' title='bbox 1748 5191 1848 5246; x_wconf 88' lang='lat' dir='ltr'><strong>ad-</strong></span> 
     </span>
    </p>
   </div>
   <div class='ocr_carea' id='block_1_54' title="bbox 252 5276 1852 5353">
    <p class='ocr_par' dir='ltr' id='par_1_54' title="bbox 252 5276 1852 5353">
     <span class='ocr_line' id='line_1_54' title="bbox 252 5276 1852 5353; baseline 0.008 -27"><span class='ocrx_word' id='word_1_440' title='bbox 252 5285 511 5342; x_wconf 82' lang='lat' dir='ltr'><strong>ventum;</strong></span> <span class='ocrx_word' id='word_1_441' title='bbox 544 5276 977 5349; x_wconf 83' lang='lat' dir='ltr'><strong>quandoquidem</strong></span> <span class='ocrx_word' id='word_1_442' title='bbox 998 5292 1063 5334; x_wconf 84' lang='lat' dir='ltr'><strong>ex</strong></span> <span class='ocrx_word' id='word_1_443' title='bbox 1086 5278 1253 5349; x_wconf 87' lang='lat' dir='ltr'><strong>ipsius</strong></span> <span class='ocrx_word' id='word_1_444' title='bbox 1283 5294 1509 5350; x_wconf 87' lang='lat' dir='ltr'><strong>persona</strong></span> <span class='ocrx_word' id='word_1_445' title='bbox 1538 5280 1852 5353; x_wconf 84' lang='lat' dir='ltr'><strong>intelligitur</strong></span> 
     </span>
    </p>
   </div>
   <div class='ocr_carea' id='block_1_55' title="bbox 257 5370 1852 5446">
    <p class='ocr_par' dir='ltr' id='par_1_55' title="bbox 257 5370 1852 5446">
     <span class='ocr_line' id='line_1_55' title="bbox 257 5370 1852 5446; baseline 0.008 -27"><span class='ocrx_word' id='word_1_446' title='bbox 257 5370 408 5437; x_wconf 81' lang='lat' dir='ltr'><strong>quod</strong></span> <span class='ocrx_word' id='word_1_447' title='bbox 435 5371 568 5425; x_wconf 88' lang='lat' dir='ltr'><strong>alius</strong></span> <span class='ocrx_word' id='word_1_448' title='bbox 595 5371 833 5441; x_wconf 86' lang='lat' dir='ltr'><strong>psalmus</strong></span> <span class='ocrx_word' id='word_1_449' title='bbox 860 5371 1052 5427; x_wconf 87' lang='lat' dir='ltr'><strong>habet:</strong></span> <span class='ocrx_word' id='word_1_450' title='bbox 1075 5372 1279 5439; x_wconf 88' lang='lat' dir='ltr'><strong>Libera,</strong></span> <span class='ocrx_word' id='word_1_451' title='bbox 1312 5371 1550 5443; x_wconf 80' lang='lat' dir='ltr'><strong>Domine,</strong></span> <span class='ocrx_word' id='word_1_452' title='bbox 1586 5376 1648 5428; x_wconf 89' lang='lat' dir='ltr'><strong>ab</strong></span> <span class='ocrx_word' id='word_1_453' title='bbox 1682 5376 1852 5446; x_wconf 85' lang='lat' dir='ltr'><strong>impiis</strong></span> 
     </span>
    </p>
   </div>
   <div class='ocr_carea' id='block_1_56' title="bbox 289 5522 1854 5592">
    <p class='ocr_par' dir='ltr' id='par_1_56' title="bbox 289 5522 1854 5592">
     <span class='ocr_line' id='line_1_56' title="bbox 289 5522 1854 5592; baseline 0.001 -7"><span class='ocrx_word' id='word_1_454' title='bbox 289 5582 316 5592; x_wconf 83' lang='grc'><em>,,</em></span> <span class='ocrx_word' id='word_1_455' title='bbox 334 5522 351 5554; x_wconf 86' lang='grc'>¹</span> <span class='ocrx_word' id='word_1_456' title='bbox 386 5528 519 5592; x_wconf 65' lang='grc' dir='ltr'><strong>ξιον-ο</strong></span> <span class='ocrx_word' id='word_1_457' title='bbox 542 5524 794 5592; x_wconf 59' lang='lat' dir='ltr'><strong>ministris.</strong></span> <span class='ocrx_word' id='word_1_458' title='bbox 812 5532 869 5578; x_wconf 75' lang='lat' dir='ltr'><strong>At</strong></span> <span class='ocrx_word' id='word_1_459' title='bbox 887 5531 966 5578; x_wconf 79' lang='lat' dir='ltr'><strong>Er.</strong></span> <span class='ocrx_word' id='word_1_460' title='bbox 993 5535 1052 5592; x_wconf 90' lang='lat' dir='ltr'><strong>_e_t</strong></span> <span class='ocrx_word' id='word_1_461' title='bbox 1541 5534 1616 5585; x_wconf 83' lang='lat' dir='ltr'><strong>Sic</strong></span> <span class='ocrx_word' id='word_1_462' title='bbox 1638 5535 1783 5586; x_wconf 88' lang='lat' dir='ltr'><strong>etiam</strong></span> <span class='ocrx_word' id='word_1_463' title='bbox 1804 5536 1854 5587; x_wconf 84' lang='lat' dir='ltr'><strong>lu</strong></span> 
     </span>
    </p>
   </div>
   <div class='ocr_carea' id='block_1_57' title="bbox 269 5578 1855 5656">
    <p class='ocr_par' dir='ltr' id='par_1_57' title="bbox 269 5578 1855 5656">
     <span class='ocr_line' id='line_1_57' title="bbox 269 5578 1855 5656; baseline 0.01 -23"><span class='ocrx_word' id='word_1_464' title='bbox 269 5578 352 5633; x_wconf 90' lang='lat' dir='ltr'><strong>lib.</strong></span> <span class='ocrx_word' id='word_1_465' title='bbox 375 5583 440 5635; x_wconf 92' lang='lat' dir='ltr'><strong>de</strong></span> <span class='ocrx_word' id='word_1_466' title='bbox 464 5578 583 5638; x_wconf 77' lang='lat' dir='ltr'><strong>vera</strong></span> <span class='ocrx_word' id='word_1_467' title='bbox 606 5586 874 5652; x_wconf 65' lang='lat' dir='ltr'><strong>Religione,</strong></span> <span class='ocrx_word' id='word_1_468' title='bbox 896 5602 942 5639; x_wconf 89' lang='lat' dir='ltr'><strong>c.</strong></span> <span class='ocrx_word' id='word_1_469' title='bbox 978 5578 1059 5656; x_wconf 76' lang='lat' dir='ltr'><strong>to,</strong></span> <span class='ocrx_word' id='word_1_470' title='bbox 1074 5578 1855 5656; x_wconf 67' lang='lat' dir='ltr'><strong>angeli</strong></span> 
     </span>
    </p>
   </div>
   <div class='ocr_carea' id='block_1_58' title="bbox 266 5655 1754 5780">
    <p class='ocr_par' dir='ltr' id='par_1_58' title="bbox 266 5655 1754 5780">
     <span class='ocr_line' id='line_1_58' title="bbox 266 5655 1754 5780; baseline 0.011 -26"><span class='ocrx_word' id='word_1_471' title='bbox 570 5709 747 5780; x_wconf 69' lang='lat' dir='ltr'><strong>luian</strong></span> <span class='ocrx_word' id='word_1_472' title='bbox 767 5718 815 5765; x_wconf 91' lang='lat' dir='ltr'><strong>et</strong></span> <span class='ocrx_word' id='word_1_473' title='bbox 826 5716 1038 5780; x_wconf 70' lang='lat' dir='ltr'><strong>terrore,</strong></span> <span class='ocrx_word' id='word_1_474' title='bbox 1064 5722 1119 5768; x_wconf 80' lang='lat' dir='ltr'><strong>At</strong></span> <span class='ocrx_word' id='word_1_475' title='bbox 1135 5722 1266 5780; x_wconf 63' lang='lat' dir='ltr'><strong>Mss,</strong></span> <span class='ocrx_word' id='word_1_476' title='bbox 1283 5714 1446 5772; x_wconf 85' lang='lat' dir='ltr'><strong>lumen</strong></span> <span class='ocrx_word' id='word_1_477' title='bbox 1460 5724 1507 5771; x_wconf 87' lang='lat' dir='ltr'><strong>et</strong></span> <span class='ocrx_word' id='word_1_478' title='bbox 1530 5724 1754 5774; x_wconf 81' lang='lat' dir='ltr'><strong>terrores.</strong></span> 
     </span>
    </p>
   </div>
   <div class='ocr_carea' id='block_1_59' title="bbox 324 5770 1857 5904">
    <p class='ocr_par' dir='ltr' id='par_1_59' title="bbox 324 5770 1857 5904">
     <span class='ocr_line' id='line_1_59' title="bbox 324 5770 1857 5904; baseline 0.002 -17"><span class='ocrx_word' id='word_1_479' title='bbox 324 5770 1094 5904; x_wconf 50' lang='lat' dir='ltr'><strong>itmmfsgsw-</strong></span> <span class='ocrx_word' id='word_1_480' title='bbox 1250 5770 1264 5780; x_wconf 70' lang='grc'><strong>⁷</strong></span> <span class='ocrx_word' id='word_1_481' title='bbox 1820 5865 1857 5888; x_wconf 86' lang='lat'><strong>..</strong></span> 
     </span>
    </p>
   </div>
   <div class='ocr_carea' id='block_1_60' title="bbox 462 5916 1164 5989">
    <p class='ocr_par' dir='ltr' id='par_1_60' title="bbox 462 5916 1164 5989">
     <span class='ocr_line' id='line_1_60' title="bbox 462 5916 1164 5989; baseline 0.01 -9"><span class='ocrx_word' id='word_1_482' title='bbox 462 5916 694 5982; x_wconf 64' lang='lat' dir='ltr'><strong>Sacr.</strong></span> <span class='ocrx_word' id='word_1_483' title='bbox 738 5923 1013 5987; x_wconf 76' lang='lat' dir='ltr'><strong>Aususr.</strong></span> <span class='ocrx_word' id='word_1_484' title='bbox 1060 5925 1164 5989; x_wconf 74' lang='grc' dir='ltr'><strong>ιν.</strong></span> 
     </span>
    </p>
   </div>
   <div class='ocr_carea' id='block_1_61' title="bbox 1348 370 2345 435">
    <p class='ocr_par' dir='ltr' id='par_1_61' title="bbox 1348 370 2345 435">
     <span class='ocr_line' id='line_1_61' title="bbox 1348 370 2345 435; baseline -0.003 -1"><span class='ocrx_word' id='word_1_485' title='bbox 1348 370 1746 435; x_wconf 71' lang='lat' dir='ltr'><strong>ENARRATIO</strong></span> <span class='ocrx_word' id='word_1_486' title='bbox 1773 372 1841 431; x_wconf 79' lang='lat' dir='ltr'><strong>IN</strong></span> <span class='ocrx_word' id='word_1_487' title='bbox 1878 372 2199 433; x_wconf 78' lang='lat' dir='ltr'><strong>PSALMUM</strong></span> <span class='ocrx_word' id='word_1_488' title='bbox 2236 374 2345 432; x_wconf 75' lang='grc' dir='ltr'><strong>νυ.</strong></span> 
     </span>
    </p>
   </div>
   <div class='ocr_carea' id='block_1_62' title="bbox 3415 375 3523 436">
    <p class='ocr_par' dir='ltr' id='par_1_62' title="bbox 3415 375 3523 436">
     <span class='ocr_line' id='line_1_62' title="bbox 3415 375 3523 436; baseline 0.028 -3"><span class='ocrx_word' id='word_1_489' title='bbox 3415 375 3523 436; x_wconf 71' lang='grc'><strong>106</strong></span> 
     </span>
    </p>
   </div>
   <div class='ocr_carea' id='block_1_63' title="bbox 1943 509 3521 579">
    <p class='ocr_par' dir='ltr' id='par_1_63' title="bbox 1943 509 3521 579">
     <span class='ocr_line' id='line_1_63' title="bbox 1943 509 3521 579; baseline 0.003 -16"><span class='ocrx_word' id='word_1_490' title='bbox 1943 509 2167 563; x_wconf 88' lang='lat' dir='ltr'><strong>animam</strong></span> <span class='ocrx_word' id='word_1_491' title='bbox 2204 525 2367 563; x_wconf 90' lang='lat' dir='ltr'><strong>meam</strong></span> <span class='ocrx_word' id='word_1_492' title='bbox 2387 550 2403 577; x_wconf 94' lang='lat'><strong>,</strong></span> <span class='ocrx_word' id='word_1_493' title='bbox 2435 510 2681 579; x_wconf 75' lang='lat' dir='ltr'><strong>{remeant</strong></span> <span class='ocrx_word' id='word_1_494' title='bbox 2705 518 2841 564; x_wconf 87' lang='lat' dir='ltr'><strong>tuam</strong></span> <span class='ocrx_word' id='word_1_495' title='bbox 2864 510 2927 564; x_wconf 90' lang='lat' dir='ltr'><strong>ab</strong></span> <span class='ocrx_word' id='word_1_496' title='bbox 2962 510 3177 566; x_wconf 86' lang='lat' dir='ltr'><strong>inimicis</strong></span> <span class='ocrx_word' id='word_1_497' title='bbox 3202 527 3381 566; x_wconf 86' lang='lat' dir='ltr'><strong>manus</strong></span> <span class='ocrx_word' id='word_1_498' title='bbox 3417 521 3521 568; x_wconf 64' lang='lat' dir='ltr'><strong>tua</strong></span> 
     </span>
    </p>
   </div>
   <div class='ocr_carea' id='block_1_64' title="bbox 1945 597 3521 672">
    <p class='ocr_par' dir='ltr' id='par_1_64' title="bbox 1945 597 3521 672">
     <span class='ocr_line' id='line_1_64' title="bbox 1945 597 3521 672; baseline 0.002 -20"><span class='ocrx_word' id='word_1_499' title='bbox 1945 597 2115 668; x_wconf 85' lang='lat' dir='ltr'><strong>(Psal.</strong></span> <span class='ocrx_word' id='word_1_500' title='bbox 2138 614 2226 654; x_wconf 75' lang='lat' dir='ltr'><strong>xvr</strong></span> <span class='ocrx_word' id='word_1_501' title='bbox 2245 641 2260 665; x_wconf 95' lang='lat'><strong>,</strong></span> <span class='ocrx_word' id='word_1_502' title='bbox 2292 598 2403 670; x_wconf 76' lang='grc'><strong>15).</strong></span> <span class='ocrx_word' id='word_1_503' title='bbox 2428 600 2613 654; x_wconf 82' lang='lat' dir='ltr'><strong>Arcum</strong></span> <span class='ocrx_word' id='word_1_504' title='bbox 2632 617 2779 654; x_wconf 87' lang='lat' dir='ltr'><strong>suum</strong></span> <span class='ocrx_word' id='word_1_505' title='bbox 2800 602 3003 655; x_wconf 83' lang='lat' dir='ltr'><strong>tetendit</strong></span> <span class='ocrx_word' id='word_1_506' title='bbox 3028 643 3041 665; x_wconf 92' lang='lat'><strong>,</strong></span> <span class='ocrx_word' id='word_1_507' title='bbox 3070 611 3117 655; x_wconf 89' lang='lat' dir='ltr'><strong>et</strong></span> <span class='ocrx_word' id='word_1_508' title='bbox 3137 603 3331 672; x_wconf 86' lang='lat' dir='ltr'><strong>paravit</strong></span> <span class='ocrx_word' id='word_1_509' title='bbox 3353 602 3521 655; x_wconf 87' lang='lat' dir='ltr'><strong>illum.</strong></span> 
     </span>
    </p>
   </div>
   <div class='ocr_carea' id='block_1_65' title="bbox 1940 690 3525 763">
    <p class='ocr_par' dir='ltr' id='par_1_65' title="bbox 1940 690 3525 763">
     <span class='ocr_line' id='line_1_65' title="bbox 1940 690 3525 763; baseline 0.003 -18"><span class='ocrx_word' id='word_1_510' title='bbox 1940 690 2055 746; x_wconf 87' lang='lat' dir='ltr'><strong>Non</strong></span> <span class='ocrx_word' id='word_1_511' title='bbox 2072 692 2266 763; x_wconf 90' lang='lat' dir='ltr'><strong>passim</strong></span> <span class='ocrx_word' id='word_1_512' title='bbox 2282 691 2566 747; x_wconf 88' lang='lat' dir='ltr'><strong>verborum</strong></span> <span class='ocrx_word' id='word_1_513' title='bbox 2588 701 2821 762; x_wconf 86' lang='lat' dir='ltr'><strong>tempora</strong></span> <span class='ocrx_word' id='word_1_514' title='bbox 2843 693 3209 763; x_wconf 75' lang='lat' dir='ltr'><strong>przetereunda</strong></span> <span class='ocrx_word' id='word_1_515' title='bbox 3226 702 3367 759; x_wconf 91' lang='lat' dir='ltr'><strong>sunt,</strong></span> <span class='ocrx_word' id='word_1_516' title='bbox 3384 694 3525 762; x_wconf 88' lang='lat' dir='ltr'><strong>quod</strong></span> 
     </span>
    </p>
   </div>
   <div class='ocr_carea' id='block_1_66' title="bbox 1940 781 3523 854">
    <p class='ocr_par' dir='ltr' id='par_1_66' title="bbox 1940 781 3523 854">
     <span class='ocr_line' id='line_1_66' title="bbox 1940 781 3523 854; baseline 0.003 -19"><span class='ocrx_word' id='word_1_517' title='bbox 1940 781 2173 852; x_wconf 87' lang='lat' dir='ltr'><strong>gladium</strong></span> <span class='ocrx_word' id='word_1_518' title='bbox 2201 781 2269 837; x_wconf 90' lang='lat' dir='ltr'><strong>de</strong></span> <span class='ocrx_word' id='word_1_519' title='bbox 2288 781 2463 838; x_wconf 78' lang='lat' dir='ltr'><strong>futuro</strong></span> <span class='ocrx_word' id='word_1_520' title='bbox 2487 782 2640 848; x_wconf 84' lang='lat' dir='ltr'><strong>dixit,</strong></span> <span class='ocrx_word' id='word_1_521' title='bbox 2668 784 2878 838; x_wconf 82' lang='lat' dir='ltr'><strong>vibrabit</strong></span> <span class='ocrx_word' id='word_1_522' title='bbox 2896 799 2916 849; x_wconf 87' lang='lat'><strong>;</strong></span> <span class='ocrx_word' id='word_1_523' title='bbox 2936 800 3112 838; x_wconf 89' lang='lat' dir='ltr'><strong>arcum</strong></span> <span class='ocrx_word' id='word_1_524' title='bbox 3136 783 3203 839; x_wconf 87' lang='lat' dir='ltr'><strong>de</strong></span> <span class='ocrx_word' id='word_1_525' title='bbox 3230 785 3523 854; x_wconf 71' lang='lat' dir='ltr'><strong>przeterito,</strong></span> 
     </span>
    </p>
   </div>
   <div class='ocr_carea' id='block_1_67' title="bbox 1943 870 3527 945">
    <p class='ocr_par' dir='ltr' id='par_1_67' title="bbox 1943 870 3527 945">
     <span class='ocr_line' id='line_1_67' title="bbox 1943 870 3527 945; baseline 0.004 -21"><span class='ocrx_word' id='word_1_526' title='bbox 1943 870 2149 926; x_wconf 83' lang='lat' dir='ltr'><strong>tetendit</strong></span> <span class='ocrx_word' id='word_1_527' title='bbox 2194 887 2213 926; x_wconf 90' lang='lat'><strong><em>:</em></strong></span> <span class='ocrx_word' id='word_1_528' title='bbox 2265 870 2459 928; x_wconf 90' lang='lat' dir='ltr'><strong>deinde</strong></span> <span class='ocrx_word' id='word_1_529' title='bbox 2513 873 2768 944; x_wconf 67' lang='lat' dir='ltr'><strong>praeteriti</strong></span> <span class='ocrx_word' id='word_1_530' title='bbox 2818 874 3070 944; x_wconf 88' lang='lat' dir='ltr'><strong>temporis</strong></span> <span class='ocrx_word' id='word_1_531' title='bbox 3127 882 3527 945; x_wconf 91' lang='lat' dir='ltr'><strong>consequuntur</strong></span> 
     </span>
    </p>
   </div>
   <div class='ocr_carea' id='block_1_68' title="bbox 1942 962 2123 1019">
    <p class='ocr_par' dir='ltr' id='par_1_68' title="bbox 1942 962 2123 1019">
     <span class='ocr_line' id='line_1_68' title="bbox 1942 962 2123 1019; baseline 0.011 -4"><span class='ocrx_word' id='word_1_532' title='bbox 1942 962 2123 1019; x_wconf 86' lang='lat' dir='ltr'><strong>verba.</strong></span> 
     </span>
    </p>
   </div>
   <div class='ocr_carea' id='block_1_69' title="bbox 2016 1053 3527 1132">
    <p class='ocr_par' dir='ltr' id='par_1_69' title="bbox 2016 1053 3527 1132">
     <span class='ocr_line' id='line_1_69' title="bbox 2016 1053 3527 1132; baseline 0.006 -23"><span class='ocrx_word' id='word_1_533' title='bbox 2016 1055 2102 1109; x_wconf 73' lang='grc'><strong>14.</strong></span> <span class='ocrx_word' id='word_1_534' title='bbox 2124 1053 2273 1128; x_wconf 90' lang='lat' dir='ltr'><strong>[vers.</strong></span> <span class='ocrx_word' id='word_1_535' title='bbox 2292 1055 2405 1130; x_wconf 54' lang='grc' dir='ltr'><strong>ιι]</strong></span> <span class='ocrx_word' id='word_1_536' title='bbox 2424 1056 2490 1111; x_wconf 86' lang='lat' dir='ltr'><strong>Et</strong></span> <span class='ocrx_word' id='word_1_537' title='bbox 2514 1057 2567 1111; x_wconf 90' lang='lat' dir='ltr'><strong>in</strong></span> <span class='ocrx_word' id='word_1_538' title='bbox 2587 1058 2698 1128; x_wconf 88' lang='lat' dir='ltr'><strong>ipso</strong></span> <span class='ocrx_word' id='word_1_539' title='bbox 2720 1058 2917 1129; x_wconf 84' lang='lat' dir='ltr'><strong>paravit</strong></span> <span class='ocrx_word' id='word_1_540' title='bbox 2940 1074 3059 1113; x_wconf 83' lang='lat' dir='ltr'><strong>uasa</strong></span> <span class='ocrx_word' id='word_1_541' title='bbox 3076 1060 3249 1113; x_wconf 85' lang='lat' dir='ltr'><strong>mortis</strong></span> <span class='ocrx_word' id='word_1_542' title='bbox 3272 1076 3289 1115; x_wconf 89' lang='lat'><strong><em>:</em></strong></span> <span class='ocrx_word' id='word_1_543' title='bbox 3316 1061 3527 1132; x_wconf 85' lang='lat' dir='ltr'><strong>sagittas</strong></span> 
     </span>
    </p>
   </div>
   <div class='ocr_carea' id='block_1_70' title="bbox 1942 1146 3524 1221">
    <p class='ocr_par' dir='ltr' id='par_1_70' title="bbox 1942 1146 3524 1221">
     <span class='ocr_line' id='line_1_70' title="bbox 1942 1146 3524 1221; baseline 0.005 -22"><span class='ocrx_word' id='word_1_544' title='bbox 1942 1160 2061 1200; x_wconf 87' lang='lat' dir='ltr'><strong>suas</strong></span> <span class='ocrx_word' id='word_1_545' title='bbox 2090 1146 2377 1202; x_wconf 81' lang='lat' dir='ltr'><strong>ardentibus</strong></span> <span class='ocrx_word' id='word_1_546' title='bbox 2397 1160 2633 1219; x_wconf 86' lang='lat' dir='ltr'><strong>operatus</strong></span> <span class='ocrx_word' id='word_1_547' title='bbox 2656 1158 2747 1204; x_wconf 89' lang='lat' dir='ltr'><strong>est.</strong></span> <span class='ocrx_word' id='word_1_548' title='bbox 2778 1151 2971 1205; x_wconf 89' lang='lat' dir='ltr'><strong>Arcum</strong></span> <span class='ocrx_word' id='word_1_549' title='bbox 3002 1166 3131 1221; x_wconf 86' lang='lat' dir='ltr'><strong>ergo</strong></span> <span class='ocrx_word' id='word_1_550' title='bbox 3155 1152 3347 1216; x_wconf 89' lang='lat' dir='ltr'><strong>istum,</strong></span> <span class='ocrx_word' id='word_1_551' title='bbox 3377 1151 3524 1207; x_wconf 86' lang='lat' dir='ltr'><strong>Scri-</strong></span> 
     </span>
    </p>
   </div>
   <div class='ocr_carea' id='block_1_71' title="bbox 1942 1238 3527 1312">
    <p class='ocr_par' dir='ltr' id='par_1_71' title="bbox 1942 1238 3527 1312">
     <span class='ocr_line' id='line_1_71' title="bbox 1942 1238 3527 1312; baseline 0.006 -22"><span class='ocrx_word' id='word_1_552' title='bbox 1942 1244 2125 1305; x_wconf 84' lang='lat' dir='ltr'><strong>pturas</strong></span> <span class='ocrx_word' id='word_1_553' title='bbox 2165 1246 2375 1293; x_wconf 90' lang='lat' dir='ltr'><strong>sanctas</strong></span> <span class='ocrx_word' id='word_1_554' title='bbox 2413 1238 2641 1295; x_wconf 88' lang='lat' dir='ltr'><strong>libenter</strong></span> <span class='ocrx_word' id='word_1_555' title='bbox 2694 1242 2991 1312; x_wconf 89' lang='lat' dir='ltr'><strong>acceperim</strong></span> <span class='ocrx_word' id='word_1_556' title='bbox 3023 1283 3039 1308; x_wconf 94' lang='lat'><strong>,</strong></span> <span class='ocrx_word' id='word_1_557' title='bbox 3086 1242 3177 1297; x_wconf 92' lang='lat' dir='ltr'><strong>ubi</strong></span> <span class='ocrx_word' id='word_1_558' title='bbox 3221 1243 3527 1300; x_wconf 82' lang='lat' dir='ltr'><strong>fortitudine</strong></span> 
     </span>
    </p>
   </div>
   <div class='ocr_carea' id='block_1_72' title="bbox 1942 1327 3529 1405">
    <p class='ocr_par' dir='ltr' id='par_1_72' title="bbox 1942 1327 3529 1405">
     <span class='ocr_line' id='line_1_72' title="bbox 1942 1327 3529 1405; baseline 0.006 -22"><span class='ocrx_word' id='word_1_559' title='bbox 1942 1327 2076 1384; x_wconf 87' lang='lat' dir='ltr'><strong>Novi</strong></span> <span class='ocrx_word' id='word_1_560' title='bbox 2102 1328 2428 1386; x_wconf 87' lang='lat' dir='ltr'><strong>Testamenti</strong></span> <span class='ocrx_word' id='word_1_561' title='bbox 2449 1373 2463 1397; x_wconf 91' lang='lat'><strong>,</strong></span> <span class='ocrx_word' id='word_1_562' title='bbox 2493 1333 2643 1402; x_wconf 87' lang='lat' dir='ltr'><strong>quasi</strong></span> <span class='ocrx_word' id='word_1_563' title='bbox 2668 1348 2833 1389; x_wconf 83' lang='lat' dir='ltr'><strong>nervo</strong></span> <span class='ocrx_word' id='word_1_564' title='bbox 2862 1334 3091 1405; x_wconf 89' lang='lat' dir='ltr'><strong>quodam</strong></span> <span class='ocrx_word' id='word_1_565' title='bbox 3115 1376 3132 1401; x_wconf 90' lang='lat'><strong>,</strong></span> <span class='ocrx_word' id='word_1_566' title='bbox 3152 1334 3343 1389; x_wconf 90' lang='lat' dir='ltr'><strong>duritia</strong></span> <span class='ocrx_word' id='word_1_567' title='bbox 3371 1335 3529 1393; x_wconf 79' lang='lat' dir='ltr'><strong>Vete-</strong></span> 
     </span>
    </p>
   </div>
   <div class='ocr_carea' id='block_1_73' title="bbox 1942 1418 3524 1497">
    <p class='ocr_par' dir='ltr' id='par_1_73' title="bbox 1942 1418 3524 1497">
     <span class='ocr_line' id='line_1_73' title="bbox 1942 1418 3524 1497; baseline 0.006 -24"><span class='ocrx_word' id='word_1_568' title='bbox 1942 1418 2016 1473; x_wconf 89' lang='lat' dir='ltr'><strong>ris</strong></span> <span class='ocrx_word' id='word_1_569' title='bbox 2042 1418 2177 1475; x_wconf 83' lang='lat' dir='ltr'><strong>llexa</strong></span> <span class='ocrx_word' id='word_1_570' title='bbox 2201 1430 2256 1476; x_wconf 90' lang='lat' dir='ltr'><strong>et</strong></span> <span class='ocrx_word' id='word_1_571' title='bbox 2284 1422 2518 1477; x_wconf 82' lang='lat' dir='ltr'><strong>edomita</strong></span> <span class='ocrx_word' id='word_1_572' title='bbox 2546 1433 2649 1479; x_wconf 88' lang='lat' dir='ltr'><strong>est.</strong></span> <span class='ocrx_word' id='word_1_573' title='bbox 2682 1425 2816 1479; x_wconf 90' lang='lat' dir='ltr'><strong>Hinc</strong></span> <span class='ocrx_word' id='word_1_574' title='bbox 2845 1434 3095 1497; x_wconf 88' lang='lat' dir='ltr'><strong>tanquam</strong></span> <span class='ocrx_word' id='word_1_575' title='bbox 3122 1427 3327 1497; x_wconf 77' lang='lat' dir='ltr'><strong>sagitta:</strong></span> <span class='ocrx_word' id='word_1_576' title='bbox 3361 1428 3524 1483; x_wconf 88' lang='lat' dir='ltr'><strong>emit-</strong></span> 
     </span>
    </p>
   </div>
   <div class='ocr_carea' id='block_1_74' title="bbox 1945 1514 3530 1587">
    <p class='ocr_par' dir='ltr' id='par_1_74' title="bbox 1945 1514 3530 1587">
     <span class='ocr_line' id='line_1_74' title="bbox 1945 1514 3530 1587; baseline 0.006 -23"><span class='ocrx_word' id='word_1_577' title='bbox 1945 1518 2127 1566; x_wconf 89' lang='lat' dir='ltr'><strong>tuntur</strong></span> <span class='ocrx_word' id='word_1_578' title='bbox 2150 1514 2413 1582; x_wconf 85' lang='lat' dir='ltr'><strong>Apostoli,</strong></span> <span class='ocrx_word' id='word_1_579' title='bbox 2439 1514 2520 1570; x_wconf 84' lang='lat' dir='ltr'><strong>vel</strong></span> <span class='ocrx_word' id='word_1_580' title='bbox 2546 1514 2721 1571; x_wconf 87' lang='lat' dir='ltr'><strong>divina</strong></span> <span class='ocrx_word' id='word_1_581' title='bbox 2752 1521 3016 1584; x_wconf 63' lang='lat' dir='ltr'><strong>praeconia</strong></span> <span class='ocrx_word' id='word_1_582' title='bbox 3042 1517 3362 1587; x_wconf 89' lang='lat' dir='ltr'><strong>jaculantur.</strong></span> <span class='ocrx_word' id='word_1_583' title='bbox 3384 1518 3530 1587; x_wconf 84' lang='lat' dir='ltr'><strong>Quas</strong></span> 
     </span>
    </p>
   </div>
   <div class='ocr_carea' id='block_1_75' title="bbox 1943 1603 3530 1681">
    <p class='ocr_par' dir='ltr' id='par_1_75' title="bbox 1943 1603 3530 1681">
     <span class='ocr_line' id='line_1_75' title="bbox 1943 1603 3530 1681; baseline 0.006 -24"><span class='ocrx_word' id='word_1_584' title='bbox 1943 1603 2161 1673; x_wconf 87' lang='lat' dir='ltr'><strong>sagittas</strong></span> <span class='ocrx_word' id='word_1_585' title='bbox 2185 1604 2474 1661; x_wconf 82' lang='lat' dir='ltr'><strong>ardentibus</strong></span> <span class='ocrx_word' id='word_1_586' title='bbox 2500 1616 2735 1678; x_wconf 83' lang='lat' dir='ltr'><strong>operatus</strong></span> <span class='ocrx_word' id='word_1_587' title='bbox 2763 1618 2855 1674; x_wconf 88' lang='lat' dir='ltr'><strong>est,</strong></span> <span class='ocrx_word' id='word_1_588' title='bbox 2875 1608 2926 1663; x_wconf 91' lang='lat' dir='ltr'><strong>id</strong></span> <span class='ocrx_word' id='word_1_589' title='bbox 2949 1618 3053 1676; x_wconf 91' lang='lat' dir='ltr'><strong>est,</strong></span> <span class='ocrx_word' id='word_1_590' title='bbox 3079 1610 3268 1680; x_wconf 89' lang='lat' dir='ltr'><strong>quibus</strong></span> <span class='ocrx_word' id='word_1_591' title='bbox 3290 1624 3530 1681; x_wconf 70' lang='lat' dir='ltr'><strong>percuss.</strong></span> 
     </span>
    </p>
   </div>
   <div class='ocr_carea' id='block_1_76' title="bbox 1943 1693 3533 1773">
    <p class='ocr_par' dir='ltr' id='par_1_76' title="bbox 1943 1693 3533 1773">
     <span class='ocr_line' id='line_1_76' title="bbox 1943 1693 3533 1773; baseline 0.006 -24"><span class='ocrx_word' id='word_1_592' title='bbox 1943 1693 2122 1752; x_wconf 85' lang='lat' dir='ltr'><strong>divino</strong></span> <span class='ocrx_word' id='word_1_593' title='bbox 2165 1711 2348 1753; x_wconf 90' lang='lat' dir='ltr'><strong>amore</strong></span> <span class='ocrx_word' id='word_1_594' title='bbox 2390 1698 2692 1769; x_wconf 81' lang='lat' dir='ltr'><strong>ﬂagrarent.</strong></span> <span class='ocrx_word' id='word_1_595' title='bbox 2725 1699 2837 1767; x_wconf 87' lang='lat' dir='ltr'><strong>Qua</strong></span> <span class='ocrx_word' id='word_1_596' title='bbox 2868 1702 3011 1755; x_wconf 92' lang='lat' dir='ltr'><strong>enim</strong></span> <span class='ocrx_word' id='word_1_597' title='bbox 3050 1702 3151 1757; x_wconf 89' lang='lat' dir='ltr'><strong>alia</strong></span> <span class='ocrx_word' id='word_1_598' title='bbox 3191 1704 3379 1773; x_wconf 86' lang='lat' dir='ltr'><strong>sagitta</strong></span> <span class='ocrx_word' id='word_1_599' title='bbox 3408 1718 3533 1773; x_wconf 87' lang='lat' dir='ltr'><strong>per-</strong></span> 
     </span>
    </p>
   </div>
   <div class='ocr_carea' id='block_1_77' title="bbox 1944 1790 3533 1861">
    <p class='ocr_par' dir='ltr' id='par_1_77' title="bbox 1944 1790 3533 1861">
     <span class='ocr_line' id='line_1_77' title="bbox 1944 1790 3533 1861; baseline 0.005 -19"><span class='ocrx_word' id='word_1_600' title='bbox 1944 1802 2097 1843; x_wconf 88' lang='lat' dir='ltr'><strong>cussa</strong></span> <span class='ocrx_word' id='word_1_601' title='bbox 2122 1798 2206 1845; x_wconf 84' lang='lat' dir='ltr'><strong>est</strong></span> <span class='ocrx_word' id='word_1_602' title='bbox 2227 1832 2244 1857; x_wconf 95' lang='lat'><strong>,</strong></span> <span class='ocrx_word' id='word_1_603' title='bbox 2274 1806 2392 1861; x_wconf 63' lang='lat' dir='ltr'><strong>qua:</strong></span> <span class='ocrx_word' id='word_1_604' title='bbox 2417 1790 2542 1846; x_wconf 92' lang='lat' dir='ltr'><strong>dicit</strong></span> <span class='ocrx_word' id='word_1_605' title='bbox 2574 1809 2589 1845; x_wconf 90' lang='lat'><strong>:</strong></span> <span class='ocrx_word' id='word_1_606' title='bbox 2617 1790 2850 1846; x_wconf 86' lang='lat' dir='ltr'><strong>Inducite</strong></span> <span class='ocrx_word' id='word_1_607' title='bbox 2874 1809 2952 1847; x_wconf 88' lang='lat' dir='ltr'><strong>me</strong></span> <span class='ocrx_word' id='word_1_608' title='bbox 2971 1793 3024 1846; x_wconf 90' lang='lat' dir='ltr'><strong>in</strong></span> <span class='ocrx_word' id='word_1_609' title='bbox 3042 1794 3248 1848; x_wconf 88' lang='lat' dir='ltr'><strong>domum</strong></span> <span class='ocrx_word' id='word_1_610' title='bbox 3262 1795 3384 1861; x_wconf 83' lang='lat' dir='ltr'><strong>vini,</strong></span> <span class='ocrx_word' id='word_1_611' title='bbox 3408 1810 3533 1850; x_wconf 85' lang='lat' dir='ltr'><strong>con-</strong></span> 
     </span>
    </p>
   </div>
   <div class='ocr_carea' id='block_1_78' title="bbox 1944 1880 3532 1954">
    <p class='ocr_par' dir='ltr' id='par_1_78' title="bbox 1944 1880 3532 1954">
     <span class='ocr_line' id='line_1_78' title="bbox 1944 1880 3532 1954; baseline 0.004 -22"><span class='ocrx_word' id='word_1_612' title='bbox 1944 1880 2133 1934; x_wconf 87' lang='lat' dir='ltr'><strong>stituite</strong></span> <span class='ocrx_word' id='word_1_613' title='bbox 2164 1897 2243 1936; x_wconf 86' lang='lat' dir='ltr'><strong>me</strong></span> <span class='ocrx_word' id='word_1_614' title='bbox 2272 1882 2406 1936; x_wconf 88' lang='lat' dir='ltr'><strong>inter</strong></span> <span class='ocrx_word' id='word_1_615' title='bbox 2426 1891 2683 1953; x_wconf 87' lang='lat' dir='ltr'><strong>unguenta</strong></span> <span class='ocrx_word' id='word_1_616' title='bbox 2705 1924 2720 1950; x_wconf 89' lang='lat'><strong>,</strong></span> <span class='ocrx_word' id='word_1_617' title='bbox 2748 1883 3027 1954; x_wconf 84' lang='lat' dir='ltr'><strong>constipate</strong></span> <span class='ocrx_word' id='word_1_618' title='bbox 3052 1900 3133 1939; x_wconf 90' lang='lat' dir='ltr'><strong>me</strong></span> <span class='ocrx_word' id='word_1_619' title='bbox 3159 1884 3289 1938; x_wconf 83' lang='lat' dir='ltr'><strong>inter</strong></span> <span class='ocrx_word' id='word_1_620' title='bbox 3315 1883 3468 1938; x_wconf 83' lang='lat' dir='ltr'><strong>mella</strong></span> <span class='ocrx_word' id='word_1_621' title='bbox 3488 1884 3532 1951; x_wconf 75' lang='grc' dir='ltr'><strong>’ς</strong></span> 
     </span>
    </p>
   </div>
   <div class='ocr_carea' id='block_1_79' title="bbox 1944 1972 3532 2048">
    <p class='ocr_par' dir='ltr' id='par_1_79' title="bbox 1944 1972 3532 2048">
     <span class='ocr_line' id='line_1_79' title="bbox 1944 1972 3532 2048; baseline 0.003 -23"><span class='ocrx_word' id='word_1_622' title='bbox 1944 1972 2181 2043; x_wconf 82' lang='lat' dir='ltr'><strong>quoniam</strong></span> <span class='ocrx_word' id='word_1_623' title='bbox 2216 1973 2479 2027; x_wconf 84' lang='lat' dir='ltr'><strong>vulnerata</strong></span> <span class='ocrx_word' id='word_1_624' title='bbox 2520 1973 2764 2028; x_wconf 80' lang='lat' dir='ltr'><strong>charitate</strong></span> <span class='ocrx_word' id='word_1_625' title='bbox 2805 1991 2895 2045; x_wconf 89' lang='lat' dir='ltr'><strong>ego</strong></span> <span class='ocrx_word' id='word_1_626' title='bbox 2936 1991 3050 2029; x_wconf 91' lang='lat' dir='ltr'><strong>sum</strong></span> <span class='ocrx_word' id='word_1_627' title='bbox 3070 1974 3241 2048; x_wconf 88' lang='lat' dir='ltr'><strong>(Cant.</strong></span> <span class='ocrx_word' id='word_1_628' title='bbox 3263 1991 3318 2040; x_wconf 89' lang='lat' dir='ltr'><strong>ll,</strong></span> <span class='ocrx_word' id='word_1_629' title='bbox 3348 1977 3401 2031; x_wconf 73' lang='grc'><strong>4.</strong></span> <span class='ocrx_word' id='word_1_630' title='bbox 3429 1992 3532 2031; x_wconf 89' lang='lat' dir='ltr'><strong>sec.</strong></span> 
     </span>
    </p>
   </div>
   <div class='ocr_carea' id='block_1_80' title="bbox 1927 2061 3533 2139">
    <p class='ocr_par' dir='ltr' id='par_1_80' title="bbox 1927 2061 3533 2139">
     <span class='ocr_line' id='line_1_80' title="bbox 1927 2061 3533 2139; baseline 0.006 -22"><span class='ocrx_word' id='word_1_631' title='bbox 1927 2061 2151 2135; x_wconf 72' lang='lat' dir='ltr'><strong>&#39;LXX)?</strong></span> <span class='ocrx_word' id='word_1_632' title='bbox 2178 2065 2382 2133; x_wconf 85' lang='lat' dir='ltr'><strong>Quibus</strong></span> <span class='ocrx_word' id='word_1_633' title='bbox 2405 2067 2523 2121; x_wconf 92' lang='lat' dir='ltr'><strong>aliis</strong></span> <span class='ocrx_word' id='word_1_634' title='bbox 2549 2067 2754 2138; x_wconf 86' lang='lat' dir='ltr'><strong>sagittis</strong></span> <span class='ocrx_word' id='word_1_635' title='bbox 2777 2067 3085 2123; x_wconf 90' lang='lat' dir='ltr'><strong>accenditur</strong></span> <span class='ocrx_word' id='word_1_636' title='bbox 3106 2110 3121 2132; x_wconf 85' lang='lat'><strong>,</strong></span> <span class='ocrx_word' id='word_1_637' title='bbox 3153 2069 3244 2139; x_wconf 92' lang='lat' dir='ltr'><strong>qui</strong></span> <span class='ocrx_word' id='word_1_638' title='bbox 3270 2069 3444 2125; x_wconf 84' lang='lat' dir='ltr'><strong>redire</strong></span> <span class='ocrx_word' id='word_1_639' title='bbox 3464 2070 3533 2127; x_wconf 89' lang='lat' dir='ltr'><strong>ad</strong></span> 
     </span>
    </p>
   </div>
   <div class='ocr_carea' id='block_1_81' title="bbox 1947 2153 3535 2229">
    <p class='ocr_par' dir='ltr' id='par_1_81' title="bbox 1947 2153 3535 2229">
     <span class='ocr_line' id='line_1_81' title="bbox 1947 2153 3535 2229; baseline 0.003 -20"><span class='ocrx_word' id='word_1_640' title='bbox 1947 2153 2115 2210; x_wconf 91' lang='lat' dir='ltr'><strong>Deum</strong></span> <span class='ocrx_word' id='word_1_641' title='bbox 2137 2156 2357 2226; x_wconf 89' lang='lat' dir='ltr'><strong>cupiens</strong></span> <span class='ocrx_word' id='word_1_642' title='bbox 2380 2167 2434 2213; x_wconf 91' lang='lat' dir='ltr'><strong>et</strong></span> <span class='ocrx_word' id='word_1_643' title='bbox 2458 2157 2527 2212; x_wconf 91' lang='lat' dir='ltr'><strong>ab</strong></span> <span class='ocrx_word' id='word_1_644' title='bbox 2556 2160 2652 2213; x_wconf 89' lang='lat' dir='ltr'><strong>ista</strong></span> <span class='ocrx_word' id='word_1_645' title='bbox 2685 2158 3114 2229; x_wconf 85' lang='lat' dir='ltr'><strong>peregrinatione</strong></span> <span class='ocrx_word' id='word_1_646' title='bbox 3137 2174 3379 2215; x_wconf 87' lang='lat' dir='ltr'><strong>remeare</strong></span> <span class='ocrx_word' id='word_1_647' title='bbox 3397 2201 3413 2223; x_wconf 92' lang='lat'><strong>,</strong></span> <span class='ocrx_word' id='word_1_648' title='bbox 3439 2159 3535 2214; x_wconf 84' lang='lat' dir='ltr'><strong>ad-</strong></span> 
     </span>
    </p>
   </div>
   <div class='ocr_carea' id='block_1_82' title="bbox 1947 2248 3536 2320">
    <p class='ocr_par' dir='ltr' id='par_1_82' title="bbox 1947 2248 3536 2320">
     <span class='ocr_line' id='line_1_82' title="bbox 1947 2248 3536 2320; baseline 0.004 -20"><span class='ocrx_word' id='word_1_649' title='bbox 1947 2261 2136 2303; x_wconf 86' lang='lat' dir='ltr'><strong>versus</strong></span> <span class='ocrx_word' id='word_1_650' title='bbox 2160 2248 2374 2304; x_wconf 89' lang='lat' dir='ltr'><strong>dolosas</strong></span> <span class='ocrx_word' id='word_1_651' title='bbox 2401 2250 2605 2320; x_wconf 86' lang='lat' dir='ltr'><strong>linguas</strong></span> <span class='ocrx_word' id='word_1_652' title='bbox 2649 2251 2782 2320; x_wconf 90' lang='lat' dir='ltr'><strong>petit</strong></span> <span class='ocrx_word' id='word_1_653' title='bbox 2819 2251 3075 2305; x_wconf 88' lang='lat' dir='ltr'><strong>auxilium</strong></span> <span class='ocrx_word' id='word_1_654' title='bbox 3096 2290 3112 2317; x_wconf 97' lang='lat'><strong>,</strong></span> <span class='ocrx_word' id='word_1_655' title='bbox 3145 2261 3197 2307; x_wconf 91' lang='lat' dir='ltr'><strong>et</strong></span> <span class='ocrx_word' id='word_1_656' title='bbox 3222 2252 3271 2307; x_wconf 91' lang='lat' dir='ltr'><strong>ei</strong></span> <span class='ocrx_word' id='word_1_657' title='bbox 3296 2251 3489 2305; x_wconf 89' lang='lat' dir='ltr'><strong>dicitur</strong></span> <span class='ocrx_word' id='word_1_658' title='bbox 3517 2270 3536 2306; x_wconf 88' lang='lat'><strong>:</strong></span> 
     </span>
    </p>
   </div>
   <div class='ocr_carea' id='block_1_83' title="bbox 1951 2337 3538 2414">
    <p class='ocr_par' dir='ltr' id='par_1_83' title="bbox 1951 2337 3538 2414">
     <span class='ocr_line' id='line_1_83' title="bbox 1951 2337 3538 2414; baseline 0.006 -23"><span class='ocrx_word' id='word_1_659' title='bbox 1951 2337 2087 2404; x_wconf 83' lang='lat' dir='ltr'><strong>Quid</strong></span> <span class='ocrx_word' id='word_1_660' title='bbox 2113 2338 2258 2393; x_wconf 87' lang='lat' dir='ltr'><strong>detur</strong></span> <span class='ocrx_word' id='word_1_661' title='bbox 2281 2341 2388 2407; x_wconf 85' lang='lat' dir='ltr'><strong>tibi,</strong></span> <span class='ocrx_word' id='word_1_662' title='bbox 2408 2351 2495 2394; x_wconf 91' lang='lat' dir='ltr'><strong>aut</strong></span> <span class='ocrx_word' id='word_1_663' title='bbox 2519 2342 2642 2411; x_wconf 83' lang='lat' dir='ltr'><strong>quid</strong></span> <span class='ocrx_word' id='word_1_664' title='bbox 2656 2342 2929 2413; x_wconf 87' lang='lat' dir='ltr'><strong>adjiciatur</strong></span> <span class='ocrx_word' id='word_1_665' title='bbox 2953 2342 3041 2396; x_wconf 87' lang='lat' dir='ltr'><strong>tibi</strong></span> <span class='ocrx_word' id='word_1_666' title='bbox 3056 2343 3292 2397; x_wconf 83' lang='lat' dir='ltr'><strong>adversus</strong></span> <span class='ocrx_word' id='word_1_667' title='bbox 3312 2344 3538 2414; x_wconf 84' lang='lat' dir='ltr'><strong>linguam</strong></span> 
     </span>
    </p>
   </div>
   <div class='ocr_carea' id='block_1_84' title="bbox 1949 2420 3542 2505">
    <p class='ocr_par' dir='ltr' id='par_1_84' title="bbox 1949 2420 3542 2505">
     <span class='ocr_line' id='line_1_84' title="bbox 1949 2420 3542 2505; baseline 0.004 -21"><span class='ocrx_word' id='word_1_668' title='bbox 1949 2429 2220 2486; x_wconf 81' lang='lat' dir='ltr'><strong>dolosam?</strong></span> <span class='ocrx_word' id='word_1_669' title='bbox 2242 2431 2455 2504; x_wconf 75' lang='lat' dir='ltr'><strong>Sagitta:</strong></span> <span class='ocrx_word' id='word_1_670' title='bbox 2478 2435 2692 2505; x_wconf 85' lang='lat' dir='ltr'><strong>potentis</strong></span> <span class='ocrx_word' id='word_1_671' title='bbox 2718 2420 2897 2500; x_wconf 78' lang='lat' dir='ltr'><strong>acutw,</strong></span> <span class='ocrx_word' id='word_1_672' title='bbox 2928 2451 3042 2489; x_wconf 89' lang='lat' dir='ltr'><strong>cum</strong></span> <span class='ocrx_word' id='word_1_673' title='bbox 3063 2435 3359 2489; x_wconf 86' lang='lat' dir='ltr'><strong>carbonibus</strong></span> <span class='ocrx_word' id='word_1_674' title='bbox 3381 2446 3542 2490; x_wconf 63' lang='lat' dir='ltr'><strong>vaste-</strong></span> 
     </span>
    </p>
   </div>
   <div class='ocr_carea' id='block_1_85' title="bbox 1949 2524 3537 2599">
    <p class='ocr_par' dir='ltr' id='par_1_85' title="bbox 1949 2524 3537 2599">
     <span class='ocr_line' id='line_1_85' title="bbox 1949 2524 3537 2599; baseline 0.003 -21"><span class='ocrx_word' id='word_1_675' title='bbox 1949 2525 2138 2581; x_wconf 87' lang='lat' dir='ltr'><strong>toribus</strong></span> <span class='ocrx_word' id='word_1_676' title='bbox 2168 2524 2335 2598; x_wconf 80' lang='lat' dir='ltr'><strong>(Psal.</strong></span> <span class='ocrx_word' id='word_1_677' title='bbox 2364 2542 2504 2590; x_wconf 69' lang='grc' dir='ltr'>εχει,</span> <span class='ocrx_word' id='word_1_678' title='bbox 2532 2528 2585 2595; x_wconf 81' lang='lat'><strong>5,</strong></span> <span class='ocrx_word' id='word_1_679' title='bbox 2607 2528 2665 2599; x_wconf 80' lang='grc'><strong>4)</strong></span> <span class='ocrx_word' id='word_1_680' title='bbox 2692 2546 2705 2581; x_wconf 89' lang='lat'><strong>:</strong></span> <span class='ocrx_word' id='word_1_681' title='bbox 2730 2528 2782 2583; x_wconf 93' lang='lat' dir='ltr'><strong>id</strong></span> <span class='ocrx_word' id='word_1_682' title='bbox 2805 2537 2907 2592; x_wconf 90' lang='lat' dir='ltr'><strong>est,</strong></span> <span class='ocrx_word' id='word_1_683' title='bbox 2929 2527 3121 2598; x_wconf 91' lang='lat' dir='ltr'><strong>quibus</strong></span> <span class='ocrx_word' id='word_1_684' title='bbox 3152 2543 3436 2597; x_wconf 86' lang='lat' dir='ltr'><strong>percussus</strong></span> <span class='ocrx_word' id='word_1_685' title='bbox 3460 2530 3537 2583; x_wconf 62' lang='lat' dir='ltr'><strong>at.</strong></span> 
     </span>
    </p>
   </div>
   <div class='ocr_carea' id='block_1_86' title="bbox 1949 2616 3539 2689">
    <p class='ocr_par' dir='ltr' id='par_1_86' title="bbox 1949 2616 3539 2689">
     <span class='ocr_line' id='line_1_86' title="bbox 1949 2616 3539 2689; baseline 0.001 -17"><span class='ocrx_word' id='word_1_686' title='bbox 1949 2632 2054 2687; x_wconf 89' lang='lat' dir='ltr'><strong>que</strong></span> <span class='ocrx_word' id='word_1_687' title='bbox 2083 2616 2439 2673; x_wconf 81' lang='lat' dir='ltr'><strong>inﬂammatus</strong></span> <span class='ocrx_word' id='word_1_688' title='bbox 2468 2627 2615 2673; x_wconf 89' lang='lat' dir='ltr'><strong>tanto</strong></span> <span class='ocrx_word' id='word_1_689' title='bbox 2643 2633 2824 2674; x_wconf 90' lang='lat' dir='ltr'><strong>amore</strong></span> <span class='ocrx_word' id='word_1_690' title='bbox 2851 2618 3042 2673; x_wconf 87' lang='lat' dir='ltr'><strong>ardeas</strong></span> <span class='ocrx_word' id='word_1_691' title='bbox 3069 2619 3215 2689; x_wconf 89' lang='lat' dir='ltr'><strong>regni</strong></span> <span class='ocrx_word' id='word_1_692' title='bbox 3242 2619 3497 2675; x_wconf 64' lang='lat' dir='ltr'><strong>caelorum</strong></span> <span class='ocrx_word' id='word_1_693' title='bbox 3519 2659 3539 2685; x_wconf 93' lang='lat'><strong>,</strong></span> 
     </span>
    </p>
   </div>
   <div class='ocr_carea' id='block_1_87' title="bbox 1950 2707 3543 2779">
    <p class='ocr_par' dir='ltr' id='par_1_87' title="bbox 1950 2707 3543 2779">
     <span class='ocr_line' id='line_1_87' title="bbox 1950 2707 3543 2779; baseline 0.003 -18"><span class='ocrx_word' id='word_1_694' title='bbox 1950 2714 2009 2762; x_wconf 91' lang='lat' dir='ltr'><strong>ut</strong></span> <span class='ocrx_word' id='word_1_695' title='bbox 2056 2707 2291 2761; x_wconf 89' lang='lat' dir='ltr'><strong>omnium</strong></span> <span class='ocrx_word' id='word_1_696' title='bbox 2348 2709 2706 2764; x_wconf 89' lang='lat' dir='ltr'><strong>resistentium</strong></span> <span class='ocrx_word' id='word_1_697' title='bbox 2761 2718 2812 2763; x_wconf 90' lang='lat' dir='ltr'><strong>et</strong></span> <span class='ocrx_word' id='word_1_698' title='bbox 2864 2724 2894 2763; x_wconf 88' lang='lat' dir='ltr'><strong>a</strong></span> <span class='ocrx_word' id='word_1_699' title='bbox 2959 2709 3235 2779; x_wconf 89' lang='lat' dir='ltr'><strong>proposito</strong></span> <span class='ocrx_word' id='word_1_700' title='bbox 3291 2724 3543 2765; x_wconf 85' lang='lat' dir='ltr'><strong>revocare</strong></span> 
     </span>
    </p>
   </div>
   <div class='ocr_carea' id='block_1_88' title="bbox 1949 2798 3542 2869">
    <p class='ocr_par' dir='ltr' id='par_1_88' title="bbox 1949 2798 3542 2869">
     <span class='ocr_line' id='line_1_88' title="bbox 1949 2798 3542 2869; baseline 0.001 -16"><span class='ocrx_word' id='word_1_701' title='bbox 1949 2798 2237 2853; x_wconf 89' lang='lat' dir='ltr'><strong>volentium</strong></span> <span class='ocrx_word' id='word_1_702' title='bbox 2264 2798 2466 2869; x_wconf 87' lang='lat' dir='ltr'><strong>linguas</strong></span> <span class='ocrx_word' id='word_1_703' title='bbox 2493 2807 2802 2853; x_wconf 84' lang='lat' dir='ltr'><strong>contemnas</strong></span> <span class='ocrx_word' id='word_1_704' title='bbox 2826 2840 2841 2865; x_wconf 92' lang='lat'><strong>,</strong></span> <span class='ocrx_word' id='word_1_705' title='bbox 2862 2807 2914 2853; x_wconf 92' lang='lat' dir='ltr'><strong>et</strong></span> <span class='ocrx_word' id='word_1_706' title='bbox 2935 2798 3329 2867; x_wconf 86' lang='lat' dir='ltr'><strong>persecutiones</strong></span> <span class='ocrx_word' id='word_1_707' title='bbox 3354 2814 3542 2855; x_wconf 86' lang='lat' dir='ltr'><strong>eorum</strong></span> 
     </span>
    </p>
   </div>
   <div class='ocr_carea' id='block_1_89' title="bbox 1950 2888 3546 2959">
    <p class='ocr_par' dir='ltr' id='par_1_89' title="bbox 1950 2888 3546 2959">
     <span class='ocr_line' id='line_1_89' title="bbox 1950 2888 3546 2959; baseline 0 -16"><span class='ocrx_word' id='word_1_708' title='bbox 1950 2888 2194 2944; x_wconf 87' lang='lat' dir='ltr'><strong>derideas</strong></span> <span class='ocrx_word' id='word_1_709' title='bbox 2221 2932 2234 2953; x_wconf 92' lang='lat'><strong>,</strong></span> <span class='ocrx_word' id='word_1_710' title='bbox 2264 2888 2447 2944; x_wconf 88' lang='lat' dir='ltr'><strong>dicens</strong></span> <span class='ocrx_word' id='word_1_711' title='bbox 2477 2907 2488 2942; x_wconf 89' lang='lat'><strong>:</strong></span> <span class='ocrx_word' id='word_1_712' title='bbox 2524 2889 2650 2953; x_wconf 83' lang='lat' dir='ltr'><strong>Quis</strong></span> <span class='ocrx_word' id='word_1_713' title='bbox 2675 2906 2753 2943; x_wconf 86' lang='lat' dir='ltr'><strong>me</strong></span> <span class='ocrx_word' id='word_1_714' title='bbox 2776 2890 3024 2959; x_wconf 87' lang='lat' dir='ltr'><strong>separabit</strong></span> <span class='ocrx_word' id='word_1_715' title='bbox 3059 2906 3093 2942; x_wconf 91' lang='lat' dir='ltr'><strong>a</strong></span> <span class='ocrx_word' id='word_1_716' title='bbox 3121 2890 3363 2943; x_wconf 83' lang='lat' dir='ltr'><strong>cltaritate</strong></span> <span class='ocrx_word' id='word_1_717' title='bbox 3391 2889 3546 2945; x_wconf 79' lang='lat' dir='ltr'><strong>Chri-</strong></span> 
     </span>
    </p>
   </div>
   <div class='ocr_carea' id='block_1_90' title="bbox 1949 2976 3541 3049">
    <p class='ocr_par' dir='ltr' id='par_1_90' title="bbox 1949 2976 3541 3049">
     <span class='ocr_line' id='line_1_90' title="bbox 1949 2976 3541 3049; baseline 0.001 -17"><span class='ocrx_word' id='word_1_718' title='bbox 1949 2978 2049 3032; x_wconf 77' lang='lat' dir='ltr'><strong>sti?</strong></span> <span class='ocrx_word' id='word_1_719' title='bbox 2080 2976 2381 3045; x_wconf 87' lang='lat' dir='ltr'><strong>Tribulatio,</strong></span> <span class='ocrx_word' id='word_1_720' title='bbox 2426 2994 2492 3031; x_wconf 88' lang='lat' dir='ltr'><strong>an</strong></span> <span class='ocrx_word' id='word_1_721' title='bbox 2531 2979 2762 3047; x_wconf 84' lang='lat' dir='ltr'><strong>angustia</strong></span> <span class='ocrx_word' id='word_1_722' title='bbox 2785 3019 2801 3044; x_wconf 94' lang='lat'><strong>,</strong></span> <span class='ocrx_word' id='word_1_723' title='bbox 2824 2993 2890 3030; x_wconf 89' lang='lat' dir='ltr'><strong>an</strong></span> <span class='ocrx_word' id='word_1_724' title='bbox 2930 2979 3235 3049; x_wconf 85' lang='lat' dir='ltr'><strong>persecutio,</strong></span> <span class='ocrx_word' id='word_1_725' title='bbox 3257 2995 3325 3033; x_wconf 89' lang='lat' dir='ltr'><strong>an</strong></span> <span class='ocrx_word' id='word_1_726' title='bbox 3360 2980 3541 3049; x_wconf 66' lang='lat' dir='ltr'><strong>(antes,</strong></span> 
     </span>
    </p>
   </div>
   <div class='ocr_carea' id='block_1_91' title="bbox 1950 3067 3540 3139">
    <p class='ocr_par' dir='ltr' id='par_1_91' title="bbox 1950 3067 3540 3139">
     <span class='ocr_line' id='line_1_91' title="bbox 1950 3067 3540 3139; baseline 0.003 -18"><span class='ocrx_word' id='word_1_727' title='bbox 1950 3083 2018 3121; x_wconf 88' lang='lat' dir='ltr'><strong>an</strong></span> <span class='ocrx_word' id='word_1_728' title='bbox 2042 3067 2266 3133; x_wconf 79' lang='lat' dir='ltr'><strong>auditas,</strong></span> <span class='ocrx_word' id='word_1_729' title='bbox 2285 3084 2351 3121; x_wconf 91' lang='lat' dir='ltr'><strong>an</strong></span> <span class='ocrx_word' id='word_1_730' title='bbox 2379 3068 2674 3137; x_wconf 87' lang='lat' dir='ltr'><strong>periculum,</strong></span> <span class='ocrx_word' id='word_1_731' title='bbox 2696 3085 2761 3121; x_wconf 88' lang='lat' dir='ltr'><strong>an</strong></span> <span class='ocrx_word' id='word_1_732' title='bbox 2790 3068 3034 3139; x_wconf 84' lang='lat' dir='ltr'><strong>gladius?</strong></span> <span class='ocrx_word' id='word_1_733' title='bbox 3053 3067 3231 3124; x_wconf 85' lang='lat' dir='ltr'><strong>Certus</strong></span> <span class='ocrx_word' id='word_1_734' title='bbox 3251 3086 3365 3124; x_wconf 85' lang='lat' dir='ltr'><strong>sum</strong></span> <span class='ocrx_word' id='word_1_735' title='bbox 3383 3071 3540 3135; x_wconf 86' lang='lat' dir='ltr'><strong>enim,</strong></span> 
     </span>
    </p>
   </div>
   <div class='ocr_carea' id='block_1_92' title="bbox 1952 3157 3548 3231">
    <p class='ocr_par' dir='ltr' id='par_1_92' title="bbox 1952 3157 3548 3231">
     <span class='ocr_line' id='line_1_92' title="bbox 1952 3157 3548 3231; baseline 0.003 -18"><span class='ocrx_word' id='word_1_736' title='bbox 1952 3157 2143 3228; x_wconf 83' lang='lat' dir='ltr'><strong>inquit,</strong></span> <span class='ocrx_word' id='word_1_737' title='bbox 2167 3158 2287 3228; x_wconf 83' lang='lat' dir='ltr'><strong>quia</strong></span> <span class='ocrx_word' id='word_1_738' title='bbox 2314 3173 2477 3227; x_wconf 82' lang='lat' dir='ltr'><strong>neque</strong></span> <span class='ocrx_word' id='word_1_739' title='bbox 2496 3175 2650 3224; x_wconf 88' lang='lat' dir='ltr'><strong>ntors,</strong></span> <span class='ocrx_word' id='word_1_740' title='bbox 2682 3174 2840 3230; x_wconf 88' lang='lat' dir='ltr'><strong>neque</strong></span> <span class='ocrx_word' id='word_1_741' title='bbox 2863 3159 2984 3225; x_wconf 75' lang='lat' dir='ltr'><strong>vita,</strong></span> <span class='ocrx_word' id='word_1_742' title='bbox 3011 3176 3168 3230; x_wconf 86' lang='lat' dir='ltr'><strong>neque</strong></span> <span class='ocrx_word' id='word_1_743' title='bbox 3193 3161 3422 3231; x_wconf 88' lang='lat' dir='ltr'><strong>angelus.</strong></span> <span class='ocrx_word' id='word_1_744' title='bbox 3453 3178 3548 3217; x_wconf 86' lang='lat' dir='ltr'><strong>ne-</strong></span> 
     </span>
    </p>
   </div>
   <div class='ocr_carea' id='block_1_93' title="bbox 1950 3249 3545 3323">
    <p class='ocr_par' dir='ltr' id='par_1_93' title="bbox 1950 3249 3545 3323">
     <span class='ocr_line' id='line_1_93' title="bbox 1950 3249 3545 3323; baseline 0.003 -20"><span class='ocrx_word' id='word_1_745' title='bbox 1950 3265 2047 3319; x_wconf 86' lang='lat' dir='ltr'><strong>que</strong></span> <span class='ocrx_word' id='word_1_746' title='bbox 2092 3250 2434 3320; x_wconf 87' lang='lat' dir='ltr'><strong>principatus,</strong></span> <span class='ocrx_word' id='word_1_747' title='bbox 2462 3265 2620 3319; x_wconf 84' lang='lat' dir='ltr'><strong>neque</strong></span> <span class='ocrx_word' id='word_1_748' title='bbox 2647 3249 2942 3320; x_wconf 66' lang='lat' dir='ltr'><strong>praesentia,</strong></span> <span class='ocrx_word' id='word_1_749' title='bbox 2968 3267 3125 3321; x_wconf 83' lang='lat' dir='ltr'><strong>neque</strong></span> <span class='ocrx_word' id='word_1_750' title='bbox 3160 3254 3363 3323; x_wconf 77' lang='lat' dir='ltr'><strong>futura,</strong></span> <span class='ocrx_word' id='word_1_751' title='bbox 3388 3269 3545 3323; x_wconf 86' lang='lat' dir='ltr'><strong>neque</strong></span> 
     </span>
    </p>
   </div>
   <div class='ocr_carea' id='block_1_94' title="bbox 1952 3341 3544 3414">
    <p class='ocr_par' dir='ltr' id='par_1_94' title="bbox 1952 3341 3544 3414">
     <span class='ocr_line' id='line_1_94' title="bbox 1952 3341 3544 3414; baseline 0.003 -19"><span class='ocrx_word' id='word_1_752' title='bbox 1952 3341 2130 3408; x_wconf 81' lang='lat' dir='ltr'><strong>uirtus,</strong></span> <span class='ocrx_word' id='word_1_753' title='bbox 2153 3357 2309 3412; x_wconf 87' lang='lat' dir='ltr'><strong>neque</strong></span> <span class='ocrx_word' id='word_1_754' title='bbox 2331 3341 2566 3408; x_wconf 85' lang='lat' dir='ltr'><strong>altitudo,</strong></span> <span class='ocrx_word' id='word_1_755' title='bbox 2599 3358 2757 3413; x_wconf 86' lang='lat' dir='ltr'><strong>neque</strong></span> <span class='ocrx_word' id='word_1_756' title='bbox 2779 3343 3109 3413; x_wconf 79' lang='lat' dir='ltr'><strong>profundum,</strong></span> <span class='ocrx_word' id='word_1_757' title='bbox 3127 3361 3285 3414; x_wconf 86' lang='lat' dir='ltr'><strong>neque</strong></span> <span class='ocrx_word' id='word_1_758' title='bbox 3307 3355 3544 3399; x_wconf 87' lang='lat' dir='ltr'><strong>creatura</strong></span> 
     </span>
    </p>
   </div>
   <div class='ocr_carea' id='block_1_95' title="bbox 1953 3434 3545 3506">
    <p class='ocr_par' dir='ltr' id='par_1_95' title="bbox 1953 3434 3545 3506">
     <span class='ocr_line' id='line_1_95' title="bbox 1953 3434 3545 3506; baseline 0.003 -18"><span class='ocrx_word' id='word_1_759' title='bbox 1953 3435 2059 3488; x_wconf 90' lang='lat' dir='ltr'><strong>alia</strong></span> <span class='ocrx_word' id='word_1_760' title='bbox 2104 3434 2285 3504; x_wconf 89' lang='lat' dir='ltr'><strong>poterit</strong></span> <span class='ocrx_word' id='word_1_761' title='bbox 2326 3450 2419 3489; x_wconf 87' lang='lat' dir='ltr'><strong>nos</strong></span> <span class='ocrx_word' id='word_1_762' title='bbox 2454 3451 2691 3506; x_wconf 87' lang='lat' dir='ltr'><strong>separare</strong></span> <span class='ocrx_word' id='word_1_763' title='bbox 2725 3452 2756 3489; x_wconf 92' lang='lat' dir='ltr'><strong>a</strong></span> <span class='ocrx_word' id='word_1_764' title='bbox 2799 3436 3043 3489; x_wconf 82' lang='lat' dir='ltr'><strong>charitate</strong></span> <span class='ocrx_word' id='word_1_765' title='bbox 3070 3435 3201 3502; x_wconf 87' lang='lat' dir='ltr'><strong>Dei,</strong></span> <span class='ocrx_word' id='word_1_766' title='bbox 3228 3453 3341 3506; x_wconf 69' lang='lat' dir='ltr'><strong>qua:</strong></span> <span class='ocrx_word' id='word_1_767' title='bbox 3367 3446 3441 3492; x_wconf 88' lang='lat' dir='ltr'><strong>est</strong></span> <span class='ocrx_word' id='word_1_768' title='bbox 3488 3439 3545 3493; x_wconf 86' lang='lat' dir='ltr'><strong>in</strong></span> 
     </span>
    </p>
   </div>
   <div class='ocr_carea' id='block_1_96' title="bbox 1956 3523 3539 3599">
    <p class='ocr_par' dir='ltr' id='par_1_96' title="bbox 1956 3523 3539 3599">
     <span class='ocr_line' id='line_1_96' title="bbox 1956 3523 3539 3599; baseline 0.003 -18"><span class='ocrx_word' id='word_1_769' title='bbox 1956 3525 2156 3581; x_wconf 78' lang='lat' dir='ltr'><strong>Christo</strong></span> <span class='ocrx_word' id='word_1_770' title='bbox 2199 3523 2324 3579; x_wconf 70' lang='lat' dir='ltr'><strong>Iesu</strong></span> <span class='ocrx_word' id='word_1_771' title='bbox 2349 3524 2570 3580; x_wconf 86' lang='lat' dir='ltr'><strong>Domino</strong></span> <span class='ocrx_word' id='word_1_772' title='bbox 2597 3535 2769 3580; x_wconf 88' lang='lat' dir='ltr'><strong>nostro</strong></span> <span class='ocrx_word' id='word_1_773' title='bbox 2795 3524 2971 3598; x_wconf 86' lang='lat' dir='ltr'><strong>(Rom.</strong></span> <span class='ocrx_word' id='word_1_774' title='bbox 2993 3542 3084 3581; x_wconf 86' lang='lat' dir='ltr'><strong>vut</strong></span> <span class='ocrx_word' id='word_1_775' title='bbox 3106 3566 3123 3593; x_wconf 97' lang='lat'><strong>,</strong></span> <span class='ocrx_word' id='word_1_776' title='bbox 3146 3528 3215 3583; x_wconf 76' lang='grc'><strong>55</strong></span> <span class='ocrx_word' id='word_1_777' title='bbox 3238 3567 3254 3593; x_wconf 90' lang='grc'><strong><em>,</em></strong></span> <span class='ocrx_word' id='word_1_778' title='bbox 3277 3527 3346 3584; x_wconf 80' lang='grc'><strong>58</strong></span> <span class='ocrx_word' id='word_1_779' title='bbox 3369 3569 3384 3594; x_wconf 90' lang='grc'><em>,</em></span> <span class='ocrx_word' id='word_1_780' title='bbox 3419 3527 3539 3599; x_wconf 79' lang='grc'><strong>59).</strong></span> 
     </span>
    </p>
   </div>
   <div class='ocr_carea' id='block_1_97' title="bbox 1953 3616 3542 3689">
    <p class='ocr_par' dir='ltr' id='par_1_97' title="bbox 1953 3616 3542 3689">
     <span class='ocr_line' id='line_1_97' title="bbox 1953 3616 3542 3689; baseline 0 -14"><span class='ocrx_word' id='word_1_781' title='bbox 1953 3618 2042 3675; x_wconf 89' lang='lat' dir='ltr'><strong>Sic</strong></span> <span class='ocrx_word' id='word_1_782' title='bbox 2088 3616 2400 3673; x_wconf 90' lang='lat' dir='ltr'><strong>ardentibus</strong></span> <span class='ocrx_word' id='word_1_783' title='bbox 2444 3618 2662 3689; x_wconf 86' lang='lat' dir='ltr'><strong>sagittas</strong></span> <span class='ocrx_word' id='word_1_784' title='bbox 2704 3632 2828 3673; x_wconf 90' lang='lat' dir='ltr'><strong>suas</strong></span> <span class='ocrx_word' id='word_1_785' title='bbox 2865 3627 3115 3689; x_wconf 84' lang='lat' dir='ltr'><strong>operatus</strong></span> <span class='ocrx_word' id='word_1_786' title='bbox 3156 3628 3239 3673; x_wconf 92' lang='lat' dir='ltr'><strong>est</strong></span> <span class='ocrx_word' id='word_1_787' title='bbox 3272 3636 3284 3672; x_wconf 94' lang='lat'><strong>:</strong></span> <span class='ocrx_word' id='word_1_788' title='bbox 3316 3633 3441 3674; x_wconf 90' lang='lat' dir='ltr'><strong>nam</strong></span> <span class='ocrx_word' id='word_1_789' title='bbox 3485 3619 3542 3675; x_wconf 92' lang='lat' dir='ltr'><strong>in</strong></span> 
     </span>
    </p>
   </div>
   <div class='ocr_carea' id='block_1_98' title="bbox 1953 3710 3541 3784">
    <p class='ocr_par' dir='ltr' id='par_1_98' title="bbox 1953 3710 3541 3784">
     <span class='ocr_line' id='line_1_98' title="bbox 1953 3710 3541 3784; baseline 0 -17"><span class='ocrx_word' id='word_1_790' title='bbox 1953 3713 2141 3783; x_wconf 67' lang='lat' dir='ltr'><strong>graecis</strong></span> <span class='ocrx_word' id='word_1_791' title='bbox 2187 3712 2578 3784; x_wconf 88' lang='lat' dir='ltr'><strong>exemplaribus</strong></span> <span class='ocrx_word' id='word_1_792' title='bbox 2607 3712 2679 3768; x_wconf 88' lang='lat' dir='ltr'><strong>ita</strong></span> <span class='ocrx_word' id='word_1_793' title='bbox 2704 3711 2970 3767; x_wconf 85' lang='lat' dir='ltr'><strong>invenitur</strong></span> <span class='ocrx_word' id='word_1_794' title='bbox 2992 3752 3006 3777; x_wconf 96' lang='lat'><strong>,</strong></span> <span class='ocrx_word' id='word_1_795' title='bbox 3037 3710 3266 3783; x_wconf 85' lang='lat' dir='ltr'><strong>Sagittas</strong></span> <span class='ocrx_word' id='word_1_796' title='bbox 3301 3729 3419 3767; x_wconf 89' lang='lat' dir='ltr'><strong>suas</strong></span> <span class='ocrx_word' id='word_1_797' title='bbox 3447 3729 3541 3767; x_wconf 82' lang='lat' dir='ltr'><strong>ar-</strong></span> 
     </span>
    </p>
   </div>
   <div class='ocr_carea' id='block_1_99' title="bbox 1954 3805 3544 3878">
    <p class='ocr_par' dir='ltr' id='par_1_99' title="bbox 1954 3805 3544 3878">
     <span class='ocr_line' id='line_1_99' title="bbox 1954 3805 3544 3878; baseline 0.001 -17"><span class='ocrx_word' id='word_1_798' title='bbox 1954 3808 2181 3862; x_wconf 83' lang='lat' dir='ltr'><strong>dentibus</strong></span> <span class='ocrx_word' id='word_1_799' title='bbox 2217 3816 2453 3878; x_wconf 85' lang='lat' dir='ltr'><strong>operatus</strong></span> <span class='ocrx_word' id='word_1_800' title='bbox 2480 3818 2552 3862; x_wconf 89' lang='lat' dir='ltr'><strong>est</strong></span> <span class='ocrx_word' id='word_1_801' title='bbox 2574 3821 2594 3871; x_wconf 89' lang='lat'><strong>;</strong></span> <span class='ocrx_word' id='word_1_802' title='bbox 2616 3806 2775 3861; x_wconf 91' lang='lat' dir='ltr'><strong>latina</strong></span> <span class='ocrx_word' id='word_1_803' title='bbox 2814 3814 2992 3861; x_wconf 90' lang='lat' dir='ltr'><strong>autem</strong></span> <span class='ocrx_word' id='word_1_804' title='bbox 3028 3805 3260 3861; x_wconf 88' lang='lat' dir='ltr'><strong>ardentes</strong></span> <span class='ocrx_word' id='word_1_805' title='bbox 3288 3806 3544 3877; x_wconf 89' lang='lat' dir='ltr'><strong>pleraque</strong></span> 
     </span>
    </p>
   </div>
   <div class='ocr_carea' id='block_1_100' title="bbox 1955 3897 3543 3969">
    <p class='ocr_par' dir='ltr' id='par_1_100' title="bbox 1955 3897 3543 3969">
     <span class='ocr_line' id='line_1_100' title="bbox 1955 3897 3543 3969; baseline 0.002 -16"><span class='ocrx_word' id='word_1_806' title='bbox 1955 3897 2171 3954; x_wconf 86' lang='lat' dir='ltr'><strong>habent.</strong></span> <span class='ocrx_word' id='word_1_807' title='bbox 2204 3898 2309 3954; x_wconf 89' lang='lat' dir='ltr'><strong>Sed</strong></span> <span class='ocrx_word' id='word_1_808' title='bbox 2330 3940 2347 3966; x_wconf 93' lang='lat'><strong>,</strong></span> <span class='ocrx_word' id='word_1_809' title='bbox 2374 3899 2486 3954; x_wconf 88' lang='lat' dir='ltr'><strong>sive</strong></span> <span class='ocrx_word' id='word_1_810' title='bbox 2515 3898 2643 3968; x_wconf 67' lang='lat' dir='ltr'><strong>ipsae</strong></span> <span class='ocrx_word' id='word_1_811' title='bbox 2684 3898 2888 3969; x_wconf 72' lang='lat' dir='ltr'><strong>sagitta:</strong></span> <span class='ocrx_word' id='word_1_812' title='bbox 2929 3897 3189 3964; x_wconf 90' lang='lat' dir='ltr'><strong>ardeant,</strong></span> <span class='ocrx_word' id='word_1_813' title='bbox 3212 3898 3324 3954; x_wconf 91' lang='lat' dir='ltr'><strong>sive</strong></span> <span class='ocrx_word' id='word_1_814' title='bbox 3348 3899 3543 3956; x_wconf 86' lang='lat' dir='ltr'><strong>ardere</strong></span> 
     </span>
    </p>
   </div>
   <div class='ocr_carea' id='block_1_101' title="bbox 1956 3987 3540 4060">
    <p class='ocr_par' dir='ltr' id='par_1_101' title="bbox 1956 3987 3540 4060">
     <span class='ocr_line' id='line_1_101' title="bbox 1956 3987 3540 4060; baseline 0.002 -16"><span class='ocrx_word' id='word_1_815' title='bbox 1956 3987 2171 4055; x_wconf 82' lang='lat' dir='ltr'><strong>faciant,</strong></span> <span class='ocrx_word' id='word_1_816' title='bbox 2196 3989 2337 4060; x_wconf 92' lang='lat' dir='ltr'><strong>quod</strong></span> <span class='ocrx_word' id='word_1_817' title='bbox 2363 3990 2544 4060; x_wconf 88' lang='lat' dir='ltr'><strong>utique</strong></span> <span class='ocrx_word' id='word_1_818' title='bbox 2563 4003 2669 4045; x_wconf 91' lang='lat' dir='ltr'><strong>non</strong></span> <span class='ocrx_word' id='word_1_819' title='bbox 2694 3998 2918 4060; x_wconf 89' lang='lat' dir='ltr'><strong>possunt</strong></span> <span class='ocrx_word' id='word_1_820' title='bbox 2944 3990 3046 4044; x_wconf 91' lang='lat' dir='ltr'><strong>nisi</strong></span> <span class='ocrx_word' id='word_1_821' title='bbox 3066 3998 3122 4046; x_wconf 92' lang='lat' dir='ltr'><strong>et</strong></span> <span class='ocrx_word' id='word_1_822' title='bbox 3145 3991 3273 4059; x_wconf 68' lang='lat' dir='ltr'><strong>ipsa:</strong></span> <span class='ocrx_word' id='word_1_823' title='bbox 3294 3991 3540 4060; x_wconf 89' lang='lat' dir='ltr'><strong>ardeant,</strong></span> 
     </span>
    </p>
   </div>
   <div class='ocr_carea' id='block_1_102' title="bbox 1955 4079 2493 4150">
    <p class='ocr_par' dir='ltr' id='par_1_102' title="bbox 1955 4079 2493 4150">
     <span class='ocr_line' id='line_1_102' title="bbox 1955 4079 2493 4150; baseline -0.002 -15"><span class='ocrx_word' id='word_1_824' title='bbox 1955 4079 2160 4150; x_wconf 85' lang='lat' dir='ltr'><strong>integer</strong></span> <span class='ocrx_word' id='word_1_825' title='bbox 2179 4094 2367 4135; x_wconf 88' lang='lat' dir='ltr'><strong>sensus</strong></span> <span class='ocrx_word' id='word_1_826' title='bbox 2391 4087 2493 4135; x_wconf 89' lang='lat' dir='ltr'><strong>est.</strong></span> 
     </span>
    </p>
   </div>
   <div class='ocr_carea' id='block_1_103' title="bbox 2031 4170 3542 4241">
    <p class='ocr_par' dir='ltr' id='par_1_103' title="bbox 2031 4170 3542 4241">
     <span class='ocr_line' id='line_1_103' title="bbox 2031 4170 3542 4241; baseline 0.003 -16"><span class='ocrx_word' id='word_1_827' title='bbox 2031 4170 2119 4226; x_wconf 81' lang='grc'><strong>15.</strong></span> <span class='ocrx_word' id='word_1_828' title='bbox 2161 4170 2267 4227; x_wconf 89' lang='lat' dir='ltr'><strong>Sed</strong></span> <span class='ocrx_word' id='word_1_829' title='bbox 2296 4170 2418 4241; x_wconf 89' lang='lat' dir='ltr'><strong>quia</strong></span> <span class='ocrx_word' id='word_1_830' title='bbox 2449 4185 2555 4226; x_wconf 91' lang='lat' dir='ltr'><strong>non</strong></span> <span class='ocrx_word' id='word_1_831' title='bbox 2584 4171 2803 4240; x_wconf 87' lang='lat' dir='ltr'><strong>sagittas</strong></span> <span class='ocrx_word' id='word_1_832' title='bbox 2830 4178 3067 4239; x_wconf 89' lang='lat' dir='ltr'><strong>tantum,</strong></span> <span class='ocrx_word' id='word_1_833' title='bbox 3095 4175 3191 4227; x_wconf 88' lang='lat' dir='ltr'><strong>sed</strong></span> <span class='ocrx_word' id='word_1_834' title='bbox 3227 4172 3386 4228; x_wconf 89' lang='lat' dir='ltr'><strong>etiam</strong></span> <span class='ocrx_word' id='word_1_835' title='bbox 3417 4190 3542 4230; x_wconf 87' lang='lat' dir='ltr'><strong>vasa</strong></span> 
     </span>
    </p>
   </div>
   <div class='ocr_carea' id='block_1_104' title="bbox 1954 4261 3539 4336">
    <p class='ocr_par' dir='ltr' id='par_1_104' title="bbox 1954 4261 3539 4336">
     <span class='ocr_line' id='line_1_104' title="bbox 1954 4261 3539 4336; baseline 0.003 -20"><span class='ocrx_word' id='word_1_836' title='bbox 1954 4262 2130 4317; x_wconf 88' lang='lat' dir='ltr'><strong>mortis</strong></span> <span class='ocrx_word' id='word_1_837' title='bbox 2155 4261 2287 4317; x_wconf 85' lang='lat' dir='ltr'><strong>dixit</strong></span> <span class='ocrx_word' id='word_1_838' title='bbox 2314 4263 2365 4317; x_wconf 90' lang='lat' dir='ltr'><strong>in</strong></span> <span class='ocrx_word' id='word_1_839' title='bbox 2410 4277 2539 4317; x_wconf 89' lang='lat' dir='ltr'><strong>arcu</strong></span> <span class='ocrx_word' id='word_1_840' title='bbox 2568 4262 2848 4317; x_wconf 89' lang='lat' dir='ltr'><strong>Dominum</strong></span> <span class='ocrx_word' id='word_1_841' title='bbox 2875 4278 3091 4333; x_wconf 89' lang='lat' dir='ltr'><strong>parasse</strong></span> <span class='ocrx_word' id='word_1_842' title='bbox 3112 4305 3128 4331; x_wconf 95' lang='lat'><strong>,</strong></span> <span class='ocrx_word' id='word_1_843' title='bbox 3154 4265 3319 4334; x_wconf 84' lang='lat' dir='ltr'><strong>quaeri</strong></span> <span class='ocrx_word' id='word_1_844' title='bbox 3359 4274 3539 4336; x_wconf 88' lang='lat' dir='ltr'><strong>potest</strong></span> 
     </span>
    </p>
   </div>
   <div class='ocr_carea' id='block_1_105' title="bbox 1954 4351 3539 4425">
    <p class='ocr_par' dir='ltr' id='par_1_105' title="bbox 1954 4351 3539 4425">
     <span class='ocr_line' id='line_1_105' title="bbox 1954 4351 3539 4425; baseline 0.003 -18"><span class='ocrx_word' id='word_1_845' title='bbox 1954 4367 2073 4424; x_wconf 84' lang='lat' dir='ltr'><strong>quae</strong></span> <span class='ocrx_word' id='word_1_846' title='bbox 2093 4352 2201 4407; x_wconf 89' lang='lat' dir='ltr'><strong>sint</strong></span> <span class='ocrx_word' id='word_1_847' title='bbox 2226 4366 2349 4408; x_wconf 89' lang='lat' dir='ltr'><strong>vasa</strong></span> <span class='ocrx_word' id='word_1_848' title='bbox 2378 4353 2586 4407; x_wconf 90' lang='lat' dir='ltr'><strong>mortis.</strong></span> <span class='ocrx_word' id='word_1_849' title='bbox 2618 4353 2698 4406; x_wconf 85' lang='lat' dir='ltr'><strong>An</strong></span> <span class='ocrx_word' id='word_1_850' title='bbox 2725 4351 2862 4407; x_wconf 87' lang='lat' dir='ltr'><strong>forte</strong></span> <span class='ocrx_word' id='word_1_851' title='bbox 2883 4351 3167 4408; x_wconf 68' lang='lat' dir='ltr'><strong>haeretici?</strong></span> <span class='ocrx_word' id='word_1_852' title='bbox 3191 4352 3323 4409; x_wconf 88' lang='lat' dir='ltr'><strong>Nam</strong></span> <span class='ocrx_word' id='word_1_853' title='bbox 3352 4366 3408 4410; x_wconf 91' lang='lat' dir='ltr'><strong>et</strong></span> <span class='ocrx_word' id='word_1_854' title='bbox 3437 4356 3539 4425; x_wconf 91' lang='lat' dir='ltr'><strong>ipsi</strong></span> 
     </span>
    </p>
   </div>
   <div class='ocr_carea' id='block_1_106' title="bbox 1955 4441 3540 4512">
    <p class='ocr_par' dir='ltr' id='par_1_106' title="bbox 1955 4441 3540 4512">
     <span class='ocr_line' id='line_1_106' title="bbox 1955 4441 3540 4512; baseline 0.002 -14"><span class='ocrx_word' id='word_1_855' title='bbox 1955 4457 2022 4498; x_wconf 87' lang='lat' dir='ltr'><strong>ex</strong></span> <span class='ocrx_word' id='word_1_856' title='bbox 2050 4442 2239 4499; x_wconf 90' lang='lat' dir='ltr'><strong>eodem</strong></span> <span class='ocrx_word' id='word_1_857' title='bbox 2266 4457 2414 4509; x_wconf 90' lang='lat' dir='ltr'><strong>arcu,</strong></span> <span class='ocrx_word' id='word_1_858' title='bbox 2440 4442 2491 4497; x_wconf 93' lang='lat' dir='ltr'><strong>id</strong></span> <span class='ocrx_word' id='word_1_859' title='bbox 2513 4451 2615 4509; x_wconf 89' lang='lat' dir='ltr'><strong>est,</strong></span> <span class='ocrx_word' id='word_1_860' title='bbox 2634 4456 2699 4497; x_wconf 80' lang='lat' dir='ltr'><strong>ex</strong></span> <span class='ocrx_word' id='word_1_861' title='bbox 2724 4441 2925 4497; x_wconf 89' lang='lat' dir='ltr'><strong>eisdem</strong></span> <span class='ocrx_word' id='word_1_862' title='bbox 2949 4442 3235 4512; x_wconf 88' lang='lat' dir='ltr'><strong>Scripturis</strong></span> <span class='ocrx_word' id='word_1_863' title='bbox 3260 4444 3311 4498; x_wconf 94' lang='lat' dir='ltr'><strong>in</strong></span> <span class='ocrx_word' id='word_1_864' title='bbox 3334 4447 3540 4501; x_wconf 88' lang='lat' dir='ltr'><strong>animas</strong></span> 
     </span>
    </p>
   </div>
   <div class='ocr_carea' id='block_1_107' title="bbox 1957 4531 3544 4603">
    <p class='ocr_par' dir='ltr' id='par_1_107' title="bbox 1957 4531 3544 4603">
     <span class='ocr_line' id='line_1_107' title="bbox 1957 4531 3544 4603; baseline 0.001 -15"><span class='ocrx_word' id='word_1_865' title='bbox 1957 4548 2061 4588; x_wconf 92' lang='lat' dir='ltr'><strong>non</strong></span> <span class='ocrx_word' id='word_1_866' title='bbox 2086 4533 2343 4589; x_wconf 88' lang='lat' dir='ltr'><strong>charitate</strong></span> <span class='ocrx_word' id='word_1_867' title='bbox 2370 4531 2807 4599; x_wconf 88' lang='lat' dir='ltr'><strong>inﬂammandas,</strong></span> <span class='ocrx_word' id='word_1_868' title='bbox 2836 4531 2933 4588; x_wconf 89' lang='lat' dir='ltr'><strong>sed</strong></span> <span class='ocrx_word' id='word_1_869' title='bbox 2960 4533 3180 4587; x_wconf 87' lang='lat' dir='ltr'><strong>venenis</strong></span> <span class='ocrx_word' id='word_1_870' title='bbox 3208 4534 3544 4603; x_wconf 89' lang='lat' dir='ltr'><strong>perimendas</strong></span> 
     </span>
    </p>
   </div>
   <div class='ocr_carea' id='block_1_108' title="bbox 1954 4621 3547 4695">
    <p class='ocr_par' dir='ltr' id='par_1_108' title="bbox 1954 4621 3547 4695">
     <span class='ocr_line' id='line_1_108' title="bbox 1954 4621 3547 4695; baseline 0 -15"><span class='ocrx_word' id='word_1_871' title='bbox 1954 4625 2214 4690; x_wconf 88' lang='lat' dir='ltr'><strong>insiliunt,</strong></span> <span class='ocrx_word' id='word_1_872' title='bbox 2238 4622 2381 4694; x_wconf 90' lang='lat' dir='ltr'><strong>quod</strong></span> <span class='ocrx_word' id='word_1_873' title='bbox 2408 4638 2512 4678; x_wconf 90' lang='lat' dir='ltr'><strong>non</strong></span> <span class='ocrx_word' id='word_1_874' title='bbox 2537 4622 2797 4693; x_wconf 87' lang='lat' dir='ltr'><strong>contingit</strong></span> <span class='ocrx_word' id='word_1_875' title='bbox 2816 4621 2917 4678; x_wconf 89' lang='lat' dir='ltr'><strong>nisi</strong></span> <span class='ocrx_word' id='word_1_876' title='bbox 2932 4637 3032 4693; x_wconf 90' lang='lat' dir='ltr'><strong>pro</strong></span> <span class='ocrx_word' id='word_1_877' title='bbox 3045 4624 3269 4678; x_wconf 88' lang='lat' dir='ltr'><strong>meritis.</strong></span> <span class='ocrx_word' id='word_1_878' title='bbox 3294 4625 3547 4695; x_wconf 75' lang='lat' dir='ltr'><strong>Propter—</strong></span> 
     </span>
    </p>
   </div>
   <div class='ocr_carea' id='block_1_109' title="bbox 1954 4714 3541 4785">
    <p class='ocr_par' dir='ltr' id='par_1_109' title="bbox 1954 4714 3541 4785">
     <span class='ocr_line' id='line_1_109' title="bbox 1954 4714 3541 4785; baseline -0.003 -11"><span class='ocrx_word' id='word_1_879' title='bbox 1954 4732 2017 4774; x_wconf 85' lang='lat' dir='ltr'><strong>ea</strong></span> <span class='ocrx_word' id='word_1_880' title='bbox 2052 4716 2245 4773; x_wconf 68' lang='lat' dir='ltr'><strong>divina:</strong></span> <span class='ocrx_word' id='word_1_881' title='bbox 2282 4715 2642 4771; x_wconf 64' lang='lat' dir='ltr'><strong>Providentiae</strong></span> <span class='ocrx_word' id='word_1_882' title='bbox 2665 4714 2825 4770; x_wconf 88' lang='lat' dir='ltr'><strong>etiam</strong></span> <span class='ocrx_word' id='word_1_883' title='bbox 2841 4714 2939 4769; x_wconf 89' lang='lat' dir='ltr'><strong>ista</strong></span> <span class='ocrx_word' id='word_1_884' title='bbox 2959 4714 3238 4785; x_wconf 91' lang='lat' dir='ltr'><strong>dispositio</strong></span> <span class='ocrx_word' id='word_1_885' title='bbox 3264 4718 3541 4772; x_wconf 78' lang='lat' dir='ltr'><strong>tribuenda</strong></span> 
     </span>
    </p>
   </div>
   <div class='ocr_carea' id='block_1_110' title="bbox 1955 4804 3543 4877">
    <p class='ocr_par' dir='ltr' id='par_1_110' title="bbox 1955 4804 3543 4877">
     <span class='ocr_line' id='line_1_110' title="bbox 1955 4804 3543 4877; baseline 0 -14"><span class='ocrx_word' id='word_1_886' title='bbox 1955 4814 2073 4871; x_wconf 87' lang='lat' dir='ltr'><strong>est,</strong></span> <span class='ocrx_word' id='word_1_887' title='bbox 2106 4821 2211 4861; x_wconf 89' lang='lat' dir='ltr'><strong>non</strong></span> <span class='ocrx_word' id='word_1_888' title='bbox 2236 4807 2356 4876; x_wconf 91' lang='lat' dir='ltr'><strong>quia</strong></span> <span class='ocrx_word' id='word_1_889' title='bbox 2385 4805 2497 4876; x_wconf 91' lang='lat' dir='ltr'><strong>ipsa</strong></span> <span class='ocrx_word' id='word_1_890' title='bbox 2528 4813 2833 4875; x_wconf 88' lang='lat' dir='ltr'><strong>peccatores</strong></span> <span class='ocrx_word' id='word_1_891' title='bbox 2861 4804 3016 4871; x_wconf 88' lang='lat' dir='ltr'><strong>facit,</strong></span> <span class='ocrx_word' id='word_1_892' title='bbox 3043 4805 3139 4862; x_wconf 90' lang='lat' dir='ltr'><strong>sed</strong></span> <span class='ocrx_word' id='word_1_893' title='bbox 3165 4808 3284 4876; x_wconf 92' lang='lat' dir='ltr'><strong>quia</strong></span> <span class='ocrx_word' id='word_1_894' title='bbox 3312 4810 3422 4877; x_wconf 86' lang='lat' dir='ltr'><strong>ipsa</strong></span> <span class='ocrx_word' id='word_1_895' title='bbox 3449 4824 3543 4863; x_wconf 78' lang='lat' dir='ltr'><strong>or-</strong></span> 
     </span>
    </p>
   </div>
   <div class='ocr_carea' id='block_1_111' title="bbox 1954 4896 3537 4969">
    <p class='ocr_par' dir='ltr' id='par_1_111' title="bbox 1954 4896 3537 4969">
     <span class='ocr_line' id='line_1_111' title="bbox 1954 4896 3537 4969; baseline 0.001 -16"><span class='ocrx_word' id='word_1_896' title='bbox 1954 4897 2103 4954; x_wconf 88' lang='lat' dir='ltr'><strong>dinat</strong></span> <span class='ocrx_word' id='word_1_897' title='bbox 2124 4913 2246 4952; x_wconf 90' lang='lat' dir='ltr'><strong>cum</strong></span> <span class='ocrx_word' id='word_1_898' title='bbox 2271 4897 2642 4966; x_wconf 89' lang='lat' dir='ltr'><strong>peccaverint:</strong></span> <span class='ocrx_word' id='word_1_899' title='bbox 2674 4896 2816 4951; x_wconf 89' lang='lat' dir='ltr'><strong>malo</strong></span> <span class='ocrx_word' id='word_1_900' title='bbox 2835 4897 2978 4952; x_wconf 91' lang='lat' dir='ltr'><strong>enim</strong></span> <span class='ocrx_word' id='word_1_901' title='bbox 3000 4907 3123 4953; x_wconf 90' lang='lat' dir='ltr'><strong>voto</strong></span> <span class='ocrx_word' id='word_1_902' title='bbox 3150 4913 3244 4968; x_wconf 92' lang='lat' dir='ltr'><strong>per</strong></span> <span class='ocrx_word' id='word_1_903' title='bbox 3259 4914 3537 4969; x_wconf 86' lang='lat' dir='ltr'><strong>peccatum</strong></span> 
     </span>
    </p>
   </div>
   <div class='ocr_carea' id='block_1_112' title="bbox 1954 4986 3543 5061">
    <p class='ocr_par' dir='ltr' id='par_1_112' title="bbox 1954 4986 3543 5061">
     <span class='ocr_line' id='line_1_112' title="bbox 1954 4986 3543 5061; baseline 0.004 -19"><span class='ocrx_word' id='word_1_904' title='bbox 1954 4988 2188 5059; x_wconf 89' lang='lat' dir='ltr'><strong>legentes</strong></span> <span class='ocrx_word' id='word_1_905' title='bbox 2210 5028 2225 5054; x_wconf 84' lang='lat'><strong>,</strong></span> <span class='ocrx_word' id='word_1_906' title='bbox 2248 4988 2385 5042; x_wconf 90' lang='lat' dir='ltr'><strong>male</strong></span> <span class='ocrx_word' id='word_1_907' title='bbox 2413 4994 2671 5058; x_wconf 89' lang='lat' dir='ltr'><strong>coguntur</strong></span> <span class='ocrx_word' id='word_1_908' title='bbox 2696 4986 2991 5059; x_wconf 90' lang='lat' dir='ltr'><strong>intelligere</strong></span> <span class='ocrx_word' id='word_1_909' title='bbox 3012 5028 3027 5053; x_wconf 91' lang='lat'><strong>,</strong></span> <span class='ocrx_word' id='word_1_910' title='bbox 3054 4998 3113 5043; x_wconf 93' lang='lat' dir='ltr'><strong>ut</strong></span> <span class='ocrx_word' id='word_1_911' title='bbox 3146 4990 3255 5058; x_wconf 88' lang='lat' dir='ltr'><strong>ipsa</strong></span> <span class='ocrx_word' id='word_1_912' title='bbox 3286 4991 3355 5046; x_wconf 91' lang='lat' dir='ltr'><strong>sit</strong></span> <span class='ocrx_word' id='word_1_913' title='bbox 3385 5007 3543 5061; x_wconf 66' lang='lat' dir='ltr'><strong>paena</strong></span> 
     </span>
    </p>
   </div>
   <div class='ocr_carea' id='block_1_113' title="bbox 1954 5078 3536 5149">
    <p class='ocr_par' dir='ltr' id='par_1_113' title="bbox 1954 5078 3536 5149">
     <span class='ocr_line' id='line_1_113' title="bbox 1954 5078 3536 5149; baseline 0.004 -18"><span class='ocrx_word' id='word_1_914' title='bbox 1954 5078 2175 5149; x_wconf 88' lang='lat' dir='ltr'><strong>peccati;</strong></span> <span class='ocrx_word' id='word_1_915' title='bbox 2199 5092 2426 5148; x_wconf 89' lang='lat' dir='ltr'><strong>quorum</strong></span> <span class='ocrx_word' id='word_1_916' title='bbox 2445 5085 2625 5133; x_wconf 86' lang='lat' dir='ltr'><strong>tamen</strong></span> <span class='ocrx_word' id='word_1_917' title='bbox 2645 5087 2818 5133; x_wconf 89' lang='lat' dir='ltr'><strong>morte</strong></span> <span class='ocrx_word' id='word_1_918' title='bbox 2838 5078 2931 5133; x_wconf 84' lang='lat' dir='ltr'><strong>lilii</strong></span> <span class='ocrx_word' id='word_1_919' title='bbox 2957 5079 3233 5135; x_wconf 74' lang='lat' dir='ltr'><strong>catholica:</strong></span> <span class='ocrx_word' id='word_1_920' title='bbox 3261 5081 3536 5147; x_wconf 73' lang='lat' dir='ltr'><strong>Ecclesizn,</strong></span> 
     </span>
    </p>
   </div>
   <div class='ocr_carea' id='block_1_114' title="bbox 1956 5169 3543 5242">
    <p class='ocr_par' dir='ltr' id='par_1_114' title="bbox 1956 5169 3543 5242">
     <span class='ocr_line' id='line_1_114' title="bbox 1956 5169 3543 5242; baseline 0.001 -15"><span class='ocrx_word' id='word_1_921' title='bbox 1956 5180 2202 5242; x_wconf 89' lang='lat' dir='ltr'><strong>tanquam</strong></span> <span class='ocrx_word' id='word_1_922' title='bbox 2243 5169 2554 5241; x_wconf 90' lang='lat' dir='ltr'><strong>quibusdam</strong></span> <span class='ocrx_word' id='word_1_923' title='bbox 2583 5170 2785 5241; x_wconf 91' lang='lat' dir='ltr'><strong>spinis,</strong></span> <span class='ocrx_word' id='word_1_924' title='bbox 2815 5185 2847 5225; x_wconf 91' lang='lat' dir='ltr'><strong>a</strong></span> <span class='ocrx_word' id='word_1_925' title='bbox 2892 5185 3083 5227; x_wconf 90' lang='lat' dir='ltr'><strong>somno</strong></span> <span class='ocrx_word' id='word_1_926' title='bbox 3127 5174 3460 5237; x_wconf 85' lang='lat' dir='ltr'><strong>excitantur,</strong></span> <span class='ocrx_word' id='word_1_927' title='bbox 3487 5184 3543 5229; x_wconf 90' lang='lat' dir='ltr'><strong>et</strong></span> 
     </span>
    </p>
   </div>
   <div class='ocr_carea' id='block_1_115' title="bbox 1955 5259 3537 5332">
    <p class='ocr_par' dir='ltr' id='par_1_115' title="bbox 1955 5259 3537 5332">
     <span class='ocr_line' id='line_1_115' title="bbox 1955 5259 3537 5332; baseline 0 -17"><span class='ocrx_word' id='word_1_928' title='bbox 1955 5264 2021 5316; x_wconf 91' lang='lat' dir='ltr'><strong>ad</strong></span> <span class='ocrx_word' id='word_1_929' title='bbox 2049 5260 2445 5331; x_wconf 88' lang='lat' dir='ltr'><strong>intelligentiam</strong></span> <span class='ocrx_word' id='word_1_930' title='bbox 2482 5259 2778 5316; x_wconf 87' lang='lat' dir='ltr'><strong>divinarum</strong></span> <span class='ocrx_word' id='word_1_931' title='bbox 2803 5260 3197 5332; x_wconf 86' lang='lat' dir='ltr'><strong>Scripturarum</strong></span> <span class='ocrx_word' id='word_1_932' title='bbox 3230 5263 3537 5332; x_wconf 78' lang='lat' dir='ltr'><strong>proﬁciunt.</strong></span> 
     </span>
    </p>
   </div>
   <div class='ocr_carea' id='block_1_116' title="bbox 1959 5350 3544 5424">
    <p class='ocr_par' dir='ltr' id='par_1_116' title="bbox 1959 5350 3544 5424">
     <span class='ocr_line' id='line_1_116' title="bbox 1959 5350 3544 5424; baseline 0 -17"><span class='ocrx_word' id='word_1_933' title='bbox 1959 5352 2169 5424; x_wconf 83' lang='lat' dir='ltr'><strong>Oportet</strong></span> <span class='ocrx_word' id='word_1_934' title='bbox 2192 5352 2325 5407; x_wconf 88' lang='lat' dir='ltr'><strong>enim</strong></span> <span class='ocrx_word' id='word_1_935' title='bbox 2346 5360 2394 5406; x_wconf 86' lang='lat' dir='ltr'><strong>et</strong></span> <span class='ocrx_word' id='word_1_936' title='bbox 2419 5350 2632 5407; x_wconf 61' lang='lat' dir='ltr'><strong>hereses</strong></span> <span class='ocrx_word' id='word_1_937' title='bbox 2652 5368 2756 5407; x_wconf 80' lang='lat' dir='ltr'><strong>esse</strong></span> <span class='ocrx_word' id='word_1_938' title='bbox 2777 5393 2793 5420; x_wconf 94' lang='lat'><strong>,</strong></span> <span class='ocrx_word' id='word_1_939' title='bbox 2818 5360 2871 5406; x_wconf 86' lang='lat' dir='ltr'><strong>ut</strong></span> <span class='ocrx_word' id='word_1_940' title='bbox 2899 5352 3095 5422; x_wconf 87' lang='lat' dir='ltr'><strong>probati</strong></span> <span class='ocrx_word' id='word_1_941' title='bbox 3118 5393 3132 5417; x_wconf 93' lang='lat'><strong>,</strong></span> <span class='ocrx_word' id='word_1_942' title='bbox 3156 5353 3345 5423; x_wconf 89' lang='lat' dir='ltr'><strong>inquit,</strong></span> <span class='ocrx_word' id='word_1_943' title='bbox 3373 5355 3544 5407; x_wconf 78' lang='lat' dir='ltr'><strong>mani-</strong></span> 
     </span>
    </p>
   </div>
   <div class='ocr_carea' id='block_1_117' title="bbox 1956 5443 3545 5517">
    <p class='ocr_par' dir='ltr' id='par_1_117' title="bbox 1956 5443 3545 5517">
     <span class='ocr_line' id='line_1_117' title="bbox 1956 5443 3545 5517; baseline 0.002 -18"><span class='ocrx_word' id='word_1_944' title='bbox 1956 5445 2070 5517; x_wconf 79' lang='lat' dir='ltr'><strong>festi</strong></span> <span class='ocrx_word' id='word_1_945' title='bbox 2095 5444 2221 5514; x_wconf 80' lang='lat' dir='ltr'><strong>ﬁant</strong></span> <span class='ocrx_word' id='word_1_946' title='bbox 2247 5446 2377 5499; x_wconf 87' lang='lat' dir='ltr'><strong>inter</strong></span> <span class='ocrx_word' id='word_1_947' title='bbox 2400 5461 2486 5500; x_wconf 80' lang='lat' dir='ltr'><strong>vos</strong></span> <span class='ocrx_word' id='word_1_948' title='bbox 2512 5443 2579 5517; x_wconf 86' lang='lat' dir='ltr'><strong>(l</strong></span> <span class='ocrx_word' id='word_1_949' title='bbox 2608 5445 2726 5500; x_wconf 90' lang='lat' dir='ltr'><strong>Cor.</strong></span> <span class='ocrx_word' id='word_1_950' title='bbox 2755 5460 2811 5500; x_wconf 72' lang='grc' dir='ltr'><strong>ιι</strong></span> <span class='ocrx_word' id='word_1_951' title='bbox 2831 5486 2847 5511; x_wconf 84' lang='grc'><em>,</em></span> <span class='ocrx_word' id='word_1_952' title='bbox 2880 5445 3007 5516; x_wconf 84' lang='lat' dir='ltr'><strong>l9),</strong></span> <span class='ocrx_word' id='word_1_953' title='bbox 3036 5446 3139 5500; x_wconf 90' lang='lat' dir='ltr'><strong>hoc</strong></span> <span class='ocrx_word' id='word_1_954' title='bbox 3168 5454 3250 5501; x_wconf 91' lang='lat' dir='ltr'><strong>est</strong></span> <span class='ocrx_word' id='word_1_955' title='bbox 3274 5445 3413 5502; x_wconf 88' lang='lat' dir='ltr'><strong>inter</strong></span> <span class='ocrx_word' id='word_1_956' title='bbox 3443 5447 3545 5502; x_wconf 86' lang='lat' dir='ltr'><strong>bo-</strong></span> 
     </span>
    </p>
   </div>
   <div class='ocr_carea' id='block_1_118' title="bbox 1956 5536 3539 5601">
    <p class='ocr_par' dir='ltr' id='par_1_118' title="bbox 1956 5536 3539 5601">
     <span class='ocr_line' id='line_1_118' title="bbox 1956 5536 3539 5601; baseline 0.002 -10"><span class='ocrx_word' id='word_1_957' title='bbox 1956 5536 2157 5601; x_wconf 89' lang='lat' dir='ltr'><strong>mines,</strong></span> <span class='ocrx_word' id='word_1_958' title='bbox 2186 5551 2306 5591; x_wconf 90' lang='lat' dir='ltr'><strong>cum</strong></span> <span class='ocrx_word' id='word_1_959' title='bbox 2337 5536 2603 5593; x_wconf 81' lang='lat' dir='ltr'><strong>manifesti</strong></span> <span class='ocrx_word' id='word_1_960' title='bbox 2630 5537 2737 5592; x_wconf 90' lang='lat' dir='ltr'><strong>sint</strong></span> <span class='ocrx_word' id='word_1_961' title='bbox 2762 5537 2893 5592; x_wconf 93' lang='lat' dir='ltr'><strong>Deo.</strong></span> <span class='ocrx_word' id='word_1_962' title='bbox 2917 5537 2997 5591; x_wconf 85' lang='lat' dir='ltr'><strong>An</strong></span> <span class='ocrx_word' id='word_1_963' title='bbox 3030 5536 3167 5592; x_wconf 89' lang='lat' dir='ltr'><strong>forte</strong></span> <span class='ocrx_word' id='word_1_964' title='bbox 3192 5536 3407 5593; x_wconf 88' lang='lat' dir='ltr'><strong>easdem</strong></span> <span class='ocrx_word' id='word_1_965' title='bbox 3448 5552 3539 5594; x_wconf 83' lang='lat' dir='ltr'><strong>sa-</strong></span> 
     </span>
    </p>
   </div>
   <div class='ocr_carea' id='block_1_119' title="bbox 1955 5626 3539 5699">
    <p class='ocr_par' dir='ltr' id='par_1_119' title="bbox 1955 5626 3539 5699">
     <span class='ocr_line' id='line_1_119' title="bbox 1955 5626 3539 5699; baseline 0.001 -17"><span class='ocrx_word' id='word_1_966' title='bbox 1955 5626 2112 5698; x_wconf 88' lang='lat' dir='ltr'><strong>gittas</strong></span> <span class='ocrx_word' id='word_1_967' title='bbox 2129 5635 2185 5685; x_wconf 91' lang='lat' dir='ltr'><strong>et</strong></span> <span class='ocrx_word' id='word_1_968' title='bbox 2202 5641 2328 5685; x_wconf 87' lang='lat' dir='ltr'><strong>vasa</strong></span> <span class='ocrx_word' id='word_1_969' title='bbox 2346 5628 2532 5686; x_wconf 89' lang='lat' dir='ltr'><strong>mortis</strong></span> <span class='ocrx_word' id='word_1_970' title='bbox 2552 5627 2814 5699; x_wconf 87' lang='lat' dir='ltr'><strong>disposuit</strong></span> <span class='ocrx_word' id='word_1_971' title='bbox 2826 5627 2892 5683; x_wconf 92' lang='lat' dir='ltr'><strong>ad</strong></span> <span class='ocrx_word' id='word_1_972' title='bbox 2913 5628 3199 5698; x_wconf 84' lang='lat' dir='ltr'><strong>perniciem</strong></span> <span class='ocrx_word' id='word_1_973' title='bbox 3223 5627 3539 5698; x_wconf 74' lang='lat' dir='ltr'><strong>infidelium,</strong></span> 
     </span>
    </p>
   </div>
   <div class='ocr_carea' id='block_1_120' title="bbox 2023 5826 3543 5889">
    <p class='ocr_par' dir='ltr' id='par_1_120' title="bbox 2023 5826 3543 5889">
     <span class='ocr_line' id='line_1_120' title="bbox 2023 5826 3543 5889; baseline 0.001 -12"><span class='ocrx_word' id='word_1_974' title='bbox 2023 5827 2042 5862; x_wconf 77' lang='grc'>⁸</span> <span class='ocrx_word' id='word_1_975' title='bbox 2065 5832 2239 5889; x_wconf 71' lang='lat' dir='ltr'><strong>Forte,</strong></span> <span class='ocrx_word' id='word_1_976' title='bbox 2262 5826 2405 5879; x_wconf 88' lang='lat' dir='ltr'><strong>mata.</strong></span> <span class='ocrx_word' id='word_1_977' title='bbox 3501 5831 3543 5863; x_wconf 64' lang='grc' dir='ltr'><strong>τί</strong></span> 
     </span>
    </p>
   </div>
   <div class='ocr_carea' id='block_1_121' title="bbox 2866 5912 3535 5991">
    <p class='ocr_par' dir='ltr' id='par_1_121' title="bbox 2866 5912 3535 5991">
     <span class='ocr_line' id='line_1_121' title="bbox 2866 5912 3535 5991; baseline 0 0"><span class='ocrx_word' id='word_1_978' title='bbox 2866 5912 3175 5991; x_wconf 72' lang='grc' dir='ltr'><strong>(Οααενθο)</strong></span> <span class='ocrx_word' id='word_1_979' title='bbox 3532 5916 3535 5917; x_wconf 25' lang='grc' dir='ltr'>ί</span> 
     </span>
    </p>
   </div>
  </div>
