4078 6436
566 1057 571 1076 .‘

601 343 708 428 toi

601 496 658 544 et
700 483 952 541 ardentes
988 477 1074 537 vel
1101 474 1407 534 ardentibus
1435 475 1684 541 operatus
1721 473 1804 522 est
1832 463 1899 519 ad
1923 459 2186 519 exercita-

601 581 801 636 tionem
829 571 1227 631 lidclium?Non
1254 568 1395 624 enim
1424 563 1610 620 falsum
1633 568 1716 618 est
1738 557 1877 630 quod
1903 553 2187 628 Apostolus

603 671 732 727 dicit
766 688 779 725 :
813 668 938 723 Aliis
967 680 1138 720 sumus
1162 661 1286 714 odor
1312 660 1425 713 vita:
1445 658 1495 711 in
1515 657 1687 720 vitam,
1717 653 1834 707 aliis
1859 651 1984 705 odor
2012 646 2188 702 mortis

602 765 656 818 in
685 771 910 822 mortem,
944 769 989 812 et
1013 755 1079 809 ad
1110 755 1215 807 [nec
1244 751 1355 824 quis
1379 750 1587 803 idoneus
1607 745 1670 819 (Il
1697 744 1815 801 Cor.
1846 759 1902 808 ll,
1934 740 2048 811 16)?
2070 738 2185 794 Non

604 869 733 925 ergo
761 851 953 907 mirum
982 849 1027 902 si
1058 845 1218 901 iidem
1245 841 1481 913 Apostoli
1519 849 1572 894 et
1600 853 1727 893 vasa
1765 836 1950 890 mortis
1979 840 2102 888 sunt
2131 829 2182 884 in

598 949 678 1006 eis
706 963 734 1001 a
762 945 951 1016 quibus
976 939 1395 1012 persecutionem
1420 933 1561 1005 passi
1587 938 1730 995 sunt,
1755 939 1806 984 et
1834 929 1999 1000 ignea:
2020 925 2184 996 sagit-

599 1047 666 1092 tae
697 1035 764 1091 ad
792 1029 1168 1091 inﬂammanda
1194 1027 1350 1083 corda
1383 1023 1732 1082 credentium.

562 1110 584 1174 ί
675 1130 762 1184 ιϐ.
803 1126 967 1201 [vers.
1012 1121 1136 1195 15.]
1176 1121 1303 1176 Post
1346 1120 1480 1172 hanc
1518 1125 1693 1171 autem
1734 1109 2184 1182 dispensationem

570 1257 579 1325 i

599 1223 799 1294 justum
832 1219 1011 1274 veniet
1033 1215 1290 1288 judicium
1325 1230 1338 1266 :
1383 1211 1449 1267 de
1478 1225 1582 1279 quo
1610 1209 1681 1264 ita
1707 1207 1853 1274 dicit,
1885 1213 1946 1261 ttt
1987 1204 2180 1260 intelli-

601 1328 789 1386 gamus
819 1311 1100 1380 unicuique
1143 1305 1345 1362 homini
1389 1303 1700 1372 supplicium
1728 1299 1841 1354 ﬁeri
1867 1298 1934 1353 de
1969 1302 2187 1368 peccato

602 1422 722 1470 suo,
754 1413 809 1462 et
837 1403 951 1474 ejus
983 1401 1311 1472 iniquitatem
1343 1399 1395 1450 in
1425 1409 1636 1466 poenam
1678 1390 1951 1456 converti;
1997 1404 2065 1446 ne
2090 1403 2187 1459 pu-

602 1508 777 1555 tentus
821 1497 965 1551 illam
995 1491 1446 1562 tranquillitatem,
1476 1496 1530 1542 et
1559 1484 1824 1540 inell‘abile
1864 1484 2046 1538 lumen
2091 1479 2186 1535 Dei

605 1593 675 1650 de
700 1608 758 1648 se
789 1589 1029 1662 proferre
1053 1586 1196 1641 unde
1224 1593 1436 1654 peccata
1463 1580 1769 1650 puniantur,
1796 1576 1891 1633 sed
1922 1575 2035 1644 ipsa
2067 1587 2189 1643 pec—

604 1693 722 1742 cata
764 1685 842 1738 sic
868 1680 1138 1742 ordinare,
1167 1686 1222 1732 ut
1247 1691 1368 1747 qum
1406 1672 1624 1728 fuerunt
1661 1670 2044 1725 dclectamcnta
2089 1664 2186 1719 ho-

606 1777 738 1832 mini
783 1772 1046 1845 peccanti,
1097 1771 1204 1824 sint
1255 1768 1604 1823 instrumenta
1652 1760 1877 1816 Domino
1928 1755 2184 1826 punienti.

603 1867 756 1933 Ecce,
787 1864 974 1934 inquit,
1011 1861 1271 1933 partui-ivit
1296 1857 1618 1928 injustitiam.
1643 1851 1778 1922 Quid
1823 1851 1966 1907 enim
1999 1863 2189 1906 concc-

604 1967 776 2030 perat,
825 1966 883 2011 ut
929 1954 1241 2026 injustiliam
1303 1946 1630 2022 parturiret?
1691 1943 1948 2011 Concepit,
1994 1939 2188 2011 inquit,

605 2049 828 2104 laborem
860 2045 1008 2120 (Gen.
1041 2061 1121 2111 ιιι,
1150 2043 1263 2111 l7).
1307 2040 1442 2095 llinc
1467 2046 1550 2092 cst
1575 2049 1701 2106 ergo
1729 2032 1876 2098 illud,
1909 2029 1976 2084 In
2023 2030 2190 2083 labore

605 2119 932 2198 manducabis
963 2152 1142 2209 panem
1173 2145 1352 2198 tuum;
1393 2130 1517 2185 hinc
1542 2128 1702 2184 etiam
1740 2124 1888 2187 illud,
1930 2120 2099 2177 Venite
2123 2119 2192 2174 ad

605 2249 705 2298 me,
735 2247 906 2286 omnes
948 2229 1031 2299 qui
1049 2226 1288 2282 laboratis
1318 2233 1363 2278 et
1393 2221 1584 2277 onerati
1630 2219 1769 2275 estis.
1817 2217 2009 2286 Jugum
2061 2213 2192 2267 enim

606 2340 774 2380 meum
802 2323 912 2378 lene
942 2330 1032 2385 est,
1062 2329 1107 2374 et
1127 2336 1252 2373 onus
1276 2333 1443 2370 meum
1473 2315 1576 2369 leue
1608 2311 1818 2384 (Matth.
1850 2324 1924 2375 x1,
1954 2308 2045 2374 28,
2075 2305 2188 2376 50).

605 2417 724 2474 Νοιι
753 2415 898 2472 enim
939 2412 1136 2484 poterit
1175 2411 1326 2466 labor
1365 2408 1524 2474 ﬁniri,
1559 2405 1660 2461 nisi
1689 2406 1789 2459 hoc
1818 2403 2039 2473 quisque
2069 2399 2190 2456 dili-

607 2518 700 2582 gat
727 2507 870 2578 quod
901 2507 1066 2560 invito
1109 2518 1212 2559 non
1245 2502 1413 2572 possit
1436 2499 1656 2556 auferri.
1702 2497 1832 2552 Nam
1872 2510 1990 2552 cum
2021 2509 2081 2548 ea
2108 2492 2190 2548 di-

607 2601 845 2672 liguntur
868 2613 989 2670 quae
1031 2609 1316 2667 possumus
1354 2601 1537 2647 contra
1575 2590 1900 2646 voluntatem
1927 2586 2190 2650 amittere,

607 2705 832 2748 necesse
876 2700 959 2744 est
1000 2697 1057 2744 ut
1093 2703 1193 2759 pro
1239 2685 1322 2740 his
1350 2684 1649 2739 miserrime
1687 2681 2022 2744 laboremus;
2055 2685 2109 2734 ct
2137 2685 2196 2734 ut

609 2784 727 2840 hinc
755 2781 1132 2852 adipiscamur,
1161 2780 1218 2832 in
1260 2775 1519 2846 angustiis
1563 2783 1895 2829 terrenarum
1926 2783 2193 2826 :crnmna-

607 2892 747 2941 rnm,
778 2889 902 2930 cum
925 2872 1025 2927 sibi
1056 2870 1282 2942 quisque
1311 2867 1399 2922 illa
1437 2880 1629 2935 rapere
1657 2872 1710 2920 et
1740 2861 2033 2932 prmvenirc
2056 2860 2192 2918 alte-

605 2983 750 3034 rum,
779 2973 870 3020 ant
895 2972 1222 3030 extorquere
1269 2958 1422 3013 alteri
1454 2957 1618 3026 cupit,
1665 2953 1952 3024 injustitias
1988 2949 2192 3006 machi-

607 3075 820 3118 nenmr.
865 3057 1033 3112 Recte
1061 3069 1190 3124 ergo
1218 3060 1272 3106 et
1314 3065 1536 3121 prorsus
1581 3064 1648 3104 ex
1693 3047 1879 3102 ordine
1917 3043 2198 3115 parturivit

608 3148 945 3220 injustitiam,
980 3146 1069 3215 qui
1099 3143 1346 3210 concepit
1373 3140 1631 3195 laborem.
1662 3137 1814 3192 Parit
1842 3143 2017 3190 autem
2045 3133 2193 3204 quid,

608 3242 715 3298 nisi
762 3237 904 3310 quod
956 3234 1251 3306 parturivit,
1299 3229 1542 3300 quamvis
1590 3244 1697 3283 non
1743 3227 1845 3282 hoc
1892 3225 2198 3297 parturierit

609 3330 755 3403 quod
784 3327 1068 3396 concepit?
1114 3340 1218 3380 non
1246 3321 1388 3378 enim
1428 3321 1532 3376 hoc
1577 3319 1812 3374 nascitur
1841 3317 1982 3388 quod
2020 3315 2198 3374 conci-

608 3423 790 3494 pitur;
833 3417 930 3474 sed
977 3415 1275 3486 concipitur
1301 3426 1507 3478 semen,
1541 3411 1778 3466 nascitur
1813 3408 1956 3479 quod
1996 3406 2196 3462 forma-

611 3523 702 3570 tur
735 3530 802 3569 ex
841 3511 1065 3568 semine.
1117 3508 1293 3564 Labor
1318 3515 1403 3564 est
1440 3506 1597 3577 igitur
1641 3519 1824 3562 semen
1870 3502 2196 3572 iniquitatis;

611 3613 888 3678 peccatum
919 3613 1095 3657 autem
1121 3601 1400 3670 conceptio
1443 3599 1662 3664 laboris,
1703 3597 1754 3651 id
1796 3605 1880 3652 est
1924 3594 2049 3650 illud
2095 3595 2201 3663 pri-

613 3716 765 3757 mum
818 3705 1112 3769 peccatum,
1165 3703 1468 3764 apostatare
1513 3709 1546 3748 a
1597 3691 1706 3748 Deo
1757 3689 1942 3761 (Eccli.
1988 3705 2043 3754 x,
2075 3685 2196 3757 lt):

615 3791 895 3863 parturivit
920 3804 1048 3858 ergo
1087 3786 1396 3856 injustitiam
1436 3785 1524 3856 qui
1555 3783 1800 3853 concepit
1824 3781 2083 3837 laborem.
2132 3777 2202 3833 Et

617 3888 814 3960 peperit
851 3883 1202 3954 iniquitatem:
1231 3880 1500 3949 iniquitas,
1522 3879 1624 3934 hoc
1644 3875 1886 3945 estquod
1909 3873 2198 3943 iniustitia;

615 3978 720 4036 hoc
733 3993 861 4048 ergo
880 3973 1231 4047 peperitquod
1251 3972 1549 4047 parturivit.
1564 3970 1701 4038 Quid
1718 3969 1910 4025 deinde
1929 3965 2203 4039 sequitur?

687 4073 777 4127 17.
818 4067 982 4142 [υενε.
1016 4064 1137 4138 l6.]
1177 4063 1370 4119 Lucum
1395 4063 1591 4134 aperuit
1627 4075 1674 4116 et
1703 4060 1876 4129 effodit
1906 4062 2070 4115 illum.
2103 4059 2207 4114 La-

617 4178 738 4224 eum
769 4160 996 4230 aperire,
1025 4167 1109 4214 est
1153 4157 1203 4211 in
1237 4155 1461 4212 terrenis
1488 4156 1668 4220 rebus,
1715 4153 1766 4207 id
1809 4162 1911 4218 est,
1952 4162 2202 4221 tanquam

622 4256 677 4312 in
719 4264 859 4310 terra
890 4251 1129 4304 fraudem
1162 4264 1370 4317 parare,
1397 4264 1504 4316 quo
1546 4247 1679 4300 alius
1707 4244 1862 4300 cadat
1891 4259 2048 4314 quem
2092 4242 2208 4296 vult

622 4347 869 4416 decipere
912 4344 1181 4412 injustas:
1224 4340 1462 4410 aperitur
1511 4348 1687 4393 autem
1740 4336 1827 4390 hic
1870 4337 2036 4399 lacus,
2084 4349 2208 4389 cum

622 4437 954 4496 consentitur
998 4433 1153 4488 malae
1200 4429 1522 4502 suggestioni
1567 4441 1898 4485 terrenarum
1940 4426 2206 4496 cupiditas

622 4540 771 4594 tum;
801 4528 1050 4584 clloditur
1077 4540 1224 4586 vero,
1254 4539 1376 4578 cum
1426 4532 1543 4592 post
1571 4521 1976 4578 consensionem
2017 4534 2207 4589 Opera-

621 4622 752 4678 tioni
784 4620 983 4676 fraudis
1027 4619 1270 4673 instatur.
1301 4616 1408 4673 Sed
1451 4616 1588 4671 unde
1629 4616 1745 4671 ﬁeri
1793 4624 1986 4686 potest,
2019 4623 2076 4668 ut
2106 4614 2207 4670 ini-

623 4715 800 4785 quitas
827 4713 972 4784 prius
994 4711 1150 4766 ltedat
1176 4709 1446 4765 hominem
1465 4709 1665 4778 justum
1689 4709 1740 4762 in
1763 4723 1921 4778 quem
1945 4707 2204 4776 procedit,

625 4821 784 4878 quam
810 4821 904 4860 eor
947 4805 1203 4874 injustum
1247 4801 1388 4858 unde
1436 4801 1713 4871 procedit?
1756 4800 1938 4870 Itaque
1987 4801 2205 4856 frauda-

623 4904 710 4954 tor
751 4897 1009 4967 pccunite,
1044 4896 1189 4951 verbi
1233 4895 1420 4965 gratia,
1452 4893 1580 4948 dum
1621 4894 1767 4962 cupit
1813 4893 1978 4948 alium
2012 4893 2210 4949 damno

569 4981 575 4999 ’
625 4992 884 5058 lacerare,
916 4991 1030 5061 ipse
1073 4989 1308 5044 avaritim
1352 4988 1574 5043 vulnere
1616 4989 1886 5044 sauciatur
1917 5007 1931 5044 :
1964 4990 2081 5059 quis
2111 5005 2210 5044 au-

627 5088 736 5138 tem
765 5081 848 5137 vel
876 5081 1096 5134 demens
1121 5095 1227 5133 non
1255 5079 1434 5134 videat
1451 5087 1708 5148 quantum
1737 5079 1877 5135 inter
1905 5079 2001 5133 ltos
2023 5080 2204 5146 distet,

624 5189 746 5230 cum
778 5173 867 5228 ille
894 5173 1119 5242 patiatur
1139 5171 1388 5226 damnum
1430 5170 1687 5239 pecunim,
1721 5171 1812 5226 ille
1855 5171 2210 5226 innocentiae?

626 5269 827 5326 Incidet
855 5283 982 5338 ergo
1007 5267 1061 5321 in
1090 5267 1285 5336 foueam
1320 5281 1474 5334 quam
1503 5265 1654 5336 fecit;
1681 5265 1822 5335 quod
1851 5265 1902 5319 in
1929 5265 2033 5320 alio
2070 5267 2211 5336 psal-

627 5377 718 5418 mo
760 5361 990 5416 dicitur:
1022 5357 1350 5429 Cognoscitur
1392 5355 1641 5411 Dominus
1677 5357 1877 5428 judicia
1917 5359 2122 5430 faciens,
2155 5359 2208 5412 in

627 5455 859 5524 operibus
898 5467 1140 5505 manuum
1181 5467 1391 5507 suarum
1435 5450 1821 5522 comprehensus
1862 5461 1937 5505 est
1979 5462 2210 5522 peccator

629 5544 802 5615 (Psal.
836 5561 908 5605 ιιι,
939 5543 1051 5613 l7).

702 5636 788 5690 l8.
832 5635 992 5707 (vers.
1025 5634 1145 5709 l7.]
1185 5635 1506 5690 Connertetur
1533 5634 1674 5690 labor
1694 5638 1802 5708 ejus
1827 5635 1878 5689 in
1904 5643 2053 5703 caput
2076 5636 2206 5704 ejus,

627 5737 674 5780 et
704 5727 939 5798 iniquitas
965 5729 1070 5800 ejus
1112 5730 1163 5782 in
1192 5730 1418 5782 verticem
1457 5729 1567 5799 ejus
1597 5727 1876 5781 descendet.
1919 5727 2034 5781 Non
2067 5727 2208 5780 enim

626 5818 791 5875 voluit
835 5821 945 5891 ipse
993 5831 1263 5894 peccatum
1315 5821 1578 5885 evadere;
1625 5820 1718 5879 sed
1766 5820 1936 5878 factus
1982 5829 2066 5878 est
2107 5822 2208 5880 sub

1841 346 1902 402 ὃ.
1941 333 2309 399 AUGUSTINI
2347 334 2652 397 EPISCOPI

3762 334 3851 402 108

2297 462 2517 525 peccato
2544 462 2794 526 tanquam
2823 467 3031 520 servus,
3053 452 3264 509 dicente
3291 451 3554 507 Domino:
3588 449 3757 508 Omnis
3780 469 3851 523 qui

2297 554 2490 616 peccat,
2521 562 2691 602 senius
2715 555 2785 600 est
2821 544 2997 618 (Joan.
3028 560 3142 613 vnt,
3170 541 3282 615 5i).
3327 541 3436 598 Erit
3462 557 3591 615 ergo
3627 539 3853 613 iniquitas

2295 637 2412 709 ejus
2441 653 2601 708 super
2627 638 2822 710 ipsum,
2847 650 2969 693 cum
2997 639 3110 708 ipse
3153 633 3413 706 iniquitati
3459 651 3570 690 sua:
3605 635 3852 698 subditur:

2294 730 2415 802 quia
2449 747 2555 785 non
2586 731 2756 802 potuit
2799 727 2979 785 dicere
3010 728 3253 796 Domino,
3293 725 3434 798 quod
3477 726 3779 784 innocentes
3809 737 3856 788 et

2296 824 2426 879 recti
2451 821 2666 880 dicunt:
2693 819 2869 879 Gloria
2889 839 3000 877 mea
3024 830 3068 878 et
3088 821 3316 876 exultans
3335 823 3488 891 caput
3511 837 3673 875 meum
3701 815 3852 894 (Psai'.

2300 934 2381 982 ιιι,
2413 917 2493 989 4).
2521 916 2595 972 Ita
2621 933 2749 990 ergo
2775 913 2888 987 ipse
2919 913 3140 972 inferior
3165 915 3286 982 erit,
3316 924 3372 969 ut
3401 912 3517 985 ejus
3543 912 3779 985 iniquitas
3799 913 3858 972 sit

2294 1009 2559 1082 superior,
2592 1020 2646 1066 et
2674 1010 2727 1067 in
2769 1007 2917 1065 illum
2960 1001 3280 1073 descendat;
3322 1005 3444 1080 quia
3475 1015 3660 1080 gravat
3701 1003 3853 1076 illum,

2294 1111 2349 1159 et
2368 1112 2574 1167 onerat,
2595 1111 2645 1156 et
2666 1097 2732 1156 ad
2753 1102 2991 1173 requiem
3012 1109 3318 1156 sanctorum
3340 1091 3583 1154 revelare
3605 1113 3706 1154 non
3727 1095 3854 1156 sinit.

2294 1195 2407 1253 Hoc
2436 1195 2513 1262 ﬁt,
2533 1212 2655 1254 eum
2683 1196 2734 1251 in
2758 1194 2975 1252 homine
2995 1208 3252 1266 perverso
3271 1189 3441 1249 servit
3468 1192 3624 1261 ratio,
3647 1202 3700 1249 et
3716 1189 3857 1249 libido

2294 1288 2619 1344 dominatur.

2367 1382 2454 1438 l9.
2499 1379 2664 1454 [vers.
2708 1380 2830 1454 {8.)
2871 1377 3158 1450 Conﬁtebor
3184 1367 3405 1434 Domino
3440 1375 3714 1434 secundum
3726 1378 3859 1450 justi-

2296 1479 2418 1534 tiam
2466 1479 2598 1545 ejus.
2647 1475 2764 1532 Non
2808 1475 2906 1532 ista
2952 1473 3218 1533 conchsio
3251 1481 3591 1544 peccatorum
3639 1481 3758 1528 est:
3786 1471 3860 1530 ille

2295 1570 2437 1625 enim
2467 1568 2568 1624 hoc
2587 1565 2735 1635 dicit,
2765 1567 2856 1638 qui
2878 1567 3126 1636 superius
3163 1565 3443 1622 verissime
3467 1563 3696 1630 dicebat,
3725 1563 3781 1619 Si
3802 1572 3860 1618 est

2295 1664 2533 1737 iniquitas
2561 1663 2614 1718 in
2643 1663 2875 1718 manibus
2903 1663 3024 1719 meis
3047 1679 3065 1728 ;
3096 1659 3192 1718 sed
3221 1659 3492 1718 confessio
3512 1659 3726 1732 justitite
3757 1659 3857 1727 Dei,

2296 1773 2400 1828 qua
2427 1757 2500 1814 ita
2541 1756 2808 1827 loquimur
2837 1773 2851 1810 :
2884 1754 3044 1820 Vere,
3071 1754 3317 1824 Domine,
3344 1753 3525 1826 justus
3566 1768 3645 1821 es,
3675 1751 3860 1825 quando

2297 1859 2351 1906 et
2374 1851 2543 1921 justos
2575 1849 2935 1922 sicprotegis,
2959 1857 3016 1906 ut
3055 1863 3149 1917 per
3170 1857 3221 1904 te
3258 1847 3432 1918 ipsum
3466 1861 3564 1904 eos
3601 1845 3856 1911 illumines,

2296 1951 2348 1996 et
2377 1950 2684 2012 peccatores
2709 1941 2788 1997 sic
2814 1939 3050 2005 ordinas,
3074 1947 3134 1994 ut
3165 1955 3271 1995 non
3298 1947 3410 2006 tua,
3441 1937 3540 1996 sed
3565 1954 3657 1996 sua
3687 1937 3860 1994 malitia

2296 2033 2604 2105 puniantur.
2672 2034 2774 2090 ista
2818 2032 3086 2092 confessio
3134 2035 3206 2090 ita
3259 2032 3544 2090 Dominum
3591 2029 3780 2100 laudat,
3815 2039 3863 2087 ut

2298 2127 2431 2182 nihil
2477 2127 2683 2198 possint
2713 2127 2998 2198 impiorum
3036 2125 3217 2182 valere
3258 2123 3631 2197 blasphentize,
3658 2121 3744 2196 qui
3781 2137 3859 2178 voc

2297 2219 2466 2275 lentes
2496 2234 2753 2276 excusare
2797 2218 3034 2276 facinora
3061 2231 3178 2284 sua,
3211 2218 3401 2274 nolunt
3443 2231 3556 2273 sua)
3593 2215 3756 2284 culpae
3781 2214 3860 2270 tri-

2299 2311 2465 2369 buere
2493 2310 2635 2381 quod
2670 2318 2910 2382 peccant,
2940 2310 3042 2367 hoc
3071 2317 3177 2378 est,
3205 2308 3395 2365 nolunt
3427 2323 3542 2366 sua:
3586 2307 3749 2378 culpa:
3786 2305 3860 2360 tri-

2299 2405 2465 2462 buere
2496 2406 2707 2478 culpam
2738 2419 2908 2462 suam.
2954 2403 3138 2476 Itaque
3166 2411 3262 2460 aut
3289 2402 3583 2470 fortunam,
3609 2409 3698 2454 aut
3724 2397 3860 2452 fatum

2299 2498 2576 2554 inveniunt
2595 2497 2736 2569 quod
2760 2505 3044 2563 accusent;
3089 2504 3182 2552 aut
3199 2494 3493 2560 diabolum,
3519 2493 3604 2548 cui
3632 2506 3733 2549 non
3753 2504 3859 2546 con-

2299 2592 2500 2648 sentire
2525 2591 2581 2648 in
2613 2600 2875 2662 potestate
2913 2601 3098 2648 nostra
3123 2605 3243 2646 esse
3268 2587 3438 2645 voluit
3467 2586 3557 2657 qui
3598 2600 3691 2640 nos
3727 2582 3859 2644 fecit;

2299 2695 2392 2742 aut
2415 2686 2573 2739 aliam
2598 2693 2846 2740 naturam
2874 2683 3149 2750 inducunt,
3171 2696 3290 2752 quae
3319 2695 3426 2735 non
3454 2679 3526 2734 sit
3551 2693 3613 2734 cx
3643 2677 3762 2738 Deo,
3783 2672 3861 2728 llu-

2299 2785 2543 2834 ctuantes
2577 2775 2760 2832 miseri
2785 2784 2841 2831 et
2881 2782 3144 2841 errantes,
3175 2772 3348 2843 potius
3388 2785 3550 2842 quam
3579 2766 3864 2824 conﬁtentes

2301 2868 2432 2935 Deo,
2465 2876 2523 2923 ut
2541 2868 2620 2924 eis
2649 2867 2908 2938 ignoscat.
2935 2865 3051 2921 Non
3083 2865 3225 2919 enim
3272 2869 3488 2933 oportet
3528 2857 3742 2932 ignosci,
3779 2853 3861 2912 nisi

2300 2958 2502 3014 dicenti
2537 2977 2549 3015 :
2595 2958 2838 3015 Peccavi.
2868 2957 2972 3028 Qui
3011 2971 3138 3026 ergo
3183 2953 3328 3012 videt
3365 2953 3556 3012 merita
3597 2949 3861 3006 animarum

2302 3052 2380 3108 sic
2409 3051 2642 3106 ordinari
2689 3065 2718 3104 a
2750 3050 2881 3114 Deo,
2925 3057 2984 3105 ut
3021 3047 3146 3104 dum
3189 3060 3284 3104 sua
3325 3045 3523 3115 cuique
3571 3043 3859 3100 tribuuntur.

2305 3142 2646 3216 pulchritudo
2684 3141 3046 3198 universitatis
3086 3139 3228 3196 nulla
3257 3154 3326 3198 ex
3368 3146 3524 3209 parte
3558 3136 3790 3200 violetur,
3818 3131 3860 3188 in

2303 3237 2551 3292 omnibus
2581 3235 2763 3292 laudat
2798 3235 2964 3290 Deum
2997 3252 3010 3290 :
3041 3243 3096 3290 et
3139 3233 3238 3290 ista
3268 3241 3350 3289 est
3378 3247 3489 3291 non
3535 3237 3862 3301 peccatorum,

2304 3326 2685 3395 scdjttslorum
2707 3324 2998 3382 confessio.
3043 3323 3160 3378 Non
3204 3323 3346 3378 enim
3391 3330 3727 3392 peccatorum
3752 3331 3861 3376 con-

2305 3417 2469 3474 fessio
2500 3417 2746 3484 est,dum
2773 3416 2903 3473 dicit
2937 3416 3232 3472 Dominus:
3263 3413 3521 3484 Conﬁteor
3554 3414 3660 3480 tibi,
3681 3409 3863 3470 Dontitu

2306 3513 2418 3568 caeli
2459 3520 2506 3566 et
2549 3520 2714 3576 terra,
2761 3510 2881 3582 quia
2917 3508 3223 3564 abscondisti
3261 3507 3368 3562 hac
3409 3525 3444 3562 (ι
3488 3504 3801 3578 sapientibus,
3825 3507 3862 3553 st

2305 3603 2536 3658 reuelasti
2561 3618 2621 3656 ea
2651 3601 2876 3671 paruulis
2907 3599 3119 3670 (Matth.
3151 3615 3221 3662 st,
3245 3598 3360 3670 95).
3392 3597 3524 3658 Item
3554 3599 3606 3654 in
3633 3591 3864 3652 Ecclesia.

2309 3697 2444 3753 stico
2471 3696 2668 3752 dicitur
2695 3713 2708 3747 :
2744 3693 3068 3762 Conﬁtemini
3095 3692 3314 3747 Domino
3331 3694 3390 3746 in
3413 3691 3641 3747 omnibus
3663 3686 3864 3754 operibus

2311 3792 2441 3862 ejus.
2472 3789 2536 3843 Et
2576 3789 2682 3843 [nec
2711 3787 2886 3841 dicetis
2909 3788 2964 3841 in
2999 3787 3330 3857 confessione,
3355 3801 3512 3855 Opera
3543 3782 3741 3840 Domini
3772 3777 3865 3834 ’sni-

2309 3896 2451 3935 uersa
2493 3881 2764 3951 quoniam‘
2809 3879 2940 3933 bona
2986 3878 3132 3932 ualde
3183 3876 3372 3944 (Eccli.
3429 3893 3630 3942 xxxu,
3679 3868 3862 3937 lli-il).

2310 3971 2462 4038 Quod
2491 3972 2542 4025 in
2575 3972 2677 4025 isto
2718 3971 2925 4040 psalmo
2965 3968 3187 4037 intelligi
3233 3978 3426 4038 potest,
3459 3971 3505 4024 si
3549 3968 3760 4038 quisque
3797 3960 3865 4031 pia

2310 4072 2512 4127 mente,
2541 4061 2770 4118 Domino
2808 4060 3115 4130 adjuvante,
3149 4059 3441 4130 distinguat
3476 4061 3614 4116 inter
3634 4058 3866 4127 iustorum

2311 4155 2531 4225 praemia
2565 4161 2620 4208 et
2649 4153 2907 4222 supplicia
2950 4160 3308 4222 peccatorum,
3339 4149 3775 4222 quernadmadnm
3801 4142 3868 4197 bls

2313 4247 2524 4306 duobus
2548 4246 2794 4318 universa
2834 4255 3098 4310 creatura.
3126 4261 3284 4316 quam
3315 4245 3458 4303 Deus
3483 4260 3512 4300 a
3548 4260 3607 4303 se
3632 4239 3864 4299 conditam

2314 4339 2472 4409 regit,
2515 4338 2736 4396 miriﬁca
2765 4347 2819 4393 et
2856 4339 3037 4408 paucis
3074 4339 3286 4410 cognita
3321 4337 3707 4408 pulchritudine
3728 4332 3867 4388 deco-

2315 4439 2481 4486 ratur.
2513 4431 2587 4485 lta
2614 4445 2741 4501 ergo
2765 4432 2859 4496 ait,
2889 4430 3175 4500 Conﬁtebor
3202 4431 3423 4487 Domino
3445 4430 3715 4488 secundum
3739 4422 3868 4498 justi-

2315 4522 2438 4577 tiam
2467 4524 2596 4592 ejus,
2619 4532 2864 4593 tanquam
2893 4523 2980 4578 ille
2999 4523 3088 4594 qui
3111 4523 3304 4580 viderit
3329 4540 3436 4580 non
3464 4527 3628 4580 factas
3653 4517 3867 4576 tenebras

2316 4631 2347 4671 a
2379 4616 2511 4683 Deo,
2545 4616 2637 4670 sed
2665 4616 2936 4670 ordinatas
2965 4626 3162 4673 tamen.
3206 4617 3346 4674 Deus
3373 4618 3519 4675 enim
3559 4615 3727 4672 dixit:
3770 4606 3867 4663 Fiat

2319 4711 2428 4777 lux,
2457 4719 2501 4763 et
2532 4713 2667 4780 facta
2687 4720 2756 4765 est
2787 4710 2876 4764 tua:
2899 4708 3054 4781 (Gen.
3090 4726 3128 4775 ι,
3155 4709 3232 4781 ὅ).
3268 4709 3383 4765 Νοιι
3425 4711 3600 4767 dixit:
3633 4706 3775 4762 Fiant
3801 4711 3866 4752 te.

2319 4804 2524 4869 nehrm,
2556 4811 2610 4858 et
2640 4803 2794 4858 factae
2819 4810 2943 4857 sunt
2975 4803 3241 4868 tenebrae;
3283 4813 3337 4858 et
3365 4813 3540 4859 tamen
3569 4802 3708 4869 ipsas
3743 4790 3866 4849 ordi-

2317 4897 2483 4953 navit.
2517 4896 2582 4950 Et
2618 4896 2739 4951 ideo
2763 4895 2956 4952 dicitur
2985 4913 2998 4948 :
3029 4894 3211 4951 Divisit
3236 4895 3374 4950 Dens
3399 4897 3530 4951 inter
3554 4893 3708 4948 lucem
3738 4893 3782 4940 et
3807 4893 3868 4934 te-

2319 4991 2518 5055 nebras,
2550 4999 2596 5043 et
2621 4990 2813 5044 uocauit
2843 4988 2983 5044 Deus
3011 4989 3173 5043 lucem
3209 4990 3358 5053 diem,
3384 5000 3430 5044 et
3457 4988 3677 5044 tenebras
3702 4973 3866 5035 vocarit

2318 5091 2514 5138 noctem
2548 5081 2730 5152 (lbid.,
2765 5083 2816 5147 4,
2848 5080 2926 5152 5).
2956 5081 3059 5136 Ista
3086 5080 3355 5137 distinctio
3380 5101 3391 5136 :
3420 5079 3562 5136 aliud
3586 5078 3865 5138 fecit,etor-

2318 5172 2552 5237 dinavit;
2582 5171 2722 5226 aliud
2748 5180 2924 5226 autem
2966 5185 3070 5227 non
3098 5170 3242 5238 fecit,
3273 5172 3367 5227 sed
3399 5181 3573 5227 tamen
3599 5169 3748 5224 etiam
3782 5159 3865 5212 Ιιοο

2321 5265 2606 5322 ordinavit.
2637 5264 2753 5320 Jam
2796 5281 2924 5319 vero
2970 5264 3204 5320 tenebris
3253 5265 3535 5336 significari
3583 5254 3863 5333 peccata.“

2320 5358 2374 5413 in
2408 5356 2663 5427 propheta
2692 5356 2976 5419 invenitur,
3001 5356 3089 5425 qui
3114 5355 3269 5422 dixit,
3302 5357 3367 5412 Et
3395 5357 3606 5412 tenebrat
3637 5363 3730 5406 tutu
3766 5353 3861 5397 ωη-

2319 5465 2470 5518 quant
2500 5448 2731 5501 meridies
2771 5456 2914 5501 erunt
2954 5445 3105 5519 (lsai.
3149 5463 3292 5514 LVIII,
3335 5449 3443 5516 l0),
3474 5456 3528 5502 et
3569 5445 3618 5499 in
3655 5429 3861 5510 aposmlo

2321 5543 2555 5608 dicente,
2575 5542 2680 5607 Qui
2700 5541 2807 5596 odit
2832 5543 3038 5614 fratrem
3069 5553 3237 5605 suum,
3260 5542 3312 5594 in
3339 5538 3547 5598 tenebris
3571 5544 3640 5591 est
3667 5525 3856 5602 (Homi-

2322 5651 2380 5703 ιι,
2415 5634 2525 5704 Η),
2563 5645 2614 5688 et
2643 5631 2767 5688 illud
2800 5634 3064 5705 praecipue
3094 5652 3108 5689 :
3135 5632 3446 5704 Abjiciamus
3486 5644 3633 5702 opera
3671 5616 3860 5676 Μ’

2383 5776 2399 5807 ι
2422 5771 2942 5847 Ρηιξιὶοιιιριηᾳιιριιὶαηιη
2959 5772 3020 5820 ab
3045 5771 3190 5847 editis
3207 5772 3534 5847 ιικδςξξ-ειι
3554 5761 3761 5830 νάεωὸ
3787 5739 3856 5800 κδ

2317 5839 2564 5901 reperitur
2582 5836 2656 5887 hic
2677 5833 2728 5886 in
2742 5841 2848 5886 Mss.
2875 5841 3067 5899 estque,
3093 5833 3177 5900 oti,
3193 5833 3320 5900 apud
3336 5839 3466 5890 ωαι
