4078 6456
209 384 294 441 109

203 515 315 565 rum,
355 495 687 550 etinduamur
729 506 872 544 arma
920 485 1045 543 lucis
1092 481 1268 557 (Rom.
1323 499 1435 546 xm,
1470 479 1584 548 12).
1631 477 1747 532 Non

202 590 320 661 quod
359 588 524 656 aliqua
551 585 618 639 sit
646 591 835 637 natura
861 578 1206 635 tenebrarum
1235 593 1248 630 :
1281 576 1454 630 omnis
1483 573 1625 626 enim
1656 584 1750 624 na-

200 693 298 736 tura
319 680 366 733 in
390 687 639 749 quantum
668 683 854 729 natura
875 681 978 738 est,
999 686 1120 728 esse
1143 669 1377 740 cogitur;
1406 680 1526 722 esse
1545 675 1745 730 autem,

197 772 250 828 ad
277 771 438 825 lucem
478 767 741 838 pertinet;
776 780 879 819 non
919 777 1060 829 esse,
1089 761 1155 816 ad
1189 761 1459 816 tenebras.
1494 757 1594 825 Qui
1622 770 1753 826 ergo

165 914 167 917 .
197 862 370 918 deserit
393 875 512 914 eum
541 873 569 911 a
595 872 703 927 quo
731 854 902 912 factus
926 861 1030 920 est,
1047 861 1102 909 et
1129 852 1414 909 inclinatur
1444 850 1497 904 in
1528 848 1581 904 id
1609 847 1750 902 unde

198 956 341 1010 lactus
369 959 468 1016 cst,
499 948 551 1005 id
594 959 676 1004 est
717 949 772 1003 in
814 946 1059 1011 nihilum,
1089 945 1144 1000 in
1189 945 1292 998 hoc
1331 950 1554 1014 peccato
1596 948 1748 994 tene-

205 1047 396 1108 bratur;
435 1050 491 1098 et
525 1051 704 1096 tamen
735 1056 843 1094 non
884 1041 1098 1112 penitus
1139 1036 1296 1108 perit,
1330 1034 1423 1090 sed
1463 1034 1516 1089 in
1559 1031 1754 1087 inlimis

203 1135 468 1192 ordinatur.
508 1132 690 1202 Itaque
714 1139 994 1202 postquam
1023 1128 1175 1194 dixit,
1201 1126 1486 1196 Con/Rebar
1515 1123 1752 1187 Domino,

205 1241 260 1282 ne
294 1233 620 1296 peccatorum
648 1219 1036 1276 confessionem
1080 1217 1516 1287 intelligeremus,
1547 1213 1760 1282 subjicit

204 1317 444 1374 ultimum:
467 1313 530 1368 Et
553 1313 772 1384 psallam
798 1311 992 1366 nomini
1014 1308 1220 1364 Domini
1241 1307 1495 1362 altissimi.
1521 1304 1755 1360 Psallere

205 1421 357 1465 autem
400 1407 464 1462 ad
492 1407 745 1478 gaudium
783 1405 1032 1476 pertinet,
1063 1403 1375 1474 poenitentia
1414 1415 1539 1456 vero
1571 1414 1758 1471 pecca-

205 1511 375 1566 torum,
420 1498 485 1552 ad
523 1497 818 1552 tristitiam.

259 1591 344 1648 20.
381 1588 559 1645 Potest
587 1590 688 1643 iste
733 1588 969 1659 psalmus
1009 1584 1168 1641 etiam
1213 1583 1268 1638 in
1306 1597 1535 1654 persona
1572 1579 1756 1635 Domi-

207 1683 295 1738 nici
319 1680 546 1737 hominis
577 1679 840 1749 intelligi;
885 1679 928 1732 si
959 1677 1120 1732 modo
1144 1690 1204 1731 ea
1235 1691 1354 1746 qua:
1383 1675 1454 1729 ibi
1492 1671 1762 1727 humiliter

204 1776 323 1832 dicta
341 1783 478 1840 sunt,
497 1773 562 1829 ad
591 1784 827 1828 nostram
850 1771 1212 1826 inﬁrmitatem
1239 1767 1560 1836 referantur,
1591 1781 1746 1838 quam

205 1867 286 1923 ille
309 1866 563 1937 gestabat.

615 2069 696 2132 IN
737 2067 1118 2131 PSALMUM
1159 2066 1304 2130 VIII

745 2189 1166 2248 ENARRATIO.

254 2304 318 2362 In
341 2306 487 2377 ﬁnem
515 2321 610 2375 pro
641 2295 1001 2370 torctilaribus,
1031 2301 1273 2358 Ptol-mus
1297 2302 1397 2374 ipsi
1421 2301 1590 2357 David
1612 2301 1712 2376 (a).

268 2420 318 2474 I.
360 2415 516 2491 [vers.
561 2414 650 2490 1.]
702 2414 839 2470 Nihil
880 2414 947 2470 de
987 2414 1341 2470 torcularibus
1380 2415 1434 2469 in
1467 2422 1610 2469 textu
1654 2413 1770 2484 ejus

203 2510 404 2581 psalmi,
426 2509 577 2578 cujus
615 2509 715 2564 istc
754 2507 935 2563 titulus
962 2518 1065 2576 est,
1099 2508 1276 2563 dicere
1314 2507 1541 2563 videtur.
1579 2506 1636 2561 In
1667 2523 1772 2578 quo

206 2608 409 2669 apparet
446 2599 626 2654 multis
668 2607 720 2653 et
763 2599 924 2655 variis
954 2598 1388 2654 similitudinibus
1439 2614 1597 2654 unam
1626 2613 1773 2655 eam-

204 2691 417 2763 demque
442 2708 556 2748 rem
575 2692 632 2746 in
662 2690 954 2761 Scripturis
983 2707 1126 2762 stepe
1155 2691 1432 2747 insinuari.
1465 2691 1773 2746 Torcularia

202 2796 316 2854 ergo
368 2799 647 2854 possumus
692 2785 933 2854 accipere
985 2783 1286 2850 Ecclesias,
1332 2782 1518 2838 eadem
1565 2784 1773 2840 ratione

203 2889 298 2944 qua
332 2884 389 2930 et
428 2891 608 2931 aream
653 2875 1000 2946 intelligimus
1037 2875 1350 2930 Ecclesiam.
1394 2874 1528 2940 Quia
1567 2874 1679 2929 sive
1719 2874 1772 2929 in

205 2980 341 3034 area,
389 2968 496 3024 sive
542 2969 596 3023 in
641 2969 925 3036 torculari,
974 2967 1110 3022 nihil
1155 2967 1299 3023 aliud
1337 2969 1529 3040 agitur,
1573 2968 1676 3023 nisi
1719 2975 1777 3024 ut

202 3055 396 3114 fructus
419 3059 487 3115 ab
529 3060 908 3131 integumentis
952 3070 1265 3132 purgentur,
1318 3077 1435 3133 quae
1476 3061 1775 3116 necessaria

203 3160 344 3208 erant
385 3161 524 3208 etut
572 3161 920 3210 nascerentur
967 3162 1021 3209 Cl
1070 3161 1126 3208 ιιῑ
1168 3162 1487 3219 θνρεοειοιιι,
1518 3162 1680 3224 atque
1709 3153 1777 3210 ad

203 3244 553 3299 maturitatem
594 3245 678 3300 vel
721 3245 912 3300 messis
958 3244 1042 3301 vel
1087 3245 1367 3300 vindemia:
1417 3247 1772 3315 pervenirent.

199 3331 287 3389 Bis
311 3351 440 3408 ergo
478 3336 563 3392 vel
594 3335 974 3405 integumentis
1025 3337 1108 3392 vel
1155 3338 1548 3405 sustentaculis,
1596 3337 1646 3392 id
1697 3346 1780 3392 est

201 3425 357 3494 paleis
401 3428 456 3482 in
486 3443 610 3481 arca
639 3426 929 3495 frumenta,
974 3436 1027 3482 ct
1073 3428 1293 3482 vinaciis
1322 3428 1375 3482 in
1421 3428 1775 3484 torcularibus

203 3517 312 3573 vina
339 3530 650 3575 exuuntur:
695 3519 834 3574 sicut
861 3520 912 3574 in
952 3517 1206 3574 Ecclesiis
1242 3535 1272 3574 a
1312 3519 1648 3576 multitudine
1677 3536 1779 3576 sa:-

205 3609 453 3667 cnlarium
483 3611 783 3680 hominutn,
805 3627 924 3682 qua:
966 3611 1124 3668 simul
1161 3628 1284 3668 cum
1311 3613 1465 3669 bonis
1490 3629 1779 3685 congrega-

205 3706 302 3767 tur,
334 3701 527 3772 quibus
557 3711 616 3757 nt
644 3713 990 3757 nascerentur
1025 3711 1080 3758 et
1120 3703 1225 3774 apti
1259 3707 1448 3760 tierent
1490 3706 1654 3760 verbo
1696 3705 1778 3760 di-

199 3791 335 3857 vino,
362 3795 667 3850 necessaria
690 3803 806 3850 erat
835 3795 924 3850 illa
957 3795 1260 3863 multitudo,
1290 3796 1343 3850 id
1372 3797 1565 3868 agitur,
1590 3805 1647 3852 ut
1671 3798 1781 3868 Spi-

199 3881 368 3938 rituali
405 3901 593 3941 amore
635 3901 731 3956 per
767 3877 1129 3956 operationem
1177 3887 1539 3944 ministrorum
1568 3889 1660 3944 Dei
1691 3906 1779 3945 se-

201 3986 469 4044 parentur.
501 3978 689 4049 Agitur
715 3979 855 4034 enim
887 3993 1047 4044 nunc,
1081 3988 1138 4034 ut
1167 3996 1270 4034 non
1300 3981 1438 4047 loco,
1467 3980 1561 4036 sed
1587 3980 1780 4038 aﬁ'ectu

201 4063 406 4124 interim
455 4079 769 4141 separentur
807 4069 932 4126 boni
975 4086 1006 4126 a
1045 4070 1200 4126 malis
1227 4090 1241 4126 :
1273 4071 1511 4142 quamvis
1541 4073 1700 4128 simul
1726 4075 1782 4138 in

203 4155 472 4228 Ecclesiis,
505 4173 761 4232 quantum
813 4163 1002 4218 attinet
1049 4163 1112 4220 ad
1160 4164 1490 4236 corporalem
1539 4180 1778 4234 praesen-

201 4252 338 4321 tiam,
381 4267 792 4312 conversentur.
838 4255 996 4311 Aliud
1043 4267 1216 4313 autem
1267 4259 1369 4314 erit
1418 4267 1645 4330 tempus,
1675 4274 1780 4328 quo

203 4344 277 4398 vel
306 4344 572 4402 frumenta
601 4348 652 4402 in
700 4348 911 4413 horrea,
936 4348 1017 4403 vel
1052 4350 1171 4403 vina
1200 4349 1249 4404 in
1293 4344 1455 4405 cellas
1500 4366 1783 4421 segregen-

205 4442 303 4490 tur.
338 4436 642 4503 Frumenta,
675 4438 864 4508 inquit,
894 4441 1122 4494 reconde!
1151 4441 1204 4496 in
1250 4440 1461 4508 horreis,
1488 4441 1657 4510 paleas
1683 4458 1780 4493 au-

205 4533 294 4579 tem
325 4530 579 4584 comburat
604 4531 707 4602 igni
729 4531 1122 4602 inexstinguibili
1149 4530 1298 4602 (Luc.
1326 4549 1403 4600 Ill,
1438 4533 1548 4602 I7).
1579 4533 1780 4590 Eadem

205 4631 285 4673 res
306 4621 363 4684 in
390 4622 495 4677 alia
526 4623 873 4678 similitudine
911 4623 989 4678 sic
1028 4625 1245 4695 intelligi
1288 4635 1495 4696 potest:
1532 4627 1663 4681 Vina
1695 4643 1780 4683 re-

206 4713 389 4769 condet
412 4715 467 4770 in
497 4715 792 4784 apothecis,
813 4715 1015 4770 vinacia
1045 4732 1170 4771 vero
1196 4719 1476 4788 pecoribus
1506 4719 1779 4790 projiciet:

204 4807 258 4854 ut
283 4814 499 4860 ventres
527 4821 777 4875 pecorum
802 4821 897 4876 pro
925 4805 1096 4877 pinnis
1123 4807 1487 4880 gehennarum
1513 4828 1612 4884 per
1637 4814 1784 4870 simi-

209 4889 480 4950 litudinem
508 4897 805 4969 intelligere
832 4897 1010 4954 liceat.

269 4983 322 5039 2.
357 4987 454 5043 Est
477 4987 618 5044 alius
645 4987 942 5045 intellectus
962 4991 1029 5048 de
1062 4991 1432 5063 torcularibus,
1451 4994 1577 5052 dum
1607 5005 1783 5055 tamen

205 5076 268 5133 ab
305 5079 669 5138 Ecclesiarum
713 5083 1098 5155 signiﬁcatione
1150 5103 1257 5142 non
1301 5088 1601 5145 recedatur.
1649 5091 1783 5148 Nam

206 5181 254 5227 et
283 5173 521 5231 Verbum
557 5176 792 5232 divinum
836 5185 1014 5250 potest
1059 5193 1160 5234 uva
1203 5179 1427 5252 intelligi
1458 5200 1470 5235 :
1502 5181 1674 5239 dictus
1701 5191 1785 5240 est

206 5265 339 5321 enim
382 5276 439 5324 et
485 5267 745 5324 Dominus
784 5269 972 5325 botrus
1014 5286 1146 5338 uvae,
1189 5287 1346 5343 quem
1374 5273 1516 5343 ligno
1563 5290 1786 5345 suspen-

206 5369 348 5426 snm,
389 5360 460 5417 de
517 5371 656 5417 terra
708 5362 1096 5432 promissionis,
1125 5364 1211 5434 qui
1258 5367 1519 5436 praemissi
1557 5379 1709 5424 erant
1753 5385 1784 5425 a

208 5451 399 5519 populo
427 5450 614 5518 Israel,
649 5463 899 5525 tanquam
925 5455 1238 5514 cruciﬁxum
1281 5460 1570 5518 attulerunt
1595 5460 1782 5532 (Num.

210 5556 322 5609 ιιιι,
351 5545 470 5618 24).
508 5546 738 5603 Verbum
769 5549 944 5620 itaque
969 5549 1226 5620 divinum,
1257 5567 1376 5608 cum
1405 5555 1788 5612 enuntiationis

213 5635 531 5694 necessitate
566 5649 786 5712 usurpat
810 5641 954 5698 vocis
983 5656 1195 5713 sonum,
1225 5660 1329 5716 quo
1366 5646 1421 5703 in
1443 5663 1618 5723 aures
1657 5664 1786 5720 per-

201 5808 330 5935 wgtl)
364 5819 436 5865 De
463 5813 601 5868 hocl
635 5831 762 5868 vers.
798 5819 996 5872 consule
1021 5826 1154 5873 Enar.
1185 5824 1231 5873 in
1265 5824 1384 5877 Psal.
1422 5840 1630 5892 Lxsxtn,
1672 5845 1716 5881 ιι.
1760 5833 1779 5884 l

1062 6011 1117 6033 ._,

1297 359 1686 421 ENAIIRATIO
1727 356 1790 412 IN
1831 358 2156 414 PSAIAIUII
2207 357 2333 414 VIII.

3339 362 3438 419 I10

1857 475 2080 529 vehatur
2119 475 2462 540 audientium,
2491 474 2676 530 eodem
2716 489 2849 530 sono
2893 475 3040 530 vocis
3079 484 3323 539 tanquam
3353 481 3435 533 vi-

1855 569 2042 635 naciis,
2088 569 2387 624 intellectus
2416 578 2662 640 tanquam
2698 569 2875 623 vinum
2916 570 3205 625 includitur
3235 590 3246 625 :
3281 580 3333 626 ct
3361 574 3436 627 sic

1854 679 1955 719 uva
2002 663 2101 717 ista
2136 663 2186 718 in
2216 678 2374 718 aures
2401 663 2566 730 venit,
2594 663 2745 733 quasi
2786 660 2838 717 in
2885 663 3163 718 calcatorio
3206 665 3439 720 torcula-

1855 756 2055 810 riorum
2073 756 2110 808 ¹.
2135 755 2209 811 Ibi
2237 755 2377 810 enim
2405 754 2746 824 discernitur,
2770 762 2827 809 ut
2855 770 3018 810 sonus
3043 770 3212 824 usque
3243 754 3310 809 ad
3347 771 3443 810 au.

1858 863 1944 903 res
1989 847 2195 913 valeat;
2237 846 2537 904 intellectus
2580 853 2757 901 autem
2805 847 3062 904 memoria
3117 862 3303 902 eorum
3355 848 3446 918 qui

1858 940 2101 1008 audiunt,
2129 940 2276 996 velut
2302 938 2531 1010 quodam
2558 939 2676 996 lacu
2699 939 3012 1010 excipiatur,
3043 940 3165 996 inde
3205 947 3442 998 transeat

1859 1031 1913 1085 in
1943 1046 2151 1085 morum
2193 1030 2522 1101 disciplinam
2562 1038 2616 1086 et
2655 1029 2889 1085 habitum
2936 1031 3151 1099 mentis,
3189 1039 3445 1102 tanquam

1859 1124 1927 1179 de
1956 1124 2072 1178 lacu
2099 1125 2148 1177 in
2172 1124 2333 1179 cellas
2362 1124 2412 1177 in
2440 1123 2712 1194 quibus,si
2738 1123 3053 1195 negligentia
3085 1139 3191 1182 non
3216 1125 3440 1193 acuerit,

1862 1223 2122 1271 vetustate
2151 1214 2465 1270 ﬁrmabitur.
2499 1215 2654 1272 Acuit
2681 1231 2909 1286 namque
2935 1215 2989 1270 in
3015 1214 3234 1283 Iudaeis,
3261 1226 3315 1274 et
3342 1216 3446 1272 hoc

1861 1318 2014 1363 aceto
2073 1308 2248 1379 (Joan.
2293 1325 2406 1375 ιιιιι,
2446 1304 2539 1380 9.9)
2581 1307 2864 1364 Dominum
2917 1316 3252 1380 potaverunt.
3309 1307 3445 1370 Nam

1864 1401 1992 1456 illud
2021 1401 2202 1456 vinum
2243 1399 2384 1472 quod
2414 1400 2480 1456 de
2523 1401 2867 1472 generatione
2912 1401 3033 1456 vitis
3078 1401 3216 1456 Novi
3260 1399 3447 1456 Testa-

1865 1494 2033 1548 menti
2083 1493 2346 1550 bibiturus
2390 1502 2473 1550 est
2516 1509 2636 1548 cum
2687 1493 2884 1552 sanctis
2937 1492 3047 1548 suis
3094 1493 3350 1548 Dominus
3394 1492 3449 1550 in

1865 1599 2029 1655 regno
2073 1584 2244 1639 Patris
2274 1585 2355 1639 sui
2386 1583 2535 1654 (Luc.
2576 1601 2706 1652 χχιι,
2743 1585 2857 1655 18)»
2883 1585 3264 1650 Stultissimum
3293 1594 3452 1660 atque

1864 1674 2230 1730 ﬁrmissimum
2261 1675 2330 1730 sit
2352 1690 2576 1732 necesse
2615 1685 2720 1732 est.

1936 1769 1987 1824 5.
2014 1767 2199 1824 Solent
2225 1769 2390 1840 accipi
2415 1771 2694 1825 toreularia
2716 1771 2877 1830 etiam
2893 1772 3168 1844 martyria,
3195 1782 3447 1845 tanquam

1865 1858 2152 1916 afflictione
2182 1863 2608 1931 persecutionum
2635 1863 2851 1921 calcatis
2881 1865 2960 1922 eis
3005 1867 3094 1938 qui
3123 1867 3322 1924 Christi
3353 1883 3454 1924 no—

1867 1970 1990 2010 men
2020 1952 2252 2010 confessi
2294 1964 2437 2022 sunt,
2467 1956 2713 2012 mortalia
2738 1971 2923 2013 eorum
2957 1967 3207 2029 tanquam
3249 1960 3452 2018 vinacia

1868 2047 1922 2102 in
1952 2055 2093 2102 terra
2141 2048 2516 2115 remanserint,
2549 2049 2740 2104 anima:
2763 2058 2941 2105 autem
2967 2050 3022 2108 in
3074 2051 3311 2122 requiem
3339 2067 3454 2109 caa-

1869 2137 2017 2193 lestis
2044 2137 2384 2194 habitationis
2413 2141 2794 2198 emanaverint.
2828 2141 2936 2198 Sed
2963 2158 3134 2213 neque
3171 2145 3273 2199 isto
3300 2144 3455 2208 intel-

1875 2228 2015 2284 lectu
2040 2229 2107 2284 ab
2129 2229 2485 2285 Ecclesiarum
2522 2229 2929 2288 fructiﬁcatione
2957 2231 3267 2290 disceditur.
3303 2233 3455 2289 Psal-

1867 2323 1994 2378 litur
2022 2339 2146 2394 ergo
2164 2339 2254 2394 pro
2283 2323 2635 2388 torcularibus,
2665 2339 2761 2394 pro
2782 2325 3032 2380 ECCICSILD
3055 2327 3452 2393 constitutione,

1875 2430 1995 2471 cum
2028 2415 2284 2469 Dominus
2314 2424 2496 2472 noster
2537 2423 2820 2488 postquam
2857 2417 3168 2484 resurrexit,
3219 2419 3458 2476 ascendit

1874 2507 1926 2561 in
1955 2507 2142 2563 cmlos.
2173 2507 2324 2562 Tunc
2367 2507 2509 2562 enim
2553 2507 2698 2562 misit
2741 2507 2992 2578 Spiritum
3043 2518 3305 2578 sanctum,
3351 2525 3461 2581 quo

1874 2599 2076 2670 impleti
2105 2599 2370 2669 discipuli,
2402 2614 2522 2654 cum
2550 2598 2741 2656 ﬁducia
2772 2599 3198 2670 prmdicaverunt
3238 2601 3458 2660 verbum

1875 2692 1991 2758 Dei,
2021 2701 2078 2747 ut
2103 2691 2354 2748 Ecclesia:
2374 2701 2845 2762 congregarentur.
3317 2707 3320 2710 ί

1945 2785 1996 2838 4.
2019 2782 2167 2854 [vers.
2192 2782 2270 2856 2.]
2296 2783 2478 2853 Itaque
2497 2783 2691 2839 dicitur
2716 2801 2728 2836 :
2754 2782 2970 2838 Domine
2990 2784 3237 2841 Dominus
3271 2797 3461 2850 noster,

1874 2891 2024 2944 quam
2085 2873 2381 2928 admirabile
2422 2882 2495 2928 est
2532 2891 2713 2930 nomen
2743 2885 2889 2928 tuum
2924 2876 2976 2929 in
3021 2877 3253 2932 universa
3287 2879 3463 2932 terra!

1876 2968 2070 3036 Qumro
2092 2967 2233 3024 unde
2277 2967 2345 3022 sit
2371 2966 2682 3024 admirabile
2727 2983 2920 3023 nomen
2958 2968 3071 3039 ejus
3119 2969 3174 3023 in
3216 2970 3463 3030 universa

1879 3059 2059 3115 terra?
2083 3058 2456 3130 Respondetur
2485 3077 2499 3114 :
2533 3059 2788 3125 Quoniam
2820 3059 3012 3114 elevata
3035 3069 3107 3115 est
3139 3062 3463 3131 magniﬁce».

1877 3154 1948 3208 tia
1974 3163 2061 3207 tua
2088 3169 2239 3223 super
2273 3153 2465 3220 cazlos;
2521 3161 2577 3207 ut
2604 3153 2704 3209 iste
2728 3154 2802 3209 sit
2828 3167 3018 3208 sensus
3053 3171 3065 3207 :
3097 3153 3342 3220 Domine,
3369 3156 3464 3226 qui

1877 3260 1936 3300 es
1965 3242 2219 3298 Dominus
2260 3253 2464 3309 noster,
2487 3259 2650 3315 quam
2682 3252 2734 3299 te
2776 3243 3105 3299 admirantur
3143 3260 3330 3300 omnes
3373 3247 3464 3316 qui

1877 3338 2116 3393 incolunt
2136 3347 2331 3392 terram
2353 3338 2367 3390 Ξ
2386 3336 2633 3407 quoniam
2649 3345 2738 3390 tua
2755 3335 3144 3407 magniﬁcentia
3166 3338 3236 3393 de
3255 3347 3464 3394 terrena

1878 3427 2176 3484 humilitate
2200 3443 2360 3498 super
2379 3428 2545 3484 caelos
2589 3428 2794 3484 elevata
2831 3437 2934 3484 est.
2967 3429 3102 3484 Ilinc
3131 3430 3272 3486 enim
3301 3445 3468 3500 appa-

1879 3522 1984 3576 ruit
2004 3522 2124 3592 quis
2150 3521 2509 3587 deseenderis,
2527 3537 2651 3577 cum
2689 3538 2718 3576 ει
2761 3523 3079 3592 quilausdam
3106 3523 3277 3580 visum
3299 3533 3381 3584 est
3405 3534 3465 3587 et

1879 3627 1910 3667 a
1939 3613 2150 3668 caeteris
2182 3612 2440 3668 creditum
2469 3630 2574 3684 quo
2602 3613 2928 3670 ascenderis.

1950 3703 2003 3759 5.
2036 3700 2182 3774 [uers.
2215 3701 2293 3776 5.]
2323 3702 2404 3758 Ea:
2441 3721 2526 3758 ore
2571 3705 2844 3776 infantium
2881 3713 2930 3760 et
2973 3706 3263 3762 laetantium
3291 3712 3461 3779 perfe-

1881 3793 1995 3847 cisri
2022 3793 2242 3858 laudent,
2291 3804 2494 3866 propter
2519 3795 2748 3850 inimicos
2769 3804 2900 3850 tuos.
2937 3795 3053 3852 Non
3085 3813 3299 3866 possum
3325 3801 3464 3855 anci-

1885 3899 2011 3955 pcre
2053 3885 2184 3939 alios
2215 3884 2444 3941 infantes
2474 3895 2633 3956 atque
2667 3887 2947 3953 lactentes,
2970 3904 3131 3959 quam
3158 3905 3253 3946 eos
3275 3891 3467 3961 quibus

1885 3974 2012 4029 dicit
2033 3975 2320 4045 Apostolus
2353 3993 2363 4028 :
2393 3975 2657 4045 Tanquam
2684 3979 2907 4047 paruulis
2927 3979 2979 4031 in
3005 3979 3204 4033 Christo
3231 3981 3311 4034 lac
3334 3982 3470 4036 vobis

1883 4077 2054 4139 polum
2091 4068 2226 4135 dedi,
2259 4084 2357 4122 non
2380 4068 2543 4123 cibum
2569 4068 2752 4138 (lCor.
2776 4084 2858 4137 ut,
2894 4070 2946 4135 I,
2977 4068 3054 4142 2).
3085 4071 3230 4138 Quos
3263 4072 3468 4142 signia.

1884 4159 2075 4215 cabant
2107 4159 2180 4214 illi
2229 4161 2319 4230 qui
2353 4155 2634 4215 Dominum
2679 4161 3049 4232 praecedebant
3078 4163 3386 4231 laudantes;
3411 4167 3471 4222 iu

1882 4267 2015 4322 quos
2039 4252 2149 4322 ipse
2181 4252 2435 4308 Dominus
2463 4252 2567 4309 hoc
2605 4254 2910 4312 testimonio
2951 4270 3076 4311 usus
3104 4265 3206 4321 est,
3231 4271 3352 4312 eum
3373 4255 3468 4311 .di-

1882 4344 2126 4398 centibus
2168 4343 2367 4398 Judaﬁs
2413 4354 2470 4398 ut
2495 4360 2587 4400 eos
2623 4346 2941 4416 corriperet,
2995 4348 3272 4418 respondit
3304 4346 3470 4404 :Nou

1883 4435 2070 4506 legistis
2091 4477 2106 4501 ,
2137 4433 2223 4489 Ea:
2265 4452 2350 4491 ore
2396 4436 2667 4509 infantium
2703 4447 2749 4492 et
2768 4439 3062 4494 iacientium
3088 4441 3338 4513 perfecisti
3356 4441 3472 4496 lau-

1883 4528 1996 4581 dem
2027 4525 2239 4600 (Manli.
2264 4544 2374 4593 ut,
2413 4528 2500 4600 16)
2525 4529 2549 4581 ?
2578 4530 2722 4586 Bene
2751 4540 2930 4588 autem
2973 4547 3081 4588 non
3102 4533 3194 4599 ait,
3233 4531 3469 4600 Fecisti;

1884 4621 1999 4684 sed,
2029 4620 2282 4691 ρει-[βοίδιί
2305 4621 2527 4676 laudem.
2560 4620 2697 4680 Sunt
2733 4624 2875 4678 enim
2926 4624 2980 4679 in
3025 4624 3282 4682 Ecclesiis
3305 4626 3469 4682 etiam

1888 4711 1941 4765 hi
1971 4712 2059 4782 qui
2089 4726 2196 4766 non
2235 4712 2344 4782 jam
2373 4713 2507 4769 lacte
2536 4723 2806 4785 putantur,
2838 4713 2934 4771 sed
2985 4727 3273 4772 vese'mtur
3314 4716 3468 4782 cibo;

1887 4821 2021 4877 quos
2073 4805 2211 4861 idem
2254 4807 2542 4877 Apostolus
2593 4807 2872 4879 signiﬁcat,
2913 4808 3115 4865 dicens.
3155 4809 3473 4880 Samum

1889 4895 2139 4967 loquimur
2165 4898 2292 4952 inter
2307 4903 2550 4970 perfectos
2575 4898 2616 4972 (I
2641 4899 2759 4954 Cor.
2789 4915 2849 4966 ιι,
2893 4900 2948 4971 6)
2978 4917 2991 4954 :
3021 4900 3115 4958 sed
3143 4915 3250 4958 non
3289 4917 3362 4960 ex
3391 4901 3477 4960 his

1891 4989 2055 5044 solis'
2089 4990 2434 5060 perﬁciuntur
2463 4990 2741 5058 Ecclesizn,
2771 4990 2892 5061 quia
2922 4992 2966 5045 si
2994 4991 3097 5046 sol'.
3133 5003 3334 5060 essent,
3361 5008 3473 5052 non

1889 5082 2256 5137 consuleretur
2285 5084 2466 5152 generi
2503 5083 2754 5139 humano.
2786 5082 3076 5142 Consulitut
3117 5097 3322 5157 autem,
3354 5102 3475 5144 cum

1889 5173 1964 5228 illi
1988 5189 2197 5244 quoque
2231 5174 2464 5229 nondum
2485 5190 2708 5246 capaces
2743 5176 3060 5248 cegnitionis
3110 5192 3290 5234 rerum
3315 5179 3477 5249 spiri-

1888 5268 2108 5322 tualium
2142 5276 2299 5338 atque
2339 5278 2682 5336 mternarum,
2710 5271 3014 5326 nutriuntur
3037 5271 3141 5327 ﬁde
3165 5273 3476 5342 temporalis

1890 5361 2146 5429 historiae,
2179 5378 2296 5432 qum
2324 5378 2420 5431 pro
2466 5364 2637 5418 salute
2684 5373 2865 5418 nostra
2909 5376 3030 5436 post
3057 5365 3394 5422 Patriarchas
3421 5376 3479 5422 et

1889 5454 2187 5526 Prophetas
2209 5456 2277 5511 ab
2303 5456 2748 5512 excellentissima
2779 5457 2877 5514 Dei
2917 5458 3125 5514 Virtute
3172 5469 3330 5528 atque
3375 5458 3444 5515 Sa
3463 5489 3484 5500 -

1888 5546 2086 5617 pientia
2104 5547 2262 5602 etiam
2284 5549 2514 5619 suscepti
2536 5547 2764 5606 hominis
2785 5559 3117 5606 sacramento
3135 5550 3416 5607 administr
3425 5564 3485 5606 a-

1891 5709 1972 5822 ἰοί
2001 5717 2049 5820 tr;
2074 5717 2179 5780 Mss.
2206 5708 2418 5774 aliquot,
2459 5709 2548 5762 sed
2582 5711 2916 5774 paucioribus,
2961 5724 3055 5763 nec
3091 5713 3478 5778 antiquior-ibus,

1903 5809 1906 5811 .
1941 5786 2223 5822 rcuarmm.

1903 5786 2024 5821 ξονσιι
2031 5786 2223 5821 (artum.

1903 5809 1906 5811 -
1998 5785 2101 5820 utar
2142 5787 2172 5820 ll
2212 5809 2223 5821 .

1893 5785 2306 5949 ζοὲὲιιυὲἕὲῗιδεά
2335 5835 2426 5887 Sed
2443 5847 2536 5886 non
2562 5846 2627 5887 ea:
2665 5835 2739 5886 his
2773 5832 3118 5904 perﬁciamtur,
3151 5853 3266 5909 etc,
3300 5844 3476 5894 oinissa

1915 5911 1921 5919 ι
2017 5911 2069 5949 .s
2161 5931 2176 5947 .

1915 5911 2030 5958 ‘oce,
2048 5911 2176 5947 sons.
