4078 6450
496 606 525 665 5

1046 246 1099 285 ι
1186 232 1197 243 .

641 308 734 364 tit
1046 260 1099 285 ”
1753 260 1768 271 ’
1877 293 1933 348 s.
1979 287 2341 349 incusum
2387 286 2688 345 EPISCOPI
3829 287 3915 348 ηε

636 430 688 472 ta
714 426 817 482 cst,
845 416 897 471 in
924 431 1025 486 qua
1048 414 1193 469 salus
1217 420 1298 468 est
1318 410 1460 466 omni
1488 406 1725 464 credenti
1761 423 1773 459 :
1806 415 1863 460 ut
1901 404 2219 461 auctoritate

580 498 599 533 ‘
635 507 986 563 commotus‘
1048 500 1324 574 praeceptis
1386 499 1674 563 inserviat,
1730 495 1921 568 quibus
1970 503 2221 565 purgatus

636 598 999 668 unusquisque
1016 604 1077 680 .et
1101 594 1154 648 in
1179 592 1440 648 charitate
1478 589 1745 665 radica_tus
1781 596 1942 657 atque
1973 584 2222 667 fundatus

602 679 609 692 ³
635 690 806 761 possit
829 668 1046 744 currere
1064 702 1187 742 cum
1203 686 1423 748 sanctis,
1447 698 1553 737 non
1570 664 1679 753 jam
1711 681 1963 751 parvulus
1987 664 2042 734 in
2062 677 2219 744 laete,

634 781 732 836 sed
757 780 965 851 juvenis
989 780 1042 833 in
1067 777 1207 841 cibo.
1236 774 1693 846 comprehendere
1723 770 2076 835 latitudinem,
2105 768 2222 824 lon-

539 926 557 945 ,
633 873 945 944 gitudinem,
967 867 1300 927 altitudinem
1332 878 1387 923 et
1407 866 1749 940 profundum,
1776 866 1915 921 scire
1943 863 2103 920 etiam
2132 876 2224 916 su-

630 965 1054 1035 pereminentem
1102 962 1383 1035 scientiam
1434 959 1706 1016 cbaritatis
1757 956 1957 1014 Christi
2003 954 2218 1028 (Ep/tes.

630 1069 710 1119 in,
739 1054 829 1121 18,
858 1053 970 1123 19).
1597 1099 1602 1108 ,
1806 1128 1809 1133 _

704 1142 759 1199 6.
787 1142 871 1198 Ea:
900 1159 985 1198 ore
1011 1142 1284 1214 infantium
1311 1148 1357 1195 et
1385 1140 1676 1196 laetantium
1711 1138 1965 1211 perfeciin
1998 1137 2218 1202 laudem,

630 1226 1085 1305 propterinimicos
1113 1241 1243 1287 tuos.
1271 1231 1520 1287 Inimicos
1542 1230 1665 1286 huic
1690 1227 2076 1299 dispensationi
2100 1242 2220 1298 qua:

628 1329 769 1383 facta
797 1336 881 1384 est
905 1343 1001 1399 per
1028 1326 1215 1383 Iesum
1265 1324 1558 1392 Christum,
1605 1332 1659 1379 et
1697 1322 1841 1379 hunc
1887 1321 2218 1387 crucifixum,

581 1421 952 1528 ‘generaliter
979 1420 1222 1492 accipere
1250 1419 1508 1476 debemus
1533 1432 1722 1474 omnes
1747 1416 1837 1487 qui
1882 1422 2064 1470 vetant
2099 1429 2221 1469 cre-

642 1510 725 1528 J_,,
742 1526 752 1528 _
791 1511 804 1528 9
828 1527 833 1528 ,
854 1525 870 1528 -
888 1510 1019 1528 ,μηῃ
1036 1522 1047 1528 -
1114 1518 1156 1528 -.
1195 1525 1209 1528 -
1226 1518 1379 1528 Δ-..-..
1416 1508 1685 1528 --2_...!-_-
1706 1506 2026 1528 ..-II!--....-..
2048 1520 2061 1528 .
2088 1502 2221 1528 ..εὴ-ιι

629 1510 762 1567 dere
790 1510 1077 1582 incognita,
1105 1518 1162 1565 et
1187 1518 1385 1565 certam
1412 1508 1689 1563 scientiam
1706 1506 2063 1578 pollicentur;
2086 1502 2226 1559 sicut

629 1601 833 1660 faciunt
878 1602 1116 1659 haeretici
1148 1602 1425 1688 universin
1454 1608 1509 1656 et
1535 1599 1610 1655 illi
1636 1599 1729 1671 qui
1760 1599 1813 1652 in
1842 1596 2224 1667 superstitione

628 1695 911 1766 gentilium
942 1693 1252 1766 philosophi
1279 1691 1643 1749 nominantur.
1668 1690 1787 1747 Non
1817 1689 1957 1760 quod
1985 1688 2225 1745 scientiae

605 1787 940 1871 'pollicitatio
962 1784 1402 1856 reprehendenda
1422 1784 1526 1850 sit;
1547 1782 1640 1839 sed
1661 1781 1802 1854 quod
1831 1781 2051 1852 gradum
2078 1780 2226 1836 salu-

604 1879 922 1935 berrimum
943 1887 999 1933 et
1028 1878 1389 1934 necessarium
1435 1876 1559 1932 ﬁdei
1584 1875 1960 1947 uegligendum
2013 1881 2221 1945 putant,

625 1983 725 2039 per
753 1984 909 2041 quem
941 1969 994 2023 in
1023 1967 1221 2039 aliquid
1246 1977 1473 2031 certum,
1505 1965 1649 2036 quod
1674 1964 1795 2022 esse
1835 1965 1937 2020 nisi
1965 1972 2224 2019 aeternum

628 2074 738 2117 non
788 2068 981 2130 potest,
1030 2067 1244 2130 oportet
1286 2057 1523 2114 ascendi.
1559 2056 1693 2112 Hinc
1722 2072 1816 2112 eos
1863 2064 2082 2125 apparet
2125 2069 2225 2110 nec

532 2153 536 2157 “
629 2152 803 2243 ipsam
834 2150 1109 2206 scientiam
1139 2149 1360 2214 habere,
1393 2164 1551 2219 quam
1579 2156 1887 2217 contempta
1915 2147 2020 2202 ﬁde
2066 2146 2223 2217 polli-

630 2236 853 2317 aegr;
884 2242 1005 2311 quia
1034 2250 1141 2296 tam
1167 2241 1349 2295 utilem
1377 2255 1441 2295 ac
1472 2239 1834 2295 necessarium
1863 2236 2085 2309 gradum
2108 2236 2225 2306 ejus

631 2257 693 2298 ce
790 2259 853 2317 r;
884 2250 1005 2311 quia
1034 2250 1141 2296 tam
1167 2250 1349 2295 utilem
1377 2255 1441 2295 ac
1472 2253 1834 2295 necessarium
1863 2250 2085 2309 gradum
2108 2251 2223 2306 ejus

631 2250 897 2478 ἰῷι.
932 2333 1015 2387 Ea:
1037 2349 1123 2387 ore
1150 2347 1278 2402 ergo
1298 2332 1571 2402 infantium
1592 2340 1639 2385 et
1667 2332 1955 2386 laetantium
1974 2329 2223 2400 perfecit'

631 2422 737 2478 tau'
760 2441 836 2478 em
861 2424 1114 2478 Dominus
1146 2434 1347 2478 noster.
1376 2420 1635 2477 mandans
1660 2421 1835 2478 primo
1866 2437 1961 2478 uer
1988 2419 2223 2478 Pronhe—

631 2408 836 2481 1αᾶῗῖᾖή
861 2411 1114 2479 Dominus
1146 2434 1347 2487 noster,
1376 2420 1635 2477 mandans
1660 2421 1835 2492 primo
1866 2437 1961 2491 per
1988 2419 2227 2491 PrOphe-

631 2526 761 2577 tam,
795 2515 913 2570 Nisi
935 2515 1265 2580 credideritis,
1289 2531 1391 2569 non
1418 2514 1708 2585 intelligetis
1740 2511 1889 2586 (Isai.
1923 2528 2013 2578 vn,
2043 2512 2098 2579 9,
2123 2528 2222 2567 sec.

631 2605 820 2677 LXX),
849 2614 903 2662 et
932 2605 1048 2675 ipse
1072 2618 1306 2675 praesens
1361 2604 1566 2670 dicens,
1617 2601 1764 2656 Beati
1807 2602 1894 2674 qui
1940 2620 2040 2657 non
2084 2603 2225 2657 vide-

636 2708 756 2755 runt
785 2710 830 2754 et
859 2698 1096 2753 credituri
1122 2705 1236 2752 sunt
1252 2697 1431 2766 (Joan.
1462 2711 1562 2763 xx,
1596 2694 1707 2765 19).
1727 2693 1947 2766 Pr0pter
1966 2695 2224 2750 inimicos:

630 2801 819 2849 contra
844 2805 979 2861 quos
1004 2786 1163 2844 etiam
1196 2788 1326 2843 illud
1353 2788 1550 2843 dicitur
1579 2805 1591 2841 :
1620 2785 1876 2856 Conﬁteor
1905 2786 2010 2852 tibi,
2044 2785 2225 2841 Domi-

629 2901 696 2940 ne
722 2884 835 2939 caeli
861 2894 908 2938 et
938 2891 1108 2949 terrae,
1137 2882 1257 2950 quia
1286 2878 1595 2934 abscondisti
1621 2880 1728 2933 [nec
1754 2894 1786 2931 a
1814 2876 2147 2947 sapientibus,
2177 2885 2225 2931 et

629 2976 858 3031 revelain
905 2991 966 3029 ea
1014 2972 1235 3042 parvulis
1281 2970 1492 3042 (Matth.
1537 2987 1611 3034 ιι,
1659 2968 1779 3040 25).
1826 2971 1870 3023 Α
1897 2970 2225 3041 sapientibus

632 3067 777 3122 enim
806 3065 961 3131 dixit,
995 3079 1099 3118 non
1145 3062 1235 3132 qui
1265 3061 1535 3131 sapientes
1565 3068 1710 3127 sunt,
1742 3059 1839 3114 sed
1864 3059 1954 3130 qui
2000 3074 2121 3115 esse
2165 3073 2227 3114 se

630 3166 843 3230 putant.
882 3155 950 3211 Ut
971 3157 1202 3208 destruas
1222 3153 1483 3206 inimicum
1501 3159 1548 3205 et
1573 3151 1889 3222 defensorem
1908 3148 2004 3222 (a).
2027 3149 2221 3217 Quem,

634 3249 741 3306 nisi
762 3247 1110 3304 haereticum?
1136 3244 1268 3299 Nam
1312 3250 1367 3299 et
1395 3243 1508 3314 ipse
1529 3249 1613 3297 est
1650 3241 1897 3296 inimicus
1943 3251 1997 3296 et
2043 3240 2226 3296 defen-

634 3357 748 3409 sor,
780 3341 870 3411 qui
917 3338 1073 3394 ﬁdem
1117 3335 1464 3392 christianum
1506 3349 1631 3390 cum
1679 3342 1970 3405 oppugnet,
2018 3333 2226 3389 videtur

636 3429 947 3487 defendere.
975 3428 1289 3498 Quanquam
1328 3424 1487 3481 etiam
1513 3423 1819 3496 philosophi
1859 3423 2015 3493 hujus
2040 3423 2224 3478 mundi

635 3524 777 3581 bene
807 3520 1171 3592 intelligantur
1195 3516 1397 3573 inimici
1417 3526 1471 3571 et
1513 3515 1824 3571 defensores
1852 3535 1864 3570 :
1895 3514 2226 3585 quandoqui-

635 3618 758 3673 dem
812 3614 977 3669 Filius
1022 3611 1116 3667 Dei
1167 3609 1349 3665 Virtus
1391 3617 1446 3664 et
1490 3606 1760 3677 Sapientia
1806 3606 1897 3661 Dei
1950 3615 2067 3672 est,
2120 3619 2224 3676 qua

633 3710 930 3764 illustratur
958 3703 1131 3759 omnis
1177 3701 1416 3773 quisquis
1464 3700 1684 3755 veritate
1725 3698 1937 3770 sapiens
1972 3697 2221 3753 efﬁcitur.

637 3800 807 3871 Hujus
850 3798 925 3854 illi
956 3812 1014 3853 se
1042 3804 1308 3850 amatores
1349 3808 1469 3849 esse
1502 3791 1837 3862 proﬁtentur,
1882 3790 2024 3846 unde
2063 3789 2222 3846 etiam

640 3889 946 3964 philosophi
974 3887 1314 3944 nominantur
1345 3902 1358 3941 :
1384 3894 1440 3941 et
1470 3893 1753 3956 propterea
1799 3883 1945 3938 illam
1970 3882 2219 3939 videntur

641 3981 951 4044 defendere,
981 3994 1102 4035 cum
1131 3977 1329 4033 inimici
1355 3976 1462 4032 sint
1488 3975 1604 4046 ejus
1628 3991 1643 4041 ;
1671 3976 1920 4045 quoniam
1964 3976 2221 4046 supersti-

635 4074 812 4130 tiones
840 4072 1047 4136 noxias,
1071 4078 1129 4125 ut
1157 4070 1398 4125 colantur
1424 4076 1479 4122 et
1507 4075 1827 4124 venerentur
1855 4065 2012 4136 hujus
2038 4067 2221 4121 mundi

639 4168 930 4231 elementa,
965 4162 1189 4217 suadere
1218 4175 1325 4216 non
1353 4167 1587 4214 cessant.

711 4258 766 4310 7.
814 4253 964 4327 [uers.
992 4252 1068 4324 ιη.
1108 4252 1360 4317 Quoniam
1386 4251 1559 4304 uidebo
1585 4252 1734 4304 caelos
1762 4258 1875 4303 tuos
1893 4249 1935 4314 ³,
1964 4265 2116 4318 opera
2142 4250 2223 4303 di-

642 4350 864 4421 gitorum
876 4355 1096 4400 tuorum.
1124 4343 1370 4414 Legimus
1388 4342 1551 4412 digito
1566 4342 1659 4397 Dei
1675 4342 1923 4411 scriptam
1936 4341 2153 4411 Legem,
2169 4349 2223 4396 et

639 4441 819 4496 datam
850 4452 944 4509 per
972 4436 1189 4507 Moysen
1218 4441 1458 4488 sanciunt
1482 4446 1697 4487 servum
1716 4431 1831 4501 ejus
1851 4431 2043 4502 (Exod.
2068 4447 2218 4499 xxxi,

640 4533 741 4597 18;
762 4530 916 4587 Deut.
935 4546 1009 4591 ix,
1034 4526 1124 4601 10)
1156 4545 1168 4581 :
1199 4542 1355 4598 quem
1379 4526 1602 4596 digitum
1628 4526 1722 4581 Dei
1751 4525 1902 4579 multi
1926 4525 2222 4595 intelligunt

639 4623 896 4695 Spiritum
922 4628 1187 4677 sanctum.
1212 4618 1547 4688 Quapropter
1565 4618 1609 4672 si
1635 4616 1828 4687 digitos
1855 4616 1971 4684 Dci,
2003 4618 2220 4674 eosdem

642 4714 790 4784 ipsos
817 4712 1089 4767 ministros
1110 4708 1308 4780 Spiritu
1330 4717 1515 4764 sancto
1535 4708 1789 4778 repletos,
1812 4716 2028 4778 propter
2047 4709 2221 4777 ipsum

640 4807 897 4879 Spiritum
920 4804 1088 4877 quiin
1119 4804 1196 4859 eis
1239 4809 1510 4873 operatur,
1553 4812 1698 4857 recte
1736 4800 2045 4870 accipimus,
2090 4816 2224 4872 quo-

644 4901 790 4955 niam
820 4915 917 4971 per
945 4897 1160 4954 eosdem
1191 4896 1347 4952 nobis
1384 4896 1559 4950 omnis
1585 4894 1759 4950 divina
1792 4894 2066 4964 Scriptura
2092 4909 2221 4950 con-

639 4991 780 5050 lecta
808 5000 924 5060 est;
955 4990 1334 5047 convenienter
1374 4989 1715 5060 intelligimus
1762 4988 1864 5043 hoc
1907 4988 2026 5044 loco
2054 4989 2221 5045 ctelos

705 5149 723 5180 ι
746 5154 848 5196 Am.
873 5152 948 5195 Er.
974 5152 1026 5195 et
1041 5143 1345 5207 μιαί-θειώδη
1369 5143 1693 5194 commonitus.
1718 5204 1730 5207 _
1804 5204 1814 5207 _
1859 5203 1875 5207 Α
2031 5202 2042 5207 _
2108 5203 2118 5207 Α
2222 5182 2226 5187 .

704 5211 727 5242 ³
751 5209 826 5258 sic
847 5215 945 5274 Am.
972 5202 1055 5255 Er:
1084 5213 1137 5256 et
1173 5202 1353 5274 aliquot
1388 5213 1495 5254 Mss.
1528 5212 1581 5274 Et
1623 5204 1780 5274 paulo
1802 5203 1956 5274 infra,
1996 5202 2221 5274 plerique

640 5277 751 5323 Mss.
771 5303 787 5328 ,
812 5276 859 5334 et
901 5268 1003 5334 ipse
1033 5266 1471 5333 prwsens'dicens,
1510 5266 1965 5329 etc.’[perfecisti...
1996 5266 2098 5328 ipse
2134 5266 2222 5330 per

639 5333 982 5445 “ﬁltfidecim
1006 5399 1110 5440 Mss.
1135 5392 1377 5450 omittunt,
1405 5396 1508 5453 tuos
1538 5401 1684 5453 :qute
1708 5386 1920 5453 quidem
1939 5388 2223 5453 particulae

637 5462 754 5524 LXX
777 5455 1164 5524 iiitepretatioue
1179 5448 1380 5524 aberat;
1405 5451 1493 5501 sed
1520 5448 1630 5524 post
1666 5448 1743 5524 ex'
1760 5448 2098 5524 thepodotionis
2117 5451 2222 5524 edi-

643 5519 779 5567 tione
796 5511 1063 5577 l'uit'addita
1095 5515 1186 5563 sub
1216 5511 1469 5575 asterisco,
1492 5511 1633 5563 sicuti
1654 5511 1799 5562 docet
1820 5512 2151 5575 Hieronymus,
2172 5513 2231 5577 in

643 5579 790 5642 Epist.
814 5578 918 5637 155,
943 5576 1001 5626 ad
1023 5577 1227 5625 Suniam.

709 5639 784 5709 (ει)
809 5635 1141 5709 itanepartem
1159 5636 1533 5709 vers..3‘tractat
1554 5636 1672 5709 item
1686 5635 1989 5709 augustioris
2008 5636 2057 5709 in
2080 5641 2217 5709 Enar.

647 5695 777 5750 Psal.’
793 5716 870 5757 cn,
889 5695 1061 5762 ibique
1078 5711 1181 5762 pro,
1207 5703 1254 5748 et
1278 5695 1593 5762 dgimsorem,
1606 5696 1722 5748 dicit
1749 5695 1993 5748 nonnullis
2022 5699 2073 5749 in
2094 5697 2222 5749 codi-

645 5762 789 5814 cibus
810 5756 1179 5822 verius'halieri,
1201 5763 1245 5811 et
1268 5756 1482 5812 ultorem

2078 5897 2153 5909 ,κη
2220 5898 2230 5908 α

2327 399 2499 458 dictos
2529 403 2691 458 libros
2720 403 2993 474 utriuSque
3018 402 3369 459 Testamenti.
3409 402 3631 458 Dictum
3658 413 3740 457 est
3762 413 3916 461 autem

2328 495 2486 549 etiam
2513 494 2581 550 de
2601 495 2719 565 ipso
2745 494 2924 566 Moyse
2949 510 2981 550 a
3034 496 3203 566 inagis
3250 495 3401 566 regis
3435 493 3762 562 Pharaonis,
3813 511 3914 553 cuin

2327 585 2396 639 ab
2421 601 2487 642 eo
2516 587 2748 658 superati
2792 595 2995 654 essent,
3025 584 3226 658 Digitus
3249 585 3350 641 Dei
3383 596 3464 641 est
3502 587 3592 641 hic
3611 585 3915 660 (Euodmu,

2329 676 2453 747 i9);
2483 688 2537 734 et
2566 678 2706 750 quod
2734 674 2990 750 scriptum
3025 688 3127 745 est,
3158 677 3357 734 Certum
3388 677 3681 751 plicabitur
3720 680 3842 734 sicut
3863 682 3915 737 li-

2327 770 2413 825 ber
2458 770 2608 843 (Isai.
2666 788 2855 839 xxxw,
2901 772 2979 843 4),
3015 772 3177 828 etiam
3212 772 3257 827 si
3287 772 3358 828 de
3390 773 3502 827 isto
3530 770 3772 828 aethereo
3801 775 3916 832 celo

2326 860 2525 917 dictum
2556 872 2660 931 est,
2684 879 2920 935 congrue
2945 873 3121 920 tamen
3146 879 3213 921 ex
3230 863 3331 920 hac
3361 864 3567 920 eadem
3595 864 3917 926 similitudine

2327 953 2379 1008 in
2409 954 2659 1026 allegoria
2686 955 2941 1012 librorum
2968 957 3089 1013 coeli
3108 957 3487 1013 nominantur.
3518 956 3782 1023 Quoniam
3803 959 3918 1015 vide-

2329 1045 2410 1109 bo,
2456 1045 2649 1115 inquit,
2701 1048 2872 1112 oculos,
2920 1064 3075 1119 opera
3115 1047 3397 1119 digitorum
3444 1057 3665 1102 tuorum
3692 1063 3711 1101 :
3740 1048 3790 1104 id
3831 1060 3915 1115 est,
3992 1074 3993 1083 ι

2328 1151 2544 1191 cernam
2616 1147 2671 1193 et
2732 1139 3018 1210 intelligam
3083 1140 3414 1211 Scripturas,
3494 1156 3639 1210 quas
3689 1154 3917 1211 operante

2330 1228 2530 1301 Spiritu
2554 1239 2738 1287 saneto
2771 1247 2868 1302 per
2891 1232 3164 1288 ministros
3194 1241 3311 1289 tuos
3352 1233 3765 1303 conscripsisti.

2398 1322 2453 1377 8.
2486 1322 2733 1378 Possunt
2762 1322 2938 1393 itaque
2979 1323 3138 1379 etiam
3182 1323 3438 1396 superius
3471 1323 3607 1380 caeli
3662 1325 3913 1394 nominati,

2328 1414 2488 1471 iidem
2520 1415 2639 1471 libri
2687 1415 2877 1486 accipi,
2925 1416 3011 1472 ubi
3055 1416 3150 1483 ait,
3181 1416 3449 1484 Quoniam
3491 1417 3695 1473 eleuata
3719 1426 3788 1471 est
3823 1434 3914 1473 uia-

2328 1507 2621 1577 gniﬁcentia
2647 1517 2735 1561 tua
2773 1523 2925 1578 super
2953 1507 3145 1573 ctelos;
3185 1516 3242 1563 ut
3271 1516 3422 1563 totus
3471 1508 3580 1564 iste
3621 1508 3696 1564 sit
3730 1523 3912 1573 sensus,

2328 1601 2587 1668 Quoniam
2627 1600 3019 1673 magniﬁcentia
3062 1610 3148 1657 tua
3173 1601 3381 1658 elevata
3409 1610 3503 1657 est
3526 1616 3697 1672 super
3721 1601 3907 1658 caelos:

2328 1691 2553 1748 Excedit
2578 1692 2720 1749 cnim
2752 1693 3143 1764 magniﬁcentia
3163 1702 3251 1750 tua
3269 1693 3524 1750 omnium
3545 1693 3909 1765 Scripturarum

2329 1785 2578 1855 eloquia;
2629 1801 2692 1839 ex
2740 1800 2835 1841 ore
2881 1784 3159 1841 infantium
3207 1794 3264 1840 et
3308 1785 3640 1841 lactentium
3672 1785 3909 1857 perfeciin

2328 1877 2561 1943 laudem,
2611 1885 2666 1931 ut
2704 1892 2734 1931 a
2782 1875 2888 1932 ﬁde
2913 1875 3306 1947 Scripturarum
3356 1876 3695 1948 inciperent,
3722 1877 3806 1950 qui
3830 1892 3906 1933 cu-

2330 1967 2479 2036 piunt
2506 1967 2573 2023 ad
2619 1976 2723 2022 tua:
2752 1967 3165 2038 magniﬁcentia;
3202 1967 3455 2023 notitiam
3487 1968 3793 2038 pervenire,
3814 1982 3910 2039 quae

2329 2054 2493 2130 super
2521 2059 2828 2130 Scripturas
2857 2059 3062 2115 elevata
3090 2067 3193 2124 est,
3232 2059 3356 2130 quia
3389 2060 3595 2115 transit
3637 2069 3694 2115 et
3723 2067 3906 2131 superat

2328 2151 2566 2205 omnium
2598 2151 2882 2206 verborum
2908 2150 3317 2221 linguarumque
3347 2151 3655 2221 praeconia.
3707 2149 3906 2207 Inclina-

2329 2242 2405 2296 vit
2430 2257 2558 2312 ergo
2581 2242 2883 2312 Scripturas
2901 2242 3041 2298 Deus
3069 2258 3237 2313 usque
3252 2237 3319 2298 ad
3340 2241 3635 2299 infantium
3657 2254 3713 2299 et
3734 2243 3902 2299 lacteu-

2330 2334 2458 2389 tium
2487 2333 2856 2403 capacitatem,
2904 2334 3041 2389 sicut
3077 2332 3131 2387 in
3175 2333 3283 2389 alio
3325 2333 3546 2403 psalmo
3598 2331 3904 2390 canitur:Et

2328 2427 2588 2482 inclinavit
2623 2427 2825 2493 caelum,
2852 2434 2899 2480 et
2917 2425 3175 2480 descendit
3206 2424 3379 2498 (Psat.
3406 2441 3545 2489 xm,
3578 2425 3695 2498 19).
3739 2424 3803 2481 Et
3824 2424 3902 2480 hoc

2330 2516 2460 2573 fecit
2484 2524 2705 2588 propter
2731 2516 2996 2581 inimicos,
3029 2516 3120 2586 qui
3146 2530 3242 2587 per
3271 2516 3594 2587 superbiam
3639 2516 3903 2586 loquacia.

2337 2608 2444 2662 tis‘
2475 2606 2676 2662 inimici
2704 2607 2879 2663 crucis
2921 2605 3142 2672 Christi,
3198 2606 3359 2661 etiam
3406 2621 3540 2664 cum
3583 2606 3757 2677 aliqua
3801 2620 3898 2662 vera

2328 2699 2535 2766 dicunt,
2563 2698 2798 2769 parvulis
2840 2706 3019 2754 tamen
3057 2706 3113 2754 et
3147 2697 3473 2753 lactentibus
3516 2696 3773 2769 prodesse
3807 2709 3893 2752 non

2330 2801 2569 2863 possunt.
2602 2792 2679 2847 Ita
2702 2791 2997 2847 destruitur
3022 2790 3271 2846 inimicus
3299 2799 3357 2847 et
3385 2789 3668 2857 defensor,
3695 2789 3782 2862 qui
3804 2787 3895 2844 sive

2328 2883 2669 2954 sapientiam,
2713 2881 2826 2936 sive
2863 2881 3022 2937 etiam
3049 2879 3247 2937 Christi
3290 2894 3495 2938 nomen
3523 2880 3806 2937 defendere
3827 2878 3891 2933 vio

2328 2974 2538 3041 deatur,
2590 2975 2658 3028 ab
2699 2972 2857 3042 hujus
2894 2980 3071 3027 tamen
3115 2971 3282 3043 gradu
3323 2971 3450 3028 ﬁdei
3502 2978 3770 3043 oppugnat
3801 2983 3893 3025 eam

2331 3067 2612 3122 veritatem
2657 3079 2816 3136 quam
2862 3064 3257 3134 promptissime
3284 3064 3595 3134 pollicetur.
3639 3063 3894 3134 Propterea

2328 3157 2488 3213 etiam
2520 3156 2663 3210 illam
2695 3170 2800 3211 non
2828 3153 3027 3210 habere
3047 3154 3418 3222 convincitur;
3453 3156 3580 3227 quia
3612 3168 3892 3227 oppugnan-

2327 3247 2397 3302 do
2420 3238 2641 3318 gradum
2684 3245 2821 3316 ejus,
2864 3244 3006 3315 quod
3048 3253 3133 3301 est
3165 3244 3320 3312 ﬁdes,
3370 3244 3818 3317 quemadmodum
3850 3242 3893 3297 in

2327 3354 2445 3396 eam
2476 3337 2886 3404 conscendatur,
2920 3336 3149 3407 ignorat.
3180 3336 3314 3393 llinc
3339 3351 3475 3409 ergo
3515 3338 3800 3395 destruitur
3830 3340 3893 3390 te-

2328 3430 2588 3485 merarius
2618 3438 2674 3484 ct
2698 3442 2875 3485 caicus
2902 3427 3224 3498 pollicitator
3251 3428 3518 3497 veritatis,
3568 3430 3660 3502 qui
3696 3437 3773 3485 est
3810 3424 3891 3482 ini-

2328 3523 2497 3579 micus
2523 3530 2577 3577 et
2600 3520 2873 3585 defensor,
2906 3536 3026 3576 cum
3074 3519 3322 3577 videntur
3365 3523 3492 3580 coeli
3533 3536 3696 3594 opera
3723 3518 3890 3590 digito-

2327 3631 2445 3669 rum
2496 3614 2610 3681 Dei,
2665 3613 2717 3668 id
2748 3623 2850 3679 est,
2893 3611 3262 3682 intelliguntur
3307 3611 3610 3685 Scriptum
3654 3610 3889 3684 perducta:

2330 3722 2495 3778 usque
2523 3705 2589 3761 ad
2612 3705 2890 3762 infantium
2917 3704 3241 3772 tarditatem,
3280 3714 3335 3761 et
3360 3722 3461 3764 eos
3510 3724 3609 3779 per
3655 3703 3890 3762 humilita-

2330 3806 2435 3853 tem
2481 3796 2748 3852 historica:
2796 3795 2941 3861 fidei,
2972 3811 3091 3867 quae
3134 3797 3506 3868 temporaliter
3542 3807 3692 3870 gesta
3712 3803 3802 3860 est,
3834 3790 3886 3847 ad

2328 3891 2706 3947 sublimitatem
2752 3889 3119 3961 intelligentiae.
3159 3905 3339 3947 rerum
3389 3900 3714 3948 aiternarum
3774 3886 3886 3942 bene

2327 3983 2557 4039 nutritos
2600 3990 2656 4036 et
2684 3980 2963 4036 roboratos
2991 3981 3200 4051 erigunt
3241 3981 3293 4037 in
3326 3995 3389 4037 ea
3412 3998 3534 4053 quas
3576 3981 3884 4037 conﬁrmant.

2326 4073 2417 4129 Isti
2437 4074 2631 4145 quippe
2653 4071 2797 4139 cmli,
2826 4071 2878 4128 id
2904 4080 2985 4128 est
3013 4071 3101 4127 isti
3127 4071 3265 4140 libri,
3290 4087 3455 4142 opera
3483 4084 3610 4130 sunt
3632 4071 3885 4144 digitorum

2328 4167 2459 4231 Dei;
2493 4173 2679 4221 sancto
2702 4165 2899 4221 etenim
2925 4164 3123 4235 Spiritu
3166 4166 3219 4221 in
3246 4169 3446 4224 sanctis
3473 4176 3749 4241 operante,
3772 4177 3881 4220 cou-

2328 4256 2452 4312 fecti
2479 4264 2604 4312 sunt
2630 4274 2644 4312 :
2671 4271 2792 4312 nam
2822 4256 2909 4326 qui
2938 4256 3164 4328 gloriam
3189 4272 3338 4313 suam
3368 4260 3549 4329 potius
3583 4273 3737 4330 quam
3761 4254 3881 4311 salu-

2328 4358 2433 4405 tem
2465 4349 2739 4405 hominum
2773 4348 3134 4415 attenderunt,
3176 4349 3292 4407 sine
3321 4350 3526 4421 Spiritu
3545 4360 3725 4408 sancto
3748 4344 3882 4403 locuti

2326 4450 2471 4506 sunt,
2502 4441 2554 4496 in
2582 4455 2687 4510 quo
2716 4450 2842 4496 sunt
2869 4440 3074 4496 viscera
3105 4441 3490 4499 misericordia:
3519 4444 3634 4499 Dei.

2398 4534 2452 4589 9.
2496 4533 2749 4600 Quoniam
2773 4533 2947 4589 videbo
2983 4533 3155 4600 caelos,
3201 4550 3356 4604 opera
3382 4536 3658 4608 digitorum
3682 4543 3875 4593 tuorum,

2328 4626 2503 4680 lunam
2530 4634 2578 4679 et
2615 4624 2789 4679 stellas
2827 4641 2951 4697 quas
2990 4634 3044 4679 tu
3086 4625 3336 4696 fundasti.
3386 4627 3538 4683 Luna
3577 4634 3632 4682 et
3657 4623 3811 4681 stella:
3834 4619 3877 4673 in

2327 4716 2480 4773 ctelis
2520 4724 2644 4770 sunt
2685 4713 2917 4770 fundata:
2943 4731 2959 4770 :
2987 4715 3110 4787 quia
3132 4724 3188 4771 et
3215 4715 3533 4772 universalis
3578 4710 3801 4771 Ecclesia
3830 4706 3875 4761 in

2327 4806 2481 4876 cujus
2514 4821 2659 4877 saepe
2686 4805 3075 4876 signiﬁcatione
3105 4805 3226 4860 luna
3258 4807 3495 4875 ponitur,
3522 4813 3577 4861 et
3618 4796 3875 4875 particula-

2329 4898 2423 4953 tim
2452 4912 2549 4968 per
2574 4898 2690 4954 loca
2721 4897 2927 4968 singula
2958 4895 3211 4951 Ecclesia:
3233 4912 3365 4967 quas
3387 4898 3602 4955 nomine
3626 4894 3867 4952 stellarum

2329 4990 2622 5048 insinuatas
2671 4990 2917 5054 arbitror,
2968 4989 3025 5044 in
3067 4988 3266 5045 eisdem
3299 4990 3587 5061 Scripturis
3633 4985 3873 5044 collocata!

2328 5091 2471 5150 sunt,
2511 5097 2645 5154 quas
2682 5080 2941 5138 caelorum
2969 5081 3230 5137 vocabulo
3256 5083 3454 5152 positas
3482 5081 3756 5140 credimus.
3780 5070 3870 5126 Cur

2328 5185 2503 5231 autem
2535 5175 2659 5229 luna
2680 5186 2827 5229 recte
2855 5174 3117 5244 signiﬁcet
3141 5174 3455 5242 Ecclesiam,
3480 5168 3810 5247 opportunius
3825 5161 3867 5216 in

2329 5267 2435 5323 alio
2464 5266 2668 5336 psalmo
2694 5264 3142 5333 considerabitur,
3172 5267 3262 5323 ubi
3290 5267 3488 5324 dictum
3513 5274 3629 5322 est:
3657 5261 3865 5317 Percote-

2328 5375 2408 5415 res
2445 5357 2763 5412 intenderunt
2795 5373 3003 5425 arcum,
3055 5365 3110 5413 ut
3149 5358 3389 5430 sagittent
3429 5359 3484 5414 in
3520 5356 3722 5413 obscura
3765 5347 3865 5402 luna

2328 5459 2488 5505 rectos
2503 5448 2655 5503 corde
2675 5445 2846 5516 (Psal.
2877 5464 2935 5515 χ,
2959 5447 3036 5519 '5).

2400 5541 2492 5597 10.
2532 5538 2683 5613 [νει-δ.
2714 5538 2794 5613 5.]
2837 5539 2972 5608 Quid
3001 5549 3072 5596 cst
3115 5540 3285 5609 homo,
3324 5543 3445 5615 quia
3472 5553 3655 5597 memor
3676 5549 3722 5590 es
3745 5528 3860 5599 εἱειεὸ

2395 5699 2406 5729 ¹
2442 5694 2671 5760 I.ov.,qui
2692 5694 3226 5760 super-lutiloguacitate.
3259 5706 3311 5750 At
3338 5702 3453 5754 editi
3477 5699 3552 5752 alii
3589 5700 3637 5748 et
3662 5700 3772 5747 MSS»
3791 5676 3855 5746 «1ιά

2330 5772 2417 5824 per
2438 5756 2709 5822 superbiam
2726 5756 3039 5823 loquacitatis.
