4078 6428
209 395 320 454 H3

210 519 304 564 aut
332 509 468 579 [ilius
487 511 725 576 hominis,
754 511 992 582 quoniam
1012 521 1066 567 tu
1090 513 1262 570 visitas
1289 533 1403 571 eum
1423 519 1448 572 ?
1470 517 1607 586 Quid
1647 519 1786 574 inter

206 601 480 657 hominem
521 612 577 657 et
618 602 781 658 ﬁlium
814 603 1043 659 hominis
1089 605 1270 671 distet,
1301 609 1465 677 quaeri
1494 583 1712 678 potest;
1741 609 1785 664 si

142 663 165 768 ξ
201 695 350 749 enim
388 694 520 749 nihil
560 693 802 762 distaret,
835 711 940 752 non
972 697 1040 752 ita
1068 663 1375 768 poneretur,
1404 700 1573 768 homo,
1605 709 1694 754 aut
1718 701 1786 767 [i-

142 748 164 861 3
198 786 303 840 lius
329 785 548 841 hominis
568 827 582 850 ,
610 801 708 856 per
726 748 1160 857 disjunctionerm.
1187 789 1317 844 Nam
1345 748 1391 845 si
1417 791 1487 844 ita
1532 748 1784 861 scriptum

143 875 156 948 ξ
195 884 344 932 esset
377 893 391 929 :
418 875 560 944 Quid
603 887 687 933 est
733 877 895 933 homo
939 881 1065 950 quia
1087 895 1293 935 memor
1316 896 1375 937 es
1399 881 1535 952 ejus,
1567 891 1621 938 et
1649 882 1786 938 ﬁlius

195 965 439 1022 hominis
473 966 726 1038 quoniam
769 968 956 1024 visitas
1001 984 1158 1025 eum:
1185 972 1471 1042 repetitum
1518 971 1788 1028 videretur

157 1073 162 1102 ῖ
195 1055 344 1128 quod
370 1057 570 1112 dictum
605 1067 710 1125 est,
743 1059 927 1124 homo;
951 1075 1094 1117 nunc
1119 1075 1250 1116 vero
1271 1076 1393 1116 cum
1417 1071 1592 1128 sonat,
1615 1063 1784 1130 homo,

154 1146 158 1148 ⁷
198 1155 291 1201 aut
334 1148 468 1216 ﬁlius
507 1148 747 1216 hominis,
794 1150 1123 1208 manifestior
1170 1153 1468 1210 insinuatur
1515 1153 1783 1209 distantia.

203 1239 319 1294 Hoc
347 1254 474 1295 sane
515 1240 854 1296 retinendum
884 1253 988 1310 est,
1019 1243 1142 1314 quia
1184 1244 1358 1302 omnis
1384 1243 1523 1298 ﬁlius
1558 1233 1788 1298 hominis

207 1330 390 1398 homo,
415 1332 656 1403 quamvis
682 1348 788 1388 non
814 1333 989 1389 omnis
1015 1333 1177 1389 homo
1205 1333 1346 1389 ﬁlius
1371 1333 1602 1390 hominis
1622 1335 1790 1405 possit

209 1422 431 1494 intelligi
456 1441 470 1478 :
501 1423 672 1480 Adam
697 1427 894 1496 quippe
914 1425 1095 1493 homo,
1118 1425 1212 1482 sed
1239 1442 1344 1482 non
1371 1426 1508 1482 ﬁlius
1530 1426 1782 1482 hominis.

207 1516 537 1586 Quapropter
565 1515 692 1571 hinc
716 1517 826 1585 jam
864 1518 990 1573 licet
1020 1517 1298 1574 attendere
1321 1527 1484 1590 atque
1510 1518 1784 1574 discerne-

208 1620 294 1674 ns,
324 1605 447 1675 quid
475 1605 576 1661 hoc
605 1607 662 1661 in
709 1606 828 1662 loco
857 1608 994 1663 inter
1021 1608 1296 1690 hominem
1323 1618 1379 1665 et
1408 1609 1576 1664 tilium
1611 1610 1787 1665 homi-

208 1696 295 1751 nis
313 1695 474 1752 distet
500 1715 514 1750 :
545 1706 604 1751 ut
630 1697 722 1768 qui
753 1708 971 1768 portant
991 1699 1272 1770 imaginem
1304 1700 1500 1756 terreni
1532 1701 1785 1767 hominis,

208 1787 298 1856 qui
327 1801 428 1842 non
450 1795 533 1843 est
559 1789 702 1845 ﬁlius
731 1788 984 1856 hominis,
1008 1790 1288 1846 hominum
1328 1792 1544 1846 nomine
1587 1791 1788 1862 signiﬁ-

207 1887 430 1944 centur;
459 1881 547 1951 qui
585 1891 764 1937 autem
794 1891 1006 1953 portant
1037 1883 1322 1955 imaginem
1349 1884 1583 1940 cmlestis
1611 1885 1786 1940 homi-

206 1974 291 2028 nis
321 1974 362 2045 (ι
389 1973 503 2030 Cor.
532 1991 628 2042 xv,
653 1975 767 2049 49),
796 1975 890 2032 ﬁlii
923 1977 1199 2033 hominum
1230 1962 1407 2049 potius
1429 1980 1782 2050 appellentur.

208 2065 302 2122 Ille
351 2067 492 2122 enim
523 2077 579 2124 et
630 2079 784 2126 vetus
827 2071 988 2128 homo
1013 2071 1228 2140 dicitur,
1275 2072 1377 2128 iste
1403 2081 1582 2129 autem
1616 2061 1784 2130 novus

206 2155 420 2228 (Ephes.
452 2174 522 2224 tv,
553 2159 644 2230 22,
690 2160 785 2231 24)
813 2179 827 2216 :
854 2162 949 2219 sed
996 2177 1166 2219 novus
1202 2179 1267 2219 ex
1300 2173 1484 2220 vetere
1527 2166 1787 2234 nascitur,

205 2249 450 2318 quoniam
493 2245 1140 2325 spiritualis'regeneratio
1182 2256 1480 2311 mutatione
1528 2256 1651 2312 vitae
1684 2266 1790 2313 ter-

206 2349 528 2412 remeatque
574 2343 850 2399 szecularis
894 2344 1214 2412 inchoatur;
1252 2356 1308 2402 et
1345 2347 1465 2403 ideo
1495 2347 1596 2404 iste
1647 2348 1787 2405 ﬁlius

209 2429 434 2488 hominis
459 2444 817 2505 nuncupatur.
847 2435 1018 2493 Homo
1043 2437 1203 2508 igitur
1230 2437 1334 2494 hoc
1356 2439 1476 2494 loco
1504 2448 1588 2495 est
1613 2450 1786 2496 terre-

213 2538 327 2590 nus,
355 2525 486 2582 ﬁlius
526 2537 704 2583 autem
753 2528 987 2586 hominis
1011 2530 1248 2586 ctelestis
1275 2551 1288 2588 :
1325 2541 1382 2588 et
1407 2532 1496 2589 ille
1516 2534 1672 2604 longe
1697 2549 1785 2590 εθι-

215 2615 416 2686 junctus
437 2633 468 2674 a
494 2620 624 2687 Deo,
658 2621 744 2678 hic
763 2632 938 2679 autem
975 2639 1212 2696 presens
1239 2626 1352 2681 Deo
1376 2644 1391 2681 :
1422 2635 1476 2682 et
1504 2636 1785 2698 propterea

217 2705 350 2763 illius
373 2725 573 2766 memor
611 2722 712 2775 est,
744 2723 993 2785 tanquam
1021 2716 1074 2770 in
1107 2716 1398 2787 longinquo
1424 2718 1616 2787 positi;
1646 2720 1788 2774 hunc

221 2809 340 2853 vero
365 2800 550 2867 visitat,
578 2817 735 2872 quem
764 2819 1002 2874 praesens
1025 2805 1256 2862 illustrat
1285 2807 1434 2861 vultu
1454 2822 1551 2861 suo
1576 2825 1589 2862 :
1614 2806 1788 2880 Longe

220 2899 285 2944 est
312 2891 444 2946 enim
485 2910 518 2947 a
559 2896 901 2964 peccatoribus
935 2896 1076 2952 salus
1097 2897 1270 2967 (Psal.
1299 2913 1483 2966 cxvm,
1511 2900 1657 2972 155),
1688 2909 1742 2955 et
1765 2942 1781 2969 ,

225 2978 471 3052 Signatum
493 2995 564 3039 est
591 2987 644 3040 in
673 2987 814 3041 nobis
843 2987 1012 3042 lumen
1031 2989 1202 3043 vultus
1231 2989 1326 3056 tui,
1361 2989 1580 3046 Domine
1611 2989 1782 3063 (Psal.

225 3087 289 3138 tv,
311 3074 382 3143 7).
406 3075 490 3131 Sic
510 3077 561 3132 in
589 3077 693 3131 alio
712 3079 918 3149 psalmo
933 3078 1179 3135 homines
1191 3079 1448 3151 jumentis
1468 3083 1781 3148 associatos,

225 3175 320 3218 non
342 3178 430 3234 per
467 3176 781 3236 praesentem
823 3170 1132 3225 interiorem
1182 3171 1646 3241 illuminationcm,
1691 3175 1786 3232 sed

226 3266 311 3322 per
358 3257 844 3328 multiplicationetn
877 3260 1258 3317 misericordiae
1284 3263 1381 3318 Dei
1407 3279 1508 3333 qua
1537 3265 1655 3334 ejus
1683 3265 1785 3322 bo-

226 3345 349 3402 nitas
390 3364 551 3421 usque
592 3353 660 3408 ad
709 3353 889 3408 inﬁma
922 3354 1234 3425 intenditur,
1281 3359 1456 3414 salvos
1502 3359 1618 3416 ﬁeri
1657 3361 1786 3417 dicit

229 3451 334 3494 cum
375 3440 498 3512 ipsis
535 3445 824 3514 jumentis;
879 3448 1132 3517 quoniam
1177 3451 1469 3506 carnalium
1508 3452 1785 3510 hominum

226 3527 352 3584 salus
378 3534 600 3588 carnalis
627 3543 731 3601 est,
767 3541 1026 3608 tanquam
1069 3554 1341 3609 pecorum.
1397 3541 1560 3598 Filios
1603 3553 1782 3600 autem

227 3615 475 3677 hominum
506 3625 791 3696 sejungens
817 3625 886 3682 ab
925 3628 1002 3685 eis
1031 3644 1167 3701 quos
1207 3631 1452 3688 homines
1489 3635 1783 3705 pecudibus

221 3708 394 3779 junxit,
421 3715 576 3788 longe
601 3719 906 3794 sublimiori‘
935 3721 1112 3788 modo,
1167 3724 1336 3796 ipsius
1375 3729 1618 3786 veritatis
1662 3730 1784 3786 illu-

223 3805 480 3876 strations,
525 3818 581 3865 et
610 3810 840 3879 quadam
869 3813 1043 3869 vitalis
1068 3813 1230 3870 fontis
1258 3817 1619 3886 inundatione,
1650 3823 1781 3877 bea-

222 3901 292 3950 tos
317 3896 422 3953 ﬁeri
446 3900 721 3970 praedicat.
750 3902 839 3960 Sic
861 3906 1006 3960 enim
1032 3905 1192 3961 dicit:
1221 3907 1468 3963 Homines
1487 3921 1531 3964 et
1547 3913 1782 3983 jumenta

217 3987 365 4044 salvos
389 3993 561 4062 facies,
597 3993 853 4062 Domine;
882 3997 1010 4051 sicut
1035 3999 1372 4069 multiplicata
1401 4010 1473 4055 est
1501 4003 1781 4058 misericor-

215 4079 289 4134 dia
309 4090 412 4150 tua,
440 4083 599 4141 Deus.
633 4085 763 4142 Filii
787 4097 951 4143 autem
979 4091 1241 4146 hominum
1261 4093 1314 4146 in
1342 4096 1649 4162 protectione
1672 4097 1782 4151 ala-

212 4185 314 4225 rum
335 4181 532 4228 tuarum
547 4177 841 4246 sperabunt.
875 4178 1264 4236 Incbriabuntur
1287 4183 1350 4236 ab
1374 4184 1576 4240 uberate
1604 4188 1782 4243 domus

215 4272 321 4330 tum,
351 4275 396 4319 et
431 4275 660 4324 torrente
701 4271 997 4327 deliciarum
1039 4282 1240 4329 tuarum
1283 4276 1478 4347 potabis
1504 4295 1607 4333 eos.
1644 4279 1784 4347 Quo-

210 4355 335 4410 niam
357 4359 498 4429 apud
526 4369 572 4414 te
599 4371 676 4416 est
709 4363 825 4432 fons
855 4366 990 4433 vitta,
1020 4374 1068 4420 et
1096 4367 1150 4421 in
1179 4365 1372 4424 lumine
1399 4379 1485 4424 tuo
1505 4371 1780 4427 videbimus

211 4447 389 4504 lumen.
443 4452 716 4509 Prcetende
763 4456 1162 4512 misericordiam
1209 4467 1348 4512 tuam
1413 4462 1680 4518 scientibus
1734 4473 1782 4518 te

216 4538 368 4612 (Psal.
413 4557 556 4598 xxxv
583 4586 596 4608 ,
629 4545 806 4615 7-il).
831 4545 1033 4602 Memor
1081 4559 1164 4604 est
1215 4549 1373 4620 igitur
1419 4551 1647 4609 hominis
1685 4570 1782 4626 per

217 4630 692 4702 multiplicationem
741 4635 1142 4707 misericordiae,
1193 4640 1329 4696 sicut
1375 4641 1776 4712 jumentorum;

219 4721 323 4791 quia
351 4725 694 4797 multiplicata
723 4729 1087 4785 misericordia
1115 4731 1273 4786 etiam
1299 4733 1365 4787 ad
1397 4735 1550 4807 longe
1578 4738 1780 4807 positos

222 4820 440 4882 pervenit
471 4837 483 4873 :
513 4821 693 4876 visitat
735 4836 864 4878 vero
909 4823 1073 4878 ﬁlium
1103 4823 1356 4891 hominis,
1387 4829 1471 4883 cui
1518 4831 1614 4884 sub
1657 4845 1782 4901 pro-

224 4908 429 4965 lectione
456 4911 662 4967 alarum
689 4926 906 4970 suarum
934 4915 1108 4985 posito
1157 4917 1436 4986 prmtendit
1472 4921 1778 4975 miscricor-

224 4992 363 5064 diam,
391 5010 444 5056 et
467 5003 519 5058 in
539 5002 742 5060 lumine
770 5018 868 5060 suo
893 5007 1072 5062 lumen
1099 5008 1318 5078 prabet,
1345 5016 1400 5064 et
1426 5025 1547 5065 eum
1574 5011 1778 5068 deliciis

225 5089 316 5146 suis
335 5103 496 5163 potat,
523 5106 577 5152 et
620 5097 850 5154 inebriat
878 5099 1122 5158 ubertate
1149 5101 1340 5158 domus
1387 5119 1519 5169 suae,
1551 5103 1618 5158 ad
1645 5104 1778 5160 obli-

221 5183 475 5243 viscendas
515 5204 782 5246 aerumnas
821 5201 877 5248 et
927 5207 1140 5251 errores
1191 5197 1472 5265 prieteritzn
1496 5210 1777 5254 conversa-

216 5279 377 5336 tionis.
411 5281 562 5338 Hunc
588 5282 755 5340 ﬁlium
783 5283 1035 5354 hominis,
1071 5286 1121 5342 id
1146 5297 1229 5344 est
1258 5289 1526 5346 hominem
1558 5307 1774 5360 novum,

213 5373 504 5447 paenitentia
555 5377 755 5432 veteris
797 5379 1026 5449 parturit
1066 5394 1186 5436 cum
1231 5381 1419 5438 dolore
1465 5393 1518 5439 et
1554 5387 1774 5456 gemitu.

211 5464 306 5522 Iste
351 5466 596 5535 quamvis
639 5481 826 5534 novus,
875 5476 1052 5526 tamen
1097 5469 1270 5527 adhuc
1307 5474 1535 5529 carnalis
1562 5474 1774 5542 dicitur,

210 5572 320 5615 cum
350 5558 481 5614 lacte
515 5559 765 5627 nutritur,
792 5559 916 5616 Non
953 5563 1096 5632 potui
1119 5564 1256 5618 vobis
1283 5565 1419 5636 loqui
1447 5569 1591 5638 quasi
1620 5568 1775 5637 spiri-

214 5649 433 5718 tualibus,
463 5653 555 5709 sed
581 5654 727 5724 quasi
743 5655 1052 5724 carnalibus,
1085 5656 1256 5728 inquit
1285 5658 1606 5729 Apostolus;
1639 5671 1692 5716 et
1720 5672 1776 5717 ut

212 5741 500 5800 ostenderet
522 5746 631 5815 jam
658 5756 1018 5816 regeneratos,
1043 5745 1309 5819 Tanquam
1337 5752 1580 5819 parvulis,
1602 5752 1694 5819 ait,
1723 5753 1775 5808 in

218 5834 414 5900 Christo,
444 5836 525 5890 lac
555 5837 690 5892 vobis
720 5847 891 5908 potum
911 5838 1046 5905 dedi,
1071 5855 1172 5895 non
1200 5839 1385 5894 cibum.
1419 5841 1518 5897 Isle
1539 5859 1658 5900 cum
1683 5859 1763 5902 re-

1299 400 1700 462 ENARBATIO
1737 404 1805 462 IN
1844 405 2167 467 PSALMUM
2213 412 2339 470 Vlll.

3367 426 3468 484 Hi

1894 519 2111 590 labitur,
2143 526 2281 594 quod
2323 543 2466 599 stupe
2493 532 2703 597 accidit,
2751 535 2813 589 ad
2848 547 3076 594 veterem
3123 541 3306 607 vitam,
3349 561 3469 600 cum

1894 617 2307 684 exprobratione
2333 622 2476 677 audit
2496 626 2649 694 quod
2682 627 2840 682 homo
2866 631 2934 684 sit
2975 649 2988 683 :
3029 631 3216 688 Nonne
3240 635 3467 693 homines

1895 707 2033 771 estis,
2063 710 2246 778 inquit,
2295 721 2342 766 et
2361 716 2632 770 secundum
2661 718 2911 774 hominem
2949 725 3218 782 ambulatio
3253 726 3307 801 (ι
3346 726 3466 783 Cor.

1895 810 1971 863 tu,
1991 799 2130 869 1-5).

1967 890 2052 944 ll.
2079 867 2225 963 [υενε.
2246 894 2381 970 6,7.]
2398 896 2564 954 Filius
2582 900 2740 971 igitur
2756 903 2986 962 hominis
3000 908 3168 978 primo
3185 913 3203 944 ¹
3223 913 3473 970 visitatus

1894 990 1977 1036 est
2003 983 2058 1037 in
2086 984 2203 1054 ipso
2228 986 2444 1045 homine
2475 990 2752 1049 Dominico
2782 995 2881 1067 (α),
2925 1008 3048 1054 nato
3071 1015 3137 1056 ex
3167 1002 3330 1059 Maria
3351 1005 3475 1060 'vir-

3515 794 3529 838 Υ

1893 1073 2035 1142 gine.
2089 1077 2163 1131 De
2216 1093 2322 1148 quo
2373 1090 2591 1152 propter
2633 1083 2801 1154 ipsam
2849 1087 3208 1148 inﬁrmitatem
3249 1097 3470 1164 carnis,
3523 1099 3528 1110 ⁷

1897 1165 2357 1238 quamSapientia
2387 1171 2481 1226 Dei
2505 1184 2717 1244 gestare
2742 1176 2953 1248 dignata
2983 1190 3066 1236 est
3088 1225 3102 1248 ,
3131 1192 3185 1237 et
3213 1187 3473 1254 passionis

1897 1256 2250 1317 humilitatem
2281 1273 2424 1320 recte
2451 1266 2644 1323 dicitur
2673 1288 2685 1322 :
2716 1269 2948 1326 Minuisti
2984 1290 3096 1328 eum
3125 1277 3277 1344 paulo
3306 1279 3475 1341 minus

1895 1350 1958 1403 ab
1988 1351 2212 1422 Angelis.
2241 1353 2346 1409 Sed
2372 1356 2585 1412 additur
2606 1360 2694 1414 illa
2737 1361 3045 1419 clariﬁcatio
3063 1365 3167 1435 qua
3193 1381 3475 1438 resurgens

1895 1443 2134 1498 ascendit
2176 1446 2226 1498 in
2272 1447 2466 1502 coelum
2497 1468 2510 1503 :
2541 1448 2747 1518 Gloria,
2781 1453 2983 1523 inquit,
3026 1465 3071 1508 et
3114 1457 3301 1512 honore
3327 1475 3476 1512 coro-

1895 1535 2028 1587 nasti
2045 1550 2196 1598 eum;
2226 1545 2271 1590 et
2296 1539 2596 1594 constituisti
2621 1558 2734 1594 eum
2757 1559 2908 1613 super
2934 1560 3086 1614 opera
3105 1557 3343 1601 manuum
3362 1558 3478 1603 tua-

1894 1641 2026 1679 rum.
2069 1627 2506 1699 Quandoquidem
2556 1639 2609 1686 et
2639 1634 2826 1703 Angeli
2868 1644 2990 1690 sunt
3032 1650 3192 1705 Opera
3224 1653 3475 1694 manuum

1897 1716 2013 1782 Dei,
2044 1719 2202 1773 etiam
2230 1736 2390 1790 super
2416 1723 2648 1793 Angelos
2674 1726 3018 1780 constitutum
3045 1727 3334 1796 accipimus
3359 1730 3478 1784 uni-

1893 1809 2128 1879 genitum
2157 1809 2366 1876 Filium,
2387 1827 2545 1881 quem
2574 1813 2833 1869 minutum
2879 1816 3036 1886 paulo
3061 1817 3236 1872 minus
3267 1819 3335 1874 ab
3360 1821 3474 1874 An-

1894 1899 2028 1969 gelis
2079 1914 2172 1969 per
2223 1899 2576 1958 humilitatem
2624 1905 2854 1960 carnalis
2905 1908 3266 1975 generationis
3313 1917 3476 1980 atque

1895 1990 2159 2060 passionis
2186 1991 2430 2046 audimus
2455 2001 2509 2047 et
2531 1992 2818 2049 credimus.

1966 2082 2054 2136 12.
2098 2082 2117 2155 [
2143 2099 2270 2138 vers.
2299 2084 2353 2146 8,
2386 2083 2465 2156 9.]
2519 2084 2733 2151 Omnia,
2765 2086 2965 2156 inquit,
2993 2089 3247 2160 subjecisti
3271 2089 3361 2143 sub
3385 2106 3476 2160 pe-

1895 2174 2040 2228 dibus
2068 2176 2198 2245 ejus.
2228 2174 2370 2230 Nihil
2393 2176 2609 2246 excipit,
2639 2192 2760 2231 cum
2782 2177 2906 2232 dicit
2927 2179 3113 2232 omnia.
3148 2179 3217 2233 Et
3239 2170 3477 2256 nealiter

1895 2265 2082 2321 liceret
2108 2265 2348 2336 intelligi,
2379 2267 2457 2321 sic
2486 2268 2776 2337 Apostolus
2795 2269 2941 2324 credi
2964 2268 3145 2338 jubet,
3176 2266 3473 2338 cuuyﬁit,

1895 2266 2082 2321 liceret
2108 2266 2348 2336 intelligi,
2379 2267 2457 2321 sic
2486 2268 2776 2337 Apostolus
2795 2269 2941 2324 credi
2964 2268 3145 2338 jubet,
3176 2266 3473 2512 cogit,

1894 2367 2099 2428 excepto
2149 2373 2207 2411 eo
2247 2358 2334 2428 qui
2381 2358 2426 2412 ei
2467 2359 2677 2430 subjecit
2717 2361 2888 2414 omnia
2924 2360 3054 2431 (Id.
3085 2377 3158 2416 xv
3182 2403 3197 2427 ,
3265 2421 3268 2426 _
3405 2407 3420 2436 α.
3457 2372 3479 2418 ι

1894 2448 1997 2503 hoc
2029 2448 2144 2512 ipso
2173 2448 2331 2512 hujus
2358 2449 2551 2512 psalmi
2577 2450 2884 2506 testimonio
2927 2453 3094 2507 utitur
3122 2453 3188 2508 ad
3220 2453 3296 2508 ile
3413 2468 3476 2510 os

1893 2448 1997 2503 hoc
2029 2448 2144 2518 ipso
2173 2448 2331 2519 hujus
2358 2449 2551 2520 psalmi
2577 2450 2884 2506 testimonio
2927 2453 3094 2507 utitur
3122 2453 3188 2508 ad
3220 2448 3476 2534 ileliﬁos

1894 2539 1915 2611 (
1949 2539 2103 2595 Hebr.
2143 2557 2201 2608 tt,
2229 2540 2328 2612 8),
2357 2557 2478 2596 cum
2509 2543 2579 2597 ita
2604 2543 2718 2598 vult
2746 2543 2924 2598 omnia
2948 2544 3169 2615 intelligi
3205 2561 3323 2602 esse
3342 2545 3475 2600 sub-

1887 2631 2029 2703 jecta
2057 2633 2283 2688 Domino
2310 2641 2495 2688 nostro
2522 2633 2647 2690 Jesu
2669 2634 2887 2690 Christo
2908 2675 2924 2702 ,
2956 2643 3016 2689 ut
3044 2635 3174 2688 nihil
3195 2645 3476 2707 exceptum

1893 2725 1982 2780 sit.
2003 2725 2109 2779 Nec
2125 2735 2296 2780 tamen
2313 2727 2461 2795 quasi
2476 2725 2673 2796 aliquid
2687 2741 2938 2797 magnum
2949 2725 3159 2802 videtur
3169 2727 3231 2782 ad
3231 2727 3476 2798 jungere,

1893 2833 2013 2872 cum
2045 2818 2175 2872 dicit
2206 2835 2218 2868 :
2252 2816 2380 2872 Oves
2426 2827 2472 2871 et
2497 2817 2642 2872 boves
2667 2820 2947 2885 universas,
2979 2819 3186 2888 insuper
3211 2828 3266 2896 et?
3291 2835 3474 2900 pecora

1893 2911 2093 2980 campi;
2134 2911 2361 2965 volucres
2400 2911 2548 2977 caeli,
2595 2921 2641 2965 et
2667 2913 2828 2982 pisces
2866 2913 3047 2980 maris,
3090 2913 3177 2982 qui
3211 2915 3480 2984 perambu-

3265 2421 3268 2426 .
3405 2407 3420 2436 ,ε
3457 2372 3479 2418 ι

3266 2467 3476 2518 θῦμος

1893 3004 2002 3058 lant
2028 3003 2228 3058 semitas
2273 3003 2450 3058 maris.
2483 3003 2704 3059 Videtur
2742 3005 2883 3076 enim
2928 3005 3128 3060 relictis
3171 3006 3477 3062 ccclestibus

1892 3093 2188 3150 Virtutibus
2239 3105 2295 3150 et
2343 3095 2704 3152 Potestatibus
2750 3106 2805 3152 et
2860 3097 3107 3151 omnibus
3150 3098 3476 3153 exercitibus

1892 3187 2239 3258 Angelorum,
2271 3187 2469 3243 relictis
2495 3187 2655 3242 etiam
2683 3187 2812 3259 ipsis
2841 3187 3165 3253 hominibus,
3195 3197 3396 3244 tantum
3425 3189 3478 3245 ei

1890 3294 2084 3350 pecora
2132 3279 2455 3349 subjecisse;
2497 3280 2599 3336 nisi
2647 3296 2780 3336 oves
2831 3290 2882 3336 et
2924 3281 3086 3336 boves
3117 3281 3477 3353 intelligamus

1890 3371 2096 3426 animas
2123 3381 2333 3427 sanctas
2356 3413 2369 3435 ,
2399 3372 2481 3426 vel
2512 3372 2829 3428 innocentia:
2867 3371 3094 3427 fructum
3135 3373 3322 3429 dantes
3346 3415 3360 3438 ,
3389 3375 3480 3430 vel

1890 3461 2050 3517 etiam
2073 3471 2357 3532 operantes
2383 3472 2438 3518 ut
2464 3472 2604 3519 terra
2637 3463 2937 3531 i‘ructiﬁcet,
2965 3463 3018 3518 id
3047 3472 3158 3528 est,
3190 3475 3246 3518 ut
3273 3467 3474 3521 terreni

1889 3551 2133 3607 homines
2157 3553 2222 3608 ad
2253 3554 2581 3623 spiritualem
2608 3554 2903 3609 ubertatem
2934 3564 3335 3625 regenerentur.
3365 3556 3474 3611 llas

1889 3661 2017 3716 ergo
2042 3647 2248 3700 animas
2268 3655 2498 3712 sanctas,
2517 3661 2623 3702 non
2648 3646 2919 3702 hominum
2951 3656 3174 3714 tantum,
3199 3648 3292 3702 sed
3313 3651 3476 3704 etiam

1888 3735 2124 3791 omnium
2147 3735 2472 3806 Angelorum
2493 3745 2703 3806 oportet
2727 3738 2987 3806 accipere,
3014 3738 3058 3791 si
3079 3738 3327 3793 volumus
3352 3740 3476 3794 hinc

1889 3827 2187 3895 intelligere
2215 3829 2392 3882 omnia
2432 3843 2551 3883 esse
2597 3828 2833 3898 subjecta
2871 3829 3096 3884 Domino
3134 3840 3318 3886 nostro
3344 3831 3478 3888 Jcsu

1887 3915 2135 3983 Christo;
2181 3918 2327 3972 nulla
2357 3919 2498 3974 enim
2529 3928 2771 3973 creatura
2802 3920 3037 3989 subjecta
3067 3936 3171 3975 non
3212 3923 3314 3977 erit
3341 3964 3356 3987 ,
3387 3924 3474 3978 cui

1887 4008 2182 4078 primates,
2217 4017 2275 4062 ut
2325 4009 2398 4063 ita
2452 4009 2655 4075 dicam,
2700 4011 2913 4079 spiritus
2964 4012 3333 4079 subjiciuntur.
3365 4013 3473 4070 Sed

1887 4098 2029 4154 unde
2055 4098 2396 4168 probabimus
2421 4115 2550 4156 oves
2578 4115 2736 4170 posse
2764 4102 2931 4170 accipi
2973 4102 3131 4157 etiam
3172 4103 3476 4161 sublimiter

1886 4191 2091 4257 beatos,
2121 4207 2227 4247 non
2253 4192 2518 4258 homines,
2545 4185 2636 4248 sed
2669 4182 2921 4263 angelicae
2946 4203 3204 4250 creatura:
3227 4196 3470 4266 spiritus?

1887 4286 1970 4340 An
2005 4301 2070 4340 ex
2097 4299 2162 4341 eo
2189 4286 2330 4357 quod
2357 4286 2613 4341 Dominus
2638 4286 2766 4341 dicit
2793 4287 3073 4358 reliquisse
3099 4303 3157 4343 se
3184 4290 3473 4361 nonaginta

1887 4392 2081 4432 novem
2109 4392 2238 4433 oves
2267 4378 2320 4432 in
2350 4377 2654 4443 montibus,
2689 4378 2740 4432 id
2776 4387 2854 4432 est
2885 4379 2934 4431 in
2962 4378 3359 4435 sublimioribus
3387 4381 3472 4436 lo-

1886 4469 1983 4533 cis,
2017 4477 2071 4523 et
2091 4467 2434 4524 descendisse
2463 4478 2679 4538 prepter
2711 4484 2867 4523 unam
2899 4469 3124 4542 (Matth.
3156 4487 3304 4538 xvnt,
3329 4470 3474 4544 l2)?

1887 4558 1944 4614 Si
1973 4559 2116 4614 enim
2148 4573 2305 4614 unam
2339 4574 2490 4614 ovem
2528 4559 2730 4628 lapsam
2759 4560 3045 4614 humanam
3071 4563 3302 4617 animam
3327 4564 3456 4620 acci-

1886 4651 2094 4722 piamus
2121 4652 2173 4705 in
2198 4650 2390 4716 Adam,
2419 4652 2540 4720 quia
2563 4652 2721 4705 etiam
2750 4652 2857 4706 Eva
2887 4651 2955 4707 de
2983 4653 3121 4707 illius
3147 4654 3311 4709 latere
3337 4654 3476 4710 facta

1886 4751 1969 4798 est
1995 4742 2014 4814 (
2040 4740 2167 4796 Gen.
2198 4756 2255 4796 ιι.
2283 4741 2354 4795 22
2381 4743 2420 4812 ),
2452 4757 2676 4812 quorum
2719 4743 2954 4796 omnium
2991 4743 3336 4812 spiritualiter
3362 4753 3474 4802 tra-

1885 4833 2198 4889 ctandorum
2226 4841 2280 4888 et
2299 4833 2809 4889 considerandorum
2834 4850 2975 4889 nunc
3006 4843 3214 4906 tempus
3239 4849 3346 4890 non
3367 4846 3472 4905 est,

1884 4934 2052 4982 restat
2099 4935 2157 4982 ut
2188 4925 2468 4996 nonaginta
2501 4941 2689 5002 novem
2721 4927 2922 4980 relictm
2963 4927 3013 4980 in
3047 4926 3334 4992 montibus,
3365 4942 3475 4985 non

1884 5017 2123 5079 humani,
2167 5017 2261 5072 sed
2303 5017 2524 5088 angelici
2554 5017 2770 5087 spiritus
2816 5017 3199 5089 intelligantur.
3231 5017 3365 5073 Nam
3402 5017 3472 5074 de

1883 5111 2055 5168 bobus
2077 5109 2247 5165 facilis
2267 5109 2534 5181 expeditio
2551 5112 2569 5141 ²
2597 5119 2677 5164 est
2695 5109 2850 5178 hujus
2872 5112 3183 5175 sementim;
3215 5112 3466 5183 quoniam

1885 5200 1985 5271 ipsi
2006 5199 2249 5254 homines
2277 5215 2380 5254 non
2403 5199 2472 5254 ob
2500 5198 2642 5253 aliud
2669 5199 2832 5254 boves
2863 5199 2990 5254 dicti
3017 5209 3171 5264 sunt,
3192 5201 3291 5254 nisi
3322 5200 3465 5270 quod

1884 5291 2296 5362 evangelizando
2347 5290 2566 5346 verbum
2622 5291 2713 5346 Dei
2761 5291 2991 5363 Angelos
3033 5293 3324 5358 imitantur,
3376 5292 3468 5348 ubi

1882 5384 2083 5441 dictum
2111 5391 2192 5439 est
2220 5402 2233 5436 :
2265 5382 2390 5437 Bovi
2419 5383 2676 5437 trituranti
2722 5400 2778 5438 os
2819 5401 2919 5438 non
2964 5383 3238 5454 infrenabis
3264 5382 3461 5455 (Deut.

1883 5495 2010 5545 xxv,
2041 5479 2075 5533 4
2106 5481 2144 5548 ).
2170 5478 2379 5544 Quanto
2409 5477 2566 5547 igitur
2589 5477 2794 5533 facilius
2821 5478 2963 5546 ipsos
2993 5475 3223 5545 Angelos
3251 5476 3467 5532 nuntios

1883 5569 2140 5637 veritatis,
2174 5571 2335 5626 boves
2356 5569 2680 5639 accipimus;
2714 5567 2928 5638 quando
2968 5565 3318 5638 Evangelistse
3345 5580 3468 5638 paro

1948 5708 1962 5774 ξ
1984 5713 2049 5758 ita
2069 5708 2119 5755 in
2133 5706 2382 5774 Mss.At_in
2407 5706 2565 5762 editis,
2587 5703 2846 5774 primus.”

1945 5772 1964 5800 ³
1990 5777 2089 5816 Am.
2115 5775 2190 5816 Er.
2211 5775 2263 5818 et
2284 5766 2466 5829 aliquot
2487 5775 2614 5826 Mss,
2639 5766 2888 5828 expositio.

1946 5854 2019 5916 (a)
2053 5860 2308 5912 taetram,
2333 5863 2436 5912 cap.
2466 5850 2539 5899 t9.
