  <div class='ocr_page' id='page_1' title='image "/cluster/home/n/w/nwhite01/storage/ocr_20150623/36/uva.x000827105/066.png"; bbox 0 0 4078 6432; ppageno 0'>
   <div class='ocr_carea' id='block_1_1' title="bbox 216 497 1774 569">
    <p class='ocr_par' dir='ltr' id='par_1_1' title="bbox 216 497 1774 569">
     <span class='ocr_line' id='line_1_1' title="bbox 216 497 1774 569; baseline -0.006 -7"><span class='ocrx_word' id='word_1_1' title='bbox 216 507 347 564; x_wconf 77' lang='lat' dir='ltr'><strong>enim</strong></span> <span class='ocrx_word' id='word_1_2' title='bbox 373 503 533 569; x_wconf 71' lang='lat' dir='ltr'><strong>dixit,</strong></span> <span class='ocrx_word' id='word_1_3' title='bbox 563 497 732 558; x_wconf 76' lang='lat' dir='ltr'><strong>Filius</strong></span> <span class='ocrx_word' id='word_1_4' title='bbox 755 499 892 568; x_wconf 90' lang='lat' dir='ltr'><strong>Dei;</strong></span> <span class='ocrx_word' id='word_1_5' title='bbox 921 501 1017 558; x_wconf 81' lang='lat' dir='ltr'><strong>sed</strong></span> <span class='ocrx_word' id='word_1_6' title='bbox 1054 507 1256 558; x_wconf 85' lang='lat' dir='ltr'><strong>tantum</strong></span> <span class='ocrx_word' id='word_1_7' title='bbox 1305 499 1532 555; x_wconf 87' lang='lat' dir='ltr'><strong>dicendo</strong></span> <span class='ocrx_word' id='word_1_8' title='bbox 1568 497 1737 554; x_wconf 82' lang='lat' dir='ltr'><strong>Filius</strong></span> <span class='ocrx_word' id='word_1_9' title='bbox 1760 538 1774 564; x_wconf 91' lang='lat'><strong>,</strong></span> 
     </span>
    </p>
   </div>
   <div class='ocr_carea' id='block_1_2' title="bbox 212 591 1778 666">
    <p class='ocr_par' dir='ltr' id='par_1_2' title="bbox 212 591 1778 666">
     <span class='ocr_line' id='line_1_2' title="bbox 212 591 1778 666; baseline -0.003 -16"><span class='ocrx_word' id='word_1_10' title='bbox 212 600 292 654; x_wconf 83' lang='lat' dir='ltr'><strong>dat</strong></span> <span class='ocrx_word' id='word_1_11' title='bbox 315 595 523 666; x_wconf 72' lang='lat' dir='ltr'><strong>intelligi</strong></span> <span class='ocrx_word' id='word_1_12' title='bbox 559 591 713 666; x_wconf 76' lang='lat' dir='ltr'><strong>cujus</strong></span> <span class='ocrx_word' id='word_1_13' title='bbox 732 595 800 650; x_wconf 91' lang='lat' dir='ltr'><strong>sit</strong></span> <span class='ocrx_word' id='word_1_14' title='bbox 828 593 987 650; x_wconf 83' lang='lat' dir='ltr'><strong>illius.</strong></span> <span class='ocrx_word' id='word_1_15' title='bbox 1015 595 1182 662; x_wconf 89' lang='lat' dir='ltr'><strong>Quam</strong></span> <span class='ocrx_word' id='word_1_16' title='bbox 1211 593 1532 649; x_wconf 89' lang='lat' dir='ltr'><strong>locutionem</strong></span> <span class='ocrx_word' id='word_1_17' title='bbox 1556 607 1662 647; x_wconf 92' lang='lat' dir='ltr'><strong>non</strong></span> <span class='ocrx_word' id='word_1_18' title='bbox 1687 607 1778 646; x_wconf 88' lang='lat' dir='ltr'><strong>re-</strong></span> 
     </span>
    </p>
   </div>
   <div class='ocr_carea' id='block_1_3' title="bbox 212 686 1779 762">
    <p class='ocr_par' dir='ltr' id='par_1_3' title="bbox 212 686 1779 762">
     <span class='ocr_line' id='line_1_3' title="bbox 212 686 1779 762; baseline -0.005 -15"><span class='ocrx_word' id='word_1_19' title='bbox 212 692 328 762; x_wconf 79' lang='lat' dir='ltr'><strong>cipit</strong></span> <span class='ocrx_word' id='word_1_20' title='bbox 363 691 466 745; x_wconf 90' lang='lat' dir='ltr'><strong>nisi</strong></span> <span class='ocrx_word' id='word_1_21' title='bbox 503 687 812 745; x_wconf 77' lang='lat' dir='ltr'><strong>excellentia</strong></span> <span class='ocrx_word' id='word_1_22' title='bbox 853 687 967 758; x_wconf 86' lang='lat' dir='ltr'><strong>ejus</strong></span> <span class='ocrx_word' id='word_1_23' title='bbox 1005 686 1075 743; x_wconf 91' lang='lat' dir='ltr'><strong>de</strong></span> <span class='ocrx_word' id='word_1_24' title='bbox 1116 702 1222 758; x_wconf 92' lang='lat' dir='ltr'><strong>quo</strong></span> <span class='ocrx_word' id='word_1_25' title='bbox 1261 686 1332 742; x_wconf 89' lang='lat' dir='ltr'><strong>ita</strong></span> <span class='ocrx_word' id='word_1_26' title='bbox 1376 686 1640 756; x_wconf 85' lang='lat' dir='ltr'><strong>loquimur</strong></span> <span class='ocrx_word' id='word_1_27' title='bbox 1668 727 1682 752; x_wconf 93' lang='lat'><strong>,</strong></span> <span class='ocrx_word' id='word_1_28' title='bbox 1720 692 1779 739; x_wconf 90' lang='lat' dir='ltr'><strong>ut</strong></span> 
     </span>
    </p>
   </div>
   <div class='ocr_carea' id='block_1_4' title="bbox 209 777 1776 851">
    <p class='ocr_par' dir='ltr' id='par_1_4' title="bbox 209 777 1776 851">
     <span class='ocr_line' id='line_1_4' title="bbox 209 777 1776 851; baseline -0.003 -13"><span class='ocrx_word' id='word_1_29' title='bbox 209 782 403 839; x_wconf 79' lang='lat' dir='ltr'><strong>etiamsi</strong></span> <span class='ocrx_word' id='word_1_30' title='bbox 450 797 549 838; x_wconf 88' lang='lat' dir='ltr'><strong>non</strong></span> <span class='ocrx_word' id='word_1_31' title='bbox 593 795 715 836; x_wconf 90' lang='lat' dir='ltr'><strong>eum</strong></span> <span class='ocrx_word' id='word_1_32' title='bbox 760 781 1136 847; x_wconf 85' lang='lat' dir='ltr'><strong>nominemus,</strong></span> <span class='ocrx_word' id='word_1_33' title='bbox 1182 780 1352 851; x_wconf 90' lang='lat' dir='ltr'><strong>possit</strong></span> <span class='ocrx_word' id='word_1_34' title='bbox 1396 777 1658 848; x_wconf 85' lang='lat' dir='ltr'><strong>intelligi:</strong></span> <span class='ocrx_word' id='word_1_35' title='bbox 1705 778 1776 833; x_wconf 81' lang='lat' dir='ltr'><strong>ita</strong></span> 
     </span>
    </p>
   </div>
   <div class='ocr_carea' id='block_1_5' title="bbox 207 873 1775 944">
    <p class='ocr_par' dir='ltr' id='par_1_5' title="bbox 207 873 1775 944">
     <span class='ocr_line' id='line_1_5' title="bbox 207 873 1775 944; baseline -0.004 -12"><span class='ocrx_word' id='word_1_36' title='bbox 207 877 334 932; x_wconf 86' lang='lat' dir='ltr'><strong>enim</strong></span> <span class='ocrx_word' id='word_1_37' title='bbox 361 874 582 930; x_wconf 87' lang='lat' dir='ltr'><strong>dicimus</strong></span> <span class='ocrx_word' id='word_1_38' title='bbox 604 916 623 942; x_wconf 89' lang='lat'><strong>,</strong></span> <span class='ocrx_word' id='word_1_39' title='bbox 654 873 796 930; x_wconf 87' lang='lat' dir='ltr'><strong>Piuit</strong></span> <span class='ocrx_word' id='word_1_40' title='bbox 820 918 834 941; x_wconf 94' lang='lat'><strong>,</strong></span> <span class='ocrx_word' id='word_1_41' title='bbox 865 882 1112 941; x_wconf 87' lang='lat' dir='ltr'><strong>serenat,</strong></span> <span class='ocrx_word' id='word_1_42' title='bbox 1149 882 1332 940; x_wconf 89' lang='lat' dir='ltr'><strong>tonat,</strong></span> <span class='ocrx_word' id='word_1_43' title='bbox 1365 881 1419 930; x_wconf 90' lang='lat' dir='ltr'><strong>et</strong></span> <span class='ocrx_word' id='word_1_44' title='bbox 1446 873 1490 929; x_wconf 88' lang='lat' dir='ltr'><strong>si</strong></span> <span class='ocrx_word' id='word_1_45' title='bbox 1520 888 1623 944; x_wconf 91' lang='lat' dir='ltr'><strong>qua</strong></span> <span class='ocrx_word' id='word_1_46' title='bbox 1649 877 1775 927; x_wconf 89' lang='lat' dir='ltr'><strong>sunt</strong></span> 
     </span>
    </p>
   </div>
   <div class='ocr_carea' id='block_1_6' title="bbox 208 963 1771 1038">
    <p class='ocr_par' dir='ltr' id='par_1_6' title="bbox 208 963 1771 1038">
     <span class='ocr_line' id='line_1_6' title="bbox 208 963 1771 1038; baseline -0.003 -14"><span class='ocrx_word' id='word_1_47' title='bbox 208 970 317 1024; x_wconf 89' lang='lat' dir='ltr'><strong>talia</strong></span> <span class='ocrx_word' id='word_1_48' title='bbox 340 1010 354 1035; x_wconf 97' lang='lat'><strong>,</strong></span> <span class='ocrx_word' id='word_1_49' title='bbox 387 983 484 1024; x_wconf 88' lang='lat' dir='ltr'><strong>nec</strong></span> <span class='ocrx_word' id='word_1_50' title='bbox 506 963 749 1022; x_wconf 84' lang='lat' dir='ltr'><strong>addimus</strong></span> <span class='ocrx_word' id='word_1_51' title='bbox 771 968 891 1038; x_wconf 89' lang='lat' dir='ltr'><strong>quis</strong></span> <span class='ocrx_word' id='word_1_52' title='bbox 917 967 968 1022; x_wconf 87' lang='lat' dir='ltr'><strong>id</strong></span> <span class='ocrx_word' id='word_1_53' title='bbox 990 967 1143 1022; x_wconf 85' lang='lat' dir='ltr'><strong>iaciat</strong></span> <span class='ocrx_word' id='word_1_54' title='bbox 1163 984 1178 1033; x_wconf 90' lang='lat'><strong>;</strong></span> <span class='ocrx_word' id='word_1_55' title='bbox 1202 966 1326 1038; x_wconf 85' lang='lat' dir='ltr'><strong>quia</strong></span> <span class='ocrx_word' id='word_1_56' title='bbox 1352 966 1588 1020; x_wconf 93' lang='lat' dir='ltr'><strong>omnium</strong></span> <span class='ocrx_word' id='word_1_57' title='bbox 1615 981 1771 1020; x_wconf 90' lang='lat' dir='ltr'><strong>men-</strong></span> 
     </span>
    </p>
   </div>
   <div class='ocr_carea' id='block_1_7' title="bbox 203 1059 1772 1134">
    <p class='ocr_par' dir='ltr' id='par_1_7' title="bbox 203 1059 1772 1134">
     <span class='ocr_line' id='line_1_7' title="bbox 203 1059 1772 1134; baseline -0.004 -15"><span class='ocrx_word' id='word_1_58' title='bbox 203 1065 333 1120; x_wconf 83' lang='lat' dir='ltr'><strong>tibus</strong></span> <span class='ocrx_word' id='word_1_59' title='bbox 382 1071 566 1134; x_wconf 79' lang='lat' dir='ltr'><strong>Sponte</strong></span> <span class='ocrx_word' id='word_1_60' title='bbox 608 1075 729 1117; x_wconf 90' lang='lat' dir='ltr'><strong>sese</strong></span> <span class='ocrx_word' id='word_1_61' title='bbox 775 1060 933 1116; x_wconf 84' lang='lat' dir='ltr'><strong>oii‘ert</strong></span> <span class='ocrx_word' id='word_1_62' title='bbox 980 1061 1292 1116; x_wconf 73' lang='lat' dir='ltr'><strong>excellentia</strong></span> <span class='ocrx_word' id='word_1_63' title='bbox 1343 1059 1620 1124; x_wconf 79' lang='lat' dir='ltr'><strong>facientis,</strong></span> <span class='ocrx_word' id='word_1_64' title='bbox 1673 1072 1772 1113; x_wconf 92' lang='lat' dir='ltr'><strong>nec</strong></span> 
     </span>
    </p>
   </div>
   <div class='ocr_carea' id='block_1_8' title="bbox 203 1149 1768 1224">
    <p class='ocr_par' dir='ltr' id='par_1_8' title="bbox 203 1149 1768 1224">
     <span class='ocr_line' id='line_1_8' title="bbox 203 1149 1768 1224; baseline -0.003 -13"><span class='ocrx_word' id='word_1_65' title='bbox 203 1156 348 1213; x_wconf 84' lang='lat' dir='ltr'><strong>verba</strong></span> <span class='ocrx_word' id='word_1_66' title='bbox 390 1153 672 1221; x_wconf 72' lang='lat' dir='ltr'><strong>desiderat.</strong></span> <span class='ocrx_word' id='word_1_67' title='bbox 722 1154 855 1224; x_wconf 66' lang='lat' dir='ltr'><strong>Quae</strong></span> <span class='ocrx_word' id='word_1_68' title='bbox 896 1161 1019 1209; x_wconf 91' lang='lat' dir='ltr'><strong>sunt</strong></span> <span class='ocrx_word' id='word_1_69' title='bbox 1062 1151 1219 1224; x_wconf 80' lang='lat' dir='ltr'><strong>igitur</strong></span> <span class='ocrx_word' id='word_1_70' title='bbox 1265 1151 1468 1210; x_wconf 87' lang='lat' dir='ltr'><strong>occulta</strong></span> <span class='ocrx_word' id='word_1_71' title='bbox 1515 1149 1674 1205; x_wconf 88' lang='lat' dir='ltr'><strong>Filii?</strong></span> <span class='ocrx_word' id='word_1_72' title='bbox 1712 1149 1768 1206; x_wconf 92' lang='lat' dir='ltr'><strong>in</strong></span> 
     </span>
    </p>
   </div>
   <div class='ocr_carea' id='block_1_9' title="bbox 201 1237 1768 1319">
    <p class='ocr_par' dir='ltr' id='par_1_9' title="bbox 201 1237 1768 1319">
     <span class='ocr_line' id='line_1_9' title="bbox 201 1237 1768 1319; baseline -0.003 -20"><span class='ocrx_word' id='word_1_73' title='bbox 201 1259 295 1318; x_wconf 91' lang='lat' dir='ltr'><strong>quo</strong></span> <span class='ocrx_word' id='word_1_74' title='bbox 317 1245 479 1302; x_wconf 84' lang='lat' dir='ltr'><strong>verbo</strong></span> <span class='ocrx_word' id='word_1_75' title='bbox 506 1243 733 1316; x_wconf 91' lang='lat' dir='ltr'><strong>primum</strong></span> <span class='ocrx_word' id='word_1_76' title='bbox 763 1242 1164 1313; x_wconf 83' lang='lat' dir='ltr'><strong>intelligendum</strong></span> <span class='ocrx_word' id='word_1_77' title='bbox 1190 1251 1272 1298; x_wconf 87' lang='lat' dir='ltr'><strong>est</strong></span> <span class='ocrx_word' id='word_1_78' title='bbox 1298 1253 1416 1298; x_wconf 82' lang='lat' dir='ltr'><strong>esse</strong></span> <span class='ocrx_word' id='word_1_79' title='bbox 1438 1240 1616 1319; x_wconf 1' lang='lat' dir='ltr'><strong>(aliqua</strong></span> <span class='ocrx_word' id='word_1_80' title='bbox 1646 1237 1768 1294; x_wconf 80' lang='lat' dir='ltr'><strong>Filii</strong></span> 
     </span>
    </p>
   </div>
   <div class='ocr_carea' id='block_1_10' title="bbox 202 1331 1768 1408">
    <p class='ocr_par' dir='ltr' id='par_1_10' title="bbox 202 1331 1768 1408">
     <span class='ocr_line' id='line_1_10' title="bbox 202 1331 1768 1408; baseline -0.005 -14"><span class='ocrx_word' id='word_1_81' title='bbox 202 1333 464 1394; x_wconf 81' lang='lat' dir='ltr'><strong>manifesta</strong></span> <span class='ocrx_word' id='word_1_82' title='bbox 487 1379 500 1402; x_wconf 94' lang='lat'><strong>,</strong></span> <span class='ocrx_word' id='word_1_83' title='bbox 529 1352 559 1391; x_wconf 91' lang='lat' dir='ltr'><strong>a</strong></span> <span class='ocrx_word' id='word_1_84' title='bbox 588 1331 780 1408; x_wconf 84' lang='lat' dir='ltr'><strong>quibus</strong></span> <span class='ocrx_word' id='word_1_85' title='bbox 799 1333 1193 1406; x_wconf 84' lang='lat' dir='ltr'><strong>distinguuntur</strong></span> <span class='ocrx_word' id='word_1_86' title='bbox 1216 1332 1332 1390; x_wconf 77' lang='lat' dir='ltr'><strong>hcce</strong></span> <span class='ocrx_word' id='word_1_87' title='bbox 1356 1347 1475 1404; x_wconf 75' lang='lat' dir='ltr'><strong>quae</strong></span> <span class='ocrx_word' id='word_1_88' title='bbox 1500 1331 1768 1402; x_wconf 82' lang='lat' dir='ltr'><strong>appellan-</strong></span> 
     </span>
    </p>
   </div>
   <div class='ocr_carea' id='block_1_11' title="bbox 202 1419 1766 1499">
    <p class='ocr_par' dir='ltr' id='par_1_11' title="bbox 202 1419 1766 1499">
     <span class='ocr_line' id='line_1_11' title="bbox 202 1419 1766 1499; baseline -0.003 -15"><span class='ocrx_word' id='word_1_89' title='bbox 202 1439 278 1484; x_wconf 85' lang='lat' dir='ltr'><strong>tur</strong></span> <span class='ocrx_word' id='word_1_90' title='bbox 317 1428 541 1485; x_wconf 86' lang='lat' dir='ltr'><strong>occuita.</strong></span> <span class='ocrx_word' id='word_1_91' title='bbox 588 1419 946 1496; x_wconf 80' lang='lat' dir='ltr'><strong>Quamobrem</strong></span> <span class='ocrx_word' id='word_1_92' title='bbox 971 1471 987 1495; x_wconf 91' lang='lat'><strong>,</strong></span> <span class='ocrx_word' id='word_1_93' title='bbox 1037 1427 1289 1499; x_wconf 90' lang='lat' dir='ltr'><strong>quoniam</strong></span> <span class='ocrx_word' id='word_1_94' title='bbox 1325 1426 1460 1482; x_wconf 93' lang='lat' dir='ltr'><strong>duos</strong></span> <span class='ocrx_word' id='word_1_95' title='bbox 1509 1425 1766 1480; x_wconf 85' lang='lat' dir='ltr'><strong>adventus</strong></span> 
     </span>
    </p>
   </div>
   <div class='ocr_carea' id='block_1_12' title="bbox 203 1509 1767 1591">
    <p class='ocr_par' dir='ltr' id='par_1_12' title="bbox 203 1509 1767 1591">
     <span class='ocr_line' id='line_1_12' title="bbox 203 1509 1767 1591; baseline -0.004 -12"><span class='ocrx_word' id='word_1_96' title='bbox 203 1521 396 1579; x_wconf 87' lang='lat' dir='ltr'><strong>Domini</strong></span> <span class='ocrx_word' id='word_1_97' title='bbox 430 1519 697 1579; x_wconf 85' lang='lat' dir='ltr'><strong>credimus</strong></span> <span class='ocrx_word' id='word_1_98' title='bbox 723 1561 739 1588; x_wconf 93' lang='lat'><strong>,</strong></span> <span class='ocrx_word' id='word_1_99' title='bbox 783 1535 943 1578; x_wconf 88' lang='lat' dir='ltr'><strong>unum</strong></span> <span class='ocrx_word' id='word_1_100' title='bbox 987 1519 1313 1591; x_wconf 80' lang='lat' dir='ltr'><strong>prteteritum</strong></span> <span class='ocrx_word' id='word_1_101' title='bbox 1340 1561 1355 1586; x_wconf 96' lang='lat'><strong>,</strong></span> <span class='ocrx_word' id='word_1_102' title='bbox 1397 1531 1554 1589; x_wconf 88' lang='lat' dir='ltr'><strong>quem</strong></span> <span class='ocrx_word' id='word_1_103' title='bbox 1596 1509 1767 1572; x_wconf 83' lang='lat' dir='ltr'><strong>Judaei</strong></span> 
     </span>
    </p>
   </div>
   <div class='ocr_carea' id='block_1_13' title="bbox 201 1611 1766 1683">
    <p class='ocr_par' dir='ltr' id='par_1_13' title="bbox 201 1611 1766 1683">
     <span class='ocr_line' id='line_1_13' title="bbox 201 1611 1766 1683; baseline -0.003 -13"><span class='ocrx_word' id='word_1_104' title='bbox 201 1625 293 1671; x_wconf 81' lang='lat' dir='ltr'><strong>non</strong></span> <span class='ocrx_word' id='word_1_105' title='bbox 322 1611 731 1679; x_wconf 83' lang='lat' dir='ltr'><strong>intellexerunt,</strong></span> <span class='ocrx_word' id='word_1_106' title='bbox 776 1612 1001 1669; x_wconf 85' lang='lat' dir='ltr'><strong>alterum</strong></span> <span class='ocrx_word' id='word_1_107' title='bbox 1042 1611 1276 1668; x_wconf 78' lang='lat' dir='ltr'><strong>futurum</strong></span> <span class='ocrx_word' id='word_1_108' title='bbox 1299 1654 1315 1678; x_wconf 92' lang='lat'><strong>,</strong></span> <span class='ocrx_word' id='word_1_109' title='bbox 1361 1626 1518 1683; x_wconf 89' lang='lat' dir='ltr'><strong>quem</strong></span> <span class='ocrx_word' id='word_1_110' title='bbox 1557 1611 1766 1682; x_wconf 89' lang='lat' dir='ltr'><strong>utrique</strong></span> 
     </span>
    </p>
   </div>
   <div class='ocr_carea' id='block_1_14' title="bbox 203 1691 1768 1782">
    <p class='ocr_par' dir='ltr' id='par_1_14' title="bbox 203 1691 1768 1782">
     <span class='ocr_line' id='line_1_14' title="bbox 203 1691 1768 1782; baseline -0.001 -20"><span class='ocrx_word' id='word_1_111' title='bbox 203 1716 460 1782; x_wconf 71' lang='lat' dir='ltr'><strong>Speramus</strong></span> <span class='ocrx_word' id='word_1_112' title='bbox 475 1723 493 1773; x_wconf 69' lang='lat'><strong>~;</strong></span> <span class='ocrx_word' id='word_1_113' title='bbox 517 1717 571 1763; x_wconf 90' lang='lat' dir='ltr'><strong>et</strong></span> <span class='ocrx_word' id='word_1_114' title='bbox 595 1707 844 1778; x_wconf 90' lang='lat' dir='ltr'><strong>quoniam</strong></span> <span class='ocrx_word' id='word_1_115' title='bbox 867 1708 964 1763; x_wconf 88' lang='lat' dir='ltr'><strong>iste</strong></span> <span class='ocrx_word' id='word_1_116' title='bbox 983 1721 1138 1778; x_wconf 90' lang='lat' dir='ltr'><strong>quem</strong></span> <span class='ocrx_word' id='word_1_117' title='bbox 1166 1704 1335 1762; x_wconf 79' lang='lat' dir='ltr'><strong>Judaei</strong></span> <span class='ocrx_word' id='word_1_118' title='bbox 1361 1720 1467 1760; x_wconf 89' lang='lat' dir='ltr'><strong>non</strong></span> <span class='ocrx_word' id='word_1_119' title='bbox 1489 1691 1768 1762; x_wconf 82' lang='lat' dir='ltr'><strong>intellexe-</strong></span> 
     </span>
    </p>
   </div>
   <div class='ocr_carea' id='block_1_15' title="bbox 200 1795 1768 1872">
    <p class='ocr_par' dir='ltr' id='par_1_15' title="bbox 200 1795 1768 1872">
     <span class='ocr_line' id='line_1_15' title="bbox 200 1795 1768 1872; baseline -0.003 -17"><span class='ocrx_word' id='word_1_120' title='bbox 200 1811 343 1865; x_wconf 88' lang='lat' dir='ltr'><strong>rant,</strong></span> <span class='ocrx_word' id='word_1_121' title='bbox 374 1799 634 1857; x_wconf 87' lang='lat' dir='ltr'><strong>Gentibus</strong></span> <span class='ocrx_word' id='word_1_122' title='bbox 665 1797 897 1868; x_wconf 83' lang='lat' dir='ltr'><strong>profuit,</strong></span> <span class='ocrx_word' id='word_1_123' title='bbox 946 1813 1049 1854; x_wconf 93' lang='lat' dir='ltr'><strong>non</strong></span> <span class='ocrx_word' id='word_1_124' title='bbox 1098 1797 1535 1853; x_wconf 89' lang='lat' dir='ltr'><strong>inconvenienter</strong></span> <span class='ocrx_word' id='word_1_125' title='bbox 1571 1795 1768 1872; x_wconf 86' lang='lat' dir='ltr'><strong>accipi-</strong></span> 
     </span>
    </p>
   </div>
   <div class='ocr_carea' id='block_1_16' title="bbox 203 1885 1766 1962">
    <p class='ocr_par' dir='ltr' id='par_1_16' title="bbox 203 1885 1766 1962">
     <span class='ocr_line' id='line_1_16' title="bbox 203 1885 1766 1962; baseline -0.003 -16"><span class='ocrx_word' id='word_1_126' title='bbox 203 1899 277 1947; x_wconf 88' lang='lat' dir='ltr'><strong>tur</strong></span> <span class='ocrx_word' id='word_1_127' title='bbox 302 1891 365 1948; x_wconf 89' lang='lat' dir='ltr'><strong>de</strong></span> <span class='ocrx_word' id='word_1_128' title='bbox 389 1890 492 1947; x_wconf 89' lang='lat' dir='ltr'><strong>hoc</strong></span> <span class='ocrx_word' id='word_1_129' title='bbox 517 1891 748 1946; x_wconf 89' lang='lat' dir='ltr'><strong>adventu</strong></span> <span class='ocrx_word' id='word_1_130' title='bbox 779 1890 882 1946; x_wconf 92' lang='lat' dir='ltr'><strong>dici</strong></span> <span class='ocrx_word' id='word_1_131' title='bbox 906 1932 920 1955; x_wconf 89' lang='lat'><strong>,</strong></span> <span class='ocrx_word' id='word_1_132' title='bbox 955 1903 1046 1962; x_wconf 88' lang='lat' dir='ltr'><strong>pro</strong></span> <span class='ocrx_word' id='word_1_133' title='bbox 1067 1887 1275 1944; x_wconf 80' lang='lat' dir='ltr'><strong>occultis</strong></span> <span class='ocrx_word' id='word_1_134' title='bbox 1301 1885 1465 1955; x_wconf 86' lang='lat' dir='ltr'><strong>Filii,</strong></span> <span class='ocrx_word' id='word_1_135' title='bbox 1495 1885 1582 1942; x_wconf 90' lang='lat' dir='ltr'><strong>ubi</strong></span> <span class='ocrx_word' id='word_1_136' title='bbox 1610 1887 1766 1942; x_wconf 64' lang='grc' dir='ltr'><strong>0ωοί-</strong></span> 
     </span>
    </p>
   </div>
   <div class='ocr_carea' id='block_1_17' title="bbox 199 1976 1761 2054">
    <p class='ocr_par' dir='ltr' id='par_1_17' title="bbox 199 1976 1761 2054">
     <span class='ocr_line' id='line_1_17' title="bbox 199 1976 1761 2054; baseline -0.003 -14"><span class='ocrx_word' id='word_1_137' title='bbox 199 1993 269 2040; x_wconf 88' lang='lat' dir='ltr'><strong>tas</strong></span> <span class='ocrx_word' id='word_1_138' title='bbox 291 1999 350 2040; x_wconf 79' lang='lat' dir='ltr'><strong>ex</strong></span> <span class='ocrx_word' id='word_1_139' title='bbox 378 1995 529 2054; x_wconf 89' lang='lat' dir='ltr'><strong>parte</strong></span> <span class='ocrx_word' id='word_1_140' title='bbox 560 1983 721 2039; x_wconf 89' lang='lat' dir='ltr'><strong>Israel</strong></span> <span class='ocrx_word' id='word_1_141' title='bbox 750 1981 887 2038; x_wconf 78' lang='lat' dir='ltr'><strong>facta</strong></span> <span class='ocrx_word' id='word_1_142' title='bbox 931 1990 1014 2038; x_wconf 85' lang='lat' dir='ltr'><strong>est</strong></span> <span class='ocrx_word' id='word_1_143' title='bbox 1036 2023 1051 2050; x_wconf 94' lang='lat'><strong>,</strong></span> <span class='ocrx_word' id='word_1_144' title='bbox 1097 1989 1156 2035; x_wconf 95' lang='lat' dir='ltr'><strong>ut</strong></span> <span class='ocrx_word' id='word_1_145' title='bbox 1197 1979 1470 2050; x_wconf 90' lang='lat' dir='ltr'><strong>plenitudo</strong></span> <span class='ocrx_word' id='word_1_146' title='bbox 1513 1976 1761 2035; x_wconf 90' lang='lat' dir='ltr'><strong>Gentium</strong></span> 
     </span>
    </p>
   </div>
   <div class='ocr_carea' id='block_1_18' title="bbox 200 2071 1760 2150">
    <p class='ocr_par' dir='ltr' id='par_1_18' title="bbox 200 2071 1760 2150">
     <span class='ocr_line' id='line_1_18' title="bbox 200 2071 1760 2150; baseline -0.005 -18"><span class='ocrx_word' id='word_1_147' title='bbox 200 2073 400 2132; x_wconf 89' lang='lat' dir='ltr'><strong>intraret</strong></span> <span class='ocrx_word' id='word_1_148' title='bbox 426 2075 447 2149; x_wconf 94' lang='lat'><strong>(</strong></span> <span class='ocrx_word' id='word_1_149' title='bbox 474 2073 623 2131; x_wconf 84' lang='lat' dir='ltr'><strong>Rom.</strong></span> <span class='ocrx_word' id='word_1_150' title='bbox 652 2091 705 2131; x_wconf 71' lang='grc' dir='ltr'><strong>χι</strong></span> <span class='ocrx_word' id='word_1_151' title='bbox 730 2118 746 2144; x_wconf 83' lang='grc'><em>,</em></span> <span class='ocrx_word' id='word_1_152' title='bbox 771 2075 842 2130; x_wconf 76' lang='lat'><strong>25</strong></span> <span class='ocrx_word' id='word_1_153' title='bbox 867 2071 910 2150; x_wconf 93' lang='lat'><strong>).</strong></span> <span class='ocrx_word' id='word_1_154' title='bbox 939 2073 1051 2129; x_wconf 89' lang='lat' dir='ltr'><strong>Duo</strong></span> <span class='ocrx_word' id='word_1_155' title='bbox 1076 2073 1235 2129; x_wconf 88' lang='lat' dir='ltr'><strong>etiam</strong></span> <span class='ocrx_word' id='word_1_156' title='bbox 1259 2071 1454 2142; x_wconf 87' lang='lat' dir='ltr'><strong>judicia</strong></span> <span class='ocrx_word' id='word_1_157' title='bbox 1485 2071 1760 2126; x_wconf 89' lang='lat' dir='ltr'><strong>insinuan-</strong></span> 
     </span>
    </p>
   </div>
   <div class='ocr_carea' id='block_1_19' title="bbox 199 2161 1758 2240">
    <p class='ocr_par' dir='ltr' id='par_1_19' title="bbox 199 2161 1758 2240">
     <span class='ocr_line' id='line_1_19' title="bbox 199 2161 1758 2240; baseline -0.005 -17"><span class='ocrx_word' id='word_1_158' title='bbox 199 2177 272 2225; x_wconf 89' lang='lat' dir='ltr'><strong>tur</strong></span> <span class='ocrx_word' id='word_1_159' title='bbox 298 2184 386 2240; x_wconf 91' lang='lat' dir='ltr'><strong>per</strong></span> <span class='ocrx_word' id='word_1_160' title='bbox 410 2167 716 2239; x_wconf 85' lang='lat' dir='ltr'><strong>Scripturas</strong></span> <span class='ocrx_word' id='word_1_161' title='bbox 733 2210 749 2236; x_wconf 85' lang='lat'><strong>,</strong></span> <span class='ocrx_word' id='word_1_162' title='bbox 777 2167 821 2223; x_wconf 92' lang='lat' dir='ltr'><strong>si</strong></span> <span class='ocrx_word' id='word_1_163' title='bbox 843 2167 960 2238; x_wconf 85' lang='lat' dir='ltr'><strong>quis</strong></span> <span class='ocrx_word' id='word_1_164' title='bbox 987 2165 1262 2231; x_wconf 88' lang='lat' dir='ltr'><strong>advertat;</strong></span> <span class='ocrx_word' id='word_1_165' title='bbox 1287 2179 1447 2217; x_wconf 92' lang='lat' dir='ltr'><strong>unum</strong></span> <span class='ocrx_word' id='word_1_166' title='bbox 1470 2161 1758 2229; x_wconf 89' lang='lat' dir='ltr'><strong>occultum,</strong></span> 
     </span>
    </p>
   </div>
   <div class='ocr_carea' id='block_1_20' title="bbox 199 2253 1760 2328">
    <p class='ocr_par' dir='ltr' id='par_1_20' title="bbox 199 2253 1760 2328">
     <span class='ocr_line' id='line_1_20' title="bbox 199 2253 1760 2328; baseline -0.004 -14"><span class='ocrx_word' id='word_1_167' title='bbox 199 2261 397 2316; x_wconf 85' lang='lat' dir='ltr'><strong>alterum</strong></span> <span class='ocrx_word' id='word_1_168' title='bbox 431 2259 793 2316; x_wconf 84' lang='lat' dir='ltr'><strong>manifestum.</strong></span> <span class='ocrx_word' id='word_1_169' title='bbox 838 2256 1115 2314; x_wconf 90' lang='lat' dir='ltr'><strong>Occultum</strong></span> <span class='ocrx_word' id='word_1_170' title='bbox 1149 2268 1291 2311; x_wconf 92' lang='lat' dir='ltr'><strong>nunc</strong></span> <span class='ocrx_word' id='word_1_171' title='bbox 1317 2254 1488 2325; x_wconf 83' lang='lat' dir='ltr'><strong>agitur</strong></span> <span class='ocrx_word' id='word_1_172' title='bbox 1513 2296 1527 2318; x_wconf 90' lang='lat'><strong>,</strong></span> <span class='ocrx_word' id='word_1_173' title='bbox 1560 2253 1626 2308; x_wconf 91' lang='lat' dir='ltr'><strong>de</strong></span> <span class='ocrx_word' id='word_1_174' title='bbox 1656 2266 1760 2328; x_wconf 88' lang='lat' dir='ltr'><strong>quo</strong></span> 
     </span>
    </p>
   </div>
   <div class='ocr_carea' id='block_1_21' title="bbox 197 2343 1760 2424">
    <p class='ocr_par' dir='ltr' id='par_1_21' title="bbox 197 2343 1760 2424">
     <span class='ocr_line' id='line_1_21' title="bbox 197 2343 1760 2424; baseline -0.006 -17"><span class='ocrx_word' id='word_1_175' title='bbox 197 2351 447 2424; x_wconf 83' lang='lat' dir='ltr'><strong>apostolus</strong></span> <span class='ocrx_word' id='word_1_176' title='bbox 478 2353 670 2410; x_wconf 84' lang='lat' dir='ltr'><strong>Petrus</strong></span> <span class='ocrx_word' id='word_1_177' title='bbox 695 2351 858 2407; x_wconf 89' lang='lat' dir='ltr'><strong>dicit:</strong></span> <span class='ocrx_word' id='word_1_178' title='bbox 893 2349 1109 2421; x_wconf 83' lang='lat' dir='ltr'><strong>Tempus</strong></span> <span class='ocrx_word' id='word_1_179' title='bbox 1151 2357 1223 2403; x_wconf 85' lang='lat' dir='ltr'><strong>est</strong></span> <span class='ocrx_word' id='word_1_180' title='bbox 1257 2356 1312 2401; x_wconf 89' lang='lat' dir='ltr'><strong>ut</strong></span> <span class='ocrx_word' id='word_1_181' title='bbox 1342 2343 1597 2418; x_wconf 76' lang='lat' dir='ltr'><strong>judicium</strong></span> <span class='ocrx_word' id='word_1_182' title='bbox 1635 2343 1760 2399; x_wconf 84' lang='lat' dir='ltr'><strong>inci-</strong></span> 
     </span>
    </p>
   </div>
   <div class='ocr_carea' id='block_1_22' title="bbox 200 2435 1760 2516">
    <p class='ocr_par' dir='ltr' id='par_1_22' title="bbox 200 2435 1760 2516">
     <span class='ocr_line' id='line_1_22' title="bbox 200 2435 1760 2516; baseline -0.004 -18"><span class='ocrx_word' id='word_1_183' title='bbox 200 2445 337 2516; x_wconf 88' lang='lat' dir='ltr'><strong>piata</strong></span> <span class='ocrx_word' id='word_1_184' title='bbox 357 2444 506 2500; x_wconf 89' lang='lat' dir='ltr'><strong>domo</strong></span> <span class='ocrx_word' id='word_1_185' title='bbox 536 2444 745 2498; x_wconf 83' lang='lat' dir='ltr'><strong>Domini</strong></span> <span class='ocrx_word' id='word_1_186' title='bbox 769 2443 789 2514; x_wconf 90' lang='lat'><strong>(</strong></span> <span class='ocrx_word' id='word_1_187' title='bbox 816 2444 841 2496; x_wconf 58' lang='lat' dir='ltr'><strong>i.</strong></span> <span class='ocrx_word' id='word_1_188' title='bbox 865 2439 1003 2497; x_wconf 83' lang='lat' dir='ltr'><strong>Petr.</strong></span> <span class='ocrx_word' id='word_1_189' title='bbox 1027 2454 1101 2508; x_wconf 84' lang='lat' dir='ltr'><strong>tv,</strong></span> <span class='ocrx_word' id='word_1_190' title='bbox 1129 2440 1195 2495; x_wconf 83' lang='grc'><strong>17</strong></span> <span class='ocrx_word' id='word_1_191' title='bbox 1223 2440 1260 2510; x_wconf 89' lang='grc'>).</span> <span class='ocrx_word' id='word_1_192' title='bbox 1281 2437 1558 2494; x_wconf 89' lang='lat' dir='ltr'><strong>Oecuitum</strong></span> <span class='ocrx_word' id='word_1_193' title='bbox 1583 2435 1760 2507; x_wconf 85' lang='lat' dir='ltr'><strong>itaque</strong></span> 
     </span>
    </p>
   </div>
   <div class='ocr_carea' id='block_1_23' title="bbox 194 2521 1757 2612">
    <p class='ocr_par' dir='ltr' id='par_1_23' title="bbox 194 2521 1757 2612">
     <span class='ocr_line' id='line_1_23' title="bbox 194 2521 1757 2612; baseline -0.004 -21"><span class='ocrx_word' id='word_1_194' title='bbox 194 2536 420 2610; x_wconf 78' lang='lat' dir='ltr'><strong>judicium</strong></span> <span class='ocrx_word' id='word_1_195' title='bbox 451 2545 538 2612; x_wconf 88' lang='lat' dir='ltr'><strong>est</strong></span> <span class='ocrx_word' id='word_1_196' title='bbox 563 2552 720 2608; x_wconf 65' lang='lat' dir='ltr'><strong>paena</strong></span> <span class='ocrx_word' id='word_1_197' title='bbox 745 2578 760 2602; x_wconf 94' lang='lat'><strong>,</strong></span> <span class='ocrx_word' id='word_1_198' title='bbox 796 2551 897 2608; x_wconf 89' lang='lat' dir='ltr'><strong>qua</strong></span> <span class='ocrx_word' id='word_1_199' title='bbox 921 2549 1063 2590; x_wconf 92' lang='lat' dir='ltr'><strong>nunc</strong></span> <span class='ocrx_word' id='word_1_200' title='bbox 1091 2521 1457 2603; x_wconf 87' lang='lat' dir='ltr'><strong>unusquisque</strong></span> <span class='ocrx_word' id='word_1_201' title='bbox 1481 2527 1757 2584; x_wconf 81' lang='lat' dir='ltr'><strong>hominum</strong></span> 
     </span>
    </p>
   </div>
   <div class='ocr_carea' id='block_1_24' title="bbox 197 2621 1757 2702">
    <p class='ocr_par' dir='ltr' id='par_1_24' title="bbox 197 2621 1757 2702">
     <span class='ocr_line' id='line_1_24' title="bbox 197 2621 1757 2702; baseline -0.004 -17"><span class='ocrx_word' id='word_1_202' title='bbox 197 2641 274 2686; x_wconf 75' lang='lat' dir='ltr'><strong>aut</strong></span> <span class='ocrx_word' id='word_1_203' title='bbox 313 2637 589 2686; x_wconf 75' lang='lat' dir='ltr'><strong>exercetur</strong></span> <span class='ocrx_word' id='word_1_204' title='bbox 635 2628 703 2685; x_wconf 91' lang='lat' dir='ltr'><strong>ad</strong></span> <span class='ocrx_word' id='word_1_205' title='bbox 747 2628 1111 2702; x_wconf 79' lang='lat' dir='ltr'><strong>purgationem</strong></span> <span class='ocrx_word' id='word_1_206' title='bbox 1138 2669 1152 2694; x_wconf 95' lang='lat'><strong>,</strong></span> <span class='ocrx_word' id='word_1_207' title='bbox 1199 2633 1290 2680; x_wconf 90' lang='lat' dir='ltr'><strong>aut</strong></span> <span class='ocrx_word' id='word_1_208' title='bbox 1328 2623 1646 2679; x_wconf 86' lang='lat' dir='ltr'><strong>admonetur</strong></span> <span class='ocrx_word' id='word_1_209' title='bbox 1690 2621 1757 2678; x_wconf 91' lang='lat' dir='ltr'><strong>ad</strong></span> 
     </span>
    </p>
   </div>
   <div class='ocr_carea' id='block_1_25' title="bbox 192 2715 1759 2788">
    <p class='ocr_par' dir='ltr' id='par_1_25' title="bbox 192 2715 1759 2788">
     <span class='ocr_line' id='line_1_25' title="bbox 192 2715 1759 2788; baseline -0.005 -12"><span class='ocrx_word' id='word_1_210' title='bbox 192 2723 574 2778; x_wconf 85' lang='lat' dir='ltr'><strong>conversionem</strong></span> <span class='ocrx_word' id='word_1_211' title='bbox 601 2763 616 2787; x_wconf 88' lang='lat'><strong>,</strong></span> <span class='ocrx_word' id='word_1_212' title='bbox 666 2727 757 2775; x_wconf 87' lang='lat' dir='ltr'><strong>aut</strong></span> <span class='ocrx_word' id='word_1_213' title='bbox 803 2720 848 2775; x_wconf 89' lang='lat' dir='ltr'><strong>si</strong></span> <span class='ocrx_word' id='word_1_214' title='bbox 904 2716 1286 2788; x_wconf 87' lang='lat' dir='ltr'><strong>contempserit</strong></span> <span class='ocrx_word' id='word_1_215' title='bbox 1327 2715 1661 2770; x_wconf 88' lang='lat' dir='ltr'><strong>vocationem</strong></span> <span class='ocrx_word' id='word_1_216' title='bbox 1704 2721 1759 2769; x_wconf 90' lang='lat' dir='ltr'><strong>et</strong></span> 
     </span>
    </p>
   </div>
   <div class='ocr_carea' id='block_1_26' title="bbox 193 2803 1758 2885">
    <p class='ocr_par' dir='ltr' id='par_1_26' title="bbox 193 2803 1758 2885">
     <span class='ocr_line' id='line_1_26' title="bbox 193 2803 1758 2885; baseline -0.005 -18"><span class='ocrx_word' id='word_1_217' title='bbox 193 2812 507 2885; x_wconf 74' lang='lat' dir='ltr'><strong>diScipliuam</strong></span> <span class='ocrx_word' id='word_1_218' title='bbox 537 2811 632 2868; x_wconf 87' lang='lat' dir='ltr'><strong>Dei</strong></span> <span class='ocrx_word' id='word_1_219' title='bbox 657 2855 673 2881; x_wconf 89' lang='lat'><strong>,</strong></span> <span class='ocrx_word' id='word_1_220' title='bbox 705 2820 1005 2868; x_wconf 73' lang='lat' dir='ltr'><strong>excmcatur</strong></span> <span class='ocrx_word' id='word_1_221' title='bbox 1044 2808 1112 2865; x_wconf 88' lang='lat' dir='ltr'><strong>ad</strong></span> <span class='ocrx_word' id='word_1_222' title='bbox 1157 2808 1574 2864; x_wconf 85' lang='lat' dir='ltr'><strong>damnationem.</strong></span> <span class='ocrx_word' id='word_1_223' title='bbox 1603 2803 1758 2861; x_wconf 88' lang='lat' dir='ltr'><strong>Judi-</strong></span> 
     </span>
    </p>
   </div>
   <div class='ocr_carea' id='block_1_27' title="bbox 192 2899 1756 2978">
    <p class='ocr_par' dir='ltr' id='par_1_27' title="bbox 192 2899 1756 2978">
     <span class='ocr_line' id='line_1_27' title="bbox 192 2899 1756 2978; baseline -0.004 -17"><span class='ocrx_word' id='word_1_224' title='bbox 192 2905 313 2978; x_wconf 83' lang='lat' dir='ltr'><strong>clum</strong></span> <span class='ocrx_word' id='word_1_225' title='bbox 342 2919 519 2962; x_wconf 89' lang='lat' dir='ltr'><strong>autem</strong></span> <span class='ocrx_word' id='word_1_226' title='bbox 546 2901 884 2961; x_wconf 86' lang='lat' dir='ltr'><strong>manifestum</strong></span> <span class='ocrx_word' id='word_1_227' title='bbox 911 2910 992 2960; x_wconf 90' lang='lat' dir='ltr'><strong>est</strong></span> <span class='ocrx_word' id='word_1_228' title='bbox 1015 2945 1030 2971; x_wconf 98' lang='lat'><strong>,</strong></span> <span class='ocrx_word' id='word_1_229' title='bbox 1063 2917 1170 2974; x_wconf 89' lang='lat' dir='ltr'><strong>quo</strong></span> <span class='ocrx_word' id='word_1_230' title='bbox 1207 2909 1462 2958; x_wconf 91' lang='lat' dir='ltr'><strong>venturus</strong></span> <span class='ocrx_word' id='word_1_231' title='bbox 1503 2899 1756 2955; x_wconf 90' lang='lat' dir='ltr'><strong>Dominus</strong></span> 
     </span>
    </p>
   </div>
   <div class='ocr_carea' id='block_1_28' title="bbox 192 2991 1756 3068">
    <p class='ocr_par' dir='ltr' id='par_1_28' title="bbox 192 2991 1756 3068">
     <span class='ocr_line' id='line_1_28' title="bbox 192 2991 1756 3068; baseline -0.004 -17"><span class='ocrx_word' id='word_1_232' title='bbox 192 2995 417 3068; x_wconf 77' lang='lat' dir='ltr'><strong>iudicabit</strong></span> <span class='ocrx_word' id='word_1_233' title='bbox 443 2999 600 3053; x_wconf 87' lang='lat' dir='ltr'><strong>vivos</strong></span> <span class='ocrx_word' id='word_1_234' title='bbox 625 3005 679 3053; x_wconf 89' lang='lat' dir='ltr'><strong>et</strong></span> <span class='ocrx_word' id='word_1_235' title='bbox 707 3006 946 3067; x_wconf 88' lang='lat' dir='ltr'><strong>mortuos</strong></span> <span class='ocrx_word' id='word_1_236' title='bbox 972 3036 987 3062; x_wconf 93' lang='lat'><strong>,</strong></span> <span class='ocrx_word' id='word_1_237' title='bbox 1017 2994 1262 3054; x_wconf 90' lang='lat' dir='ltr'><strong>omnibus</strong></span> <span class='ocrx_word' id='word_1_238' title='bbox 1308 2991 1593 3047; x_wconf 84' lang='lat' dir='ltr'><strong>fatentibus</strong></span> <span class='ocrx_word' id='word_1_239' title='bbox 1632 3004 1756 3046; x_wconf 90' lang='lat' dir='ltr'><strong>eum</strong></span> 
     </span>
    </p>
   </div>
   <div class='ocr_carea' id='block_1_29' title="bbox 193 3081 1756 3161">
    <p class='ocr_par' dir='ltr' id='par_1_29' title="bbox 193 3081 1756 3161">
     <span class='ocr_line' id='line_1_29' title="bbox 193 3081 1756 3161; baseline -0.004 -18"><span class='ocrx_word' id='word_1_240' title='bbox 193 3101 293 3144; x_wconf 88' lang='lat' dir='ltr'><strong>esse</strong></span> <span class='ocrx_word' id='word_1_241' title='bbox 318 3103 471 3161; x_wconf 87' lang='lat' dir='ltr'><strong>aquo</strong></span> <span class='ocrx_word' id='word_1_242' title='bbox 510 3099 565 3146; x_wconf 93' lang='lat' dir='ltr'><strong>et</strong></span> <span class='ocrx_word' id='word_1_243' title='bbox 603 3087 757 3145; x_wconf 90' lang='lat' dir='ltr'><strong>bonis</strong></span> <span class='ocrx_word' id='word_1_244' title='bbox 796 3087 1011 3159; x_wconf 70' lang='lat' dir='ltr'><strong>prmmia</strong></span> <span class='ocrx_word' id='word_1_245' title='bbox 1037 3129 1052 3154; x_wconf 96' lang='lat'><strong>,</strong></span> <span class='ocrx_word' id='word_1_246' title='bbox 1100 3095 1152 3142; x_wconf 88' lang='lat' dir='ltr'><strong>et</strong></span> <span class='ocrx_word' id='word_1_247' title='bbox 1189 3085 1342 3142; x_wconf 89' lang='lat' dir='ltr'><strong>malis</strong></span> <span class='ocrx_word' id='word_1_248' title='bbox 1370 3083 1623 3155; x_wconf 89' lang='lat' dir='ltr'><strong>supplicia</strong></span> <span class='ocrx_word' id='word_1_249' title='bbox 1664 3081 1756 3137; x_wconf 89' lang='lat' dir='ltr'><strong>tri-</strong></span> 
     </span>
    </p>
   </div>
   <div class='ocr_carea' id='block_1_30' title="bbox 192 3174 1753 3247">
    <p class='ocr_par' dir='ltr' id='par_1_30' title="bbox 192 3174 1753 3247">
     <span class='ocr_line' id='line_1_30' title="bbox 192 3174 1753 3247; baseline -0.004 -13"><span class='ocrx_word' id='word_1_250' title='bbox 192 3178 408 3236; x_wconf 87' lang='lat' dir='ltr'><strong>buentur.</strong></span> <span class='ocrx_word' id='word_1_251' title='bbox 440 3179 554 3238; x_wconf 86' lang='lat' dir='ltr'><strong>Sed</strong></span> <span class='ocrx_word' id='word_1_252' title='bbox 585 3187 709 3236; x_wconf 91' lang='lat' dir='ltr'><strong>tunc</strong></span> <span class='ocrx_word' id='word_1_253' title='bbox 739 3179 827 3236; x_wconf 87' lang='lat' dir='ltr'><strong>illa</strong></span> <span class='ocrx_word' id='word_1_254' title='bbox 857 3177 1122 3235; x_wconf 84' lang='lat' dir='ltr'><strong>coniessio</strong></span> <span class='ocrx_word' id='word_1_255' title='bbox 1145 3221 1160 3247; x_wconf 93' lang='lat'><strong>,</strong></span> <span class='ocrx_word' id='word_1_256' title='bbox 1205 3191 1310 3233; x_wconf 90' lang='lat' dir='ltr'><strong>non</strong></span> <span class='ocrx_word' id='word_1_257' title='bbox 1350 3175 1415 3232; x_wconf 91' lang='lat' dir='ltr'><strong>ad</strong></span> <span class='ocrx_word' id='word_1_258' title='bbox 1460 3174 1753 3232; x_wconf 89' lang='lat' dir='ltr'><strong>remedium</strong></span> 
     </span>
    </p>
   </div>
   <div class='ocr_carea' id='block_1_31' title="bbox 192 3266 1755 3340">
    <p class='ocr_par' dir='ltr' id='par_1_31' title="bbox 192 3266 1755 3340">
     <span class='ocr_line' id='line_1_31' title="bbox 192 3266 1755 3340; baseline -0.004 -12"><span class='ocrx_word' id='word_1_259' title='bbox 192 3273 421 3328; x_wconf 89' lang='lat' dir='ltr'><strong>malorum</strong></span> <span class='ocrx_word' id='word_1_260' title='bbox 445 3317 460 3340; x_wconf 93' lang='lat'><strong>,</strong></span> <span class='ocrx_word' id='word_1_261' title='bbox 502 3273 598 3330; x_wconf 89' lang='lat' dir='ltr'><strong>sed</strong></span> <span class='ocrx_word' id='word_1_262' title='bbox 623 3273 688 3328; x_wconf 89' lang='lat' dir='ltr'><strong>ad</strong></span> <span class='ocrx_word' id='word_1_263' title='bbox 731 3272 999 3329; x_wconf 88' lang='lat' dir='ltr'><strong>cumulum</strong></span> <span class='ocrx_word' id='word_1_264' title='bbox 1043 3270 1397 3326; x_wconf 88' lang='lat' dir='ltr'><strong>damnationis</strong></span> <span class='ocrx_word' id='word_1_265' title='bbox 1436 3267 1650 3322; x_wconf 79' lang='lat' dir='ltr'><strong>valebit.</strong></span> <span class='ocrx_word' id='word_1_266' title='bbox 1683 3266 1755 3321; x_wconf 89' lang='lat' dir='ltr'><strong>De</strong></span> 
     </span>
    </p>
   </div>
   <div class='ocr_carea' id='block_1_32' title="bbox 193 3360 1753 3437">
    <p class='ocr_par' dir='ltr' id='par_1_32' title="bbox 193 3360 1753 3437">
     <span class='ocr_line' id='line_1_32' title="bbox 193 3360 1753 3437; baseline -0.004 -18"><span class='ocrx_word' id='word_1_267' title='bbox 193 3364 261 3422; x_wconf 83' lang='lat' dir='ltr'><strong>bis</strong></span> <span class='ocrx_word' id='word_1_268' title='bbox 301 3365 510 3423; x_wconf 81' lang='lat' dir='ltr'><strong>duobus</strong></span> <span class='ocrx_word' id='word_1_269' title='bbox 548 3365 803 3437; x_wconf 72' lang='lat' dir='ltr'><strong>iudiciis,</strong></span> <span class='ocrx_word' id='word_1_270' title='bbox 845 3380 950 3420; x_wconf 92' lang='lat' dir='ltr'><strong>uno</strong></span> <span class='ocrx_word' id='word_1_271' title='bbox 993 3364 1239 3430; x_wconf 91' lang='lat' dir='ltr'><strong>occulto,</strong></span> <span class='ocrx_word' id='word_1_272' title='bbox 1283 3361 1388 3418; x_wconf 89' lang='lat' dir='ltr'><strong>alio</strong></span> <span class='ocrx_word' id='word_1_273' title='bbox 1434 3360 1753 3425; x_wconf 77' lang='lat' dir='ltr'><strong>manifesto,</strong></span> 
     </span>
    </p>
   </div>
   <div class='ocr_carea' id='block_1_33' title="bbox 191 3455 1758 3526">
    <p class='ocr_par' dir='ltr' id='par_1_33' title="bbox 191 3455 1758 3526">
     <span class='ocr_line' id='line_1_33' title="bbox 191 3455 1758 3526; baseline -0.005 -13"><span class='ocrx_word' id='word_1_274' title='bbox 191 3459 372 3516; x_wconf 81' lang='lat' dir='ltr'><strong>videtur</strong></span> <span class='ocrx_word' id='word_1_275' title='bbox 419 3459 560 3518; x_wconf 81' lang='lat' dir='ltr'><strong>mihi</strong></span> <span class='ocrx_word' id='word_1_276' title='bbox 611 3460 865 3515; x_wconf 90' lang='lat' dir='ltr'><strong>Dominus</strong></span> <span class='ocrx_word' id='word_1_277' title='bbox 910 3458 1146 3526; x_wconf 77' lang='lat' dir='ltr'><strong>dixisse,</strong></span> <span class='ocrx_word' id='word_1_278' title='bbox 1199 3456 1290 3512; x_wconf 90' lang='lat' dir='ltr'><strong>ubi</strong></span> <span class='ocrx_word' id='word_1_279' title='bbox 1331 3457 1440 3521; x_wconf 91' lang='lat' dir='ltr'><strong>ait,</strong></span> <span class='ocrx_word' id='word_1_280' title='bbox 1477 3455 1575 3524; x_wconf 84' lang='lat' dir='ltr'><strong>Qui</strong></span> <span class='ocrx_word' id='word_1_281' title='bbox 1600 3455 1652 3510; x_wconf 85' lang='lat' dir='ltr'><strong>iu</strong></span> <span class='ocrx_word' id='word_1_282' title='bbox 1681 3469 1758 3513; x_wconf 83' lang='lat' dir='ltr'><strong>nte</strong></span> 
     </span>
    </p>
   </div>
   <div class='ocr_carea' id='block_1_34' title="bbox 188 3545 1757 3620">
    <p class='ocr_par' dir='ltr' id='par_1_34' title="bbox 188 3545 1757 3620">
     <span class='ocr_line' id='line_1_34' title="bbox 188 3545 1757 3620; baseline -0.002 -17"><span class='ocrx_word' id='word_1_283' title='bbox 188 3550 353 3620; x_wconf 73' lang='lat' dir='ltr'><strong>credit,</strong></span> <span class='ocrx_word' id='word_1_284' title='bbox 401 3551 611 3607; x_wconf 74' lang='lat' dir='ltr'><strong>transiit</strong></span> <span class='ocrx_word' id='word_1_285' title='bbox 657 3551 897 3606; x_wconf 86' lang='lat' dir='ltr'><strong>deutorte</strong></span> <span class='ocrx_word' id='word_1_286' title='bbox 938 3545 1007 3605; x_wconf 89' lang='lat' dir='ltr'><strong>ad</strong></span> <span class='ocrx_word' id='word_1_287' title='bbox 1046 3549 1238 3616; x_wconf 77' lang='lat' dir='ltr'><strong>vitam,</strong></span> <span class='ocrx_word' id='word_1_288' title='bbox 1285 3564 1374 3605; x_wconf 87' lang='lat' dir='ltr'><strong>uec</strong></span> <span class='ocrx_word' id='word_1_289' title='bbox 1414 3548 1467 3602; x_wconf 86' lang='lat' dir='ltr'><strong>in</strong></span> <span class='ocrx_word' id='word_1_290' title='bbox 1502 3545 1757 3620; x_wconf 81' lang='lat' dir='ltr'><strong>judicium</strong></span> 
     </span>
    </p>
   </div>
   <div class='ocr_carea' id='block_1_35' title="bbox 187 3639 1752 3719">
    <p class='ocr_par' dir='ltr' id='par_1_35' title="bbox 187 3639 1752 3719">
     <span class='ocr_line' id='line_1_35' title="bbox 187 3639 1752 3719; baseline -0.003 -21"><span class='ocrx_word' id='word_1_291' title='bbox 187 3645 321 3700; x_wconf 77' lang='lat' dir='ltr'><strong>rcitiet</strong></span> <span class='ocrx_word' id='word_1_292' title='bbox 345 3644 547 3719; x_wconf 81' lang='lat' dir='ltr'><strong>(Jaau.</strong></span> <span class='ocrx_word' id='word_1_293' title='bbox 571 3661 625 3711; x_wconf 81' lang='grc' dir='ltr'><strong>ν,</strong></span> <span class='ocrx_word' id='word_1_294' title='bbox 649 3644 719 3700; x_wconf 70' lang='grc'><strong>24</strong></span> <span class='ocrx_word' id='word_1_295' title='bbox 738 3642 781 3717; x_wconf 85' lang='grc'><strong>),</strong></span> <span class='ocrx_word' id='word_1_296' title='bbox 807 3642 857 3700; x_wconf 88' lang='lat' dir='ltr'><strong>itt</strong></span> <span class='ocrx_word' id='word_1_297' title='bbox 879 3643 1135 3716; x_wconf 86' lang='lat' dir='ltr'><strong>judicium</strong></span> <span class='ocrx_word' id='word_1_298' title='bbox 1159 3640 1362 3697; x_wconf 89' lang='lat' dir='ltr'><strong>scilicet</strong></span> <span class='ocrx_word' id='word_1_299' title='bbox 1382 3639 1752 3694; x_wconf 83' lang='lat' dir='ltr'><strong>manifestum:</strong></span> 
     </span>
    </p>
   </div>
   <div class='ocr_carea' id='block_1_36' title="bbox 185 3727 1758 3815">
    <p class='ocr_par' dir='ltr' id='par_1_36' title="bbox 185 3727 1758 3815">
     <span class='ocr_line' id='line_1_36' title="bbox 185 3727 1758 3815; baseline -0.004 -24"><span class='ocrx_word' id='word_1_300' title='bbox 185 3751 288 3792; x_wconf 89' lang='lat' dir='ltr'><strong>nam</strong></span> <span class='ocrx_word' id='word_1_301' title='bbox 317 3738 410 3793; x_wconf 91' lang='lat' dir='ltr'><strong>hoc</strong></span> <span class='ocrx_word' id='word_1_302' title='bbox 438 3735 593 3810; x_wconf 80' lang='lat' dir='ltr'><strong>quod</strong></span> <span class='ocrx_word' id='word_1_303' title='bbox 620 3736 815 3815; x_wconf 81' lang='lat' dir='ltr'><strong>transit</strong></span> <span class='ocrx_word' id='word_1_304' title='bbox 842 3735 909 3791; x_wconf 91' lang='lat' dir='ltr'><strong>de</strong></span> <span class='ocrx_word' id='word_1_305' title='bbox 935 3743 1108 3792; x_wconf 90' lang='lat' dir='ltr'><strong>morte</strong></span> <span class='ocrx_word' id='word_1_306' title='bbox 1128 3731 1193 3789; x_wconf 90' lang='lat' dir='ltr'><strong>ad</strong></span> <span class='ocrx_word' id='word_1_307' title='bbox 1219 3733 1378 3790; x_wconf 89' lang='lat' dir='ltr'><strong>vitam</strong></span> <span class='ocrx_word' id='word_1_308' title='bbox 1407 3748 1502 3805; x_wconf 88' lang='lat' dir='ltr'><strong>per</strong></span> <span class='ocrx_word' id='word_1_309' title='bbox 1530 3727 1758 3786; x_wconf 89' lang='lat' dir='ltr'><strong>nonnul-</strong></span> 
     </span>
    </p>
   </div>
   <div class='ocr_carea' id='block_1_37' title="bbox 185 3825 1755 3902">
    <p class='ocr_par' dir='ltr' id='par_1_37' title="bbox 185 3825 1755 3902">
     <span class='ocr_line' id='line_1_37' title="bbox 185 3825 1755 3902; baseline -0.002 -21"><span class='ocrx_word' id='word_1_310' title='bbox 185 3825 274 3883; x_wconf 91' lang='lat' dir='ltr'><strong>lam</strong></span> <span class='ocrx_word' id='word_1_311' title='bbox 303 3828 652 3888; x_wconf 87' lang='lat' dir='ltr'><strong>al&#39;ilictionem</strong></span> <span class='ocrx_word' id='word_1_312' title='bbox 677 3872 692 3896; x_wconf 94' lang='lat'><strong>,</strong></span> <span class='ocrx_word' id='word_1_313' title='bbox 721 3843 822 3902; x_wconf 89' lang='lat' dir='ltr'><strong>qua</strong></span> <span class='ocrx_word' id='word_1_314' title='bbox 859 3826 1090 3900; x_wconf 80' lang='lat' dir='ltr'><strong>ﬂagellat</strong></span> <span class='ocrx_word' id='word_1_315' title='bbox 1132 3841 1344 3882; x_wconf 88' lang='lat' dir='ltr'><strong>omnem</strong></span> <span class='ocrx_word' id='word_1_316' title='bbox 1392 3825 1556 3883; x_wconf 85' lang='lat' dir='ltr'><strong>lilium</strong></span> <span class='ocrx_word' id='word_1_317' title='bbox 1597 3840 1755 3897; x_wconf 89' lang='lat' dir='ltr'><strong>quem</strong></span> 
     </span>
    </p>
   </div>
   <div class='ocr_carea' id='block_1_38' title="bbox 191 3916 1755 3993">
    <p class='ocr_par' dir='ltr' id='par_1_38' title="bbox 191 3916 1755 3993">
     <span class='ocr_line' id='line_1_38' title="bbox 191 3916 1755 3993; baseline -0.001 -21"><span class='ocrx_word' id='word_1_318' title='bbox 191 3920 392 3990; x_wconf 83' lang='lat' dir='ltr'><strong>recipit,</strong></span> <span class='ocrx_word' id='word_1_319' title='bbox 428 3921 696 3993; x_wconf 85' lang='lat' dir='ltr'><strong>judicium</strong></span> <span class='ocrx_word' id='word_1_320' title='bbox 742 3918 1009 3976; x_wconf 85' lang='lat' dir='ltr'><strong>occultum</strong></span> <span class='ocrx_word' id='word_1_321' title='bbox 1046 3926 1163 3983; x_wconf 85' lang='lat' dir='ltr'><strong>est;</strong></span> <span class='ocrx_word' id='word_1_322' title='bbox 1198 3916 1296 3988; x_wconf 83' lang='lat' dir='ltr'><strong>Qui</strong></span> <span class='ocrx_word' id='word_1_323' title='bbox 1322 3925 1487 3970; x_wconf 78' lang='lat' dir='ltr'><strong>autent</strong></span> <span class='ocrx_word' id='word_1_324' title='bbox 1515 3933 1614 3970; x_wconf 84' lang='lat' dir='ltr'><strong>non</strong></span> <span class='ocrx_word' id='word_1_325' title='bbox 1643 3932 1755 3970; x_wconf 86' lang='lat' dir='ltr'><strong>crc-</strong></span> 
     </span>
    </p>
   </div>
   <div class='ocr_carea' id='block_1_39' title="bbox 190 4004 1754 4086">
    <p class='ocr_par' dir='ltr' id='par_1_39' title="bbox 190 4004 1754 4086">
     <span class='ocr_line' id='line_1_39' title="bbox 190 4004 1754 4086; baseline -0.001 -24"><span class='ocrx_word' id='word_1_326' title='bbox 190 4008 282 4079; x_wconf 83' lang='lat' dir='ltr'><strong>dit,</strong></span> <span class='ocrx_word' id='word_1_327' title='bbox 311 4011 513 4084; x_wconf 81' lang='lat' dir='ltr'><strong>inquit,</strong></span> <span class='ocrx_word' id='word_1_328' title='bbox 538 4013 655 4086; x_wconf 86' lang='lat' dir='ltr'><strong>jam</strong></span> <span class='ocrx_word' id='word_1_329' title='bbox 675 4012 938 4084; x_wconf 85' lang='lat' dir='ltr'><strong>judicatus</strong></span> <span class='ocrx_word' id='word_1_330' title='bbox 965 4019 1040 4066; x_wconf 68' lang='lat' dir='ltr'><strong>est</strong></span> <span class='ocrx_word' id='word_1_331' title='bbox 1081 4007 1208 4081; x_wconf 87' lang='lat' dir='ltr'><strong>(Id.</strong></span> <span class='ocrx_word' id='word_1_332' title='bbox 1241 4005 1497 4078; x_wconf 71' lang='lat'><strong>111,18);</strong></span> <span class='ocrx_word' id='word_1_333' title='bbox 1544 4004 1594 4060; x_wconf 87' lang='lat' dir='ltr'><strong>id</strong></span> <span class='ocrx_word' id='word_1_334' title='bbox 1635 4014 1714 4060; x_wconf 89' lang='lat' dir='ltr'><strong>est</strong></span> <span class='ocrx_word' id='word_1_335' title='bbox 1737 4047 1754 4072; x_wconf 87' lang='lat'><strong>,</strong></span> 
     </span>
    </p>
   </div>
   <div class='ocr_carea' id='block_1_40' title="bbox 190 4089 1757 4176">
    <p class='ocr_par' dir='ltr' id='par_1_40' title="bbox 190 4089 1757 4176">
     <span class='ocr_line' id='line_1_40' title="bbox 190 4089 1757 4176; baseline -0.003 -20"><span class='ocrx_word' id='word_1_336' title='bbox 190 4101 276 4158; x_wconf 87' lang='lat' dir='ltr'><strong>isto</strong></span> <span class='ocrx_word' id='word_1_337' title='bbox 298 4089 505 4162; x_wconf 82' lang='lat' dir='ltr'><strong>occulto</strong></span> <span class='ocrx_word' id='word_1_338' title='bbox 534 4103 738 4176; x_wconf 83' lang='lat' dir='ltr'><strong>judicio</strong></span> <span class='ocrx_word' id='word_1_339' title='bbox 772 4105 883 4174; x_wconf 90' lang='lat' dir='ltr'><strong>jam</strong></span> <span class='ocrx_word' id='word_1_340' title='bbox 922 4112 1250 4175; x_wconf 69' lang='lat' dir='ltr'><strong>prteparatus</strong></span> <span class='ocrx_word' id='word_1_341' title='bbox 1280 4109 1361 4156; x_wconf 91' lang='lat' dir='ltr'><strong>est</strong></span> <span class='ocrx_word' id='word_1_342' title='bbox 1391 4098 1456 4156; x_wconf 87' lang='lat' dir='ltr'><strong>ad</strong></span> <span class='ocrx_word' id='word_1_343' title='bbox 1488 4097 1612 4154; x_wconf 90' lang='lat' dir='ltr'><strong>illud</strong></span> <span class='ocrx_word' id='word_1_344' title='bbox 1645 4113 1757 4152; x_wconf 82' lang='lat' dir='ltr'><strong>ma-</strong></span> 
     </span>
    </p>
   </div>
   <div class='ocr_carea' id='block_1_41' title="bbox 192 4187 1755 4267">
    <p class='ocr_par' dir='ltr' id='par_1_41' title="bbox 192 4187 1755 4267">
     <span class='ocr_line' id='line_1_41' title="bbox 192 4187 1755 4267; baseline -0.003 -20"><span class='ocrx_word' id='word_1_345' title='bbox 192 4193 437 4254; x_wconf 73' lang='lat' dir='ltr'><strong>nifestum.</strong></span> <span class='ocrx_word' id='word_1_346' title='bbox 464 4197 597 4252; x_wconf 69' lang='lat' dir='ltr'><strong>[iure</strong></span> <span class='ocrx_word' id='word_1_347' title='bbox 644 4195 749 4251; x_wconf 91' lang='lat' dir='ltr'><strong>duo</strong></span> <span class='ocrx_word' id='word_1_348' title='bbox 785 4193 980 4267; x_wconf 88' lang='lat' dir='ltr'><strong>judicia</strong></span> <span class='ocrx_word' id='word_1_349' title='bbox 1026 4193 1185 4250; x_wconf 90' lang='lat' dir='ltr'><strong>etiam</strong></span> <span class='ocrx_word' id='word_1_350' title='bbox 1235 4195 1287 4249; x_wconf 91' lang='lat' dir='ltr'><strong>in</strong></span> <span class='ocrx_word' id='word_1_351' title='bbox 1328 4189 1598 4264; x_wconf 82' lang='lat' dir='ltr'><strong>Sapientia</strong></span> <span class='ocrx_word' id='word_1_352' title='bbox 1624 4187 1755 4260; x_wconf 78' lang='lat' dir='ltr'><strong>legi—</strong></span> 
     </span>
    </p>
   </div>
   <div class='ocr_carea' id='block_1_42' title="bbox 191 4281 1756 4358">
    <p class='ocr_par' dir='ltr' id='par_1_42' title="bbox 191 4281 1756 4358">
     <span class='ocr_line' id='line_1_42' title="bbox 191 4281 1756 4358; baseline -0.001 -20"><span class='ocrx_word' id='word_1_353' title='bbox 191 4297 294 4340; x_wconf 88' lang='lat' dir='ltr'><strong>mus</strong></span> <span class='ocrx_word' id='word_1_354' title='bbox 316 4329 328 4354; x_wconf 86' lang='lat'><strong>,</strong></span> <span class='ocrx_word' id='word_1_355' title='bbox 352 4289 437 4344; x_wconf 89' lang='lat' dir='ltr'><strong>ubi</strong></span> <span class='ocrx_word' id='word_1_356' title='bbox 469 4287 734 4358; x_wconf 89' lang='lat' dir='ltr'><strong>scriptum</strong></span> <span class='ocrx_word' id='word_1_357' title='bbox 767 4295 888 4342; x_wconf 88' lang='lat' dir='ltr'><strong>est:</strong></span> <span class='ocrx_word' id='word_1_358' title='bbox 923 4284 1140 4357; x_wconf 85' lang='lat' dir='ltr'><strong>Pr0pter</strong></span> <span class='ocrx_word' id='word_1_359' title='bbox 1180 4284 1274 4338; x_wconf 86' lang='lat' dir='ltr'><strong>Itoc</strong></span> <span class='ocrx_word' id='word_1_360' title='bbox 1314 4293 1551 4355; x_wconf 84' lang='lat' dir='ltr'><strong>tauquam</strong></span> <span class='ocrx_word' id='word_1_361' title='bbox 1591 4281 1756 4356; x_wconf 83' lang='lat' dir='ltr'><strong>pueris</strong></span> 
     </span>
    </p>
   </div>
   <div class='ocr_carea' id='block_1_43' title="bbox 189 4366 1758 4452">
    <p class='ocr_par' dir='ltr' id='par_1_43' title="bbox 189 4366 1758 4452">
     <span class='ocr_line' id='line_1_43' title="bbox 189 4366 1758 4452; baseline 0 -24"><span class='ocrx_word' id='word_1_362' title='bbox 189 4374 428 4434; x_wconf 66' lang='lat' dir='ltr'><strong>inuitantis</strong></span> <span class='ocrx_word' id='word_1_363' title='bbox 462 4378 726 4452; x_wconf 83' lang='lat' dir='ltr'><strong>judicium</strong></span> <span class='ocrx_word' id='word_1_364' title='bbox 763 4377 816 4432; x_wconf 86' lang='lat' dir='ltr'><strong>in</strong></span> <span class='ocrx_word' id='word_1_365' title='bbox 859 4366 1081 4432; x_wconf 84' lang='lat' dir='ltr'><strong>derisum</strong></span> <span class='ocrx_word' id='word_1_366' title='bbox 1117 4375 1332 4439; x_wconf 80' lang='lat' dir='ltr'><strong>dedisti;</strong></span> <span class='ocrx_word' id='word_1_367' title='bbox 1367 4373 1419 4428; x_wconf 74' lang='lat' dir='ltr'><strong>lii</strong></span> <span class='ocrx_word' id='word_1_368' title='bbox 1455 4383 1620 4428; x_wconf 85' lang='lat' dir='ltr'><strong>autem</strong></span> <span class='ocrx_word' id='word_1_369' title='bbox 1664 4374 1758 4428; x_wconf 85' lang='lat' dir='ltr'><strong>hoc</strong></span> 
     </span>
    </p>
   </div>
   <div class='ocr_carea' id='block_1_44' title="bbox 187 4465 1760 4543">
    <p class='ocr_par' dir='ltr' id='par_1_44' title="bbox 187 4465 1760 4543">
     <span class='ocr_line' id='line_1_44' title="bbox 187 4465 1760 4543; baseline -0.001 -22"><span class='ocrx_word' id='word_1_370' title='bbox 187 4467 359 4538; x_wconf 72' lang='lat' dir='ltr'><strong>iudicio</strong></span> <span class='ocrx_word' id='word_1_371' title='bbox 412 4491 514 4528; x_wconf 83' lang='lat' dir='ltr'><strong>non</strong></span> <span class='ocrx_word' id='word_1_372' title='bbox 573 4471 820 4540; x_wconf 85' lang='lat' dir='ltr'><strong>correcti,</strong></span> <span class='ocrx_word' id='word_1_373' title='bbox 881 4470 1090 4543; x_wconf 84' lang='lat' dir='ltr'><strong>dignum</strong></span> <span class='ocrx_word' id='word_1_374' title='bbox 1136 4467 1230 4525; x_wconf 85' lang='lat' dir='ltr'><strong>Dei</strong></span> <span class='ocrx_word' id='word_1_375' title='bbox 1269 4467 1521 4540; x_wconf 81' lang='lat' dir='ltr'><strong>judicium</strong></span> <span class='ocrx_word' id='word_1_376' title='bbox 1569 4465 1760 4537; x_wconf 73' lang='lat' dir='ltr'><strong>experti</strong></span> 
     </span>
    </p>
   </div>
   <div class='ocr_carea' id='block_1_45' title="bbox 191 4561 1759 4638">
    <p class='ocr_par' dir='ltr' id='par_1_45' title="bbox 191 4561 1759 4638">
     <span class='ocr_line' id='line_1_45' title="bbox 191 4561 1759 4638; baseline 0.003 -26"><span class='ocrx_word' id='word_1_377' title='bbox 191 4562 341 4636; x_wconf 74' lang='lat' dir='ltr'><strong>aunt.(</strong></span> <span class='ocrx_word' id='word_1_378' title='bbox 364 4564 490 4638; x_wconf 83' lang='lat' dir='ltr'><strong>Sap.</strong></span> <span class='ocrx_word' id='word_1_379' title='bbox 527 4579 602 4620; x_wconf 80' lang='lat' dir='ltr'><strong>xu</strong></span> <span class='ocrx_word' id='word_1_380' title='bbox 627 4607 642 4630; x_wconf 82' lang='lat'><strong>,</strong></span> <span class='ocrx_word' id='word_1_381' title='bbox 673 4564 744 4620; x_wconf 71' lang='lat'><strong>25</strong></span> <span class='ocrx_word' id='word_1_382' title='bbox 768 4606 784 4633; x_wconf 93' lang='lat'><strong>,</strong></span> <span class='ocrx_word' id='word_1_383' title='bbox 817 4563 886 4619; x_wconf 74' lang='lat'><strong>26</strong></span> <span class='ocrx_word' id='word_1_384' title='bbox 910 4563 951 4636; x_wconf 93' lang='lat'><strong>).</strong></span> <span class='ocrx_word' id='word_1_385' title='bbox 981 4562 1082 4630; x_wconf 85' lang='lat' dir='ltr'><strong>Qui</strong></span> <span class='ocrx_word' id='word_1_386' title='bbox 1117 4578 1244 4635; x_wconf 79' lang='lat' dir='ltr'><strong>ergo</strong></span> <span class='ocrx_word' id='word_1_387' title='bbox 1287 4577 1392 4616; x_wconf 89' lang='lat' dir='ltr'><strong>non</strong></span> <span class='ocrx_word' id='word_1_388' title='bbox 1423 4561 1759 4632; x_wconf 79' lang='lat' dir='ltr'><strong>corriguntur</strong></span> 
     </span>
    </p>
   </div>
   <div class='ocr_carea' id='block_1_46' title="bbox 191 4651 1760 4730">
    <p class='ocr_par' dir='ltr' id='par_1_46' title="bbox 191 4651 1760 4730">
     <span class='ocr_line' id='line_1_46' title="bbox 191 4651 1760 4730; baseline 0.001 -23"><span class='ocrx_word' id='word_1_389' title='bbox 191 4652 283 4712; x_wconf 84' lang='lat' dir='ltr'><strong>isto</strong></span> <span class='ocrx_word' id='word_1_390' title='bbox 320 4660 525 4716; x_wconf 88' lang='lat' dir='ltr'><strong>occulto</strong></span> <span class='ocrx_word' id='word_1_391' title='bbox 574 4651 667 4715; x_wconf 86' lang='lat' dir='ltr'><strong>Dei</strong></span> <span class='ocrx_word' id='word_1_392' title='bbox 707 4657 908 4730; x_wconf 88' lang='lat' dir='ltr'><strong>judicio</strong></span> <span class='ocrx_word' id='word_1_393' title='bbox 933 4700 946 4722; x_wconf 91' lang='lat'><strong>,</strong></span> <span class='ocrx_word' id='word_1_394' title='bbox 996 4655 1307 4727; x_wconf 83' lang='lat' dir='ltr'><strong>dignissime</strong></span> <span class='ocrx_word' id='word_1_395' title='bbox 1353 4655 1442 4709; x_wconf 89' lang='lat' dir='ltr'><strong>illo</strong></span> <span class='ocrx_word' id='word_1_396' title='bbox 1480 4652 1760 4709; x_wconf 81' lang='lat' dir='ltr'><strong>manifesto</strong></span> 
     </span>
    </p>
   </div>
   <div class='ocr_carea' id='block_1_47' title="bbox 194 4743 1762 4822">
    <p class='ocr_par' dir='ltr' id='par_1_47' title="bbox 194 4743 1762 4822">
     <span class='ocr_line' id='line_1_47' title="bbox 194 4743 1762 4822; baseline 0.001 -21"><span class='ocrx_word' id='word_1_397' title='bbox 194 4747 481 4815; x_wconf 88' lang='lat' dir='ltr'><strong>punientur.</strong></span> <span class='ocrx_word' id='word_1_398' title='bbox 507 4746 771 4822; x_wconf 85' lang='lat' dir='ltr'><strong>Quocirca</strong></span> <span class='ocrx_word' id='word_1_399' title='bbox 801 4749 853 4803; x_wconf 90' lang='lat' dir='ltr'><strong>in</strong></span> <span class='ocrx_word' id='word_1_400' title='bbox 880 4747 985 4803; x_wconf 89' lang='lat' dir='ltr'><strong>hoc</strong></span> <span class='ocrx_word' id='word_1_401' title='bbox 1026 4747 1232 4820; x_wconf 87' lang='lat' dir='ltr'><strong>psalmo</strong></span> <span class='ocrx_word' id='word_1_402' title='bbox 1274 4745 1599 4801; x_wconf 88' lang='lat' dir='ltr'><strong>observanda</strong></span> <span class='ocrx_word' id='word_1_403' title='bbox 1637 4743 1762 4802; x_wconf 82' lang='lat' dir='ltr'><strong>sunt</strong></span> 
     </span>
    </p>
   </div>
   <div class='ocr_carea' id='block_1_48' title="bbox 193 4837 1761 4910">
    <p class='ocr_par' dir='ltr' id='par_1_48' title="bbox 193 4837 1761 4910">
     <span class='ocr_line' id='line_1_48' title="bbox 193 4837 1761 4910; baseline -0.002 -14"><span class='ocrx_word' id='word_1_404' title='bbox 193 4839 382 4897; x_wconf 81' lang='lat' dir='ltr'><strong>occulta</strong></span> <span class='ocrx_word' id='word_1_405' title='bbox 412 4839 576 4910; x_wconf 88' lang='lat' dir='ltr'><strong>Filii,</strong></span> <span class='ocrx_word' id='word_1_406' title='bbox 607 4841 659 4897; x_wconf 90' lang='lat' dir='ltr'><strong>id</strong></span> <span class='ocrx_word' id='word_1_407' title='bbox 688 4851 769 4898; x_wconf 92' lang='lat' dir='ltr'><strong>est</strong></span> <span class='ocrx_word' id='word_1_408' title='bbox 793 4883 808 4909; x_wconf 90' lang='lat'><strong>,</strong></span> <span class='ocrx_word' id='word_1_409' title='bbox 855 4849 910 4896; x_wconf 90' lang='lat' dir='ltr'><strong>et</strong></span> <span class='ocrx_word' id='word_1_410' title='bbox 946 4838 1160 4894; x_wconf 87' lang='lat' dir='ltr'><strong>humilis</strong></span> <span class='ocrx_word' id='word_1_411' title='bbox 1201 4837 1317 4908; x_wconf 86' lang='lat' dir='ltr'><strong>ejus</strong></span> <span class='ocrx_word' id='word_1_412' title='bbox 1356 4838 1613 4894; x_wconf 83' lang='lat' dir='ltr'><strong>adventus</strong></span> <span class='ocrx_word' id='word_1_413' title='bbox 1657 4853 1761 4908; x_wconf 92' lang='lat' dir='ltr'><strong>quo</strong></span> 
     </span>
    </p>
   </div>
   <div class='ocr_carea' id='block_1_49' title="bbox 195 4927 1762 5000">
    <p class='ocr_par' dir='ltr' id='par_1_49' title="bbox 195 4927 1762 5000">
     <span class='ocr_line' id='line_1_49' title="bbox 195 4927 1762 5000; baseline 0.001 -17"><span class='ocrx_word' id='word_1_414' title='bbox 195 4931 375 5000; x_wconf 77' lang='lat' dir='ltr'><strong>profuit</strong></span> <span class='ocrx_word' id='word_1_415' title='bbox 401 4932 661 4990; x_wconf 86' lang='lat' dir='ltr'><strong>Gentibus</strong></span> <span class='ocrx_word' id='word_1_416' title='bbox 709 4949 830 4988; x_wconf 91' lang='lat' dir='ltr'><strong>cum</strong></span> <span class='ocrx_word' id='word_1_417' title='bbox 874 4931 1113 4987; x_wconf 66' lang='lat' dir='ltr'><strong>caecitate</strong></span> <span class='ocrx_word' id='word_1_418' title='bbox 1149 4927 1452 4984; x_wconf 72' lang='lat' dir='ltr'><strong>Judmorum</strong></span> <span class='ocrx_word' id='word_1_419' title='bbox 1478 4970 1493 4996; x_wconf 92' lang='lat'><strong>,</strong></span> <span class='ocrx_word' id='word_1_420' title='bbox 1525 4939 1576 4984; x_wconf 90' lang='lat' dir='ltr'><strong>et</strong></span> <span class='ocrx_word' id='word_1_421' title='bbox 1609 4944 1762 5000; x_wconf 73' lang='lat' dir='ltr'><strong>ptena</strong></span> 
     </span>
    </p>
   </div>
   <div class='ocr_carea' id='block_1_50' title="bbox 185 5021 1763 5097">
    <p class='ocr_par' dir='ltr' id='par_1_50' title="bbox 185 5021 1763 5097">
     <span class='ocr_line' id='line_1_50' title="bbox 185 5021 1763 5097; baseline -0.004 -15"><span class='ocrx_word' id='word_1_422' title='bbox 185 5021 304 5092; x_wconf 61' lang='lat' dir='ltr'><strong>huic</strong></span> <span class='ocrx_word' id='word_1_423' title='bbox 329 5041 468 5082; x_wconf 91' lang='lat' dir='ltr'><strong>nunc</strong></span> <span class='ocrx_word' id='word_1_424' title='bbox 496 5025 710 5083; x_wconf 90' lang='lat' dir='ltr'><strong>occulte</strong></span> <span class='ocrx_word' id='word_1_425' title='bbox 737 5027 913 5097; x_wconf 76' lang='lat' dir='ltr'><strong>agitur</strong></span> <span class='ocrx_word' id='word_1_426' title='bbox 934 5065 951 5092; x_wconf 91' lang='lat'><strong>,</strong></span> <span class='ocrx_word' id='word_1_427' title='bbox 983 5023 1215 5079; x_wconf 89' lang='lat' dir='ltr'><strong>nondum</strong></span> <span class='ocrx_word' id='word_1_428' title='bbox 1257 5021 1598 5076; x_wconf 87' lang='lat' dir='ltr'><strong>damnatione</strong></span> <span class='ocrx_word' id='word_1_429' title='bbox 1636 5037 1763 5092; x_wconf 90' lang='lat' dir='ltr'><strong>pec-</strong></span> 
     </span>
    </p>
   </div>
   <div class='ocr_carea' id='block_1_51' title="bbox 202 5117 1764 5188">
    <p class='ocr_par' dir='ltr' id='par_1_51' title="bbox 202 5117 1764 5188">
     <span class='ocr_line' id='line_1_51' title="bbox 202 5117 1764 5188; baseline -0.002 -16"><span class='ocrx_word' id='word_1_430' title='bbox 202 5118 454 5188; x_wconf 76' lang='lat' dir='ltr'><strong>cantium,</strong></span> <span class='ocrx_word' id='word_1_431' title='bbox 505 5117 598 5175; x_wconf 91' lang='lat' dir='ltr'><strong>sed</strong></span> <span class='ocrx_word' id='word_1_432' title='bbox 644 5129 734 5173; x_wconf 92' lang='lat' dir='ltr'><strong>aut</strong></span> <span class='ocrx_word' id='word_1_433' title='bbox 776 5117 1155 5174; x_wconf 79' lang='lat' dir='ltr'><strong>exercitatione</strong></span> <span class='ocrx_word' id='word_1_434' title='bbox 1203 5128 1618 5179; x_wconf 86' lang='lat' dir='ltr'><strong>conversorum,</strong></span> <span class='ocrx_word' id='word_1_435' title='bbox 1673 5123 1764 5170; x_wconf 91' lang='lat' dir='ltr'><strong>aut</strong></span> 
     </span>
    </p>
   </div>
   <div class='ocr_carea' id='block_1_52' title="bbox 197 5204 1761 5276">
    <p class='ocr_par' dir='ltr' id='par_1_52' title="bbox 197 5204 1761 5276">
     <span class='ocr_line' id='line_1_52' title="bbox 197 5204 1761 5276; baseline 0.001 -18"><span class='ocrx_word' id='word_1_436' title='bbox 197 5205 542 5267; x_wconf 85' lang='lat' dir='ltr'><strong>admonitione</strong></span> <span class='ocrx_word' id='word_1_437' title='bbox 568 5221 624 5267; x_wconf 91' lang='lat' dir='ltr'><strong>ut</strong></span> <span class='ocrx_word' id='word_1_438' title='bbox 648 5217 1043 5276; x_wconf 79' lang='lat' dir='ltr'><strong>convertantur,</strong></span> <span class='ocrx_word' id='word_1_439' title='bbox 1078 5215 1170 5262; x_wconf 92' lang='lat' dir='ltr'><strong>aut</strong></span> <span class='ocrx_word' id='word_1_440' title='bbox 1195 5207 1430 5262; x_wconf 68' lang='lat' dir='ltr'><strong>cazcitate</strong></span> <span class='ocrx_word' id='word_1_441' title='bbox 1454 5213 1510 5261; x_wconf 92' lang='lat' dir='ltr'><strong>ut</strong></span> <span class='ocrx_word' id='word_1_442' title='bbox 1536 5204 1761 5260; x_wconf 87' lang='lat' dir='ltr'><strong>damna-</strong></span> 
     </span>
    </p>
   </div>
   <div class='ocr_carea' id='block_1_53' title="bbox 203 5295 1398 5373">
    <p class='ocr_par' dir='ltr' id='par_1_53' title="bbox 203 5295 1398 5373">
     <span class='ocr_line' id='line_1_53' title="bbox 203 5295 1398 5373; baseline 0 -22"><span class='ocrx_word' id='word_1_443' title='bbox 203 5295 317 5354; x_wconf 89' lang='lat' dir='ltr'><strong>tioni</strong></span> <span class='ocrx_word' id='word_1_444' title='bbox 345 5311 708 5373; x_wconf 82' lang='lat' dir='ltr'><strong>praeparentur</strong></span> <span class='ocrx_word' id='word_1_445' title='bbox 733 5301 821 5370; x_wconf 90' lang='lat' dir='ltr'><strong>qui</strong></span> <span class='ocrx_word' id='word_1_446' title='bbox 849 5298 1088 5354; x_wconf 90' lang='lat' dir='ltr'><strong>converti</strong></span> <span class='ocrx_word' id='word_1_447' title='bbox 1115 5298 1398 5353; x_wconf 90' lang='lat' dir='ltr'><strong>noluerint.</strong></span> 
     </span>
    </p>
   </div>
   <div class='ocr_carea' id='block_1_54' title="bbox 261 5412 1768 5491">
    <p class='ocr_par' dir='ltr' id='par_1_54' title="bbox 261 5412 1768 5491">
     <span class='ocr_line' id='line_1_54' title="bbox 261 5412 1768 5491; baseline -0.003 -19"><span class='ocrx_word' id='word_1_448' title='bbox 261 5412 311 5468; x_wconf 73' lang='grc'><strong>2.</strong></span> <span class='ocrx_word' id='word_1_449' title='bbox 352 5413 372 5489; x_wconf 71' lang='grc' dir='ltr'>ἱ</span> <span class='ocrx_word' id='word_1_450' title='bbox 396 5434 525 5474; x_wconf 75' lang='lat' dir='ltr'><strong>vers.</strong></span> <span class='ocrx_word' id='word_1_451' title='bbox 553 5415 656 5491; x_wconf 78' lang='grc'><strong>2.]</strong></span> <span class='ocrx_word' id='word_1_452' title='bbox 685 5415 962 5488; x_wconf 77' lang='lat' dir='ltr'><strong>Con/itch</strong></span> <span class='ocrx_word' id='word_1_453' title='bbox 990 5415 1118 5484; x_wconf 89' lang='lat' dir='ltr'><strong>tibi,</strong></span> <span class='ocrx_word' id='word_1_454' title='bbox 1144 5415 1389 5482; x_wconf 80' lang='lat' dir='ltr'><strong>Domine,</strong></span> <span class='ocrx_word' id='word_1_455' title='bbox 1417 5415 1470 5470; x_wconf 86' lang='lat' dir='ltr'><strong>in</strong></span> <span class='ocrx_word' id='word_1_456' title='bbox 1495 5423 1597 5469; x_wconf 89' lang='lat' dir='ltr'><strong>toto</strong></span> <span class='ocrx_word' id='word_1_457' title='bbox 1618 5413 1768 5469; x_wconf 81' lang='lat' dir='ltr'><strong>corde</strong></span> 
     </span>
    </p>
   </div>
   <div class='ocr_carea' id='block_1_55' title="bbox 207 5505 1766 5577">
    <p class='ocr_par' dir='ltr' id='par_1_55' title="bbox 207 5505 1766 5577">
     <span class='ocr_line' id='line_1_55' title="bbox 207 5505 1766 5577; baseline 0.002 -21"><span class='ocrx_word' id='word_1_458' title='bbox 207 5517 321 5558; x_wconf 84' lang='lat' dir='ltr'><strong>meo.</strong></span> <span class='ocrx_word' id='word_1_459' title='bbox 352 5505 463 5562; x_wconf 83' lang='lat' dir='ltr'><strong>Non</strong></span> <span class='ocrx_word' id='word_1_460' title='bbox 492 5508 543 5564; x_wconf 91' lang='lat' dir='ltr'><strong>in</strong></span> <span class='ocrx_word' id='word_1_461' title='bbox 571 5517 684 5564; x_wconf 89' lang='lat' dir='ltr'><strong>toto</strong></span> <span class='ocrx_word' id='word_1_462' title='bbox 725 5507 887 5564; x_wconf 89' lang='lat' dir='ltr'><strong>corde</strong></span> <span class='ocrx_word' id='word_1_463' title='bbox 929 5506 1210 5562; x_wconf 91' lang='lat' dir='ltr'><strong>coniitetur</strong></span> <span class='ocrx_word' id='word_1_464' title='bbox 1245 5507 1356 5561; x_wconf 92' lang='lat' dir='ltr'><strong>Deo</strong></span> <span class='ocrx_word' id='word_1_465' title='bbox 1381 5549 1394 5570; x_wconf 86' lang='lat'><strong>,</strong></span> <span class='ocrx_word' id='word_1_466' title='bbox 1425 5507 1514 5577; x_wconf 90' lang='lat' dir='ltr'><strong>qui</strong></span> <span class='ocrx_word' id='word_1_467' title='bbox 1543 5505 1611 5560; x_wconf 86' lang='lat' dir='ltr'><strong>de</strong></span> <span class='ocrx_word' id='word_1_468' title='bbox 1640 5518 1766 5573; x_wconf 89' lang='lat' dir='ltr'><strong>pro-</strong></span> 
     </span>
    </p>
   </div>
   <div class='ocr_carea' id='block_1_56' title="bbox 207 5593 1768 5670">
    <p class='ocr_par' dir='ltr' id='par_1_56' title="bbox 207 5593 1768 5670">
     <span class='ocr_line' id='line_1_56' title="bbox 207 5593 1768 5670; baseline 0.003 -23"><span class='ocrx_word' id='word_1_469' title='bbox 207 5593 417 5653; x_wconf 75' lang='lat' dir='ltr'><strong>videntia</strong></span> <span class='ocrx_word' id='word_1_470' title='bbox 448 5600 561 5670; x_wconf 81' lang='lat' dir='ltr'><strong>ejus</strong></span> <span class='ocrx_word' id='word_1_471' title='bbox 589 5601 643 5656; x_wconf 91' lang='lat' dir='ltr'><strong>in</strong></span> <span class='ocrx_word' id='word_1_472' title='bbox 679 5600 858 5670; x_wconf 87' lang='lat' dir='ltr'><strong>aliquo</strong></span> <span class='ocrx_word' id='word_1_473' title='bbox 894 5598 1136 5653; x_wconf 89' lang='lat' dir='ltr'><strong>dubitat:</strong></span> <span class='ocrx_word' id='word_1_474' title='bbox 1179 5597 1274 5653; x_wconf 88' lang='lat' dir='ltr'><strong>sed</strong></span> <span class='ocrx_word' id='word_1_475' title='bbox 1319 5597 1406 5668; x_wconf 90' lang='lat' dir='ltr'><strong>qui</strong></span> <span class='ocrx_word' id='word_1_476' title='bbox 1451 5598 1557 5665; x_wconf 88' lang='lat' dir='ltr'><strong>jam</strong></span> <span class='ocrx_word' id='word_1_477' title='bbox 1598 5595 1768 5652; x_wconf 85' lang='lat' dir='ltr'><strong>cernit</strong></span> 
     </span>
    </p>
   </div>
   <div class='ocr_carea' id='block_1_57' title="bbox 214 5689 1765 5762">
    <p class='ocr_par' dir='ltr' id='par_1_57' title="bbox 214 5689 1765 5762">
     <span class='ocr_line' id='line_1_57' title="bbox 214 5689 1765 5762; baseline 0.003 -22"><span class='ocrx_word' id='word_1_478' title='bbox 214 5689 398 5744; x_wconf 85' lang='lat' dir='ltr'><strong>occulta</strong></span> <span class='ocrx_word' id='word_1_479' title='bbox 423 5693 695 5762; x_wconf 72' lang='lat' dir='ltr'><strong>sapientia:</strong></span> <span class='ocrx_word' id='word_1_480' title='bbox 737 5690 876 5756; x_wconf 88' lang='lat' dir='ltr'><strong>Dei,</strong></span> <span class='ocrx_word' id='word_1_481' title='bbox 922 5698 1175 5760; x_wconf 88' lang='lat' dir='ltr'><strong>quantum</strong></span> <span class='ocrx_word' id='word_1_482' title='bbox 1220 5690 1290 5744; x_wconf 90' lang='lat' dir='ltr'><strong>sit</strong></span> <span class='ocrx_word' id='word_1_483' title='bbox 1339 5689 1600 5744; x_wconf 82' lang='lat' dir='ltr'><strong>invisibile</strong></span> <span class='ocrx_word' id='word_1_484' title='bbox 1627 5703 1765 5759; x_wconf 64' lang='lat' dir='ltr'><strong>prcc—</strong></span> 
     </span>
    </p>
   </div>
   <div class='ocr_carea' id='block_1_58' title="bbox 215 5777 1766 5854">
    <p class='ocr_par' dir='ltr' id='par_1_58' title="bbox 215 5777 1766 5854">
     <span class='ocr_line' id='line_1_58' title="bbox 215 5777 1766 5854; baseline 0.004 -25"><span class='ocrx_word' id='word_1_485' title='bbox 215 5777 358 5834; x_wconf 88' lang='lat' dir='ltr'><strong>mium</strong></span> <span class='ocrx_word' id='word_1_486' title='bbox 394 5781 542 5852; x_wconf 84' lang='lat' dir='ltr'><strong>ejus,</strong></span> <span class='ocrx_word' id='word_1_487' title='bbox 581 5784 671 5854; x_wconf 84' lang='lat' dir='ltr'><strong>qui</strong></span> <span class='ocrx_word' id='word_1_488' title='bbox 719 5783 891 5848; x_wconf 90' lang='lat' dir='ltr'><strong>dicit,</strong></span> <span class='ocrx_word' id='word_1_489' title='bbox 931 5781 1219 5836; x_wconf 79' lang='lat' dir='ltr'><strong>Gaudemus</strong></span> <span class='ocrx_word' id='word_1_490' title='bbox 1267 5782 1320 5835; x_wconf 82' lang='lat' dir='ltr'><strong>in</strong></span> <span class='ocrx_word' id='word_1_491' title='bbox 1365 5779 1766 5835; x_wconf 78' lang='lat' dir='ltr'><strong>tribulationibus</strong></span> 
     </span>
    </p>
   </div>
   <div class='ocr_carea' id='block_1_59' title="bbox 219 5865 1764 5944">
    <p class='ocr_par' dir='ltr' id='par_1_59' title="bbox 219 5865 1764 5944">
     <span class='ocr_line' id='line_1_59' title="bbox 219 5865 1764 5944; baseline -0.002 -16"><span class='ocrx_word' id='word_1_492' title='bbox 219 5865 388 5928; x_wconf 80' lang='lat' dir='ltr'><strong>(Rom.</strong></span> <span class='ocrx_word' id='word_1_493' title='bbox 420 5888 466 5930; x_wconf 77' lang='grc' dir='ltr'><strong>ν.</strong></span> <span class='ocrx_word' id='word_1_494' title='bbox 493 5874 587 5940; x_wconf 78' lang='lat' dir='ltr'><strong>3i;</strong></span> <span class='ocrx_word' id='word_1_495' title='bbox 633 5883 687 5929; x_wconf 90' lang='lat' dir='ltr'><strong>et</strong></span> <span class='ocrx_word' id='word_1_496' title='bbox 732 5871 1178 5944; x_wconf 89' lang='lat' dir='ltr'><strong>quemadmodum</strong></span> <span class='ocrx_word' id='word_1_497' title='bbox 1223 5885 1408 5928; x_wconf 91' lang='lat' dir='ltr'><strong>omnes</strong></span> <span class='ocrx_word' id='word_1_498' title='bbox 1454 5871 1717 5927; x_wconf 89' lang='lat' dir='ltr'><strong>cruciatus</strong></span> <span class='ocrx_word' id='word_1_499' title='bbox 1746 5913 1764 5939; x_wconf 92' lang='lat'><strong>,</strong></span> 
     </span>
    </p>
   </div>
   <div class='ocr_carea' id='block_1_60' title="bbox 1721 6025 1827 6056">
    <p class='ocr_par' dir='ltr' id='par_1_60' title="bbox 1721 6025 1827 6056">
     <span class='ocr_line' id='line_1_60' title="bbox 1721 6025 1827 6056; baseline -0.019 -2"><span class='ocrx_word' id='word_1_500' title='bbox 1721 6025 1827 6056; x_wconf 47' lang='lat' dir='ltr'><strong>asas--</strong></span> 
     </span>
    </p>
   </div>
   <div class='ocr_carea' id='block_1_61' title="bbox 1287 371 2276 437">
    <p class='ocr_par' dir='ltr' id='par_1_61' title="bbox 1287 371 2276 437">
     <span class='ocr_line' id='line_1_61' title="bbox 1287 371 2276 437; baseline -0.001 0"><span class='ocrx_word' id='word_1_501' title='bbox 1287 373 1687 437; x_wconf 80' lang='lat' dir='ltr'><strong>ENARRATIO</strong></span> <span class='ocrx_word' id='word_1_502' title='bbox 1723 373 1788 424; x_wconf 65' lang='grc' dir='ltr'>ω</span> <span class='ocrx_word' id='word_1_503' title='bbox 1829 371 2149 431; x_wconf 68' lang='grc' dir='ltr'><strong>νδΑωιωι</strong></span> <span class='ocrx_word' id='word_1_504' title='bbox 2189 379 2276 436; x_wconf 85' lang='grc' dir='ltr'><strong>ΙΧ.</strong></span> 
     </span>
    </p>
   </div>
   <div class='ocr_carea' id='block_1_62' title="bbox 3367 394 3470 458">
    <p class='ocr_par' dir='ltr' id='par_1_62' title="bbox 3367 394 3470 458">
     <span class='ocr_line' id='line_1_62' title="bbox 3367 394 3470 458; baseline 0.039 -4"><span class='ocrx_word' id='word_1_505' title='bbox 3367 394 3470 458; x_wconf 68' lang='lat' dir='ltr'><strong>ill</strong></span> 
     </span>
    </p>
   </div>
   <div class='ocr_carea' id='block_1_63' title="bbox 1896 501 3470 578">
    <p class='ocr_par' dir='ltr' id='par_1_63' title="bbox 1896 501 3470 578">
     <span class='ocr_line' id='line_1_63' title="bbox 1896 501 3470 578; baseline 0.015 -23"><span class='ocrx_word' id='word_1_506' title='bbox 1896 501 1984 574; x_wconf 89' lang='lat' dir='ltr'><strong>qui</strong></span> <span class='ocrx_word' id='word_1_507' title='bbox 2013 506 2356 576; x_wconf 84' lang='lat' dir='ltr'><strong>corporaliter</strong></span> <span class='ocrx_word' id='word_1_508' title='bbox 2395 508 2692 567; x_wconf 81' lang='lat' dir='ltr'><strong>inferuntur</strong></span> <span class='ocrx_word' id='word_1_509' title='bbox 2723 520 2813 568; x_wconf 86' lang='lat' dir='ltr'><strong>aut</strong></span> <span class='ocrx_word' id='word_1_510' title='bbox 2854 523 3136 571; x_wconf 80' lang='lat' dir='ltr'><strong>exerceant</strong></span> <span class='ocrx_word' id='word_1_511' title='bbox 3176 531 3470 578; x_wconf 79' lang='lat' dir='ltr'><strong>conversos</strong></span> 
     </span>
    </p>
   </div>
   <div class='ocr_carea' id='block_1_64' title="bbox 1889 593 3468 681">
    <p class='ocr_par' dir='ltr' id='par_1_64' title="bbox 1889 593 3468 681">
     <span class='ocr_line' id='line_1_64' title="bbox 1889 593 3468 681; baseline 0.013 -32"><span class='ocrx_word' id='word_1_512' title='bbox 1889 593 1955 650; x_wconf 87' lang='lat' dir='ltr'><strong>ad</strong></span> <span class='ocrx_word' id='word_1_513' title='bbox 1987 595 2152 651; x_wconf 87' lang='lat' dir='ltr'><strong>Deum</strong></span> <span class='ocrx_word' id='word_1_514' title='bbox 2179 639 2191 661; x_wconf 92' lang='lat'><strong>,</strong></span> <span class='ocrx_word' id='word_1_515' title='bbox 2224 608 2315 654; x_wconf 88' lang='lat' dir='ltr'><strong>aut</strong></span> <span class='ocrx_word' id='word_1_516' title='bbox 2345 607 2398 654; x_wconf 92' lang='lat' dir='ltr'><strong>ut</strong></span> <span class='ocrx_word' id='word_1_517' title='bbox 2425 613 2800 659; x_wconf 88' lang='lat' dir='ltr'><strong>convertantur</strong></span> <span class='ocrx_word' id='word_1_518' title='bbox 2822 607 3176 676; x_wconf 88' lang='lat' dir='ltr'><strong>admoneant,</strong></span> <span class='ocrx_word' id='word_1_519' title='bbox 3203 611 3468 681; x_wconf 72' lang='lat' dir='ltr'><strong>autjustte</strong></span> 
     </span>
    </p>
   </div>
   <div class='ocr_carea' id='block_1_65' title="bbox 1883 688 3468 769">
    <p class='ocr_par' dir='ltr' id='par_1_65' title="bbox 1883 688 3468 769">
     <span class='ocr_line' id='line_1_65' title="bbox 1883 688 3468 769; baseline 0.009 -25"><span class='ocrx_word' id='word_1_520' title='bbox 1883 688 2214 746; x_wconf 88' lang='lat' dir='ltr'><strong>damnationi</strong></span> <span class='ocrx_word' id='word_1_521' title='bbox 2245 693 2426 748; x_wconf 85' lang='lat' dir='ltr'><strong>ultime</strong></span> <span class='ocrx_word' id='word_1_522' title='bbox 2458 707 2753 766; x_wconf 73' lang='lat' dir='ltr'><strong>praeparent</strong></span> <span class='ocrx_word' id='word_1_523' title='bbox 2782 700 3066 756; x_wconf 88' lang='lat' dir='ltr'><strong>obduratos</strong></span> <span class='ocrx_word' id='word_1_524' title='bbox 3098 744 3113 769; x_wconf 88' lang='lat'><strong>,</strong></span> <span class='ocrx_word' id='word_1_525' title='bbox 3142 711 3197 757; x_wconf 90' lang='lat' dir='ltr'><strong>ct</strong></span> <span class='ocrx_word' id='word_1_526' title='bbox 3230 704 3305 760; x_wconf 87' lang='lat' dir='ltr'><strong>sic</strong></span> <span class='ocrx_word' id='word_1_527' title='bbox 3345 721 3468 759; x_wconf 84' lang='lat' dir='ltr'><strong>om-</strong></span> 
     </span>
    </p>
   </div>
   <div class='ocr_carea' id='block_1_66' title="bbox 1886 779 3460 867">
    <p class='ocr_par' dir='ltr' id='par_1_66' title="bbox 1886 779 3460 867">
     <span class='ocr_line' id='line_1_66' title="bbox 1886 779 3460 867; baseline 0.012 -33"><span class='ocrx_word' id='word_1_528' title='bbox 1886 779 1970 834; x_wconf 89' lang='lat' dir='ltr'><strong>nia</strong></span> <span class='ocrx_word' id='word_1_529' title='bbox 2005 783 2068 835; x_wconf 89' lang='lat' dir='ltr'><strong>ad</strong></span> <span class='ocrx_word' id='word_1_530' title='bbox 2099 780 2290 836; x_wconf 79' lang='lat' dir='ltr'><strong>divinae</strong></span> <span class='ocrx_word' id='word_1_531' title='bbox 2323 785 2665 854; x_wconf 71' lang='lat' dir='ltr'><strong>providentia:</strong></span> <span class='ocrx_word' id='word_1_532' title='bbox 2695 793 2927 860; x_wconf 81' lang='lat' dir='ltr'><strong>regimen</strong></span> <span class='ocrx_word' id='word_1_533' title='bbox 2961 793 3259 853; x_wconf 75' lang='lat' dir='ltr'><strong>referantur</strong></span> <span class='ocrx_word' id='word_1_534' title='bbox 3282 839 3297 862; x_wconf 84' lang='lat'><strong>,</strong></span> <span class='ocrx_word' id='word_1_535' title='bbox 3341 813 3460 867; x_wconf 75' lang='lat' dir='ltr'><strong>quae</strong></span> 
     </span>
    </p>
   </div>
   <div class='ocr_carea' id='block_1_67' title="bbox 1883 873 3464 950">
    <p class='ocr_par' dir='ltr' id='par_1_67' title="bbox 1883 873 3464 950">
     <span class='ocr_line' id='line_1_67' title="bbox 1883 873 3464 950; baseline 0.008 -21"><span class='ocrx_word' id='word_1_536' title='bbox 1883 873 2030 930; x_wconf 87' lang='lat' dir='ltr'><strong>stulti</strong></span> <span class='ocrx_word' id='word_1_537' title='bbox 2061 875 2209 946; x_wconf 86' lang='lat' dir='ltr'><strong>quasi</strong></span> <span class='ocrx_word' id='word_1_538' title='bbox 2231 891 2356 932; x_wconf 84' lang='lat' dir='ltr'><strong>casu</strong></span> <span class='ocrx_word' id='word_1_539' title='bbox 2382 887 2433 930; x_wconf 90' lang='lat' dir='ltr'><strong>et</strong></span> <span class='ocrx_word' id='word_1_540' title='bbox 2459 889 2657 936; x_wconf 81' lang='lat' dir='ltr'><strong>temere</strong></span> <span class='ocrx_word' id='word_1_541' title='bbox 2685 891 2737 936; x_wconf 88' lang='lat' dir='ltr'><strong>ct</strong></span> <span class='ocrx_word' id='word_1_542' title='bbox 2758 884 2893 938; x_wconf 90' lang='lat' dir='ltr'><strong>nulla</strong></span> <span class='ocrx_word' id='word_1_543' title='bbox 2920 885 3098 940; x_wconf 89' lang='lat' dir='ltr'><strong>divina</strong></span> <span class='ocrx_word' id='word_1_544' title='bbox 3122 886 3464 950; x_wconf 75' lang='lat' dir='ltr'><strong>administra-</strong></span> 
     </span>
    </p>
   </div>
   <div class='ocr_carea' id='block_1_68' title="bbox 1883 964 3462 1039">
    <p class='ocr_par' dir='ltr' id='par_1_68' title="bbox 1883 964 3462 1039">
     <span class='ocr_line' id='line_1_68' title="bbox 1883 964 3462 1039; baseline 0.013 -22"><span class='ocrx_word' id='word_1_545' title='bbox 1883 964 2027 1021; x_wconf 87' lang='lat' dir='ltr'><strong>tione</strong></span> <span class='ocrx_word' id='word_1_546' title='bbox 2059 965 2172 1024; x_wconf 88' lang='lat' dir='ltr'><strong>iieri</strong></span> <span class='ocrx_word' id='word_1_547' title='bbox 2205 977 2407 1039; x_wconf 86' lang='lat' dir='ltr'><strong>putant.</strong></span> <span class='ocrx_word' id='word_1_548' title='bbox 2441 969 2679 1028; x_wconf 87' lang='lat' dir='ltr'><strong>Narrabo</strong></span> <span class='ocrx_word' id='word_1_549' title='bbox 2717 976 2883 1030; x_wconf 86' lang='lat' dir='ltr'><strong>omnia</strong></span> <span class='ocrx_word' id='word_1_550' title='bbox 2917 977 3165 1032; x_wconf 82' lang='lat' dir='ltr'><strong>mirabilia</strong></span> <span class='ocrx_word' id='word_1_551' title='bbox 3191 988 3296 1034; x_wconf 87' lang='lat' dir='ltr'><strong>tua.</strong></span> <span class='ocrx_word' id='word_1_552' title='bbox 3325 978 3462 1036; x_wconf 81' lang='lat' dir='ltr'><strong>Nar-</strong></span> 
     </span>
    </p>
   </div>
   <div class='ocr_carea' id='block_1_69' title="bbox 1878 1060 3460 1143">
    <p class='ocr_par' dir='ltr' id='par_1_69' title="bbox 1878 1060 3460 1143">
     <span class='ocr_line' id='line_1_69' title="bbox 1878 1060 3460 1143; baseline 0.01 -31"><span class='ocrx_word' id='word_1_553' title='bbox 1878 1067 1963 1120; x_wconf 83' lang='lat' dir='ltr'><strong>rat</strong></span> <span class='ocrx_word' id='word_1_554' title='bbox 1990 1060 2164 1114; x_wconf 90' lang='lat' dir='ltr'><strong>omnia</strong></span> <span class='ocrx_word' id='word_1_555' title='bbox 2196 1062 2454 1118; x_wconf 87' lang='lat' dir='ltr'><strong>mirabilia</strong></span> <span class='ocrx_word' id='word_1_556' title='bbox 2489 1063 2586 1119; x_wconf 92' lang='lat' dir='ltr'><strong>Dei</strong></span> <span class='ocrx_word' id='word_1_557' title='bbox 2613 1107 2626 1134; x_wconf 92' lang='lat'><strong>,</strong></span> <span class='ocrx_word' id='word_1_558' title='bbox 2657 1067 2742 1136; x_wconf 91' lang='lat' dir='ltr'><strong>qui</strong></span> <span class='ocrx_word' id='word_1_559' title='bbox 2772 1083 2830 1122; x_wconf 89' lang='lat' dir='ltr'><strong>ea</strong></span> <span class='ocrx_word' id='word_1_560' title='bbox 2859 1083 2961 1122; x_wconf 91' lang='lat' dir='ltr'><strong>non</strong></span> <span class='ocrx_word' id='word_1_561' title='bbox 2984 1070 3154 1126; x_wconf 82' lang='lat' dir='ltr'><strong>solum</strong></span> <span class='ocrx_word' id='word_1_562' title='bbox 3186 1072 3240 1127; x_wconf 92' lang='lat' dir='ltr'><strong>in</strong></span> <span class='ocrx_word' id='word_1_563' title='bbox 3265 1086 3460 1143; x_wconf 89' lang='lat' dir='ltr'><strong>corpo-</strong></span> 
     </span>
    </p>
   </div>
   <div class='ocr_carea' id='block_1_70' title="bbox 1879 1153 3456 1234">
    <p class='ocr_par' dir='ltr' id='par_1_70' title="bbox 1879 1153 3456 1234">
     <span class='ocr_line' id='line_1_70' title="bbox 1879 1153 3456 1234; baseline 0.01 -28"><span class='ocrx_word' id='word_1_564' title='bbox 1879 1153 2026 1209; x_wconf 86' lang='lat' dir='ltr'><strong>ribus</strong></span> <span class='ocrx_word' id='word_1_565' title='bbox 2071 1154 2288 1224; x_wconf 87' lang='lat' dir='ltr'><strong>palam,</strong></span> <span class='ocrx_word' id='word_1_566' title='bbox 2337 1157 2431 1212; x_wconf 92' lang='lat' dir='ltr'><strong>sed</strong></span> <span class='ocrx_word' id='word_1_567' title='bbox 2484 1158 2537 1213; x_wconf 89' lang='lat' dir='ltr'><strong>in</strong></span> <span class='ocrx_word' id='word_1_568' title='bbox 2585 1159 2775 1216; x_wconf 89' lang='lat' dir='ltr'><strong>animis</strong></span> <span class='ocrx_word' id='word_1_569' title='bbox 2821 1161 3154 1218; x_wconf 82' lang='lat' dir='ltr'><strong>invisibiliter</strong></span> <span class='ocrx_word' id='word_1_570' title='bbox 3198 1164 3456 1234; x_wconf 86' lang='lat' dir='ltr'><strong>quidem,</strong></span> 
     </span>
    </p>
   </div>
   <div class='ocr_carea' id='block_1_71' title="bbox 1875 1241 3456 1316">
    <p class='ocr_par' dir='ltr' id='par_1_71' title="bbox 1875 1241 3456 1316">
     <span class='ocr_line' id='line_1_71' title="bbox 1875 1241 3456 1316; baseline 0.009 -18"><span class='ocrx_word' id='word_1_571' title='bbox 1875 1241 1969 1299; x_wconf 89' lang='lat' dir='ltr'><strong>sed</strong></span> <span class='ocrx_word' id='word_1_572' title='bbox 2001 1245 2153 1316; x_wconf 84' lang='lat' dir='ltr'><strong>longe</strong></span> <span class='ocrx_word' id='word_1_573' title='bbox 2182 1246 2457 1302; x_wconf 87' lang='lat' dir='ltr'><strong>sublimius</strong></span> <span class='ocrx_word' id='word_1_574' title='bbox 2483 1257 2537 1304; x_wconf 92' lang='lat' dir='ltr'><strong>et</strong></span> <span class='ocrx_word' id='word_1_575' title='bbox 2573 1251 2918 1306; x_wconf 80' lang='lat' dir='ltr'><strong>excellentius</strong></span> <span class='ocrx_word' id='word_1_576' title='bbox 2960 1253 3070 1308; x_wconf 78' lang='lat' dir='ltr'><strong>fieri</strong></span> <span class='ocrx_word' id='word_1_577' title='bbox 3115 1254 3277 1310; x_wconf 87' lang='lat' dir='ltr'><strong>videt.</strong></span> <span class='ocrx_word' id='word_1_578' title='bbox 3322 1256 3456 1312; x_wconf 85' lang='lat' dir='ltr'><strong>Nam</strong></span> 
     </span>
    </p>
   </div>
   <div class='ocr_carea' id='block_1_72' title="bbox 1876 1333 3456 1415">
    <p class='ocr_par' dir='ltr' id='par_1_72' title="bbox 1876 1333 3456 1415">
     <span class='ocr_line' id='line_1_72' title="bbox 1876 1333 3456 1415; baseline 0.009 -25"><span class='ocrx_word' id='word_1_579' title='bbox 1876 1333 2070 1391; x_wconf 87' lang='lat' dir='ltr'><strong>terreni</strong></span> <span class='ocrx_word' id='word_1_580' title='bbox 2106 1337 2347 1394; x_wconf 89' lang='lat' dir='ltr'><strong>homines</strong></span> <span class='ocrx_word' id='word_1_581' title='bbox 2391 1348 2446 1394; x_wconf 87' lang='lat' dir='ltr'><strong>et</strong></span> <span class='ocrx_word' id='word_1_582' title='bbox 2483 1341 2699 1397; x_wconf 90' lang='lat' dir='ltr'><strong>occultis</strong></span> <span class='ocrx_word' id='word_1_583' title='bbox 2739 1341 2942 1411; x_wconf 89' lang='lat' dir='ltr'><strong>dediti,</strong></span> <span class='ocrx_word' id='word_1_584' title='bbox 2988 1345 3156 1415; x_wconf 80' lang='lat' dir='ltr'><strong>magis</strong></span> <span class='ocrx_word' id='word_1_585' title='bbox 3194 1346 3456 1404; x_wconf 80' lang='lat' dir='ltr'><strong>mirantur</strong></span> 
     </span>
    </p>
   </div>
   <div class='ocr_carea' id='block_1_73' title="bbox 1874 1430 3455 1512">
    <p class='ocr_par' dir='ltr' id='par_1_73' title="bbox 1874 1430 3455 1512">
     <span class='ocr_line' id='line_1_73' title="bbox 1874 1430 3455 1512; baseline 0.009 -30"><span class='ocrx_word' id='word_1_586' title='bbox 1874 1430 2234 1486; x_wconf 89' lang='lat' dir='ltr'><strong>resurrexisse</strong></span> <span class='ocrx_word' id='word_1_587' title='bbox 2277 1431 2331 1488; x_wconf 91' lang='lat' dir='ltr'><strong>in</strong></span> <span class='ocrx_word' id='word_1_588' title='bbox 2372 1449 2596 1504; x_wconf 90' lang='lat' dir='ltr'><strong>corpore</strong></span> <span class='ocrx_word' id='word_1_589' title='bbox 2640 1445 2904 1491; x_wconf 89' lang='lat' dir='ltr'><strong>mortuum</strong></span> <span class='ocrx_word' id='word_1_590' title='bbox 2949 1436 3206 1493; x_wconf 88' lang='lat' dir='ltr'><strong>Lazarum</strong></span> <span class='ocrx_word' id='word_1_591' title='bbox 3232 1482 3247 1499; x_wconf 90' lang='lat'><strong>.</strong></span> <span class='ocrx_word' id='word_1_592' title='bbox 3293 1457 3455 1512; x_wconf 89' lang='lat' dir='ltr'><strong>quam</strong></span> 
     </span>
    </p>
   </div>
   <div class='ocr_carea' id='block_1_74' title="bbox 1873 1521 3457 1596">
    <p class='ocr_par' dir='ltr' id='par_1_74' title="bbox 1873 1521 3457 1596">
     <span class='ocr_line' id='line_1_74' title="bbox 1873 1521 3457 1596; baseline 0.008 -22"><span class='ocrx_word' id='word_1_593' title='bbox 1873 1521 2232 1580; x_wconf 79' lang='lat' dir='ltr'><strong>resurrexisse</strong></span> <span class='ocrx_word' id='word_1_594' title='bbox 2280 1523 2332 1578; x_wconf 91' lang='lat' dir='ltr'><strong>in</strong></span> <span class='ocrx_word' id='word_1_595' title='bbox 2382 1525 2558 1580; x_wconf 87' lang='lat' dir='ltr'><strong>anima</strong></span> <span class='ocrx_word' id='word_1_596' title='bbox 2606 1534 2999 1596; x_wconf 87' lang='lat' dir='ltr'><strong>persecutorem</strong></span> <span class='ocrx_word' id='word_1_597' title='bbox 3052 1528 3292 1584; x_wconf 89' lang='lat' dir='ltr'><strong>Paulum.</strong></span> <span class='ocrx_word' id='word_1_598' title='bbox 3347 1529 3457 1586; x_wconf 89' lang='lat' dir='ltr'><strong>Sed</strong></span> 
     </span>
    </p>
   </div>
   <div class='ocr_carea' id='block_1_75' title="bbox 1872 1610 3459 1680">
    <p class='ocr_par' dir='ltr' id='par_1_75' title="bbox 1872 1610 3459 1680">
     <span class='ocr_line' id='line_1_75' title="bbox 1872 1610 3459 1680; baseline 0.008 -17"><span class='ocrx_word' id='word_1_599' title='bbox 1872 1610 2118 1680; x_wconf 88' lang='lat' dir='ltr'><strong>quoniam</strong></span> <span class='ocrx_word' id='word_1_600' title='bbox 2156 1611 2362 1668; x_wconf 87' lang='lat' dir='ltr'><strong>visibile</strong></span> <span class='ocrx_word' id='word_1_601' title='bbox 2390 1615 2702 1670; x_wconf 90' lang='lat' dir='ltr'><strong>miraculum</strong></span> <span class='ocrx_word' id='word_1_602' title='bbox 2740 1615 2807 1672; x_wconf 90' lang='lat' dir='ltr'><strong>ad</strong></span> <span class='ocrx_word' id='word_1_603' title='bbox 2857 1617 3295 1674; x_wconf 88' lang='lat' dir='ltr'><strong>iiiuminationem</strong></span> <span class='ocrx_word' id='word_1_604' title='bbox 3340 1619 3459 1675; x_wconf 91' lang='lat' dir='ltr'><strong>ani-</strong></span> 
     </span>
    </p>
   </div>
   <div class='ocr_carea' id='block_1_76' title="bbox 1871 1705 3455 1780">
    <p class='ocr_par' dir='ltr' id='par_1_76' title="bbox 1871 1705 3455 1780">
     <span class='ocr_line' id='line_1_76' title="bbox 1871 1705 3455 1780; baseline 0.007 -23"><span class='ocrx_word' id='word_1_605' title='bbox 1871 1717 2011 1757; x_wconf 90' lang='lat' dir='ltr'><strong>mam</strong></span> <span class='ocrx_word' id='word_1_606' title='bbox 2040 1713 2232 1772; x_wconf 87' lang='lat' dir='ltr'><strong>vocat,</strong></span> <span class='ocrx_word' id='word_1_607' title='bbox 2266 1705 2529 1761; x_wconf 86' lang='lat' dir='ltr'><strong>invisibile</strong></span> <span class='ocrx_word' id='word_1_608' title='bbox 2572 1715 2749 1764; x_wconf 87' lang='lat' dir='ltr'><strong>autem</strong></span> <span class='ocrx_word' id='word_1_609' title='bbox 2791 1725 2907 1764; x_wconf 91' lang='lat' dir='ltr'><strong>eam</strong></span> <span class='ocrx_word' id='word_1_610' title='bbox 2947 1727 3065 1780; x_wconf 70' lang='lat' dir='ltr'><strong>qua:</strong></span> <span class='ocrx_word' id='word_1_611' title='bbox 3095 1719 3279 1766; x_wconf 87' lang='lat' dir='ltr'><strong>vocata</strong></span> <span class='ocrx_word' id='word_1_612' title='bbox 3306 1711 3455 1769; x_wconf 87' lang='lat' dir='ltr'><strong>venit</strong></span> 
     </span>
    </p>
   </div>
   <div class='ocr_carea' id='block_1_77' title="bbox 1871 1791 3452 1872">
    <p class='ocr_par' dir='ltr' id='par_1_77' title="bbox 1871 1791 3452 1872">
     <span class='ocr_line' id='line_1_77' title="bbox 1871 1791 3452 1872; baseline 0.008 -26"><span class='ocrx_word' id='word_1_613' title='bbox 1871 1791 2169 1861; x_wconf 88' lang='lat' dir='ltr'><strong>illuminat;</strong></span> <span class='ocrx_word' id='word_1_614' title='bbox 2201 1796 2374 1850; x_wconf 89' lang='lat' dir='ltr'><strong>omnia</strong></span> <span class='ocrx_word' id='word_1_615' title='bbox 2405 1805 2584 1852; x_wconf 87' lang='lat' dir='ltr'><strong>narrat</strong></span> <span class='ocrx_word' id='word_1_616' title='bbox 2630 1799 2887 1853; x_wconf 88' lang='lat' dir='ltr'><strong>mirabilia</strong></span> <span class='ocrx_word' id='word_1_617' title='bbox 2933 1800 3029 1856; x_wconf 91' lang='lat' dir='ltr'><strong>Dei</strong></span> <span class='ocrx_word' id='word_1_618' title='bbox 3060 1843 3075 1869; x_wconf 93' lang='lat'><strong>,</strong></span> <span class='ocrx_word' id='word_1_619' title='bbox 3107 1803 3194 1872; x_wconf 90' lang='lat' dir='ltr'><strong>qui</strong></span> <span class='ocrx_word' id='word_1_620' title='bbox 3223 1801 3452 1858; x_wconf 87' lang='lat' dir='ltr'><strong>credens</strong></span> 
     </span>
    </p>
   </div>
   <div class='ocr_carea' id='block_1_78' title="bbox 1868 1886 3410 1964">
    <p class='ocr_par' dir='ltr' id='par_1_78' title="bbox 1868 1886 3410 1964">
     <span class='ocr_line' id='line_1_78' title="bbox 1868 1886 3410 1964; baseline 0.005 -23"><span class='ocrx_word' id='word_1_621' title='bbox 1868 1886 2163 1943; x_wconf 89' lang='lat' dir='ltr'><strong>visibiiibus</strong></span> <span class='ocrx_word' id='word_1_622' title='bbox 2190 1888 2257 1946; x_wconf 90' lang='lat' dir='ltr'><strong>ad</strong></span> <span class='ocrx_word' id='word_1_623' title='bbox 2284 1889 2624 1964; x_wconf 77' lang='lat' dir='ltr'><strong>intelligenda</strong></span> <span class='ocrx_word' id='word_1_624' title='bbox 2646 1891 2927 1948; x_wconf 88' lang='lat' dir='ltr'><strong>invisibilia</strong></span> <span class='ocrx_word' id='word_1_625' title='bbox 2961 1894 3239 1950; x_wconf 89' lang='lat' dir='ltr'><strong>transitum</strong></span> <span class='ocrx_word' id='word_1_626' title='bbox 3267 1894 3410 1951; x_wconf 86' lang='lat' dir='ltr'><strong>iacit.</strong></span> 
     </span>
    </p>
   </div>
   <div class='ocr_carea' id='block_1_79' title="bbox 1938 1979 3449 2064">
    <p class='ocr_par' dir='ltr' id='par_1_79' title="bbox 1938 1979 3449 2064">
     <span class='ocr_line' id='line_1_79' title="bbox 1938 1979 3449 2064; baseline 0.011 -30"><span class='ocrx_word' id='word_1_627' title='bbox 1938 1980 1991 2034; x_wconf 84' lang='lat'><strong>5.</strong></span> <span class='ocrx_word' id='word_1_628' title='bbox 2035 1979 2202 2054; x_wconf 79' lang='lat' dir='ltr'><strong>[rers.</strong></span> <span class='ocrx_word' id='word_1_629' title='bbox 2234 1979 2331 2057; x_wconf 77' lang='lat'><strong>3.]</strong></span> <span class='ocrx_word' id='word_1_630' title='bbox 2361 1982 2592 2040; x_wconf 67' lang='lat' dir='ltr'><strong>Laztabor</strong></span> <span class='ocrx_word' id='word_1_631' title='bbox 2615 2027 2631 2054; x_wconf 93' lang='lat'><strong>,</strong></span> <span class='ocrx_word' id='word_1_632' title='bbox 2661 1995 2709 2040; x_wconf 85' lang='lat' dir='ltr'><strong>et</strong></span> <span class='ocrx_word' id='word_1_633' title='bbox 2734 1989 2994 2042; x_wconf 75' lang='lat' dir='ltr'><strong>exsultabo</strong></span> <span class='ocrx_word' id='word_1_634' title='bbox 3023 1990 3077 2043; x_wconf 84' lang='lat' dir='ltr'><strong>in</strong></span> <span class='ocrx_word' id='word_1_635' title='bbox 3105 2000 3170 2045; x_wconf 86' lang='lat' dir='ltr'><strong>tc.</strong></span> <span class='ocrx_word' id='word_1_636' title='bbox 3201 1990 3314 2046; x_wconf 90' lang='lat' dir='ltr'><strong>Non</strong></span> <span class='ocrx_word' id='word_1_637' title='bbox 3333 1989 3449 2064; x_wconf 85' lang='lat' dir='ltr'><strong>jam</strong></span> 
     </span>
    </p>
   </div>
   <div class='ocr_carea' id='block_1_80' title="bbox 1867 2069 3449 2148">
    <p class='ocr_par' dir='ltr' id='par_1_80' title="bbox 1867 2069 3449 2148">
     <span class='ocr_line' id='line_1_80' title="bbox 1867 2069 3449 2148; baseline 0.008 -23"><span class='ocrx_word' id='word_1_638' title='bbox 1867 2072 1920 2126; x_wconf 89' lang='lat' dir='ltr'><strong>in</strong></span> <span class='ocrx_word' id='word_1_639' title='bbox 1952 2069 2054 2128; x_wconf 90' lang='lat' dir='ltr'><strong>hoc</strong></span> <span class='ocrx_word' id='word_1_640' title='bbox 2084 2075 2315 2142; x_wconf 82' lang='lat' dir='ltr'><strong>saeculo;</strong></span> <span class='ocrx_word' id='word_1_641' title='bbox 2353 2091 2460 2131; x_wconf 92' lang='lat' dir='ltr'><strong>non</strong></span> <span class='ocrx_word' id='word_1_642' title='bbox 2486 2076 2537 2130; x_wconf 91' lang='lat' dir='ltr'><strong>in</strong></span> <span class='ocrx_word' id='word_1_643' title='bbox 2567 2077 2840 2148; x_wconf 88' lang='lat' dir='ltr'><strong>voluptate</strong></span> <span class='ocrx_word' id='word_1_644' title='bbox 2869 2082 3302 2137; x_wconf 86' lang='lat' dir='ltr'><strong>contreetationis</strong></span> <span class='ocrx_word' id='word_1_645' title='bbox 3327 2097 3449 2138; x_wconf 88' lang='lat' dir='ltr'><strong>cor-</strong></span> 
     </span>
    </p>
   </div>
   <div class='ocr_carea' id='block_1_81' title="bbox 1865 2165 3452 2242">
    <p class='ocr_par' dir='ltr' id='par_1_81' title="bbox 1865 2165 3452 2242">
     <span class='ocr_line' id='line_1_81' title="bbox 1865 2165 3452 2242; baseline 0.01 -26"><span class='ocrx_word' id='word_1_646' title='bbox 1865 2177 2052 2233; x_wconf 86' lang='lat' dir='ltr'><strong>porum</strong></span> <span class='ocrx_word' id='word_1_647' title='bbox 2077 2206 2092 2232; x_wconf 94' lang='lat'><strong>,</strong></span> <span class='ocrx_word' id='word_1_648' title='bbox 2132 2180 2233 2220; x_wconf 90' lang='lat' dir='ltr'><strong>nec</strong></span> <span class='ocrx_word' id='word_1_649' title='bbox 2272 2165 2326 2221; x_wconf 91' lang='lat' dir='ltr'><strong>in</strong></span> <span class='ocrx_word' id='word_1_650' title='bbox 2370 2165 2530 2238; x_wconf 91' lang='lat' dir='ltr'><strong>palati</strong></span> <span class='ocrx_word' id='word_1_651' title='bbox 2573 2178 2627 2225; x_wconf 89' lang='lat' dir='ltr'><strong>et</strong></span> <span class='ocrx_word' id='word_1_652' title='bbox 2670 2168 2862 2241; x_wconf 77' lang='lat' dir='ltr'><strong>lingua:</strong></span> <span class='ocrx_word' id='word_1_653' title='bbox 2904 2173 3181 2241; x_wconf 90' lang='lat' dir='ltr'><strong>saporibus</strong></span> <span class='ocrx_word' id='word_1_654' title='bbox 3207 2216 3224 2242; x_wconf 91' lang='lat'><strong>,</strong></span> <span class='ocrx_word' id='word_1_655' title='bbox 3266 2175 3452 2232; x_wconf 83' lang='lat' dir='ltr'><strong>necin</strong></span> 
     </span>
    </p>
   </div>
   <div class='ocr_carea' id='block_1_82' title="bbox 1865 2254 3454 2332">
    <p class='ocr_par' dir='ltr' id='par_1_82' title="bbox 1865 2254 3454 2332">
     <span class='ocr_line' id='line_1_82' title="bbox 1865 2254 3454 2332; baseline 0.009 -24"><span class='ocrx_word' id='word_1_656' title='bbox 1865 2254 2126 2311; x_wconf 80' lang='lat' dir='ltr'><strong>suavitate</strong></span> <span class='ocrx_word' id='word_1_657' title='bbox 2152 2255 2400 2325; x_wconf 88' lang='lat' dir='ltr'><strong>odorum,</strong></span> <span class='ocrx_word' id='word_1_658' title='bbox 2430 2274 2529 2314; x_wconf 92' lang='lat' dir='ltr'><strong>nec</strong></span> <span class='ocrx_word' id='word_1_659' title='bbox 2555 2259 2606 2314; x_wconf 91' lang='lat' dir='ltr'><strong>in</strong></span> <span class='ocrx_word' id='word_1_660' title='bbox 2634 2258 2963 2332; x_wconf 80' lang='lat' dir='ltr'><strong>iucunditate</strong></span> <span class='ocrx_word' id='word_1_661' title='bbox 2988 2277 3240 2319; x_wconf 90' lang='lat' dir='ltr'><strong>sonorum</strong></span> <span class='ocrx_word' id='word_1_662' title='bbox 3271 2274 3454 2322; x_wconf 59' lang='lat' dir='ltr'><strong>transa.</strong></span> 
     </span>
    </p>
   </div>
   <div class='ocr_carea' id='block_1_83' title="bbox 1865 2345 3446 2430">
    <p class='ocr_par' dir='ltr' id='par_1_83' title="bbox 1865 2345 3446 2430">
     <span class='ocr_line' id='line_1_83' title="bbox 1865 2345 3446 2430; baseline 0.009 -30"><span class='ocrx_word' id='word_1_663' title='bbox 1865 2345 2103 2402; x_wconf 86' lang='lat' dir='ltr'><strong>euntium</strong></span> <span class='ocrx_word' id='word_1_664' title='bbox 2128 2389 2141 2412; x_wconf 90' lang='lat'><strong>,</strong></span> <span class='ocrx_word' id='word_1_665' title='bbox 2184 2363 2282 2403; x_wconf 92' lang='lat' dir='ltr'><strong>nec</strong></span> <span class='ocrx_word' id='word_1_666' title='bbox 2316 2348 2370 2404; x_wconf 91' lang='lat' dir='ltr'><strong>in</strong></span> <span class='ocrx_word' id='word_1_667' title='bbox 2421 2351 2604 2406; x_wconf 82' lang='lat' dir='ltr'><strong>formis</strong></span> <span class='ocrx_word' id='word_1_668' title='bbox 2646 2367 2927 2424; x_wconf 90' lang='lat' dir='ltr'><strong>corporum</strong></span> <span class='ocrx_word' id='word_1_669' title='bbox 2970 2355 3117 2410; x_wconf 87' lang='lat' dir='ltr'><strong>varie</strong></span> <span class='ocrx_word' id='word_1_670' title='bbox 3156 2358 3446 2430; x_wconf 88' lang='lat' dir='ltr'><strong>coloratis,</strong></span> 
     </span>
    </p>
   </div>
   <div class='ocr_carea' id='block_1_84' title="bbox 1865 2438 3449 2520">
    <p class='ocr_par' dir='ltr' id='par_1_84' title="bbox 1865 2438 3449 2520">
     <span class='ocr_line' id='line_1_84' title="bbox 1865 2438 3449 2520; baseline 0.011 -29"><span class='ocrx_word' id='word_1_671' title='bbox 1865 2450 1964 2493; x_wconf 90' lang='lat' dir='ltr'><strong>nec</strong></span> <span class='ocrx_word' id='word_1_672' title='bbox 1991 2438 2042 2493; x_wconf 93' lang='lat' dir='ltr'><strong>in</strong></span> <span class='ocrx_word' id='word_1_673' title='bbox 2072 2439 2392 2496; x_wconf 83' lang='lat' dir='ltr'><strong>vanitatibus</strong></span> <span class='ocrx_word' id='word_1_674' title='bbox 2430 2441 2603 2497; x_wconf 89' lang='lat' dir='ltr'><strong>laudis</strong></span> <span class='ocrx_word' id='word_1_675' title='bbox 2635 2442 2880 2499; x_wconf 82' lang='lat' dir='ltr'><strong>humanae</strong></span> <span class='ocrx_word' id='word_1_676' title='bbox 2903 2485 2919 2512; x_wconf 93' lang='lat'><strong>,</strong></span> <span class='ocrx_word' id='word_1_677' title='bbox 2961 2461 3061 2501; x_wconf 93' lang='lat' dir='ltr'><strong>nec</strong></span> <span class='ocrx_word' id='word_1_678' title='bbox 3105 2447 3158 2502; x_wconf 90' lang='lat' dir='ltr'><strong>in</strong></span> <span class='ocrx_word' id='word_1_679' title='bbox 3203 2448 3449 2520; x_wconf 71' lang='lat' dir='ltr'><strong>coniugio</strong></span> 
     </span>
    </p>
   </div>
   <div class='ocr_carea' id='block_1_85' title="bbox 1863 2532 3446 2613">
    <p class='ocr_par' dir='ltr' id='par_1_85' title="bbox 1863 2532 3446 2613">
     <span class='ocr_line' id='line_1_85' title="bbox 1863 2532 3446 2613; baseline 0.008 -27"><span class='ocrx_word' id='word_1_680' title='bbox 1863 2540 1918 2587; x_wconf 87' lang='lat' dir='ltr'><strong>et</strong></span> <span class='ocrx_word' id='word_1_681' title='bbox 1960 2532 2108 2602; x_wconf 89' lang='lat' dir='ltr'><strong>prole</strong></span> <span class='ocrx_word' id='word_1_682' title='bbox 2151 2534 2446 2604; x_wconf 90' lang='lat' dir='ltr'><strong>moritura,</strong></span> <span class='ocrx_word' id='word_1_683' title='bbox 2499 2550 2598 2592; x_wconf 92' lang='lat' dir='ltr'><strong>nec</strong></span> <span class='ocrx_word' id='word_1_684' title='bbox 2642 2537 2695 2594; x_wconf 90' lang='lat' dir='ltr'><strong>in</strong></span> <span class='ocrx_word' id='word_1_685' title='bbox 2743 2538 3025 2609; x_wconf 83' lang='lat' dir='ltr'><strong>superﬂuis</strong></span> <span class='ocrx_word' id='word_1_686' title='bbox 3074 2543 3446 2613; x_wconf 86' lang='lat' dir='ltr'><strong>temporalium</strong></span> 
     </span>
    </p>
   </div>
   <div class='ocr_carea' id='block_1_86' title="bbox 1863 2624 3447 2702">
    <p class='ocr_par' dir='ltr' id='par_1_86' title="bbox 1863 2624 3447 2702">
     <span class='ocr_line' id='line_1_86' title="bbox 1863 2624 3447 2702; baseline 0.008 -24"><span class='ocrx_word' id='word_1_687' title='bbox 1863 2624 2163 2684; x_wconf 86' lang='lat' dir='ltr'><strong>divitiarum</strong></span> <span class='ocrx_word' id='word_1_688' title='bbox 2189 2667 2202 2691; x_wconf 96' lang='lat'><strong>,</strong></span> <span class='ocrx_word' id='word_1_689' title='bbox 2235 2642 2334 2682; x_wconf 88' lang='lat' dir='ltr'><strong>nec</strong></span> <span class='ocrx_word' id='word_1_690' title='bbox 2383 2627 2435 2681; x_wconf 88' lang='lat' dir='ltr'><strong>in</strong></span> <span class='ocrx_word' id='word_1_691' title='bbox 2481 2629 2866 2699; x_wconf 88' lang='lat' dir='ltr'><strong>conquisitione</strong></span> <span class='ocrx_word' id='word_1_692' title='bbox 2896 2630 3052 2702; x_wconf 88' lang='lat' dir='ltr'><strong>hujus</strong></span> <span class='ocrx_word' id='word_1_693' title='bbox 3082 2634 3259 2690; x_wconf 70' lang='lat' dir='ltr'><strong>smcuii</strong></span> <span class='ocrx_word' id='word_1_694' title='bbox 3287 2676 3302 2700; x_wconf 89' lang='lat'><strong>,</strong></span> <span class='ocrx_word' id='word_1_695' title='bbox 3329 2635 3447 2696; x_wconf 80' lang='lat' dir='ltr'><strong>sive</strong></span> 
     </span>
    </p>
   </div>
   <div class='ocr_carea' id='block_1_87' title="bbox 1862 2720 3451 2794">
    <p class='ocr_par' dir='ltr' id='par_1_87' title="bbox 1862 2720 3451 2794">
     <span class='ocr_line' id='line_1_87' title="bbox 1862 2720 3451 2794; baseline 0.008 -19"><span class='ocrx_word' id='word_1_696' title='bbox 1862 2735 1980 2792; x_wconf 70' lang='lat' dir='ltr'><strong>qua:</strong></span> <span class='ocrx_word' id='word_1_697' title='bbox 2008 2721 2244 2775; x_wconf 92' lang='lat' dir='ltr'><strong>locorum</strong></span> <span class='ocrx_word' id='word_1_698' title='bbox 2274 2720 2457 2792; x_wconf 80' lang='lat' dir='ltr'><strong>Spatiis</strong></span> <span class='ocrx_word' id='word_1_699' title='bbox 2487 2720 2723 2776; x_wconf 90' lang='lat' dir='ltr'><strong>tenditur</strong></span> <span class='ocrx_word' id='word_1_700' title='bbox 2749 2765 2763 2788; x_wconf 92' lang='lat'><strong>,</strong></span> <span class='ocrx_word' id='word_1_701' title='bbox 2803 2723 2914 2778; x_wconf 89' lang='lat' dir='ltr'><strong>sive</strong></span> <span class='ocrx_word' id='word_1_702' title='bbox 2955 2740 3069 2794; x_wconf 66' lang='lat' dir='ltr'><strong>quae</strong></span> <span class='ocrx_word' id='word_1_703' title='bbox 3110 2727 3451 2788; x_wconf 79' lang='lat' dir='ltr'><strong>successione</strong></span> 
     </span>
    </p>
   </div>
   <div class='ocr_carea' id='block_1_88' title="bbox 1861 2810 3444 2886">
    <p class='ocr_par' dir='ltr' id='par_1_88' title="bbox 1861 2810 3444 2886">
     <span class='ocr_line' id='line_1_88' title="bbox 1861 2810 3444 2886; baseline 0.004 -19"><span class='ocrx_word' id='word_1_704' title='bbox 1861 2810 2117 2881; x_wconf 74' lang='lat' dir='ltr'><strong>temporis</strong></span> <span class='ocrx_word' id='word_1_705' title='bbox 2161 2811 2427 2867; x_wconf 86' lang='lat' dir='ltr'><strong>volvitur:</strong></span> <span class='ocrx_word' id='word_1_706' title='bbox 2474 2812 2570 2867; x_wconf 89' lang='lat' dir='ltr'><strong>sed</strong></span> <span class='ocrx_word' id='word_1_707' title='bbox 2619 2814 2826 2868; x_wconf 66' lang='lat' dir='ltr'><strong>(tutabor</strong></span> <span class='ocrx_word' id='word_1_708' title='bbox 2868 2825 2913 2869; x_wconf 84' lang='lat' dir='ltr'><strong>et</strong></span> <span class='ocrx_word' id='word_1_709' title='bbox 2955 2813 3216 2871; x_wconf 75' lang='lat' dir='ltr'><strong>exsultabo</strong></span> <span class='ocrx_word' id='word_1_710' title='bbox 3258 2821 3312 2873; x_wconf 89' lang='lat' dir='ltr'><strong>in</strong></span> <span class='ocrx_word' id='word_1_711' title='bbox 3358 2827 3444 2886; x_wconf 80' lang='lat' dir='ltr'><strong>te,</strong></span> 
     </span>
    </p>
   </div>
   <div class='ocr_carea' id='block_1_89' title="bbox 1863 2901 3445 2975">
    <p class='ocr_par' dir='ltr' id='par_1_89' title="bbox 1863 2901 3445 2975">
     <span class='ocr_line' id='line_1_89' title="bbox 1863 2901 3445 2975; baseline 0.004 -15"><span class='ocrx_word' id='word_1_712' title='bbox 1863 2902 2110 2960; x_wconf 77' lang='lat' dir='ltr'><strong>videlicet</strong></span> <span class='ocrx_word' id='word_1_713' title='bbox 2139 2901 2191 2956; x_wconf 93' lang='lat' dir='ltr'><strong>in</strong></span> <span class='ocrx_word' id='word_1_714' title='bbox 2220 2904 2443 2958; x_wconf 90' lang='lat' dir='ltr'><strong>occultis</strong></span> <span class='ocrx_word' id='word_1_715' title='bbox 2473 2901 2595 2958; x_wconf 87' lang='lat' dir='ltr'><strong>Filii</strong></span> <span class='ocrx_word' id='word_1_716' title='bbox 2623 2945 2636 2970; x_wconf 91' lang='lat'><strong>,</strong></span> <span class='ocrx_word' id='word_1_717' title='bbox 2684 2904 2771 2958; x_wconf 86' lang='lat' dir='ltr'><strong>ubi</strong></span> <span class='ocrx_word' id='word_1_718' title='bbox 2802 2904 3064 2975; x_wconf 80' lang='lat' dir='ltr'><strong>signatum</strong></span> <span class='ocrx_word' id='word_1_719' title='bbox 3096 2915 3177 2962; x_wconf 88' lang='lat' dir='ltr'><strong>est</strong></span> <span class='ocrx_word' id='word_1_720' title='bbox 3205 2907 3256 2962; x_wconf 94' lang='lat' dir='ltr'><strong>in</strong></span> <span class='ocrx_word' id='word_1_721' title='bbox 3288 2907 3445 2968; x_wconf 84' lang='lat' dir='ltr'><strong>nobis</strong></span> 
     </span>
    </p>
   </div>
   <div class='ocr_carea' id='block_1_90' title="bbox 1864 2995 3442 3071">
    <p class='ocr_par' dir='ltr' id='par_1_90' title="bbox 1864 2995 3442 3071">
     <span class='ocr_line' id='line_1_90' title="bbox 1864 2995 3442 3071; baseline 0.004 -20"><span class='ocrx_word' id='word_1_722' title='bbox 1864 2995 2042 3052; x_wconf 66' lang='lat' dir='ltr'><strong>ln&#39;tten</strong></span> <span class='ocrx_word' id='word_1_723' title='bbox 2093 2995 2269 3052; x_wconf 90' lang='lat' dir='ltr'><strong>vultus</strong></span> <span class='ocrx_word' id='word_1_724' title='bbox 2316 2996 2430 3063; x_wconf 90' lang='lat' dir='ltr'><strong>tui,</strong></span> <span class='ocrx_word' id='word_1_725' title='bbox 2481 2996 2703 3052; x_wconf 89' lang='lat' dir='ltr'><strong>Domine</strong></span> <span class='ocrx_word' id='word_1_726' title='bbox 2757 2995 2940 3071; x_wconf 85' lang='lat' dir='ltr'><strong>(Psal.</strong></span> <span class='ocrx_word' id='word_1_727' title='bbox 2985 3016 3058 3066; x_wconf 80' lang='grc' dir='ltr'><strong>ιν,</strong></span> <span class='ocrx_word' id='word_1_728' title='bbox 3089 3000 3188 3071; x_wconf 90' lang='lat'><strong>7);</strong></span> <span class='ocrx_word' id='word_1_729' title='bbox 3241 3002 3442 3058; x_wconf 85' lang='lat' dir='ltr'><strong>etenim</strong></span> 
     </span>
    </p>
   </div>
   <div class='ocr_carea' id='block_1_91' title="bbox 1864 3086 3442 3166">
    <p class='ocr_par' dir='ltr' id='par_1_91' title="bbox 1864 3086 3442 3166">
     <span class='ocr_line' id='line_1_91' title="bbox 1864 3086 3442 3166; baseline 0.005 -24"><span class='ocrx_word' id='word_1_730' title='bbox 1864 3086 2145 3142; x_wconf 83' lang='lat' dir='ltr'><strong>Mscondes</strong></span> <span class='ocrx_word' id='word_1_731' title='bbox 2171 3104 2255 3141; x_wconf 86' lang='lat' dir='ltr'><strong>eos</strong></span> <span class='ocrx_word' id='word_1_732' title='bbox 2280 3129 2294 3152; x_wconf 93' lang='lat'><strong>,</strong></span> <span class='ocrx_word' id='word_1_733' title='bbox 2323 3088 2528 3158; x_wconf 91' lang='lat' dir='ltr'><strong>inquit,</strong></span> <span class='ocrx_word' id='word_1_734' title='bbox 2562 3089 2614 3142; x_wconf 85' lang='lat' dir='ltr'><strong>in</strong></span> <span class='ocrx_word' id='word_1_735' title='bbox 2643 3087 2932 3144; x_wconf 81' lang='lat' dir='ltr'><strong>abscondito</strong></span> <span class='ocrx_word' id='word_1_736' title='bbox 2961 3091 3128 3146; x_wconf 87' lang='lat' dir='ltr'><strong>vultus</strong></span> <span class='ocrx_word' id='word_1_737' title='bbox 3152 3092 3224 3146; x_wconf 87' lang='lat' dir='ltr'><strong>tui</strong></span> <span class='ocrx_word' id='word_1_738' title='bbox 3249 3090 3270 3166; x_wconf 94' lang='lat'><strong>(</strong></span> <span class='ocrx_word' id='word_1_739' title='bbox 3291 3091 3442 3156; x_wconf 79' lang='lat' dir='ltr'><strong>Psal.</strong></span> 
     </span>
    </p>
   </div>
   <div class='ocr_carea' id='block_1_92' title="bbox 1859 3175 3446 3258">
    <p class='ocr_par' dir='ltr' id='par_1_92' title="bbox 1859 3175 3446 3258">
     <span class='ocr_line' id='line_1_92' title="bbox 1859 3175 3446 3258; baseline 0.005 -23"><span class='ocrx_word' id='word_1_740' title='bbox 1859 3194 1963 3235; x_wconf 79' lang='lat' dir='ltr'><strong>xxx</strong></span> <span class='ocrx_word' id='word_1_741' title='bbox 1992 3220 2006 3244; x_wconf 93' lang='lat'><strong>,</strong></span> <span class='ocrx_word' id='word_1_742' title='bbox 2033 3177 2094 3232; x_wconf 74' lang='lat' dir='ltr'><strong>2i</strong></span> <span class='ocrx_word' id='word_1_743' title='bbox 2125 3175 2166 3249; x_wconf 93' lang='lat'><strong>).</strong></span> <span class='ocrx_word' id='word_1_744' title='bbox 2200 3177 2491 3232; x_wconf 70' lang='lat' dir='ltr'><strong>Lzetabitur</strong></span> <span class='ocrx_word' id='word_1_745' title='bbox 2537 3194 2662 3250; x_wconf 80' lang='lat' dir='ltr'><strong>ergo</strong></span> <span class='ocrx_word' id='word_1_746' title='bbox 2709 3188 2764 3234; x_wconf 93' lang='lat' dir='ltr'><strong>et</strong></span> <span class='ocrx_word' id='word_1_747' title='bbox 2806 3179 3088 3235; x_wconf 73' lang='lat' dir='ltr'><strong>exsultabit</strong></span> <span class='ocrx_word' id='word_1_748' title='bbox 3132 3181 3184 3236; x_wconf 91' lang='lat' dir='ltr'><strong>in</strong></span> <span class='ocrx_word' id='word_1_749' title='bbox 3231 3191 3282 3239; x_wconf 91' lang='lat' dir='ltr'><strong>te</strong></span> <span class='ocrx_word' id='word_1_750' title='bbox 3305 3224 3321 3252; x_wconf 88' lang='lat'><strong>,</strong></span> <span class='ocrx_word' id='word_1_751' title='bbox 3348 3183 3446 3258; x_wconf 83' lang='lat' dir='ltr'><strong>qui</strong></span> 
     </span>
    </p>
   </div>
   <div class='ocr_carea' id='block_1_93' title="bbox 1860 3269 3447 3334">
    <p class='ocr_par' dir='ltr' id='par_1_93' title="bbox 1860 3269 3447 3334">
     <span class='ocr_line' id='line_1_93' title="bbox 1860 3269 3447 3334; baseline 0.006 -10"><span class='ocrx_word' id='word_1_752' title='bbox 1860 3278 2042 3327; x_wconf 76' lang='lat' dir='ltr'><strong>narrat</strong></span> <span class='ocrx_word' id='word_1_753' title='bbox 2084 3270 2258 3324; x_wconf 87' lang='lat' dir='ltr'><strong>omnia</strong></span> <span class='ocrx_word' id='word_1_754' title='bbox 2303 3269 2564 3325; x_wconf 89' lang='lat' dir='ltr'><strong>mirabilia</strong></span> <span class='ocrx_word' id='word_1_755' title='bbox 2615 3279 2722 3325; x_wconf 91' lang='lat' dir='ltr'><strong>tua.</strong></span> <span class='ocrx_word' id='word_1_756' title='bbox 2763 3269 3014 3327; x_wconf 88' lang='lat' dir='ltr'><strong>Narrabit</strong></span> <span class='ocrx_word' id='word_1_757' title='bbox 3057 3284 3233 3328; x_wconf 89' lang='lat' dir='ltr'><strong>autem</strong></span> <span class='ocrx_word' id='word_1_758' title='bbox 3264 3277 3447 3334; x_wconf 80' lang='lat' dir='ltr'><strong>omnia</strong></span> 
     </span>
    </p>
   </div>
   <div class='ocr_carea' id='block_1_94' title="bbox 1860 3364 3444 3438">
    <p class='ocr_par' dir='ltr' id='par_1_94' title="bbox 1860 3364 3444 3438">
     <span class='ocr_line' id='line_1_94' title="bbox 1860 3364 3444 3438; baseline 0.003 -19"><span class='ocrx_word' id='word_1_759' title='bbox 1860 3364 2123 3420; x_wconf 67' lang='lat' dir='ltr'><strong>nt’rabilia</strong></span> <span class='ocrx_word' id='word_1_760' title='bbox 2152 3374 2237 3420; x_wconf 89' lang='lat' dir='ltr'><strong>tua</strong></span> <span class='ocrx_word' id='word_1_761' title='bbox 2263 3406 2278 3429; x_wconf 89' lang='lat'><strong>,</strong></span> <span class='ocrx_word' id='word_1_762' title='bbox 2307 3365 2567 3437; x_wconf 89' lang='lat' dir='ltr'><strong>siquidem</strong></span> <span class='ocrx_word' id='word_1_763' title='bbox 2597 3380 2739 3419; x_wconf 90' lang='lat' dir='ltr'><strong>nunc</strong></span> <span class='ocrx_word' id='word_1_764' title='bbox 2765 3382 2861 3437; x_wconf 88' lang='lat' dir='ltr'><strong>per</strong></span> <span class='ocrx_word' id='word_1_765' title='bbox 2886 3367 3217 3438; x_wconf 88' lang='lat' dir='ltr'><strong>prophetiam</strong></span> <span class='ocrx_word' id='word_1_766' title='bbox 3240 3368 3444 3428; x_wconf 85' lang='lat' dir='ltr'><strong>dictum</strong></span> 
     </span>
    </p>
   </div>
   <div class='ocr_carea' id='block_1_95' title="bbox 1863 3453 3444 3528">
    <p class='ocr_par' dir='ltr' id='par_1_95' title="bbox 1863 3453 3444 3528">
     <span class='ocr_line' id='line_1_95' title="bbox 1863 3453 3444 3528; baseline 0.004 -16"><span class='ocrx_word' id='word_1_767' title='bbox 1863 3465 1948 3513; x_wconf 89' lang='lat' dir='ltr'><strong>est</strong></span> <span class='ocrx_word' id='word_1_768' title='bbox 1972 3455 2011 3521; x_wconf 77' lang='grc' dir='ltr'><strong>ί,</strong></span> <span class='ocrx_word' id='word_1_769' title='bbox 2059 3455 2147 3512; x_wconf 89' lang='lat' dir='ltr'><strong>ille</strong></span> <span class='ocrx_word' id='word_1_770' title='bbox 2181 3453 2269 3526; x_wconf 89' lang='lat' dir='ltr'><strong>qui</strong></span> <span class='ocrx_word' id='word_1_771' title='bbox 2318 3470 2424 3510; x_wconf 93' lang='lat' dir='ltr'><strong>non</strong></span> <span class='ocrx_word' id='word_1_772' title='bbox 2472 3454 2619 3510; x_wconf 90' lang='lat' dir='ltr'><strong>venit</strong></span> <span class='ocrx_word' id='word_1_773' title='bbox 2659 3455 2985 3512; x_wconf 88' lang='lat' dir='ltr'><strong>voluntatem</strong></span> <span class='ocrx_word' id='word_1_774' title='bbox 3031 3472 3180 3512; x_wconf 89' lang='lat' dir='ltr'><strong>suam</strong></span> <span class='ocrx_word' id='word_1_775' title='bbox 3225 3457 3444 3528; x_wconf 87' lang='lat' dir='ltr'><strong>lacere,</strong></span> 
     </span>
    </p>
   </div>
   <div class='ocr_carea' id='block_1_96' title="bbox 1857 3545 3401 3623">
    <p class='ocr_par' dir='ltr' id='par_1_96' title="bbox 1857 3545 3401 3623">
     <span class='ocr_line' id='line_1_96' title="bbox 1857 3545 3401 3623; baseline 0.004 -23"><span class='ocrx_word' id='word_1_776' title='bbox 1857 3545 1957 3602; x_wconf 85' lang='lat' dir='ltr'><strong>sed</strong></span> <span class='ocrx_word' id='word_1_777' title='bbox 1983 3546 2307 3601; x_wconf 88' lang='lat' dir='ltr'><strong>voluntatem</strong></span> <span class='ocrx_word' id='word_1_778' title='bbox 2335 3546 2452 3617; x_wconf 79' lang='lat' dir='ltr'><strong>ejus</strong></span> <span class='ocrx_word' id='word_1_779' title='bbox 2481 3545 2571 3618; x_wconf 89' lang='lat' dir='ltr'><strong>qui</strong></span> <span class='ocrx_word' id='word_1_780' title='bbox 2603 3560 2723 3601; x_wconf 89' lang='lat' dir='ltr'><strong>eum</strong></span> <span class='ocrx_word' id='word_1_781' title='bbox 2754 3546 2896 3601; x_wconf 87' lang='lat' dir='ltr'><strong>misit</strong></span> <span class='ocrx_word' id='word_1_782' title='bbox 2925 3545 3120 3621; x_wconf 86' lang='lat' dir='ltr'><strong>(Joau.</strong></span> <span class='ocrx_word' id='word_1_783' title='bbox 3150 3564 3202 3603; x_wconf 86' lang='lat' dir='ltr'><strong>vt</strong></span> <span class='ocrx_word' id='word_1_784' title='bbox 3226 3590 3239 3615; x_wconf 92' lang='lat'><strong>,</strong></span> <span class='ocrx_word' id='word_1_785' title='bbox 3269 3551 3338 3605; x_wconf 81' lang='lat'><strong>&#39;58</strong></span> <span class='ocrx_word' id='word_1_786' title='bbox 3358 3549 3401 3623; x_wconf 88' lang='lat'><strong>).</strong></span> 
     </span>
    </p>
   </div>
   <div class='ocr_carea' id='block_1_97' title="bbox 1933 3631 3444 3712">
    <p class='ocr_par' dir='ltr' id='par_1_97' title="bbox 1933 3631 3444 3712">
     <span class='ocr_line' id='line_1_97' title="bbox 1933 3631 3444 3712; baseline 0.003 -20"><span class='ocrx_word' id='word_1_787' title='bbox 1933 3638 1990 3692; x_wconf 69' lang='grc' dir='ltr'><strong>Δ.</strong></span> <span class='ocrx_word' id='word_1_788' title='bbox 2029 3635 2196 3710; x_wconf 72' lang='lat' dir='ltr'><strong>(vers.</strong></span> <span class='ocrx_word' id='word_1_789' title='bbox 2228 3631 2325 3710; x_wconf 65' lang='lat'><strong>4.]</strong></span> <span class='ocrx_word' id='word_1_790' title='bbox 2355 3634 2469 3691; x_wconf 87' lang='lat' dir='ltr'><strong>Jam</strong></span> <span class='ocrx_word' id='word_1_791' title='bbox 2509 3635 2650 3692; x_wconf 89' lang='lat' dir='ltr'><strong>enim</strong></span> <span class='ocrx_word' id='word_1_792' title='bbox 2696 3635 2878 3708; x_wconf 89' lang='lat' dir='ltr'><strong>incipit</strong></span> <span class='ocrx_word' id='word_1_793' title='bbox 2914 3652 3170 3708; x_wconf 88' lang='lat' dir='ltr'><strong>apparere</strong></span> <span class='ocrx_word' id='word_1_794' title='bbox 3214 3655 3444 3712; x_wconf 88' lang='lat' dir='ltr'><strong>persona</strong></span> 
     </span>
    </p>
   </div>
   <div class='ocr_carea' id='block_1_98' title="bbox 1865 3725 3444 3800">
    <p class='ocr_par' dir='ltr' id='par_1_98' title="bbox 1865 3725 3444 3800">
     <span class='ocr_line' id='line_1_98' title="bbox 1865 3725 3444 3800; baseline 0.001 -17"><span class='ocrx_word' id='word_1_795' title='bbox 1865 3727 2072 3784; x_wconf 89' lang='lat' dir='ltr'><strong>Domini</strong></span> <span class='ocrx_word' id='word_1_796' title='bbox 2102 3729 2155 3783; x_wconf 91' lang='lat' dir='ltr'><strong>in</strong></span> <span class='ocrx_word' id='word_1_797' title='bbox 2185 3727 2287 3782; x_wconf 92' lang='lat' dir='ltr'><strong>hoc</strong></span> <span class='ocrx_word' id='word_1_798' title='bbox 2314 3727 2519 3798; x_wconf 89' lang='lat' dir='ltr'><strong>psalmo</strong></span> <span class='ocrx_word' id='word_1_799' title='bbox 2551 3727 2792 3798; x_wconf 86' lang='lat' dir='ltr'><strong>loquens.</strong></span> <span class='ocrx_word' id='word_1_800' title='bbox 2820 3725 2953 3782; x_wconf 84' lang='lat' dir='ltr'><strong>Nam</strong></span> <span class='ocrx_word' id='word_1_801' title='bbox 2979 3730 3218 3800; x_wconf 83' lang='lat' dir='ltr'><strong>sequitur</strong></span> <span class='ocrx_word' id='word_1_802' title='bbox 3243 3749 3255 3784; x_wconf 91' lang='lat'><strong>:</strong></span> <span class='ocrx_word' id='word_1_803' title='bbox 3283 3726 3444 3786; x_wconf 81' lang='lat' dir='ltr'><strong>Psal-</strong></span> 
     </span>
    </p>
   </div>
   <div class='ocr_carea' id='block_1_99' title="bbox 1860 3818 3445 3888">
    <p class='ocr_par' dir='ltr' id='par_1_99' title="bbox 1860 3818 3445 3888">
     <span class='ocr_line' id='line_1_99' title="bbox 1860 3818 3445 3888; baseline 0.002 -14"><span class='ocrx_word' id='word_1_804' title='bbox 1860 3819 1969 3874; x_wconf 87' lang='lat' dir='ltr'><strong>lam</strong></span> <span class='ocrx_word' id='word_1_805' title='bbox 1990 3820 2180 3875; x_wconf 85' lang='lat' dir='ltr'><strong>nomiui</strong></span> <span class='ocrx_word' id='word_1_806' title='bbox 2223 3829 2307 3874; x_wconf 89' lang='lat' dir='ltr'><strong>tuo</strong></span> <span class='ocrx_word' id='word_1_807' title='bbox 2332 3863 2346 3888; x_wconf 90' lang='lat'><strong>,</strong></span> <span class='ocrx_word' id='word_1_808' title='bbox 2389 3818 2640 3876; x_wconf 83' lang='lat' dir='ltr'><strong>Altissinte</strong></span> <span class='ocrx_word' id='word_1_809' title='bbox 2663 3861 2678 3884; x_wconf 87' lang='lat'><strong>,</strong></span> <span class='ocrx_word' id='word_1_810' title='bbox 2723 3820 2778 3873; x_wconf 84' lang='lat' dir='ltr'><strong>in</strong></span> <span class='ocrx_word' id='word_1_811' title='bbox 2817 3821 3146 3876; x_wconf 85' lang='lat' dir='ltr'><strong>convertenda</strong></span> <span class='ocrx_word' id='word_1_812' title='bbox 3182 3821 3445 3879; x_wconf 80' lang='lat' dir='ltr'><strong>inimicum</strong></span> 
     </span>
    </p>
   </div>
   <div class='ocr_carea' id='block_1_100' title="bbox 1861 3909 3445 3982">
    <p class='ocr_par' dir='ltr' id='par_1_100' title="bbox 1861 3909 3445 3982">
     <span class='ocr_line' id='line_1_100' title="bbox 1861 3909 3445 3982; baseline 0.003 -16"><span class='ocrx_word' id='word_1_813' title='bbox 1861 3927 2026 3968; x_wconf 84' lang='lat' dir='ltr'><strong>meum</strong></span> <span class='ocrx_word' id='word_1_814' title='bbox 2051 3919 2350 3964; x_wconf 78' lang='lat' dir='ltr'><strong>retrorsum.</strong></span> <span class='ocrx_word' id='word_1_815' title='bbox 2383 3909 2550 3980; x_wconf 82' lang='lat' dir='ltr'><strong>liujus</strong></span> <span class='ocrx_word' id='word_1_816' title='bbox 2589 3925 2715 3980; x_wconf 77' lang='lat' dir='ltr'><strong>ergo</strong></span> <span class='ocrx_word' id='word_1_817' title='bbox 2761 3910 3008 3966; x_wconf 90' lang='lat' dir='ltr'><strong>inimicus</strong></span> <span class='ocrx_word' id='word_1_818' title='bbox 3045 3912 3256 3982; x_wconf 87' lang='lat' dir='ltr'><strong>quando</strong></span> <span class='ocrx_word' id='word_1_819' title='bbox 3299 3921 3445 3972; x_wconf 89' lang='lat' dir='ltr'><strong>retro</strong></span> 
     </span>
    </p>
   </div>
   <div class='ocr_carea' id='block_1_101' title="bbox 1858 3999 3449 4077">
    <p class='ocr_par' dir='ltr' id='par_1_101' title="bbox 1858 3999 3449 4077">
     <span class='ocr_line' id='line_1_101' title="bbox 1858 3999 3449 4077; baseline 0.001 -19"><span class='ocrx_word' id='word_1_820' title='bbox 1858 4015 2151 4058; x_wconf 88' lang='lat' dir='ltr'><strong>conversus</strong></span> <span class='ocrx_word' id='word_1_821' title='bbox 2180 4000 2303 4055; x_wconf 89' lang='lat' dir='ltr'><strong>est?</strong></span> <span class='ocrx_word' id='word_1_822' title='bbox 2331 4001 2411 4054; x_wconf 88' lang='lat' dir='ltr'><strong>An</strong></span> <span class='ocrx_word' id='word_1_823' title='bbox 2445 3999 2655 4072; x_wconf 85' lang='lat' dir='ltr'><strong>quando</strong></span> <span class='ocrx_word' id='word_1_824' title='bbox 2684 4001 2734 4056; x_wconf 86' lang='lat' dir='ltr'><strong>ei</strong></span> <span class='ocrx_word' id='word_1_825' title='bbox 2761 4001 2959 4055; x_wconf 89' lang='lat' dir='ltr'><strong>dictum</strong></span> <span class='ocrx_word' id='word_1_826' title='bbox 2986 4012 3066 4057; x_wconf 91' lang='lat' dir='ltr'><strong>est</strong></span> <span class='ocrx_word' id='word_1_827' title='bbox 3092 4022 3104 4057; x_wconf 91' lang='lat'><strong>:</strong></span> <span class='ocrx_word' id='word_1_828' title='bbox 3133 4000 3263 4057; x_wconf 83' lang='lat' dir='ltr'><strong>Redi</strong></span> <span class='ocrx_word' id='word_1_829' title='bbox 3284 4013 3449 4077; x_wconf 64' lang='lat' dir='ltr'><strong>retro,</strong></span> 
     </span>
    </p>
   </div>
   <div class='ocr_carea' id='block_1_102' title="bbox 1857 4090 3455 4170">
    <p class='ocr_par' dir='ltr' id='par_1_102' title="bbox 1857 4090 3455 4170">
     <span class='ocr_line' id='line_1_102' title="bbox 1857 4090 3455 4170; baseline 0.003 -19"><span class='ocrx_word' id='word_1_830' title='bbox 1857 4093 2084 4151; x_wconf 79' lang='lat' dir='ltr'><strong>Satanas</strong></span> <span class='ocrx_word' id='word_1_831' title='bbox 2113 4090 2344 4169; x_wconf 84' lang='lat' dir='ltr'><strong>(Matth.</strong></span> <span class='ocrx_word' id='word_1_832' title='bbox 2374 4107 2452 4162; x_wconf 85' lang='lat' dir='ltr'><strong>tv,</strong></span> <span class='ocrx_word' id='word_1_833' title='bbox 2485 4092 2551 4148; x_wconf 81' lang='grc'><strong>10</strong></span> <span class='ocrx_word' id='word_1_834' title='bbox 2572 4091 2620 4164; x_wconf 85' lang='lat'><strong>)?</strong></span> <span class='ocrx_word' id='word_1_835' title='bbox 2652 4101 2774 4147; x_wconf 89' lang='lat' dir='ltr'><strong>tunc</strong></span> <span class='ocrx_word' id='word_1_836' title='bbox 2808 4092 2949 4149; x_wconf 88' lang='lat' dir='ltr'><strong>eniut</strong></span> <span class='ocrx_word' id='word_1_837' title='bbox 2980 4094 3067 4166; x_wconf 88' lang='lat' dir='ltr'><strong>qui</strong></span> <span class='ocrx_word' id='word_1_838' title='bbox 3100 4095 3353 4152; x_wconf 86' lang='lat' dir='ltr'><strong>tentando</strong></span> <span class='ocrx_word' id='word_1_839' title='bbox 3383 4111 3455 4170; x_wconf 74' lang='grc' dir='ltr'><strong>ει</strong></span> 
     </span>
    </p>
   </div>
   <div class='ocr_carea' id='block_1_103' title="bbox 1857 4183 3460 4259">
    <p class='ocr_par' dir='ltr' id='par_1_103' title="bbox 1857 4183 3460 4259">
     <span class='ocr_line' id='line_1_103' title="bbox 1857 4183 3460 4259; baseline 0.003 -19"><span class='ocrx_word' id='word_1_840' title='bbox 1857 4200 2173 4259; x_wconf 70' lang='lat' dir='ltr'><strong>[imponere</strong></span> <span class='ocrx_word' id='word_1_841' title='bbox 2199 4183 2444 4256; x_wconf 87' lang='lat' dir='ltr'><strong>cupiebat</strong></span> <span class='ocrx_word' id='word_1_842' title='bbox 2470 4193 2613 4240; x_wconf 89' lang='lat' dir='ltr'><strong>retro</strong></span> <span class='ocrx_word' id='word_1_843' title='bbox 2643 4184 2810 4240; x_wconf 83' lang='lat' dir='ltr'><strong>iactus</strong></span> <span class='ocrx_word' id='word_1_844' title='bbox 2834 4194 2916 4239; x_wconf 90' lang='lat' dir='ltr'><strong>est</strong></span> <span class='ocrx_word' id='word_1_845' title='bbox 2945 4227 2957 4250; x_wconf 96' lang='lat'><strong>,</strong></span> <span class='ocrx_word' id='word_1_846' title='bbox 2991 4201 3097 4241; x_wconf 91' lang='lat' dir='ltr'><strong>non</strong></span> <span class='ocrx_word' id='word_1_847' title='bbox 3129 4184 3418 4259; x_wconf 85' lang='lat' dir='ltr'><strong>decipiend</strong></span> <span class='ocrx_word' id='word_1_848' title='bbox 3437 4209 3460 4256; x_wconf 66' lang='grc' dir='ltr'>ι</span> 
     </span>
    </p>
   </div>
   <div class='ocr_carea' id='block_1_104' title="bbox 1863 4274 3450 4336">
    <p class='ocr_par' dir='ltr' id='par_1_104' title="bbox 1863 4274 3450 4336">
     <span class='ocr_line' id='line_1_104' title="bbox 1863 4274 3450 4336; baseline 0 0"><span class='ocrx_word' id='word_1_849' title='bbox 1863 4289 2122 4336; x_wconf 87' lang='lat' dir='ltr'><strong>tentatum</strong></span> <span class='ocrx_word' id='word_1_850' title='bbox 2152 4277 2285 4334; x_wconf 89' lang='lat' dir='ltr'><strong>etin</strong></span> <span class='ocrx_word' id='word_1_851' title='bbox 2312 4292 2434 4332; x_wconf 88' lang='lat' dir='ltr'><strong>eum</strong></span> <span class='ocrx_word' id='word_1_852' title='bbox 2471 4276 2602 4331; x_wconf 89' lang='lat' dir='ltr'><strong>nihil</strong></span> <span class='ocrx_word' id='word_1_853' title='bbox 2642 4274 2884 4332; x_wconf 88' lang='lat' dir='ltr'><strong>valendo.</strong></span> <span class='ocrx_word' id='word_1_854' title='bbox 2928 4275 3094 4334; x_wconf 82' lang='lat' dir='ltr'><strong>Retro</strong></span> <span class='ocrx_word' id='word_1_855' title='bbox 3134 4278 3276 4333; x_wconf 91' lang='lat' dir='ltr'><strong>enim</strong></span> <span class='ocrx_word' id='word_1_856' title='bbox 3318 4277 3450 4336; x_wconf 84' lang='lat' dir='ltr'><strong>sunt</strong></span> 
     </span>
    </p>
   </div>
   <div class='ocr_carea' id='block_1_105' title="bbox 1865 4369 3450 4442">
    <p class='ocr_par' dir='ltr' id='par_1_105' title="bbox 1865 4369 3450 4442">
     <span class='ocr_line' id='line_1_105' title="bbox 1865 4369 3450 4442; baseline -0.001 -11"><span class='ocrx_word' id='word_1_857' title='bbox 1865 4375 2060 4433; x_wconf 85' lang='lat' dir='ltr'><strong>terreni</strong></span> <span class='ocrx_word' id='word_1_858' title='bbox 2088 4373 2368 4440; x_wconf 88' lang='lat' dir='ltr'><strong>homines;</strong></span> <span class='ocrx_word' id='word_1_859' title='bbox 2399 4369 2631 4429; x_wconf 70' lang='lat' dir='ltr'><strong>caelestis</strong></span> <span class='ocrx_word' id='word_1_860' title='bbox 2673 4381 2850 4427; x_wconf 90' lang='lat' dir='ltr'><strong>autem</strong></span> <span class='ocrx_word' id='word_1_861' title='bbox 2900 4372 3061 4427; x_wconf 90' lang='lat' dir='ltr'><strong>homo</strong></span> <span class='ocrx_word' id='word_1_862' title='bbox 3091 4372 3235 4442; x_wconf 89' lang='lat' dir='ltr'><strong>prior</strong></span> <span class='ocrx_word' id='word_1_863' title='bbox 3272 4371 3450 4430; x_wconf 87' lang='lat' dir='ltr'><strong>factus</strong></span> 
     </span>
    </p>
   </div>
   <div class='ocr_carea' id='block_1_106' title="bbox 1864 4465 3447 4542">
    <p class='ocr_par' dir='ltr' id='par_1_106' title="bbox 1864 4465 3447 4542">
     <span class='ocr_line' id='line_1_106' title="bbox 1864 4465 3447 4542; baseline -0.001 -14"><span class='ocrx_word' id='word_1_864' title='bbox 1864 4480 1942 4528; x_wconf 76' lang='lat' dir='ltr'><strong>est</strong></span> <span class='ocrx_word' id='word_1_865' title='bbox 1970 4513 1984 4538; x_wconf 95' lang='lat'><strong>,</strong></span> <span class='ocrx_word' id='word_1_866' title='bbox 2013 4469 2254 4542; x_wconf 90' lang='lat' dir='ltr'><strong>quamvis</strong></span> <span class='ocrx_word' id='word_1_867' title='bbox 2304 4476 2424 4540; x_wconf 87' lang='lat' dir='ltr'><strong>post</strong></span> <span class='ocrx_word' id='word_1_868' title='bbox 2463 4465 2710 4538; x_wconf 85' lang='lat' dir='ltr'><strong>venerit:</strong></span> <span class='ocrx_word' id='word_1_869' title='bbox 2758 4467 2958 4537; x_wconf 86' lang='lat' dir='ltr'><strong>primus</strong></span> <span class='ocrx_word' id='word_1_870' title='bbox 2993 4465 3136 4522; x_wconf 91' lang='lat' dir='ltr'><strong>enim</strong></span> <span class='ocrx_word' id='word_1_871' title='bbox 3181 4467 3341 4524; x_wconf 87' lang='lat' dir='ltr'><strong>homo</strong></span> <span class='ocrx_word' id='word_1_872' title='bbox 3376 4467 3447 4526; x_wconf 83' lang='lat' dir='ltr'><strong>de</strong></span> 
     </span>
    </p>
   </div>
   <div class='ocr_carea' id='block_1_107' title="bbox 1866 4557 3450 4633">
    <p class='ocr_par' dir='ltr' id='par_1_107' title="bbox 1866 4557 3450 4633">
     <span class='ocr_line' id='line_1_107' title="bbox 1866 4557 3450 4633; baseline -0.001 -11"><span class='ocrx_word' id='word_1_873' title='bbox 1866 4575 2003 4627; x_wconf 80' lang='lat' dir='ltr'><strong>terra</strong></span> <span class='ocrx_word' id='word_1_874' title='bbox 2033 4574 2313 4632; x_wconf 83' lang='lat' dir='ltr'><strong>terrenus;</strong></span> <span class='ocrx_word' id='word_1_875' title='bbox 2342 4562 2608 4618; x_wconf 88' lang='lat' dir='ltr'><strong>secundus</strong></span> <span class='ocrx_word' id='word_1_876' title='bbox 2637 4557 2801 4618; x_wconf 88' lang='lat' dir='ltr'><strong>homo</strong></span> <span class='ocrx_word' id='word_1_877' title='bbox 2839 4559 2907 4618; x_wconf 88' lang='lat' dir='ltr'><strong>de</strong></span> <span class='ocrx_word' id='word_1_878' title='bbox 2943 4561 3080 4618; x_wconf 74' lang='lat' dir='ltr'><strong>cmlo</strong></span> <span class='ocrx_word' id='word_1_879' title='bbox 3125 4561 3357 4620; x_wconf 72' lang='lat' dir='ltr'><strong>cmlestis</strong></span> <span class='ocrx_word' id='word_1_880' title='bbox 3385 4561 3450 4633; x_wconf 77' lang='grc' dir='ltr'>(Ι</span> 
     </span>
    </p>
   </div>
   <div class='ocr_carea' id='block_1_108' title="bbox 1866 4655 3448 4730">
    <p class='ocr_par' dir='ltr' id='par_1_108' title="bbox 1866 4655 3448 4730">
     <span class='ocr_line' id='line_1_108' title="bbox 1866 4655 3448 4730; baseline -0.001 -13"><span class='ocrx_word' id='word_1_881' title='bbox 1866 4659 1981 4717; x_wconf 85' lang='lat' dir='ltr'><strong>Cor.</strong></span> <span class='ocrx_word' id='word_1_882' title='bbox 2013 4674 2106 4725; x_wconf 80' lang='lat' dir='ltr'><strong>xv,</strong></span> <span class='ocrx_word' id='word_1_883' title='bbox 2137 4656 2266 4730; x_wconf 74' lang='grc'><strong>47).</strong></span> <span class='ocrx_word' id='word_1_884' title='bbox 2305 4655 2412 4713; x_wconf 88' lang='lat' dir='ltr'><strong>Sed</strong></span> <span class='ocrx_word' id='word_1_885' title='bbox 2452 4655 2520 4712; x_wconf 89' lang='lat' dir='ltr'><strong>de</strong></span> <span class='ocrx_word' id='word_1_886' title='bbox 2567 4655 2679 4726; x_wconf 89' lang='lat' dir='ltr'><strong>ipsa</strong></span> <span class='ocrx_word' id='word_1_887' title='bbox 2726 4657 2892 4726; x_wconf 90' lang='lat' dir='ltr'><strong>stirpe</strong></span> <span class='ocrx_word' id='word_1_888' title='bbox 2933 4655 3216 4728; x_wconf 87' lang='lat' dir='ltr'><strong>veniebat,</strong></span> <span class='ocrx_word' id='word_1_889' title='bbox 3261 4671 3294 4711; x_wconf 88' lang='lat' dir='ltr'><strong>a</strong></span> <span class='ocrx_word' id='word_1_890' title='bbox 3336 4672 3448 4730; x_wconf 85' lang='lat' dir='ltr'><strong>quo</strong></span> 
     </span>
    </p>
   </div>
   <div class='ocr_carea' id='block_1_109' title="bbox 1865 4747 3455 4820">
    <p class='ocr_par' dir='ltr' id='par_1_109' title="bbox 1865 4747 3455 4820">
     <span class='ocr_line' id='line_1_109' title="bbox 1865 4747 3455 4820; baseline -0.003 -12"><span class='ocrx_word' id='word_1_891' title='bbox 1865 4751 2064 4810; x_wconf 90' lang='lat' dir='ltr'><strong>dictum</strong></span> <span class='ocrx_word' id='word_1_892' title='bbox 2093 4759 2212 4809; x_wconf 90' lang='lat' dir='ltr'><strong>est:</strong></span> <span class='ocrx_word' id='word_1_893' title='bbox 2246 4747 2347 4817; x_wconf 85' lang='lat' dir='ltr'><strong>Qui</strong></span> <span class='ocrx_word' id='word_1_894' title='bbox 2385 4757 2496 4819; x_wconf 73' lang='lat' dir='ltr'><strong>post</strong></span> <span class='ocrx_word' id='word_1_895' title='bbox 2541 4763 2621 4804; x_wconf 86' lang='lat' dir='ltr'><strong>me</strong></span> <span class='ocrx_word' id='word_1_896' title='bbox 2665 4747 2831 4813; x_wconf 77' lang='lat' dir='ltr'><strong>acuit,</strong></span> <span class='ocrx_word' id='word_1_897' title='bbox 2886 4756 3002 4804; x_wconf 86' lang='lat' dir='ltr'><strong>ante</strong></span> <span class='ocrx_word' id='word_1_898' title='bbox 3047 4764 3127 4802; x_wconf 85' lang='lat' dir='ltr'><strong>me</strong></span> <span class='ocrx_word' id='word_1_899' title='bbox 3171 4752 3336 4820; x_wconf 79' lang='lat' dir='ltr'><strong>[actus</strong></span> <span class='ocrx_word' id='word_1_900' title='bbox 3379 4757 3455 4805; x_wconf 82' lang='lat' dir='ltr'><strong>est</strong></span> 
     </span>
    </p>
   </div>
   <div class='ocr_carea' id='block_1_110' title="bbox 1869 4838 3447 4918">
    <p class='ocr_par' dir='ltr' id='par_1_110' title="bbox 1869 4838 3447 4918">
     <span class='ocr_line' id='line_1_110' title="bbox 1869 4838 3447 4918; baseline -0.001 -21"><span class='ocrx_word' id='word_1_901' title='bbox 1869 4842 2064 4918; x_wconf 85' lang='lat' dir='ltr'><strong>(Joan.</strong></span> <span class='ocrx_word' id='word_1_902' title='bbox 2093 4857 2149 4910; x_wconf 86' lang='lat' dir='ltr'><strong>t,</strong></span> <span class='ocrx_word' id='word_1_903' title='bbox 2179 4838 2310 4913; x_wconf 84' lang='grc'><strong>15).</strong></span> <span class='ocrx_word' id='word_1_904' title='bbox 2341 4838 2412 4896; x_wconf 86' lang='lat' dir='ltr'><strong>Et</strong></span> <span class='ocrx_word' id='word_1_905' title='bbox 2433 4839 2720 4908; x_wconf 84' lang='lat' dir='ltr'><strong>Apostolus</strong></span> <span class='ocrx_word' id='word_1_906' title='bbox 2745 4853 2807 4895; x_wconf 88' lang='lat' dir='ltr'><strong>ea</strong></span> <span class='ocrx_word' id='word_1_907' title='bbox 2837 4853 2954 4909; x_wconf 84' lang='lat' dir='ltr'><strong>quae</strong></span> <span class='ocrx_word' id='word_1_908' title='bbox 2981 4847 3129 4895; x_wconf 86' lang='lat' dir='ltr'><strong>retro</strong></span> <span class='ocrx_word' id='word_1_909' title='bbox 3153 4847 3278 4896; x_wconf 91' lang='lat' dir='ltr'><strong>sunt</strong></span> <span class='ocrx_word' id='word_1_910' title='bbox 3305 4839 3447 4896; x_wconf 86' lang='lat' dir='ltr'><strong>obii-</strong></span> 
     </span>
    </p>
   </div>
   <div class='ocr_carea' id='block_1_111' title="bbox 1869 4931 3448 5006">
    <p class='ocr_par' dir='ltr' id='par_1_111' title="bbox 1869 4931 3448 5006">
     <span class='ocr_line' id='line_1_111' title="bbox 1869 4931 3448 5006; baseline -0.001 -13"><span class='ocrx_word' id='word_1_911' title='bbox 1869 4938 2087 4995; x_wconf 83' lang='lat' dir='ltr'><strong>viscitur</strong></span> <span class='ocrx_word' id='word_1_912' title='bbox 2113 4978 2127 5004; x_wconf 90' lang='lat'><strong>,</strong></span> <span class='ocrx_word' id='word_1_913' title='bbox 2153 4944 2206 4992; x_wconf 92' lang='lat' dir='ltr'><strong>et</strong></span> <span class='ocrx_word' id='word_1_914' title='bbox 2233 4935 2284 4990; x_wconf 89' lang='lat' dir='ltr'><strong>in</strong></span> <span class='ocrx_word' id='word_1_915' title='bbox 2315 4949 2376 4990; x_wconf 88' lang='lat' dir='ltr'><strong>ea</strong></span> <span class='ocrx_word' id='word_1_916' title='bbox 2404 4941 2671 5002; x_wconf 78' lang='lat' dir='ltr'><strong>quae‘ante</strong></span> <span class='ocrx_word' id='word_1_917' title='bbox 2699 4941 2822 4989; x_wconf 90' lang='lat' dir='ltr'><strong>sunt</strong></span> <span class='ocrx_word' id='word_1_918' title='bbox 2847 4946 2907 4988; x_wconf 88' lang='lat' dir='ltr'><strong>se</strong></span> <span class='ocrx_word' id='word_1_919' title='bbox 2932 4931 3171 4989; x_wconf 79' lang='lat' dir='ltr'><strong>extendit</strong></span> <span class='ocrx_word' id='word_1_920' title='bbox 3205 4931 3448 5006; x_wconf 73' lang='lat' dir='ltr'><strong>(Philip.</strong></span> 
     </span>
    </p>
   </div>
   <div class='ocr_carea' id='block_1_112' title="bbox 1871 5025 3452 5100">
    <p class='ocr_par' dir='ltr' id='par_1_112' title="bbox 1871 5025 3452 5100">
     <span class='ocr_line' id='line_1_112' title="bbox 1871 5025 3452 5100; baseline -0.003 -11"><span class='ocrx_word' id='word_1_921' title='bbox 1871 5048 1927 5090; x_wconf 86' lang='lat' dir='ltr'><strong>lli</strong></span> <span class='ocrx_word' id='word_1_922' title='bbox 1952 5073 1964 5095; x_wconf 94' lang='lat'><strong>,</strong></span> <span class='ocrx_word' id='word_1_923' title='bbox 1994 5033 2061 5086; x_wconf 77' lang='grc'><strong>15</strong></span> <span class='ocrx_word' id='word_1_924' title='bbox 2089 5034 2124 5094; x_wconf 86' lang='grc'><strong>).</strong></span> <span class='ocrx_word' id='word_1_925' title='bbox 2155 5030 2452 5084; x_wconf 89' lang='lat' dir='ltr'><strong>Conversus</strong></span> <span class='ocrx_word' id='word_1_926' title='bbox 2478 5035 2561 5082; x_wconf 90' lang='lat' dir='ltr'><strong>est</strong></span> <span class='ocrx_word' id='word_1_927' title='bbox 2599 5025 2758 5097; x_wconf 83' lang='lat' dir='ltr'><strong>igitur</strong></span> <span class='ocrx_word' id='word_1_928' title='bbox 2795 5026 3042 5082; x_wconf 90' lang='lat' dir='ltr'><strong>inimicus</strong></span> <span class='ocrx_word' id='word_1_929' title='bbox 3085 5035 3231 5082; x_wconf 89' lang='lat' dir='ltr'><strong>retro</strong></span> <span class='ocrx_word' id='word_1_930' title='bbox 3254 5069 3272 5095; x_wconf 82' lang='grc'><em>,</em></span> <span class='ocrx_word' id='word_1_931' title='bbox 3303 5038 3452 5100; x_wconf 84' lang='lat' dir='ltr'><strong>post-</strong></span> 
     </span>
    </p>
   </div>
   <div class='ocr_carea' id='block_1_113' title="bbox 1871 5117 3537 5196">
    <p class='ocr_par' dir='ltr' id='par_1_113' title="bbox 1871 5117 3537 5196">
     <span class='ocr_line' id='line_1_113' title="bbox 1871 5117 3537 5196; baseline -0.001 -19"><span class='ocrx_word' id='word_1_932' title='bbox 1871 5137 2029 5196; x_wconf 90' lang='lat' dir='ltr'><strong>quam</strong></span> <span class='ocrx_word' id='word_1_933' title='bbox 2061 5136 2164 5177; x_wconf 90' lang='lat' dir='ltr'><strong>uon</strong></span> <span class='ocrx_word' id='word_1_934' title='bbox 2189 5119 2353 5174; x_wconf 85' lang='lat' dir='ltr'><strong>valuit</strong></span> <span class='ocrx_word' id='word_1_935' title='bbox 2384 5119 2652 5174; x_wconf 88' lang='lat' dir='ltr'><strong>hominem</strong></span> <span class='ocrx_word' id='word_1_936' title='bbox 2691 5117 2965 5174; x_wconf 73' lang='lat' dir='ltr'><strong>cmlestem</strong></span> <span class='ocrx_word' id='word_1_937' title='bbox 2994 5119 3242 5190; x_wconf 87' lang='lat' dir='ltr'><strong>decipere</strong></span> <span class='ocrx_word' id='word_1_938' title='bbox 3282 5130 3453 5178; x_wconf 83' lang='lat' dir='ltr'><strong>teata-</strong></span> <span class='ocrx_word' id='word_1_939' title='bbox 3517 5164 3537 5182; x_wconf 49' lang='grc' dir='ltr'>χ</span> 
     </span>
    </p>
   </div>
   <div class='ocr_carea' id='block_1_114' title="bbox 1872 5209 3451 5284">
    <p class='ocr_par' dir='ltr' id='par_1_114' title="bbox 1872 5209 3451 5284">
     <span class='ocr_line' id='line_1_114' title="bbox 1872 5209 3451 5284; baseline -0.004 -13"><span class='ocrx_word' id='word_1_940' title='bbox 1872 5224 1982 5272; x_wconf 89' lang='lat' dir='ltr'><strong>tum</strong></span> <span class='ocrx_word' id='word_1_941' title='bbox 2007 5255 2022 5280; x_wconf 88' lang='lat'><strong>,</strong></span> <span class='ocrx_word' id='word_1_942' title='bbox 2051 5222 2103 5268; x_wconf 89' lang='lat' dir='ltr'><strong>ct</strong></span> <span class='ocrx_word' id='word_1_943' title='bbox 2126 5227 2184 5268; x_wconf 92' lang='lat' dir='ltr'><strong>se</strong></span> <span class='ocrx_word' id='word_1_944' title='bbox 2207 5211 2273 5266; x_wconf 89' lang='lat' dir='ltr'><strong>ad</strong></span> <span class='ocrx_word' id='word_1_945' title='bbox 2301 5221 2542 5267; x_wconf 86' lang='lat' dir='ltr'><strong>terrenos</strong></span> <span class='ocrx_word' id='word_1_946' title='bbox 2565 5210 2828 5266; x_wconf 87' lang='lat' dir='ltr'><strong>convertit</strong></span> <span class='ocrx_word' id='word_1_947' title='bbox 2853 5209 2940 5266; x_wconf 89' lang='lat' dir='ltr'><strong>ubi</strong></span> <span class='ocrx_word' id='word_1_948' title='bbox 2965 5209 3228 5268; x_wconf 90' lang='lat' dir='ltr'><strong>dominari</strong></span> <span class='ocrx_word' id='word_1_949' title='bbox 3254 5219 3451 5284; x_wconf 80' lang='lat' dir='ltr'><strong>potest.</strong></span> 
     </span>
    </p>
   </div>
   <div class='ocr_carea' id='block_1_115' title="bbox 1873 5301 3453 5377">
    <p class='ocr_par' dir='ltr' id='par_1_115' title="bbox 1873 5301 3453 5377">
     <span class='ocr_line' id='line_1_115' title="bbox 1873 5301 3453 5377; baseline 0.002 -18"><span class='ocrx_word' id='word_1_950' title='bbox 1873 5307 2206 5377; x_wconf 87' lang='lat' dir='ltr'><strong>Quapropter</strong></span> <span class='ocrx_word' id='word_1_951' title='bbox 2234 5302 2411 5359; x_wconf 89' lang='lat' dir='ltr'><strong>nullus</strong></span> <span class='ocrx_word' id='word_1_952' title='bbox 2437 5301 2712 5358; x_wconf 86' lang='lat' dir='ltr'><strong>hominum</strong></span> <span class='ocrx_word' id='word_1_953' title='bbox 2747 5317 2868 5360; x_wconf 87' lang='lat' dir='ltr'><strong>cum</strong></span> <span class='ocrx_word' id='word_1_954' title='bbox 2911 5302 3167 5372; x_wconf 66' lang='lat' dir='ltr'><strong>praecedit</strong></span> <span class='ocrx_word' id='word_1_955' title='bbox 3210 5312 3265 5357; x_wconf 86' lang='lat' dir='ltr'><strong>et</strong></span> <span class='ocrx_word' id='word_1_956' title='bbox 3306 5311 3453 5362; x_wconf 82' lang='lat' dir='ltr'><strong>retro</strong></span> 
     </span>
    </p>
   </div>
   <div class='ocr_carea' id='block_1_116' title="bbox 1876 5393 3451 5466">
    <p class='ocr_par' dir='ltr' id='par_1_116' title="bbox 1876 5393 3451 5466">
     <span class='ocr_line' id='line_1_116' title="bbox 1876 5393 3451 5466; baseline -0.003 -12"><span class='ocrx_word' id='word_1_957' title='bbox 1876 5413 1996 5455; x_wconf 90' lang='lat' dir='ltr'><strong>eum</strong></span> <span class='ocrx_word' id='word_1_958' title='bbox 2027 5412 2149 5452; x_wconf 90' lang='lat' dir='ltr'><strong>esse</strong></span> <span class='ocrx_word' id='word_1_959' title='bbox 2174 5395 2299 5452; x_wconf 82' lang='lat' dir='ltr'><strong>facit</strong></span> <span class='ocrx_word' id='word_1_960' title='bbox 2320 5437 2336 5462; x_wconf 91' lang='lat'><strong>,</strong></span> <span class='ocrx_word' id='word_1_961' title='bbox 2368 5395 2471 5450; x_wconf 87' lang='lat' dir='ltr'><strong>nisi</strong></span> <span class='ocrx_word' id='word_1_962' title='bbox 2498 5394 2589 5464; x_wconf 91' lang='lat' dir='ltr'><strong>qui</strong></span> <span class='ocrx_word' id='word_1_963' title='bbox 2616 5393 2890 5466; x_wconf 84' lang='lat' dir='ltr'><strong>deponens</strong></span> <span class='ocrx_word' id='word_1_964' title='bbox 2927 5393 3208 5464; x_wconf 81' lang='lat' dir='ltr'><strong>imaginem</strong></span> <span class='ocrx_word' id='word_1_965' title='bbox 3255 5397 3451 5452; x_wconf 61' lang='lat' dir='ltr'><strong>terreni</strong></span> 
     </span>
    </p>
   </div>
   <div class='ocr_carea' id='block_1_117' title="bbox 1877 5481 3469 5560">
    <p class='ocr_par' dir='ltr' id='par_1_117' title="bbox 1877 5481 3469 5560">
     <span class='ocr_line' id='line_1_117' title="bbox 1877 5481 3469 5560; baseline -0.004 -15"><span class='ocrx_word' id='word_1_966' title='bbox 1877 5489 2107 5545; x_wconf 89' lang='lat' dir='ltr'><strong>hominis</strong></span> <span class='ocrx_word' id='word_1_967' title='bbox 2125 5488 2408 5560; x_wconf 88' lang='lat' dir='ltr'><strong>portaverit</strong></span> <span class='ocrx_word' id='word_1_968' title='bbox 2426 5488 2708 5557; x_wconf 81' lang='lat' dir='ltr'><strong>imaginem</strong></span> <span class='ocrx_word' id='word_1_969' title='bbox 2729 5485 3002 5554; x_wconf 70' lang='lat' dir='ltr'><strong>cmlestis(</strong></span> <span class='ocrx_word' id='word_1_970' title='bbox 3031 5481 3180 5539; x_wconf 87' lang='lat' dir='ltr'><strong>lCor.</strong></span> <span class='ocrx_word' id='word_1_971' title='bbox 3205 5501 3295 5552; x_wconf 80' lang='lat' dir='ltr'><strong>xv,</strong></span> <span class='ocrx_word' id='word_1_972' title='bbox 3321 5486 3391 5544; x_wconf 66' lang='lat'><strong>49</strong></span> <span class='ocrx_word' id='word_1_973' title='bbox 3423 5486 3469 5558; x_wconf 91' lang='lat'><strong>).</strong></span> 
     </span>
    </p>
   </div>
   <div class='ocr_carea' id='block_1_118' title="bbox 1875 5579 3454 5654">
    <p class='ocr_par' dir='ltr' id='par_1_118' title="bbox 1875 5579 3454 5654">
     <span class='ocr_line' id='line_1_118' title="bbox 1875 5579 3454 5654; baseline -0.006 -10"><span class='ocrx_word' id='word_1_974' title='bbox 1875 5585 1991 5644; x_wconf 84' lang='lat' dir='ltr'><strong>Jam</strong></span> <span class='ocrx_word' id='word_1_975' title='bbox 2021 5598 2146 5639; x_wconf 89' lang='lat' dir='ltr'><strong>vero</strong></span> <span class='ocrx_word' id='word_1_976' title='bbox 2174 5584 2219 5639; x_wconf 90' lang='lat' dir='ltr'><strong>si</strong></span> <span class='ocrx_word' id='word_1_977' title='bbox 2247 5582 2388 5654; x_wconf 89' lang='lat' dir='ltr'><strong>quod</strong></span> <span class='ocrx_word' id='word_1_978' title='bbox 2414 5581 2612 5637; x_wconf 88' lang='lat' dir='ltr'><strong>dictum</strong></span> <span class='ocrx_word' id='word_1_979' title='bbox 2635 5589 2719 5638; x_wconf 87' lang='lat' dir='ltr'><strong>est</strong></span> <span class='ocrx_word' id='word_1_980' title='bbox 2742 5621 2757 5647; x_wconf 93' lang='lat'><strong>,</strong></span> <span class='ocrx_word' id='word_1_981' title='bbox 2786 5579 3043 5634; x_wconf 83' lang='lat' dir='ltr'><strong>inimicum</strong></span> <span class='ocrx_word' id='word_1_982' title='bbox 3063 5592 3230 5632; x_wconf 82' lang='lat' dir='ltr'><strong>meum</strong></span> <span class='ocrx_word' id='word_1_983' title='bbox 3249 5619 3264 5644; x_wconf 93' lang='lat'><strong>,</strong></span> <span class='ocrx_word' id='word_1_984' title='bbox 3292 5593 3454 5650; x_wconf 81' lang='lat' dir='ltr'><strong>gene-</strong></span> 
     </span>
    </p>
   </div>
   <div class='ocr_carea' id='block_1_119' title="bbox 1877 5669 3456 5746">
    <p class='ocr_par' dir='ltr' id='par_1_119' title="bbox 1877 5669 3456 5746">
     <span class='ocr_line' id='line_1_119' title="bbox 1877 5669 3456 5746; baseline -0.003 -13"><span class='ocrx_word' id='word_1_985' title='bbox 1877 5678 2060 5734; x_wconf 86' lang='lat' dir='ltr'><strong>raliter</strong></span> <span class='ocrx_word' id='word_1_986' title='bbox 2081 5676 2166 5732; x_wconf 87' lang='lat' dir='ltr'><strong>vei</strong></span> <span class='ocrx_word' id='word_1_987' title='bbox 2211 5684 2543 5746; x_wconf 89' lang='lat' dir='ltr'><strong>peccatorem</strong></span> <span class='ocrx_word' id='word_1_988' title='bbox 2583 5673 2668 5729; x_wconf 89' lang='lat' dir='ltr'><strong>vel</strong></span> <span class='ocrx_word' id='word_1_989' title='bbox 2710 5671 2958 5742; x_wconf 80' lang='lat' dir='ltr'><strong>gentilem</strong></span> <span class='ocrx_word' id='word_1_990' title='bbox 2990 5669 3262 5727; x_wconf 88' lang='lat' dir='ltr'><strong>hominem</strong></span> <span class='ocrx_word' id='word_1_991' title='bbox 3290 5670 3456 5742; x_wconf 78' lang='lat' dir='ltr'><strong>magis</strong></span> 
     </span>
    </p>
   </div>
   <div class='ocr_carea' id='block_1_120' title="bbox 1943 5875 3205 5942">
    <p class='ocr_par' dir='ltr' id='par_1_120' title="bbox 1943 5875 3205 5942">
     <span class='ocr_line' id='line_1_120' title="bbox 1943 5875 3205 5942; baseline 0.001 -15"><span class='ocrx_word' id='word_1_992' title='bbox 1943 5884 1959 5916; x_wconf 74' lang='grc' dir='ltr'>ι</span> <span class='ocrx_word' id='word_1_993' title='bbox 1985 5879 2122 5939; x_wconf 78' lang='lat' dir='ltr'><strong>Editi,</strong></span> <span class='ocrx_word' id='word_1_994' title='bbox 2148 5877 2306 5930; x_wconf 79' lang='lat' dir='ltr'><strong>dictus</strong></span> <span class='ocrx_word' id='word_1_995' title='bbox 2321 5883 2390 5929; x_wconf 82' lang='lat' dir='ltr'><strong>est</strong></span> <span class='ocrx_word' id='word_1_996' title='bbox 2412 5875 2494 5926; x_wconf 82' lang='lat' dir='ltr'><strong>ille</strong></span> <span class='ocrx_word' id='word_1_997' title='bbox 2511 5875 2608 5940; x_wconf 82' lang='lat' dir='ltr'><strong>qui,</strong></span> <span class='ocrx_word' id='word_1_998' title='bbox 2633 5882 2728 5928; x_wconf 88' lang='lat' dir='ltr'><strong>etc.</strong></span> <span class='ocrx_word' id='word_1_999' title='bbox 2755 5883 2888 5942; x_wconf 47' lang='lat' dir='ltr'><strong>Mss.,&#39;</strong></span> <span class='ocrx_word' id='word_1_1000' title='bbox 2913 5876 3096 5930; x_wconf 83' lang='lat' dir='ltr'><strong>dictum</strong></span> <span class='ocrx_word' id='word_1_1001' title='bbox 3118 5885 3205 5935; x_wconf 70' lang='lat' dir='ltr'><strong>est.</strong></span> 
     </span>
    </p>
   </div>
  </div>
