4078 6424
594 355 699 414 119

590 467 824 524 velimus
848 463 1089 534 accipere
1111 502 1126 528 ,
1162 474 1266 515 non
1295 458 1397 515 erit
1419 454 1728 512 absurdum.
1757 452 1868 510 Nec
1892 465 2050 523 paena
2077 448 2182 506 erit

596 556 741 629 quod
757 556 956 612 dictum
979 562 1058 609 est
1074 595 1088 620 ,
1103 552 1169 605 In
1191 548 1517 605 convertenda
1533 547 1796 602 inimicum
1811 561 1978 600 meum
1995 554 2182 599 retror-

597 664 754 714 sum;
781 646 874 702 sed
913 642 1225 701 beneﬁcium
1249 681 1266 708 ,
1309 648 1367 695 et
1410 639 1515 694 tale
1559 636 1876 694 beneﬁcium
1901 676 1917 702 ,
1962 644 2020 691 ut
2061 635 2185 691 huic

598 738 900 810 comparari
928 735 1056 790 nihil
1087 733 1273 804 possit.
1305 730 1445 801 Quid
1471 729 1612 786 enim
1651 727 1856 784 beatius
1899 741 2059 798 quam
2088 725 2184 781 de-

603 845 804 902 ponere
833 826 1131 898 superbiam
1161 867 1176 890 ,
1201 834 1256 880 et
1278 837 1387 879 non
1409 823 1547 877 velle
1567 821 1836 876 Christum
1857 818 2180 891 prtecedere,

602 923 767 980 veluti
793 926 954 979 sanus
982 920 1049 974 sit
1073 920 1158 974 cui
1187 918 1428 974 medicus
1454 931 1562 972 non
1589 917 1659 972 sit
1684 913 2057 980 necessarius;
2088 911 2184 969 sed

606 1014 767 1070 malle
796 1020 938 1068 retro
964 1013 1039 1067 ire
1060 1019 1180 1082 post
1201 1009 1472 1066 Christum
1493 1049 1508 1076 ,
1531 1008 1622 1080 qui
1646 1007 1962 1078 discipulum
1987 1020 2185 1062 vocans

596 1117 658 1164 ut
691 1107 995 1178 perﬁciatur
1024 1147 1037 1171 ,
1065 1104 1196 1160 dicit
1221 1146 1236 1171 ,
1266 1101 1486 1174 Sequere
1505 1118 1584 1156 me
1609 1102 1628 1172 (
1654 1101 1839 1155 Matth.
1871 1116 1960 1156 xtx
1982 1141 1998 1168 ,
2028 1101 2091 1155 ει
2120 1098 2187 1170 )ἳ

595 1200 705 1258 Sed
733 1209 910 1255 tamen
937 1197 1396 1272 accommodatius.
1410 1195 1477 1252 de
1508 1195 1720 1251 diabolo
1746 1195 1944 1251 dictum
1988 1194 2187 1250 intelli-

596 1293 739 1364 gitur
768 1309 780 1346 :
815 1289 882 1345 In
910 1289 1239 1345 convertenda
1267 1289 1526 1343 inimicum
1553 1304 1717 1341 meum
1743 1295 2035 1342 retrorsum.
2062 1287 2185 1342 Dia-

595 1383 755 1439 bolus
779 1383 971 1454 quippe
999 1390 1291 1436 retrorsum
1321 1394 1611 1435 conversus
1631 1387 1712 1434 est
1737 1379 1896 1434 etiam
1923 1378 1975 1432 in
2006 1391 2189 1448 perse-

598 1473 815 1529 cutione
847 1473 1108 1543 justorum
1133 1513 1149 1540 ,
1199 1481 1254 1529 et
1296 1471 1464 1527 multo
1510 1470 1687 1527 utilius
1733 1479 2040 1542 persecutor
2063 1479 2181 1538 est,

600 1580 760 1636 quam
791 1563 836 1620 si
866 1564 971 1619 dux
1001 1574 1055 1620 et
1083 1565 1326 1635 princeps
1354 1564 1585 1634 praeiret.
1616 1563 1956 1620 Psallendum
1985 1573 2068 1620 est
2092 1563 2190 1635 igi-

599 1666 691 1713 tur
720 1659 919 1713 nomini
950 1657 1211 1713 Altissimi
1234 1659 1286 1712 in
1307 1657 1666 1713 convertenda
1685 1656 1956 1712 inimicum
1982 1665 2188 1712 retror-

601 1762 761 1814 sum;
811 1749 1058 1819 quoniam
1109 1747 1268 1803 malle
1311 1747 1568 1803 debemus
1612 1762 1736 1803 eum
1782 1756 2190 1819 persequentem

599 1838 783 1908 fugere
807 1881 820 1906 ,
848 1854 1004 1910 quam
1045 1839 1327 1895 ducentem
1363 1839 1514 1910 sequi
1546 1857 1560 1894 :
1603 1838 1858 1896 habemus
1895 1840 2036 1895 enim
2084 1853 2192 1910 quo

598 1931 864 2002 fugiamus
893 1941 946 1988 et
970 1930 1360 1987 abscondamur
1401 1932 1456 1987 in
1493 1931 1716 1987 occultis
1742 1930 1898 1996 Filii,
1931 1931 2052 2001 quia
2082 1931 2191 1986 Do-

599 2024 782 2081 minus
811 2024 980 2080 factus
1007 2034 1088 2082 est
1117 2023 1378 2095 refugium
1409 2024 1562 2080 nobis
1596 2022 1783 2096 (Psal.
1812 2039 2022 2079 Lxxxtx
2046 2063 2062 2089 ,
2092 2024 2116 2078 1
2148 2025 2188 2095 ).

673 2115 727 2171 5.
771 2113 937 2187 [eers.
969 2116 1023 2170 5.
1045 2113 1066 2188 ]
1088 2114 1489 2185 lnﬁrmabuntur
1512 2157 1528 2184 ,
1551 2125 1598 2169 et
1615 2116 1846 2186 peribunt
1869 2131 1903 2169 a
1929 2117 2063 2188 facie
2082 2126 2188 2172 tua.

481 2231 492 2240 ο
601 2206 705 2274 Qui
735 2205 1141 2262 inﬁrmabuntur
1171 2217 1226 2262 et
1249 2208 1532 2280 peribunt,
1564 2207 1666 2262 nisi
1701 2207 1868 2277 iniqui
1909 2215 1965 2262 et
2000 2207 2193 2279 impii?

599 2296 1010 2368 Inﬁrmabuntur
1032 2341 1048 2366 ,
1076 2299 1202 2354 dum
1229 2301 1361 2354 nihil
1381 2299 1632 2354 valebunt
1657 2316 1672 2365 ;
1704 2308 1752 2354 et
1778 2299 2046 2368 peribunt,
2069 2300 2192 2371 quia

599 2404 711 2444 non
741 2399 896 2445 erunt
924 2389 1104 2460 impii;
1128 2407 1159 2443 a
1181 2391 1310 2462 facie
1331 2390 1426 2446 Dei
1453 2432 1469 2454 ,
1497 2389 1548 2444 id
1573 2398 1656 2445 est
1673 2405 1700 2443 a
1728 2389 2030 2460 cognitione
2054 2391 2148 2448 Dei
2170 2432 2187 2458 ,

600 2482 740 2538 sicut
759 2483 916 2553 periit
936 2482 1023 2538 ille
1043 2483 1132 2554 qui
1151 2482 1286 2538 dixit
1313 2500 1326 2536 :
1366 2482 1488 2536 Viuo
1511 2493 1675 2536 autem
1692 2483 1808 2554 jam
1837 2498 1938 2536 non
1963 2497 2054 2554 ego
2077 2523 2091 2546 ,
2114 2483 2193 2537 vi-

598 2573 672 2628 vit
691 2583 860 2627 autem
879 2575 930 2653 in
955 2590 1032 2628 me
1062 2573 1291 2628 Christus
1321 2573 1342 2644 (
1367 2571 1485 2627 Gal.
1518 2589 1552 2628 ll
1577 2613 1593 2640 ,
1623 2571 1694 2628 20
1717 2574 1758 2644 ).
1784 2572 1888 2628 Sed
1919 2588 2084 2644 quare
2109 2575 2195 2630 in-

600 2665 942 2736 ﬂrmabuntur
961 2708 974 2730 ,
997 2675 1046 2720 et
1070 2666 1300 2738 peribunt
1351 2666 1499 2736 impii
1542 2683 1574 2720 a
1613 2666 1744 2738 facie
1779 2675 1868 2721 tua
1892 2666 1919 2720 .9
1942 2666 2195 2734 Quoniam

601 2759 766 2828 fecisti
778 2760 1033 2831 judicium
1062 2777 1228 2814 meum
1251 2801 1266 2825 ,
1314 2759 1516 2831 inquit,
1571 2770 1616 2815 et
1649 2777 1858 2816 causam
1893 2777 2096 2817 meam:
2140 2761 2195 2818 id

597 2858 724 2916 est,
750 2850 1006 2920 judicium
1035 2850 1166 2906 illud
1191 2850 1243 2906 in
1269 2866 1375 2921 quo
1398 2850 1622 2922 judicari
1647 2852 1793 2908 visus
1819 2866 1936 2907 sum
1960 2891 1976 2918 ,
2009 2866 2193 2909 meum

599 2943 814 3012 fecisti;
842 2955 896 3001 et
925 2959 1138 3000 causam
1170 2943 1312 3000 illam
1343 2945 1396 3000 in
1425 2960 1531 3016 qua
1574 2961 1662 3002 me
1701 2946 1903 3016 justum
1944 2955 2000 3001 et
2035 2946 2192 3001 inno-

599 3046 811 3093 centem
858 3035 1102 3092 homines
1148 3035 1577 3102 damnaverunt,
1622 3041 1794 3090 meam
1843 3035 2038 3092 fecisti.
2069 3037 2195 3094 Haec

600 3130 747 3185 enim
775 3129 822 3183 ei
855 3129 1218 3183 militaverunt
1239 3128 1307 3182 ad
1345 3137 1584 3182 nostram
1614 3128 2017 3183 liberationem:
2055 3128 2197 3185 sicut

601 3227 662 3278 et
687 3227 862 3276 nautae
886 3218 1071 3274 dicunt
1097 3225 1316 3275 ventum
1356 3233 1510 3274 suum
1538 3260 1553 3287 ,
1584 3234 1691 3289 quo
1719 3228 1938 3275 utuntur
1963 3218 2030 3274 ad
2058 3218 2196 3276 bene

602 3311 982 3384 navigandum.

681 3405 736 3462 6.
777 3404 968 3460 Sedisti
1010 3419 1164 3474 super
1206 3403 1442 3458 thronum
1465 3444 1482 3470 ,
1521 3404 1609 3474 qui
1638 3404 1846 3474 judicas
1887 3404 2193 3474 a’quitatem.

606 3493 733 3554 Sive
761 3493 928 3550 Filius
957 3493 1100 3548 Patri
1130 3491 1309 3559 dicat,
1359 3492 1452 3562 qui
1497 3492 1658 3548 etiam
1697 3492 1827 3548 illud
1869 3492 2041 3558 dixit,
2076 3491 2197 3548 Non

609 3583 818 3640 haberes
845 3584 899 3638 in
917 3599 997 3637 me
1018 3591 1312 3653 potestatem
1331 3623 1346 3649 ,
1370 3582 1469 3637 nisi
1496 3582 1585 3637 tibi
1602 3584 1774 3637 datum
1793 3584 1966 3654 fuisset
1985 3583 2200 3655 desuper

611 3675 812 3751 (Joan.
844 3691 936 3730 xix
959 3715 976 3744 ,
1004 3675 1065 3730 11
1095 3675 1138 3745 ),
1165 3674 1394 3746 idipsum
1422 3674 1488 3729 ad
1517 3676 1818 3744 aequitatem
1852 3674 2024 3732 Patris
2050 3685 2103 3732 et
2131 3677 2200 3732 ad

607 3768 820 3824 occulta
847 3781 942 3822 sua
969 3765 1209 3822 referens
1228 3806 1243 3831 ,
1266 3765 1407 3836 quod
1431 3765 1594 3836 judex
1612 3765 1886 3822 hominum
1911 3765 1979 3821 ad
2003 3767 2202 3822 utilita—

611 3870 723 3917 tem
754 3860 1028 3915 hominum
1052 3857 1321 3930 judicatus
1363 3867 1483 3914 est:
1524 3860 1638 3913 sive
1671 3857 1831 3912 homo
1865 3857 2008 3914 dicat
2049 3859 2160 3915 Deo
2182 3901 2197 3928 ,

612 3952 807 4011 Sedisti
828 3967 979 4023 super
1003 3951 1237 4005 thronum
1260 3990 1277 4018 ,
1299 3948 1604 4020 qui'judicas
1630 3951 1914 4016 (equitatem
1938 3990 1952 4015 ,
1969 3949 2202 4005 animam

611 4061 765 4103 suam
797 4044 1049 4100 thronum
1075 4044 1192 4113 ejus
1218 4043 1492 4116 appellans
1515 4082 1530 4108 ,
1577 4026 1854 4114 ut'corpus
1881 4043 1953 4098 sit
1977 4043 2204 4102 fortasse

613 4145 800 4205 terra,
847 4151 967 4207 qum
999 4135 1290 4191 scabellum
1338 4134 1532 4204 pedum
1577 4133 1694 4204 ejus
1739 4133 1879 4189 dicta
1923 4133 2201 4207 est(Isai.

613 4244 736 4286 vat
761 4268 778 4292 ,
809 4228 837 4282 1
864 4227 908 4299 );
941 4227 1082 4282 Deus
1107 4226 1251 4281 enim
1275 4233 1393 4281 erat
1419 4225 1472 4280 in
1497 4224 1709 4280 Christo
1736 4225 1990 4280 mundum
2016 4240 2207 4281 recon-

614 4319 807 4376 cilians
853 4317 954 4372 sibi
1001 4314 1086 4386 (ll
1112 4314 1232 4370 Cor.
1257 4330 1312 4382 v,
1339 4313 1486 4386 l9):
1531 4315 1644 4370 sive
1685 4317 1860 4370 anima
1903 4314 2162 4371 Ecclesiae
2187 4317 2206 4349 ⁸

617 4411 726 4484 iam
758 4408 990 4482 perfecta
1013 4417 1066 4464 et
1090 4408 1206 4464 sine
1232 4407 1440 4464 macula
1466 4415 1522 4462 et
1559 4422 1687 4478 ruga
1733 4407 1753 4480 (
1779 4407 1966 4477 Ephes.
1989 4423 2043 4474 v,
2068 4407 2139 4464 27
2159 4407 2204 4479 ),

618 4501 779 4574 digna
805 4500 1008 4556 scilicet
1033 4499 1255 4555 occultis
1277 4497 1437 4562 Filii,
1465 4498 1588 4569 quia
1628 4497 1922 4554 introduxit
1961 4513 2080 4555 eam
2115 4516 2209 4558 rex

619 4591 676 4648 in
706 4590 1006 4647 cubiculum
1031 4603 1186 4645 suum
1215 4585 1403 4662 (Cant.
1434 4601 1488 4655 ι,
1519 4587 1613 4659 ὅ),
1653 4588 1796 4644 dicat
1835 4603 2042 4658 sponso
2072 4603 2170 4646 suo
2190 4633 2206 4660 ,

622 4685 816 4743 Sedisti
833 4700 984 4757 super
1001 4683 1238 4737 thronum
1258 4721 1276 4750 ,
1296 4682 1384 4752 qui
1400 4679 1612 4752 judicas
1633 4682 1914 4752 (equitatem
1930 4723 1947 4749 ,
1976 4683 2100 4754 quia
2125 4699 2211 4740 re-

624 4774 906 4832 surrexisti
930 4788 960 4827 a
987 4771 1212 4829 mortuis
1233 4813 1250 4840 ,
1271 4779 1328 4828 et
1344 4769 1633 4828 aseendisti
1653 4771 1706 4826 in
1727 4772 1920 4828 ccelum
1947 4813 1963 4838 ,
1984 4782 2040 4828 et
2058 4773 2214 4831 sedes

624 4865 696 4923 ad
720 4865 992 4921 dexteram
1024 4861 1238 4918 Patris:
1269 4860 1519 4933 quaelibet
1558 4875 1688 4934 ergo
1722 4861 1910 4932 harum
1952 4865 2212 4920 sententia

626 4958 874 5030 placeat,
900 4971 1007 5028 quo
1035 4955 1136 5011 iste
1160 4968 1348 5011 versus
1372 4951 1636 5010 referatur
1658 4995 1673 5022 ,
1697 4954 1933 5025 regulam
1959 4954 2082 5011 ﬁdei
2108 4970 2213 5012 non

631 5048 861 5105 excedit.

701 5140 757 5195 7.
781 5137 933 5213 [vers.
959 5136 1039 5211 6.]
1061 5136 1350 5210 Increpasti
1371 5145 1563 5210 gentes,
1590 5146 1637 5192 et
1663 5139 1810 5208 periit
1835 5139 2043 5210 impius.
2063 5137 2212 5196 Con-

630 5231 934 5288 venientius
955 5229 1058 5285 hoc
1078 5230 1304 5298 Domino
1327 5227 1455 5285 Jesu
1475 5227 1693 5284 Christo
1716 5227 2016 5300 dici,quam
2039 5229 2210 5301 ipsum

633 5321 838 5390 dicere,
870 5321 1181 5392 accipimus.
1207 5320 1338 5388 Quis
1363 5321 1504 5377 enim
1526 5321 1663 5376 alius
1689 5321 1983 5392 increpavit
2005 5332 2213 5392 gentes,

634 5422 692 5472 et
711 5414 870 5486 periit
895 5412 1109 5483 impius,
1131 5411 1235 5468 nisi
1254 5411 1346 5482 qui
1370 5419 1553 5482 postea
1579 5425 1739 5482 quam
1761 5395 2002 5468 ascendit
2029 5415 2082 5470 in
2107 5429 2220 5470 cm.-

639 5508 776 5576 lnm,
794 5507 937 5562 misit
964 5504 1222 5576 Spiritum
1250 5511 1514 5569 sanctum,
1541 5517 1648 5573 quo
1674 5504 1926 5573 complcti
1949 5505 2212 5574 Apostoli,

637 5613 764 5655 cum
799 5597 989 5653 ﬁducia
1015 5593 1367 5667 prmdimrent
1393 5594 1612 5649 verbum
1633 5593 1728 5650 Dei
1747 5615 1772 5661 ,ε
1797 5603 1850 5650 et
1874 5605 2090 5666 peccata
2118 5597 2218 5654 ho-

705 5804 726 5837 ⁸
748 5800 822 5852 sic
841 5800 892 5850 in
915 5803 1025 5848 uss.
1049 5802 1107 5848 Αι
1127 5794 1252 5860 apud
1267 5769 1400 5857 me,
1424 5792 1663 5846 sinceram
1684 5791 1914 5847 Ecclesia.

1833 337 1892 394 S.
1933 332 2301 392 AUGUSTINI
2339 334 2645 396 EPlSCOPl

2293 451 2497 508 minum
2528 456 2694 514 libere
2719 464 3044 532 arguerent?
3061 478 3166 536 qua
3197 463 3568 538 increpatione
3591 470 3748 541 periit
3771 473 3861 534 im-
3887 489 3906 502 '

2294 545 2450 636 pius;
2481 549 2603 619 quia
2625 550 2947 620 justiﬁcatus
2973 565 3057 612 est
3085 557 3280 629 impius
3297 599 3313 625 ,
3340 568 3396 616 et
3422 559 3602 617 factus
3634 571 3720 619 est
3741 566 3860 636 plus.

2295 635 2498 695 Nomen
2523 659 2698 698 eorum
2719 645 2895 701 delein
2915 647 2965 701 in
2987 648 3251 717 naculum,
3266 659 3316 706 et
3337 652 3392 706 in
3415 652 3671 708 sarculum
3689 635 3860 714 steculi.

2293 731 2535 790 Deletum
2566 746 2648 792 est
2678 751 2870 795 nomen
2894 740 3179 812 impiorum
3207 762 3222 798 :
3248 759 3353 798 non
3373 746 3520 801 enim
3548 749 3864 819 appellantur

2293 824 2478 894 impii,
2511 827 2600 897 qui
2632 827 2744 884 Deo
2772 845 2901 886 vero
2941 833 3190 889 credunt.
3230 834 3445 890 Deletur
3479 845 3665 892 autem
3689 854 3863 898 nomen

2295 929 2483 972 eorum
2510 917 2563 972 in
2583 920 2847 988 saxulum,
2878 921 2930 977 id
2956 932 3059 987 est,
3087 924 3340 994 quamdiu
3383 927 3689 998 temporale
3711 946 3864 988 saecu-

2293 1006 2404 1063 lum
2435 1009 2680 1065 volvitur.
2714 1009 2782 1064 Et
2811 1012 2864 1066 in
2892 1014 3131 1069 suculam
3159 1016 3354 1074 strculi.
3377 1016 3520 1085 Quid
3545 1029 3630 1075 est
3653 1023 3868 1076 malum

2293 1098 2471 1152 steculi
2488 1138 2505 1165 ,
2536 1099 2637 1153 nisi
2657 1100 2809 1172 cujus
2836 1101 3068 1173 efﬁgiem
3097 1113 3150 1160 et
3173 1113 3424 1178 tanquam
3454 1108 3705 1164 umbram
3732 1111 3868 1168 habet

2296 1188 2401 1246 hoc
2438 1192 2738 1248 stecnlum?
2777 1193 3104 1252 Vicissitudo
3133 1199 3276 1254 enim
3303 1209 3613 1272 temporum
3642 1203 3742 1258 sibi
3765 1220 3868 1261 suc-

2295 1285 2598 1341 cedentium
2619 1328 2635 1351 ,
2679 1285 2807 1343 dum
2839 1289 2964 1346 luna
2995 1292 3252 1348 minuitur
3289 1301 3345 1349 et
3371 1309 3564 1351 rursus
3605 1296 3866 1367 impletur,

2295 1375 2425 1433 dum
2463 1379 2543 1434 sol
2571 1379 2716 1435 omni
2746 1396 2889 1436 anno
2919 1380 3097 1438 locum
3145 1398 3300 1440 suum
3331 1387 3571 1457 repetit,
3611 1387 3738 1445 dum
3773 1405 3869 1459 ver,

2295 1467 2381 1523 vel
2409 1476 2588 1534 aestas,
2614 1469 2697 1526 vel
2713 1478 3021 1539 autumnus,
3037 1474 3123 1530 vel
3153 1473 3326 1531 hiems
3349 1477 3428 1533 sic
3453 1478 3654 1534 transit
3682 1488 3739 1536 ut
3763 1482 3867 1538 red-

2295 1569 2414 1626 eat,
2444 1561 2754 1618 :eternitatis
2783 1563 3026 1635 qumdam
3067 1565 3293 1623 imitatio
3334 1577 3438 1624 est.
3467 1567 3580 1626 Sed
3611 1569 3766 1642 hujus
3787 1587 3870 1629 sa:-

2299 1652 2405 1708 culi
2431 1653 2687 1709 saeculum
2714 1664 2797 1710 est
2818 1656 2962 1726 quod
2992 1655 3416 1715 incommutabili
3440 1662 3744 1718 aeternitate
3761 1677 3870 1720 con-

2299 1743 2458 1800 sistit.
2485 1743 2635 1800 Sicut
2673 1760 2860 1802 versus
2886 1746 2938 1802 in
2967 1746 3169 1813 animo,
3200 1759 3256 1805 et
3281 1764 3474 1806 versus
3505 1751 3562 1809 in
3591 1767 3724 1808 voce
3755 1772 3769 1809 :
3794 1753 3871 1811 ille

2302 1839 2652 1920 intelligitur,
2680 1841 2784 1898 iste
2809 1840 3044 1908 auditur;
3076 1851 3131 1898 et
3173 1842 3266 1898 ille
3303 1844 3465 1900 istum
3495 1844 3767 1903 modiﬁcat
3790 1865 3802 1902 :
3827 1857 3870 1904 et

2302 1929 2426 1987 ideo
2455 1930 2546 1986 ille
2572 1931 2625 1986 in
2652 1939 2766 1987 arte
2790 1941 3045 2004 operatur
3072 1942 3128 1990 et
3155 1944 3355 2000 manet,
3379 1933 3482 1991 iste
3513 1936 3569 1990 in
3601 1951 3724 1992 aere
3742 1947 3872 1993 sonat

2302 2032 2359 2080 et
2387 2024 2598 2079 transit.
2639 2023 2729 2080 Sic
2756 2023 2917 2093 hujus
2946 2025 3214 2081 mutabilis
3245 2025 3428 2082 saeculi
3475 2026 3674 2082 modus
3709 2028 3871 2086 abillo

2302 2116 2724 2174 incommutabili
2745 2117 2944 2173 smculo
2964 2116 3235 2182 deﬁnitur,
3248 2117 3390 2188 quod
3409 2117 3615 2174 dicitur
3637 2119 3868 2175 saeculum

2301 2210 2484 2268 muli
2510 2229 2522 2264 :
2545 2220 2598 2266 et
2621 2210 2741 2266 ideo
2765 2211 2892 2266 illud
2921 2211 2974 2265 in
3006 2220 3122 2266 arte
3151 2210 3244 2266 Dei
3262 2253 3275 2274 ,
3303 2209 3405 2266 hoc
3433 2221 3521 2268 est
3547 2212 3601 2267 in
3627 2211 3867 2283 Sapientia

2299 2312 2357 2360 et
2380 2301 2590 2360 Virtute
2618 2311 2924 2374 permanet;
2946 2301 3050 2358 hoc
3080 2311 3258 2358 autem
3287 2303 3339 2358 in
3368 2312 3638 2359 creatum
3665 2302 3870 2358 admini-

2301 2394 2559 2450 stratione
2605 2392 2897 2464 peragitur.
2932 2392 2990 2448 Si
3021 2401 3198 2449 tamen
3242 2408 3346 2448 non
3390 2393 3646 2464 repetitio
3682 2402 3787 2460 est,
3825 2401 3870 2448 ιιι

2301 2493 2486 2556 postea
2513 2499 2672 2555 quam
2697 2483 2896 2540 dictum
2921 2495 3006 2540 est
3029 2485 3083 2539 in
3108 2485 3372 2551 eternium,
3392 2501 3463 2541 ne
3488 2485 3598 2542 hoc
3625 2486 3869 2556 accipere-

2304 2588 2390 2635 tur
2421 2577 2561 2649 quod
2593 2576 2808 2640 transit,
2830 2575 3182 2646 snbjiceretur
3200 2577 3252 2631 in
3277 2576 3525 2632 steculum
3547 2577 3742 2632 ποιαί.
3759 2574 3869 2632 Nam

2300 2670 2356 2726 in
2383 2668 2571 2742 graecis
2603 2668 2996 2740 exemplaribus
3035 2667 3114 2724 sic
3137 2677 3221 2724 est
3261 2686 3274 2723 :
3311 2678 3376 2731 εις
3399 2676 3482 2724 τὸν
3507 2679 3661 2724 «tam
3681 2711 3696 2736 ,
3725 2681 3799 2725 ιιιί
3817 2679 3870 2732 ιιι

2301 2771 2380 2818 τὸν
2406 2771 2559 2816 αἰῶνα
2581 2770 2666 2816 τοῦ
2692 2771 2858 2823 atavo;
2885 2776 2900 2827 ;
2926 2759 3067 2830 quod
3087 2759 3264 2818 Latini
3293 2761 3537 2832 plerique
3566 2761 3868 2832 interpretati

2300 2861 2456 2920 sunt,
2482 2867 2590 2908 non
2616 2852 2668 2907 in
2694 2851 2936 2907 steculum
2956 2893 2970 2918 ,
3007 2860 3054 2906 et
3085 2851 3140 2906 in
3165 2851 3409 2907 steculum
3435 2851 3616 2908 steculi
3635 2894 3650 2919 ,
3683 2851 3799 2918 sed,
3823 2853 3866 2907 is

2301 2953 2566 3010 internum,
2596 2953 2644 2998 et
2671 2943 2725 2997 in
2751 2944 2993 2998 εωευιιηη
3017 2941 3194 2998 surculi
3220 2959 3238 2997 :
3261 2951 3322 2998 ut
3346 2942 3400 2999 in
3428 2958 3500 3000 eo
3526 2942 3670 3016 quod
3693 2943 3866 2999 dictum

2301 3046 2384 3091 est
2411 3035 2468 3090 in
2495 3035 2739 3090 sweulum
2765 3033 2960 3102 saeculi,
2988 3033 3119 3089 illud
3137 3044 3504 3106 exponeretur
3529 3035 3671 3108 quod
3696 3036 3866 3091 dictum

2303 3137 2387 3185 est
2412 3128 2464 3182 in
2491 3137 2757 3183 internum.
2787 3125 2991 3182 Nomen
3017 3141 3147 3198 ergo
3165 3128 3437 3200 impiorum
3458 3130 3640 3185 delesti
3666 3131 3716 3185 in
3742 3137 3865 3184 teter-

2305 3235 2445 3282 uum,
2472 3219 2594 3289 quia
2625 3218 2879 3289 deinceps
2899 3233 3169 3289 nunquam
3196 3220 3542 3291 eruntimpii.
3564 3220 3632 3276 Et
3655 3221 3698 3276 si
3716 3219 3763 3275 in
3784 3217 3867 3275 hoc
3907 3261 3920 3280 .

2303 3309 2554 3365 Sit-culum
2587 3325 2692 3364 non
2717 3309 2950 3366 tenditur
2977 3325 3174 3367 nomen
3199 3325 3410 3379 eorum,
3434 3311 3611 3368 multo
3639 3312 3802 3368 minus
3821 3310 3866 3367 in

2303 3402 2560 3456 smculum
2587 3401 2787 3456 szeeuli.

2369 3491 2423 3547 8.
2468 3494 2620 3563 iners.
2653 3488 2731 3564 7.]
2761 3488 2968 3545 Inimici
2981 3489 3267 3562 defecerunt
3291 3492 3502 3561 framea:
3515 3491 3568 3546 in
3583 3490 3750 3560 linem.
3767 3486 3861 3543 Non

2297 3582 2579 3656 pluraliter
2625 3581 2860 3648 inimici,
2918 3581 3014 3637 sed
3067 3581 3407 3654 singulariter
3460 3581 3623 3654 hujus
3666 3577 3859 3636 inimici.

2297 3671 2468 3745 Cujus
2491 3683 2668 3730 autem
2695 3671 2917 3740 inimici,
2941 3673 3041 3730 nisi
3066 3673 3266 3730 diaboli
3294 3670 3517 3732 frameae
3545 3665 3861 3730 defecerunt?

2300 3766 2398 3822 lite
2425 3777 2604 3822 autem
2647 3765 3016 3837 intelliguntur
3059 3765 3287 3822 diversae
3336 3766 3619 3838 opiniones
3665 3761 3858 3826 erroris,

2300 3856 2494 3929 quibus
2531 3855 2622 3913 ille
2661 3857 2867 3912 animas
2905 3865 3154 3928 tanquam
3179 3855 3369 3929 gladiis
3391 3855 3625 3928 perimit.
3657 3853 3745 3910 llis
3765 3851 3861 3923 gia-

2301 3948 2406 4005 diis
2432 3948 2708 4005 vincendis
2735 3957 2790 4006 et
2831 3947 2899 4004 ad
2939 3949 3200 4006 defectum
3234 3949 3587 4020 perducendis
3616 3947 3767 4004 instat
3789 3940 3862 3998 ille

2301 4040 2528 4112 gladius,
2553 4040 2622 4097 de
2644 4055 2749 4113 quo
2788 4040 2841 4096 in
2867 4040 3096 4110 septimo
3124 4041 3329 4112 psalmo
3355 4040 3590 4097 dicitur:
3624 4037 3737 4096 Nisi
3758 4049 3861 4089 cott-

2306 4134 2585 4200 oertamini,
2629 4133 2859 4204 gladium
2885 4149 3035 4189 suum
3062 4134 3272 4189 vibrabit
3321 4133 3497 4204 (Psal.
3544 4147 3638 4202 vn,
3684 4128 3784 4200 l3).
3809 4123 3862 4180 Et

2307 4228 2445 4283 forte
2471 4227 2573 4282 iste
2602 4234 2688 4283 est
2710 4224 2830 4282 ﬁnis
2855 4226 2908 4282 in
2947 4241 3108 4298 quem
3149 4226 3365 4283 framea:
3389 4225 3645 4283 deﬁciunt
3667 4216 3858 4282 inimici,

2308 4320 2429 4392 quia
2459 4333 2627 4390 usque
2655 4317 2721 4374 ad
2749 4319 2921 4389 ipsum
2942 4316 3144 4390 aliquid
3169 4317 3378 4384 valent;
3401 4317 3518 4388 ipse
3546 4329 3684 4372 nunc
3700 4320 3861 4382 opera-

2309 4422 2395 4468 tur
2421 4410 2650 4478 occulte,
2683 4411 2871 4467 ultimo
2898 4418 3076 4466 autem
3109 4409 3311 4480 judicio
3356 4407 3531 4479 palam
3577 4401 3857 4462 vibrabitur.

2310 4503 2421 4560 Hoc
2445 4502 2793 4559 destruuntur
2833 4501 3104 4567 civitates;
3137 4514 3260 4555 nam
3293 4499 3365 4554 ita
3397 4497 3656 4570 sequitur,
3685 4485 3861 4548 Inimici

2309 4597 2600 4668 defecerunt
2624 4600 2831 4668 [ramete
2853 4595 2908 4649 in
2935 4594 3119 4664 liuent;
3139 4602 3186 4648 et
3221 4592 3444 4647 civitates
3469 4584 3748 4646 destruaisti
3765 4577 3862 4639 :ci-

2310 4690 2501 4746 vitates
2529 4697 2706 4744 autem
2746 4687 2798 4743 in
2827 4687 3023 4758 quibus
3063 4684 3311 4742 diabolus
3338 4693 3547 4756 regnat,
3582 4681 3668 4738 ubi
3705 4674 3860 4734 dolosa

2311 4790 2367 4837 et
2387 4779 2723 4836 fraudulenta
2743 4777 2963 4835 consilia
2984 4786 3234 4848 tanquam
3255 4775 3417 4832 curia:
3433 4775 3607 4832 locum
3628 4768 3858 4826 obtinent.

2312 4874 2399 4931 cui
2431 4873 2747 4945 principatui
2771 4871 2921 4944 quasi
2949 4869 3210 4928 satellites
3232 4879 3286 4926 et
3306 4869 3536 4926 ministri
3565 4865 3748 4922 adsunt
3765 4852 3859 4913 ofﬂ-

2313 4967 2396 5024 cia
2437 4980 2771 5038 quorumque
2809 4959 3193 5030 membrorum,
3230 4963 3370 5019 oculi
3412 4962 3480 5018 ad
3507 4954 3855 5018 curiositatem.

2312 5074 2470 5117 aures
2485 5061 2551 5114 ad
2570 5059 2859 5122 lasciviam,
2884 5057 2966 5112 vel
2986 5057 3032 5111 si
3052 5055 3177 5128 quid
3195 5063 3278 5112 est
3300 5054 3444 5111 aliud
3463 5052 3604 5126 quod
3625 5051 3676 5105 in
3694 5041 3854 5128 malatn

2315 5163 2519 5226 partem
2543 5153 2770 5208 libenter
2793 5148 3029 5216 auditur,
3059 5125 3249 5204 manus
3265 5147 3333 5202 ad
3355 5125 3591 5218 rapinam
3615 5139 3694 5197 vel
3717 5125 3856 5208 quod‘

2317 5247 2444 5304 libet
2467 5245 2606 5301 aliud
2635 5244 2837 5300 facinus
2877 5253 2969 5299 aut
3011 5241 3288 5314 flagitium,
3335 5249 3395 5298 et
3435 5237 3667 5296 membra
3694 5234 3854 5321 calet?

2316 5337 2371 5394 in
2392 5335 2534 5392 hunc
2549 5335 2764 5392 modum
2789 5333 3068 5406 tyrannico
3092 5331 3434 5405 principatui,
3460 5329 3512 5387 id
3533 5334 3615 5385 est
3629 5322 3854 5396 perverSIS

2316 5413 2552 5487 consiliis
2575 5427 2875 5484 militantia.
2897 5425 3064 5500 Hujus
3087 5424 3317 5480 civitatis
3334 5423 3486 5496 quasi
3513 5419 3656 5494 plebs
3673 5419 3855 5508 estoe-

2323 5531 2422 5572 nes
2452 5507 2690 5570 delicatae
2725 5509 3032 5565 affectiones
3069 5517 3124 5564 et
3159 5509 3448 5566 turbulenti
3483 5517 3651 5565 motus
3691 5507 3851 5589 animit

2326 5603 2658 5676 quotidianus
2688 5599 2976 5655 seditiones
3012 5601 3064 5654 in
3095 5597 3312 5677 homine
3340 5600 3613 5672 agitantes.
3640 5593 3764 5660 Ergo
3785 5581 3852 5682 ubi

2331 5711 2453 5760 rex,
2482 5694 2570 5749 ubi
2597 5692 2740 5747 curia
2765 5733 2778 5754 ,
2805 5690 2892 5745 ubi
2922 5690 3183 5756 ministri,
3207 5691 3294 5746 ubi
3324 5692 3476 5762 plebs
3501 5687 3761 5745 invenitur.
3789 5689 3850 5772 cl-

2335 5787 2470 5841 vitas
2494 5795 2574 5839 est
2605 5801 2618 5837 :
2649 5797 2820 5853 neque
2851 5782 2989 5836 enim
3023 5780 3143 5836 talia
3176 5791 3355 5838 essent
3392 5784 3443 5838 in
3479 5779 3626 5838 malis
3661 5769 3852 5828 civitati-
