4078 6412
220 385 311 448 υι
1334 365 1735 427 ENARRATIO
1775 365 1841 423 IN
1879 367 2203 431 PSALMUM
2242 372 2334 429 IX.

221 504 327 566 bus,
354 494 448 553 nisi
472 492 620 567 prius
646 495 834 547 essent
856 487 909 543 in
938 484 1165 558 singulis
1190 483 1520 551 hominibus,
1543 482 1631 553 qui
1655 490 1782 537 sunt

220 604 448 661 tanquam
474 587 735 641 elementa
761 591 816 637 et
839 580 1049 637 semina
1076 578 1372 633 civitatum.
1409 576 1511 629 llas
1538 575 1781 629 civitates

219 682 444 742 destruit.
476 691 595 733 cum
622 674 841 730 excluso
880 670 1005 728 inde
1034 669 1307 742 principe,
1337 667 1405 723 de
1446 681 1553 738 quo
1578 666 1779 720 dictum

218 787 315 842 est,
344 773 585 840 Princeps
616 768 772 839 hujus
798 764 970 820 strculi
1001 765 1186 818 missus
1212 771 1286 817 est
1308 765 1448 832 foras
1474 758 1654 828 (Joan.
1680 772 1777 821 xu,

215 869 313 936 3|),
342 871 615 918 vastantur
655 861 771 915 haec
808 872 972 929 regna
1014 856 1179 912 verbo
1201 853 1471 921 veritatis,
1500 852 1781 924 sopiuntur

212 959 419 1028 maligna
441 953 683 1018 consilia,
712 962 894 1022 turpes
912 949 1226 1005 affectiones
1252 946 1588 1014 edomantur,
1612 960 1780 1000 mem-

209 1052 408 1107 brorum
455 1055 509 1102 et
546 1059 798 1101 sensuum
846 1041 1141 1097 ministeria
1190 1039 1557 1109 captivantur,
1613 1046 1668 1093 et
1708 1036 1777 1092 ad

205 1142 409 1217 justitizc
437 1149 491 1196 et
514 1140 779 1194 bonorum
806 1152 1029 1207 operum
1067 1134 1306 1188 militiam
1334 1131 1727 1187 transferuntur
1758 1146 1772 1186 :

209 1244 261 1291 ut
280 1234 405 1304 jam,
436 1231 572 1286 sicut
601 1228 894 1299 Apostolus
920 1225 1079 1294 dicit,
1111 1241 1212 1279 non
1235 1235 1407 1294 regnet
1437 1232 1697 1295 peccatum
1722 1224 1777 1277 in

208 1338 365 1386 nostra
393 1326 593 1380 mortali
622 1338 834 1394 corpore
860 1321 1035 1395 (Rom.
1060 1336 1132 1385 vt,
1163 1319 1277 1389 12),
1318 1329 1372 1375 et
1402 1328 1593 1375 caetera
1622 1318 1777 1389 hujus

209 1419 323 1475 loci.
362 1418 507 1473 Tunc
552 1424 772 1486 pacatur
812 1413 988 1468 anima
1013 1454 1029 1479 ,
1078 1421 1133 1468 et
1177 1410 1456 1467 ordinatur
1498 1410 1660 1465 homo
1707 1410 1776 1465 ad

209 1515 421 1584 quietem
449 1519 502 1565 et
529 1508 595 1563 ad
636 1506 1017 1563 beatitudinem
1043 1502 1449 1574 capessendam.
1478 1501 1635 1556 Periit
1666 1520 1775 1556 me-

207 1606 357 1661 moria
402 1619 571 1657 eorum
614 1616 726 1654 cum
773 1598 1031 1668 strepitu:
1082 1596 1365 1666 impiorum
1413 1594 1635 1650 scilicet.
1666 1594 1773 1650 Sed

206 1712 311 1752 cum
338 1690 559 1765 strepitu,
592 1693 705 1749 sive
731 1691 852 1763 quia
881 1691 939 1744 lit
959 1690 1241 1759 strepitus,
1276 1688 1475 1743 dictum
1516 1695 1598 1742 est
1616 1729 1630 1750 .
1654 1702 1773 1743 cum

205 1789 437 1861 impietas
462 1785 754 1849 evertitur;
784 1798 890 1838 non
915 1782 1056 1838 enim
1082 1779 1272 1834 transit
1292 1778 1359 1834 ad
1384 1793 1645 1833 summam
1678 1794 1772 1849 pa-

203 1896 335 1942 cem.
360 1880 440 1935 ubi
468 1891 736 1934 summum
757 1874 1027 1931 silentium
1051 1882 1149 1934 est.
1176 1871 1280 1926 nisi
1312 1871 1397 1941 qui
1423 1886 1612 1940 magno
1636 1879 1774 1926 stre-

201 1975 310 2047 pitu
359 1972 498 2043 prius
538 1986 659 2025 eum
699 1969 812 2025 suis
840 1968 983 2023 vitiis
1010 1964 1405 2037 belligeraverit
1448 1982 1461 2017 :
1502 1965 1615 2019 sive
1658 1981 1773 2018 eum

200 2068 401 2137 strepitu
438 2064 634 2120 dictum
686 2070 805 2127 est,
859 2069 917 2115 ut
957 2069 1141 2130 pereat
1180 2057 1437 2113 memoria
1486 2057 1769 2127 impiorum

199 2158 354 2215 etiam
382 2158 492 2228 ipso
521 2156 749 2226 strepitu
776 2162 1053 2225 pereunte,
1084 2152 1135 2208 in
1164 2167 1271 2224 quo
1301 2149 1649 2206 tumultuatur
1675 2149 1773 2204 im-

234 2250 383 2305 ictas.

234 2267 247 2305 ι
282 2264 383 2305 tas.

199 2264 313 2397 ln9.
348 2337 493 2412 [νει-ς.
522 2337 588 2406 8,
631 2335 712 2411 9.]
744 2334 813 2391 Et
852 2334 1101 2391 Dominus
1130 2335 1185 2391 in
1221 2344 1464 2390 aeternum
1490 2344 1768 2407 permanet.

198 2431 382 2504 thuid
419 2445 546 2502 ergo
591 2429 919 2485 fremuerunt
958 2438 1179 2500 gentes,
1214 2437 1271 2484 et
1308 2429 1488 2500 populi
1532 2428 1771 2485 meditati

194 2532 307 2579 sunt
331 2523 525 2586 inania,
549 2520 805 2577 adversus
834 2521 1113 2576 Dominum
1141 2528 1196 2575 et
1214 2519 1473 2575 adversus
1494 2518 1769 2575 Christum

195 2616 297 2688 ejus
330 2615 497 2687 (Psal.
516 2630 573 2682 ιι,
604 2613 696 2687 l)?
717 2629 837 2669 nam
869 2613 1118 2667 Dominus
1136 2614 1191 2668 in
1217 2622 1461 2667 aeternum
1488 2622 1765 2683 permanet.

194 2708 392 2765 Paravit
420 2708 471 2763 in
487 2708 689 2779 judicio
718 2707 885 2761 sedem
911 2724 1056 2761 suam
1075 2748 1090 2772 ,
1122 2716 1168 2760 et
1190 2707 1297 2777 ipse
1315 2706 1567 2777 judicabit
1598 2706 1769 2761 orbem

196 2813 435 2857 terrarum
459 2802 512 2855 in
537 2800 791 2869 wquitate.
818 2798 1065 2864 Paravit,
1090 2814 1213 2853 cum
1238 2798 1507 2867 judicatus
1532 2806 1648 2862 est,
1676 2814 1765 2855 se-

194 2893 306 2950 dem
331 2907 483 2948 suam
517 2908 530 2945 :
564 2904 661 2961 per
686 2890 832 2945 illam
859 2890 1002 2945 enim
1032 2888 1342 2960 patientiam
1376 2887 1537 2943 homo
1569 2886 1766 2944 emtum

194 2983 500 3057 acquisivit,
531 2990 588 3037 et
610 2981 755 3037 Deus
790 2981 843 3036 in
871 2980 1087 3036 homine
1116 2980 1132 3011 ί
1162 2979 1503 3035 credentibus
1531 2980 1763 3069 proluit;

195 3090 242 3137 et
278 3078 376 3137 hoc
419 3087 502 3135 est
545 3078 813 3136 occultum
838 3077 959 3133 Filii
984 3077 1269 3150 judicium.
1310 3077 1416 3133 Sed
1453 3078 1575 3149 quia
1603 3078 1765 3135 etiam

192 3170 348 3241 palam
376 3169 767 3240 manifesteque
792 3177 1048 3224 venturus
1072 3177 1157 3224 est
1176 3168 1243 3223 ad
1264 3168 1413 3223 vivos
1442 3177 1496 3223 et
1523 3177 1765 3225 mortuos

133 3278 149 3297 σ
191 3260 523 3333 iudicandos,
560 3262 767 3334 paravit
808 3262 861 3317 in
892 3261 1101 3317 occulto
1124 3260 1327 3331 judicio
1355 3260 1543 3318 sedem
1572 3277 1758 3331 suam;

194 3364 235 3411 et
253 3357 351 3427 ipse
369 3358 498 3413 item
516 3357 690 3427 palam
706 3354 961 3427 judicabit
981 3355 1151 3410 orbem
1172 3364 1419 3409 terrarum
1440 3356 1491 3409 in
1507 3356 1761 3426 tequitate,

194 3447 241 3504 id
273 3459 380 3516 est,
417 3450 622 3506 meritis
645 3448 806 3521 digna
832 3448 1147 3516 distribuet,
1189 3463 1358 3520 agnos
1385 3447 1453 3503 ad
1489 3449 1762 3505 dexteram

192 3553 374 3611 ponens
392 3582 412 3609 ,
439 3540 625 3596 hmdos
654 3541 720 3596 ad
749 3540 1017 3596 sinistram
1053 3539 1268 3613 (Matth.
1306 3556 1435 3609 xxv,
1463 3541 1579 3610 33).
1610 3540 1765 3597 Iudi-

194 3631 310 3687 cabit
343 3634 566 3706 papulas
588 3649 703 3688 cum
728 3632 955 3705 justitia.
989 3632 1102 3689 Hoc
1127 3641 1211 3688 est
1235 3633 1375 3704 quod
1411 3636 1654 3705 superius
1677 3634 1763 3692 di-

191 3730 316 3779 ctum
354 3723 749 3793 est,Judicabit
776 3723 943 3779 orbem
973 3734 1220 3778 terrarum
1248 3725 1301 3779 in
1329 3726 1563 3797 (equitate
1602 3744 1620 3783 :
1655 3742 1764 3785 non

192 3817 627 3885 quemadmodum
652 3816 897 3887 judicant
925 3816 1205 3883 homines,
1237 3818 1326 3888 qui
1352 3819 1513 3874 corda
1545 3834 1650 3874 non
1675 3819 1762 3875 vi-

196 3902 341 3973 dent,
387 3922 419 3961 a
468 3906 662 3977 quibus
705 3906 1023 3978 plerumque
1061 3906 1360 3961 deteriores
1408 3907 1760 3965 absolvuntur

194 4006 333 4062 quam
359 3995 822 4060 condemnentur;
854 3994 950 4051 sed
987 3996 1039 4051 in
1079 3996 1330 4066 aequitate
1357 4005 1413 4052 et
1454 4012 1573 4053 cum
1599 3998 1760 4068 justi-

195 4081 257 4138 tia
280 4084 535 4142 Dominus
554 4086 818 4158 iudicabit
839 4128 854 4153 ,
888 4087 1251 4142 testimonium
1281 4087 1594 4157 perhibente
1629 4104 1760 4145 con-

196 4175 430 4245 scientia,
464 4188 522 4235 et
563 4179 974 4250 cogitationibus
1011 4180 1385 4236 accusantibus
1428 4194 1524 4235 seu
1567 4180 1757 4237 defen-

193 4264 417 4327 dentibus
446 4270 625 4343 (Rom.
654 4288 712 4338 ιι,
740 4272 856 4343 15).

3369 383 3479 442 128

1890 481 2050 540 bores
2076 484 2396 558 doloresque
2420 488 2764 545 misceantur.

1958 579 2047 633 11.
2081 576 2378 654 [venit]
2409 580 2476 635 Et
2500 592 2702 653 sperent
2729 584 2784 638 in
2814 593 2861 639 te
2882 584 2900 618 ⁸
2936 586 3025 658 qui
3053 597 3359 660 cognoscunt
3384 606 3476 646 no-

1887 683 2000 722 men
2030 678 2172 723 tuum
2203 685 2224 724 :
2264 685 2387 726 cum
2416 672 2720 729 destiterint
2749 690 2971 745 sperare
3018 678 3073 732 iu
3107 679 3303 735 divitiis
3341 681 3475 737 etin

1885 757 2004 813 aliis
2036 759 2197 830 hujus
2235 762 2419 818 saeculi
2461 762 2860 820 blandimentis.
2889 767 3228 833 Quaerentem
3277 772 3475 844 quippe

1884 849 2117 905 animam
2163 850 2254 906 ubi
2284 852 2407 922 ﬁgat
2438 868 2631 924 spem,
2663 871 2784 911 cum
2830 858 2896 911 ab
2925 856 3028 914 hoc
3060 860 3260 915 mundo
3286 863 3492 918 avelli--

1884 948 1991 1007 tur,
2018 950 2322 1013 opportune
2348 945 2545 1015 excipit
2585 948 2820 1018 cognitio
2862 951 3093 1007 nominis
3123 953 3214 1007 Dei
3242 954 3261 985 ³
3293 972 3306 1008 :
3345 970 3467 1011 nam

1885 1048 2081 1090 nomen
2106 1035 2282 1107 ipsum
2312 1037 2408 1093 Dei
2440 1054 2581 1094 nunc
2621 1055 3006 1114 usquequaque
3034 1044 3304 1113 vulgatum
3348 1056 3467 1115 est;

1883 1126 1979 1181 sed
2007 1127 2239 1199 cognitio
2267 1129 2500 1185 nominis
2530 1138 2640 1196 est,
2686 1146 2809 1187 cum
2839 1133 2927 1189 ille
2953 1138 3293 1205 cognoscitur
3320 1138 3473 1209 cujus

1882 1228 1967 1276 est
1991 1236 2185 1277 nomen
2210 1240 2225 1278 :
2256 1237 2362 1279 non
2388 1224 2531 1279 enim
2556 1239 2751 1281 nomen
2783 1236 3002 1297 propter
3025 1243 3085 1282 se
3116 1245 3309 1284 nomen
3338 1243 3456 1296 est,

1882 1309 1975 1365 sed
2024 1319 2246 1382 propter
2272 1312 2325 1367 id
2365 1313 2506 1384 quod
2546 1315 2830 1385 siguilicat.
2878 1316 3084 1371 Dictum
3131 1327 3213 1374 est
3257 1330 3469 1388 autem,

1880 1397 2132 1455 Dominus
2166 1419 2344 1457 nomen
2392 1412 2463 1457 est
2508 1402 2586 1458 illi
2612 1402 2827 1474 (Jerem.
2873 1422 3049 1461 xxxttt
3074 1449 3089 1474 ,
3118 1408 3196 1481 2).
3230 1410 3471 1481 Quapro-

1880 1498 1998 1561 pter
2025 1493 2115 1563 qui
2158 1508 2218 1549 se
2261 1494 2493 1551 libenter
2533 1495 2646 1551 Deo
2687 1496 2946 1553 famulum
2976 1498 3187 1565 subdit,
3225 1504 3472 1571 cognovit

1878 1582 1983 1639 hoc
2023 1601 2239 1642 nomen.
2274 1587 2341 1642 Et
2389 1599 2591 1657 sperent
2631 1591 2684 1645 in
2724 1601 2772 1647 te
2815 1593 2902 1663 qui
2949 1604 3252 1665 cognoscunt
3291 1611 3471 1651 nomen

1878 1682 2041 1730 tuum.
2090 1674 2221 1733 Item
2265 1679 2522 1734 Dominus
2556 1680 2687 1736 dicit
2714 1683 2781 1737 ad
2820 1682 3078 1754 Moysen:
3113 1684 3220 1757 Ego
3248 1702 3360 1739 sum
3385 1688 3472 1757 qui

1876 1783 1989 1822 sum
2010 1783 2029 1833 ;
2056 1778 2101 1823 et
2128 1770 2262 1825 dices
2287 1772 2408 1841 ﬁliis
2433 1771 2637 1828 Israel:
2663 1773 2806 1828 Misit
2832 1792 2909 1829 me
2935 1776 3027 1846 qui
3054 1786 3126 1830 est
3154 1775 3349 1851 (Exod.
3382 1793 3461 1846 tu,

1878 1858 1992 1929 ﬂ).
2022 1859 2240 1932 Sperent
2263 1877 2392 1933 ergo
2416 1864 2469 1916 in
2496 1872 2544 1917 te
2566 1865 2654 1934 qui
2673 1877 2978 1936 cognoscunt
3002 1883 3182 1921 nomen
3209 1878 3384 1923 tuum:
3401 1884 3469 1925 ne

1875 1961 2093 2019 sperent
2113 1951 2166 2006 in
2196 1951 2278 2007 bis
2307 1953 2467 2008 rebus
2482 1969 2600 2023 qua:
2618 1957 2871 2025 temporis
2893 1957 3221 2012 volubilitate
3241 1969 3468 2030 praeter-

1877 2039 2071 2107 ﬂuunt,
2095 2042 2223 2097 nihil
2254 2042 2515 2100 habentes
2538 2045 2660 2109 nisi,
2683 2047 2805 2111 erit,
2829 2056 2885 2103 et
2910 2049 3005 2102 luit
3022 2064 3037 2114 ;
3057 2050 3305 2120 quoniam
3326 2051 3468 2122 quod

1877 2132 1931 2187 in
1963 2133 2066 2189 illis
2094 2132 2333 2189 futurum
2369 2144 2485 2204 est,
2513 2152 2634 2192 cum
2664 2139 2898 2205 venerit,
2929 2142 2987 2194 ﬁt
3013 2142 3193 2196 statim
3226 2146 3468 2212 praeteri-

1878 2234 2020 2294 tum;
2047 2237 2390 2298 exspectatur
2415 2245 2537 2284 cum
2566 2231 2858 2301 cupiditate
2877 2274 2890 2298 ,
2918 2232 3178 2288 amittitur
3214 2248 3336 2289 cum
3365 2235 3467 2290 do-

1876 2316 2010 2373 lore.
2040 2316 2098 2372 In
2128 2317 2223 2373 Dei
2250 2328 2429 2374 autem
2455 2329 2643 2375 natura
2670 2337 2777 2377 non
2800 2322 2903 2377 erit
2925 2323 3146 2395 aliquid,
3164 2327 3313 2397 quasi
3334 2341 3468 2383 non-

1876 2406 2004 2462 dum
2035 2408 2134 2475 sit;
2160 2418 2251 2464 aut
2280 2408 2411 2477 fuit,
2450 2411 2601 2481 quasi
2625 2411 2736 2483 jam
2766 2427 2870 2467 non
2901 2414 3007 2468 sit:
3034 2414 3127 2469 sed
3154 2426 3237 2471 est
3266 2426 3467 2473 tantum

1875 2496 1928 2552 id
1954 2498 2094 2568 quod
2116 2507 2218 2561 est,
2246 2508 2301 2554 et
2329 2500 2444 2571 ipsa
2470 2509 2555 2556 est
2577 2501 2868 2558 aeternitas.
2889 2502 3147 2559 Desinant
3172 2506 3330 2577 igitur
3347 2523 3469 2579 spe-

1874 2603 1997 2644 rare
2023 2596 2080 2644 et
2105 2588 2329 2661 diligere
2356 2592 2667 2663 temporalia
2690 2634 2707 2661 ,
2739 2603 2794 2648 et
2833 2609 2894 2650 se
2930 2595 2998 2650 ad
3036 2605 3289 2652 aeternam
3316 2614 3466 2670 spem

1873 2680 2154 2736 conferant
2172 2722 2187 2747 ,
2206 2681 2297 2752 qui
2324 2693 2655 2754 cognoscunt
2680 2700 2874 2742 nomen
2901 2686 3018 2757 ejus
3037 2690 3125 2759 qui
3152 2689 3287 2745 dixit
3315 2709 3327 2745 :
3352 2690 3467 2764 Ego

1871 2789 1986 2829 sum
2012 2773 2098 2843 qui
2127 2789 2262 2840 sum,
2285 2784 2341 2831 et
2367 2774 2436 2831 de
2460 2791 2569 2847 quo
2592 2776 2793 2833 dictum
2823 2786 2908 2834 est
2936 2797 2950 2834 :
2982 2779 3125 2835 Misit
3151 2798 3228 2835 me
3257 2783 3343 2852 qui
3369 2792 3463 2839 est.

1876 2863 2129 2932 Quoniam
2173 2880 2276 2919 non
2314 2865 2622 2938 dereliquiin
2662 2878 2939 2937 quterentes
2964 2879 3041 2938 te,
3083 2870 3318 2928 Domine.
3360 2874 3463 2941 Qui

1869 2971 1993 3013 eum
2030 2966 2293 3028 quterunt,
2320 2957 2430 3028 jam
2459 2961 2787 3015 transeuntia
2814 2969 2868 3017 et
2889 2963 3149 3019 moritura
3182 2980 3285 3020 non
3309 2982 3462 3037 qua:-

1870 3057 1995 3103 runt
2012 3066 2025 3103 :
2040 3062 2199 3104 nemo
2214 3049 2357 3105 enim
2373 3039 2550 3120 potest
2564 3050 2774 3108 duobus
2788 3051 3017 3110 dominis
3033 3056 3233 3111 servire
3247 3055 3460 3130 (Matth.

1871 3151 1949 3204 vt,
1980 3137 2094 3209 24).

1941 3228 2030 3285 12.
2063 3228 2215 3303 [vers.
2245 3229 2360 3306 12.]
2395 3231 2611 3287 Psallite
2635 3230 2876 3300 Domino,
2902 3235 2991 3308 qui
3015 3236 3205 3291 habitat
3223 3237 3276 3293 in
3298 3237 3425 3295 Sion
3444 3257 3464 3296 :

1868 3322 1955 3378 his
1980 3323 2198 3390 dicitur,
2231 3338 2366 3395 quos
2397 3340 2501 3379 non
2532 3324 2854 3396 derelinquit
2872 3339 3170 3397 quaerentes
3195 3345 3256 3385 se
3284 3330 3463 3388 Domi-

1868 3428 1988 3469 nus.
2018 3413 2136 3485 lpse
2160 3415 2361 3470 habitat
2390 3416 2442 3469 in
2475 3414 2638 3483 Sion,
2671 3417 2811 3487 quod
2856 3418 3232 3489 interpretatur
3255 3421 3461 3493 Specu-

1868 3503 1995 3560 latio
2019 3547 2035 3573 ,
2065 3514 2119 3560 et
2160 3515 2329 3576 gestat
2372 3507 2657 3578 imaginem
2697 3506 2951 3564 Ecclesiae
2996 3526 3114 3581 quae
3145 3528 3287 3568 nunc
3325 3524 3410 3571 est
3441 3533 3457 3572 :

1866 3595 2005 3653 sicut
2027 3595 2324 3653 Jerusalem
2346 3607 2522 3669 gestat
2548 3599 2832 3669 imaginem
2857 3599 3111 3657 Ecclesite
3140 3619 3259 3673 qua:
3283 3604 3458 3662 futura

1866 3696 1970 3755 est,
1988 3687 2043 3743 id
2064 3697 2147 3743 est
2173 3688 2399 3744 civitatis
2425 3699 2739 3745 sanctorum
2757 3690 2868 3761 jam
2892 3692 3128 3762 angelica
3149 3694 3253 3748 vita
3278 3693 3459 3752 fruen-

1868 3780 2034 3847 tium;
2063 3780 2183 3849 quia
2207 3780 2506 3837 Jerusalem
2535 3782 2919 3853 interpretatur
2942 3784 3087 3840 Visio
3113 3787 3277 3856 pacis.
3307 3788 3456 3843 Prte-

1865 3872 2008 3929 cedit
2041 3882 2219 3927 autem
2259 3873 2554 3944 speeulatio
2584 3874 2841 3931 visionem
2863 3916 2878 3941 ,
2910 3878 3049 3932 sicut
3088 3878 3188 3933 ista
3216 3878 3456 3935 Ecclesia

1865 3964 2121 4034 praecedit
2150 3979 2267 4019 eam
2289 3981 2407 4035 qua:
2421 3954 2779 4035 promittiiur,
2806 3968 3074 4025 civitatem
3100 3971 3454 4030 immortalem

1865 4065 1921 4112 et
1950 4064 2228 4111 aeternam.
2272 4056 2378 4112 Sed
2418 4057 2669 4128 praecedit
2700 4068 2940 4129 tempore
2962 4102 2978 4126 ,
3012 4076 3117 4115 non
3157 4062 3449 4133 dignitate:

1862 4147 1986 4217 quia
2015 4145 2374 4202 honorabilius
2408 4156 2490 4203 est
2517 4163 2621 4218 quo
2643 4150 2922 4218 pervenire
2946 4149 3183 4219 nitimur,
3217 4168 3373 4224 quam
3400 4154 3452 4210 id

1862 4236 2004 4307 quod
2031 4237 2258 4307 agimus,
2290 4246 2350 4293 ut
2372 4239 2653 4308 pervenire
2680 4254 2983 4296 mereamur
3002 4258 3017 4306 ;
3036 4243 3243 4313 agimus
3270 4253 3450 4303 autem

1863 4328 2305 4398 speculationem,
2324 4338 2384 4384 ut
2398 4331 2767 4401 perveniamus
2783 4332 2849 4387 ad
2866 4334 3145 4390 visionem.
3164 4338 3267 4393 Sed
3289 4339 3450 4397 etiam
3486 4354 3493 4417 δ

1863 4417 2057 4489 ipsam,
2086 4436 2202 4490 qu:e
2233 4436 2375 4477 nunc
2403 4430 2517 4486 est,
2560 4422 2852 4481 Ecclesiam
2883 4425 2983 4481 nisi
3016 4426 3272 4485 Dominus
3300 4431 3453 4488 inha-
3484 4448 3491 4505 τ

1862 4510 2075 4577 bitaret,
2094 4512 2193 4567 iret
2218 4513 2271 4567 in
2287 4527 2524 4569 errorem
2550 4516 2840 4585 quamlibet
2859 4517 3243 4575 studiosissima
3261 4537 3452 4593 specu-
3486 4526 3491 4543 ‘

1863 4603 1991 4659 latio
2015 4622 2028 4658 :
2051 4613 2104 4660 et
2133 4604 2255 4661 huic
2284 4604 2541 4661 Ecclesia:
2565 4596 2765 4662 dict—tim
2788 4619 2890 4676 est,
2909 4608 3176 4681 Templum
3203 4615 3332 4668 enim
3354 4615 3451 4672 Des

1863 4703 2094 4749 sanctum
2117 4704 2218 4762 est,
2248 4696 2384 4766 quod
2404 4698 2522 4751 estis
2554 4714 2640 4752 vos
2660 4698 2706 4767 (1
2733 4699 2852 4753 Cor.
2878 4715 2954 4764 ιιι,
2975 4701 3097 4771 17);
3121 4712 3193 4769 et,
3222 4702 3289 4757 In
3314 4705 3418 4759 inte

254 4358 331 4413 10.
363 4359 515 4434 [item
546 4359 658 4434 10.]
685 4361 752 4415 Et
778 4365 941 4433 factus
971 4371 1045 4417 est
1066 4361 1315 4417 Dominus
1338 4364 1590 4434 refugium
1622 4380 1754 4433 pau-

195 4448 289 4514 peri
309 4449 397 4523 (a).
425 4451 830 4519 Quantumlibet
860 4461 1211 4523 persequatur
1240 4452 1485 4507 inimicus
1514 4452 1633 4520 ille,
1665 4455 1757 4524 qui

194 4547 464 4597 conversus
495 4550 576 4597 est
614 4550 759 4597 retro
782 4582 798 4605 ,
831 4541 956 4612 quid
998 4543 1211 4598 nocebit
1252 4543 1331 4598 eis
1356 4558 1582 4613 quorum
1615 4543 1758 4600 refu-

196 4629 322 4698 gium
352 4633 524 4690 factus
552 4643 635 4688 est
663 4634 954 4689 Dominus?
992 4634 1097 4689 Sed
1126 4634 1227 4688 hoc
1254 4634 1373 4701 liet,
1405 4635 1448 4689 si
1481 4635 1531 4689 in
1560 4637 1757 4691 saeculo

195 4717 314 4787 hoc,
337 4724 490 4795 cujus
516 4725 604 4780 ille
634 4726 971 4795 magistratus
998 4731 1080 4778 est
1102 4765 1118 4790 ,
1152 4739 1412 4793 pauperes
1449 4741 1569 4782 esse
1604 4726 1755 4783 dele-

197 4812 383 4881 gerint,
429 4815 566 4872 nihil
619 4814 849 4869 amando
894 4813 1036 4885 quod
1084 4814 1167 4869 vel
1216 4814 1305 4870 hic
1350 4817 1620 4873 viventem
1668 4828 1753 4873 aut

195 4914 435 4985 amantem
471 4908 692 4974 deserit,
720 4908 802 4963 vel
830 4923 861 4963 a
887 4908 1152 4963 moriente
1178 4906 1472 4973 deseritur;
1504 4912 1591 4965 tali
1614 4912 1754 4966 enim

198 5000 392 5067 pauperi
416 4999 679 5071 refugium
708 5000 879 5056 factus
906 5008 989 5054 est
1015 5000 1301 5067 Dominus,
1333 5001 1554 5072 Adjutor
1578 5003 1629 5056 in
1660 5020 1755 5074 op-

203 5091 593 5159 portunitatibus,
622 5093 674 5146 in
699 5092 1039 5147 tribulatione.
1062 5092 1151 5148 Sic
1176 5107 1439 5163 pauperes
1461 5094 1600 5160 facit,
1626 5111 1757 5166 quo-

203 5178 326 5235 niam
349 5182 573 5253 ﬂagellat
600 5200 815 5239 omnem
849 5186 1014 5240 lilium
1043 5200 1200 5256 quem
1231 5187 1420 5256 recipit
1446 5186 1629 5258 (Ilebr.
1661 5205 1751 5255 xu,

202 5263 267 5333 6).
286 5268 408 5327 Nam
433 5275 555 5345 quid
587 5275 657 5329 sit
684 5276 889 5347 adjutor
913 5277 964 5330 in
990 5278 1448 5347 opportunitatibus
1467 5320 1483 5346 ,
1506 5282 1757 5352 exposuit

201 5368 302 5411 cutn
330 5362 555 5432 addidit,
603 5366 656 5419 in
702 5366 1020 5421 tribulatione
1054 5383 1073 5421 :
1103 5381 1209 5423 non
1247 5368 1387 5422 enim
1420 5372 1750 5427 convertitur

204 5447 360 5506 anima
386 5454 449 5509 ad
482 5457 642 5512 Deum
666 5500 681 5523 ,
715 5458 814 5512 nisi
844 5458 970 5513 dum
998 5458 1066 5515 ab
1094 5457 1197 5515 hoc
1237 5461 1433 5515 srecnlo
1461 5463 1743 5529 avertitur;

204 5548 289 5590 nec
328 5549 670 5614 opportunius
735 5548 803 5603 ab
868 5548 968 5605 hoc
997 5550 1192 5605 saeculo
1218 5552 1491 5619 avertitur,
1517 5553 1615 5608 nisi
1646 5570 1752 5610 nu-

204 5631 401 5692 gatoriis
437 5637 548 5707 ejus
578 5648 632 5695 et
660 5640 832 5695 noxiis
868 5650 920 5695 et
946 5642 1261 5713 perniciosis
1289 5643 1650 5715 voluptatibus
1674 5646 1753 5701 la-

1862 4786 1995 4841 riore
2029 4786 2230 4840 homine
2266 4787 2493 4842 habitare
2516 4788 2771 4842 Christum
2819 4806 2908 4861 per
2945 4791 3097 4859 ﬁdem
3138 4795 3190 4847 in
3218 4789 3475 4891 cordibus;

1862 4880 2037 4934 vestris
2067 4877 2281 4950 (Ep/tes.
2306 4895 2359 4934 nt
2382 4922 2396 4946 ,
2421 4881 2532 4952 16).
2561 4880 2874 4950 Prtecipitur
2898 4898 3027 4952 ergo
3053 4885 3205 4939 nobis
3229 4895 3285 4939 ut
3311 4877 3472 4964 psal-f

1862 4970 2033 5025 lamus
2078 4970 2304 5025 Domino
2328 5011 2342 5036 ,
2371 4971 2463 5041 qui
2503 4970 2704 5025 habitat
2742 4972 2795 5026 in
2823 4971 2986 5037 Sion,
3017 4984 3074 5029 ut
3109 4978 3450 5032 concorditer

1863 5063 2151 5118 Dominum
2185 5063 2437 5118 Ecclesite
2464 5063 2871 5121 inhabitatorem
2913 5067 3209 5123 laudemus.
3235 5071 3449 5123 Annuu-

1863 5156 1985 5208 tiate
2009 5156 2138 5209 inter
2162 5164 2333 5226 gentes
2366 5154 2619 5210 mirabilia
2647 5157 2755 5228 ejus
2781 5174 2800 5213 :
2823 5168 2875 5215 et
2899 5159 3093 5215 factum
3123 5170 3203 5217 est
3222 5202 3236 5228 ,
3260 5172 3314 5216 et
3343 5178 3447 5218 non

1861 5245 2071 5301 desinet
2102 5244 2236 5300 lieri.

1932 5338 2018 5392 15.
2047 5335 2210 5408 (vers.
2234 5337 2359 5412 15.]
2393 5338 2642 5404 Quoniam
2669 5343 2924 5411 requirens
2951 5345 3244 5416 sanguinem
3269 5360 3443 5400 eorum

1859 5439 2164 5484 memoratus
2194 5441 2285 5498 est.
2318 5433 2478 5500 Quasi
2519 5436 2931 5505 responderetur
2955 5437 3130 5491 abhis
3168 5438 3255 5508 qui
3297 5439 3445 5495 missi

1859 5531 1984 5576 sunt
2027 5523 2416 5594 evangelizare,
2467 5528 2539 5582 illi
2571 5531 3035 5599 praecepto’quod
3087 5532 3283 5586 dictum
3332 5543 3441 5602 est,

1923 5659 1938 5723 ξ
1976 5656 2093 5723 [aliti
2120 5671 2132 5707 :
2158 5662 2211 5723 ξι
2235 5666 2425 5723 sperent
2446 5660 2561 5712 inte
2583 5675 2761 5715 omnes.
2787 5666 2950 5723 Abest,
2975 5678 3138 5717 omnes
3159 5681 3187 5717 a
3211 5675 3317 5720 Mss.

256 5760 274 5789 ⁸
322 5762 333 5774 ⁸
1150 5773 1161 5784 .
1202 5774 1212 5784 .
1921 5722 1942 5751 ⁸
1975 5726 2039 5769 Ita
2064 5722 2109 5768 in
2134 5720 2383 5784 plerisque
2409 5731 2512 5772 Mss.
2535 5732 2589 5774 At
2604 5726 2653 5773 in
2676 5727 2820 5775 editis
2841 5740 2853 5775 :
2879 5720 3127 5786 ouatrente
3148 5730 3445 5796 quime

294 5766 461 5803 Suum
502 5772 617 5803 mm
641 5784 760 5803 nam
801 5779 847 5803 ρο
880 5780 999 5803 hnnn
1037 5773 1301 5803 Ιιηκιηκιι...
1857 5794 1938 5803 μ.-
1973 5792 1985 5803 .
2012 5780 2249 5803 “unum...
2281 5790 2381 5803 η--.
2433 5783 2607 5803 ---μὴ
2640 5786 2887 5803 η-ηεέμῌ
2911 5802 2933 5803 η
2966 5802 2969 5803 ,
3079 5789 3090 5800 .
3130 5791 3140 5801 .
3202 5801 3217 5803 ξ
3267 5794 3278 5803 .

493 5772 619 5850 sese
800 5779 847 5850 εξ
872 5780 999 5850 ρεαδ
1022 5773 1352 5850 rapies.
1696 5842 1724 5850 _
1856 5794 1941 5850 ma.

257 5811 324 5884 (⁸)
342 5811 478 5879 ille;
493 5811 623 5884 92;;
646 5811 999 5898 iiéiﬁénii'u?
1394 5852 1595 5905 Lxxxm,
1619 5854 1668 5891 ιι.
1696 5842 1744 5894 3.

1871 5811 1937 5833 πω
1967 5816 1979 5830 .
2033 5811 2165 5852 frui."
2188 5811 2251 5830 uc
2281 5811 2404 5843 ιυυοι,
2425 5811 2607 5848 cuspis
2629 5811 2940 5857 ιυυηιμιςησηι
2960 5811 3103 5842 ιιυσιιυ

1874 5910 1879 5915 ν
1923 5844 1943 5877 ³
1966 5811 2101 5906 editi,
2124 5811 2247 5893 illud
2268 5850 2576 5907 prmceptum.
2610 5855 2735 5911 Mss,
2756 5846 2829 5899 illi
2852 5859 3103 5916 pracepto.
