4078 6418
628 407 734 466 123

629 521 941 580 Annuntiate
983 520 1112 575 inter
1139 525 1307 590 gentes
1351 509 1603 568 mirabilia
1645 523 1791 579 ejus;
1837 514 1892 562 et
1932 504 2214 568 diceretur,

628 611 848 671 Domine
870 657 882 679 ,
907 613 1016 686 quis
1037 609 1251 666 credidit
1291 605 1488 662 auditui
1508 612 1675 659 nostro
1696 599 1847 676 (Isni.
1880 615 1994 664 I.ItI,
2021 597 2102 668 1)?
2127 603 2180 650 et
2198 637 2213 662 ,

628 706 850 778 Propter
884 715 931 760 te
969 703 1246 758 occidimur
1288 710 1390 755 tota
1433 699 1513 752 die
1550 695 1721 768 (Psal.
1759 708 1915 756 .\'Llll,
1939 689 2054 759 2‘2),
2083 703 2214 742 con-

629 800 909 854 venienter
943 793 1181 864 sequitur
1206 835 1219 858 ,
1253 790 1437 845 dicens
1465 829 1477 853 ,
1510 803 1611 841 non
1641 786 1755 840 sine
1805 797 1995 852 magno
2043 779 2213 834 fructu

625 889 935 947 aeternitatis
982 887 1272 941 morituros
1323 884 1375 938 in
1419 881 1787 954 persecutione
1831 875 2161 931 Christianos
2196 890 2211 928 :

629 981 876 1050 Quoniam
918 979 1176 1052 requirens
1210 975 1508 1048 sanguinem
1545 988 1718 1026 eorum
1762 975 2067 1024 memoratus
2115 972 2206 1020 est.

622 1073 726 1130 Sed
776 1089 872 1127 cur
917 1071 1217 1142 sanguinem
1260 1085 1433 1122 eorum
1475 1060 1894 1121 Inaluitdicerc?
1924 1061 2004 1118 An
2061 1057 2211 1129 quasi

622 1168 756 1222 alius
797 1165 1091 1238 itttpcritior
1121 1171 1175 1217 et
1221 1162 1441 1217 minoris
1493 1159 1613 1214 fidei
1667 1164 1931 1230 qumreret
1982 1153 2163 1208 dicens
2191 1193 2208 1218 ,

621 1257 900 1329 Quomodo
944 1255 1359 1320 annuntiabunt,
1389 1270 1507 1309 cum
1548 1252 1598 1306 in
1627 1266 1720 1306 eos
1763 1247 2048 1305 inﬁdelitas
2076 1261 2208 1316 gen-

625 1355 754 1410 tium
791 1352 1034 1409 smvitura
1063 1350 1168 1416 sit;
1203 1348 1325 1403 huic
1362 1345 1734 1420 respondetur,
1767 1343 2016 1411 Quoniam
2037 1339 2208 1405 requi-

621 1463 739 1505 rens
781 1446 1072 1516 sanguinem
1117 1459 1289 1497 eorum
1338 1449 1641 1494 memoratus
1664 1448 1773 1504 est;
1801 1435 1852 1492 id
1881 1444 2002 1502 est,
2032 1433 2211 1489 veniet

624 1539 868 1593 ultimum
893 1535 1172 1605 judicium,
1200 1533 1286 1588 ubi
1317 1542 1366 1587 et
1391 1529 1785 1586 interfectorum
1817 1527 1979 1598 gloria
2004 1569 2018 1591 ,
2053 1533 2107 1580 et
2130 1525 2211 1579 in-

624 1626 992 1684 terﬁcientium
1033 1639 1187 1698 pmua
1221 1621 1502 1679 manifesta
1547 1619 1653 1674 sit?
1681 1617 1988 1674 Memoratus
2017 1624 2091 1670 est
2117 1631 2210 1668 au-

623 1727 754 1784 tem,
782 1730 936 1772 nemo
959 1717 1026 1771 ita
1069 1716 1298 1788 positum
1327 1720 1512 1784 putet,
1541 1711 1689 1783 quasi
1721 1707 1918 1764 oblivio
1947 1705 2102 1761 cadat
2153 1703 2205 1760 in

620 1805 809 1875 Deum;
842 1806 933 1862 scd
963 1807 1083 1880 quia
1121 1815 1239 1878 post
1265 1806 1480 1875 longum
1510 1813 1720 1872 tempus
1760 1800 1993 1856 futurum
2019 1807 2100 1854 est
2121 1796 2208 1868 ju-

619 1899 836 1968 dicium,
864 1896 1153 1955 secundum
1175 1896 1420 1951 allectum
1453 1893 1784 1948 infirmorum
1813 1891 2086 1946 hominum
2111 1903 2206 1964 po-

616 1991 776 2050 situm
808 1999 906 2055 est,
941 1991 1030 2062 qui
1057 1989 1205 2061 quasi
1252 1987 1474 2044 oblitum
1502 1985 1666 2042 Deum
1699 1991 1918 2055 putant,
1947 1983 2068 2054 quia
2097 1997 2204 2040 non

617 2093 724 2139 tam
773 2084 878 2139 cito
920 2082 1044 2137 facit
1091 2095 1250 2151 quam
1305 2079 1405 2150 ipsi
1448 2078 1650 2133 volunt.
1693 2075 1786 2130 llis
1820 2074 2013 2130 dicitur
2042 2072 2205 2129 etiam

617 2175 759 2246 quod
803 2175 1042 2244 sequitur
1062 2213 1078 2241 ,
1113 2169 1235 2225 Non
1266 2179 1338 2225 est
1365 2169 1546 2224 oblitus
1587 2169 1856 2222 clamorem
1887 2180 2204 2238 pauperum;

622 2267 677 2322 id
717 2274 833 2333 est,
862 2281 967 2320 non
995 2275 1053 2319 ut
1096 2263 1291 2334 putatis
1325 2261 1522 2317 oblitus
1570 2271 1652 2315 est
1695 2279 1708 2314 :
1755 2259 1904 2331 quasi
1963 2257 2204 2314 dicerent

613 2368 798 2434 postea
822 2371 980 2427 quam
1023 2353 1324 2422 audierunt,
1358 2351 1669 2406 Memoratus
1699 2358 1802 2416 est,
1833 2349 1975 2420 Ergo
2005 2346 2201 2404 oblitus

612 2460 759 2517 erat;
792 2448 913 2504 Non
938 2457 1008 2505 est
1031 2447 1234 2511 oblitus,
1268 2445 1466 2517 inquit,
1491 2444 1760 2498 clamorem
1791 2457 2091 2514 pauperum.

686 2539 822 2614 14.[
864 2554 991 2594 vers.
1027 2536 1270 2610 14,15]
1300 2536 1405 2593 Sed
1446 2550 1626 2608 {liler
1672 2533 1789 2606 quis
1829 2531 2029 2588 clamor
2077 2546 2202 2604 pau-

611 2647 798 2710 perum
827 2631 899 2686 sit
937 2646 1096 2701 quem
1142 2631 1282 2686 Deus
1320 2645 1425 2684 non
1471 2627 1818 2683 obliviscitur.
1848 2625 1930 2680 An
1960 2624 2060 2680 iste
2088 2623 2201 2680 cla-

612 2739 732 2779 mor
771 2731 885 2789 est,
916 2721 1067 2794 cujus
1114 2721 1228 2777 lucc
1254 2720 1415 2776 verba
1462 2727 1622 2775 sunt:
1649 2715 1892 2772 Miserere
1920 2717 2056 2784 mei,
2089 2715 2201 2772 Do-

609 2818 744 2872 mine
765 2857 780 2883 ,
809 2815 922 2870 uide
942 2815 1277 2870 humilitatem
1308 2829 1468 2868 meum
1503 2811 1564 2865 ab
1589 2810 1804 2866 inimicis
1843 2810 2006 2865 meis?
2025 2807 2200 2880 Quare

609 2925 737 2980 ergo
781 2923 889 2965 non
934 2907 1098 2976 dixit,
1130 2906 1382 2964 ll-iiserere
1431 2903 1596 2964 nostri
1623 2946 1637 2968 ,
1675 2904 1916 2971 Domine,
1945 2902 2066 2959 vide
2096 2903 2198 2958 hu-

608 3001 886 3056 militatem
915 3010 1150 3057 nostram
1177 2997 1244 3054 ab
1273 2996 1500 3054 inimicis
1530 2993 1748 3063 nostris,
1771 3004 2020 3067 tanquam
2043 2992 2198 3050 multi

609 3105 870 3163 pauperes
896 3090 1162 3157 clament;
1193 3087 1287 3144 sed
1320 3097 1567 3158 tanquam
1592 3101 1730 3140 unus
1751 3128 1765 3151 ,
1800 3083 2038 3139 Miserere
2065 3086 2199 3154 mei,

610 3182 866 3240 Domine?
895 3183 976 3236 An
1021 3181 1144 3254 quia
1195 3194 1332 3236 unus
1378 3177 1681 3252 interpellat
1725 3191 1820 3246 pro
1846 3176 2079 3241 sanctis,
2109 3176 2200 3246 qui

611 3278 813 3349 primus
865 3290 1065 3348 pauper
1110 3288 1207 3346 pro
1241 3274 1394 3328 nobis
1425 3272 1594 3328 factus
1634 3278 1744 3337 est,
1793 3285 1913 3324 cum
1951 3277 2094 3324 esset
2120 3267 2203 3324 di-

611 3386 701 3426 ves
742 3367 810 3442 (ll
837 3367 957 3424 Cor.
987 3383 1099 3434 Vill,
1129 3366 1184 3440 9)
1211 3407 1224 3433 ,
1259 3375 1314 3421 et
1337 3366 1448 3436 ipse
1475 3364 1606 3420 dicit
1635 3381 1650 3420 :
1682 3363 1781 3430 Qui
1806 3361 1999 3417 exultas
2035 3377 2114 3415 me
2138 3361 2201 3416 de

611 3462 768 3536 portis
822 3461 1024 3527 mortis,
1074 3469 1129 3513 ut
1159 3459 1455 3513 annuntient
1496 3457 1755 3510 universas
1792 3455 1965 3509 laudes
2007 3463 2118 3511 tuas
2145 3455 2202 3510 in

610 3557 770 3627 portis
816 3554 940 3624 ﬁlia:
965 3550 1436 3608 SiontExaltatur
1479 3548 1622 3604 enim
1649 3546 1810 3603 homo
1854 3547 1906 3602 in
1954 3546 2045 3602 illo
2090 3560 2199 3605 non

609 3647 783 3703 solum
827 3659 984 3715 quem
1035 3652 1245 3714 gestat,
1271 3639 1413 3714 quod
1455 3647 1617 3711 caput
1661 3637 1912 3694 Ecclesiae
1955 3647 2078 3705 εει,
2105 3636 2202 3696 sed

610 3739 770 3794 etiam
821 3735 1056 3808 quisquis
1101 3743 1340 3790 nostrum
1386 3743 1468 3790 cst
1503 3733 1554 3788 in
1585 3731 1795 3788 cmteris
1831 3729 2120 3796 membris;
2148 3737 2203 3790 et

612 3828 876 3884 exaltatur
902 3825 969 3882 ab
1006 3826 1254 3881 omnibus
1292 3825 1470 3896 pravis
1495 3821 1893 3894 cupiditatibus,
1919 3836 2037 3892 qua:
2077 3829 2204 3880 sunt

612 3928 781 3992 porta:
807 3916 1014 3984 mortis,
1037 3917 1160 3988 quia
1187 3931 1282 3986 per
1304 3916 1424 3971 illas
1453 3916 1558 3972 itur
1584 3915 1635 3972 in
1662 3921 1912 3970 mortem.
1942 3912 2084 3968 Mors
2107 3928 2201 3970 au-

612 4017 718 4065 tem
745 4019 824 4066 est
848 4009 958 4079 jam
987 4009 1098 4077 ipsa
1127 4007 1310 4063 lictitia
1336 4007 1388 4063 in
1431 4005 1754 4080 perirue‘ndo
1774 4047 1790 4074 ,
1823 4020 1942 4061 cum
1979 4005 2203 4076 quisque

611 4101 920 4173 adipiscitur
963 4099 1105 4172 quod
1137 4099 1344 4171 pcrdite
1367 4098 1668 4170 concupivit
1699 4117 1713 4156 :
1745 4097 1901 4155 radix
1933 4106 2014 4153 est
2057 4097 2202 4153 enim

612 4197 848 4252 omnium
889 4195 1151 4251 malorum
1199 4193 1462 4263 cupiditas
1493 4191 1535 4264 (l
1565 4191 1694 4248 Tim.
1729 4207 1815 4257 vt,
1851 4191 1963 4260 10);
1992 4199 2047 4247 et
2074 4205 2200 4261 pro-

613 4299 794 4359 pterea
832 4296 980 4355 porta
1023 4285 1210 4340 mortis
1239 4293 1350 4348 est,
1383 4284 1504 4353 quia
1544 4290 1752 4338 mortua
1791 4290 1874 4337 est
1902 4281 2059 4336 vidua
2085 4296 2204 4352 qua:

615 4380 668 4435 iu
719 4378 924 4434 deliciis
950 4377 1076 4432 vivit
1102 4375 1213 4452 (Id.
1244 4392 1296 4442 ν,
1327 4376 1383 4444 6)
1417 4394 1430 4432 ;
1458 4374 1525 4430 ad
1567 4389 1698 4444 quas
1724 4372 1940 4428 delicias
1981 4388 2077 4442 per
2107 4387 2204 4430 cu-

615 4469 862 4542 piditates
894 4478 1141 4538 tanquam
1173 4481 1266 4539 per
1295 4475 1474 4537 portas
1504 4464 1690 4520 mortis
1717 4463 2040 4534 pervcnitur.
2070 4463 2206 4522 Sunt

614 4571 792 4616 autem
825 4571 990 4630 portae
1045 4558 1166 4614 litim
1208 4557 1334 4613 Sion
1359 4597 1376 4624 ,
1404 4557 1580 4612 omnia
1623 4556 1821 4627 optima
1869 4556 2041 4612 studia
2063 4597 2076 4621 ,
2108 4571 2205 4628 per

614 4669 734 4724 qua:
765 4653 974 4707 venitur
1011 4650 1076 4704 ad
1119 4649 1379 4706 visionem
1429 4647 1572 4717 pacis
1622 4647 1673 4700 in
1714 4656 1896 4702 sancta
1943 4647 2200 4705 Ecclesia.

615 4745 674 4801 In
705 4745 786 4800 bis
817 4743 975 4814 igitur
1002 4745 1167 4814 portis
1195 4741 1333 4795 bene
1374 4739 1759 4796 annuntiantur
1802 4739 2066 4795 universa:
2092 4740 2206 4797 lau-

615 4836 711 4892 des
736 4835 862 4899 Dei,
892 4843 950 4888 ut
978 4849 1083 4887 non
1127 4831 1284 4888 detur
1310 4840 1551 4888 sanctum
1592 4831 1812 4886 canibus
1836 4874 1851 4897 ,
1883 4846 2053 4903 neque
2077 4846 2203 4902 pro-

611 4930 861 5001 iiciantur
904 4926 1204 4997 margarita:
1253 4934 1380 4979 ante
1430 4937 1620 4993 porcos
1669 4923 1908 4996 (Matth.
1959 4939 2066 4991 vn,
2111 4923 2202 4994 6);

616 5022 704 5094 qui
735 5021 938 5074 malunt
969 5019 1308 5090 pertinaciter
1335 5017 1558 5085 latrare,
1587 5032 1743 5088 quam
1788 5018 2027 5074 studiose
2056 5034 2204 5091 qua:-

616 5129 759 5179 rerc,
787 5120 879 5165 aut
921 5111 1007 5182 qui
1051 5125 1148 5165 nec
1177 5109 1372 5166 latrare
1397 5125 1494 5165 nec
1548 5124 1823 5182 qua‘rcre,
1862 5110 1956 5167 sed
1997 5111 2048 5166 in
2077 5125 2203 5166 sua-

615 5220 733 5260 rum
787 5203 1116 5272 voluptatum
1161 5216 1316 5256 ccnno
1343 5201 1588 5256 volutari.
1637 5201 1766 5256 Cum
1795 5211 1970 5258 autem
2017 5202 2070 5258 in
2110 5202 2206 5258 bo-

619 5300 702 5354 nis
747 5297 937 5353 studiis
980 5295 1166 5352 laudes
1215 5295 1310 5352 Dei
1349 5295 1749 5362 annuntiantur,
1779 5295 2082 5366 petentibus
2106 5296 2205 5352 da-

621 5399 740 5455 tur,
790 5398 844 5444 et
894 5385 1258 5457 quaerentibus
1305 5387 1708 5451 manifestatur,
1763 5394 1818 5440 et
1874 5386 2207 5457 pulsantibus

619 5481 877 5550 aperitur.
910 5480 990 5534 An
1023 5477 1158 5534 forte
1185 5485 1353 5548 porta:
1379 5477 1566 5532 mortis
1605 5485 1727 5532 sunt
1753 5478 2059 5548 corporales
2081 5493 2208 5534 scu-

619 5587 710 5629 sus
753 5582 807 5628 et
857 5571 1030 5638 oculi,
1065 5572 1154 5643 qui
1197 5574 1366 5640 aperti
1393 5579 1516 5626 sunt
1555 5570 1754 5625 homini
1783 5585 1904 5625 cum
1954 5570 2020 5626 de
2063 5571 2208 5642 ligno

619 5665 783 5720 vetito
812 5672 1078 5736 gustasset
1127 5663 1333 5732 (Cenes.
1363 5677 1439 5731 III,
1469 5663 1523 5736 7)
1552 5703 1565 5728 ,
1601 5677 1629 5716 a
1657 5663 1848 5734 quibus
1883 5662 2202 5731 exaltantur,

621 5757 819 5829 quibus
863 5757 1059 5814 dicitur
1108 5767 1164 5813 ut
1210 5767 1452 5829 quaerant
1495 5771 1600 5815 non
1655 5775 1774 5828 quae
1814 5758 2077 5826 videntur,
2110 5757 2204 5815 sed

620 5864 740 5920 qua:
790 5864 897 5906 non
950 5848 1216 5917 videntur;
1254 5851 1378 5921 quia
1423 5865 1545 5923 qua:
1592 5849 1841 5909 videntur
1893 5851 2206 5924 temporalia

1830 391 1887 450 S.
1929 383 2296 447 AUGUSTI?“
2336 383 2639 442 EPISCOPI

3789 389 3870 456 {31

2329 509 2453 554 sunt
2477 542 2492 567 ,
2525 516 2645 572 qua:
2675 505 2852 558 autem
2891 513 2998 558 non
3026 497 3277 558 videntur
3303 507 3501 560 :eterna
3541 505 3750 579 suntm
3769 504 3866 572 Cor.

2322 605 2394 658 Iv,
2426 591 2515 663 18)
2548 611 2559 648 :
2588 602 2641 648 et
2670 603 2839 664 portae
2866 603 2988 650 sunt
3016 594 3137 650 tilia:
3164 593 3292 652 Sion
3316 639 3331 666 ,
3358 607 3686 654 sacramenta
3714 608 3765 656 et
3803 602 3869 658 in-

2320 684 2409 740 itia
2435 687 2552 742 lidei
2575 731 2588 753 ,
2617 704 2734 759 qua:
2766 688 3098 759 pulsantibus
3124 690 3452 761 aperiuntur,
3486 700 3546 747 ut
3573 695 3869 764 perveniatur

2317 779 2385 834 ad
2445 782 2651 837 occulta
2683 781 2842 838 Filii?
2870 783 2986 838 Non
3034 784 3176 838 enim
3219 783 3404 840 oculus
3428 783 3598 852 vidit,
3627 797 3712 842 aut
3752 793 3868 848 auris

2317 873 2518 928 audivit
2543 917 2556 939 ,
2585 883 2676 929 aut
2705 876 2755 929 in
2787 890 2881 930 cor
2918 875 3149 932 hominis
3195 877 3467 945 ascendit,
3495 893 3614 949 qua:
3639 894 3869 952 prmpara-

2315 963 2391 1019 vit
2446 965 2584 1021 Deus
2632 965 2972 1039 diligentibus
3010 981 3068 1024 se
3111 966 3157 1040 (1
3181 966 3298 1024 Cor.
3348 985 3420 1037 II,
3452 969 3533 1042 9).
3580 969 3692 1028 Huc
3730 990 3869 1045 usque

2315 1066 2398 1112 est
2448 1058 2650 1115 clamor
2685 1076 3020 1133 pauperum,
3049 1076 3206 1133 quem
3254 1077 3360 1119 non
3411 1064 3612 1122 oblitus
3669 1076 3744 1124 est
3782 1065 3867 1124 Do-

2315 1162 2512 1207 manS.

2387 1240 2473 1296 15.
2519 1238 2676 1315 [vers.
2712 1242 2837 1318 16.]
2891 1242 3090 1301 Deinde
3131 1245 3389 1317 sequitur,
3425 1247 3707 1306 Exsultabo
3744 1268 3867 1322 super

2313 1331 2535 1386 salutare
2574 1341 2754 1386 tuum:
2782 1333 2832 1388 id
2855 1344 2971 1403 est,
3011 1349 3130 1390 cum
3164 1334 3488 1392 beatitudine
3529 1341 3870 1400 continebora

2313 1423 2529 1478 salutari
2552 1432 2659 1490 tuo,
2685 1425 2824 1495 quod
2853 1436 2934 1482 est
2957 1426 3212 1482 Dominus
3241 1437 3424 1484 noster
3447 1429 3610 1486 Iesus
3634 1431 3871 1503 Christus,-

2313 1511 2492 1568 Virtus
2521 1525 2573 1570 et
2593 1515 2862 1587 Sapientia
2892 1517 2980 1573 Dei
3006 1516 3118 1591 (Id.
3150 1534 3196 1585 I,
3221 1517 3340 1589 ει).
3374 1519 3517 1592 Ergo
3552 1523 3779 1580 Ecclesia
3803 1527 3868 1582 di-

2311 1605 2380 1658 cit
2409 1621 2525 1675 qua:
2559 1606 2644 1662 hic
2684 1607 2953 1679 amigitur,
2982 1619 3036 1663 et
3060 1625 3154 1681 spe
3194 1611 3342 1668 salva
3367 1622 3448 1667 est
3481 1631 3496 1667 :
3527 1615 3770 1684 quamdiu
3797 1631 3868 1673 oc-

2311 1696 2510 1751 cultum
2556 1708 2638 1752 est
2664 1696 2782 1754 Filii
2817 1699 3074 1769 judicium
3101 1742 3116 1768 ,
3140 1701 3252 1772 ipsa
3283 1717 3378 1773 spe
3419 1704 3584 1772 dicit,
3619 1704 3866 1763 Exsultat»

2310 1802 2464 1856 super
2493 1787 2718 1842 salutare
2763 1791 3079 1862 tuum;quia
3119 1807 3259 1848 nunc
3291 1795 3762 1867 circumstrepente
3791 1813 3867 1855 seu

2310 1878 2397 1948 vi,
2426 1895 2521 1936 seu
2545 1897 2728 1937 errore
2757 1882 3042 1939 Gentilium
3073 1886 3335 1942 atteritur.
3369 1885 3564 1957 Inﬁma:
3584 1899 3700 1944 sunt
3722 1901 3865 1962 gentes

2309 1973 2363 2027 in
2384 1976 2708 2046 corruptione
2724 2017 2738 2042 ,
2783 1993 2934 2047 quam
2961 1983 3226 2049 fecerunt:
3249 1980 3616 2038 animadverte
3637 1985 3864 2054 quemad-

2310 2065 2526 2122 modum
2574 2078 2816 2125 scrvctur
2841 2085 2996 2140 poena
3049 2073 3316 2142 peccatori
3356 2072 3424 2129 de
3461 2076 3712 2146 operibus
3741 2079 3864 2145 suis;

2308 2168 2359 2214 et
2389 2161 2832 2231 quemadmodum
2868 2164 2955 2234 qui
2984 2159 3262 2220 voluerunt
3288 2168 3541 2238 persequi
3566 2169 3865 2238 Ecclesiatu,

2308 2248 2363 2304 in
2381 2265 2442 2305 ca
2469 2253 2806 2322 corruptione
2823 2254 2929 2308 sint
2946 2254 3054 2322 (ixi,
3075 2270 3234 2326 quam
3259 2273 3318 2314 se
3337 2258 3538 2316 inferre
3565 2261 3866 2318 arbitraban-

2308 2351 2395 2398 tur
2423 2361 2575 2400 :nam
2619 2345 2918 2403 interficere
2965 2362 3186 2419 corpora
3208 2350 3536 2423 cupiebant,
3563 2369 3683 2410 cum
3719 2355 3805 2428 ipsi
3825 2357 3866 2412 iu

2306 2434 2483 2490 anima
2527 2446 2884 2493 morerentur.
2911 2437 2979 2494 In
3017 2439 3300 2512 muscipula
3336 2441 3437 2498 ista
3458 2486 3474 2511 ,
3506 2462 3659 2517 quam
3679 2445 3867 2502 occulta-

2306 2535 2520 2595 verunt,
2553 2527 2940 2598 comprehensus
3006 2539 3081 2585 est
3128 2549 3213 2602 pes
3261 2547 3456 2589 eorum.
3488 2534 3773 2609 Muscipula
3797 2551 3868 2593 oe-

2307 2617 2447 2672 culta
2471 2659 2485 2684 ,
2513 2627 2596 2673 est
2626 2618 2810 2674 dolosa
2841 2620 3112 2692 cogitatio.
3146 2623 3249 2679 Pes
3275 2625 3468 2680 anima:
3515 2637 3661 2684 recte
3705 2627 3867 2683 intelli-

2304 2709 2448 2781 gitur
2469 2725 2622 2766 amor
2651 2730 2664 2767 :
2691 2714 2780 2784 qui
2834 2728 2955 2770 cum
2999 2729 3194 2786 pravus
3243 2725 3346 2785 est,
3375 2727 3604 2775 vocatur
3641 2717 3868 2791 cupiditas

2305 2810 2399 2858 aut
2428 2801 2634 2871 libido;
2664 2819 2784 2860 cum
2811 2815 2988 2862 autem
3013 2815 3192 2863 rectus
3215 2851 3231 2878 ,
3259 2808 3474 2865 dilectio
3518 2811 3606 2868 vel
3647 2812 3865 2867 charitas.

2305 2893 2505 2951 Amore
2525 2896 2667 2952 enim
2702 2906 2946 2953 movetur
2988 2906 3239 2972 tanquam
3270 2899 3337 2958 ad
3369 2902 3550 2959 locum
3577 2920 3679 2976 quo
3708 2901 3864 2960 tendit.

2305 2987 2480 3046 Locus
2509 2999 2686 3046 autem
2736 2991 2927 3046 anima:
2969 2993 3151 3048 nonin
3191 2993 3364 3065 spatio
3388 2993 3573 3067 aliquo
3613 3006 3726 3062 est,
3753 2993 3866 3066 quod

2305 3079 2478 3137 Iorma
2514 3091 2740 3154 occupat
2765 3084 3008 3154 corporis
3030 3125 3047 3152 ,
3079 3083 3175 3141 sed
3201 3085 3253 3140 in
3293 3085 3678 3157 delectatione,
3705 3101 3799 3160 quo
3821 3101 3867 3142 se

2307 3173 2618 3244 pervenisse
2662 3189 2758 3246 per
2801 3191 3037 3232 amorem
3099 3176 3306 3234 laetatur
3336 3193 3350 3232 :
3379 3177 3667 3236 delectatio
3718 3188 3865 3234 autem

2307 3269 2604 3341 perniciosa
2649 3271 2888 3341 sequitur
2933 3269 3277 3342 cupiditatem
3305 3315 3320 3339 ,
3363 3271 3638 3330 fmciuosa
3669 3272 3868 3331 charita-

2308 3363 2604 3420 tem.Unde
2629 3373 2684 3418 ct
2711 3364 2858 3420 radix
2884 3365 3022 3421 dicta
3039 3375 3122 3422 est
3147 3365 3429 3438 cupiditas.
3457 3365 3501 3441 (l
3528 3365 3658 3422 Tim.
3682 3384 3750 3433 vI,
3776 3361 3864 3438 l0).

2308 3453 2479 3510 Radix
2503 3469 2665 3524 porro
2709 3465 2964 3527 tanquam
2991 3471 3088 3528 pes
3125 3455 3334 3510 arboris
3369 3458 3698 3530 intelligitur.
3729 3453 3866 3510 ltadix

2309 3546 2446 3603 dicta
2493 3558 2575 3603 est
2604 3555 2658 3604 et
2683 3547 2915 3603 charitas
2939 3591 2954 3616 ,
2985 3547 3074 3602 ubi
3100 3548 3168 3603 de
3195 3548 3489 3606 seminibus
3534 3549 3776 3606 Dominus
3801 3545 3866 3600 Ιοο

2307 3639 2507 3711 quitur,
2536 3655 2655 3711 qua:
2685 3640 2737 3694 in
2764 3641 2993 3710 petrosis
3013 3639 3146 3696 locis
3170 3650 3426 3697 exurente
3443 3642 3561 3700 sole
3587 3645 3606 3677 '
3631 3642 3864 3702 arescunt,

2308 3732 2432 3802 quia
2481 3745 2587 3786 non
2642 3731 2842 3787 habent
2881 3732 3044 3787 altam
3097 3732 3330 3788 radicem
3380 3734 3596 3804 (Matth.
3652 3749 3766 3796 xm,
3801 3727 3863 3800 5).

2309 3820 2464 3878 Unde
2503 3823 2767 3894 signiticet
2816 3837 2909 3878 eos
2936 3824 3024 3890 qui
3050 3824 3283 3895 gaudent
3314 3826 3634 3898 excipiendo
3678 3822 3866 3880 verbum

2307 3916 2582 3982 veritatis,
2627 3915 2723 3972 sed
2774 3916 2970 3970 cedunt
3012 3917 3511 3987 perseeutionibus,
3545 3919 3731 3991 quibus
3773 3906 3864 3969 sola

2308 4008 2568 4064 charitatc
2610 4007 2895 4064 resistitur.
2933 4008 2999 4062 Et
3029 4007 3314 4080 Apostolus
3343 4009 3471 4066 dicit
3502 4029 3519 4066 :
3556 4011 3624 4067 Ut
3654 4003 3864 4064 iucheri-

2311 4109 2412 4153 tate
2433 4101 2644 4154 radicati
2658 4108 2702 4153 et
2721 4099 2928 4171 fundati
2942 4101 3138 4171 possitis
3149 4103 3572 4172 comprehendere
3587 4101 3783 4176 (Ephes.
3800 4101 3862 4162 ut,

2311 4191 2531 4262 17).Pes
2547 4206 2673 4261 ergo
2695 4200 3054 4262 peccatorum,
3071 4192 3120 4248 id
3141 4202 3223 4249 est
3237 4210 3408 4262 amor,
3431 4178 3864 4273 comprehenditur

2309 4283 2362 4338 in
2407 4283 2698 4354 muscipula
2740 4299 2897 4354 quam
2944 4285 3245 4350 occultant;
3275 4288 3395 4357 quia
3427 4302 3550 4342 cum
3590 4283 3862 4343 fraudulen-

2312 4382 2419 4428 tam
2462 4373 2725 4430 actionem
2773 4384 3060 4432 consecuta
3101 4375 3259 4431 i'uerit
3301 4377 3622 4449 delectatio,
3652 4389 3762 4432 cum
3786 4382 3862 4427 eos

2312 4464 2588 4520 tradiderit
2639 4465 2777 4520 Deus
2836 4465 2887 4518 in
2943 4467 3427 4539 concupiscentiam
3486 4470 3662 4526 cordis
3705 4475 3861 4522 eorum

2311 4555 2489 4629 (Rom.
2515 4574 2532 4612 ι
2554 4600 2567 4624 ,
2593 4556 2709 4629 21),
2736 4557 2845 4626 jam
2878 4558 2963 4613 illa
3003 4559 3286 4615 delectatio
3311 4561 3489 4633 alligat
3526 4578 3637 4626 eos,
3674 4567 3724 4614 ut
3761 4551 3862 4612 inde

2310 4649 2630 4720 abrumpere
2657 4664 2897 4704 amorem
2935 4659 2991 4706 et
3040 4651 3106 4706 ad
3151 4653 3296 4707 utilia
3351 4653 3598 4710 conferre
3655 4664 3751 4706 non
3787 4657 3863 4698 au-

2311 4741 2500 4807 deant;
2529 4743 2652 4812 quia
2673 4757 2793 4798 cum
2823 4743 2997 4798 conati
3025 4742 3237 4810 fuerint,
3259 4743 3513 4800 dolebuut
3536 4745 3736 4806 animo,
3766 4743 3861 4791 tan-

2313 4849 2471 4905 quam
2516 4834 2704 4904 pedcm
2746 4834 2812 4890 de
2841 4835 3102 4907 compede
3129 4851 3327 4891 exuere
3365 4837 3658 4906 cupientes;
3683 4828 3758 4886 cui
3784 4825 3861 4881 do-

2313 4927 2411 4982 lori
2434 4927 2871 4992 succumbentes,
2899 4942 2929 4982 a
2976 4927 3286 4997 perniciosis
3333 4924 3761 4984 delectationibus
3784 4929 3860 4971 n0-

2314 5021 2430 5077 lunt
2459 5021 2765 5077 abscedere.
2788 5019 2854 5075 In
2876 5021 3158 5093 muscipula
3182 5035 3309 5092 ergo
3328 5037 3478 5091 quant
3501 5013 3864 5076 occultaverunt?

2312 5111 2366 5167 id
2412 5123 2492 5168 est
2519 5114 2568 5166 iu
2598 5112 2937 5168 fraudulento
2975 5113 3199 5168 consilio
3220 5156 3234 5180 ,
3266 5114 3649 5186 comprehensus
3693 5114 3757 5162 es!
3790 5111 3858 5172 P"

2315 5221 2505 5269 eorum,
2530 5219 2681 5258 amor
2705 5205 2907 5260 scilicet
2931 5206 3019 5276 qui
3047 5221 3142 5275 per
3170 5205 3409 5261 fraudem
3440 5203 3673 5276 pervenit
3697 5195 3757 5252 ad
3783 5203 3854 5244 γε-

2315 5313 2437 5354 nam
2467 5297 2728 5366 laetitiam,
2761 5314 2861 5370 qua
2889 5308 3227 5370 comparatur
3259 5297 3432 5353 dolor.

2389 5391 2476 5448 16.
2521 5389 2671 5466 [vers.
2722 5390 2834 5466 17.]
2880 5391 3208 5468 Cognoscitur
3236 5395 3256 5426 ⁸
3290 5389 3536 5449 Dominus
3571 5385 3755 5465 judicia
3790 5379 3855 5450 [α’

2382 5610 2400 5644 ι
2426 5609 2564 5669 Editi,
2601 5613 2793 5669 exeunt,
2818 5613 2864 5661 et
2897 5607 2996 5661 sole
3025 5608 3238 5662 veniente
3257 5615 3498 5662 arescunt.
3522 5613 3625 5658 Mss.
3649 5596 3856 5669 omittugb

2315 5651 2573 5724 υεηεςιῖίἕέ
2597 5651 2863 5737 ᾆὲἆξὶῖίῖἑ
2890 5651 3744 5737 ιῖᾗῶιῖίὶεἱῖἱὲἔιῖιζὲῖἑιῆῐἐῖἶὶἐόιεε
3777 5651 3853 5706 ain,

2316 5739 2518 5785 exeunte
2539 5733 2668 5795 sole;
2691 5733 2790 5794 alii,
2814 5733 3045 5788 exurente
3066 5733 3181 5787 sole.

2380 5796 2563 5868 '_Editi,
2588 5785 2912 5864 cobnoséetur.
2935 5785 3460 5868 tit
3485 5796 3654 5864 :juxta
3672 5785 3856 5846 υἰῖοθν
