4078 6414
195 377 300 432 €25

190 489 343 541 ciens.
372 483 489 539 llzrc
528 491 652 538 sunt
689 480 886 553 judicia
927 480 1019 536 Dei
1049 499 1060 536 :
1094 495 1200 537 non
1247 480 1314 535 ab
1345 480 1428 534 illa
1459 483 1759 552 tranquilli-

188 587 297 632 tate
321 571 644 629 beatitudinis
667 585 797 637 sum,
819 587 916 628 nec
937 587 967 625 a
996 571 1216 628 secretis
1244 571 1536 643 sapientiae,
1567 573 1760 644 quibus

185 668 500 736 recipiuntur
521 665 687 719 beata:
713 666 929 728 animm,
955 665 1222 733 profertur
1240 662 1460 732 ferrum,
1490 675 1580 718 aut
1601 665 1756 735 ignis,

183 770 272 811 aut
319 753 472 809 bestia
498 795 512 819 ,
542 765 630 808 aut
660 755 856 827 aliquid
898 755 1002 809 tale
1045 771 1150 826 quo
1177 755 1481 812 crucientur
1512 766 1758 828 peccato-

181 863 285 905 res.
321 847 421 904 Sed
458 847 726 917 qumnodo
771 849 1110 916 cruciantur,
1137 859 1189 903 et
1215 849 1483 920 quomodo
1507 851 1628 905 facit
1660 851 1761 904 Do-

181 943 350 996 minus
373 939 652 1008 judicium?
677 937 744 994 In
773 943 1027 1012 aperibus,
1058 941 1248 1012 inquit,
1272 958 1512 996 manuum
1549 959 1759 998 suarum

175 1031 560 1102 comprehensus
592 1041 662 1085 est
689 1041 940 1102 peccator.

243 1121 330 1176 l7.
355 1119 507 1192 [rem
533 1119 761 1194 18-21.]
791 1121 886 1176 llic
933 1121 1315 1191 interponitur,
1351 1121 1610 1178 Canticum
1641 1123 1758 1179 dia-

175 1212 525 1286 psalmatis(a)
564 1217 756 1284 :quasi
798 1215 1003 1270 occulta
1030 1216 1249 1282 laetitia,
1277 1227 1530 1285 quantum
1571 1218 1758 1274 existi-

176 1323 319 1362 mare
346 1321 646 1376 possumus,
667 1307 1017 1378 scparalionis
1049 1324 1166 1378 quze
1195 1323 1337 1362 nunc
1368 1306 1444 1374 ﬁt,
1475 1324 1578 1362 non
1604 1308 1756 1376 locis,

176 1397 264 1453 sed
302 1397 669 1452 aliectionibus
702 1399 999 1453 animorum
1022 1442 1036 1462 ,
1067 1397 1205 1454 inter
1243 1408 1550 1470 peccatores
1593 1408 1646 1454 ct
1668 1399 1759 1470 ju-

179 1499 286 1545 stos
311 1531 324 1551 ,
355 1489 484 1542 sicut
528 1503 812 1558 granorum
856 1502 884 1541 a
916 1489 1084 1559 paleis
1114 1489 1290 1543 adhuc
1317 1490 1369 1544 in
1398 1505 1540 1543 area.
1571 1488 1639 1544 Et
1669 1505 1756 1544 sc-

176 1586 379 1651 qnitur,
403 1580 769 1634 Cenem-tantur
814 1590 1097 1651 peccatores
1132 1582 1184 1635 in
1231 1581 1523 1650 infernum;
1554 1581 1604 1636 id
1634 1591 1715 1636 est
1737 1623 1752 1649 ,

176 1673 358 1727 dentur
382 1673 432 1726 in
458 1686 648 1726 manus
673 1685 954 1733 suas,cum
984 1673 1062 1726 eis
1083 1672 1338 1742 parcitur,
1378 1681 1432 1726 ct
1464 1671 1754 1743 illaqueen-

177 1771 256 1815 tur
305 1761 652 1816 delectatione
694 1761 985 1816 mortifera.
1049 1760 1235 1816 Omnes
1274 1774 1442 1832 gentes
1491 1780 1602 1832 qua:
1629 1761 1759 1816 obli-

174 1852 424 1906 viscuntur
464 1850 625 1905 Deum
653 1853 818 1922 :qnia
865 1867 985 1906 cum
1035 1869 1141 1907 non
1184 1853 1541 1922 probaverunt
1588 1854 1758 1911 Deum

177 1944 362 1997 habere
389 1943 438 1996 in
469 1943 654 1996 notitia
682 1985 697 2008 ,
725 1942 876 1996 dedit
907 1943 1024 1996 illos
1065 1944 1204 1997 Deus
1232 1943 1285 1997 in
1314 1944 1602 2016 reprobum
1633 1960 1758 2001 sen-

173 2049 280 2088 sum
306 2032 477 2106 (Ront.
506 2050 546 2099 ι,
570 2031 688 2103 28).

241 2123 323 2182 18.
364 2123 496 2190 Quia
539 2141 640 2179 non
685 2125 737 2177 in
768 2125 923 2192 ﬁnem
954 2123 1138 2179 oblivio
1187 2125 1280 2179 erit
1311 2127 1548 2198 pauperis
1571 2128 1588 2160 ¹
1623 2146 1635 2183 :
1666 2128 1757 2201 qui

174 2218 373 2276 videtur
401 2233 540 2274 nunc
583 2215 638 2273 in
685 2215 954 2272 oblivione
975 2231 1094 2273 esse
1115 2259 1128 2282 ,
1161 2233 1280 2272 cum
1307 2229 1614 2288 peccatores
1642 2221 1759 2276 feli-

176 2312 324 2368 citate
367 2309 526 2381 hujus
570 2309 752 2364 satculi
779 2311 971 2365 ﬂorere
1017 2309 1414 2379 existimantur,
1448 2312 1651 2384 etjnsti
1679 2315 1758 2370 la-

173 2401 385 2467 borare;
437 2400 534 2455 scd
566 2400 836 2471 patientia,
867 2399 1072 2470 inquit,
1104 2417 1384 2471 pauperum
1426 2418 1527 2456 non
1553 2405 1708 2476 perict
1737 2407 1758 2437 ²

177 2492 223 2548 in
249 2503 507 2548 atomum.
561 2491 896 2562 Quapropter
925 2506 1068 2547 nunc
1116 2492 1370 2562 patientia
1396 2507 1531 2564 opus
1579 2504 1662 2551 est
1691 2496 1758 2552 ad

176 2583 510 2656 perferendos
555 2583 762 2651 malos,
818 2584 908 2654 qui
951 2584 1061 2653 jam
1108 2585 1467 2640 voluntatibus
1526 2591 1758 2661 separati

177 2686 306 2743 sunt,
339 2678 515 2732 donec
537 2677 697 2730 etiam
723 2667 914 2729 ultimo
937 2674 1139 2747 judicio
1167 2684 1504 2745 separentur.

237 2768 321 2824 i9.
349 2767 621 2840 Exsurge,
657 2763 889 2832 Domine,
916 2781 1016 2820 non
1045 2768 1316 2838 pravaleat
1362 2767 1531 2822 homo.
1564 2765 1759 2842 Implo-

178 2867 313 2914 ratur
354 2859 590 2913 futurum
630 2856 888 2928 judicium
923 2875 937 2914 :
972 2849 1067 2913 sed
1111 2867 1397 2928 antequam
1421 2858 1621 2929 veniat,
1653 2859 1757 2916 Ju-
1791 2873 1801 2884 “

177 2952 388 3005 dicentur
408 2993 425 3016 ,
451 2951 623 3022 inquit
648 2993 662 3016 ,
692 2958 861 3021 gentes
887 2949 938 3004 in
981 2958 1252 3019 conspectu
1293 2957 1415 3006 tuo:
1442 2950 1544 3008 hoc
1573 2959 1656 3008 eSt
1704 2954 1759 3010 in

178 3044 391 3104 occulto.
429 3041 567 3112 quod
598 3041 790 3098 dicitur
837 3053 1021 3097 coram
1074 3042 1218 3107 Deo,
1248 3043 1429 3113 paucis
1477 3045 1678 3102 sanctis
1702 3053 1761 3102 et

174 3134 324 3204 justis.
359 3133 800 3204 intelligrnlibus.
837 3132 1114 3200 Constitue,
1145 3130 1380 3201 Domine,
1414 3133 1758 3206 legislature»:

181 3243 315 3297 super
329 3243 438 3282 eos.
468 3225 689 3280 Videtur
737 3223 868 3280 mihi
907 3223 1293 3279 Antichristum
1320 3226 1622 3296 signiﬁcare
1646 3272 1661 3297 ,
1689 3229 1758 3287 de

177 3335 266 3388 quo
287 3317 581 3388 Apostolus
604 3317 731 3372 dicit
763 3335 777 3371 :
807 3315 931 3371 Cum
954 3318 1251 3372 revelabitur
1270 3318 1418 3374 homo
1445 3323 1636 3392 peccati
1660 3324 1680 3395 (
1712 3321 1758 3379 ll

181 3410 310 3466 Thes.
339 3427 373 3467 tt
396 3453 417 3479 ,
438 3410 513 3482 5).
545 3409 725 3466 Sciant
747 3419 920 3481 gentes
947 3408 970 3441 ³
990 3411 1228 3478 quatiant
1254 3409 1481 3468 homines
1501 3424 1618 3468 sunt
1649 3431 1670 3470 :
1698 3424 1757 3472 ut

178 3505 250 3573 qui
277 3506 467 3559 nolunt
501 3503 712 3559 liberari
747 3518 776 3557 a
802 3502 938 3558 Filio
960 3503 1050 3558 Dei
1070 3545 1087 3572 ,
1117 3513 1171 3559 et
1196 3504 1468 3573 pertinere
1492 3505 1558 3561 ad
1587 3507 1755 3564 ﬁlium

180 3597 419 3664 hominis,
442 3605 636 3652 etesse
664 3596 754 3653 ﬁlii
785 3594 1060 3651 hominum
1081 3637 1095 3661 ,
1132 3594 1183 3650 id
1207 3605 1289 3651 est
1319 3596 1441 3651 novi
1467 3595 1712 3654 homines
1735 3641 1752 3668 ,

177 3690 389 3745 serviant
427 3688 659 3757 homini,
689 3688 742 3744 id
771 3697 854 3745 est
873 3689 1041 3744 veteri
1068 3687 1272 3744 homini
1298 3691 1565 3762 peccatori
1586 3733 1602 3761 ,
1625 3683 1751 3764 quo-4

177 3781 293 3837 aiant
317 3784 553 3840 homines
579 3791 718 3838 sunt.

596 3929 650 3972 IN
685 3929 931 3972 PSALIIUI
968 3926 1222 3971 Διτειιωι
1257 3929 1334 3972 IX.

236 4043 317 4103 20.
343 4047 504 4122 (vers.
555 4046 695 4121 i-3.]
711 4048 777 4104 Et
805 4048 928 4120 quia
961 4038 1049 4105 ille
1071 4045 1136 4104 ad
1168 4055 1372 4104 tantum
1396 4047 1607 4108 culmen
1634 4051 1751 4108 ina-

183 4140 254 4195 nis
278 4143 458 4212 gloria:
486 4149 744 4198 venturus
773 4141 1008 4197 creditur
1026 4185 1042 4210 ,
1077 4148 1221 4198 tanta
1250 4141 1299 4200 ei
1330 4142 1508 4200 licebit
1535 4143 1714 4203 facere
1733 4190 1748 4216 ,

181 4239 226 4285 et
249 4232 296 4286 in
325 4248 514 4289 omnes
547 4231 810 4295 homines.
834 4243 887 4288 et
909 4232 962 4288 in
985 4243 1200 4290 sanctos
1229 4235 1361 4302 Dei,
1390 4245 1448 4292 ut
1478 4245 1601 4295 tunc
1626 4255 1752 4296 vere

181 4325 396 4381 nonnulli
449 4323 646 4378 inﬁrmi
683 4324 1009 4379 arbitrentur
1035 4325 1200 4380 Deum
1229 4341 1318 4382 res
1358 4326 1620 4385 humanas
1650 4346 1749 4386 nc-

180 4413 373 4484 gligere;
404 4415 722 4486 interposito
747 4413 1114 4487 diapsalmate,
1140 4417 1352 4488 subjicit
1378 4427 1624 4492 tanquam
1655 4437 1751 4477 vo-

180 4519 279 4560 cem
303 4511 625 4580 gcmentium
653 4528 666 4575 ;
699 4517 753 4564 et
778 4507 1131 4579 qumrentium
1175 4525 1271 4565 cur
1295 4511 1554 4581 judicium
1585 4512 1742 4570 diﬁ'e-

181 4609 310 4656 ratur
334 4622 347 4658 :
382 4602 579 4673 thuid
593 4646 607 4670 ,
634 4601 852 4657 Domine
872 4645 885 4669 ,
919 4603 1109 4674 inquit,
1133 4606 1390 4662 recessisti
1429 4607 1620 4680 longe?
1644 4607 1748 4664 De-

182 4688 289 4746 inde
313 4695 395 4762 qui
420 4693 502 4748 sic
527 4694 770 4764 qumsivit
788 4735 803 4761 ,
831 4701 1078 4764 tanquam
1126 4705 1346 4766 repente
1376 4696 1760 4776 intellexerit,

183 4787 260 4835 aut
297 4784 444 4854 quasi
500 4785 673 4840 sciens
720 4785 1125 4855 interrogaverit
1154 4797 1210 4840 ut
1251 4787 1506 4853 doceret,
1537 4791 1750 4861 subjicit

183 4868 382 4941 dicens;
411 4873 650 4948 Despicis
683 4877 734 4929 in
783 4876 1246 4946 opportunitatibus
1267 4918 1284 4944 ,
1311 4878 1364 4932 in
1405 4878 1748 4934 tribulationi-

183 4959 288 5025 bus;
307 4965 353 5019 id
381 4975 484 5031 est,
517 4973 816 5036 opportune
840 4967 1071 5038 despicis
1091 5010 1104 5034 ,
1134 4977 1187 5022 et
1217 4968 1345 5024 facis
1383 4969 1748 5027 tribulationcs

133 5095 137 5100 .
183 5049 239 5106 ad
275 5053 675 5115 inﬂammandos
723 5060 928 5116 animos
973 5059 1236 5115 desiderio
1289 5061 1547 5118 adventus
1599 5064 1671 5118 tui
1729 5081 1742 5118 :

185 5139 254 5197 his
286 5149 418 5204 enim
457 5149 740 5219 jucundior
767 5157 848 5204 est
898 5150 1016 5204 fons
1071 5150 1158 5206 ille
1195 5151 1347 5218 vitae,
1385 5153 1476 5222 qui
1523 5153 1744 5209 multum

186 5236 417 5308 sitierint;
470 5243 648 5314 itaque
695 5241 935 5298 insinuat
985 5243 1268 5300 consilium
1316 5243 1625 5316 dilationis,
1656 5245 1743 5302 di-

239 5389 254 5459 ξ
277 5390 490 5459 Plerique
513 5401 643 5455 Mss...
668 5393 718 5446 in
910 5394 968 5459 in
980 5392 1221 5459 Aoblivione,
1238 5394 1330 5446 erit
1350 5408 1555 5459 pauper.

239 5452 482 5521 {Quinque
517 5452 644 5518 διεδ..
680 5452 869 5521 peribit.
904 5456 990 5506 Alii
1013 5470 1120 5506 cum
1147 5457 1307 5521 editis,
1327 5452 1476 5520 p'erie't
1507 5470 1526 5508 .'
1549 5459 1740 5521 vitiose,

186 5512 260 5582 §ed
276 5512 441 5582 corrigi
468 5521 590 5570 torte
618 5512 902 5582 prohibebat
921 5518 1219 5568 consuetudo
1236 5512 1528 5582 cantantium
1543 5512 1742 5582 papula;

186 5579 633 5693 ἓὲῗὲιῗέξὶξιρονεῖἑιὸ
659 5579 814 5646 ﬂoriet
844 5581 960 5631 dicit
982 5581 1271 5643 Augustinus
1287 5582 1335 5630 in
1353 5579 1436 5631 lib.
1457 5579 1561 5632 sae
1581 5579 1737 5634 D'octr.

521 5674 764 5758 sciant.
789 5707 939 5756 Abest
961 5704 1188 5768 partienda
1210 5711 1260 5758 ut
1282 5719 1312 5758 ει
1331 5713 1440 5770 Mss,
1459 5713 1512 5758 et
1533 5719 1561 5756 a
1577 5713 1738 5759 Graio

241 5763 309 5885 (xui
339 5829 480 5880 Graec.
503 5833 632 5895 LXX,
653 5828 746 5884 dde
763 5827 1124 5896 diapsalmatos.

1317 367 1710 426 ENARRATIO
1741 367 1809 426 lN
1837 319 2171 432 ’P-SA‘LMUM
2210 371 2301 432 ιχ.

3357 390 3466 450 126

1875 499 2041 541 cens:
2075 487 2195 542 dum
2221 491 2444 562 superbit
2481 493 2684 566 impius,
2713 495 2998 555 incenditur
3017 515 3232 574 pauper.
3259 501 3450 564 Mirum

1871 587 1957 634 est
1983 587 2037 633 et
2065 594 2269 645 verum,
2295 592 2492 651 quanto
2518 586 2694 643 studio
2716 588 2872 645 bona:
2897 592 3012 662 spei
3039 593 3245 662 parvuli
3273 579 3457 653 accenQ

1871 670 2064 726 dantur
2085 672 2150 728 ad
2175 685 2321 730 recte
2347 677 2656 746 vivendum,
2680 683 3076 752 comparatione
3103 689 3462 755 peccantium.

1869 763 1985 835 Quo
2007 767 2259 838 mysterio
2281 769 2547 840 agitur,’ut
2575 773 2733 830 etiam
2757 775 3121 836 haeresesesse
3149 784 3461 851 permittan-

1869 865 1955 912 tur
1977 875 1993 912 :
2015 874 2118 914 non
2137 860 2259 930 quia
2287 861 2384 930 ipsi
2411 861 2644 922 haeretici
2670 866 2771 923 hoc
2789 871 2990 937 volunt;
3005 873 3099 930 sed
3127 877 3250 946 quia
3270 877 3371 934 hoc
3391 881 3460 938 de

1868 950 2101 1018 peccatis
2129 965 2313 1007 eorum
2335 952 2514 1010 divina
2544 967 2796 1027 operatur
2820 960 3156 1020 Providentia
3176 1006 3193 1032 ,
3227 983 3345 1038 qua:
3389 970 3461 1025 lu-

1870 1056 1986 1096 cem
2019 1053 2074 1098 et
2121 1043 2247 1100 facit
2273 1054 2329 1101 et
2355 1046 2601 1116 ordinat,
2631 1050 2880 1109 tenebras
2916 1065 3095 1112 autem
3137 1067 3340 1114 tantum
3374 1077 3463 1117 or-
3483 1065 3498 1134 ι

1867 1134 2014 1190 diuat
2043 1135 2198 1209 (Gen.
2229 1155 2283 1204 ι,
2307 1139 2360 1207 3,
2383 1141 2439 1210 4)
2464 1181 2480 1207 ,
2513 1151 2570 1197 ut
2595 1144 2662 1197 sit
2705 1159 2888 1201 carum
2931 1152 3326 1219 comparatione
3367 1153 3457 1208 lux

1865 1228 2084 1299 gratior,
2103 1231 2624 1294 sicuthmreticorum
2655 1239 3051 1308 comparatione
3074 1242 3358 1312 jucundior
3375 1255 3458 1301 est

1866 1321 2118 1378 inventio‘
2139 1325 2374 1380 veritatis
2407 1342 2504 1383 :ea
2558 1329 2754 1398 quippe
2811 1334 3207 1402 comparatione
3250 1334 3490 1406 probati!

1864 1416 2128 1472 manifesti
2156 1416 2289 1473 ﬁunt
2325 1419 2462 1475 inter
2497 1418 2743 1477 homines
2771 1424 2859 1492 qui
2892 1425 3000 1481 Deo
3034 1428 3143 1482 noti
3171 1439 3312 1484 sunt.
3488 1413 3492 1418 ’

1933 1507 2023 1562 21.
2052 1505 2555 1580 Contpreltenduntur
2597 1512 2649 1568 in
2692 1515 3076 1585 cogitationibus
3121 1521 3248 1585 suis,
3270 1521 3450 1589 quibus

1867 1600 2089 1669 cogitant
2111 1617 2129 1654 :
2156 1601 2208 1655 id
2229 1608 2331 1667 est,
2360 1601 2513 1657 make
2534 1603 2884 1675 COgilationes
2905 1623 3090 1664 eorum
3119 1611 3327 1666 vincula
3352 1613 3456 1668 illis

1866 1689 2020 1746 ﬁunt.
2062 1692 2168 1747 Sed
2217 1708 2382 1764 quare
2430 1695 2566 1750 ﬁunt
2619 1697 2870 1755 vincula?
2914 1700 3166 1769 Quoniam
3217 1703 3454 1760 laudatur

1864 1793 2127 1856 peccator,
2161 1786 2352 1858 inquit,
2382 1788 2437 1842 in
2461 1787 2724 1846 desideriis
2754 1794 2938 1848 animo:
2957 1811 3082 1850 sum.
3105 1796 3450 1854 Adulantium

1863 1874 2056 1945 linguae
2083 1876 2303 1950 alligant
2326 1879 2532 1936 animas
2568 1882 2624 1936 in
2649 1883 2883 1952 peccatis
2915 1901 2930 1939 :
2960 1885 3188 1942 delectat
3218 1888 3360 1944 enim
3389 1903 3452 1944 ca

1861 1965 2059 2032 facere,
2090 1968 2143 2024 in
2173 1969 2364 2040 quibus
2390 1985 2497 2026 non
2525 1971 2700 2028 solum
2727 1988 2835 2029 non
2864 1976 3118 2031 metuitur
3155 1978 3450 2047 reprehen-

1862 2073 1974 2126 sor,
2000 2059 2094 2115 sed
2120 2060 2278 2117 etiam
2325 2061 2568 2119 laudator
2596 2063 2828 2120 auditur.
2857 2064 2923 2119 Et
2953 2066 3037 2137 qui
3065 2067 3242 2138 iniqua
3283 2071 3450 2138 gerit,

1865 2152 2170 2209 benedicitur
2199 2169 2218 2210 :
2247 2153 2372 2212 hinc
2400 2155 2926 2226 comprehenduntur
2957 2158 3008 2215 in
3038 2159 3448 2231 cogitationibus

1865 2244 2002 2311 suis,
2035 2246 2224 2318 quibus
2255 2247 2512 2319 cogitant.

1934 2335 2022 2392 22.
2076 2333 2224 2410 [vera
2268 2336 2348 2412 4.]
2389 2336 2616 2395 Irritavit
2667 2337 2942 2397 Dominum
2993 2352 3246 2414 peccator.
3281 2342 3451 2403 Nemo

1862 2429 2157 2498 gratuletur
2186 2431 2388 2487 homini
2416 2431 2506 2504 qui
2539 2445 2880 2504 prosperatur
2907 2435 2959 2491 in
2990 2436 3072 2492 via
3117 2452 3211 2494 sua
3236 2478 3252 2504 ,
3298 2442 3450 2510 cujus

1866 2523 2095 2590 peccatis
2123 2521 2272 2578 deest
2303 2523 2462 2590 ultor,
2509 2533 2563 2580 et
2607 2525 2760 2583 adest
2803 2525 3087 2582 laudator:
3126 2527 3296 2599 major
3330 2529 3447 2586 lucc

1865 2612 1944 2667 ira
1972 2614 2181 2670 Domini
2211 2623 2312 2671 est.
2343 2616 2573 2673 lrrilavit
2609 2617 2751 2673 enim
2778 2619 3063 2676 Dominum
3095 2632 3362 2692 peccator,
3396 2633 3454 2682 ut

1864 2702 1962 2756 ista
1998 2705 2245 2772 patiatur,
2271 2705 2323 2760 id
2355 2715 2456 2773 est,
2501 2716 2560 2762 ut
2601 2711 2954 2779 correptionis
2983 2710 3188 2782 ﬂagella
3217 2729 3322 2769 non
3354 2728 3450 2783 pa-

1863 2794 2042 2850 tiatur.
2075 2795 2300 2853 Irritavit
2323 2797 2596 2854 Dominum
2617 2810 2848 2870 peccator
2875 2804 3192 2858 :secuudum
3222 2806 3451 2859 multitu-

1865 2888 2032 2945 dinem
2085 2891 2178 2946 ira
2223 2907 2329 2948 SlttB
2356 2908 2456 2947 non
2493 2894 2736 2965 exquiret.
2781 2895 2999 2952 Multum
3028 2896 3292 2963 irascitur,
3319 2897 3447 2953 dum

1864 2996 1970 3036 non
1997 2983 2245 3053 exquirit,
2273 2983 2397 3038 dum
2423 2984 2574 3054 quasi
2601 2985 2931 3042 obliviscitur
2974 2995 3028 3042 et
3074 3002 3179 3042 non
3223 2988 3448 3044 attendit

1864 3082 2098 3144 peccata,
2132 3082 2188 3130 et
2239 3090 2333 3144 per
2357 3074 2569 3132 fraudes
2594 3084 2648 3131 ct
2675 3077 2876 3133 scelera
2918 3076 2985 3132 ad
3029 3077 3241 3134 divitias
3273 3079 3446 3134 hono-

1863 3177 2056 3236 resque
2087 3165 2397 3234 pervcnitur
2427 3184 2439 3220 :
2469 3166 2610 3236 quod
2648 3169 2876 3224 maxime
2906 3168 2958 3223 in
2989 3169 3079 3222 illo
3116 3169 3446 3226 Antichristo

1862 3263 2181 3310 eventurum
2207 3264 2311 3322 εει,
2339 3255 2428 3327 qui
2458 3271 2625 3328 usque
2651 3257 2786 3313 adeo
2815 3259 3003 3315 beatus
3043 3259 3305 3324 videbitur
3342 3259 3443 3316 ho-

1861 3345 2113 3414 minibus,
2146 3346 2388 3403 utetiam
2421 3347 2564 3403 Deus
2600 3356 2831 3418 putetur.
2860 3349 2967 3407 Sed
2994 3360 3191 3423 quanta
3232 3353 3334 3410 ista
3365 3353 3443 3412 ira

1861 3439 1932 3494 sit
1958 3438 2070 3504 Dei,
2092 3437 2284 3494 docent
2310 3441 2604 3512 sequentia.

1929 3529 2019 3586 25.
2053 3528 2204 3604 [vers.
2230 3528 2308 3604 5.]
2333 3530 2453 3586 Νοη
2478 3541 2551 3587 est
2585 3532 2717 3588 Deus
2743 3532 2796 3588 in
2817 3543 3084 3604 conspectu
3103 3536 3232 3608 ejus,
3264 3546 3441 3592 conta-

1858 3622 2119 3677 minantur
2145 3624 2238 3680 vito
2265 3624 2373 3695 ejus
2401 3624 2454 3678 in
2479 3625 2615 3678 omni
2643 3633 2883 3696 tempore.
2910 3625 3012 3695 Qui
3040 3626 3187 3681 novit
3212 3626 3296 3682 vel
3318 3627 3443 3698 quid

1857 3714 2106 3784 gaudeat,
2134 3715 2219 3770 vel
2262 3713 2389 3784 quid
2429 3714 2640 3770 lactetur
2677 3715 2730 3770 in
2771 3715 2969 3782 anima,
3015 3715 3162 3772 novit
3189 3727 3441 3788 quantum

1857 3807 2057 3863 malum
2095 3809 2162 3864 sit
2192 3808 2309 3864 luce
2336 3808 2508 3865 deseri
2543 3807 2782 3865 veritatis
2810 3810 2860 3876 1;
2895 3823 3014 3864 cum
3042 3826 3291 3883 magnum
3328 3827 3442 3870 ma-

1857 3898 1971 3954 lum
2013 3899 2260 3957 homines
2310 3907 2496 3970 putent
2537 3899 2814 3955 oculorum
2843 3901 3197 3970 corporalium
3227 3902 3441 3958 cazcita-

1858 3999 1990 4059 tem,
2017 4007 2118 4064 qua
2151 3993 2242 4048 lux
2271 3992 2366 4047 ista
2401 3991 2714 4047 retrahitur.
2759 3991 3020 4056 Quantam
3056 4006 3184 4063 ergo
3221 4007 3436 4064 pinnam

1856 4085 2053 4156 patitur
2091 4084 2182 4155 qui
2230 4081 2477 4139 secundis
2515 4082 2675 4139 rebus
2722 4092 3063 4152 peccatorum
3113 4098 3331 4141 suorum
3375 4099 3440 4140 eo

1859 4175 2186 4247 perducitur,
2209 4183 2266 4231 ut
2294 4189 2397 4230 non
2421 4175 2490 4230 sit
2517 4174 2658 4229 Deus
2685 4175 2737 4230 in
2760 4185 3049 4244 conspectu
3071 4175 3208 4247 ejus,
3233 4184 3286 4232 et
3309 4189 3438 4232 con-

1856 4269 2179 4324 taminentur
2203 4267 2303 4323 via:
2327 4267 2442 4337 ejus
2469 4267 2521 4322 in
2551 4267 2698 4321 omni
2728 4275 2986 4336 tempore.
3029 4267 3081 4323 id
3115 4277 3217 4336 est,
3243 4270 3441 4340 cogita-

1857 4361 2032 4417 tiones
2053 4369 2106 4416 et
2129 4359 2349 4415 consilia
2378 4359 2493 4429 ejus
2531 4358 2803 4413 immunda
2849 4358 2988 4414 sint!
3019 4361 3335 4433 Auferuntur
3350 4364 3441 4434 juo

1856 4455 1989 4510 dicia
2018 4465 2104 4508 tua
2130 4471 2162 4507 a
2187 4454 2318 4527 facie
2339 4454 2466 4518 eius.
2483 4453 2707 4508 Animus
2731 4453 2872 4508 enim
2895 4454 3032 4508 male
3053 4455 3149 4509 sibi
3170 4455 3437 4520 conscius.

1853 4548 1980 4605 dum
2009 4548 2108 4603 sibi
2136 4547 2344 4602 videtur
2367 4545 2563 4602 nullam
2591 4559 2799 4615 pinnam
2823 4547 2952 4614 pati,
2975 4545 3145 4600 credit
3169 4545 3306 4616 quod
3330 4562 3438 4602 non

1848 4640 2050 4711 judicet
2099 4639 2262 4706 Deus,
2310 4645 2365 4693 et
2411 4637 2489 4692 sic
2532 4637 2847 4692 auferuntur
2881 4635 3079 4705 judicia
3123 4635 3217 4691 Dei
3247 4650 3275 4689 a
3307 4635 3438 4692 facie

1854 4733 1990 4802 ejus,
2021 4747 2142 4787 cum
2171 4731 2287 4784 lucc
2314 4729 2427 4800 ipsa
2466 4729 2537 4784 sit
2572 4743 2760 4798 magna
2801 4727 3091 4783 damnatio.
3120 4726 3186 4782 Et
3216 4729 3439 4784 omnium

1851 4826 2170 4880 inimicorum
2212 4838 2419 4877 suorum
2462 4820 2824 4875 dominabitur.
2869 4819 2946 4874 lla
2985 4821 3126 4875 enim
3171 4821 3397 4877 traditur
3422 4862 3436 4888 ,

1852 4917 1994 4989 quod
2027 4931 2181 4987 reges
2219 4929 2408 4970 omnes
2458 4919 2806 4981 superaturos
2835 4911 2926 4978 sit,
2958 4920 3012 4967 et
3040 4912 3185 4967 solus
3212 4928 3437 4983 regnum

1851 5011 2193 5072 obtenturus;
2222 5006 2436 5078 quando
2458 5006 2620 5061 etiam
2649 5004 2943 5062 secundum
2977 5005 3312 5075 Apostolnm,
3343 5005 3431 5075 qui

1851 5101 1918 5157 de
1948 5101 2038 5156 illo
2064 5098 2334 5170 praedicat,
2365 5097 2433 5153 In
2480 5096 2667 5165 templo
2709 5095 2805 5152 Dei
2849 5097 3038 5151 sedebit
3063 5137 3078 5163 ,
3111 5097 3355 5150 extollens
3385 5111 3436 5149 se

1849 5207 1999 5262 super
2018 5205 2163 5244 omne
2197 5187 2332 5260 quod
2365 5187 2545 5244 colitur
2569 5195 2616 5242 et
2635 5185 2770 5258 quod
2791 5186 2975 5242 dicitur
2995 5184 3134 5242 Deus
3158 5183 3224 5256 (ll
3257 5183 3428 5240 Thess.

1848 5298 1907 5350 ιι,
1936 5282 2016 5354 4).

1918 5374 2010 5430 24.
2035 5370 2184 5445 [vers.
2206 5370 2290 5446 6.]
2320 5371 2387 5428 Et
2411 5371 2660 5443 quoniam
2690 5370 2912 5426 traditus
2951 5370 3002 5425 in
3049 5368 3432 5438 concupiscen-

1847 5465 1974 5522 tiam
1999 5464 2174 5521 cordis
2200 5465 2281 5524 sui
2310 5474 2364 5522 et
2385 5463 2708 5520 damnationi
2750 5463 2947 5519 ultima:
2986 5461 3299 5527 destinatus,
3333 5475 3433 5530 per

1846 5559 2074 5615 nefarias
2097 5568 2241 5615 artes
2265 5557 2331 5615 ad
2359 5557 2489 5614 illud
2503 5573 2692 5614 vanum
2711 5566 2760 5612 et
2785 5558 2938 5612 inane
2951 5555 3158 5610 culmen
3179 5553 3422 5608 domina-

1845 5654 2149 5724 tionemque
2164 5662 2416 5710 venturus
2436 5661 2536 5719 est,
2553 5661 2830 5723 prepterea
2853 5651 3111 5722 sequitur.
3135 5648 3274 5706 Dixit
3292 5649 3424 5706 enim

1841 5771 2052 5883 minue
2071 5775 2196 5832 ttss.,
2222 5766 2378 5821 lucem
2399 5766 2622 5821 deserere
2643 5764 2871 5822 veritatis.
2904 5764 2991 5819 Alii
3012 5774 3133 5834 tres,
3159 5764 3315 5822 lucem
3339 5769 3428 5820 der
