4078 6418
599 518 654 573 in
671 517 822 572 corde
843 532 935 572 suo
954 533 973 571 :
1001 515 1118 571 Non
1138 515 1368 570 movebar
1396 515 1458 569 de
1489 516 1809 587 generatione
1827 518 1877 569 in
1899 514 2181 586 generatio-

600 625 712 662 nem
739 610 846 662 sine
868 608 1025 672 malo;
1040 607 1088 660 id
1106 615 1207 672 est,
1232 605 1370 660 fama
1393 621 1509 661 mea
1532 616 1586 662 et
1611 623 1800 660 nomen
1816 624 1989 662 meum
2006 609 2071 663 de
2085 607 2211 663 hac.

598 701 941 769 generatione
964 699 1014 752 in
1031 699 1781 769 generationenrposterorum
1807 715 1909 754 non
1935 699 2176 766 transiet,

597 793 700 848 nisi
746 792 945 846 artibus
989 790 1142 846 malis
1186 790 1452 861 adipiscar
1479 801 1584 844 tam
1613 791 1880 846 excelsum
1915 793 2180 862 principa-

599 892 729 948 tum,
757 883 824 936 dc
844 897 947 952 quo
971 882 1169 952 posteri
1201 890 1379 936 tacere
1406 896 1508 936 non
1530 883 1752 952 possint.
1780 884 2004 938 Animus
2032 885 2175 940 enim

595 975 831 1044 perditus
861 983 917 1028 ct
954 989 1145 1044 expers
1173 974 1433 1029 bonarum
1472 975 1664 1029 artium
1710 986 1867 1046 atque
1901 993 1930 1031 a
1957 978 2175 1045 ju5titia3

593 1066 790 1120 lumine
818 1065 1042 1129 alienus,
1077 1065 1231 1120 malis
1259 1067 1462 1121 artibus
1491 1066 1591 1120 sibi
1623 1067 1820 1122 aditum
1849 1068 2066 1122 molitur
2108 1069 2173 1123 ad

591 1158 782 1212 famam
813 1168 917 1212 tam
945 1158 1267 1225 diuturnam,
1296 1167 1356 1212 ut
1384 1158 1521 1227 apud
1564 1169 1803 1228 posteros
1847 1159 2003 1213 etiam
2034 1160 2172 1214 ccle-

592 1247 796 1303 bretur.
831 1250 893 1303 Et
919 1249 1007 1320 qui
1040 1264 1142 1303 non
1166 1259 1383 1318 possunt
1417 1249 1552 1304 bene
1580 1250 1930 1316 innotescere,
1955 1250 2170 1320 cupiunt

588 1342 670 1396 vel
699 1343 837 1396 male
859 1343 1003 1396 dese
1029 1341 1266 1396 homines
1290 1341 1452 1410 loqui,
1482 1341 1771 1396 dummodo
1798 1357 1991 1396 nomen
2021 1341 2170 1395 latis-

587 1437 724 1491 sitne
745 1445 1078 1506 pervagetur.
1110 1435 1260 1503 Quod
1289 1435 1372 1489 hic
1398 1435 1628 1488 arbitror
1653 1435 1849 1488 dictum
1871 1449 1990 1489 esse
2013 1453 2024 1487 :
2053 1433 2168 1488 Non

590 1529 825 1584 merebor
853 1528 915 1581 de
943 1529 1263 1598 generatione
1286 1529 1336 1580 in
1363 1529 1733 1598 generationem
1760 1528 1870 1582 sine
1894 1528 2047 1581 malo.
2079 1529 2169 1580 bist

586 1627 642 1674 et
693 1620 829 1672 alius
880 1619 1199 1673 intellectus.
1241 1618 1295 1674 Si
1344 1618 1412 1673 de
1455 1620 1803 1689 generatione
1853 1620 2062 1672 mortali
2100 1619 2164 1674 ad

585 1714 900 1768 aeternitatis
924 1712 1318 1783 generationem
1358 1726 1417 1766 se
1449 1712 1629 1765 venire
1663 1727 1766 1764 non
1797 1727 1951 1781 passo
1998 1728 2165 1766 νςιιιιιε,

583 1815 639 1860 et
669 1806 866 1859 erroris
894 1805 1082 1875 plenus
1109 1805 1316 1859 animus
1344 1804 1657 1869 arbitratur,
1691 1805 1792 1859 nisi
1824 1806 2024 1860 artibus
2053 1824 2164 1859 ma-

581 1897 681 1963 lis;
711 1899 852 1968 quod
894 1899 1105 1970 quidem
1137 1900 1296 1955 etiam
1339 1898 1407 1954 de
1447 1899 1666 1955 Simone
1710 1899 2036 1954 diffamatum
2083 1910 2163 1954 cst

581 1990 716 2062 (Act.
750 2007 858 2058 \'lll,
888 1991 1053 2062 9-95),
1085 2007 1205 2049 eum
1231 1993 1506 2048 sceleratis
1528 1993 1730 2048 artibus
1757 1995 1950 2048 coelum
1976 2009 2034 2047 se
2068 2009 2164 2062 pu-

580 2092 745 2138 tasset
769 2084 1078 2155 adepturum
1100 2127 1114 2152 ,
1148 2096 1202 2141 et
1241 2085 1310 2141 de
1351 2085 1582 2140 humana
1611 2087 1956 2156 generatione
1994 2088 2045 2141 in
2075 2087 2159 2141 di-

577 2179 753 2234 vinam
776 2179 1169 2249 generationem
1197 2179 1356 2234 rebus
1381 2179 1600 2250 magicis
1624 2181 1968 2234 transiturum
1995 2198 2007 2230 τ
2033 2180 2158 2247 quid

577 2286 704 2342 ergo
735 2272 950 2334 mirum,
994 2271 1038 2325 si
1089 2271 1248 2326 etiam
1297 2271 1388 2326 ille
1427 2270 1588 2326 homo
1627 2271 1852 2341 peccati,
1880 2272 1968 2341 qui
1997 2281 2158 2326 totam

577 2362 866 2431 nequitiam
911 2370 967 2419 et
1012 2361 1360 2432 impietatem,
1401 2377 1558 2433 quam
1598 2377 1786 2418 omnes
1831 2363 2158 2433 pseudopro-

575 2455 750 2524 phetac
789 2453 1172 2509 inchoaveruut
1195 2494 1211 2520 ,
1255 2454 1569 2524 impleturus
1599 2464 1706 2521 est,
1739 2465 1792 2509 et
1823 2464 1966 2510 tanta
2010 2455 2157 2525 signa

573 2546 828 2612 facturus,
859 2556 915 2602 ut
942 2545 1205 2616 decipiat,
1235 2546 1279 2600 si
1321 2547 1430 2602 fieri
1472 2555 1684 2616 potest,
1727 2547 1885 2601 etiam
1919 2548 2116 2602 electos
2139 2590 2154 2614 ,

571 2637 812 2693 dicturus
839 2637 1002 2693 estin
1038 2636 1201 2692 corde
1244 2651 1342 2692 suo
1374 2655 1386 2690 :
1422 2636 1545 2691 Non
1586 2636 1818 2692 movebar
1859 2639 1922 2692 de
1947 2655 2157 2710 genera-

572 2731 707 2785 tione
730 2732 781 2784 in
808 2732 1178 2802 generationem
1205 2732 1312 2786 sine
1335 2732 1467 2785 malo
1491 2733 1516 2786 ?

638 2820 728 2877 25.
758 2821 903 2894 [vers.
949 2821 1027 2894 7.]
1068 2820 1224 2894 Cujus
1267 2824 1617 2877 maledictione
1654 2839 1709 2877 os
1758 2825 1868 2894 ejus
1898 2825 1913 2855 ¹
1947 2825 2153 2894 plenum

569 2923 661 2978 est,
689 2926 734 2968 et
755 2915 1094 2969 amaritudine
1123 2925 1170 2969 et
1199 2917 1339 2970 dolo.
1368 2917 1611 2985 Magnum
1638 2917 1780 2972 enim
1810 2918 2150 2973 maledictum
2177 2957 2183 2963 ι

567 3015 667 3074 est,
703 3017 805 3061 tam
837 3007 1078 3062 nefandis
1103 3010 1303 3063 artibus
1346 3010 1538 3064 coelum
1577 3019 1848 3079 appetere,
1882 3021 1934 3064 et
1963 3011 2028 3064 ad
2055 3027 2148 3066 ca-

568 3098 811 3167 piendam
843 3108 1095 3153 mteruam
1123 3099 1303 3154 sedem
1332 3101 1453 3154 talia
1477 3102 1662 3156 merita
1689 3117 2017 3171 comparare.
2043 3103 2149 3160 Sed

565 3187 666 3242 hac
694 3187 806 3257 ejus
838 3189 1206 3244 maledictione
1244 3205 1304 3244 os
1353 3191 1564 3260 plenum
1595 3201 1714 3248 est:
1748 3209 1854 3248 non
1883 3195 2024 3250 enim
2057 3196 2150 3251 ba-

566 3279 711 3334 behit
736 3279 982 3334 effectura
1010 3281 1111 3335 ista
1141 3281 1420 3350 cupiditas,
1437 3282 1528 3337 sed
1549 3283 1685 3337 intra
1711 3299 1771 3338 os
1801 3285 1917 3356 ejus
1945 3296 2148 3352 tantum

568 3370 764 3426 valebit
791 3370 856 3425 ad
882 3385 1004 3426 eum
1038 3371 1364 3441 perdendum
1387 3414 1401 3438 ,
1444 3373 1534 3443 qui
1572 3373 1686 3430 lucc
1721 3376 1819 3431 sibi
1863 3392 2023 3433 ausus
2067 3389 2150 3435 est

563 3461 801 3533 polliceri
819 3476 939 3517 cum
961 3462 1314 3518 amaritudine
1341 3472 1394 3518 ct
1419 3463 1564 3532 dolo,
1584 3464 1634 3520 id
1660 3478 1762 3533 est,
1779 3468 1852 3522 ira
1874 3477 1926 3523 et
1944 3469 2148 3526 insidiis

562 3553 755 3626 quibus
782 3555 832 3609 in
863 3569 988 3610 suas
1015 3565 1191 3626 partes
1215 3571 1570 3612 conversurus
1607 3568 1690 3614 est
1729 3561 2144 3620 multitudinem.

563 3645 675 3702 Sub
705 3645 880 3718 lingua
909 3647 1017 3719 ejus
1047 3647 1191 3700 labor
1217 3656 1262 3701 et
1301 3649 1466 3704 dolor.
1510 3648 1650 3704 Nihil
1700 3660 1783 3706 est
1831 3651 2147 3712 laboriosius

562 3739 840 3811 iniquitate
869 3749 922 3796 et
945 3741 1222 3812 impietate
1241 3759 1253 3794 :
1272 3758 1429 3812 quem
1451 3743 1685 3799 laborem
1705 3747 1941 3816 sequitur
1968 3747 2142 3814 dolor;

561 3833 686 3903 quia
715 3848 822 3888 non
847 3833 1018 3888 solum
1045 3834 1160 3889 sine
1186 3833 1375 3902 fructu,
1406 3835 1498 3890 sed
1535 3838 1695 3891 etiam
1735 3839 1802 3892 ad
1851 3839 2144 3908 perniciem

563 3923 851 3979 laboratur.
884 3924 982 3991 Qui
1019 3925 1168 3981 labor
1196 3935 1248 3982 et
1275 3924 1428 3982 dolor
1467 3927 1534 3981 ad
1578 3927 1705 3982 illud
1749 3929 1975 3984 refertur
2003 3931 2144 4001 quod

559 4014 691 4069 dixit
720 4014 771 4070 in
798 4015 961 4071 corde
987 4032 1104 4083 suo,
1132 4015 1252 4070 Non
1284 4017 1513 4073 movebar
1539 4018 1602 4072 de
1629 4021 1946 4089 generatione
1981 4021 2033 4074 in
2058 4038 2144 4092 ge-

560 4107 868 4161 nerationem
896 4107 1003 4161 sine
1030 4109 1165 4162 malo
1198 4125 1217 4162 :
1249 4117 1302 4163 et
1332 4120 1631 4180 propterea,
1663 4112 1754 4164 sub
1783 4111 1958 4183 lingua
1983 4113 2094 4182 ejus
2123 4128 2143 4177 ;

561 4211 689 4263 non,
723 4186 1011 4269 iniliugua;
1041 4200 1288 4268 quoniam
1321 4200 1474 4254 tacite
1520 4199 1618 4254 ista
1659 4201 1982 4269 cogitaturus
2021 4211 2138 4267 est,

559 4286 864 4343 hominibus
889 4298 1064 4343 autem
1094 4290 1196 4343 alia
1225 4290 1515 4355 locuturus,
1550 4300 1605 4346 ut
1651 4291 1820 4346 bonus
1872 4300 1927 4347 ct
1966 4291 2142 4362 justus

560 4388 615 4434 et
647 4379 736 4433 Dei
770 4378 906 4433 filius
931 4379 1196 4434 videatur.

631 4471 721 4525 26.
753 4470 903 4544 [vers.
927 4470 1006 4545 8.]
1037 4473 1188 4527 Sedet
1214 4473 1266 4526 in
1291 4473 1489 4527 insidiis
1513 4490 1623 4527 cum
1651 4475 1905 4531 divitibus.
1939 4476 2140 4544 Quibus

557 4562 828 4631 divitibus,
861 4563 963 4617 nisi
990 4563 1068 4618 eis
1093 4579 1225 4633 quos
1247 4564 1403 4632 hujus
1424 4566 1602 4619 szeculi
1627 4568 1934 4624 muneribus
1956 4585 2140 4625 cumu-

560 4653 723 4711 labit?
751 4656 814 4709 Et
844 4655 963 4709 idco
994 4656 1046 4710 in
1076 4655 1280 4709 insidiis
1305 4670 1423 4710 cum
1467 4655 1547 4710 his
1589 4657 1778 4712 sedere
1815 4661 1985 4715 dictus
2011 4671 2092 4716 est
2119 4704 2135 4728 ,

557 4746 805 4816 quoniam
844 4745 1026 4801 falsam
1079 4745 1379 4802 felicitatem
1422 4747 1655 4816 ipsorum
1699 4749 1767 4804 ad
1795 4750 2138 4822 decipiendos

557 4836 802 4893 homines
845 4837 1148 4893 ostentabit.
1200 4837 1297 4906 Qui
1343 4853 1500 4908 prava
1540 4839 1811 4897 voluntate
1847 4843 1970 4896 dum
2005 4844 2137 4899 tales

557 4943 676 4984 esse
691 4928 929 4999 cupiunt,
947 4936 1000 4982 et
1025 4928 1162 4983 bona
1191 4939 1390 4983 aeterna
1418 4945 1523 4984 non
1548 4939 1810 5000 quaerunt,
1838 4932 1890 4986 in
1916 4931 2137 5002 laqueos

558 5019 675 5089 ejus
703 5019 955 5074 incident.
983 5017 1051 5072 In
1080 5019 1286 5074 occultis
1318 5029 1372 5074 ut
1404 5020 1674 5091 interﬁciat
1706 5022 2036 5077 innocentem.
2065 5023 2134 5080 In

556 5111 767 5165 occultis
802 5119 930 5180 puto
971 5108 1168 5164 dictum
1210 5124 1329 5166 esse
1349 5151 1364 5175 ,
1393 5109 1484 5164 ubi
1513 5125 1616 5165 non
1647 5112 1799 5167 facile
1827 5113 2136 5186 intelligitur

554 5203 678 5276 quid
707 5201 1084 5275 appetendum,
1116 5203 1308 5274 quidve
1332 5201 1635 5273 fugiendum
1659 5205 1729 5259 sit
1757 5223 1770 5260 :
1798 5206 2134 5264 innocentem

555 5307 733 5352 autem
761 5295 1060 5350 interficere
1084 5336 1100 5359 ,
1126 5304 1208 5350 est
1237 5309 1302 5350 ex
1328 5295 1609 5374 innocente
1637 5295 1808 5352 facere
1830 5308 2131 5355 nocentem.

623 5387 712 5442 27.
745 5385 894 5460 [vers.
926 5385 1006 5460 9.]
1040 5385 1191 5441 Oculi
1218 5387 1325 5458 ejus
1344 5386 1397 5439 in
1424 5403 1695 5457 pauperem
1719 5391 2011 5460 respiciunt.
2035 5391 2134 5447 Ju-

554 5493 666 5537 stos
695 5483 836 5538 enim
866 5483 1095 5537 maxime
1120 5490 1494 5550 persecuturus
1522 5490 1603 5535 est
1630 5480 1695 5536 de
1721 5483 1911 5552 quibus
1935 5484 2132 5539 dictum

553 5581 637 5625 est
667 5588 679 5624 :
713 5571 854 5626 Beati
885 5587 1127 5642 pauperes
1157 5571 1358 5641 spiritu,
1401 5570 1518 5639 quia
1559 5569 1782 5640 ipsorum
1822 5582 1894 5626 est
1925 5590 2135 5644 regnum

555 5662 794 5719 caelorum
820 5663 1035 5733 (Matth.
1064 5679 1116 5730 v,
1150 5662 1227 5732 3).
1261 5659 1542 5715 lnsidiatur
1570 5662 1623 5715 in
1651 5664 1864 5728 occulto,
1898 5664 2028 5718 velut
2057 5665 2135 5718 leo

576 5797 733 5921 “11550
769 5796 949 5860 aliqua
987 5797 1151 5860 probae
1187 5803 1316 5846 noue
1350 5802 1478 5857 Mss,
1513 5798 1652 5859 juxta
1691 5801 1819 5845 Lxx.
1843 5797 1912 5857 [οδ
1945 5796 2010 5859 pit
2021 5810 2138 5850 num

548 5871 640 5912 θα.

1805 400 1864 458 S.
1905 397 2275 456 AUGUSTINI
2315 400 2622 463 EPISCOPI
3773 434 3862 494 ηε

2289 517 2342 571 in
2365 519 2520 624 cttb't'lt'
2545 539 2657 577 suo.
2687 523 2919 582 Leonem
2949 529 3001 584 in
3029 531 3188 587 cubili
3216 533 3346 590 dicit
3371 552 3490 594 eum
3521 541 3575 596 in
3599 558 3704 615 quo
3722 556 3772 601 et
3789 551 3858 607 vis

2286 617 2342 663 et
2380 609 2532 664 dolus
2560 615 2881 682 operabitur.
2912 618 3087 674 Prima
3114 625 3254 678 enim
3285 632 3584 696 persecutio
3618 609 3852 696 Ecclesia:

2286 699 2515 756 violenta
2547 702 2666 771 fuit,
2696 721 2815 760 cum
2851 713 3325 781 proscriptionibus
3345 760 3360 784 ,
3415 725 3726 791 tormentis,
3757 743 3854 785 ca:-

2285 791 2456 855 dibus,
2477 793 2763 852 Christiani
2787 799 2852 853 ad
2880 804 3286 862 sacriﬁcandum
3307 823 3631 880 cogerentur
3660 835 3673 870 :
3698 819 3849 878 altera

2286 885 2586 950 persecutio
2635 885 2965 946 fraudulenta
3010 904 3123 960 est,
3157 914 3276 969 quae
3305 917 3442 957 nunc
3486 919 3586 973 per
3624 907 3855 977 cujusce-

2285 973 2428 1028 modi
2460 977 2478 1006 ί
2509 976 2793 1036 haereticos
2833 992 2889 1038 et
2931 985 3096 1042 falsos
3127 987 3318 1046 fratres
3346 995 3522 1064 agitur
3555 1013 3568 1048 :
3604 973 3755 1056 tertia
3778 1019 3857 1058 su.

2281 1080 2460 1136 perest
2489 1087 2583 1142 per
2608 1074 2994 1133 Antichristum
3043 1094 3261 1138 ventura
3288 1127 3302 1152 ,
3335 1102 3435 1157 qua
3464 1091 3601 1145 nihil
3626 1104 3706 1150 est
3733 1100 3856 1167 peri-

2279 1162 2536 1231 culosius,
2554 1169 2802 1236 quoniam
2824 1180 2878 1225 et
2907 1173 3132 1228 violenta
3165 1186 3218 1231 et
3248 1179 3580 1237 fraudulenta
3610 1162 3856 1249 eritIVim

2281 1251 2494 1310 habebit
2521 1257 2572 1310 in
2601 1259 2842 1329 imperio,
2871 1263 3050 1318 dolum
3080 1267 3131 1321 in
3158 1268 3428 1327 miraculis
3457 1293 3470 1329 :
3501 1275 3570 1330 ad
3599 1279 3702 1334 vim
3731 1283 3855 1338 rela~

2278 1353 2387 1400 tum
2415 1358 2516 1412 est,
2548 1351 2688 1421 quod
2720 1352 2918 1408 dictum
2951 1367 3050 1421 est,
3087 1358 3198 1426 leo;
3220 1361 3284 1416 ad
3310 1363 3483 1432 dolos,
3508 1371 3652 1437 quod
3675 1372 3852 1432 dictum

2275 1446 2377 1501 est,
2405 1439 2458 1492 in
2484 1441 2638 1496 cubili
2678 1461 2789 1498 suo.
2835 1445 2903 1500 Et
2933 1464 3141 1503 rursum
3184 1451 3295 1520 ipsa
3326 1459 3551 1525 repetita
3586 1473 3707 1514 sunt
3735 1481 3849 1520 ron-

2275 1545 2432 1586 vcrso
2458 1533 2663 1590 ordine.
2691 1535 2991 1605 lnsidiatur,
3025 1542 3213 1613 inquit,
3246 1557 3300 1598 ut
3339 1551 3507 1618 rapiat
3546 1570 3811 1623 pauperem
3839 1575 3854 1619 τ

2275 1621 2375 1677 hoc
2405 1623 2469 1678 ad
2500 1625 2680 1681 dolum
2723 1630 2948 1696 pertinet
2982 1651 2993 1685 :
3024 1635 3164 1702 quod
3206 1647 3382 1692 autem
3423 1621 3707 1711 sequitur,
3754 1646 3848 1701 Ra-

2273 1732 2390 1784 pere
2410 1733 2678 1786 pauperem
2705 1721 2826 1772 dum
2848 1725 3056 1777 aura/tit
3086 1741 3221 1792 eum,
3240 1728 3509 1786 violentim
3538 1734 3844 1806 deputatur;

2270 1808 2478 1860 aura/tit
2504 1810 2642 1863 enim
2672 1813 2951 1881 significat,
2983 1817 3176 1886 quibus
3202 1829 3376 1888 potest
3407 1826 3734 1884 cruciatibus
3777 1831 3847 1885 af-

2271 1896 2499 1967 ﬂigcndo
2526 1901 2589 1954 ad
2619 1916 2677 1955 se
2704 1903 2934 1960 adducit.

2337 1989 2431 2044 28.
2474 1989 2624 2063 [rcrs.
2653 1992 2761 2066 10.]
2793 1995 2918 2050 Item
2950 1997 3055 2052 duo
3084 2016 3201 2069 qum
3229 2013 3547 2074 sequuntur,
3578 2009 3690 2080 ipsa
3717 2023 3840 2069 sunt.

2268 2078 2335 2132 In
2362 2082 2646 2152 muscipula
2679 2101 2773 2138 sua
2811 2088 3097 2143 ltuntiliabit
3141 2108 3275 2152 eum.
3321 2093 3476 2151 dolus
3507 2078 3611 2152 est.
3636 2099 3844 2157 Inclina-

2268 2172 2420 2236 bitur,
2464 2184 2512 2228 et
2551 2177 2716 2243 cadet,
2749 2178 2869 2232 dum
2894 2181 3237 2238 dominabitur
3277 2203 3583 2256 pauperum,
3622 2193 3700 2247 vis
3729 2206 3838 2251 est:

2268 2266 2559 2337 muscipula
2591 2269 2731 2324 enim
2774 2270 2910 2327 bene
2958 2275 3219 2345 significat
3267 2279 3530 2349 insidias;
3562 2282 3837 2342 dominatio

2267 2372 2396 2413 vero
2443 2367 2700 2415 terrorem
2749 2365 3084 2433 apertissime
3136 2367 3386 2424 insinuat.
3439 2373 3508 2427 Et
3552 2373 3689 2430 bene
3738 2379 3834 2443 ait,

2266 2451 2572 2506 Humiliabit
2605 2470 2718 2508 eum
2743 2456 2795 2510 in
2827 2458 3113 2524 muscipula
3154 2477 3248 2514 sua
3291 2478 3310 2516 :
3348 2478 3468 2518 cum
3519 2466 3664 2521 enim
3702 2469 3833 2538 signa

2263 2542 2350 2597 illa
2403 2544 2577 2600 facere
2624 2548 2882 2617 coeperit,
2933 2559 3134 2619 quanto
3178 2553 3504 2609 mirabiliora
3536 2558 3836 2615 videbuntur

2263 2633 2588 2703 hominibus,
2620 2647 2766 2692 tanto
2793 2639 2866 2694 illi
2895 2643 3098 2709 sancti,
3131 2645 3217 2710 qui
3276 2654 3400 2701 tunc
3451 2661 3634 2714 erunt,
3664 2661 3831 2706 conte-

2261 2737 2599 2794 mnentur,et
2626 2730 2774 2800 quasi
2804 2745 2900 2800 pro
2929 2731 3095 2786 nihilo
3117 2731 3480 2802 habebuntur;
3513 2756 3649 2808 quos
3666 2742 3746 2796 ille
3760 2744 3832 2797 cui

2258 2832 2352 2888 per
2369 2818 2626 2888 justitiam
2653 2829 2706 2875 et
2734 2822 3089 2877 innocentiam
3119 2826 3389 2889 resistent.
3415 2830 3658 2886 mirificis
3701 2833 3832 2887 factis

2258 2922 2510 2978 superare
2538 2910 2821 2966 videbitur.
2852 2912 2955 2968 Sed
2968 2913 3314 2982 inclinabitur,
3343 2929 3389 2972 et
3415 2922 3588 2987 cadet,
3611 2924 3727 2976 dum
3752 2924 3831 2976 do-

2257 3001 2531 3055 minabitur
2559 3021 2861 3072 pauperum,
2893 3004 2945 3059 id
2986 3015 3086 3071 est,
3135 3006 3259 3061 dum
3299 3011 3558 3078 quaelibet
3591 3014 3824 3083 supplicia

2258 3090 2519 3161 irrogabit
2545 3095 2914 3149 resistentibus
2943 3095 3042 3150 sibi
3075 3098 3244 3152 servis
3270 3099 3383 3154 Dei.

2325 3184 2418 3239 29.
2453 3183 2602 3256 [vers.
2629 3187 2716 3252 ll,
2745 3185 2857 3260 12.]
2890 3186 3044 3244 Unde
3070 3202 3246 3246 autem
3277 3193 3644 3265 inclinabitur,
3671 3209 3722 3254 et
3750 3215 3825 3255 ca-

2255 3273 2388 3330 det?
2415 3275 2554 3330 Dixit
2580 3279 2710 3331 enim
2733 3279 2786 3332 in
2812 3280 2962 3333 corde
2983 3297 3073 3335 suo
3104 3299 3122 3336 :
3153 3282 3352 3338 Oblitus
3372 3297 3442 3339 est
3467 3287 3630 3353 Deus,
3666 3293 3824 3346 auertit

2255 3369 2440 3440 faciem
2467 3386 2632 3434 suam,
2659 3386 2721 3423 ne
2744 3371 2908 3424 videat
2929 3388 3086 3442 usque
3110 3376 3163 3428 in
3194 3376 3366 3444 ﬁnem.
3401 3377 3531 3435 Hcce
3570 3392 3650 3437 est
3690 3383 3822 3438 ineli-

2255 3461 2397 3515 natio
2441 3470 2496 3515 et
2537 3475 2692 3515 casus
2718 3463 3069 3530 miserrimus,
3099 3465 3223 3520 dum
3255 3468 3462 3524 animus
3493 3470 3752 3527 humanus
3777 3474 3819 3526 in

2254 3552 2366 3606 suis
2412 3552 2776 3620 iniquitatibus
2824 3557 2973 3624 quasi
3025 3569 3386 3625 proslieratur,
3440 3572 3496 3616 et
3549 3566 3690 3634 parci
3733 3565 3821 3619 sibi

2253 3651 2433 3712 putat;
2464 3657 2584 3697 cum
2608 3653 2924 3709 excaccctur,
2955 3656 3010 3701 et
3033 3657 3275 3704 servetur
3303 3650 3368 3704 ad
3390 3653 3627 3710 ultimam
3647 3671 3820 3726 oppor-

2255 3742 2540 3803 tunamque
2569 3733 2874 3800 vindictam,
2898 3735 2968 3791 de
2994 3753 3094 3807 qua
3121 3755 3259 3794 nunc
3281 3740 3389 3808 jam
3422 3743 3658 3812 loquitur
3678 3786 3692 3810 ,
3718 3745 3817 3800 E1:-

2253 3841 2422 3895 surge,
2447 3824 2664 3881 Domine
2685 3825 2844 3893 Deus,
2877 3830 3126 3883 eacaltetnr
3153 3849 3335 3887 manus
3365 3844 3487 3900 tua;
3518 3838 3568 3891 id
3597 3845 3694 3901 est,
3722 3851 3817 3891 ma-

2251 3916 2441 3971 nifesta
2487 3917 2555 3971 sit
2599 3919 2833 3988 potentia
2889 3928 2995 3974 tua.
3051 3920 3310 3990 Superius
3357 3936 3536 3981 autem
3585 3928 3813 3992 dixerat,

2251 4006 2504 4080 Exsurge,
2556 4009 2799 4074 Domine,
2849 4027 2950 4065 non
2999 4015 3270 4081 pravaleat
3318 4015 3466 4069 homo
3487 4059 3504 4084 ,
3542 4019 3816 4090 judicentur

2249 4111 2417 4171 gentes
2446 4102 2498 4154 in
2527 4114 2796 4171 conspectu
2836 4112 2920 4156 tuo
2940 4121 2958 4170 ;
2987 4103 3039 4157 id
3082 4115 3166 4160 est
3205 4107 3255 4160 iu
3301 4109 3541 4175 occulto,
3576 4113 3660 4166 ubi
3686 4110 3814 4165 solus

2251 4193 2390 4247 Deus
2418 4193 2577 4247 videt.
2627 4195 2737 4249 Hoc
2781 4196 2975 4251 factum
3007 4205 3089 4252 est
3111 4240 3126 4265 ,
3156 4213 3276 4254 cum
3307 4201 3452 4271 impii
3488 4203 3556 4258 ad
3589 4217 3812 4275 magnam

2249 4299 2368 4353 truce
2397 4283 2604 4339 videtur
2632 4285 2934 4341 hominibus
2964 4287 3271 4344 felicitatem
3319 4303 3705 4360 pervenerunt;
3730 4308 3810 4348 su-

2250 4389 2346 4444 per
2376 4391 2510 4445 quos
2539 4377 2879 4431 constituitur
2908 4378 3179 4449 legislator
3202 4421 3217 4446 ,
3248 4383 3456 4451 qualem
3488 4383 3686 4441 habere
3711 4397 3811 4440 me-

2247 4476 2488 4533 ruerunt,
2519 4467 2585 4522 de
2611 4483 2715 4538 quo
2738 4467 2931 4522 dicitur
2956 4487 2968 4523 :
2995 4469 3280 4537 Coustitue,
3308 4471 3550 4542 Domine,
3576 4475 3813 4546 legislatu-

2247 4578 2353 4615 rem
2389 4578 2540 4632 super
2577 4578 2678 4626 eos,
2730 4563 2888 4616 sciant
2934 4573 3104 4632 gentes
3141 4565 3379 4633 quoniam
3418 4568 3642 4623 homines
3689 4572 3806 4620 sunt.

2246 4652 2396 4708 Nunc
2415 4663 2590 4706 autem
2619 4664 2734 4724 post
2756 4653 2896 4708 illam
2933 4655 3191 4708 occultam
3225 4671 3433 4724 pinnam
3461 4669 3622 4730 atque
3649 4654 3805 4711 vindi-

2246 4755 2387 4800 ctam
2415 4744 2629 4809 dicitur,
2661 4744 2908 4816 Exsurge,
2943 4745 3156 4799 Domine
3191 4745 3344 4814 Deus,
3376 4751 3622 4804 exaltetur
3647 4761 3804 4801 manus

2246 4846 2333 4890 tua
2363 4852 2382 4890 :
2406 4852 2510 4890 non
2535 4836 2712 4905 utique
2738 4837 2788 4888 iu
2815 4837 3042 4900 occulto,
3068 4837 3161 4892 sed
3186 4838 3293 4908 jam
3318 4839 3369 4892 in
3400 4837 3803 4894 manifestissima

2244 4929 2432 5001 gloria.
2462 4927 2544 4984 Ne
2564 4929 2869 4982 obliviscaris
2898 4946 3176 5000 pauperum
3201 4931 3254 4985 in
3280 4931 3457 5000 linem;
3478 4931 3529 4986 id
3555 4939 3654 4997 est,
3681 4929 3800 4984 sicut

2244 5022 2389 5090 impii
2423 5030 2641 5088 putant,
2671 5022 2756 5088 qui
2785 5020 2971 5074 dicunt
3001 5037 3013 5073 :
3050 5020 3243 5075 Oblitus
3263 5031 3334 5075 est
3356 5021 3515 5088 Deus,
3543 5022 3714 5077 avertit
3734 5020 3801 5088 fa-

2245 5115 2368 5168 ciem
2406 5130 2548 5169 suam
2591 5129 2655 5167 ne
2682 5113 2846 5167 videat
2875 5129 3038 5182 usque
3083 5113 3135 5166 in
3172 5114 3341 5181 linem.
3373 5114 3552 5187 Usque
3579 5115 3630 5169 in
3661 5113 3797 5167 linem

2243 5217 2420 5260 autem
2449 5213 2640 5274 negant
2667 5205 2830 5259 Deum
2870 5203 3083 5271 videre,
3124 5205 3212 5274 qui
3243 5205 3426 5260 dicunt
3459 5223 3579 5262 eum
3608 5220 3692 5260 res
3717 5201 3798 5253 hu-

2245 5311 2428 5352 manas
2454 5304 2507 5351 et
2537 5305 2772 5351 terrenas
2817 5310 2921 5351 non
2965 5311 3189 5362 curare;
3233 5300 3480 5368 quoniam
3507 5307 3640 5354 terra
3666 5285 3795 5362 quasi

2246 5391 2365 5445 linis
2391 5397 2473 5444 est
2499 5403 2696 5453 rerum,
2729 5390 2849 5458 quia
2881 5389 3123 5444 ultimum
3151 5389 3474 5445 elementum
3513 5397 3595 5445 est
3627 5387 3673 5440 in
3704 5390 3795 5450 quo

2244 5482 2488 5537 homines
2511 5480 2900 5544 ordinatissime
2924 5481 3185 5549 laborant,
3213 5481 3305 5538 sed
3336 5481 3569 5538 laborum
3597 5487 3788 5533 suorum

2245 5571 2485 5627 ordinem
2520 5571 2698 5626 videre
2724 5586 2830 5626 non
2855 5580 3097 5643 possunt,
3126 5574 3215 5643 qui
3248 5574 3477 5628 maxime
3497 5571 3717 5644 pertinet
3734 5559 3790 5615 ad

2309 5733 2326 5764 ¹
2347 5731 2490 5802 tsditi,
2521 5725 2864 5802 hujuscemodi.
2897 5729 2989 5780 Sed
3016 5727 3193 5802 melius
3221 5729 3403 5802 aliquot
3441 5739 3565 5790 Mss,

2244 5793 2377 5845 modi
2403 5805 2421 5842 :
2450 5781 2546 5855 qua
2576 5781 2702 5842 'voce
2733 5792 2884 5841 utitur
2912 5795 3086 5856 passim
3118 5781 3426 5857 Augustinus,
3450 5806 3536 5856 pro
3553 5781 3790 5852 'quulibur

2249 5866 2465 5918 mque.
