4078 6412
237 374 333 433 129

230 491 422 547 occulta
445 490 582 546 Filii.
607 491 882 547 Laborans
903 503 1029 560 ergo
1045 488 1281 544 Ecclesia
1311 488 1416 543 illis
1440 489 1790 558 temporibus,

230 593 462 655 tanquam
491 585 640 636 navis
671 583 722 636 in
752 582 958 652 magnis
981 580 1233 636 ﬂuctibus
1258 590 1311 636 et
1339 580 1612 650 procellis,
1640 578 1793 649 quasi

223 671 556 728 dormientem
603 673 798 728 excitat
840 672 1119 727 Dominum
1145 713 1161 739 ,
1195 679 1254 727 ut
1306 671 1532 740 imperet
1572 671 1744 725 ventis
1772 709 1790 737 ,

223 775 271 818 et
296 764 640 833 tranquillitas
669 763 852 819 redeat
879 779 894 817 :
924 762 1054 818 dicit
1078 778 1208 834 ergo
1227 803 1242 826 ,
1275 761 1531 834 Exsurge,
1571 760 1792 817 Domine

223 853 367 915 Deus.
398 854 642 909 exaltetur
685 871 864 910 manus
904 863 1013 920 tua,
1049 869 1111 908 ne
1146 852 1457 908 obliviscaris
1511 869 1791 924 pauperum

221 945 267 1019 in
289 945 450 1012 ﬁnem.

283 1034 364 1090 30.
395 1033 546 1106 [νινε.
580 1037 667 1102 15,
693 1035 808 1111 1L]
827 1035 943 1092 iam
970 1037 1146 1105 itaque
1172 1035 1510 1092 manifestum
1529 1034 1788 1106 judicium

233 1126 587 1196 intelligentes,
611 1138 665 1183 et
704 1130 1036 1185 exsultantes
1074 1129 1296 1196 dicunt,
1332 1129 1550 1200 PrOpter
1576 1129 1697 1200 quid
1716 1129 1788 1183 ir-

224 1219 375 1272 ritavi:
408 1216 590 1288 impius
615 1217 818 1274 Deum?
848 1219 898 1274 id
926 1230 1008 1276 est
1028 1261 1043 1286 ,
1081 1220 1203 1291 quid
1233 1219 1428 1290 profuit
1459 1229 1603 1276 tanta
1639 1220 1778 1276 mala

223 1309 413 1364 facere?
439 1307 579 1362 Dixit
609 1311 741 1364 enim
771 1311 823 1364 in
851 1310 1003 1365 corde
1027 1327 1121 1365 suo
1144 1326 1163 1364 :
1193 1309 1247 1364 Ν
1249 1328 1312 1365 on
1327 1312 1561 1383 requiret.
1582 1312 1784 1367 Deinde

221 1400 436 1469 sequitur
463 1419 476 1454 :
517 1399 665 1454 Vides
692 1402 930 1472 quoniam
959 1409 1012 1456 tu
1038 1402 1260 1458 laborem
1284 1413 1330 1458 et
1357 1404 1485 1458 iram
1513 1405 1531 1436 ¹
1555 1404 1786 1459 conside-

220 1507 307 1553 ras,
334 1500 385 1544 ut
411 1493 584 1546 tradas
607 1509 692 1548 eos
716 1493 988 1549 in'manus
1024 1504 1156 1549 tuas.
1186 1495 1388 1551 Sensus
1413 1497 1512 1552 iste
1543 1511 1782 1566 pronun-

222 1583 468 1638 tiationem
498 1585 711 1655 quaerit,
741 1586 793 1641 in
819 1602 923 1656 qua
952 1587 996 1642 si
1035 1597 1270 1644 erratum
1300 1588 1498 1652 fuerit,
1526 1590 1783 1645 obscura-

219 1687 306 1731 tur.
323 1675 406 1733 Sic
423 1678 565 1733 enim
589 1678 720 1732 dixit
741 1679 792 1733 in
814 1678 976 1735 corde
1003 1695 1103 1736 suo
1127 1680 1320 1751 impius
1349 1700 1362 1736 :
1389 1680 1510 1736 Non
1542 1681 1784 1752 requiret

217 1767 357 1833 Deus,
387 1769 532 1839 quasi
563 1769 701 1824 Deus
729 1769 965 1825 laborem
990 1779 1045 1826 et
1066 1772 1200 1826 iram
1229 1771 1557 1837 consideret,
1589 1780 1646 1827 ut
1670 1779 1779 1827 tra-

214 1858 294 1914 dat
310 1875 394 1916 eos
414 1860 464 1914 in
493 1877 682 1917 manus
711 1876 866 1927 suas;
897 1861 947 1915 id
975 1870 1076 1928 est,
1095 1865 1244 1934 quasi
1270 1862 1515 1918 laborare
1535 1871 1590 1916 et
1619 1862 1778 1919 irasci

214 1959 395 2015 timeat,
421 1964 474 2008 et
509 1962 794 2025 propterea
832 1954 935 2009 illis
973 1963 1189 2025 parcat,
1230 1971 1298 2010 ne
1333 1970 1558 2010 onerosa
1598 1954 1671 2009 illi
1709 1955 1782 2010 sit

209 2059 349 2113 pama
368 2061 570 2110 eorum,
589 2055 679 2098 aut
705 2061 772 2101 ne
799 2045 1088 2101 iracundiae
1121 2048 1142 2078 ³
1173 2055 1484 2115 tempestate
1515 2047 1775 2113 turbetur,

209 2135 454 2206 quomodo
486 2136 800 2206 plerumque
846 2135 1090 2191 homines
1139 2135 1356 2203 faciunt,
1384 2137 1778 2193 dissimulantes

207 2225 494 2292 vindictam,
527 2241 597 2281 ne
626 2225 887 2295 laborent,
917 2236 1010 2281 aut
1038 2226 1335 2282 irascantur
1361 2226 1404 2283 ³.

265 2317 350 2372 3|.
381 2317 490 2370 Tibi
529 2317 796 2372 derelictus
836 2327 909 2371 est
957 2335 1168 2388 pauper.
1213 2316 1339 2373 ideo
1382 2318 1526 2374 enim
1570 2333 1772 2388 pauper

205 2417 294 2469 est.
322 2409 370 2464 id
391 2418 492 2473 est,
527 2410 707 2464 omnia
739 2409 898 2480 hujus
923 2409 1104 2464 mundi
1136 2411 1446 2480 temporalia
1477 2411 1616 2466 bona
1645 2425 1776 2466 con-

207 2502 436 2572 tempsit,
478 2512 535 2557 ut
577 2512 630 2557 tu
660 2501 734 2557 sis
766 2510 966 2557 tantum
999 2517 1123 2572 spes
1163 2502 1298 2573 ejus.
1340 2500 1549 2572 Pupilla
1587 2511 1642 2555 tu
1676 2502 1775 2558 eris

204 2595 426 2664 adjutor;
453 2595 504 2649 id
527 2603 628 2660 est,
657 2595 706 2650 ei
728 2594 812 2650 cui
842 2595 1066 2650 moritur
1090 2605 1244 2665 pater
1276 2595 1363 2651 hic
1391 2594 1620 2651 mundus
1639 2636 1653 2659 ,
1679 2611 1776 2664 per

201 2701 348 2756 quem
373 2687 658 2742 carnaliter
693 2687 904 2756 genitus
932 2695 1046 2749 est,
1095 2695 1149 2742 et
1185 2686 1294 2756 jam
1337 2695 1512 2756 potest
1555 2685 1769 2742 dicere:

202 2778 414 2834 Mundus
431 2780 554 2834 mihi
572 2780 848 2849 cruciﬁxus
872 2787 963 2843 est,
987 2787 1035 2834 et
1056 2795 1145 2850 ego
1167 2777 1357 2830 mundo
1385 2776 1526 2844 (Gal.
1551 2794 1625 2842 γι,
1655 2778 1768 2848 14).

201 2869 404 2926 Talibus
430 2870 572 2926 enim
616 2869 831 2940 pupillis
874 2879 1023 2939 pater
1065 2869 1123 2923 fit
1167 2868 1326 2924 Deus.
1375 2869 1537 2923 Docet
1580 2870 1773 2938 quippe

200 2959 444 3016 Dominus
471 2960 701 3031 pupillos
730 2959 841 3014 fieri
877 2959 1169 3029 discipulos
1195 2975 1320 3014 suos
1339 3002 1353 3021 ,
1385 2959 1577 3030 quibus
1601 2959 1730 3013 dicit
1755 2976 1769 3013 :

201 3048 274 3106 Ne
296 3049 432 3105 vobis
454 3051 634 3105 dicatis
673 3062 865 3122 patrem
895 3049 946 3104 in
971 3050 1116 3103 terris
1141 3049 1354 3118 (Matth.
1384 3067 1533 3113 χχιιι,
1563 3050 1642 3118 9).
1669 3048 1772 3105 Ctt-

198 3139 274 3210 jus
307 3142 386 3197 rei
428 3142 734 3211 exemplum
773 3140 998 3210 praebuit
1027 3140 1175 3210 prior
1205 3141 1318 3210 ipse
1344 3140 1568 3196 dicendo
1596 3157 1611 3198 :
1648 3141 1773 3208 Qtna

199 3233 310 3286 mihi
333 3241 514 3300 mater,
546 3242 632 3286 aut
661 3233 747 3301 qui
773 3231 956 3298 fratres
978 3229 1091 3300 (Id.
1124 3248 1194 3286 xu
1215 3274 1229 3294 ,
1257 3230 1384 3301 48)?
1413 3231 1562 3287 Unde
1588 3232 1773 3288 volunt

200 3323 396 3394 quidam
442 3323 879 3392 perniciosissimi
923 3323 1158 3378 lucretici
1205 3325 1280 3393 (a)
1341 3339 1614 3390 assvrere,
1663 3339 1768 3379 non

201 3429 304 3470 eum
334 3414 584 3470 habuisse
621 3422 846 3468 matrem
880 3430 896 3469 :
930 3429 1028 3470 nec
1056 3413 1237 3470 vident
1277 3430 1394 3470 esse
1437 3431 1769 3487 c0usequeus

202 3506 238 3560 si
264 3505 371 3562 hac
395 3505 560 3562 verba
586 3505 892 3569 attendant,
937 3514 991 3560 ut
1030 3521 1130 3560 nec
1169 3505 1408 3574 discipuli
1440 3505 1555 3576 ejus
1593 3516 1768 3576 patres

200 3596 499 3663 habuerint;
529 3599 650 3668 quia
677 3598 816 3653 sicut
840 3597 952 3667 ipse
981 3597 1131 3658 dixit,
1169 3597 1295 3664 Quae
1316 3597 1440 3651 mihi
1469 3608 1626 3652 mater
1653 3607 1766 3663 est,

200 3689 267 3746 sic
289 3690 407 3747 illos
436 3691 616 3746 docuit
635 3732 652 3759 ,
683 3705 805 3746 cum
848 3689 922 3745 ait
953 3708 967 3744 :
1001 3688 1176 3744 Nolite
1215 3690 1350 3746 vobis
1379 3691 1544 3746 dicere
1574 3702 1768 3761 patrem

198 3780 243 3836 in
263 3786 418 3839 terris.
1307 3831 1320 3858 κ

255 3875 334 3930 52.
364 3875 520 3950 [vers.
551 3873 798 3948 15.16.]
844 3871 1054 3930 Comere
1097 3871 1357 3926 brachium
1399 3874 1674 3944 peccatoris
1719 3881 1767 3928 et

199 3967 428 4038 maligni;
464 3967 607 4021 illius
633 3965 833 4021 scilicet
872 3965 939 4020 de
977 3979 1082 4034 quo
1112 3979 1270 4033 supra
1295 3962 1608 4018 dicebatur:
1644 3963 1766 4016 0m-

197 4057 316 4112 nittm
351 4058 681 4113 inimicorum
708 4072 915 4111 suorum
941 4054 1301 4110 dominabitur.
1331 4053 1609 4108 Brachium
1638 4058 1775 4125 ergo

195 4147 322 4217 ejus,
347 4149 490 4205 dixit
527 4147 820 4219 potentiam
850 4147 1004 4216 ejus:
1032 4145 1116 4201 cui
1156 4148 1421 4200 contraria
1460 4153 1541 4198 est
1568 4141 1763 4199 Christi

197 4241 432 4306 potentia,
457 4239 527 4295 de
548 4254 651 4310 qua
672 4237 865 4293 dicitur
888 4255 901 4291 :
935 4235 1184 4307 Exsurge,
1210 4235 1426 4290 Domine
1447 4233 1601 4302 Deus,
1627 4235 1765 4290 exal-

201 4337 312 4386 tetur
333 4350 511 4387 manus
551 4341 673 4386 tua.
699 4329 1002 4399 Requiretur
1037 4329 1275 4383 delictum
1314 4329 1453 4399 ejus,
1494 4344 1585 4381 nec
1623 4329 1762 4380 inve-

202 4422 364 4478 nietur.
393 4424 624 4492 Propter
651 4421 779 4476 illud
799 4463 813 4484 ,
844 4419 894 4474 id
923 4429 1005 4475 est
1031 4417 1077 4486 ⁸,
1104 4417 1424 4488 judicabitur
1457 4417 1522 4472 de
1549 4427 1763 4486 peccato

203 4523 318 4578 suo,
345 4523 397 4569 et
434 4514 554 4582 ipse
598 4513 767 4582 perict
797 4519 1014 4580 propter
1049 4516 1321 4579 peccatum
1349 4522 1522 4561 suum.
1562 4506 1763 4563 Deinde

203 4602 310 4672 quid
331 4606 522 4661 mirum
555 4603 600 4660 si
633 4603 889 4672 sequitur,
921 4600 1169 4655 Dominus
1196 4599 1416 4669 regnabit
1442 4599 1496 4652 in
1520 4607 1761 4653 internum

200 4708 225 4746 ι
263 4693 310 4746 in
332 4693 572 4751 naculum
608 4693 810 4760 saeculi,
843 4691 1068 4763 peribitis
1097 4699 1266 4761 gentes
1309 4688 1371 4743 de
1411 4697 1544 4743 terra
1582 4690 1764 4744 illius?

206 4782 380 4843 Gentes
404 4788 600 4859 posuit,
631 4795 941 4858 peccatores
970 4791 1024 4839 et
1048 4783 1260 4853 impios.

263 4881 345 4937 33.
375 4881 523 4956 [νει-ε.
557 4881 674 4955 17.]
701 4879 1018 4935 Desiderium
1049 4893 1328 4948 pauperum
1366 4876 1618 4931 exaudivit
1648 4875 1759 4930 Do-

206 4971 392 5029 minus:
423 4973 748 5031 desiderium
779 4969 907 5026 illud
936 4984 1042 5042 quo
1068 4968 1396 5029 :estuabant.
1427 4981 1546 5021 cum
1579 4967 1631 5020 in
1666 4981 1761 5021 an-

207 5064 370 5129 gustiis
401 5075 452 5121 et
491 5061 919 5120 tribulationibus
958 5059 1117 5131 hujus
1144 5058 1324 5114 smculi
1369 5056 1576 5112 Domini
1619 5056 1757 5112 diem

206 5157 636 5226 concupiscerent.
671 5153 1106 5222 Prteparationem
1126 5150 1293 5205 cordis
1315 5165 1489 5204 eorum
1508 5148 1760 5203 exaudivit

208 5245 327 5300 auris
349 5255 430 5301 tua
453 5264 472 5303 :
502 5247 618 5304 haec
645 5254 727 5304 est
750 5244 926 5326 cordis
955 5242 1273 5316 praeparatio
1290 5283 1306 5309 ,
1345 5240 1413 5296 de
1438 5255 1538 5311 qua
1566 5239 1620 5294 in
1653 5239 1759 5295 alio

205 5428 218 5435 -
263 5396 396 5464 Ἶλον.
435 5402 580 5464 addit,
601 5405 649 5453 et
688 5398 1086 5463 dolorem;un
1123 5410 1154 5448 a
1183 5396 1321 5448 libris
1340 5397 1447 5446 aliis
1478 5404 1532 5446 et
1569 5409 1597 5446 a
1632 5409 1757 5460 grae-

210 5459 426 5610 mib
459 5537 518 5610 ne
539 5522 794 5610 ίναξαηίὲία
824 5525 1162 5610 cenem
1187 5520 1753 5610 emisissere-

303 5582 370 5632 sic
391 5580 548 5647 proba;
568 5593 695 5637 notae
717 5594 821 5635 Mss.
842 5583 961 5635 Editi
981 5580 1118 5644 vero,
1137 5581 1222 5646 qui
1238 5580 1539 5634 dissimulata
1551 5581 1760 5634 vindicta

211 5701 444 5815 “tandm:
469 5705 808 5775 Rrepterillud
842 5705 990 5762 idem
1017 5711 1127 5760 Uss.
1151 5705 1335 5772 aliquot
1356 5712 1582 5760 :Prouter
1614 5702 1737 5758 illud

267 5821 336 5888 (α)
365 5829 594 5886 Nam

851 5951 934 5961 <—~-
956 5956 1016 5965 ...ο

1345 371 1740 430 ΕΝΛΙὶΙὶΑΤΙΟ
1781 370 1843 428 IN
1883 374 2202 433 PSALMUM
2243 377 2334 434 IX.

3389 397 3492 456 150

1906 489 2112 558 psalmo
2139 493 2367 562 canitur,
2405 493 2651 552 Paratum
2678 515 2765 554 cor
2787 516 2953 556 meum
2972 543 2989 571 ,
3038 501 3214 575 Deus,
3256 522 3490 579 paratum

1904 595 1992 633 cor
2017 598 2182 636 meum
2212 581 2382 656 (Psal.
2410 601 2536 653 LVI,
2572 588 2668 658 8);
2693 590 2761 647 de
2787 607 2889 662 qua
2918 593 3046 650 dicit
3072 597 3396 666 Apostolus:
3428 602 3490 659 Si

1901 683 2067 727 autem
2102 675 2240 742 quod
2266 692 2367 730 non
2389 678 2612 734 videmus
2632 698 2893 751 speramus
2910 725 2924 752 ,
2957 702 3048 756 per
3081 689 3376 758 patientiam
3400 709 3489 749 ea:—

1900 773 2182 835 speetamus
2209 764 2384 839 (Rom.
2413 785 2535 835 Vill,
2563 771 2681 842 25).
2709 772 2826 829 Jam
2851 791 2980 832 vero
3006 793 3189 836 aurem
3222 781 3350 850 Dei,
3378 800 3487 843 non

1898 856 2199 911 membrum
2227 873 2564 928 corporeum,
2592 862 2685 918 sed
2713 867 3000 933 potentiam
3030 884 3151 926 esse
3183 888 3287 942 qua
3317 889 3486 932 exau-

1897 943 2008 1010 dit,
2042 947 2362 1017 regulariter
2388 950 2647 1006 debemus
2677 955 2954 1025 accipere;
2986 966 3144 1029 atque
3170 962 3239 1016 ita
3265 965 3485 1034 quibus-

1896 1050 2000 1105 que
2029 1037 2316 1093 nominatis
2347 1040 2601 1096 membris
2629 1041 2744 1110 ejus
2764 1085 2779 1109 ,
2811 1060 2929 1114 quae
2978 1046 3031 1102 in
3077 1049 3230 1106 nobis
3258 1053 3482 1114 visibilia

1895 1133 1950 1180 et
1977 1140 2234 1197 corporea
2274 1138 2429 1197 sunt,
2461 1132 2726 1200 potentias
2761 1136 3127 1205 operationum
3168 1153 3378 1213 oportet
3400 1144 3482 1202 in-

1896 1215 2080 1287 telligi,
2114 1234 2181 1274 ne
2201 1234 2344 1290 saepe
2365 1221 2464 1276 ista
2485 1231 2797 1292 repetantur
2819 1243 2834 1280 :
2867 1242 2974 1282 non
2998 1229 3141 1284 enim
3162 1245 3478 1304 corporeum

1894 1308 1973 1365 fas
1998 1320 2081 1366 est
2105 1321 2312 1382 putare,
2343 1315 2486 1384 quod
2513 1316 2766 1372 Dominus
2793 1319 2933 1376 Deus
2956 1335 3063 1376 non
3083 1333 3359 1382 sonantem
3384 1342 3479 1384 vo-

1890 1414 2032 1464 cem,
2058 1402 2152 1456 sed
2182 1406 2626 1474 praeparationem
2652 1409 2830 1463 cordis
2859 1411 3096 1466 exaudit.

1961 1493 2050 1547 54.
2085 1491 2233 1566 [vers.
2269 1495 2379 1569 18.]
2406 1497 2651 1553 Judicare
2685 1501 2882 1570 pupillo
2920 1512 2966 1557 et
3001 1505 3226 1561 humili:
3265 1508 3317 1563 id
3357 1519 3473 1579 est,

1890 1596 1995 1636 non
2021 1583 2069 1638 ei
2092 1584 2184 1655 qui
2209 1585 2572 1643 conformatur
2600 1589 2724 1645 huic
2752 1593 2949 1648 smeulo
2971 1635 2985 1658 ,
3013 1610 3187 1665 neque
3217 1599 3471 1667 superbo.

1886 1673 2045 1728 Aliud
2075 1685 2157 1729 est
2185 1676 2328 1731 enim
2353 1677 2596 1748 judicare
2625 1681 2904 1750 pupillum,
2937 1684 3079 1738 aliud
3105 1685 3347 1753 judicare
3377 1705 3476 1758 pu-

1887 1764 2014 1834 pillo
2038 1782 2051 1817 :
2081 1765 2284 1835 judicat
2312 1769 2572 1839 pupillum
2596 1771 2754 1825 etiam
2778 1773 2867 1842 qui
2892 1774 3244 1842 condemnat;
3271 1777 3474 1847 judicat

1885 1865 2060 1910 autem
2091 1858 2294 1927 pupillo
2319 1861 2406 1930 qui
2436 1876 2532 1930 pro
2555 1862 2646 1917 illo
2672 1863 2875 1934 profert
2902 1868 3246 1923 sententiam.
3278 1870 3344 1926 Ut
3370 1889 3470 1928 non

1884 1957 2109 2016 apponat
2142 1949 2274 2002 ultra
2301 1952 2630 2022 magniﬁcare
2661 1971 2715 2009 sc
2754 1956 2903 2010 homo
2936 1975 3088 2027 super
3111 1969 3314 2015 terram.
3358 1962 3469 2018 Ho-

1883 2037 2053 2093 tnines
2082 2040 2222 2092 enim
2250 2051 2404 2106 sunt,
2433 2042 2501 2098 de
2526 2044 2717 2114 quibus
2743 2047 2940 2102 dictum
2972 2059 3054 2103 est
3080 2068 3093 2104 :
3130 2049 3274 2107 Pone
3297 2095 3311 2116 ,
3352 2053 3464 2109 Do-

1881 2129 2032 2194 mine,
2063 2130 2400 2202 legislatorem
2424 2151 2577 2205 super
2605 2153 2705 2203 eos,
2737 2139 2895 2193 sciant
2919 2152 3088 2210 gentes
3108 2145 3346 2213 quoniam
3375 2147 3467 2202 ho-

1880 2220 2039 2274 mines
2063 2233 2198 2275 sunt.
2232 2222 2337 2279 Sed
2365 2224 2522 2279 etiam
2552 2225 2639 2282 ille
2675 2229 2764 2298 qui
2792 2230 2981 2286 eodem
3011 2233 3129 2286 loco
3156 2235 3465 2307 intelligitur

1875 2313 2003 2381 poni
2033 2328 2195 2384 super
2223 2331 2335 2382 eos,
2368 2317 2527 2371 homo
2555 2318 2690 2385 erit,
2727 2320 2795 2374 de
2829 2337 2935 2391 quo
2966 2339 3106 2378 nunc
3133 2323 3344 2388 dicitur,
3393 2324 3461 2381 Ut

1878 2417 1981 2456 non
2007 2415 2232 2473 apponat
2258 2406 2392 2461 ultra
2433 2409 2760 2478 magniﬁcare
2790 2427 2844 2466 se
2870 2411 3019 2466 homo
3051 2430 3202 2484 super
3236 2425 3463 2471 terram:

1878 2506 2000 2548 cum
2027 2497 2233 2551 venerit
2267 2498 2468 2554 scilicet
2496 2499 2658 2555 Filius
2696 2500 2928 2558 hominis
2963 2503 3202 2573 judicare
3231 2507 3460 2577 pupillo,

1877 2585 1967 2654 qui
1994 2601 2052 2641 se
2077 2589 2224 2642 exuit
2252 2599 2483 2646 veterem
2514 2590 2808 2662 hominem,
2837 2602 2996 2664 atque
3028 2595 3128 2652 hoc
3155 2598 3315 2653 modo
3347 2608 3463 2655 land

1877 2689 2034 2745 quam
2061 2678 2246 2732 extulit
2276 2680 2507 2736 Patrem.

1948 2793 2037 2847 35.
2069 2793 2193 2848 Post
2214 2796 2419 2850 occulta
2441 2811 2569 2868 ergo
2588 2797 2726 2862 Filii,
2753 2797 2818 2852 de
2842 2798 3032 2868 quibus
3055 2799 3107 2854 in
3134 2799 3236 2856 hoc
3257 2803 3461 2870 psalmo

1876 2883 2040 2936 multa
2077 2884 2216 2938 dicta
2255 2894 2412 2950 sunt,
2453 2895 2611 2942 erunt
2651 2889 2928 2944 manifesta
2972 2889 3122 2956 Filii,
3168 2891 3234 2947 de
3263 2893 3455 2963 quibus

1877 2987 2042 3042 pauca
2074 2974 2123 3027 in
2152 2975 2256 3030 line
2276 2975 2515 3046 ejusdem
2541 2979 2730 3048 psalmi
2759 2994 2900 3033 nunc
2920 2979 3059 3034 dicta
3088 2991 3212 3036 sunt
3237 3000 3250 3036 :
3281 2998 3346 3038 ex
3374 2983 3459 3040 his

1875 3075 2050 3121 autem
2099 3068 2280 3121 titulus
2318 3067 2487 3125 factus
2516 3079 2631 3136 εει,
2679 3088 2798 3141 qua:
2840 3072 3096 3143 majorem
3128 3074 3214 3131 hic
3254 3086 3456 3146 partem

1879 3164 2078 3211 tenent.
2108 3157 2290 3213 Potest
2318 3168 2372 3214 et
2399 3160 2511 3229 ipse
2535 3161 2649 3218 dies
2674 3162 2934 3219 adventus
2963 3163 3170 3220 Domini
3198 3176 3345 3223 recte
3369 3185 3464 3225 nu-

1876 3247 2066 3300 merari
2097 3247 2238 3303 inter
2262 3251 2466 3304 occulta
2499 3251 2638 3318 Filii,
2668 3255 2908 3322 quamvis
2941 3255 3049 3324 ipsa
3080 3255 3289 3312 Dontiui
3320 3275 3458 3328 pra:-

1873 3338 2043 3393 sentia
2078 3340 2358 3395 manifesta
2399 3341 2570 3396 futura
2611 3344 2713 3408 sit;
2758 3344 2824 3398 de
2851 3344 2942 3399 illo
2971 3346 3113 3400 enim
3144 3347 3229 3402 die
3257 3347 3458 3407 dictum

1873 3439 1954 3482 cst
1983 3428 2122 3498 quod
2149 3445 2308 3485 nemo
2335 3447 2454 3486 cum
2487 3434 2680 3496 sciret,
2709 3449 2884 3504 neque
2913 3435 3122 3506 Angeli,
3159 3453 3259 3493 nec
3285 3439 3459 3495 Virtu-

1873 3527 1981 3585 tes,
2035 3536 2206 3590 neque
2253 3521 2419 3576 Filius
2463 3523 2696 3578 hominis
2727 3524 2938 3594 (Matth.
2972 3541 3118 3591 xxiv,
3155 3527 3244 3598 36)
3276 3546 3288 3582 :
3329 3529 3457 3598 quid

1872 3624 1998 3680 ergo
2027 3621 2129 3664 tam
2159 3613 2424 3667 occultum
2445 3653 2459 3676 ,
2504 3629 2663 3684 quam
2706 3613 2758 3669 id
2787 3615 2928 3684 quod
2967 3618 3124 3672 etiam
3154 3617 3253 3686 ipsi
3289 3618 3457 3687 judici

1871 3703 2133 3756 occultum
2182 3717 2300 3758 esse
2345 3703 2543 3760 dictum
2589 3716 2704 3770 est,
2746 3721 2852 3761 non
2893 3707 2958 3762 ad
2989 3709 3453 3778 cognoscendum,

1869 3793 1961 3848 sed
1989 3793 2054 3847 ad
2085 3793 2452 3862 prodendum?
2483 3796 2557 3850 De
2582 3795 2802 3851 occultis
2829 3806 3006 3852 autem
3049 3797 3188 3861 Filii,
3221 3800 3379 3854 etiam
3407 3801 3454 3856 si

1869 3883 2145 3953 quisquam
2190 3899 2294 3939 non
2335 3885 2427 3940 Dei
2475 3885 2664 3940 Filium
2716 3886 3004 3942 subaudire
3049 3889 3310 3956 voluerit,
3358 3890 3454 3947 sed

1869 3975 2036 4046 ipsius
2064 3976 2257 4042 David,
2298 3975 2456 4046 cujus
2479 3979 2676 4031 nomini
2708 3988 2873 4031 totum
2909 3979 3224 4034 Psalterium
3261 3981 3452 4036 tribui-

1870 4073 1974 4132 tur,
2008 4080 2127 4120 nam
2175 4066 2408 4121 Davidici
2441 4067 2621 4136 utique
2661 4067 2855 4122 Psalmi
2900 4069 3256 4138 appellantur,
3293 4086 3452 4128 voces

1868 4160 1984 4214 illas
2019 4157 2199 4213 audiat
2237 4159 2427 4229 quibus
2469 4159 2695 4214 Domino
2724 4160 2935 4228 dicitur,
2984 4161 3226 4218 Miserere
3253 4165 3446 4233 nostri,

1867 4251 1944 4320 ﬁli
1983 4249 2147 4304 David
2191 4248 2302 4320 (Id.
2336 4266 2438 4312 xx,
2468 4249 2592 4320 30);
2637 4261 2796 4321 atque
2826 4252 2898 4306 ita
2941 4252 3099 4307 etiam
3141 4253 3241 4308 hoc
3289 4255 3450 4312 modo
3474 4276 3485 4332 ρ

1867 4344 2113 4400 eumdem
2150 4344 2428 4399 Dominum
2457 4342 2725 4399 Christqu
2758 4344 3050 4416 intelligat,
3079 4346 3146 4400 de
3182 4346 3332 4417 cujus
3353 4363 3447 4404 oc-
3475 4371 3478 4376 ·

1866 4436 2022 4492 cultis
2046 4436 2160 4505 ipse
2188 4435 2423 4507 psalmus
2449 4435 2736 4504 inscriptus
2760 4445 2862 4490 est.
2894 4435 2983 4492 Sic
3015 4436 3157 4491 enim
3184 4439 3341 4492 etiam
3379 4438 3449 4494 ab
3475 4439 3484 4448 ”

1865 4528 2055 4597 angelo
2081 4527 2274 4582 dicitur
2299 4544 2311 4580 :
2344 4525 2500 4579 Dabit
2523 4526 2601 4580 illi
2630 4525 2769 4581 Deus
2798 4525 2966 4581 sedem
2997 4526 3162 4580 David
3187 4529 3341 4596 patris
3367 4532 3450 4585 sui

1866 4618 2014 4690 (Luc.
2048 4635 2094 4683 ι.
2127 4619 2238 4690 52).
2269 4618 2379 4674 Nec
2409 4619 2497 4673 illa
2537 4619 2799 4674 sententia
2843 4617 2965 4675 huic
3004 4620 3289 4677 intellectui
3320 4637 3450 4677 con-

1867 4712 2027 4766 traria
2071 4721 2179 4774 est,
2209 4728 2312 4782 qua
2359 4711 2496 4767 idem
2543 4711 2800 4768 Dominus
2838 4713 3031 4783 quaerit
3067 4729 3096 4768 a
3124 4713 3354 4782 .ludzcis,
3385 4715 3448 4771 Si

1864 4803 2000 4872 ﬁlius
2026 4801 2192 4856 Dauid
2211 4802 2440 4858 Christus
2471 4812 2561 4868 est,
2597 4803 2847 4870 quomodo
2871 4804 2925 4857 in
2955 4805 3137 4873 spiritu
3169 4815 3310 4859 vocat
3334 4823 3448 4860 cum

1863 4895 2158 4962 Dominum,
2183 4894 2353 4949 dicens
2378 4909 2396 4947 :
2423 4893 2564 4948 Dixit
2590 4893 2840 4950 Dominus
2868 4893 3087 4949 Domino
3127 4913 3235 4951 meo
3252 4938 3266 4962 ,
3314 4895 3448 4952 Sede

1863 4987 1931 5040 ad
1949 4987 2208 5040 dexteram
2234 5001 2417 5052 meam,
2447 4985 2606 5039 donec
2635 5003 2822 5056 ponam
2848 4986 3078 5042 inimicos
3100 4996 3211 5041 tuos
3243 4987 3332 5042 sub
3360 5005 3448 5057 pe-

1863 5079 2008 5134 dibus
2032 5079 2130 5134 tuis
2159 5077 2368 5149 (Matth.
2400 5093 2533 5144 xxn,
2560 5077 2674 5150 44).
2710 5079 2914 5134 Dictum
2946 5089 3030 5136 est
3052 5081 3195 5137 enim
3225 5081 3446 5151 imperi-

1863 5172 1960 5238 tis,
2005 5171 2094 5242 qui
2123 5172 2364 5242 quamvis
2394 5179 2676 5226 venturum
2712 5171 2982 5226 Christum
3021 5182 3326 5244 sperarent,
3368 5185 3448 5228 se-

1861 5264 2091 5321 cundum
2132 5265 2400 5321 hominem
2429 5273 2604 5320 tamen
2634 5281 2753 5322 eum
2781 5276 3183 5337 exspectarent,
3215 5283 3322 5322 non
3363 5282 3448 5325 se»

1861 5357 2090 5414 cundum
2116 5357 2256 5429 quod
2286 5357 2466 5412 Virtus
2492 5366 2548 5412 et
2571 5355 2840 5427 Sapientia
2871 5359 2966 5415 Dei
2986 5368 3086 5415 est.
3116 5361 3279 5417 Docet
3307 5377 3437 5434 ergo

1862 5450 1934 5506 ibi
1982 5449 2142 5505 ﬁdem
2183 5448 2516 5505 verissimam
2561 5457 2616 5504 et
2655 5449 3099 5517 sincerissimam,
3145 5458 3207 5506 ut
3249 5460 3304 5506 et
3335 5452 3442 5508 Do-

1860 5543 2036 5599 minus
2067 5541 2138 5598 sit
2175 5541 2315 5612 regis
2354 5538 2551 5607 David,
2592 5539 2883 5596 secundum
2921 5540 3063 5612 quod
3097 5549 3181 5597 est
3209 5541 3443 5602 Verbum

1862 5634 1915 5690 in
1944 5632 2207 5706 principio
2225 5672 2240 5699 ,
2286 5631 2429 5687 Deus
2454 5628 2595 5701 apud
2625 5629 2821 5697 Deum,
2850 5645 2946 5700 per
2986 5630 3125 5701 quod
3158 5633 3291 5688 facta
3319 5644 3446 5692 sunt

1861 5725 2041 5784 omnia
2069 5722 2252 5798 (Joan.
2283 5739 2324 5790 t,
2353 5722 2441 5794 i);
2472 5730 2527 5778 ct
2553 5720 2690 5776 ﬁlius
2709 5761 2723 5785 ,
2768 5721 3059 5778 secundum
3084 5713 3238 5795 quod
3275 5723 3444 5782 factus

1868 5817 2012 5878 estsi
2034 5832 2102 5877 ex
2123 5814 2330 5874 semine
2347 5813 2514 5874 David
2534 5811 2828 5870 secundum
2851 5827 3068 5873 carnem
3095 5815 3268 5888 (Rom.
3292 5832 3328 5884 ι,
3357 5815 3442 5887 3).
