4078 6428
628 312 727 368 131

623 425 741 481 Non
772 424 917 481 enim
947 423 1108 489 dicit,
1135 419 1249 478 Non
1293 429 1374 476 est
1412 419 1551 475 ﬁlius
1580 416 1744 475 David
1774 419 2050 486 Christus;
2083 420 2175 475 sed
2199 463 2213 488 ,

625 519 681 576 Si
708 521 816 590 jam
851 519 1044 573 tenetis
1073 518 1210 587 quod
1249 517 1391 571 illius
1417 517 1484 569 sit
1522 516 1672 584 ejus,
1717 515 1907 571 discite
1946 514 2215 585 quomodo

623 617 693 670 sit
721 614 976 668 Dominus
999 612 1143 681 ejus;
1178 624 1274 665 nec
1301 610 1525 665 teneatis
1567 609 1621 664 in
1663 608 1880 664 Christo
1906 608 2048 680 quod
2074 608 2213 665 ﬁlius

626 704 855 759 hominis
879 711 994 766 est,
1027 703 1096 754 ita
1137 700 1278 755 enim
1311 699 1454 754 ﬁlius
1481 698 1644 754 David
1675 707 1790 764 est;
1819 706 1872 754 et
1898 699 2214 771 relinquatis

621 795 763 865 quod
792 793 954 848 Filius
983 791 1077 846 Dei
1106 799 1210 856 est,
1243 791 1312 845 ita
1341 790 1483 846 enim
1511 788 1770 844 Dominus
1797 789 1912 859 ejus
1939 798 2040 845 est.

629 882 2200 924 MM

1096 961 1178 1023 IN
1221 958 1604 1022 PSALMUM
1647 959 1710 1020 X

1205 1078 1624 1136 ENARRATIO.

957 1195 1024 1254 In
1050 1197 1205 1267 ﬁnem
1225 1237 1239 1263 ,
1283 1193 1525 1252 Pulmus
1553 1193 1653 1266 ipsi
1680 1191 1868 1248 David.

690 1313 744 1369 i.
775 1311 928 1386 [oet-8.
963 1312 1014 1375 l,
1047 1309 1126 1383 2.]
1152 1309 1298 1366 Nova
1323 1309 1638 1366 tractatione
1666 1308 1848 1364 titulus
1867 1306 1970 1365 iste
1995 1321 2102 1364 non
2132 1307 2214 1364 in-

615 1405 795 1476 diget;
820 1403 928 1473 jam
959 1402 1100 1456 enim
1127 1402 1256 1456 satis
1279 1408 1560 1456 tractatum
1579 1398 1815 1470 estquid
1839 1399 1926 1465 sit,
1948 1399 2007 1454 in
2035 1399 2208 1466 ﬁnem.

625 1497 803 1568 ipsum
834 1511 961 1564 ergo
994 1494 1189 1548 Psalmi
1222 1503 1423 1549 textum
1448 1491 1750 1557 videamus,
1782 1491 1873 1563 qui
1909 1489 2043 1546 mihi
2070 1490 2215 1546 vide-

584 1626 601 1652 ,
624 1599 711 1645 tur
737 1586 997 1642 adversus
1023 1584 1304 1639 hmretieos
1331 1583 1406 1655 (α)
1428 1581 1704 1640 canendus
1723 1623 1739 1649 ,
1768 1581 1859 1654 qui
1883 1595 2213 1637 commemo-

578 1655 585 1728 ί
617 1679 785 1750 rando
809 1686 867 1734 et
898 1675 1267 1747 exaggerando
1291 1676 1579 1731 multorum
1611 1675 1665 1729 in
1695 1673 1936 1730 Ecclesia
1960 1680 2204 1743 peccata,

615 1772 771 1843 quasi
801 1769 937 1841 apud
967 1770 1113 1838 ipsos
1147 1767 1276 1839 justi
1307 1776 1400 1822 aut
1426 1781 1612 1823 omnes
1645 1774 1739 1821 aut
1762 1765 1943 1836 plures
1969 1764 2112 1831 sint,
2141 1763 2211 1819 ab

567 1857 569 1866 ’
621 1863 777 1920 unius
825 1860 1076 1916 Ecclesiae
1120 1874 1258 1914 vera:
1303 1859 1490 1914 matris
1530 1857 1788 1914 uberibus
1824 1870 1926 1912 nos
1966 1862 2211 1911 avertere

575 1949 770 2023 ‘atque
816 1951 1062 2021 abripere
1107 1935 1434 2017 moliuntur,
1488 1950 1823 2006 afﬁrmantes
1871 1949 2017 2021 quod
2068 1947 2211 2019 apud

579 2067 582 2076 ι
610 2044 758 2116 ipsos
788 2043 856 2100 sit
876 2041 1144 2108 Christus,
1170 2053 1226 2098 et
1250 2042 1403 2112 quasi
1432 2040 1517 2111 pie
1545 2041 1891 2112 studioseque
1919 2040 2210 2096 admonen-

613 2146 732 2202 tes,
779 2145 836 2191 ut
875 2136 943 2190 ad
988 2149 1084 2190 eos
1124 2133 1450 2190 transeundo
1481 2133 1927 2204 transmigremus
1949 2131 2018 2187 ad
2047 2130 2209 2186 Chri-

613 2238 778 2290 stum,
805 2241 962 2296 quem
995 2240 1058 2281 se
1097 2225 1296 2280 habere
1318 2225 1667 2280 mentiuntur.
1699 2223 1890 2278 Notum
1919 2231 2003 2278 est
2029 2231 2208 2278 autem

612 2318 883 2375 Christum
910 2316 961 2370 in
989 2314 1266 2386 prophetia
1283 2357 1298 2381 ,
1325 2330 1450 2370 cum
1477 2315 1655 2371 multis
1681 2315 1990 2370 nominibus
2015 2315 2210 2384 allego-

609 2411 724 2468 rice
747 2410 1125 2473 insinuaretur,
1145 2408 1307 2462 etiam
1335 2415 1570 2462 montem
1595 2406 1942 2476 appellatum.
1969 2405 2205 2474 Respon-

609 2500 842 2559 dendum
884 2507 968 2555 est
1006 2499 1184 2568 itaque
1223 2499 1376 2565 istis,
1416 2507 1473 2554 et
1503 2497 1790 2553 dicendum
1827 2515 1838 2550 :
1888 2496 1956 2550 In
1985 2495 2206 2550 Densius

608 2593 841 2663 conﬁdo,
871 2592 1120 2662 quomodo
1161 2591 1330 2646 dicitis
1357 2590 1543 2644 animo:
1583 2605 1706 2644 nec
1732 2604 1752 2643 :
1783 2587 2117 2660 Transmigra
2148 2588 2207 2642 in

611 2693 805 2740 montes
832 2683 959 2738 sicut
985 2682 1197 2753 passer?
1227 2697 1389 2736 unum
1422 2689 1657 2736 montem
1689 2689 1845 2736 teneo
1872 2679 1926 2734 in
1956 2693 2063 2750 quo
2083 2694 2207 2735 cen-

606 2778 750 2843 ﬁdo,
795 2774 1064 2847 quomodo
1101 2773 1278 2830 dicitis
1306 2783 1363 2829 ut
1389 2772 1454 2828 ad
1483 2788 1578 2828 vos
1615 2781 1917 2838 transeam,
1954 2779 2202 2841 tanquam

607 2868 758 2924 multi
785 2868 891 2922 sint
921 2865 1155 2921 Christi?
1177 2865 1285 2921 Aut
1313 2863 1357 2920 si
1385 2879 1480 2919 vos
1507 2873 1719 2920 montes
1748 2878 1869 2920 esse
1896 2861 2078 2918 dicitis
2105 2877 2204 2933 per

607 2960 909 3034 superbiam
929 3001 945 3028 ,
977 2967 1189 3031 oportet
1223 2957 1439 3030 quidem
1467 2972 1585 3014 csse
1613 2970 1883 3028 passerem
1911 2965 2202 3027 pennatum

605 3052 889 3108 virtutibus
929 3060 984 3107 et
1026 3050 1308 3121 praceptis
1349 3048 1482 3113 Dei;
1527 3047 1623 3103 sed
1651 3063 1715 3102 ea
1758 3048 1868 3116 ipsa
1914 3047 2202 3117 prohibent

606 3145 788 3200 volare
807 3143 862 3199 in
891 3143 1024 3196 istos
1045 3148 1278 3208 montes,
1309 3139 1437 3194 etin
1459 3139 1703 3211 superbis
1723 3138 2026 3194 hominibus
2049 3153 2200 3209 spem

606 3234 892 3290 collocare.
937 3231 1120 3287 Habeo
1161 3230 1379 3286 domum
1423 3230 1514 3285 ubi
1556 3229 1930 3300 requiescam,
1974 3229 2103 3300 quia
2145 3231 2200 3286 in

612 3326 840 3384 Domino
868 3323 1081 3380 conlido
1107 3341 1118 3377 :
1148 3337 1277 3378 nam
1303 3330 1357 3376 et
1384 3335 1568 3392 passer
1607 3321 1811 3376 invenit
1851 3320 1952 3376 sibi
1979 3320 2201 3379 domum

610 3417 785 3489 (Ptol.
833 3429 1068 3482 Lxxxtu,
1105 3412 1163 3486 4)
1186 3454 1202 3480 ,
1247 3422 1304 3470 et
1347 3411 1517 3469 factus
1545 3421 1630 3468 est
1653 3411 1910 3470 Dominus
1938 3412 2199 3484 refugium

606 3508 824 3579 pauperi
852 3505 1023 3571 (Psal.
1053 3521 1130 3572 ιι,
1165 3502 1278 3577 10).
1315 3504 1567 3560 Dicamus
1593 3519 1720 3575 ergo
1745 3512 1859 3558 tota
1889 3502 2102 3571 ﬁducia,
2129 3519 2198 3562 ne

605 3599 731 3655 dum
760 3598 1028 3654 Christum
1053 3596 1192 3668 apud
1217 3595 1498 3654 haereticos
1520 3598 1826 3668 quaerimus,
1850 3597 2194 3654 amittamus:

607 3690 673 3746 In
718 3689 941 3745 Domino
991 3688 1234 3758 conﬁdo;
1285 3688 1538 3759 quomodo
1587 3688 1755 3743 dicitis
1794 3688 1984 3744 eniture
2031 3703 2196 3744 metu:

609 3780 938 3852 Trausmigra
965 3782 1018 3834 in
1039 3790 1231 3838 montes
1259 3781 1387 3835 sicut
1411 3780 1619 3851 passer?

675 3872 730 3928 2.
762 3872 909 3944 [versu
935 3869 1015 3943 3.]
1047 3871 1298 3938 Quoniam
1319 3886 1431 3926 ecce
1454 3880 1741 3938 peccatores
1766 3871 2082 3926 intenderunt
2107 3887 2194 3926 ar-

603 3979 737 4028 cum,
765 3970 1068 4035 paraverunt
1098 3963 1307 4035 sagittas
1333 3979 1450 4018 suas
1477 3962 1528 4016 in
1565 3962 1802 4032 pharetra
1821 4003 1836 4031 ,
1870 3972 1923 4016 ut
1955 3962 2193 4033 sagittcnt

602 4056 657 4111 iu
686 4055 901 4118 obscura
937 4054 1062 4109 luna
1089 4061 1248 4108 rectos
1267 4053 1440 4110 corde.
1479 4053 1736 4109 Terrorcs
1765 4053 1851 4108 isti
1887 4061 2016 4112 sunt
2039 4068 2190 4110 com-

602 4147 913 4202 minantium
943 4147 1098 4202 nobis
1123 4144 1191 4201 de
1218 4145 1621 4217 peccatoribus,
1662 4154 1717 4200 ut
1749 4145 1816 4201 ad
1850 4160 1909 4200 se
1939 4154 2188 4216 tanquam

601 4238 670 4292 ad
695 4237 869 4307 justus
897 4246 1248 4292 transeamus.
1281 4235 1432 4302 Ecce,
1465 4235 1740 4305 inquiunt,
1780 4237 2189 4305 peccatorum-

603 4330 867 4385 tenderuut
891 4345 1065 4383 arcum
1088 4344 1109 4386 ι
1134 4327 1322 4394 credo,
1367 4327 1698 4397 Scripturas,
1728 4341 1864 4398 quas
1891 4327 1968 4380 illi
2000 4342 2188 4382 carna-

602 4422 727 4479 llter
767 4418 1186 4490 interpretando,
1229 4426 1520 4474 venenatas
1557 4417 1682 4474 inde
1719 4418 2007 4474 sententias
2034 4419 2188 4486 emit-

602 4521 741 4568 tunt.
787 4511 1104 4566 Partica-unt
1147 4509 1361 4580 sagittas
1398 4525 1526 4564 suos
1567 4509 1624 4563 in
1670 4510 1909 4580 pharetra
1943 4525 1964 4565 :
1999 4509 2187 4566 eadem

599 4603 760 4660 verba
789 4602 1026 4667 scilicet,
1072 4616 1190 4671 qua:
1215 4599 1611 4670 Scripturarum
1650 4599 1964 4655 auctoritate
1993 4599 2186 4670 jaeula-

601 4698 706 4754 tttri
729 4705 874 4761 sunt,
899 4695 949 4749 in
979 4693 1157 4750 cordis
1172 4693 1386 4752 cucullo
1417 4703 1758 4764 paraverunt.
1785 4691 1854 4748 Ut
1873 4693 2108 4764 sagittam
2131 4694 2185 4749 in

601 4790 812 4845 obscura
837 4787 960 4841 [una
983 4794 1144 4842 rectos
1169 4786 1320 4842 corde
1341 4803 1361 4840 :
1389 4795 1448 4842 ut
1473 4801 1591 4842 cum
1622 4786 1906 4852 senserint,
1929 4785 2183 4842 Ecclesia:

600 4880 803 4936 lumine
843 4887 1062 4948 propter
1097 4877 1489 4934 triultitudinem
1532 4877 1895 4948 imperitorum
1923 4887 1977 4934 et
2003 4892 2183 4936 carna-

596 4973 725 5028 lium
755 4972 1058 5038 obscurato,
1101 4986 1208 5029 non
1250 4985 1310 5028 se
1349 4986 1506 5042 posse
1529 4971 1805 5040 convinci,
1837 4980 2184 5043 corrumpant

594 5063 768 5120 bonos
815 5078 994 5120 mores
1036 5064 1314 5134 colloquiis
1355 5064 1509 5123 malis
1548 5063 1760 5134 (lCor.
1790 5080 1881 5132 xv,
1927 5066 2041 5135 55).
2073 5065 2179 5122 Sed

595 5166 781 5212 contra
803 5170 991 5216 omnes
1010 5154 1147 5216 imos
1167 5164 1403 5214 terrores
1417 5155 1700 5214 dicendum
1719 5163 1807 5213 est
1831 5174 1843 5210 :
1873 5154 1939 5212 In
1958 5155 2179 5216 Domino

594 5251 817 5321 conﬁdo.
2014 5309 2020 5314 ,

575 5317 586 5412 ἶ
663 5317 718 5398 3.
747 5342 897 5400 Luna
923 5357 1053 5400 rem
1090 5357 1250 5415 quam
1291 5353 1651 5414 congruenter
1686 5342 1949 5414 signiﬁcet
1989 5343 2179 5401 Eccle-

595 5436 762 5502 siam,
794 5435 1014 5491 memini
1041 5451 1127 5492 me
1153 5435 1466 5506 promisisse
1501 5437 1554 5492 in
1583 5436 1686 5491 hoc
1709 5435 1915 5505 psalmo
1935 5435 2178 5492 cotiside-

594 5537 832 5582 raturum
859 5526 955 5596 (ιν).
989 5527 1114 5582 Dux:
1139 5535 1266 5582 sunt
1286 5526 1498 5587 delum
1527 5526 1807 5596 Opiniones
1829 5527 2132 5598 probabiles
2157 5544 2170 5582 :

596 5614 786 5673 barum
816 5625 993 5673 autem
1021 5634 1141 5688 quae
1167 5633 1293 5675 vera
1320 5618 1410 5684 sit,
1437 5627 1532 5676 aut
1553 5634 1662 5680 neu
1689 5621 1928 5688 omnim,
1949 5618 2171 5683 θυι-«ω.

650 5728 732 5854 -ξαζ
755 5729 995 5780 Adversus
1026 5731 1307 5780 Donatistae.

680 5791 710 5841 ὁ
753 5798 899 5854 Supra
917 5793 968 5842 in
995 5799 1130 5844 tatur.
1158 5792 1306 5846 Psahn

680 5791 732 5854 to)
753 5798 899 5854 Supra
917 5793 968 5842 in
995 5799 1130 5844 tatur.
1158 5792 1324 5846 rsahn.
1345 5807 1446 5858 sui,
1467 5807 1520 5851 n.
1546 5797 1594 5847 9.

1863 305 1919 362 S.
1966 299 2333 364 AUGUSTINI
2369 305 2671 363 EPISCOPI
3817 323 3901 381 132

2329 419 2566 476 ﬁcillime
2609 421 2841 478 arbitror
2888 437 3047 494 posse
3090 426 3359 486 hominem
3404 429 3575 488 scire.
3621 433 3753 490 Cum
3779 439 3900 496 enim

2325 515 2584 581 quaaritnr
2618 513 2759 570 unde
2799 514 2979 571 lumen
3017 515 3246 584 habeat,
3277 521 3366 577 alii
3411 523 3608 580 dicunt
3646 541 3791 583 suum
3819 529 3901 586 ha-

2323 605 2472 674 bere,
2495 607 2591 662 sed
2613 607 2823 679 globum
2855 610 2970 679 ejus
2996 609 3274 666 dimidium
3294 611 3501 681 lucere,
3536 615 3807 676 dimidium
3827 638 3902 679 au.

2323 707 2431 754 tem
2461 697 2748 755 obscurum
2795 713 2948 767 esse;
2980 698 3106 757 dum
3133 712 3314 760 autem
3354 717 3615 762 movetur
3643 707 3697 763 in
3729 709 3903 772 circulo

2321 801 2454 859 Suo,
2499 791 2740 848 eamdem
2765 802 2974 864 partem
3001 809 3105 865 qua
3145 795 3322 864 lucet,
3365 799 3635 869 paulatim
3665 801 3730 857 ad
3761 813 3904 864 terras

2321 883 2582 952 converti,
2616 893 2674 939 ut
2697 883 2865 940 videri
2891 899 2923 940 a
2950 885 3103 942 nobis
3127 888 3331 958 possit,
3366 901 3422 945 et
3451 891 3581 947 ideo
3607 894 3754 964 prius
3774 902 3902 968 quasi

2321 976 2703 1032 corniculatam
2731 992 3010 1048 apparere.
3037 977 3170 1034 Nam
3209 988 3266 1036 et
3289 980 3334 1035 si
3360 980 3532 1037 facias
3573 985 3734 1054 pilam
3761 1002 3820 1043 ex
3842 990 3902 1045 di-

2318 1067 2484 1123 midia
2522 1077 2672 1139 parte
2709 1068 2988 1123 candidam
3013 1111 3028 1138 ,
3073 1078 3128 1125 et
3152 1084 3218 1126 ex
3262 1071 3489 1128 dimidia
3519 1075 3830 1147 obscuram;
3866 1087 3902 1142 si

2321 1173 2441 1216 eam
2471 1169 2676 1230 partem
2709 1176 2828 1231 qua:
2856 1160 3082 1218 obscura
3111 1171 3193 1219 est
3217 1173 3343 1220 ante
3367 1167 3564 1224 oculos
3591 1168 3806 1238 habeas,
3836 1174 3901 1228 ni-

2317 1247 2394 1306 hil
2433 1249 2681 1308 candoris
2705 1249 2889 1320 vides,
2934 1263 3135 1309 etcum
3180 1257 3410 1327 coeperis
3456 1258 3610 1315 illam
3648 1262 3899 1320 candidam

2317 1349 2524 1412 partem
2572 1341 2642 1397 ad
2690 1343 2875 1398 oculos
2918 1354 3270 1413 convertere,
3326 1352 3370 1403 sl
3412 1349 3681 1420 paulatim
3727 1353 3896 1422 facias,

2317 1432 2493 1502 primo
2541 1446 2744 1488 cornua
2799 1434 3049 1490 candoris
3107 1435 3356 1511 videbis,
3413 1438 3623 1498 deinde
3677 1443 3898 1514 paulatim

2317 1524 2512 1579 crescit
2533 1566 2546 1589 ,
2595 1525 2766 1581 donec
2793 1535 2906 1582 tota
2943 1541 3071 1597 pars
3095 1529 3332 1586 candens
3373 1541 3694 1602 opponatur
3719 1535 3893 1605 oculis,

2317 1625 2373 1671 et
2413 1615 2550 1671 nihil
2593 1615 2836 1674 ohscurm
2878 1617 3095 1676 alterius
3139 1622 3309 1696 partis
3347 1622 3606 1680 videatur
3639 1641 3653 1679 :
3701 1628 3830 1697 quod
3862 1630 3896 1685 si

2316 1723 2636 1779 perseveres
2675 1710 2852 1768 adhuc
2891 1712 3146 1784 paulatim
3195 1725 3548 1786 convertere,
3601 1718 3782 1790 incipit
3819 1722 3894 1780 ob-

2317 1803 2545 1858 scuritas
2597 1817 2894 1875 apparere,
2947 1816 3002 1862 et
3052 1807 3254 1864 candor
3309 1811 3525 1878 minui,
3587 1811 3756 1868 donec
3815 1813 3894 1871 ite-

2315 1909 2434 1950 rum
2462 1894 2528 1951 ad
2572 1909 2767 1953 cornua
2795 1899 2982 1955 redeat
3003 1943 3017 1966 ,
3052 1908 3107 1956 et
3155 1911 3430 1972 postremo
3469 1913 3620 1961 totus
3660 1905 3726 1962 ab
3753 1907 3892 1964 oculis

2318 1997 2609 2055 avertatur,
2652 2002 2715 2044 ac
2743 2003 2927 2046 rursus
2953 1991 3179 2048 obscura
3209 1993 3294 2048 illa
3325 2009 3452 2064 pars
3499 1995 3616 2051 sola
3645 1998 3804 2068 possit
3822 1999 3886 2054 ri-

2311 2079 2475 2135 deri:
2523 2080 2664 2151 quod
2709 2081 2824 2137 ﬁeri
2864 2081 3082 2152 dicunt,
3128 2100 3249 2141 cum
3295 2087 3479 2143 lumen
3519 2088 3667 2144 luna:
3706 2089 3885 2147 videtur

2316 2187 2570 2230 creSCerc
2598 2189 2767 2245 usque
2793 2174 2858 2231 ad
2889 2178 3395 2249 quintamdecimam
3423 2181 3635 2250 lunam,
3663 2195 3716 2240 et
3739 2201 3889 2244 rursus

2315 2281 2482 2338 usque
2509 2267 2576 2322 ad
2614 2268 2936 2324 tricesimum
2965 2269 3154 2339 minui,
3183 2283 3236 2327 et
3269 2273 3448 2330 redire
3474 2273 3547 2332 ad
3573 2277 3885 2348 cornua,do-

2313 2373 2414 2413 nec
2440 2358 2652 2428 penitus
2673 2358 2806 2413 nihil
2825 2359 2878 2414 in
2899 2376 2961 2415 ea
2981 2360 3115 2417 lucis
3139 2371 3414 2435 appareat.
3443 2363 3754 2424 Secundum
3775 2368 3886 2426 hanc

2313 2449 2622 2519 Opinionem
2649 2451 2774 2506 luna
2795 2451 2848 2506 in
2871 2453 3124 2525 allegoria
3144 2456 3409 2527 signiﬁcat
3429 2457 3750 2531 Ecclesium,
3771 2462 3883 2536 quod

2311 2553 2378 2597 ex
2405 2551 2556 2612 parte
2579 2542 2842 2613 Sp'irituali
2867 2544 3011 2600 lucet
3033 2545 3292 2618 Ecclesia,
3317 2565 3386 2607 ex
3409 2559 3570 2622 parte
3595 2561 3766 2609 autem
3791 2569 3883 2611 car-

2311 2633 2424 2689 nali
2450 2635 2679 2690 obscura
2709 2644 2792 2692 est
2822 2653 2833 2691 ε
2866 2645 2920 2695 et
2949 2638 3233 2710 aliquando
3257 2629 3560 2714 Spirituﬁlis
3585 2661 3709 2717 pars
3731 2646 3779 2702 in
3801 2646 3879 2702 bo-

2309 2727 2394 2783 nis
2424 2727 2679 2798 operibus
2707 2739 2924 2802 apparet
2967 2731 3272 2790 hominibus
3296 2752 3310 2803 ;
3339 2735 3637 2810 aliquando
3658 2749 3817 2796 autem
3838 2740 3879 2796 in

2307 2820 2635 2876 conscientia
2660 2821 2811 2888 latet,
2845 2839 2908 2880 ac
2943 2821 3058 2880 Deo
3101 2827 3473 2885 tantummodo
3503 2839 3629 2887 nota
3657 2843 3753 2900 est,
3774 2848 3874 2890 cum

2307 2912 2426 2969 solo
2449 2928 2677 3011 corpore
2702 2925 2925 3011 apparet
2947 2916 3286 2987 hominibus;
3317 2921 3462 3011 sicut
3487 2926 3759 2998 contingit,
3779 2941 3876 2985 cum

2307 3018 2525 3060 oramus
2554 3005 2607 3058 in
2644 3004 2830 3072 corde,
2869 3015 2924 3064 et
2950 3009 3100 3080 quasi
3141 3009 3275 3065 nihil
3301 3004 3462 3086 agere
3493 3013 3750 3086 videntur,
3773 3015 3872 3076 dum

2305 3110 2412 3200 non
2434 3095 2504 3152 ad
2534 3105 2752 3164 terram,
2784 3098 2877 3156 scd
2900 3115 3113 3158 sursum
3147 3104 3308 3160 corda
3340 3091 3803 3200 haher‘pjubcmnr
3821 3109 3872 3166 ad

2307 3188 2612 3247 Dominum.
2639 3192 2748 3250 Alii
2775 3202 2951 3250 autem
2983 3193 3170 3253 dicunt
3203 3213 3316 3256 non
3352 3188 3554 3261 habere
3597 3203 3769 3264 lunam
3799 3205 3870 3262 lu-

2306 3297 2428 3338 men
2453 3284 2746 3355 proprium,
2777 3286 2872 3343 sed
2899 3302 2930 3342 a
2957 3288 3072 3344 sole
3098 3288 3384 3361 illustrari;
3417 3279 3514 3350 sed
3544 3295 3868 3368 quandocum

2305 3373 2398 3429 illo
2425 3383 2526 3444 est,
2559 3391 2676 3431 eam
2709 3385 2913 3447 partem
2936 3379 3005 3434 ad
3033 3395 3131 3437 nos
3158 3381 3358 3439 habere
3396 3399 3506 3456 qua
3533 3400 3641 3444 non
3660 3385 3867 3444 illustra-

2305 3473 2412 3533 tur,
2437 3477 2492 3522 et
2517 3467 2636 3523 ideo
2661 3467 2793 3524 nihil
2825 3470 2876 3524 in
2903 3485 2965 3526 ea
2995 3469 3132 3527 lucis
3163 3471 3362 3540 videri;
3392 3491 3517 3535 cum
3557 3485 3729 3539 autem
3762 3474 3868 3535 inui-

2301 3559 2380 3629 pit
2404 3559 2472 3614 ab
2496 3560 2587 3615 illo
2617 3561 2888 3630 recedere,
2917 3564 3168 3624 illustrari
3195 3566 3261 3622 ab
3288 3582 3352 3625 ea
3377 3570 3541 3628 etiam
3565 3578 3712 3642 parte
3731 3583 3864 3642 quam

2304 3648 2464 3706 habet
2491 3651 2559 3706 ad
2606 3659 2823 3721 terram,
2866 3664 2920 3710 et
2945 3657 3249 3714 necessario
3289 3658 3533 3730 incipere
3559 3677 3589 3716 a
3627 3659 3864 3724 cornibus,

2299 3741 2476 3799 donec
2501 3744 2595 3799 ﬁat
2617 3745 3010 3815 quintadecima
3036 3757 3219 3805 contra
3240 3751 3442 3818 solem;
3469 3763 3594 3808 tunc
3621 3753 3750 3812 enim
3768 3749 3864 3807 sole

2298 3836 2580 3892 occidente
2623 3837 2796 3893 oritur
2817 3879 2830 3905 ,
2864 3849 2923 3894 ut
2961 3839 3208 3912 quisquis
3235 3843 3573 3904 occidentem
3603 3845 3760 3902 solent
3781 3840 3859 3897 ob-

2297 3929 2614 3998 servaverit,
2648 3943 2770 3986 eum
2800 3947 2922 3988 eum
2970 3933 3196 4004 coeperit
3223 3950 3329 3994 non
3369 3937 3575 4005 videre,
3603 3947 3860 3996 conversus

2294 4019 2363 4076 ad
2405 4019 2905 4088 Orientem,lunam
2952 4037 3174 4098 surgere
3213 4025 3428 4096 videat;
3461 4037 3622 4104 atque
3654 4027 3771 4087 inde
3805 4037 3858 4084 ex

2294 4113 2396 4168 alia
2427 4123 2574 4185 parte
2597 4131 2720 4171 cum
2748 4115 2796 4173 ei
2826 4117 3053 4187 coeperit
3095 4119 3480 4192 propinquare,
3513 4124 3655 4180 illam
3683 4127 3854 4194 partem

2294 4206 2362 4262 ad
2389 4222 2491 4264 nos
2517 4217 2854 4277 convertere,
2883 4223 2986 4280 qua
3012 4225 3120 4268 non
3143 4210 3458 4283 illustratur,
3485 4215 3655 4273 donec
3678 4211 3738 4269 ad
3759 4223 3853 4265 cor-

2294 4313 2399 4354 nua
2443 4299 2630 4356 redeat
2674 4309 2832 4372 atque
2870 4302 2994 4359 inde
3041 4304 3258 4362 omnino
3299 4323 3408 4364 non
3449 4316 3726 4380 appareat;
3753 4303 3850 4375 quia

2291 4405 2418 4466 ‘unc
2457 4407 2582 4462 pars
2606 4391 2695 4446 illa
2725 4408 2845 4463 «iure
2870 4393 3186 4465 illustratur,
3214 4412 3427 4456 sursum
3457 4409 3540 4458 est
3559 4399 3628 4456 ad
3656 4394 3847 4460 εωιυω.

2291 4486 2358 4542 ad
2391 4495 2588 4542 terram
2615 4496 2796 4546 autem
2843 4489 2934 4546 illa
2976 4506 3135 4562 qnam
3165 4493 3376 4550 radiare
3411 4494 3491 4554 sol
3531 4508 3640 4550 non
3678 4495 3843 4562 potest.

2292 4579 2433 4652 Ergo
2461 4590 2518 4636 et
2555 4582 2848 4638 secundum
2876 4582 3013 4639 hanc
3041 4584 3346 4657 opinionem
3368 4629 3384 4657 ,
3413 4589 3541 4646 luna
3569 4582 3843 4653 intelligitur

2289 4671 2548 4741 Ecclesia,
2573 4673 2716 4743 quod
2753 4690 2908 4735 suum
2936 4676 3116 4736 lumen
3143 4693 3250 4736 non
3293 4678 3507 4748 habeat,
3533 4678 3628 4736 sed
3653 4677 3717 4734 ab
3742 4670 3838 4730 uni-

2287 4765 2466 4836 genito
2492 4766 2584 4820 Dei
2615 4766 2767 4832 Filio,
2793 4769 2883 4839 qui
2904 4769 3091 4829 multis
3121 4771 3251 4830 locis
3280 4773 3333 4828 in
3357 4775 3558 4830 sanctis
3575 4764 3832 4840 Scripturis

2287 4857 2569 4929 allegorice
2603 4857 2688 4914 sol
2727 4861 3027 4931 appellatus
3062 4871 3197 4932 est,
3235 4857 3551 4924 illustratur.
3584 4865 3834 4935 Quemne-

2285 4949 2516 5006 scientes
2539 4959 2596 5007 et
2619 4965 2848 5010 cernere
2871 4968 2978 5012 non
3003 4955 3244 5016 valentes
3267 4956 3506 5018 hazrelici
3533 4957 3605 5032 (α)
3629 4952 3828 5027 quidam.

2283 5041 2350 5098 ad
2377 5043 2536 5098 istum
2565 5043 2738 5100 solem
2777 5060 3098 5115 corporeum
3142 5058 3197 5106 et
3226 5049 3510 5119 visibilem,
3537 5047 3673 5120 quod
3705 5055 3830 5101 com‘

2284 5151 2444 5195 mune
2488 5136 2669 5191 lumen
2713 5144 2797 5193 est
2822 5138 3000 5194 carnis
3025 5139 3302 5200 hominum
3350 5152 3510 5213 atque
3535 5146 3823 5198 muscarum.

2283 5241 2473 5282 ⁸0³³⁵³8
2517 5226 2837 5296 θεωριίοίυω
2879 5241 3140 5294 conantur
3182 5241 3426 5296 avertere
3448 5275 3463 5300 ,
3491 5242 3550 5290 et
3581 5223 3825 5287 inmunibu-

2283 5334 2400 5374 rum
2444 5328 2706 5383 avertunt,
2739 5322 2825 5392 qui
2857 5324 3106 5393 quamdiu
3156 5343 3260 5382 non
3288 5336 3510 5398 possunt
3551 5321 3818 5381 interiorem

2282 5410 2456 5468 lucem
2485 5413 2721 5469 veritatis
2753 5426 2935 5472 mente
2963 5419 3200 5474 contueri
3218 5461 3233 5486 ,
3275 5420 3505 5492 simplici
3545 5418 3644 5474 ﬁde
3666 5409 3816 5470 catlJO'

2344 5547 2679 5616 (rr)_Manichaei
2721 5551 2962 5616 nimirum,
2995 5553 3097 5616 qui,
3129 5554 3188 5608 in
3215 5553 3303 5604 'lib.
3335 5561 3353 5605 ι
3381 5554 3444 5606 tle
3476 5550 3642 5616 Genesi
3677 5547 3814 5616 eam?

2279 5609 2490 5674 Manium,
2515 5623 2556 5659 c.
2576 5609 2622 5674 δ,
2647 5617 2698 5674 et
2723 5610 2774 5660 in
2807 5611 2891 5661 lib.
2925 5621 2978 5672 tt,
3002 5609 3046 5662 ὅ.
3071 5611 3151 5672 25,
3173 5616 3327 5672 solem
3356 5617 3570 5674 adorare.
3595 5612 3815 5674 eique}?

2278 5664 2549 5724 nullectére
2574 5664 2620 5720 in
2645 5672 2730 5721 lib.
2755 5673 2818 5730 de
2838 5664 3042 5730 Moribus
3077 5664 3615 5740 αῖῦξιῖέίδ.

2279 5739 2374 5782 tur.
2392 5738 2453 5782 Et
2484 5737 2727 5782 orationes
2741 5735 2938 5782 demum
2960 5737 3623 5782 atl‘mlmganvm-sum.
3647 5731 3812 5782 cli-mur

2279 5739 2374 5783 tur.
2392 5738 2453 5782 Et
2484 5737 2727 5784 orationes
2741 5735 2938 5786 demum
2960 5735 3623 5795 adsolem,uﬁattuav‘ersum,

2281 5795 2338 5856 it,
2363 5807 2450 5858 per
2472 5795 2603 5846 diem
2627 5796 2833 5850 fundere
2859 5807 3110 5852 narrantur
3136 5803 3182 5852 in
3201 5795 3287 5853 lil').
3312 5795 3376 5857 de
3398 5799 3675 5872 meram
