4078 6436
191 324 273 383 εδδ
1306 267 1704 358 manuario
1734 293 1800 353 lN
1840 295 2163 354 essenon
2205 283 2270 354 x.
3337 285 3446 363 tu

1846 427 1952 466 non
2001 421 2260 482 possunt,
2291 426 2386 483 per
2410 411 2562 482 cujus
2603 426 2766 468 canos
2787 412 2966 484 jurant
2997 415 3072 486 (a)
3099 434 3111 470 :
3144 425 3199 472 et
3239 433 3358 475 cum
3390 420 3444 474 in

1846 511 2095 557 sermone
2135 499 2202 555 ab
2245 504 2320 558 eis
2350 504 2629 574 quaeritur,
2679 503 2830 574 cujus
2871 507 3261 564 communionis
3305 508 3442 578 sint,

183 427 270 494 lica
293 429 514 491 contenti
542 442 663 486 esse
684 424 891 489 nolunt,
917 435 1036 494 quae
1061 433 1164 474 una
1191 414 1429 488 parvulis
1459 402 1604 468 salus
1629 419 1734 478 est,

181 536 344 598 etquo
367 535 469 579 uno
509 518 647 577 lacte
683 515 752 575 ad
795 515 1100 572 ﬁrmitatem
1146 505 1414 565 solidioris
1456 503 1560 561 cibi
1589 511 1740 560 certo

179 619 350 678 robore
391 615 718 686 pervenitur.
761 604 1027 675 Quaalibet
1070 615 1196 674 ergo
1245 601 1468 656 duarum
1517 599 1740 654 istarum

179 712 458 781 opinionum
488 711 613 759 vera
643 701 732 767 sit,
779 706 1135 770 congruenter
1161 695 1420 766 accipitur
1458 690 1744 764 allegorice

160 802 306 867 .lu'na,
332 795 584 854 Ecclesia.
625 794 732 850 Aut
770 793 814 849 sl
845 792 898 848 in
933 790 1050 847 istis
1092 783 1507 846 obscuritatibus
1529 828 1544 854 ,
1576 785 1745 857 magis

166 874 448 1002 inegodosls
474 901 634 962 quam
665 885 954 943 fructuosis
983 891 1235 941 escrccre
1260 880 1506 1002 animum‘
1523 885 1614 934 aut
1639 885 1746 934 non

182 989 226 1002 ι..
275 995 287 1002 .
407 993 420 1002 .
453 998 477 1002 Α,
500 997 552 1002 μ-
605 992 733 1002 Α-..
795 989 878 1002 -__.
911 980 1116 1002 __,2_..-.-
1148 975 1259 1002 ε.,-,
1289 993 1394 1002 ...ιη
1423 991 1482 1002 ...ε
1515 977 1562 1002 ΑΙ
1614 973 1742 1002 muta

165 968 310 1095 glibet,
339 993 427 1042 aut
452 997 557 1042 non
583 992 758 1048 vat-At,
789 989 885 1037 aut
909 980 1120 1037 animus
1148 975 1262 1048 ipse
1289 993 1396 1034 non
1423 968 1584 1040 valet,
1614 973 1745 1030 satis

170 1071 252 1142 rest
273 1081 443 1138 lunam
478 1075 823 1150 pupillaribus
849 1075 1018 1132 oculis
1047 1071 1264 1137 intueri,
1291 1080 1345 1127 et
1369 1086 1474 1126 non
1505 1081 1748 1140 quaerere

170 1169 410 1231 'obscuras
430 1185 637 1236 causas,
663 1169 756 1226 'sed
783 1177 904 1222 cum
932 1163 1179 1220 omnibus
1204 1169 1255 1218 et
1285 1162 1614 1217 incrementa
1635 1155 1751 1230 ejus

189 1263 633 1334 ctcomplcmenta
678 1266 732 1316 et
770 1253 1088 1314 detrimenta
1119 1254 1340 1311 sentire.
1373 1253 1504 1322 Quae
1544 1249 1590 1306 si
1629 1264 1752 1322 pro-

190 1369 346 1429 pterea
371 1353 548 1411 deﬁcit
569 1361 629 1406 ut
656 1358 962 1414 renovetur,
991 1347 1152 1404 etiam
1183 1345 1284 1418 ipsi
1310 1343 1572 1416 imperita:
1613 1341 1754 1398 mul-

191 1446 370 1503 titudini
399 1442 731 1499 demonstrat
755 1437 1012 1496 Ecclesiae
1033 1436 1278 1510 ﬁguram,
1307 1435 1359 1491 in
1390 1449 1491 1506 qua
1519 1429 1756 1492 creditur

190 1535 480 1596 resurrectio
509 1543 864 1592 mortuorum.

250 1629 296 1684 4.
326 1625 529 1683 Deinde
570 1619 920 1697 quaerendum
947 1621 1181 1692 estquid
1219 1620 1270 1676 in
1298 1619 1402 1676 hoc
1427 1617 1633 1692 psalmo
1662 1634 1754 1675 ac-

193 1721 392 1790 cipiatur
419 1717 634 1774 obscura
660 1716 804 1783 (una,
831 1716 881 1770 in
912 1727 1011 1786 qua
1040 1717 1348 1784 peccatores
1385 1712 1635 1783 sagittarc
1666 1726 1757 1782 pa-

194 1819 435 1872 raverunt
473 1818 654 1866 rectos
699 1805 882 1865 corde.
939 1804 1054 1862 Non
1102 1805 1244 1862 enim
1292 1821 1398 1860 uno
1441 1802 1601 1859 modo
1654 1802 1758 1858 dici

194 1905 396 1962 obscura
419 1904 542 1959 luna
582 1910 759 1974 potest
793 1918 806 1956 :
850 1913 972 1956 nam
1005 1906 1205 1955 etcum
1251 1895 1430 1953 ﬁnitur
1471 1894 1760 1951 menstruis

193 1997 448 2064 cursibus,
499 2000 554 2051 et
596 2009 716 2052 cum
758 1991 875 2063 ejus
919 1991 1093 2063 fulgor
1138 1989 1319 2046 nubilo
1370 1987 1754 2060 interpolatur,

193 2099 235 2144 et
282 2099 392 2144 cum
447 2087 602 2158 plena
657 2083 874 2151 deﬁcit,
935 2081 1039 2139 dici
1097 2089 1272 2154 potest
1327 2081 1552 2136 obscura
1615 2079 1757 2134 luna.

192 2181 355 2238 Potest
393 2192 520 2252 ergo
563 2188 617 2234 ct
673 2176 742 2233 de
787 2175 1220 2250 persecutoribus
1263 2184 1557 2248 martyrum
1603 2173 1760 2229 intel-

192 2273 300 2345 ligi,
331 2270 468 2345 quod
506 2273 756 2346 sagittare
791 2271 1057 2327 voluerint
1096 2270 1146 2325 in
1175 2267 1402 2326 obscura
1434 2271 1558 2326 luna
1586 2277 1762 2325 rectos

195 2366 336 2422 corde
366 2383 379 2419 :
411 2363 522 2422 sive
566 2363 741 2420 adhuc
770 2364 824 2419 in
875 2359 1134 2419 Ecclesia:
1162 2363 1420 2430 novitate,
1469 2363 1592 2434 quia
1622 2378 1760 2416 non-

195 2455 299 2513 dum
327 2457 478 2512 terris
516 2455 688 2526 major
711 2453 1012 2522 ci'fulserat,
1046 2462 1099 2509 et
1117 2453 1398 2526 gentilium
1429 2453 1765 2524 superstitio-

194 2565 301 2606 num
329 2548 576 2608 tenebras
605 2549 807 2605 vicerat
837 2565 850 2602 :
879 2547 996 2604 sive
1023 2548 1216 2620 linguis
1246 2547 1679 2620 blasphemorum
1711 2555 1766 2602 et

194 2639 522 2698 christianum
550 2655 744 2696 nomen
773 2637 913 2695 male
941 2636 1351 2704 ditlamantium,
1379 2640 1528 2710 quasi
1553 2637 1765 2695 nebulis

193 2745 296 2789 cum
328 2742 465 2790 terra
496 2731 860 2805 obtegeretur,
891 2729 1056 2787 videri
1086 2731 1364 2802 perspicua
1391 2732 1515 2788 luna
1539 2747 1644 2788 non
1670 2747 1767 2803 po-

193 2833 331 2889 terat,
360 2821 411 2880 id
435 2832 516 2881 cst
541 2823 779 2880 Ecclesia
815 2842 828 2878 :
855 2822 972 2878 sive
1015 2821 1252 2895 ipsorum
1281 2832 1573 2896 martyrum
1601 2824 1765 2881 caedi-

191 2912 280 2970 bus
305 2924 363 2971 ct
388 2922 528 2969 tanta
553 2913 813 2971 cll'usione
840 2912 1136 2987 sanguinis,
1164 2922 1412 2985 tanquam
1436 2914 1530 2971 illo
1555 2914 1765 2972 defectu

190 3014 234 3060 et
272 3003 642 3062 obscuratione
686 3021 789 3078 qua
836 3015 1112 3060 cruentam
1157 3004 1344 3063 faciem
1389 3007 1514 3062 luna
1559 3006 1766 3065 videtur

191 3097 487 3166 ostendere,
532 3114 562 3153 a
606 3097 822 3154 nomine
860 3096 1151 3154 Christiano
1181 3096 1590 3156 dcterrebantur
1618 3100 1765 3158 inﬁr-

191 3191 282 3258 mi;
326 3191 376 3247 in
405 3207 512 3264 quo
556 3199 764 3248 terrore
795 3189 954 3248 verba
984 3191 1170 3249 dolosa
1197 3202 1253 3251 et
1286 3195 1540 3267 sacrilega
1564 3197 1765 3266 jacula-

193 3280 365 3340 bantur
384 3292 718 3355 peccatores,
738 3293 796 3339 ut
815 3283 974 3342 etiam
997 3294 1171 3341 rectos
1191 3287 1352 3345 corde
1377 3298 1762 3359 perverteran

193 3372 351 3431 Potest
377 3386 432 3434 et
460 3369 526 3432 de
562 3375 646 3430 his
678 3373 1050 3447 peccatoribus
1091 3377 1336 3448 intelligi,
1365 3394 1498 3450 quos
1524 3379 1763 3437 Ecclesia

192 3465 442 3532 eantinct,
484 3459 628 3542 quod
669 3475 795 3523 tunc
841 3467 1055 3524 inventa
1101 3469 1384 3527 occasione
1429 3470 1584 3542 hujus
1625 3472 1764 3531 lunae

192 3553 433 3622 obscursc,
459 3557 622 3612 inulta
650 3556 1013 3615 commiserint
1040 3559 1136 3632 (a),
1164 3575 1281 3631 quze
1303 3561 1454 3618 nobis
1479 3563 1762 3633 opprobria

195 3655 317 3706 nunc
343 3650 670 3722 objiciuntur
698 3651 765 3706 ab
793 3644 1084 3718 haereticis,
1127 3667 1250 3711 cum
1290 3669 1474 3710 eorum
1519 3665 1764 3715 auctores

193 3755 244 3795 ea
263 3741 450 3800 iecisse
477 3742 743 3800 dicantur.
768 3743 872 3799 Sed
894 3759 1107 3816 quoquo
1133 3745 1290 3802 modo
1315 3760 1374 3802 se
1402 3746 1594 3803 habeat
1620 3749 1763 3820 quod

191 3829 239 3885 in
264 3831 483 3892 obscura
521 3831 650 3889 luna
681 3835 875 3890 factum
921 3843 1002 3891 est
1026 3875 1040 3902 ,
1074 3851 1214 3892 nunc
1255 3836 1519 3894 catholico
1547 3840 1763 3898 nomine

193 3931 290 3979 toto
326 3926 458 3983 orbe
487 3926 684 3984 diﬁ'uso
713 3936 872 4000 atque
904 3928 1196 3998 celebrato,
1240 3930 1369 4002 quid
1413 3932 1544 3988 mihi
1569 3941 1653 3989 est
1679 3935 1764 3990 in-

189 4019 389 4090 cognitis
444 4021 780 4092 perturbari?
825 4021 891 4076 In
929 4023 1150 4078 Domino
1197 4024 1339 4078 cnim
1383 4026 1621 4096 con/ide;
1663 4044 1764 4086 nec

189 4109 329 4167 audio
368 4112 618 4168 dicentes
656 4112 850 4168 anima:
880 4129 1013 4170 mea:
1045 4131 1058 4167 :
1107 4114 1437 4188 Transmigra
1475 4117 1530 4172 in
1572 4129 1764 4176 utentes

190 4201 302 4258 sicut
342 4222 542 4277 passer.
576 4205 830 4273 Quoniam
869 4222 980 4262 ecce
1017 4216 1298 4278 peccatores
1325 4208 1643 4265 intenderunt
1680 4228 1766 4266 ar-

193 4308 313 4363 cum,
339 4309 390 4351 ut
410 4297 648 4370 sagiltent
674 4297 725 4350 in
753 4298 962 4353 obscura
983 4298 1105 4354 luna
1131 4308 1291 4354 rectos
1317 4300 1484 4355 corde.
1509 4301 1618 4357 Aut
1641 4303 1685 4358 si
1707 4313 1766 4361 et

195 4383 288 4442 illis
312 4405 450 4446 nunc
473 4391 599 4446 luna
629 4390 842 4446 videtur
867 4390 1113 4458 obscura,
1137 4393 1258 4463 quia
1289 4393 1548 4450 incertum
1578 4397 1768 4454 volunt

194 4474 389 4537 efﬁcere
415 4499 537 4552 quae
565 4483 637 4536 sit
660 4482 942 4546 catholica,
973 4492 1028 4539 et
1073 4497 1192 4540 eam
1219 4486 1449 4555 peccatis
1472 4489 1766 4546 carnalium

195 4564 474 4638 hominum,
506 4588 641 4644 quos
667 4573 868 4628 multos
910 4575 1188 4644 continet,
1217 4588 1477 4634 conantur
1501 4596 1764 4651 arguere;

195 4660 304 4729 quid
331 4663 394 4718 ad
425 4682 547 4720 cum
575 4665 805 4735 pertinet
832 4667 922 4737 qui
953 4683 1079 4724 vere
1103 4668 1269 4724 dicit:
1297 4668 1364 4724 In
1391 4671 1614 4728 Domino
1641 4691 1768 4731 cou-

196 4753 326 4822 ﬁdo?
349 4757 462 4832 Qua
507 4774 633 4816 voce
659 4776 718 4818 sc
743 4761 966 4832 quisque
995 4771 1050 4816 et
1077 4761 1397 4820 frumentum
1425 4780 1545 4823 esse
1583 4778 1768 4824 osten-

196 4843 280 4913 dit,
308 4858 359 4904 et
396 4866 564 4923 usque
588 4850 657 4907 ad
684 4852 1040 4910 ventilationis
1070 4861 1280 4924 tempus
1307 4856 1485 4926 paleas
1515 4859 1768 4917 tolerabi-

195 4935 302 4995 liter
319 4945 562 5000 sustinet.

260 5031 400 5091 5.1::
441 5035 664 5096 Domino
707 5053 833 5110 ergo
861 5039 1083 5109 con/ida.
1117 5039 1197 5095 Illi
1245 5042 1466 5098 timeant
1487 5044 1576 5115 qui
1604 5046 1772 5101 conﬁ-

197 5118 314 5180 dunt
350 5127 404 5183 in
433 5127 667 5194 homine,
699 5139 753 5189 ct
786 5130 854 5187 de
880 5141 1028 5203 parte
1068 5132 1300 5188 hominis
1324 5149 1384 5190 se
1425 5150 1546 5192 esse
1575 5151 1771 5209 negare

257 5253 326 5319 (a)
344 5261 514 5319 Tangit
542 5259 657 5316 illud
671 5262 808 5326 quod
833 5270 1060 5314 versante
1093 5266 1224 5315 inter
1247 5269 1640 5328 persecutionum
1663 5285 1772 5333 ιιι-ο-

202 5315 556 5398 ξεςιςξὶξι
578 5326 885 5398 commissum
903 5334 980 5398 est
991 5327 1270 5398 traditionis
1283 5333 1469 5398 crimen
1487 5344 1499 5379 :
1519 5334 1644 5394 quod
1663 5336 1771 5398 qui-

202 5374 303 5458 (Et!)
324 5381 571 5458 catholicis
591 5374 884 5458 calumnime
922 5374 1770 5458 ριιίρέίᾲὺᾱιῄῐ“ιῑὸἱίέξίἷξιέςζ”‹ῖῦιὶἰιῖιὶ›

277 5448 579 5519 ιιιςιιιῆυνθε
601 5448 816 5519 ipsorum
851 5448 1043 5519 quidam
1077 5454 1234 5519 (testis
1263 5448 1634 5516 numicipaliba‘s
1659 5472 1769 5519 pro—

226 5501 424 5578 abantur
443 5501 823 5578 saercs'eudices
854 5501 915 5578 ct
937 5511 1158 5578 Ecclesiae
1198 5501 1772 5578 instrumentafpcrsecu-

207 5566 660 5643 lhori‘bu'stradhlisse.
689 5575 754 5643 uti
777 5573 1247 5643 scribitaugustitms
1272 5578 1317 5624 in
1359 5566 1562 5643 Etistc‘la
1585 5566 1768 5643 Litii'i,

205 5625 313 5705 2:3.
339 5631 456 5705 litin
494 5638 576 5705 ex,
595 5647 662 5705 _n.
682 5633 742 5705 ξ,
773 5652 806 5704 ¹«ι
830 5636 999 5705 Utique
1024 5625 1565 5705 ’ὁειριιᾴυιιριιιιιὲζιιίιξ
1585 5625 1768 5705 'i-‘diiis';

206 5687 307 5762 quia
328 5692 483 5752 potius
499 5687 570 5762 illi
592 5687 852 5746 tradituros
873 5687 1086 5762 ruerunt,
1107 5701 1191 5762 qui
1213 5687 1530 5750 Caeciliani]!er
1544 5687 1768 5761 (σῶἱὲιῖιῖ

205 5757 743 5870 ἕὲιὲηὲωκὲἒξέἓῂᾌοξαω)
767 5767 820 5810 et
842 5760 999 5812 socios
1022 5757 1290 5826 ejus'quasi
1311 5757 1581 5818 traditionis
1603 5767 1766 5819 crimi-

1848 593 1950 648 nisi
1975 593 2042 648 de
2071 597 2222 664 parte
2254 594 2396 648 illius
2441 607 2499 650 se
2526 609 2645 650 esse
2672 594 2873 661 dicant,
2906 611 3012 650 non
3039 607 3262 668 possunt
3287 614 3450 672 agno-

1850 687 1950 742 sci.
1983 686 2078 741 Dic
2104 685 2230 758 quid
2278 686 2367 742 isti
2396 687 2594 742 faciunt
2619 729 2633 754 ,
2663 704 2783 743 cum
2829 689 2934 745 illis
2961 705 3452 750 commemorantur

1851 784 1960 835 tam
1990 778 2400 835 innumerabilia
2443 786 2499 835 et
2540 777 2846 848 quotidiana
2892 792 3106 852 peccata
3153 793 3210 839 et
3251 785 3455 842 scelera

1855 889 2065 943 eorum,
2111 874 2306 946 quibus
2331 873 2489 948 plena
2512 885 2597 932 est
2626 877 2716 933 illa
2743 879 3007 935 societas?
3032 879 3297 952 Numquid
3325 900 3453 956 pos-

1854 974 1979 1023 sunt
2003 966 2202 1024 dicere.
2228 967 2296 1023 1η
2317 965 2538 1024 Domino
2560 969 2799 1040 conﬁdo;
2820 975 3069 1041 quomodo
3085 975 3250 1031 dicitis
3266 979 3453 1034 anian

1857 1076 1980 1116 mea:
2005 1079 2023 1114 :
2056 1059 2402 1135 Tramsmigra
2428 1063 2480 1118 in
2519 1073 2711 1120 montes
2747 1065 2878 1120 sicut
2910 1070 3126 1140 passer?
3165 1069 3281 1127 Non
3311 1073 3457 1128 enim

1856 1151 2132 1209 conﬁdunt
2161 1154 2212 1210 in
2250 1155 2495 1223 Domino,
2529 1156 2621 1229 qui
2648 1167 2772 1214 tunc
2800 1173 2923 1216 esse
2949 1159 3132 1218 dicunt
3159 1173 3340 1220 saneta
3370 1180 3460 1221 sa-

1857 1255 2152 1313 cramenta,
2185 1247 2227 1301 si
2257 1260 2353 1316 per
2382 1257 2597 1304 sanctos
2622 1247 2867 1306 homines
2887 1249 3101 1308 dentur.
3125 1253 3308 1326 Itaque
3336 1272 3458 1312 cum

1858 1339 1926 1396 ab
1955 1339 2032 1394 eis
2075 1341 2353 1411 qumritur,
2382 1342 2473 1414 qui
2504 1344 2613 1398 sint
2639 1345 2843 1411 sancti,
2892 1346 3212 1403 erubescunt
3240 1349 3418 1406 dicere
3442 1391 3457 1416 ,

1859 1425 1966 1485 Nos
1997 1447 2216 1500 sumus;
2241 1433 2367 1504 quin
2396 1433 2558 1490 etiam
2585 1434 2630 1490 si
2667 1435 2742 1490 illi
2770 1453 2876 1491 non
2901 1438 3220 1496 erubescant
3249 1441 3350 1497 hoc
3375 1442 3460 1498 di-

1861 1539 2006 1594 cere,
2036 1524 2089 1581 hi
2118 1525 2207 1598 qui
2248 1527 2472 1584 audiunt
2502 1545 2600 1600 pro
2641 1529 2770 1601 ipsis
2794 1531 3137 1588 erubescunt.
3168 1519 3347 1605 itaque
3375 1534 3457 1594 isti

1861 1627 2055 1690 cogunt
2082 1634 2176 1675 eos
2216 1620 2308 1693 qui
2351 1621 2620 1692 accipiunt
2663 1631 3018 1690 sacramenta,
3050 1639 3199 1695 spem
3229 1641 3378 1681 suam
3407 1629 3460 1682 in

1859 1711 2079 1768 homine.
2105 1728 2325 1785 ponere,
2354 1713 2506 1786 cujus
2531 1731 2624 1782 cor
2645 1716 2828 1772 videre
2857 1732 2962 1771 non
2990 1726 3231 1786 possunt.
3266 1717 3332 1774 Et
3359 1735 3488 1802 ina-ﬁ

1862 1803 2088 1861 ledictus
2109 1805 2283 1860 omnis
2303 1805 2393 1877 qui
2413 1822 2560 1877 spem
2583 1823 2734 1862 suam
2755 1808 2903 1880 ponit
2933 1808 2986 1863 in
3009 1805 3228 1866 homine
3249 1810 3458 1882 (Jerem.

1867 1913 2001 1963 xvn,
2034 1893 2109 1970 5).
2138 1895 2276 1964 Quid
2299 1908 2382 1954 est
2411 1899 2554 1977 enim
2581 1899 2782 1968 dicere,
2810 1901 2923 1972 Ego
2951 1901 3093 1972 quod
3119 1902 3190 1958 do
3217 1914 3462 1960 sanctum

1864 1997 1980 2056 est;
2010 1989 2110 2045 nisi
2135 2033 2148 2058 ,
2197 1991 2357 2062 Spem
2388 2001 2530 2047 tuam
2577 1989 2632 2048 in
2663 2009 2749 2049 me
2795 1995 2973 2066 pone?
3011 1995 3150 2064 Quid
3179 1996 3225 2051 si
3269 2014 3376 2054 non
3403 2013 3463 2056 es

1865 2083 2116 2139 sanctus?
2156 2085 2261 2140 Aut
2290 2085 2512 2142 ostende
2542 2101 2639 2142 cor
2672 2095 2844 2143 tuum.
2877 2087 3031 2157 Quod
3062 2089 3108 2143 si
3147 2105 3254 2146 non
3284 2099 3461 2162 potes,

1868 2172 1956 2228 ubi
1989 2164 2181 2230 videbo
2204 2173 2346 2247 quod
2376 2185 2592 2233 sanctus
2613 2177 2711 2234 es?
2732 2179 2814 2233 An
2837 2177 2975 2235 forte
2999 2178 3145 2236 dices
3173 2181 3314 2251 quod
3335 2182 3467 2239 scri-

1866 2276 2015 2338 ptum
2047 2277 2147 2335 est,
2195 2265 2280 2325 Ea;
2322 2271 2557 2340 operibus
2587 2288 2762 2328 eorum
2799 2274 3107 2344 cognoscetis
3136 2290 3219 2329 eos
3249 2273 3464 2350 (Matth.

1865 2375 1961 2427 vn,
1994 2351 2125 2432 16)?
2152 2357 2320 2418 Video
2350 2363 2510 2433 plane
2530 2363 2666 2420 mira
2696 2378 2884 2434 opera,
2910 2365 3244 2434 quotidianus
3268 2368 3469 2424 violen-

1868 2453 1970 2508 tias
2000 2451 2501 2511 Circumcellionum
2535 2454 2634 2510 sub
2657 2456 2922 2526 episcopis
2948 2466 3002 2512 ct
3031 2457 3360 2530 presbyteris
3377 2459 3468 2520 du-

1868 2542 2019 2600 cibus
2043 2544 2457 2618 circumquaque
2479 2546 2724 2614 volitare,
2747 2556 2801 2604 et
2817 2548 3082 2604 terribiles
3101 2548 3272 2606 fustes
3298 2551 3469 2609 Israe-

1869 2635 1947 2690 lcs
2003 2650 2195 2692 vocare
2219 2638 2258 2704 ί,
2290 2653 2409 2708 (ιυὶὈ
2440 2635 2686 2694 homines
2716 2639 2805 2709 qui
2831 2655 2975 2694 nunc
2999 2641 3205 2711 vivunt,
3230 2642 3471 2713 quotidie

1869 2726 2052 2781 vident
2094 2736 2148 2782 et
2175 2728 2433 2785 sentiunt.
2466 2727 2762 2785 Macariana
2808 2728 2882 2804 (ὁ)
2927 2747 3056 2786 vero
3092 2743 3375 2804 tempora,
3403 2734 3472 2792 de

1869 2817 2063 2891 quibus
2094 2819 2346 2874 invidiam
2385 2820 2604 2886 faciunt,
2639 2832 2693 2878 et
2732 2823 2949 2894 plurimi
2979 2840 3086 2880 non
3117 2825 3385 2893 viderunt,
3417 2835 3473 2883 et

1871 2925 2030 2964 nemo
2058 2926 2200 2965 nunc
2224 2911 2369 2967 videt
2395 2931 2407 2968 ε
2440 2921 2496 2968 et
2521 2913 2762 2984 quisquis
2788 2930 2850 2972 ca
2876 2915 3008 2971 vidit
3033 2915 3349 2985 catholicus,
3375 2934 3473 2992 po-

1871 3000 1971 3057 tuit
1995 3000 2193 3067 dicere,
2235 3002 2279 3056 si
2310 3003 2405 3058 Dei
2437 3018 2623 3060 servus
2649 3020 2771 3060 esse
2797 3005 2977 3074 vellet,
3005 3005 3075 3062 In
3105 3007 3324 3065 Domino
3351 3028 3468 3068 cono

1871 3091 1977 3161 ﬁdo
1996 3108 2015 3156 ;
2053 3093 2193 3163 quod
2220 3102 2273 3149 et
2304 3110 2446 3149 nunc
2483 3095 2654 3162 dicit,
2687 3111 2808 3152 cum
2841 3098 3006 3153 multa
3036 3114 3156 3170 qua:
3200 3117 3307 3157 non
3337 3104 3469 3174 vult,

1869 3183 1924 3238 in
1952 3179 2192 3239 Ecclesia
2225 3185 2390 3255 videt,
2423 3187 2511 3257 qui
2534 3202 2593 3243 se
2622 3188 2758 3244 intra
2782 3189 2868 3245 illa
2894 3192 3025 3246 retia
3056 3192 3208 3262 plena
3239 3195 3474 3266 piscibus

1868 3271 2025 3329 bonis
2060 3285 2111 3328 et
2139 3275 2295 3330 malis
2327 3275 2437 3350 (Id.
2467 3294 2582 3345 xm,
2613 3279 2704 3353 47)
2735 3287 2920 3338 natare
2945 3281 3122 3339 adhuc
3149 3287 3334 3354 sentit,
3377 3287 3476 3344 do-

1870 3379 1971 3418 nec
1997 3359 2064 3418 ad
2107 3365 2263 3420 tinem
2310 3366 2475 3422 maris
2500 3369 2761 3438 veniatur,
2794 3370 2887 3426 ubi
2915 3373 3041 3428 mali
3067 3386 3474 3446 scgrcgcntura

1873 3447 2052 3512 bonis.
2093 3451 2184 3512 Isti
2214 3468 2396 3515 autem
2429 3461 2556 3531 quid
2604 3465 2952 3534 respondent,
2999 3467 3043 3520 si
3073 3467 3228 3524 alicui
3261 3470 3474 3528 illorum

1869 3545 2011 3603 dicat
2035 3549 2123 3604 ille
2163 3566 2320 3621 quem
2354 3551 2628 3624 baptizant
2662 3572 2674 3609 :
2709 3555 2991 3623 Quomodo
3021 3575 3108 3616 me
3140 3560 3299 3632 jubes
3338 3579 3474 3635 pm-

1869 3656 2082 3696 sumere
2095 3643 2117 3693 ?
2144 3641 2278 3697 Nam
2308 3643 2353 3698 si
2383 3652 2439 3700 ct
2477 3643 2655 3702 dantis
2684 3655 2736 3702 et
2756 3648 3068 3721 accipientis
3097 3661 3177 3706 est
3203 3635 3471 3721 meritum,

1868 3731 1940 3789 sit
1968 3731 2143 3789 dantis
2172 3733 2303 3806 Dei,
2345 3743 2400 3793 et
2425 3738 2738 3808 accipientis
2774 3742 3114 3797 conscientia:
3149 3760 3284 3800 mea:
3317 3764 3328 3797 :
3359 3746 3475 3802 haec

1871 3823 2014 3879 enim
2043 3821 2150 3879 duo
2177 3840 2282 3880 non
2309 3827 2441 3882 mihi
2472 3827 2676 3884 incerta
2705 3840 2850 3899 sunt,
2884 3832 3095 3889 bonitas
3125 3835 3286 3903 illius,
3333 3848 3388 3894 et
3415 3839 3476 3894 ii-

1869 3911 1968 3972 des
1995 3932 2132 3972 mea.
2164 3917 2301 3984 Quid
2354 3927 2406 3975 te
2452 3919 2783 3991 interponis,
2830 3924 2897 3980 dc
2944 3941 3050 3996 quo
3093 3937 3292 3983 eertum
3339 3931 3476 3987 scire

1869 4008 2002 4066 nihil
2035 4012 2290 4081 possum?
2336 4011 2462 4068 Sine
2493 4030 2580 4068 mc
2621 4015 2837 4083 dicere,
2883 4017 2949 4076 In
2993 4018 3213 4075 Domino
3249 4023 3472 4090 conﬁdo.

1869 4097 2002 4160 Nam
2028 4102 2072 4158 si
2103 4103 2154 4156 in
2199 4111 2252 4158 te
2279 4102 2506 4169 conﬁdo,
2542 4105 2682 4162 unde
2724 4106 2937 4163 conﬁdo
2966 4110 3009 4165 si
3057 4110 3187 4165 nihil
3217 4113 3338 4166 mali
3373 4113 3475 4170 ista

1871 4205 2030 4252 nocte
2058 4194 2266 4252 fecisti?
2290 4197 2567 4254 Postremo
2589 4201 2633 4256 si
2661 4201 2740 4256 vis
2767 4209 2822 4256 nt
2842 4202 3055 4258 credam
3084 4204 3198 4269 tibi,
3219 4206 3474 4276 numquid

1871 4303 2090 4360 possmn
2104 4290 2332 4360 amplius
2347 4307 2508 4369 quam
2529 4291 2595 4348 dc
2616 4301 2666 4348 te
2690 4293 2940 4350 credere?
2956 4294 3106 4351 Unde
3123 4311 3251 4369 ergo
3266 4297 3475 4355 conﬁdo

1874 4380 1927 4436 in
1955 4381 2034 4437 eis
2078 4382 2416 4452 quibusiicri
2453 4386 2884 4453 communicasti,
2916 4397 2970 4444 et
3000 4387 3156 4444 hodie
3182 4392 3474 4447 communi-

1872 4488 1984 4541 cas,
2012 4482 2065 4529 et
2089 4491 2207 4530 cras
2233 4477 2673 4544 communicabis,
2703 4488 2877 4534 utrum
2905 4481 2985 4536 vel
3013 4480 3116 4537 isto
3146 4483 3319 4538 triduo
3344 4484 3475 4540 nihil

1873 4569 2000 4624 mali
2046 4571 2453 4626 commiserint?
2483 4573 2634 4641 Quod
2679 4573 2726 4628 si
2769 4588 2870 4632 nec
2916 4585 2967 4630 te
3012 4591 3113 4632 nec
3159 4592 3245 4633 me
3290 4577 3477 4647 polluit

1875 4662 2015 4732 quod
2046 4664 2332 4731 nescimus,
2363 4681 2482 4736 quae
2511 4681 2671 4722 causa
2719 4676 2801 4722 est
2849 4677 2905 4722 ut
2934 4667 3234 4739 rebaptizes
3263 4685 3354 4726 eos
3384 4672 3474 4740 qui

1876 4761 2116 4824 tempora
2147 4755 2446 4810 traditionis
2474 4765 2530 4812 et
2576 4755 2891 4812 biacariana:
2923 4758 3134 4835 invidiae
3171 4775 3276 4815 non
3308 4776 3477 4818 nove-

1874 4846 2040 4901 runt?
2066 4846 2194 4914 Qua:
2233 4861 2394 4902 causa
2437 4855 2520 4901 est
2561 4855 2616 4901 ut
2641 4848 2964 4904 christianos
3007 4849 3074 4906 de
3098 4850 3477 4921 Mesopotamia

1877 4937 2176 5005 venientes,
2201 4939 2291 5008 qui
2322 4937 2594 4994 Ca'ciliani
2627 4949 2680 4994 et
2708 4939 2896 5008 Donati
2926 4956 3023 4996 nec
3059 4957 3253 4997 nomen
3291 4942 3474 4999 audie-

1878 5039 2022 5097 runt,
2053 5031 2382 5098 rebaptizare
2407 5030 2604 5087 audeas
2627 5073 2642 5096 ,
2683 5042 2737 5088 et
2765 5048 2928 5106 neges
2972 5049 3093 5090 esse
3119 5034 3478 5093 christianos?

1877 5119 1932 5178 Si
1961 5129 2134 5178 autem
2163 5121 2282 5178 illos
2324 5122 2569 5196 polluunt
2595 5125 2766 5182 aliena
2795 5134 3011 5198 peccata
3059 5143 3178 5208 qua:
3203 5129 3470 5194 nesciunt,

1947 5276 2064 5346 {sic
2085 5275 2266 5342 aliquot
2291 5279 2455 5342 probze
2477 5286 2605 5332 notae
2621 5287 2730 5334 Mss.
2763 5291 2819 5335 At
2847 5283 2981 5348 edd.,
3005 5285 3155 5350 fustes
3177 5283 3371 5338 Israelis
3397 5298 3474 5337 νο·

1879 5350 1983 5390 cari
1990 5376 2002 5389 .

1944 5402 2014 5472 (ᾳ)
2040 5403 2304 5472 Donatista:
2327 5418 2417 5467 per
2434 5419 2581 5457 canos
2601 5409 2765 5458 Donati
2786 5409 2967 5472 jurant.

1945 5463 2298 5534 (b)_i\tacariazia
2322 5463 2555 5530 tempora,
2584 5473 2762 5532 quibus
2780 5463 2836 5520 se
2861 5485 2888 5520 a
2911 5469 3162 5521 Catholicis
3185 5471 3335 5521 diram
3360 5486 3476 5534 pcr-

1880 5527 2220 5596 sqcutiuncmq
2241 5527 2524 5596 assos_cs_se
2549 5527 2807 5582 Donatista:
2843 5535 3200 5596 querebantur,
3226 5527 3476 5596 pertinent

1879 5587 1938 5656 ad
1962 5600 2139 5656 annum
2163 5591 2358 5640 circiter
2381 5592 2491 5652 548,
2518 5607 2615 5656 (ιιιο
2641 5587 2874 5644 Macarius
2894 5603 2943 5644 et
2967 5594 3140 5644 Paulus
3159 5587 3402 5647 venerunt
3427 5597 3476 5646 in

1879 5649 2097 5722 africani,
2117 5663 2190 5722 _eo
2207 5665 2232 5698 a
2255 5649 2515 5703 Constante
2537 5649 2691 5722 inissi,
2719 5664 2772 5704 ut
2795 5670 3068 5722 egenorum
3101 5658 3310 5722 inepiarn
3329 5657 3474 5722 largi-

1879 5712 2093 5779 tionibus
2115 5713 2355 5779 levarent,
2385 5724 2539 5779 utque
2563 5712 2895 5769 scltiSmatic'OS
2915 5712 3209 5772 revocarent
3231 5720 3289 5774 ad
3314 5712 3472 5772 unita-

1880 5775 2316 5852 tem‘catholicatn.‘
2342 5785 2411 5852 ne
2445 5775 2520 5828 liis
2555 5787 2754 5842 Optatus
2787 5781 2836 5830 in
2866 5779 2952 5831 lib.
2990 5787 3063 5849 ut,
3099 5790 3392 5852 Augustinus
3425 5789 3497 5838 in‘

1873 5842 2024 5900 epist.
2054 5846 2191 5900 Xttv,
2220 5857 2264 5890 n.
2293 5842 2337 5902 4,
2365 5845 2412 5904 5,
2443 5852 2533 5892 etc.
