4078 6434
652 345 757 402 l3”)

645 479 794 526 tenet
822 477 878 527 te
917 480 1068 525 reum
1096 461 1349 536 quidquid
1393 475 1490 532 per
1528 457 1769 532 singulos
1813 456 1931 515 dies
1975 458 2030 514 in
2079 465 2234 530 parte

647 571 822 617 vestra
850 567 902 613 te
927 557 1196 612 nesciente
1223 551 1592 617 committitur,
1632 551 2013 622 imperatorum
2036 546 2237 605 consti-

647 651 879 706 tutiones
908 648 986 719 (a)
1015 647 1207 702 frustra
1250 643 1590 715 obiicientem
1620 643 1638 676 ⁸
1681 641 1990 708 Catholieis,
2019 656 2140 697 eum
2181 641 2237 697 in

647 742 840 799 vestris
860 740 1048 797 castris
1067 737 1254 808 privati
1280 736 1447 793 fustes
1467 738 1722 808 ignesque
1742 736 1821 792 sic
1835 737 2075 818 saviant.
2096 735 2238 793 Ecce

647 851 757 906 quo
782 833 915 904 lapsi
947 841 1091 897 sunt,
1123 830 1212 902 qui
1244 844 1368 885 eum
1395 829 1641 886 viderent
1670 829 1725 886 in
1748 829 2022 886 Catholica
2047 842 2237 901 pecea-

645 937 812 990 tores,
858 939 963 978 non
1004 930 1294 994 potuerunt
1337 921 1533 989 dicere,
1567 919 1636 976 In
1673 920 1895 977 Domino
1930 921 2152 991 con/ida,
2181 929 2239 978 et

642 1033 793 1090 spem
823 1031 972 1071 suam
1004 1016 1058 1071 in
1085 1014 1302 1071 homine
1329 1021 1640 1085 posuerunt.
1671 1012 1826 1082 Quod
1847 1013 2067 1069 omnino
2093 1012 2239 1069 diee-

643 1117 786 1178 rent,
818 1109 861 1164 si
892 1122 998 1163 non
1023 1116 1116 1163 aut
1153 1105 1287 1178 ipsi,
1317 1113 1410 1161 aut
1433 1114 1488 1161 et
1530 1105 1631 1175 ipsi
1663 1105 1799 1160 tales
1827 1113 2028 1172 essent,
2054 1102 2238 1174 quales

642 1203 765 1259 illos
811 1201 1088 1273 putabant,
1129 1215 1161 1256 a
1200 1198 1393 1270 quibus
1437 1198 1696 1270 sacrilega
1725 1196 1972 1268 superbia
1999 1194 2238 1267 separari

641 1307 702 1350 se
726 1293 863 1349 velle
888 1292 1174 1347 ﬁnxerunt.

717 1387 768 1443 6.
792 1383 814 1459 [
835 1401 964 1441 vers.
983 1383 1062 1457 4.]
1083 1384 1230 1439 Dicat
1250 1399 1378 1455 ergo
1402 1383 1577 1438 anima
1599 1381 1892 1439 catholica:
1919 1379 1988 1436 In
2019 1379 2238 1438 Domino

643 1479 847 1548 confido
869 1493 890 1543 ,'
913 1476 1164 1549 quomodo
1203 1476 1369 1531 dicitis
1405 1475 1592 1530 animle
1629 1472 1796 1530 mete:
1826 1473 2156 1544 Transmigra
2182 1475 2238 1529 in

643 1581 837 1627 montes
877 1568 1009 1624 sicut
1053 1568 1272 1638 passer?
1313 1568 1566 1636 Quoniam
1603 1584 1708 1622 esse
1749 1577 2032 1639 peccatores
2069 1567 2237 1622 inten-

641 1665 824 1719 derunt
850 1679 1044 1728 arcum,
1075 1671 1378 1732 parauerunt
1405 1663 1614 1733 sagittas
1649 1677 1768 1716 suas
1793 1661 1846 1715 in
1872 1660 2111 1732 pharetra
2133 1701 2150 1728 ,
2181 1669 2238 1714 ut

639 1755 881 1825 sagittent
906 1755 958 1807 in
989 1754 1202 1808 obscura
1240 1752 1364 1807 luna
1391 1763 1552 1807 rectos
1589 1753 1742 1807 corde
1775 1765 1796 1807 :
1833 1763 1889 1808 et
1929 1767 2238 1809 sermonem

641 1845 711 1900 ab
750 1845 878 1915 ipsis
904 1851 1182 1900 convertat
1217 1843 1284 1898 ad
1313 1843 1599 1898 Dominum
1625 1883 1641 1910 ,
1687 1850 1743 1898 et
1767 1842 1911 1898 dicat
1932 1884 1948 1912 ,
1983 1843 2238 1909 Quoniam

639 1952 754 2008 qua:
781 1936 1036 2007 perfecisti
1072 1936 1445 1991 destruxerunt.
1486 1935 1556 1991 Et
1593 1936 1694 1992 hoc
1729 1935 1893 2003 dicat,
1919 1950 2025 1991 non
2051 1943 2235 1992 contra

636 2026 770 2084 istos
792 2027 958 2093 solos,
985 2027 1081 2084 sed
1105 2037 1292 2083 contra
1315 2041 1505 2084 omnes
1531 2027 1832 2083 haereticos.
1855 2026 2058 2084 Omnes
2082 2027 2232 2084 enim

637 2130 894 2193 quantum
923 2119 978 2176 in
1009 2120 1139 2190 ipsis
1167 2129 1271 2187 est,
1300 2119 1684 2176 destruxerunt
1711 2120 1947 2188 laudem,
1976 2135 2137 2192 quam
2165 2136 2234 2176 ex

639 2227 734 2269 ore
762 2201 1128 2269 infantium‘et
1153 2211 1464 2268 laetentium
1492 2210 1717 2282 perfecit
1745 2211 1885 2267 Deus
1918 2209 2092 2284 (Psal.
2118 2227 2233 2278 vin,

639 2303 729 2378 3),
756 2302 886 2359 dum
911 2301 1297 2373 quaestionibus
1323 2302 1478 2357 vanis
1516 2310 1572 2357 et
1608 2301 1936 2374 scrupulosis
1968 2302 2237 2374 exagitant

639 2393 921 2466 parvulos,
950 2400 1007 2449 et
1029 2406 1125 2448 eos
1153 2392 1345 2448 nutriri
1373 2391 1494 2448 ﬁdei
1522 2391 1662 2448 lacte
1689 2407 1799 2448 non
1828 2392 2030 2448 sinunt.
2071 2392 2235 2460 Quasi

637 2501 768 2557 ergo
795 2485 992 2542 dictum
1023 2484 1096 2540 sit
1121 2483 1248 2540 huic
1275 2485 1470 2540 animae
1489 2525 1506 2551 ,
1537 2484 1715 2552 Quare
1758 2484 1844 2540 isti
1887 2484 1982 2540 tibi
2025 2484 2230 2551 dicunt,

638 2577 686 2634 Τ
685 2577 971 2649 ransntigra
992 2576 1047 2630 in
1072 2584 1266 2632 mortles
1288 2577 1418 2632 sicut
1441 2593 1614 2647 passer
1632 2577 1659 2631 .’
1683 2591 1850 2648 quare
1877 2583 1931 2632 te
1955 2575 2024 2632 de
2049 2591 2237 2646 pecca-

637 2668 844 2726 toribus
871 2675 1095 2734 terrent,
1125 2668 1216 2739 qui
1241 2667 1585 2724 intenderunt
1608 2681 1790 2722 arcum
1817 2665 1885 2722 ad
1907 2666 2236 2737 saginandus

635 2761 694 2818 in
715 2758 942 2816 obscura
964 2759 1090 2814 luna
1113 2767 1290 2816 rectos
1309 2758 1508 2814 corde?
1529 2758 1837 2828 Respondet
1860 2776 1874 2812 :
1899 2757 2024 2813 Ideo
2052 2757 2233 2828 utique

636 2869 728 2910 me
755 2859 992 2919 terrent,
1016 2851 1260 2921 quoniam
1282 2867 1396 2922 qua:
1420 2851 1672 2923 perfeciin
1696 2851 2071 2905 destruxerunt.
2104 2849 2226 2915 Ubi,

635 2947 741 3005 nisi
779 2946 832 3002 in
870 2946 1263 3004 conventiculis
1291 2945 1438 3012 suis,
1467 2945 1556 3000 ubi
1585 2944 1832 3013 parvulos
1867 2953 1920 2999 et
1961 2943 2233 2998 interioris

633 3039 773 3096 lucis
793 3038 1030 3109 ignaros,
1054 3053 1159 3092 non
1185 3038 1319 3092 lacte
1347 3036 1608 3102 nutriunt,
1636 3033 1731 3089 sed
1757 3034 1979 3088 venenis
2005 3035 2231 3089 necant?

631 3128 816 3187 Justus
842 3140 1011 3185 autem
1044 3129 1166 3198 quid
1195 3128 1355 3199 fecit?
1393 3127 1452 3182 Si
1479 3140 1574 3180 vos
1598 3125 1858 3180 Macarius
1878 3165 1892 3189 ,
1925 3126 1968 3178 si
1992 3139 2088 3180 vos
2113 3123 2232 3180 Cae-

635 3221 862 3278 cilianus
887 3219 1142 3282 oﬁ'endit;
1172 3217 1419 3272 Christus
1444 3215 1571 3286 quid
1603 3215 1728 3272 fecit
1757 3216 1931 3278 vobis,
1959 3217 2046 3286 qui
2075 3217 2228 3281 dixit,

640 3315 832 3373 Pacem
873 3330 1038 3369 nteant
1080 3313 1147 3367 do
1187 3312 1323 3366 vobis
1337 3353 1353 3378 ,
1404 3326 1580 3381 pacem
1616 3325 1779 3364 meam
1821 3309 2051 3381 relinquo
2095 3308 2234 3364 vobis

638 3406 820 3480 (Joan.
847 3421 945 3461 xw
963 3446 980 3472 ,
1011 3404 1104 3476 27)
1135 3422 1148 3458 :
1177 3419 1335 3474 quam
1366 3417 1460 3458 vos
1489 3401 1717 3458 nefanda
1754 3401 2092 3458 dissensione
2118 3403 2233 3458 vio-

639 3498 830 3555 lastis?
850 3496 1095 3553 Christus
1119 3495 1247 3567 quid
1273 3495 1423 3549 vobis
1451 3493 1596 3561 fecit,
1623 3492 1712 3562 qui
1739 3491 2047 3548 traditorem
2075 3508 2229 3549 suum

638 3597 785 3644 tanta
831 3589 1084 3659 patientia
1132 3587 1376 3656 pertulit,
1409 3595 1466 3640 ut
1495 3584 1544 3640 ei
1584 3584 1809 3655 primam
1839 3583 2228 3640 Eueharistiam

635 3677 934 3736 confectam
977 3677 1222 3733 manibus
1267 3676 1379 3732 suis
1423 3683 1479 3731 et
1518 3691 1614 3730 ore
1652 3689 1749 3728 suo
1777 3673 2229 3740 commendatam,

636 3771 774 3827 sicut
801 3769 1009 3826 caeteris
1036 3768 1306 3839 Apostolis
1338 3767 1573 3823 traderet
1605 3765 1758 3838 (Luc.
1790 3782 1941 3834 χιιι,
1977 3767 2072 3832 l9,
2100 3767 2231 3836 θυι

637 3861 774 3929 Quid
813 3862 963 3916 vobis
1010 3859 1134 3915 fecit
1175 3859 1453 3925 Christus,
1501 3858 1592 3928 qui
1635 3857 1886 3914 eumdem
1917 3856 2229 3912 traditorem

637 3971 816 4024 suum,
844 3969 1004 4025 quem
1032 3952 1305 4009 diabolum
1337 3951 1629 4007 nominavit
1663 3950 1841 4022 (Joan.
1870 3966 1944 4017 vr,
1966 3946 2097 4021 71),
2138 3949 2231 4020 qui

639 4059 763 4105 ante
794 4047 1132 4103 traditionem
1171 4044 1383 4100 Domini
1413 4058 1512 4099 nec
1541 4043 1730 4098 loculis
1759 4042 2041 4098 dominicis
2069 4041 2229 4098 ﬁdem

637 4140 811 4211 potuit
833 4138 1089 4195 exhibere
1117 4134 1229 4208 (Id.
1258 4153 1350 4201 xu,
1380 4134 1459 4205 6),
1485 4150 1604 4190 cum
1631 4135 1840 4190 caeteris
1865 4133 2138 4204 discipulis
2161 4132 2229 4191 ad

640 4229 1040 4302 praedicandum
1080 4244 1299 4296 regnum
1332 4227 1593 4283 etelorum
1624 4227 1770 4281 misit
1799 4225 2013 4299 (Matth.
2043 4243 2104 4292 κ,
2131 4226 2186 4298 5)
2211 4244 2226 4294 ;

635 4332 696 4378 ιιι
720 4321 1112 4377 demonstraret
1137 4319 1274 4375 dona
1306 4318 1404 4374 Dei
1436 4317 1715 4389 pervenire
1752 4317 1821 4372 ad
1855 4333 1949 4372 eos
1988 4318 2076 4388 qui
2105 4333 2228 4374 eum

636 4413 746 4471 ﬁde
769 4413 1073 4484 accipiunt,
1105 4411 1312 4466 etiamsi
1343 4410 1460 4466 talis
1497 4410 1567 4465 sit
1603 4425 1699 4480 per
1737 4425 1896 4480 quem
1935 4409 2226 4482 accipiunt,

636 4506 810 4578 qualis
833 4504 996 4562 ludas
1025 4502 1162 4558 fuit?

709 4598 763 4652 7.
793 4595 944 4670 [vers.
965 4593 1047 4668 5.]
1093 4594 1344 4649 Dominus
1364 4594 1418 4648 in
1444 4593 1630 4665 templo
1650 4603 1823 4650 sancto
1842 4611 1953 4650 suo.
1981 4595 2055 4651 Ita
2076 4609 2224 4664 vero,

635 4690 776 4746 sicut
801 4688 1088 4758 Apostolus
1115 4686 1266 4753 dicit,
1294 4686 1562 4756 Templum
1588 4688 1722 4742 enim
1751 4688 1844 4743 Dei
1870 4698 2102 4744 sanctum
2129 4697 2224 4756 est,

636 4783 773 4853 quod
797 4781 912 4836 estis
941 4797 1046 4835 vos.
1089 4779 1326 4846 Quisquis
1352 4788 1521 4834 autent
1551 4779 1794 4851 templum
1830 4779 1921 4834 Dei
1948 4780 2224 4847 violaverit,

635 4873 889 4944 disperdet
935 4871 1081 4927 illum
1127 4871 1264 4926 Deus
1310 4870 1362 4944 (Ι
1387 4868 1505 4927 Cor.
1537 4887 1631 4939 ιιι,
1673 4871 1784 4944 17).
1815 4871 2096 4941 Templum
2131 4871 2224 4929 Dei

634 4964 833 5030 violat,
882 4963 972 5036 qui
1022 4965 1187 5020 violat
1217 4965 1485 5019 «unitatem
1517 4977 1664 5019 :non
1709 4964 1852 5020 enim
1894 4971 2040 5020 tenet
2068 4971 2228 5035 caput

635 5054 855 5126 (Coloss.
885 5054 1106 5126 11,19),
1138 5069 1204 5110 ex
1234 5053 1339 5126 quo
1377 5063 1546 5110 totum
1593 5070 1788 5126 corpus
1831 5071 2132 5113 connexum
2170 5065 2228 5113 et

633 5158 972 5222 compactum
998 5165 1096 5220 per
1121 5165 1334 5206 omnem
1364 5159 1562 5207 tactum
1590 5151 1669 5222 (ὁ)
1695 5150 2222 5220 subministrationis,

631 5241 924 5299 secundum
955 5241 1318 5313 operationem
1362 5244 1416 5298 in
1456 5258 1762 5299 mensuram
1803 5244 2225 5315 uniuscujusque

633 5335 802 5406 partis
829 5335 1215 5390 incrementum
1244 5333 1485 5406 corporis
1522 5334 1680 5400 facit,
1723 5334 1778 5389 in
1816 5334 2224 5391 aediﬁcationem

629 5426 715 5484 sui
739 5426 792 5483 in
821 5425 1080 5482 charitate
1109 5424 1326 5497 (Ephes.
1354 5441 1428 5494 iv,
1454 5425 1569 5497 l6).
1601 5424 1658 5480 ιιι
1683 5424 1787 5481 hoc
1811 5425 2008 5496 templo
2037 5433 2224 5483 sancto

695 5559 714 5592 ι
738 5559 810 5630 sic
835 5565 944 5630 uss.
967 5565 1030 5630 at
1047 5557 1166 5628 editi
1189 5557 1445 5630 ferebant:
1475 5566 1593 5630 Tene
1630 5570 1767 5630 reum
1799 5556 1944 5630 facit,

629 5633 718 5686 per
745 5620 955 5690 singulos
976 5619 1082 5673 dies
1102 5619 1313 5690 inparte
1336 5629 1496 5690 uestra
1532 5626 1578 5671 te
1614 5617 1851 5690 nesqen'te
1868 5617 2182 5690 comiitittit'ur
2196 5617 2225 5674 ?

635 5681 984 5745 imperatorum
1003 5681 1355 5745 constitutiones
1373 5683 1556 5745 frustra
1577 5681 1804 5745 objicitis,
1830 5689 1925 5734 etc.

694 5696 706 5730 t
771 5694 984 5733 ratorum
1003 5694 1355 5733 constttuuones
1373 5694 1556 5744 [rustra
1577 5694 1804 5745 οιῃιοιιιδ,
1830 5695 1845 5733 t

694 5694 770 5808 ὅ)
791 5745 1168 5808 constitutiones
1183 5744 1258 5795 hic
1280 5745 1436 5808 tangit
1457 5744 1614 5795 editas
1634 5756 1713 5795 an.
1735 5744 1845 5796 405.

695 5803 765 5869 (lt)
780 5811 951 5868 Grec,
969 5803 1133 5868 aphes.

1842 342 1902 400 s.
1943 338 2316 400 AUGUSTth
2353 337 2658 401 EPISCOPl
3802 366 3884 427 ιε,

2342 471 2442 515 suo
2467 459 2723 517 Dominus
2745 467 2863 531 est;
2894 463 3040 536 quod
3065 477 3278 528 constat
3301 471 3485 532 multis
3510 475 3758 536 membris
3777 484 3884 550 suis,
3984 449 3985 452 Ἰ

2339 563 2437 606 sua
2461 566 2686 624 qua:tu
2708 551 2884 610 ofﬁcia
2903 559 3231 627 gerentibus,
3257 562 3313 612 in
3335 580 3494 624 unam
3520 567 3883 630 mdiﬁcationem

2341 643 2603 700 charitate
2623 645 2642 678 ⁸
2672 647 3034 715 constructis;
3077 648 3219 720 quod
3262 649 3451 718 violat,
3491 653 3727 726 quisquis
3763 679 3888 722 cana

2342 735 2673 807 principatus
2696 738 2782 795 sui
2810 753 2840 793 a
2869 738 3132 796 catholica
3159 741 3414 800 societate
3445 743 3778 819 disiungitur.
3806 749 3890 808 Do-
3984 767 3985 819 γ

2343 827 2511 884 minus
2529 829 2585 885 in
2605 831 2792 902 templo
2812 841 2988 888 sancto
3005 847 3120 901 suo,
3147 831 3397 890 Domitius
3418 836 3472 891 in
3493 838 3620 894 calo
3640 839 3774 896 sedes
3790 846 3878 915 ejus
3984 833 3985 884 Ὺ

2342 917 2401 976 Si
2428 919 2625 978 ctelum
2651 923 2924 994 acceperis
2950 923 3170 993 iustum,
3200 925 3341 983 sicut
3364 935 3570 987 terram
3595 930 3780 1002 accipis
3796 949 3886 1006 pec-

2343 1019 2609 1080 catorem,
2638 1013 2726 1072 eui
2751 1014 2953 1072 dictum
2982 1025 3066 1074 est
3084 1059 3100 1085 ,
3128 1015 3290 1074 Terra
3329 1036 3417 1088 es,
3445 1030 3493 1076 et
3530 1021 3587 1076 in
3629 1031 3799 1080 terrain
3823 1026 3893 1084 ibit

2344 1099 2500 1173 (Gen.
2527 1118 2620 1171 ιιι,
2649 1102 2778 1176 l9);
2816 1103 2960 1177 quod
2987 1104 3189 1164 dictum
3215 1117 3332 1177 est,
3375 1108 3627 1169 Dominus
3661 1113 3712 1169 in
3745 1118 3893 1188 templo

2342 1203 2516 1248 sancto
2541 1211 2635 1250 suo
2653 1235 2669 1264 ,
2696 1196 2983 1267 repetitum
3021 1198 3284 1274 intelliges
3310 1199 3442 1259 dum
3465 1203 3669 1262 dictum
3693 1216 3785 1276 est,
3811 1208 3893 1265 Do-

2344 1285 2513 1340 minus
2541 1286 2594 1340 in
2623 1286 2748 1341 caelo
2776 1288 2920 1344 sedes
2947 1289 3078 1360 ejus.

2414 1377 2470 1432 8.
2503 1375 2653 1432 Oculi
2697 1379 2809 1446 eius
2857 1379 2912 1434 in
2956 1397 3231 1454 pauperem
3275 1384 3572 1457 respiciunt.
3616 1387 3892 1461 Quippeeui

2343 1467 2632 1526 derelictus
2655 1478 2741 1526 est
2762 1487 2983 1543 pauper,
3006 1481 3062 1529 et
3088 1475 3178 1546 qui
3205 1475 3377 1533 factus
3403 1488 3489 1536 est
3513 1478 3768 1552 refugium
3793 1498 3892 1555 pauo

2343 1561 2457 1631 peri
2501 1558 2673 1632 (Psal.
2702 1577 2791 1631 ix,
2825 1562 2941 1635 10).
2970 1563 3041 1620 Ει
3069 1565 3190 1622 ideo
3227 1567 3518 1627 seditiones
3553 1587 3736 1628 omnes
3760 1583 3808 1630 et
3827 1583 3891 1630 tu-

2343 1653 2540 1709 multus
2569 1655 2706 1710 intra
2739 1657 2837 1713 ista
2863 1659 2994 1713 retia
3015 1697 3029 1722 ,
3067 1657 3240 1716 donec
3281 1661 3645 1733 perducantur
3669 1664 3733 1722 ad
3761 1667 3890 1734 littus,

2342 1743 2411 1800 de
2436 1745 2629 1814 quibus
2656 1747 2810 1802 nobis
2835 1747 2887 1802 in
2911 1749 3200 1819 perniciem
3221 1766 3372 1808 suam
3393 1763 3448 1810 et
3470 1755 3540 1811 ad
3564 1766 3787 1814 nostram
3804 1775 3893 1817 cor-

2342 1839 2633 1894 rectionem
2665 1841 2925 1898 insultant
2965 1842 3232 1913 hteretiei,
3264 1861 3364 1917 per
3396 1863 3493 1903 eos
3534 1848 3771 1908 homines
3793 1853 3893 1911 ﬁunt

2342 1930 2431 2000 qui
2458 1945 2720 2002 pauperes
2743 1931 2939 1990 Christi
2965 1949 3086 1992 esse
3111 1936 3317 1992 nolunt.
3346 1938 3454 1995 Sed
3481 1941 3736 2012 numquid
3761 1943 3818 1999 ab
3836 1946 3892 2002 eis

2341 2018 2432 2090 qui
2461 2019 2564 2076 hoc
2589 2036 2709 2079 esse
2735 2023 2940 2090 volunt,
2966 2035 3214 2082 avertunt
3242 2029 3427 2086 oculos
3452 2029 3594 2086 Dei?
3622 2029 3763 2086 Oculi
3783 2035 3891 2093 enim

2340 2110 2454 2182 ejus
2481 2111 2534 2165 in
2561 2129 2832 2184 pauperem
2858 2117 3153 2189 respiciunt.
3185 2117 3450 2191 Numquid
3484 2123 3811 2180 metuendum
3831 2133 3892 2180 est

2340 2215 2410 2255 ne
2439 2201 2492 2256 in
2519 2202 2675 2258 turba
2704 2204 2926 2261 divitum
2952 2222 3151 2278 paucos
3179 2225 3442 2282 pauperes
3469 2212 3656 2270 videre
3683 2229 3779 2271 non
3801 2229 3892 2286 pos-

2341 2291 2430 2355 sit,
2453 2307 2590 2362 quos
2611 2294 2663 2349 in
2685 2295 2939 2353 Ecclesia:
2959 2298 3236 2356 catholicae
3255 2302 3461 2372 gremio
3487 2304 3773 2361 custoditos
3789 2321 3891 2362 enu-

2340 2382 2503 2438 triat?
2538 2383 2804 2456 Palpebrae
2829 2389 2938 2459 ejus
2977 2389 3287 2462 interrogant
3330 2392 3466 2462 filios
3511 2395 3783 2450 hominum.
3811 2395 3883 2454 Hic

2340 2474 2476 2544 ﬁlios
2505 2477 2784 2546 hominum,
2811 2481 2900 2537 illa
2925 2483 3108 2554 regula
3139 2483 3368 2540 libenter
3393 2488 3713 2558 acceperim,
3739 2488 3796 2545 de
3815 2504 3888 2543 vc-

2338 2565 2542 2622 teribus
2572 2580 2916 2641 regeneratos
2953 2588 3051 2644 per
3089 2573 3269 2630 ﬁdem.
3296 2575 3360 2631 lli
3388 2577 3589 2649 quippe
3617 2580 3886 2650 quihusdam
3969 2597 3972 2623 τ

2339 2657 2732 2730 Seripturarum
2765 2662 2898 2718 locis
2935 2663 3215 2734 obscuris,
3246 2673 3500 2737 tanquam
3541 2669 3732 2726 clausis
3757 2669 3888 2726 oculis

2339 2748 2456 2816 Dei,
2487 2761 2808 2809 exercentur
2831 2763 2888 2809 ut
2911 2764 3154 2826 qua-rant
3181 2773 3194 2810 :
3223 2766 3277 2813 et
3299 2772 3486 2814 rursus
3511 2760 3810 2830 quibusdam
3833 2761 3890 2814 lo-

2338 2839 2416 2895 cis
2446 2841 2762 2910 manifestis,
2795 2853 3045 2917 tanquam
3071 2848 3270 2917 apertis
3289 2849 3460 2904 oculis
3485 2851 3601 2916 Dei,
3632 2852 3888 2907 illuminan-

2341 2942 2426 2988 tur
2452 2945 2509 2990 ut
2531 2936 2815 3005 gaudeant.
2853 2938 2920 2994 Et
2949 2940 3049 2994 ista
3079 2939 3132 2995 in
3161 2941 3358 2998 sanctis
3385 2941 3540 2999 libris
3565 2945 3744 3001 crebra
3767 2960 3887 3017 cper-

2340 3025 2414 3078 tio
2445 3036 2601 3096 atque
2628 3029 2904 3099 atlapertio
2934 3038 3184 3102 tanquam
3216 3034 3484 3104 palpebrae
3512 3045 3637 3093 sunt
3662 3038 3768 3104 Dei,
3795 3053 3885 3108 qua:

2341 3115 2692 3188 interrogant,
2728 3120 2778 3174 id
2810 3131 2912 3188 est,
2941 3138 3061 3190 qua:
3088 3123 3317 3194 probant
3344 3125 3486 3182 ﬁlios
3517 3128 3796 3198 hominum,
3820 3129 3884 3199 qui

2341 3223 2512 3277 neque
2544 3210 2827 3280 fatigantur
2864 3229 3043 3269 rerum
3075 3215 3402 3273 obscuritate
3421 3259 3437 3285 ,
3466 3219 3565 3274 sed
3591 3231 3881 3287 exercentur,

2340 3317 2512 3370 neque
2541 3302 2791 3359 inﬂantur
2815 3305 3142 3375 cognitione,
3174 3307 3269 3363 sed
3297 3309 3698 3367 conﬁrmantur.

2407 3390 2460 3448 9.
2505 3390 2654 3465 [vers.
2678 3391 2760 3466 6.]
2813 3393 3060 3451 Dominus
3097 3397 3373 3470 interrogat
3392 3401 3596 3470 justum
3624 3413 3669 3457 et
3694 3402 3881 3472 impium.

2336 3485 2472 3555 Quid
2503 3501 2632 3559 ergo
2662 3488 2947 3544 metuimus
2979 3505 3044 3545 ne
3070 3490 3267 3562 aliquid
3299 3493 3452 3549 nobis
3477 3494 3659 3552 obsint
3687 3495 3830 3568 impii,
3850 3493 3882 3550 si

2338 3576 2477 3634 forte
2499 3579 2773 3634 nobiscum
2795 3590 3126 3637 sacramenta
3150 3598 3255 3638 non
3276 3586 3488 3641 sincero
3510 3586 3672 3644 corde
3690 3600 3882 3645 commu—

2336 3669 2536 3733 nicant,
2567 3668 2779 3738 quando
2805 3669 2894 3726 ille
2921 3671 3214 3744 interrogat
3233 3675 3434 3746 justum
3463 3688 3520 3734 et
3545 3678 3787 3750 impium?
3809 3677 3882 3744 Qui

2336 3766 2501 3813 autent
2521 3760 2688 3830 diligit
2711 3761 3047 3832 iniquitatem,
3070 3763 3176 3817 odit
3197 3767 3418 3822 animant
3439 3785 3589 3824 suam
3610 3771 3684 3842 (a)
3708 3789 3720 3825 :
3742 3769 3786 3824 id
3802 3776 3878 3831 est,

2337 3863 2442 3902 non
2467 3849 2513 3903 ei
2542 3849 2630 3918 qui
2658 3850 2831 3905 credit
2857 3853 2963 3907 Deo
2988 3861 3042 3906 et
3070 3867 3222 3924 spem
3249 3871 3399 3911 suam
3430 3875 3539 3915 non
3574 3860 3712 3930 ponit
3739 3859 3784 3916 in
3811 3859 3881 3914 Ιιο·

2336 3940 2478 3995 mine
2500 3980 2514 4004 ,
2544 3939 2639 3995 sed
2672 3949 2874 3998 tantum
2904 3944 3095 4000 anima:
3126 3960 3238 4002 suae
3275 3957 3431 4005 nocet
3469 3950 3696 4009 dilector
3730 3947 3878 4021 iniqui-

2338 4030 2480 4086 tatis.
2504 4031 2507 4034 ’

2407 4123 2495 4179 lt).
2526 4121 2676 4196 [uers.
2705 4125 2768 4191 7,
2801 4125 2880 4200 8.]
2936 4125 3092 4184 Pluet
3115 4146 3272 4201 super
3301 4144 3588 4204 peccatores
3616 4137 3812 4210 laqueos.
3835 4133 3876 4190 Si

2334 4213 2507 4269 nubes
2534 4216 2855 4284 generaliter
2884 4217 3166 4289 Propheta:
3196 4222 3596 4296 intelliguntur,
3634 4229 3737 4283 sive
3763 4224 3873 4290 boni,

2333 4304 2448 4360 sive
2472 4305 2620 4372 mali,
2649 4307 2738 4377 qui
2767 4308 2926 4364 etiam
2951 4311 3431 4384 pseudopropheta:
3457 4320 3800 4390 appellantur;
3819 4316 3874 4372 sic

2332 4395 2648 4452 ordinantur
2675 4399 3156 4471 pseudopropheta:
3183 4419 3213 4459 a
3242 4406 3470 4464 Domino
3500 4409 3633 4475 Deo,
3663 4420 3713 4465 ut
3738 4409 3794 4464 de
3813 4404 3872 4459 his

2333 4489 2552 4559 laqueos
2583 4506 2742 4561 super
2771 4502 3077 4562 peceatores
3105 4496 3251 4565 pluat
3285 4515 3298 4553 :
3338 4515 3445 4555 non
3472 4503 3614 4557 enim
3641 4502 3870 4572 quisquam

2333 4579 2386 4633 in
2417 4594 2511 4635 eos
2538 4580 2823 4637 sectandas
2853 4583 3039 4640 incidit
3066 4585 3168 4641 nisi
3198 4598 3478 4659 peccator;
3524 4594 3635 4649 sive
3671 4592 3730 4647 ad
3763 4605 3870 4661 prce-

2333 4671 2660 4739 paratiouem
2690 4673 2916 4728 extremi
2959 4676 3235 4746 supplicii,
3263 4679 3308 4734 si
3338 4695 3677 4751 perseverare
3704 4683 3748 4736 iu
3775 4693 3883 4750 pecu

2331 4762 2503 4819 cando
2543 4764 2825 4832 maluerit;
2857 4767 2971 4823 sive
3014 4767 3080 4823 ad
3117 4768 3515 4830 desuadendam
3545 4777 3564 4807 ⁸
3593 4772 3865 4844 superbiam,

2330 4855 2376 4909 si
2406 4854 2689 4924 aliquando
2717 4856 2886 4914 Deum
2913 4874 3041 4914 cura
3069 4860 3360 4920 sinceriore
3384 4841 3698 4935 qumsiveri-t.
3725 4863 3772 4920 Si
3794 4841 3883 4916 auo:

2332 4953 2438 5000 tem
2465 4946 2633 5002 nubes
2663 4949 2872 5004 nonnisi
2915 4949 3040 5004 boni
3073 4960 3128 5006 et
3152 4954 3266 5008 veri
3292 4954 3574 5027 PrOphetze
3612 4957 3885 5024 intelligunt-1

2331 5046 2449 5105 tur;
2473 5049 2529 5096 et
2547 5039 2613 5094 de
2632 5038 2716 5096 his
2732 5040 3072 5097 manifestum
3092 5053 3175 5099 est
3193 5059 3354 5116 super
3375 5058 3673 5120 peccatores
3692 5049 3864 5114 laqueos

2330 5130 2515 5199 pluere
2552 5130 2716 5186 Deum
2737 5171 2750 5195 ,
2779 5132 3022 5200 quamvis
3050 5132 3118 5189 de
3149 5134 3233 5190 his
3263 5137 3422 5193 etiam
3455 5139 3567 5208 pios
3594 5138 3658 5193 ad
3684 5128 3861 5191 fructiﬁ-

2331 5220 2558 5274 eandum
2587 5220 2771 5291 irriget
2798 5236 2812 5273 :
2843 5221 3179 5292 Quibusdam,
3212 5226 3381 5297 inquit
3408 5228 3701 5300 Apostolus,
3727 5234 3860 5279 suntut

2331 5313 2456 5366 odor
2482 5312 2595 5366 vita:
2620 5312 2674 5367 in
2701 5313 2853 5368 vitam
2872 5356 2887 5381 ,
2925 5317 3225 5385 quibusdam
3265 5320 3391 5375 odor
3418 5322 3590 5377 mortis
3615 5321 3665 5375 in
3691 5324 3859 5372 mortem

2333 5401 2399 5473 (ll
2424 5400 2543 5459 Cor.
2568 5402 2626 5472 ιι,
2657 5401 2769 5476 16).
2797 5403 2913 5462 Non
2938 5407 3082 5463 enim
3106 5407 3386 5480 Pr0phetae
3416 5419 3634 5477 tantum,
3662 5405 3745 5464 sed
3767 5416 3858 5459 0m-

2392 5602 2409 5665 ξ
2434 5600 2573 5665 Editi,
2598 5599 2862 5665 charitatis.
2899 5610 2955 5665 At
2977 5612 3066 5655 Mss
3086 5641 3102 5665 ,
3131 5604 3379 5659 clua'itate.

2390 5664 2411 5696 ’
2435 5661 2602 5714 Plures
2621 5669 2750 5724 Mss,
2774 5661 3148 5719 desudandum:
3171 5668 3339 5733 aliqui,
3364 5665 3738 5729 dissuadendam:

2325 5823 2358 5860 Π
2617 5761 2729 5858 [Iners
2751 5761 2881 5801 vers.
2906 5749 2939 5800 6
2960 5757 3189 5803 tractatur
3214 5755 3362 5806 etiam
3384 5755 3433 5807 iu
3455 5760 3586 5806 Euar.
3620 5747 3724 5804 Psal.
3746 5750 3845 5794 ιω

2364 5846 2375 5859 ο
2405 5845 2423 5860 ⁸
2445 5845 2459 5872 ⁸
2487 5845 2535 5858 νυ
2553 5845 2595 5870 ν’
2629 5845 2676 5858 ,ιο
2705 5845 2743 5858 -ο
