4078 6450
208 383 294 442 157

203 509 284 552 nes
309 489 463 547 verbo
487 486 580 542 Dei
609 484 817 538 animas
839 479 1141 552 irrigantes,
1171 475 1340 532 nubes
1365 474 1472 530 dici
1502 484 1755 544 possunt:

202 587 407 657 quicum
435 578 571 632 male
597 573 995 644 intelliguntur,
1029 570 1160 639 pluit
1202 568 1342 623 Deus
1380 581 1542 635 super
1568 579 1760 634 pecca-

202 691 324 736 tores
350 675 596 743 laqueos;
627 684 747 724 cum
774 676 949 721 autem
983 665 1119 718 bene
1145 662 1532 732 intelliguntur,
1561 658 1762 714 Recon—

202 771 276 826 dat
320 773 524 837 pectora
577 761 786 830 piorum
829 767 988 825 atque
1037 754 1289 808 ﬁdelium.
1339 749 1488 805 Sicut
1532 748 1760 820 exempli

201 858 363 932 gratia,
388 852 524 924 qttod
552 854 806 919 scriptum
835 855 939 910 est,
971 845 1035 899 Et
1072 854 1219 899 erunt
1262 844 1362 896 duo
1396 843 1450 895 in
1483 857 1636 894 carne
1663 856 1764 894 una

206 949 334 1021 (Gen.
361 962 426 1010 tt,
453 943 548 1010 24)
569 983 584 1006 ,
615 942 658 996 si
690 939 756 997 ad
788 938 1060 994 libidinem
1105 937 1329 1004 quisque
1365 935 1760 1002 interpretetur,

202 1042 420 1108 laqueum
468 1032 599 1102 pluit
641 1045 803 1099 super
833 1036 1208 1098 peccatorem;
1240 1024 1322 1078 sin
1352 1032 1528 1077 autem
1565 1021 1764 1075 intelli-

199 1145 296 1200 gas,
323 1125 453 1180 sicut
483 1123 572 1177 ille
599 1120 689 1192 qui
715 1119 809 1182 ait,
846 1117 954 1188 Ego
979 1127 1148 1170 autent
1177 1115 1290 1168 dico
1326 1114 1379 1167 in
1414 1113 1614 1166 Christo
1638 1122 1683 1165 et
1713 1112 1766 1165 in

197 1217 403 1274 Ecclesia
435 1213 650 1287 (Bpltes.
679 1227 729 1276 v,
763 1211 880 1278 '51),
914 1209 1138 1264 imbrem
1172 1207 1305 1276 pluit
1337 1220 1499 1274 super
1540 1203 1764 1258 fertilem

196 1322 370 1367 terram
402 1325 415 1362 :
445 1305 632 1361 eadem
659 1314 835 1358 autetn
867 1301 1037 1364 nube,
1069 1300 1120 1355 id
1157 1308 1241 1353 est
1267 1298 1444 1354 divina
1470 1296 1764 1364 Scriptura,

194 1411 457 1470 utrumque
485 1397 682 1452 factum
713 1403 814 1447 est.
846 1393 972 1446 Item
1005 1390 1260 1444 Domimts
1279 1388 1408 1443 dicit
1437 1405 1452 1440 :
1488 1385 1608 1441 Non
1635 1384 1770 1451 quod

190 1495 327 1548 intrat
371 1491 422 1543 iu
469 1505 526 1543 os
581 1495 828 1549 vestrum,
875 1499 964 1538 vos
1010 1482 1331 1550 coinquinat,
1366 1480 1456 1534 sed
1495 1477 1630 1548 quod
1669 1477 1772 1532 exit

194 1583 389 1660 (Matth.
422 1595 514 1644 xv,
547 1579 662 1648 11).
697 1575 857 1631 Audit
887 1575 989 1629 boc
1016 1588 1284 1644 peccator,
1316 1582 1370 1627 et
1407 1569 1582 1640 gulatn
1625 1574 1774 1637 parat

196 1671 452 1729 voracitati
477 1687 492 1723 :
522 1669 673 1724 audit
704 1667 806 1721 boc
831 1665 1026 1736 justus,
1055 1672 1110 1719 et
1133 1679 1164 1717 a
1190 1663 1429 1718 ciborum
1459 1659 1772 1715 discernen-

198 1767 366 1824 dorum
417 1760 800 1832 superstitione
852 1757 1110 1812 munitur.
1156 1754 1225 1810 Et
1266 1755 1352 1808 bic
1389 1753 1549 1823 igitur
1586 1750 1772 1805 eadem

197 1848 570 1930 Scripturarum
599 1853 762 1918 nube,
793 1866 888 1920 pro
913 1865 1012 1905 suo
1036 1850 1296 1918 cujusque
1325 1846 1538 1909 merito,
1571 1851 1624 1896 et
1653 1857 1777 1912 pec-

201 1950 350 2008 calori
378 1946 556 2018 pluvia
587 1945 922 2016 laqueorum,
953 1951 1008 1996 et
1029 1940 1175 2012 justo
1205 1938 1380 2010 pluvia
1405 1935 1666 1992 ubertatis
1693 1934 1776 1988 in-

199 2043 299 2099 fusa
322 2049 424 2096 est.

263 2131 346 2187 11.
384 2129 531 2200 Ignis
558 2135 607 2182 et
635 2124 853 2196 sulphur
878 2132 929 2179 et
954 2121 1166 2193 spiritus
1196 2117 1433 2189 procellae
1460 2133 1580 2187 pars
1607 2117 1780 2170 colicis

198 2238 379 2278 eorum.
409 2220 536 2276 Haec
563 2233 722 2289 paena
756 2231 945 2270 eorum
979 2223 1064 2268 est
1096 2221 1258 2281 atque
1291 2211 1494 2275 exitus,
1527 2224 1620 2277 per
1647 2221 1781 2278 quos

199 2314 586 2385 blasphematur
614 2324 809 2366 nomen
840 2307 969 2370 Dei,
1003 2315 1060 2360 ut
1089 2304 1260 2374 primo
1283 2301 1627 2373 cupiditatum
1656 2316 1781 2355 sua-

198 2424 311 2466 rum
338 2407 455 2478 igne
482 2411 790 2467 vastentur,
818 2397 1012 2454 deinde
1043 2396 1303 2452 malorum
1334 2409 1555 2465 operum
1596 2403 1784 2462 putore

197 2516 224 2556 a
256 2510 386 2556 etetu
414 2499 690 2554 beatorum
720 2491 1060 2563 objiciuntur,
1092 2496 1366 2559 postremo
1391 2486 1595 2556 abrepti
1626 2495 1786 2554 atque

196 2591 479 2657 submersi,
509 2586 806 2644 ineffabiles
828 2597 1014 2654 pinnas
1045 2582 1210 2636 luant.
1244 2579 1368 2634 Haec
1389 2579 1530 2632 enim
1561 2591 1682 2646 pars
1705 2583 1789 2630 est

196 2683 377 2740 calicis
412 2694 634 2744 eorum;
677 2677 816 2731 sicut
858 2675 1123 2743 justorum
1165 2671 1303 2725 calix
1351 2679 1471 2724 tttus
1520 2667 1788 2722 inebrians

196 2791 352 2850 quam
379 2773 665 2845 praeclarus
694 2767 863 2840 (Psal.
895 2782 1002 2822 xsn
1024 2807 1039 2829 ,
1067 2765 1159 2834 5)!
1204 2762 1608 2817 Inebrialmntur
1636 2759 1778 2812 enim

199 2869 264 2925 ab
279 2868 517 2926 ubertate
530 2855 1027 2929 domusttneU’sal.
1057 2872 1218 2920 xxxv,
1245 2854 1324 2923 9).
1352 2852 1584 2908 Calicem
1613 2857 1789 2902 autem

201 2970 483 3036 preplerea
527 2966 656 3028 puto
695 2951 1020 3023 appellatum
1043 2989 1060 3014 ,
1092 2963 1161 3003 ne
1198 2945 1324 3016 quid
1357 2954 1549 3014 praeter
1575 2939 1790 2994 modum

201 3034 361 3124 atque
399 3061 734 3109 mensuram,
768 3043 853 3098 vel
885 3043 937 3096 in
970 3041 1100 3111 ipsis
1127 3049 1465 3109 peccatorum
1498 3034 1790 3102 suppliciis,

202 3157 296 3215 per
321 3141 553 3196 divinam
587 3134 975 3206 providentiam
1025 3133 1137 3186 ﬁeri
1186 3127 1528 3182 arbitremur.
1575 3125 1637 3178 Et
1673 3124 1795 3176 ideo

202 3214 454 3306 tanquam
498 3229 757 3284 rationem
801 3223 1030 3279 reddens
1075 3236 1239 3290 quare
1286 3219 1334 3272 id
1382 3221 1497 3279 ttat,
1531 3214 1793 3282 subjecit:

207 3304 459 3394 Quoniam
487 3322 658 3392 justus
687 3315 937 3370 Dominus
956 3354 972 3378 ,
1003 3321 1048 3365 et
1067 3309 1296 3383 justitias
1320 3307 1516 3368 dilexit.
1541 3304 1656 3360 Non
1693 3305 1798 3358 fru-

204 3425 310 3473 stra
345 3412 639 3486 pluraliter,
675 3408 774 3463 nisi
801 3408 923 3475 quia
953 3402 1197 3456 homines
1221 3399 1382 3464 dicit,
1413 3405 1470 3451 ut
1497 3411 1592 3466 pro
1615 3394 1796 3464 justis,

201 3485 424 3580 iustitia:
474 3501 838 3569 intelligantur
887 3493 1108 3567 posite;
1143 3492 1196 3545 in
1242 3489 1422 3544 tnultis
1465 3487 1606 3542 enim
1643 3485 1800 3553 jnstis

207 3577 364 3671 quasi
393 3594 574 3653 multae
597 3590 817 3662 justitize
845 3586 1089 3642 videntur
1116 3597 1260 3649 esse,
1287 3596 1410 3636 cum
1444 3581 1514 3634 sit
1553 3595 1653 3633 una
1684 3577 1796 3642 Dei,

201 3669 356 3761 cujus
382 3698 576 3743 omnes
606 3680 924 3752 participant
956 3695 970 3731 :
1004 3685 1254 3745 tanquam
1293 3672 1339 3726 si
1379 3685 1480 3725 una
1522 3669 1684 3724 facies
1724 3669 1805 3721 in-

205 3789 420 3837 tueatur
449 3778 598 3848 plura
628 3773 846 3843 specula
866 3813 882 3835 ,
908 3767 1050 3840 quod
1082 3767 1133 3822 in
1167 3766 1253 3821 illa
1291 3763 1556 3836 singulare
1589 3773 1704 3823 est,
1737 3763 1804 3818 de

204 3873 312 3929 illis
338 3869 588 3942 pluribus
617 3863 892 3937 pluraliter
915 3859 1176 3917 redditur.
1210 3859 1498 3928 Propterea
1526 3870 1708 3910 rursus
1736 3853 1803 3908 ad

202 3962 635 4036 singularitatem
658 3973 719 4014 se
742 3955 926 4017 refert,
957 3951 1206 4016 dicendo,
1236 3948 1551 4020 Equitatem
1577 3948 1697 4001 vidit
1717 3952 1808 4014 γα-

201 4059 307 4112 cies
332 4057 448 4128 ejus
470 4069 489 4108 :
516 4055 739 4107 fortasse
765 4062 864 4118 pro
886 4061 952 4102 eo
978 4044 1048 4100 sit
1074 4043 1326 4114 positum,
1348 4038 1665 4109 {eqtitatem
1686 4040 1807 4092 uidit

204 4147 369 4218 {acies
401 4145 512 4214 ejus
531 4184 546 4210 ,
574 4156 638 4195 ac
665 4140 710 4194 si
749 4137 1050 4201 diceretur,
1074 4133 1322 4204 Equitas
1343 4133 1458 4186 visa
1483 4139 1566 4186 est
1593 4131 1645 4184 in
1676 4129 1809 4185 facio

201 4239 349 4309 ejus,
382 4235 439 4292 id
463 4242 545 4290 est
571 4233 624 4288 in
650 4231 768 4301 ejus
790 4228 1014 4292 notitia;
1046 4225 1210 4281 facies
1234 4224 1379 4279 enim
1404 4223 1494 4279 Dei
1520 4232 1603 4278 est
1625 4232 1812 4293 poten-

202 4331 278 4384 tia
308 4343 423 4400 qua
452 4325 628 4396 dignis
657 4321 983 4377 innotescit:
1015 4327 1108 4373 aut
1143 4325 1318 4382 certe,
1350 4313 1664 4386 Equitatem
1689 4313 1811 4368 cidit

203 4422 370 4492 facies
411 4419 520 4490 ejus
541 4458 555 4483 ,
586 4414 707 4486 quia
735 4427 842 4469 non
869 4427 929 4467 se
955 4411 1156 4482 prtebet
1180 4408 1606 4480 cognoscendum
1635 4407 1808 4473 malis,

201 4511 302 4568 sed
333 4509 530 4574 bonis;
558 4517 611 4562 et
639 4506 755 4574 ipsa
786 4512 868 4558 est
893 4502 1136 4574 tequitas.

277 4599 377 4656 12.
425 4596 625 4667 Siquis
659 4604 836 4650 autem
876 4594 1052 4647 lunam
1097 4605 1417 4663 synagogam
1459 4589 1572 4643 vult
1614 4586 1814 4642 intelli-

201 4707 377 4765 gere,
412 4689 484 4744 ad
519 4687 823 4759 passionem
859 4685 1065 4740 Domini
1097 4683 1293 4738 referat
1325 4683 1589 4738 Psalmum
1610 4722 1626 4744 ,
1668 4690 1720 4734 et
1749 4678 1817 4734 de

200 4782 430 4841 Judaeis
454 4779 616 4845 dicat,
642 4777 896 4846 Quoniam
923 4790 1036 4844 qua:
1063 4773 1316 4844 perfecisti
1341 4772 1728 4833 destruxerunt;
1755 4784 1818 4825 ac

201 4875 274 4932 de
313 4876 450 4946 ipso
481 4871 737 4934 Domino,
767 4867 948 4923 Justus
977 4875 1144 4920 autem
1181 4863 1303 4932 quid
1333 4862 1489 4933 fecit?
1517 4877 1674 4932 quem
1703 4870 1820 4916 tan-

201 4981 380 5039 quam
403 4963 801 5020 destructorem
823 4959 981 5030 Legis
1001 4957 1294 5028 arguebant
1318 4973 1330 5008 :
1355 4954 1508 5024 cujus
1533 4963 1816 5024 praecepta,

204 5072 483 5130 perverse
508 5053 754 5120 vivendo,
779 5063 833 5108 et
851 5068 915 5108 ea
934 5048 1349 5113 contemnendo,
1375 5064 1437 5104 ac
1463 5063 1554 5103 sua
1581 5056 1822 5104 statuen-

203 5151 302 5213 do,
335 5149 756 5212 destruxerant,
785 5152 842 5198 ut
869 5143 984 5213 ipse
1020 5140 1276 5196 Dominus
1309 5139 1601 5195 secundum
1646 5137 1820 5191 bomi-

204 5257 340 5298 nem
372 5241 632 5309 loquatur
651 5276 667 5302 ,
695 5244 754 5291 ut
787 5233 962 5299 solet,
991 5231 1206 5296 dicens,
1236 5228 1301 5283 In
1340 5229 1557 5282 Domino
1583 5227 1784 5297 con/ida
1801 5243 1822 5293 ;

205 5330 486 5403 quantodo
528 5327 699 5381 dicitis
743 5325 928 5379 animo:
971 5339 1094 5377 mea:
1124 5338 1143 5376 :
1175 5319 1498 5390 Transmigra
1541 5320 1594 5372 in
1634 5329 1822 5374 montes

207 5428 348 5482 sicut
380 5437 567 5495 passer
587 5420 614 5474 17
640 5429 858 5490 propter
890 5426 1123 5472 terrores
1163 5415 1368 5470 scilicet
1392 5428 1574 5467 eorum
1598 5453 1612 5477 ,
1641 5412 1728 5482 qui
1758 5412 1824 5465 il-

209 5519 330 5574 lum
399 5511 814 5584 apprehendere
861 5519 915 5564 et
957 5507 1269 5577 cruciligere
1313 5505 1600 5574 cupiebant
1645 5521 1657 5555 :
1704 5519 1825 5557 cum

209 5619 551 5682 peccatores
574 5605 824 5674 saginare
853 5602 1092 5658 volentes
1129 5608 1301 5680 ιἐιειοε⁵
1325 5597 1510 5662 corde,
1553 5596 1601 5650 id
1632 5605 1714 5650 est
1736 5594 1827 5665 qui

214 5672 457 5761 hbristo
481 5672 852 5760 crediderant,
879 5696 930 5748 in
968 5694 1177 5748 obscura
1211 5672 1365 5754 Iulia,
1410 5689 1459 5743 id
1499 5699 1580 5743 est
1626 5687 1826 5754 repleta

216 5790 618 5866 peccatoribus
645 5801 908 5858 synagoga
932 5827 947 5850 ,
980 5801 1083 5839 non
1113 5779 1343 5838 absurde
1373 5779 1699 5847 intelligitur.
1732 5777 1828 5832 Cui

216 5883 493 5958 congruit
509 5892 562 5937 et
581 5881 720 5952 quod
741 5880 952 5943 dicitur,
975 5871 1223 5932 Dominus
1243 5877 1296 5932 in
1316 5873 1500 5942 templo
1519 5881 1691 5928 sancto
1710 5888 1822 5935 suo,

457 5975 690 6061 βμετ.
739 5975 1013 6032 Auctrs'r.
1049 5969 1158 6029 IV.

1303 358 1704 421 ENARRATIO
1742 360 1808 418 IN
1847 357 2174 418 PSALMUM
2213 359 2306 417 Xl.

3351 366 3459 424 158

1869 473 2119 527 Dominus
2154 473 2206 526 iu
2247 473 2372 527 coelo
2413 472 2556 526 sedes
2588 473 2737 542 ejus?
2766 472 2814 526 id
2859 481 2977 540 est,
3011 473 3240 529 Verbum
3272 478 3324 530 in
3356 476 3458 530 bo-

1870 565 2033 626 tnine,
2068 564 2148 617 vel
2194 564 2305 628 ipse
2348 563 2512 616 Filius
2539 563 2767 616 hominis
2797 567 2882 634 qui
2919 567 2968 618 in
2997 567 3148 619 caelis
3177 579 3275 622 est.
3310 567 3460 621 Oculi

1869 656 1980 726 ejus
2007 656 2057 707 in
2087 671 2355 723 pauperem
2378 655 2646 720 respiciunt
2669 671 2686 708 :
2711 665 2800 708 ant
2828 673 2982 723 quem
3005 659 3239 724 suscepit
3262 674 3454 712 secun-

1870 747 1994 800 dum
2029 745 2229 803 DCIIII),
2261 759 2345 797 :lttl
2389 756 2604 813 propter
2637 762 2791 813 qttcttl
2828 762 3013 813 paSstts
3055 757 3136 800 est
3167 749 3460 802 secundum

1873 839 2163 892 botninctn.
2202 837 2470 907 Pulprbra:
2509 840 2617 909 ejus
2659 839 2966 907 interrogant
3008 841 3140 906 ﬁlios
3180 842 3458 894 hmninum.

1871 933 2214 1002 Opertionem
2243 941 2403 1001 atque
2433 931 2832 1000 adapertionem
2866 933 3163 990 oculorum,
3194 935 3330 1001 qmnl
3369 952 3464 989 llo-

1873 1025 2016 1079 mine
2067 1024 2436 1093 palpebrarum
2489 1023 2759 1093 probabile
2805 1032 2887 1076 est
2931 1025 3192 1087 positum,
3235 1039 3462 1081 mortem

1874 1119 2425 1187 resurrectionemqne
2459 1119 2574 1184 ejus
2604 1118 2845 1183 accipere
2871 1133 3184 1186 possumus,
3216 1118 3302 1171 ubi
3338 1133 3464 1186 pro-

1876 1211 2017 1264 bavit
2047 1211 2182 1264 ﬁlios
2211 1210 2482 1263 hominum
2524 1208 2811 1276 discipulos
2852 1223 3006 1271 suos,
3039 1218 3094 1262 et
3129 1210 3339 1264 territos
3368 1225 3464 1264 sua

1876 1303 2152 1372 passione,
2181 1312 2236 1356 ct
2273 1303 2662 1356 resurrectione
2694 1301 3004 1353 laetiﬁcatos.
3037 1299 3283 1355 Dominus
3312 1303 3468 1356 inter-

1875 1407 2018 1466 rogat
2053 1397 2250 1466 justum
2286 1405 2332 1448 et
2367 1395 2578 1462 impium
2608 1394 2756 1461 :jatn
2783 1394 2850 1445 de.
2877 1394 3013 1448 t-(elo
3037 1394 3339 1464 gubernans
3363 1397 3464 1452 Ec-

1876 1488 2116 1542 clesium.
2152 1488 2252 1554 Qui
2289 1497 2456 1540 autem
2502 1487 2664 1557 diligit
2710 1487 3049 1556 iniquitatem,
3100 1488 3205 1540 odit
3247 1489 3468 1542 animum

1877 1596 2020 1634 suant
2050 1595 2068 1633 :
2093 1594 2258 1648 quare
2290 1579 2388 1631 bne
2417 1579 2486 1632 ita
2513 1579 2614 1642 sit,
2648 1580 3029 1645 consequentia
3059 1579 3283 1641 docent;
3314 1578 3470 1634 Pluet

1879 1673 2018 1726 enim
2047 1687 2198 1740 super
2225 1681 2508 1739 peccatores
2539 1669 2771 1740 laqueos,
2813 1669 3104 1724 secundum
3137 1671 3467 1738 superiorem

1879 1763 2262 1832 expasitionem
2289 1761 2681 1831 aet'ipiendum,
2709 1770 2763 1815 et
2787 1762 2964 1814 omnia
2991 1771 3182 1816 ctetera
3211 1775 3380 1831 usque
3401 1760 3469 1815 ad

1881 1853 2040 1907 finem
2065 1851 2284 1907 Psaltni.

2320 2061 2400 2123 IN
2431 2061 2812 2123 PSALMUM
2857 2025 2949 2123 XI

2412 2183 2833 2239 ENAHRATIO.

2139 2295 2169 2350 Ι
2175 2314 2206 2350 ιι
2232 2295 2401 2366 ﬁnem,
2435 2311 2526 2363 pro
2553 2305 2744 2357 octavo,
2777 2292 3018 2348 Psalmus
3045 2294 3227 2351 Dauid.

1962 2433 2014 2487 1.
2048 2430 2198 2505 [ocrs.
2242 2429 2319 2504 1.]
2357 2430 2608 2484 Octavum
2651 2428 2791 2484 diem
2836 2428 3017 2498 judicii
3051 2444 3206 2498 posse
3234 2429 3478 2502 intelligi,

1890 2526 1943 2580 in
1970 2535 2122 2579 sexto
2150 2524 2355 2593 psalmo
2384 2523 2582 2576 dictum
2609 2529 2691 2576 est
2721 2539 2734 2576 :
2769 2531 2939 2588 potest
2976 2531 3030 2574 et
3061 2537 3151 2592 pro
3174 2531 3377 2585 octavo,
3400 2523 3486 2576 in-

1892 2616 2054 2684 telligi
2085 2631 2181 2685 pro
2209 2624 2409 2667 asterno
2434 2614 2662 2676 smcnln;
2693 2611 2814 2681 quia
2841 2622 2956 2681 post
2985 2611 3085 2666 hoc
3109 2621 3317 2681 tempus
3341 2611 3485 2681 quod

1892 2715 2096 2774 septem
2125 2703 2312 2756 diebus
2338 2703 2586 2767 volvitur,
2615 2700 2829 2755 dabitur
2852 2701 3069 2755 sanctis.

1963 2795 2018 2848 2.
2048 2793 2197 2868 [vers.
2222 2791 2302 2865 2.]
2357 2793 2569 2847 Salvum
2598 2809 2674 2845 me
2704 2797 2815 2862 fac,
2850 2791 3096 2856 Domine,
3127 2797 3364 2862 quoniam
3391 2792 3485 2847 de-

1896 2887 2011 2958 fecit
2047 2895 2252 2938 sanctus
2280 2900 2299 2938 :
2331 2884 2379 2936 id
2411 2895 2489 2936 est
2535 2897 2636 2936 non
2684 2883 2984 2947 invenitur;
3032 2883 3168 2936 sicut
3217 2883 3486 2951 loquimur

1897 2993 2016 3032 cmn
2047 2977 2294 3034 dicimus,
2333 2974 2534 3029 Defecit
2563 2973 2910 3038 frumentum,
2943 2983 3056 3040 aut,
3092 2973 3294 3028 Deiecit
3322 2989 3488 3043 pecu-

1899 3072 2004 3126 nia.
2040 3070 2291 3135 Quoniam
2319 3068 2580 3121 diminuta:
2605 3077 2718 3120 sunt
2744 3067 2973 3120 veritates
3001 3082 3034 3118 a
3058 3065 3178 3134 [iliis
3205 3067 3488 3121 hominum.

1906 3162 2112 3217 Veritas
2143 3176 2244 3214 una
2277 3169 2378 3224 est,
2411 3174 2512 3227 qua
2541 3159 2873 3212 illustrantur
2900 3155 3092 3209 animm
3123 3164 3318 3210 sancta:
3349 3173 3363 3210 :
3393 3157 3492 3212 sed

1901 3255 2151 3325 quoniam
2181 3253 2361 3307 multa:
2392 3261 2515 3306 sunt
2544 3251 2759 3314 animm,
2793 3251 2843 3302 in
2875 3249 3001 3317 ipsis
3031 3250 3208 3301 multa:
3238 3245 3491 3302 veritates
3553 3247 3559 3308 ἐ

1901 3347 2005 3401 dici
2048 3354 2312 3414 possunt;
2361 3343 2500 3397 sicut
2535 3343 2602 3397 ab
2634 3357 2738 3397 una
2785 3340 2919 3395 faeie
2959 3341 3141 3395 multa:
3175 3341 3226 3394 in
3256 3339 3493 3409 speculis

1904 3437 2164 3507 imagines
2189 3443 2466 3504 apparent.

1974 3529 2030 3584 5.
2059 3527 2210 3601 [vers.
2239 3527 2274 3582 5
2301 3525 2319 3599 ]
2375 3525 2516 3579 Vana
2570 3524 2762 3580 locutus
2807 3533 2876 3578 est
2908 3526 3246 3595 unusquisque
3271 3525 3338 3579 ad
3369 3541 3492 3594 pro-

1905 3624 2097 3677 ximum
2136 3637 2303 3674 suum.
2360 3619 2664 3674 Proximum
2699 3633 2912 3670 otmwm
2967 3617 3236 3671 hominem
3283 3626 3496 3688 oportet

1908 3713 2128 3783 intelligi
2174 3729 2187 3764 :
2235 3713 2357 3781 quia
2407 3727 2564 3764 nemo
2609 3719 2693 3764 est
2736 3725 2856 3762 cum
2903 3725 3008 3776 qtto
3049 3710 3118 3761 sit
3163 3710 3494 3777 operandum

1909 3805 2150 3866 malum;
2200 3810 2255 3858 et
2301 3802 2516 3854 dilectio
2565 3800 2786 3871 proximi
2841 3799 3038 3852 malum
3090 3813 3192 3852 non
3241 3811 3495 3868 operatur

1911 3893 2086 3967 (Rom.
2119 3911 2232 3957 xm,
2265 3894 2372 3962 l0).
2405 3891 2561 3945 Labia
2596 3893 2770 3944 dolosa
2792 3930 2807 3954 ,
2838 3891 2886 3942 in
2912 3891 3060 3942 corde
3093 3900 3136 3942 et
3167 3891 3318 3944 corde
3341 3892 3498 3946 locuti

1909 4000 2024 4042 stmt
2057 3987 2189 4039 mala
2216 3987 2256 4038 ί.
2288 3985 2439 4051 Quod
2470 3984 2549 4036 bis
2592 3983 2685 4046 ait,
2728 3983 2778 4034 in
2822 3982 2973 4034 corde
3011 3991 3057 4033 et
3087 3982 3266 4043 corde,
3297 3982 3496 4052 duplex

1910 4093 2005 4133 cor
2039 4075 2321 4147 significat.

1983 4172 2037 4224 4.
2068 4165 2218 4240 [verm
2248 4165 2326 4238 4.]
2359 4164 2627 4234 Dispcrdat
2658 4163 2903 4216 Dominus
2955 4163 3185 4216 universa
3227 4161 3362 4215 labia
3403 4162 3499 4216 do-

1915 4268 2043 4320 losa.
2073 4262 2340 4322 Universa,
2366 4260 2521 4323 dixit,
2549 4276 2612 4312 ne
2633 4259 2752 4327 quis
2778 4275 2834 4309 se
2864 4273 3009 4322 exue;
3035 4267 3141 4309 tmn
3173 4265 3338 4324 patet,
3365 4258 3502 4312 sicut

1916 4357 2206 4429 Apostolus
2232 4355 2360 4410 dicit
2389 4350 2405 4409 ξ
2436 4352 2498 4406 In
2527 4369 2720 4406 omnem
2758 4353 2976 4402 aninmm
3005 4351 3219 4404 hominis
3248 4354 3503 4419 operantis

1917 4451 2145 4512 malum,
2171 4445 2343 4499 Judazi
2387 4446 2602 4512 primum
2631 4455 2675 4496 et
2709 4441 2872 4494 (irasci
2905 4439 3010 4509 (Id.
3043 4457 3096 4498 ll.
3129 4444 3206 4498 9).
3253 4440 3503 4512 Linguam

1917 4539 2294 4611 magniloquum
2321 4555 2338 4590 :
2370 4537 2598 4602 linguam
2629 4535 2932 4602 superbam.

1992 4634 2040 4687 5.
2074 4631 2224 4705 [vers.
2251 4627 2328 4702 5]
2369 4628 2467 4692 Qui
2511 4628 2741 4679 dixerunt
2773 4641 2790 4676 :
2823 4624 3069 4694 Linguam
3127 4637 3349 4678 nostram
3394 4643 3503 4678 nta-

1922 4725 2292 4796 gniﬁrabinms,
2327 4721 2460 4775 labia
2509 4730 2677 4773 nostra
2719 4720 2859 4786 aput!
2890 4735 2979 4769 nos
3017 4729 3129 4769 sunt
3151 4759 3165 4780 ,
3198 4722 3306 4787 quis
3338 4729 3504 4772 noster

1923 4815 2173 4871 Dominus
2224 4816 2344 4868 est?
2396 4813 2622 4882 Superbi
2673 4810 2957 4881 l:y,ocrita-
3006 4811 3403 4878 signiﬁcantur,
3453 4811 3505 4864 itt

1925 4923 2175 4966 sermone
2204 4922 2300 4960 suo
2330 4921 2476 4974 spem
2504 4912 2760 4972 ponentes
2785 4901 2848 4954 ad
2876 4901 3116 4954 homines
3140 4901 3504 4971 decipiendos,

1925 5009 1982 5055 et
2012 4999 2121 5052 Deo
2149 5012 2252 5050 non
2285 4993 2502 5048 subditi.

1999 5089 2052 5145 6.
2083 5087 2232 5161 [vers.
2262 5084 2340 5158 6.]
2392 5083 2610 5152 Propter
2640 5083 2890 5137 miseriam
2931 5083 3136 5152 inopum
3178 5093 3224 5136 et
3271 5087 3508 5155 gemitum

1928 5195 2228 5252 pauperum,
2279 5193 2411 5230 nunc
2461 5192 2749 5244 exsurgam.
2798 5174 2918 5227 dicit
2972 5174 3215 5227 Dominus
3257 5174 3332 5243 (ιι)
3377 5192 3388 5225 :
3439 5175 3508 5226 ita

1929 5274 2070 5329 enim
2104 5271 2353 5340 populum
2382 5283 2536 5323 suum
2579 5269 2688 5337 ipse
2717 5268 2972 5320 Dominus
3004 5268 3054 5320 in
3090 5267 3373 5334 Evangelio
3407 5265 3509 5319 mi-

1930 5372 2137 5418 seratus
2163 5374 2263 5425 est,
2294 5361 2432 5432 quod
2477 5371 2739 5414 rectorem
2773 5375 2875 5412 non
2920 5358 3167 5415 haberet,
3208 5373 3326 5408 eum
3374 5356 3509 5410 bene

1932 5465 2114 5526 posset
2138 5456 2527 5523 obtemperare.
2552 5450 2707 5508 Unde
2737 5452 2892 5503 etiam
2921 5449 3121 5503 dicttttn
3151 5457 3228 5500 est
3260 5448 3309 5499 itt
3341 5448 3512 5500 Evan-

1931 5548 2072 5619 gelio
2099 5566 2112 5601 :
2143 5546 2323 5601 Messis
2353 5546 2528 5607 multa,
2556 5543 2774 5612 aperarii
2812 5554 2975 5593 autem
3009 5539 3160 5607 pauci
3191 5538 3403 5604 (Matth.
3434 5553 3508 5600 ιχ,

1936 5637 2049 5712 57).
2081 5637 2195 5692 Hoc
2232 5647 2407 5691 autem
2449 5651 2513 5690 ex
2545 5648 2770 5704 persona
2802 5633 2894 5685 Dei
2932 5631 3102 5685 Patris
3143 5628 3511 5698 accipiendum

1998 5819 2015 5852 ¹
2039 5814 2174 5873 Edd.,
2195 5826 2334 5865 vana.
2355 5819 2409 5861 At
2427 5818 2552 5868 Mss,
2570 5809 2733 5873 mala.
2906 5839 2909 5842 -

2003 5879 2078 5940 (a)
2103 5869 2232 5928 Idem
2258 5887 2383 5925 vers.
2411 5873 2444 5923 6
2468 5871 2737 5935 explicatur
2763 5873 2814 5922 in
2833 5876 2973 5922 Enar.
3001 5869 3120 5919 Psal.
3140 5883 3268 5932 xeat,
3294 5884 3344 5921 ιι.
3370 5870 3418 5918 7.

2924 5953 3181 6019 {Ci-na.)
