4078 6420
615 365 720 446 :39
1857 374 1916 434 s.
1957 371 2185 433 sucus

2293 361 2326 430 rt
2360 355 2673 431 unseen
3761 362 3844 448 ίιδ

611 511 697 562 est
716 545 732 571 ,
760 499 849 574 qui
879 506 1096 572 propter
1139 495 1327 566 inOpes
1349 494 1365 526 ι
1389 499 1443 549 et
1486 505 1778 563 pauperes,
1813 490 1864 546 id
1891 499 1976 547 est
2017 490 2196 560 inopia

616 605 669 653 et
697 602 1008 666 paupertate
1035 591 1294 645 bonorum
1323 584 1678 658 spiritualium
1720 594 1958 656 egentes,
2001 577 2195 638 Filium

546 751 548 754 τ
613 685 769 743 sutim
800 687 1042 755 dignatus
1067 692 1146 736 est
1173 681 1415 745 mittere;
1451 679 1573 733 inde
1602 687 1778 734 autem
1809 677 1992 746 incipit
2017 691 2194 731 sermo

614 779 734 851 ejus
779 777 915 850 apud
963 774 1262 827 Mattbrcum
1310 773 1359 825 itt
1411 781 1612 836 monte,
1659 786 1782 826 cum
1829 770 1957 825 dicit
1999 787 2013 824 :
2053 767 2195 823 Beati

613 887 860 943 pauperes
885 867 1082 937 spiritu,
1110 856 1347 936 guoniam
1377 865 1599 935 ipsorum
1627 876 1697 919 est
1723 881 1930 935 regnum
1953 864 2193 918 αιτιοι-ωδε

614 963 724 1037 (Id.
754 979 804 1028 ν,
834 960 908 1032 3).
943 958 1140 1012 Ponant
1178 959 1231 1012 in
1258 958 1492 1012 salutari.
1525 956 1640 1013 Non
1679 957 1812 1012 dixit
1835 957 1959 1025 quid
1987 964 2147 1025 ponat
2173 972 2190 1022 ;

605 1057 700 1115 sed
728 1058 781 1111 in
807 1054 1044 1122 salutari,
1074 1056 1126 1109 iu
1145 1053 1361 1108 Christo
1381 1052 1748 1123 accipiendqu
1775 1059 1872 1117 est,
1899 1051 2190 1106 secundum

602 1148 757 1212 illud,
790 1147 1042 1216 Quoniam
1070 1147 1301 1200 viderunt
1329 1145 1465 1198 oculi
1495 1145 1590 1197 mei
1615 1146 1842 1197 salutare
1867 1152 2006 1196 tuum
2038 1141 2190 1209 (Luc.

603 1258 672 1309 lt,
699 1241 768 1298 50
793 1241 812 1314 )
840 1261 851 1294 :
885 1239 1078 1296 ctideo
1102 1239 1410 1309 intelligitur
1438 1237 1491 1292 in
1536 1238 1627 1290 illo
1669 1237 1906 1306 prsuisse
1946 1235 2084 1307 quod
2126 1235 2190 1288 ad

605 1333 882 1390 miseriam
913 1336 1128 1402 inopum
1156 1330 1499 1384 auferendum
1529 1339 1581 1383 et
1611 1328 1988 1382 etmsolandum
2024 1328 2191 1396 gemi-

604 1436 718 1483 tttnt
746 1441 1034 1498 pauperum
1065 1425 1310 1494 pertinet.
1347 1419 1681 1474 Fitlucialiter
1705 1438 1854 1492 agant
1892 1421 1942 1474 in
1973 1435 2066 1483 eo;
2106 1435 2193 1474 se-

603 1519 839 1576 cundum
882 1517 1008 1571 illud
1057 1518 1106 1570 in
1155 1514 1442 1585 Evangelia
1489 1532 1501 1567 :
1547 1510 1670 1565 Erat
1713 1513 1841 1565 enim
1886 1512 2068 1566 docens
2109 1529 2191 1567 eos

605 1625 848 1682 tanquam
867 1617 1158 1680 potestatem
1180 1607 1386 1673 habens,
1413 1622 1511 1659 non
1539 1615 1776 1676 tanquam
1800 1603 1994 1659 Scribre
2020 1621 2192 1658 eorum

608 1703 821 1775 (Matth.
855 1719 944 1760 vn.
973 1699 1088 1771 ‘29).

676 1793 904 1868 7.[rers.
934 1791 1011 1864 7.]
1058 1791 1274 1862 Eloquia
1328 1792 1571 1857 Domini,
1619 1790 1815 1860 eloquia
1861 1799 2018 1844 casta.
2067 1789 2194 1846 "me

602 1902 830 1960 persona
864 1886 1028 1954 ipsius
1057 1883 1338 1952 Propheta:
1366 1894 1467 1938 est.
1500 1883 1714 1952 Eloqaia
1743 1881 1965 1946 Domini,
1993 1882 2192 1952 eloquia

602 1987 740 2032 easta
779 1995 798 2031 :
849 1987 989 2030 easta
1039 1975 1206 2039 dicit,
1255 1975 1370 2029 sine
1421 1974 1762 2044 corruptione
1810 1973 2188 2029 simulationis.

601 2069 754 2125 Multi
817 2068 959 2123 enim
1018 2065 1308 2136 pra-dicant
1361 2067 1638 2119 veritatem
1685 2081 1789 2120 non
1837 2077 2021 2134 caste,
2068 2067 2192 2138 quia

603 2159 844 2214 vendunt
885 2157 1029 2212 illam
1074 2159 1243 2227 pretio
1283 2160 1716 2211 con'tntoditatum
1766 2157 1925 2225 hujus
1967 2159 2188 2212 surculi:

601 2251 671 2309 de
701 2252 891 2307 talibus
932 2249 1058 2304 dicit
1091 2250 1400 2318 Apostolus,
1429 2249 1568 2319 quod
1597 2250 1862 2303 Christum
1910 2251 2194 2304 annttntia~

599 2352 721 2398 l‘eut
748 2357 851 2395 non
882 2349 1028 2394 caste
1055 2338 1312 2409 (Philipp.
1341 2355 1377 2401 l,
1413 2340 1520 2406 Π).
1554 2341 1826 2411 Argentum
1867 2340 1983 2410 igne
2003 2340 2193 2394 exami-

597 2444 776 2490 natum
805 2443 971 2486 terraa.
1021 2429 1133 2501 lpSa
1182 2431 1389 2502 eloquia
1435 2430 1640 2484 Domini
1684 2441 1779 2502 per
1821 2431 2192 2486 tribulationes

598 2525 822 2598 probata
847 2524 1235 2595 peccatoribus.
1263 2521 1546 2594 l’urgatum
1569 2533 1710 2593 septu
1719 2522 1856 2591 plum
1879 2539 1896 2577 :
1918 2535 2012 2592 per
2035 2524 2194 2576 tium-

597 2621 713 2674 rem
746 2618 860 2681 Dei,
902 2633 998 2688 per
1028 2616 1300 2686 pietatem,
1333 2630 1428 2684 per
1457 2615 1756 2681 scientiam,
1803 2631 1898 2684 per
1928 2613 2190 2669 fortitudi-

599 2727 744 2774 nem,
777 2727 872 2782 per
897 2711 1202 2775 consilium,
1234 2723 1326 2778 per
1356 2707 1680 2762 intelierltlnt
1704 2750 1718 2772 ,
1749 2723 1843 2776 per
1874 2708 2186 2774 sapientium

604 2800 756 2875 (lsai.
788 2818 861 2868 ιι,
889 2802 992 2872 9.).
1039 2799 1167 2855 Nam
1217 2809 1418 2868 septem
1465 2809 1589 2854 sunt
1637 2800 1797 2854 etiam
1849 2795 2188 2854 beatitudinis

597 2893 822 2966 gradus,
873 2909 1006 2966 quos
1061 2893 1113 2946 in
1163 2893 1349 2947 eodem
1402 2905 1650 2945 set-moue
1695 2907 1849 2958 qnettt
1905 2891 2083 2943 l'ialn'tit
2134 2885 2185 2943 iu

597 2997 778 3042 monte
829 2985 1084 3040 Dominus
1131 2984 1437 3050 exsequitur
1485 2991 1608 3036 κατὰ
1653 2977 2001 3035 Μηιιικιειηιιε
2043 2978 2188 3034 Bauli

598 3095 846 3152 pauperes
874 3079 1054 3148 spiritu
1075 3121 1088 3141 ,
1122 3077 1250 3130 beati
1281 3076 1420 3129 mites
1441 3118 1454 3140 ,
1486 3076 1613 3128 beati
1654 3073 1876 3143 lugentes
1897 3117 1909 3132 ,
1944 3073 2073 3126 beati
2101 3074 2188 3141 qui

598 3177 826 3226 (sariunt
855 3180 898 3222 et
944 3169 1118 3221 sitiunt
1154 3165 1440 3236 justitiam,
1482 3164 1611 3218 beati
1637 3165 1976 3218 misericordes
2001 3205 2016 3229 ,
2060 3165 2188 3218 beati

597 3263 789 3320 mundo
816 3261 984 3325 'corde,
1021 3261 1151 3314 beati
1190 3259 1387 3330 paciﬁci
1441 3255 1651 3326 (Matth.
1678 3261 1728 3319 v,
1760 3251 1890 3326 3’9)
1913 3259 1932 3312 ἐ
1959 3257 2023 3310 de
2065 3258 2184 3326 qui-

595 3356 700 3412 bus
729 3353 1010 3409 sententiis
1038 3361 1240 3420 septem
1276 3360 1442 3403 totum
1489 3350 1632 3403 illtnu
1679 3363 1978 3404 sermOnetn
2025 3351 2186 3420 proli-

595 3463 724 3504 xum
767 3447 966 3502 dictum
1014 3458 1133 3498 esse.
1163 3443 1508 3497 animadverti
1544 3451 1752 3510 potest;
1811 3457 1929 3494 nam
1972 3447 2181 3509 octava,

595 3539 689 3594 ubi
716 3538 916 3592 dictum
945 3542 1046 3597 est,
1073 3533 1219 3588 Beati
1247 3536 1333 3606 qui
1364 3534 1749 3604 perserutionrm
1780 3534 2040 3604 patiuntur
2061 3543 2183 3604 pro-

595 3641 707 3702 pter
725 3628 1014 3698 justitiam,
1049 3626 1218 3695 ipsum
1258 3626 1432 3694 ignem
1464 3625 1725 3691 signiﬁcat
1750 3667 1762 3691 ,
1798 3639 1902 3694 quo
1949 3635 2185 3694 septem-

595 3723 805 3794 pliciter
846 3720 1095 3791 probatur
1133 3727 1430 3789 argentum.
1480 3718 1578 3787 Qui
1618 3735 1798 3773 SLI'iIlO
1839 3733 1959 3775 eum
2003 3721 2184 3775 termi-

593 3827 753 3874 natus
778 3825 944 3878 esset,
969 3815 1166 3867 dietntu
1193 3824 1295 3878 est,
1324 3811 1447 3866 Erat
1477 3815 1606 3866 enim
1635 3813 1815 3866 docens
1840 3830 1922 3867 eos
1945 3823 2184 3884 tanquam

593 3917 886 3982 potestatem
933 3906 1140 3972 habens,
1184 3921 1284 3958 non
1333 3914 1569 3974 tanquant
1616 3905 1810 3959 Scriba:
1851 3921 2024 3960 earum
2052 3905 2180 3974 (Id.

591 4017 688 4068 VII,
717 4002 860 4071 29):
895 4000 1034 4071 quod
1078 4000 1305 4069 pertinet
1346 3997 1409 4052 ad
1459 3997 1508 4052 id
1555 3998 1695 4068 quod
1737 3998 1789 4054 in
1829 3985 1932 4055 hdc
1975 3999 2181 4069 psalmo

591 4093 789 4152 dictum
816 4106 918 4155 est,
954 4091 1290 4145 Fiducialiter
1318 4107 1463 4163 agant
1493 4092 1544 4143 in
1571 4107 1650 4144 eo.

663 4188 714 4244 8.
750 4186 900 4260 [vers
930 4184 1010 4257 8.]
1070 4183 1162 4245 Tu,
1195 4182 1430 4245 Domine,
1460 4182 1677 4236 servabis
1707 4199 1798 4235 nos
1819 4222 1832 4245 ,
1861 4192 1906 4234 et
1931 4181 2180 4237 custodies

591 4293 684 4337 nos
710 4296 741 4331 a
767 4276 1083 4348 generatione
1129 4275 1222 4326 Itac
1271 4283 1316 4328 et
1345 4276 1364 4304 ²
1396 4273 1447 4326 in
1483 4283 1724 4326 (uernum
1753 4288 1769 4325 .'
1802 4272 1886 4326 hic
1926 4281 2180 4344 tanquam

592 4374 782 4442 inopes
829 4378 884 4426 et
927 4381 1213 4440 pauperes,
1263 4365 1336 4420 ibi
1386 4377 1634 4436 tanquam
1677 4363 1960 4436 opulentos
1999 4375 2054 4422 et
2093 4365 2178 4422 di-

590 4466 745 4522 vites.

662 4561 714 4616 9.
747 4558 898 4631 (vers.
927 4552 1009 4626 9.]
1061 4553 1126 4608 In
1155 4553 1363 4608 circuitu
1391 4551 1536 4622 impii
1560 4551 1817 4606 ambulant
1845 4551 1921 4624 (a)
1956 4570 1968 4605 :
1999 4546 2050 4608 id
2074 4553 2174 4622 est,

592 4651 646 4711 in
694 4649 1061 4720 tetuporalium
1109 4661 1285 4700 rerum
1327 4645 1635 4716 cupiditate,
1665 4661 1783 4715 qua:
1825 4655 2028 4715 septem
2059 4645 2176 4702 die-

594 4747 712 4801 rum
764 4741 989 4810 repetito
1033 4738 1303 4802 circuitu,
1347 4746 1593 4807 tanquam
1646 4747 1758 4790 rota
1807 4738 2032 4790 volvitur
2068 4754 2083 4802 ;
2125 4748 2178 4793 et

597 4836 717 4893 ideo
750 4852 852 4888 non
897 4833 1209 4904 perveniunt
1241 4831 1292 4885 in
1324 4843 1588 4894 octavum,
1620 4828 1671 4885 id
1700 4839 1780 4885 est
1812 4831 1860 4885 in
1892 4839 2175 4898 aeternum,

597 4944 693 5002 pro
723 4923 826 4996 quo
856 4927 956 4980 iste
1002 4925 1235 4994 psalmus
1279 4922 1515 4977 tilnlatus
1548 4931 1650 4977 est.
1695 4922 1768 4976 [ta
1812 4931 1866 4976 et
1903 4937 1994 4991 per
2028 4921 2177 4977 Salo-

590 5034 806 5076 mouem
853 5017 1095 5073 dicitur:
1138 5013 1419 5069 Ventilator
1468 5015 1598 5069 enim
1651 5023 1720 5069 est
1767 5015 2037 5083 impiorum
2087 5031 2178 5069 rea:

591 5115 814 5184 sapiens,
843 5121 888 5165 et
919 5110 1138 5163 immittit
1168 5099 1271 5162 illis
1295 5120 1455 5162 rotant
1479 5108 1729 5162 malorum
1759 5106 1936 5180 (Prov.
1965 5124 2058 5172 xx,
2081 5093 2169 5175 26,

590 5225 690 5263 sec.
716 5203 904 5274 LXX).
954 5200 1245 5257 Secundum
1285 5201 1602 5254 altitudinem
1644 5211 1779 5252 tuam
1825 5199 2177 5268 multiplicasti

593 5295 729 5368 ﬁlios
758 5295 1036 5349 hominum.
1071 5293 1201 5362 Quia
1251 5301 1335 5347 est
1380 5301 1434 5345 et
1477 5291 1526 5343 in
1579 5290 1956 5360 temporalibus
1997 5290 2176 5344 multi-

589 5388 827 5460 pliCatio,
871 5403 989 5458 quae
1033 5383 1224 5438 avertit
1263 5381 1329 5437 ab
1372 5382 1571 5436 unitate
1617 5381 1748 5446 Dei;
1799 5379 1936 5436 unde
1980 5397 2175 5451 corpus

592 5483 736 5554 quod
783 5480 1180 5552 eorrttmpitur,
1228 5484 1477 5548 aggravat
1524 5477 1777 5542 animam,
1827 5486 1880 5531 et
1927 5473 2176 5546 deprimit

652 5682 669 5713 ¹
696 5689 811 5730 octo
833 5688 957 5739 Mss,
983 5684 1234 5742 propterea
1261 5675 1326 5726 ad
1348 5675 1526 5742 inopes.

585 5815 620 5855 η
651 5744 673 5774 ι
698 5744 770 5862 εἶα
787 5738 1000 5806 potiores
1149 5741 1288 5803 juxta
1311 5738 1439 5790 Lxx;
1469 5739 1518 5802 [a
1535 5738 1836 5805 generatione
1859 5739 2016 5794 hacin
2034 5746 2175 5796 mter-

621 5817 718 5856 ant.

613 5953 618 5956 _
653 5888 726 5952 (a)
752 5887 882 5937 Idem
903 5897 1034 5938 vers.
1058 5885 1089 5937 9
1106 5891 1334 5939 tractatur
1353 5887 1406 5940 in
1425 5885 1558 5938 titur.
1581 5888 1704 5941 'Psal.
1732 5905 1932 5954 cum,
1953 5907 2004 5943 η.
2025 5879 2106 5944 Β.

2316 500 2525 546 terrena
2569 488 2884 546 inhabitatio
2907 504 3125 548 sensum
3166 491 3334 548 multa
3370 491 3680 566 cogitantem
3713 499 3843 577 (Sep.

2304 602 2378 653 nt,
2407 586 2495 661 15)
2523 607 2537 643 :
2566 589 2987 659 multiplicantur
3014 599 3191 646 autem
3223 590 3352 662 justi
3387 591 3671 648 secundum
3699 597 3846 654 sltitu~

2301 679 2478 736 dinem
2506 681 2622 749 Dei,
2643 682 2857 753 quando
2881 683 3034 738 ibunt
3052 682 3121 738 de
3145 682 3340 740 virtute
3363 683 3415 739 in
3436 685 3674 742 virtutem
3699 685 3840 758 (l’sat.

2305 789 2530 840 unm,
2563 774 2650 846 8).

2297 905 3828 937 ———-———-—-——————-———ht-————h———..

2736 985 2818 1047 IN
2859 985 2999 1048 PSA
3010 985 3242 1048 LMUM
3285 985 3406 1048 ΧΠ

2932 1095 3350 1160 ΕΝᾹΒΒᾹΤΙΟ.

2732 1217 2795 1274 In
2824 1220 2996 1288 finem,
3032 1217 3268 1274 Psalntus
3298 1218 3485 1276 Dauid.

2371 1333 2424 1388 1.
2468 1329 2633 1405 [νοτε.
2679 1331 2768 1405 1.]
2815 1331 2958 1388 Finis
3001 1333 3139 1388 enim
3175 1332 3325 1404 Legis
3366 1333 3589 1389 Christus
3623 1335 3687 1388 ad
3723 1335 3848 1407 justi-

2298 1423 2419 1477 tiam
2458 1425 2598 1477 onmi
2639 1424 2861 1478 credenti
2888 1425 2905 1494 (
2929 1425 3075 1479 liotn.
3101 1441 3166 1488 χ,
3187 1425 3220 1480 4
3249 1425 3288 1493 ).
3321 1424 3610 1495 (lanaeque.
3653 1424 3850 1495 Domino,

2297 1515 2601 1570 obliviscaris
2632 1533 2709 1569 me
2733 1517 2785 1570 in
2811 1517 3004 1585 ﬁnem?
3042 1516 3093 1570 id
3117 1527 3219 1581 est,
3246 1517 3429 1571 dill‘ers
3473 1531 3557 1570 me
3581 1517 3644 1572 ad
3686 1517 3848 1574 intelli-

2296 1609 2528 1678 gendum
2547 1610 2822 1666 Christum
2848 1610 3214 1680 spiritualiter,
3242 1610 3330 1680 qui
3357 1618 3441 1664 est
3470 1610 3560 1664 Dei
3587 1608 3844 1679 Sapientia,

2297 1709 2354 1757 et
2396 1711 2572 1756 reetus
2613 1703 2732 1755 tinis
2771 1701 2948 1755 omnis
2992 1701 3304 1755 intetttimtis
3340 1704 3554 1756 animm.
3587 1701 3694 1764 Quo
3720 1713 3846 1772 tum

2297 1797 2482 1848 avertis
2508 1796 2688 1865 faciem
2714 1804 2852 1848 tuam
2873 1812 2906 1847 a
2927 1796 3046 1849 mei
3074 1794 3222 1850 Sicut
3241 1811 3345 1849 non
3368 1795 3697 1850 obliviscitur
3715 1796 3846 1860 Deus,

2297 1886 2376 1941 sic
2422 1901 2520 1942 nec
2561 1886 2749 1940 facient
2789 1888 3020 1950 avertit;
3065 1885 3160 1941 sed
3199 1903 3348 1942 more
3387 1896 3576 1942 nostro
3617 1886 3852 1956 Scriptura

2297 1975 2534 2046 loquitur
2565 1994 2576 2030 :
2607 1988 2850 2033 avertere
2893 1990 3070 2034 autem
3102 1980 3240 2034 Dens
3286 1981 3472 2034 faciem
3505 1978 3722 2043 dicitur,
3748 1981 3852 2034 dum

2298 2082 2404 2122 no
2425 2068 2518 2122 dat
2535 2068 2730 2122 animm
2753 2069 2996 2124 notitiam
3023 2071 3126 2138 sui,
3149 2086 3268 2141 qui:
3290 2072 3464 2129 adhuc
3485 2087 3670 2144 parum
3692 2072 3850 2128 mentis

2296 2158 2509 2212 oculum
2543 2173 2648 2212 nou
2684 2158 2862 2214 habet.

2367 2249 2423 2303 ἢ.
2459 2249 2610 2322 [item
2634 2248 2714 2322 2.]
2773 2250 3028 2315 Quamdiu
3077 2267 3264 2322 ponam
3311 2255 3582 2309 consiliarii
3623 2254 3675 2308 in
3711 2254 3850 2308 enim

2297 2343 2454 2396 mea?
2479 2342 2718 2396 Consilio
2745 2358 2851 2395 non
2881 2356 3018 2410 opus
3062 2353 3164 2409 est,
3195 2345 3298 2399 nisi
3337 2347 3392 2400 in
3437 2347 3692 2400 adversis.
3720 2346 3846 2414 limo,

2301 2431 2558 2498 Quamdiu
2603 2449 2787 2500 ponam
2815 2435 3080 2487 consilium
3107 2435 3161 2488 in
3201 2435 3372 2488 anima
3413 2453 3526 2491 mu
3548 2473 3564 2502 ,
3593 2441 3659 2490 ita
3685 2437 3848 2490 dictum

2295 2534 2416 2590 est,
2441 2525 2707 2593 Quamdiu
2737 2541 2833 2580 cro
2861 2527 2913 2580 in
2958 2527 3244 2582 adversis?
3285 2531 3390 2583 Aut
3431 2541 3580 2584 certe
3615 2528 3854 2598 responsio

2295 2627 2399 2678 est.
2434 2628 2486 2670 ut
2521 2617 2620 2671 iste
2651 2619 2719 2671 sit
2749 2633 2960 2681 sensus,
2991 2619 3237 2685 Tamdiu,
3280 2621 3526 2686 Domine,
3557 2622 3854 2677 obliviscaris

2295 2725 2383 2765 tne
2415 2711 2464 2764 in
2505 2713 2690 2776 tinem,
2733 2719 2790 2765 et
2831 2711 3030 2766 tamdiu
3073 2713 3270 2767 avertis
3309 2713 3504 2769 faciem
3545 2725 3680 2770 luunt
3705 2729 3732 2767 tt
3765 2728 3848 2778 tus.

2293 2802 2550 2872 quamdiu
2591 2817 2785 2873 patiam
2829 2805 3111 2860 consilium
3151 2806 3205 2859 itt
3250 2807 3428 2860 anima
3485 2819 3602 2862 mra
3638 2825 3651 2860 :
3685 2817 3740 2861 ut
3771 2804 3852 2860 nisi

2292 2895 2519 2966 quisque
2550 2896 2786 2964 («verterit
2813 2897 3094 2950 'consiliutn
3125 2897 3176 2950 in
3224 2898 3400 2951 anima
3437 2913 3534 2952 suo
3577 2899 3852 2969 Inperfecta

2292 2999 2548 3054 operetur
2593 2989 3040 3055 tuiseriCordiam,
3092 3003 3200 3043 non
3247 3003 3367 3044 eum
3419 2991 3608 3061 dirigat
3655 2991 3778 3045 Delta
3809 2988 3850 3042 iu

2295 3080 2476 3144 linem,
2509 3097 2682 3150 neque
2709 3085 2952 3136 notitiam
2995 3083 3078 3136 sui
3113 3083 3322 3150 plenam
3349 3085 3494 3153 quod
3540 3094 3623 3138 est
3657 3082 3778 3138 facie
3799 3079 3852 3136 ad

2292 3169 2508 3238 faciem,
2539 3190 2587 3243 pt
2603 3175 2773 3228 a-lteat
2806 3175 2902 3230 illi.
2937 3173 3176 3229 Dolorem
3203 3176 3256 3229 in
3285 3176 3442 3229 corde
3465 3191 3577 3230 meo
3600 3191 3684 3244 per
3706 3170 3852 3228 diem?

2290 3267 2627 3333 subauditur,
2655 3270 2907 3340 quamdiu
2938 3271 3177 3338 ponam?
3226 3268 3327 3324 Per
3351 3267 3488 3323 diem
3513 3278 3684 3325 autem
3706 3299 3720 3331 ,
3741 3269 3852 3320 culti

2293 3359 2640 3414 tinuationem
2682 3363 2968 3431 signiﬁcat,
2999 3371 3057 3415 ut
3081 3361 3196 3415 dies
3223 3376 3320 3429 pro
3349 3371 3592 3429 ternpnre
3621 3357 3852 3427 inteﬂigr

2293 3459 2413 3516 tur;
2464 3468 2494 3506 a
2545 3467 2651 3522 quo
2697 3467 2759 3509 se
2802 3459 3026 3524 quisque
3073 3454 3384 3509 desiderans
3435 3454 3603 3518 exui,
3649 3451 3850 3505 datum

2295 3543 2446 3614 ponit
2491 3545 2542 3598 in
2571 3546 2734 3603 corde
2760 3587 2773 3609 ,
2805 3545 3103 3617 deprecans
3146 3545 3213 3600 ad
3252 3555 3461 3599 reterns
3501 3540 3851 3602 conth

2289 3646 2342 3692 et
2375 3635 2667 3692 humanum
2699 3637 2840 3692 diem
2873 3647 2978 3691 non
3005 3637 3138 3708 puti.

2360 3729 2414 3784 ὅ.
2467 3728 2632 3803 (rm.
2673 3728 2767 3801 5.]
2811 3727 3080 3798 Usqnapto
3123 3724 3431 3782 exultabit"
3477 3727 3701 3781 inimicus
3735 3733 3852 3776 mel

2287 3829 2444 3889 super
2471 3836 2549 3873 me
2571 3821 2596 3873 ἲ
2635 3821 2717 3874 vel
2758 3819 3022 3883 diabolus,
3053 3819 3136 3871 vel
3162 3816 3497 3871 consuetudo
3528 3815 3762 3872 carnalis.

2358 3910 2413 3964 4.
2454 3908 2616 3982 [t-ers.
2645 3907 2742 3982 4.]
2783 3908 2997 3980 Respice
3040 3921 3086 3962 et
3131 3908 3320 3962 exaudi
3357 3924 3458 3973 me,
3505 3907 3710 3961 Danaae
3739 3902 3848 3956 Deli

2288 4017 2451 4056 meus.
2482 4001 2717 4073 Respice,
2741 4004 2874 4056 ret’c:
2889 4011 2976 4055 tur
2994 4001 3059 4055 ad
3089 4001 3138 4054 id
3167 4001 3308 4071 quod
3327 3999 3532 4055 dictum
3557 4007 3657 4062 est,
3688 3995 3850 4064 eam

2288 4109 2389 4165 quo
2415 4096 2596 4147 avertis
2625 4093 2808 4166 [aciem
2834 4105 2972 4146 tuam
3000 4105 3032 4146 tt
3059 4108 3138 4146 tne
3155 4095 3182 4148 γ
3215 4092 3420 4147 Exaudi
3437 4133 3453 4158 ,
3484 4091 3705 4146 refertur
3725 4087 3782 4140 ad
3805 4082 3846 4138 id

2287 4185 2432 4256 quod
2476 4186 2678 4242 dictum
2717 4197 2801 4242 est
2821 4229 2836 4253 ,
2871 4186 3142 4257 Usquequo
3171 4187 3478 4241 obliviscert‘s
3508 4199 3587 4239 nte
3607 4185 3658 4238 in
3686 4177 3847 4251 [inani

2290 4273 2540 4329 litamina
2561 4277 2735 4331 oculos
2756 4293 2912 4341 meos,
2937 4294 3001 4332 ne
3020 4291 3246 4347 unquam
3267 4276 3582 4330 obdurmiam
3599 4276 3650 4328 in
3671 4269 3843 4326 Μυησί-

2288 4365 2487 4422 Ocutos
2524 4368 2706 4422 cordis
2731 4377 2945 4439 oportet
2979 4369 3222 4440 intelligi,
3257 4384 3325 4423 nc
3347 4367 3646 4424 detectubiii
3667 4364 3843 4420 detecti

2189 4494 2198 4498 -
2289 4460 2492 4530 peccati
2521 4460 2860 4515 claudantur.

2360 4551 2412 4605 5.
2457 4548 2620 4622 [υεη.
2650 4548 2741 4622 5.]
2776 4548 3064 4621 Neqmmdo
3093 4551 3229 4604 diem
3257 4551 3492 4606 initum“
3520 4561 3654 4604 mm
3673 4563 3696 4602 ':
3724 4543 3839 4600 Pitc-

2289 4643 2428 4699 ualui
2465 4642 2705 4697 adversus
2730 4658 2864 4698 eum.
2899 4642 3102 4698 Diahoti
3151 4645 3430 4698 iuxttltatio
3473 4644 3738 4699 metut-uda
3758 4644 3838 4693 est.

2292 4735 2395 4801 Qui
2421 4733 2661 4788 miratam
2690 4749 2770 4788 me
2793 4735 3136 4796 exsultabant,
3167 4737 3211 4790 si
3241 4747 3409 4790 motus
3433 4735 3594 4808 fuero.
3627 4730 3844 4788 Diabulm'

2289 4838 2347 4886 et
2383 4829 2554 4900 angeli
2599 4829 2715 4898 ejus
2743 4845 2757 4884 :
2785 4829 2875 4900 qui
2923 4843 3029 4883 non
3071 4831 3471 4886 exsult‘averunt
3508 4829 3730 4897 dejttsto
3749 4823 3841 4875 rint

2287 4921 2411 4987 Job,
2438 4936 2560 4978 cum
2585 4935 2706 4977 eum
2747 4923 3097 4986 trilmlarcnt;
3143 4924 3262 4993 quia
3286 4929 3390 4978 non
3416 4931 3499 4979 est
3531 4927 3702 4977 mutus
3741 4910 3840 4986 (Μ

2288 5027 2328 5082 ι,
2353 5012 2471 5087 se),
2498 5015 2549 5069 id
2571 5023 2674 5081 est,
2716 5014 2785 5071 de
2824 5015 3110 5070 stabilitate
3151 5003 3274 5070 nitet
3315 5027 3420 5071 non
3456 5014 3692 5072 recessu.

2360 5109 2414 5164 6.
2449 5107 2610 5182 (om.
2641 5106 2721 5180 6.]
2748 5106 2858 5178 Ego
2883 5116 3051 5160 autem
3079 5107 3136 5161 in
3171 5116 3258 5162 tua
3285 5107 3630 5162 misericordia
3655 5096 3832 5174 spumi-

2288 5199 2423 5269 Quia
2467 5198 2698 5267 idipsum
2738 5197 2882 5268 quod
2927 5212 3034 5254 non
3077 5207 3324 5254 movetur
3369 5199 3526 5252 homo
3556 5203 3608 5254 et
3643 5197 3765 5250 liras
3793 5188 3834 5241 itt

2291 5294 2518 5350 Domino
2550 5301 2842 5362 permanet,
2877 5305 2984 5348 non
3026 5292 3124 5346 sibi
3167 5291 3327 5348 debet
3353 5292 3606 5356 tribuere,
3645 5293 3707 5344 ne
3738 5293 3834 5339 cum

2291 5401 2352 5444 se
2369 5385 2628 5456 gloriatur
2658 5400 2760 5440 non
2784 5397 2904 5440 esse
2925 5393 3146 5446 motum,
3175 5387 3285 5456 ipSa
3308 5385 3553 5456 superbia
3577 5383 3831 5438 moveatur.

2292 5478 2584 5538 Exsultabit
2626 5493 2713 5532 cor
2742 5487 2908 5531 meum
2948 5477 3000 5530 in
3043 5476 3255 5530 salutari
3290 5489 3377 5531 tuo
3402 5493 3422 5532 :
3445 5477 3502 5531 in
3542 5473 3758 5533 Cltt‘iSto,
3791 5463 3834 5520 in

2291 5571 2561 5642 Sapientia
2592 5571 2706 5625 Dei.
2743 5567 2971 5624 cantato
2998 5565 3220 5622 Domino
3245 5569 3332 5635 qut
3357 5569 3486 5622 bona
3507 5565 3676 5621 tributi
3703 5555 3834 5614 m‘lti:

2295 5665 2439 5724 bona
2462 5655 2784 5735 'Spiritual'la,
2811 5668 2924 5718 non
2947 5660 3014 5716 ad
3041 5660 3330 5718 humanum
3351 5661 3497 5718 diem

2296 5824 3232 5941 aggregent-sedet..th
3269 5807 3837 5889 amoti-nil

3045 6031 3126 6040 α».-

3973 5803 3977 5964 i

3971 5971 3977 6223 l
