4078 6428
674 396 780 456 143

670 515 870 584 lsrael,
905 521 964 570 ut
991 512 1262 587 plenitudo
1287 508 1535 566 Gentium
1563 505 1786 561 intraret
1816 502 2008 573 (Rom.
2041 518 2100 568 ιι,
2133 500 2253 571 95),

670 613 723 666 in
755 609 847 666 illo
875 609 980 663 alio
1010 608 1097 661 liat
1120 603 1261 676 quod
1290 602 1548 673 sequitur,
1579 610 1632 655 et
1661 599 1738 653 sic
1767 597 1941 652 omnis
1966 593 2125 650 Israel
2154 594 2260 649 sal-

669 718 770 757 vus
809 701 957 754 ﬁeret
998 716 1012 753 :
1056 711 1153 767 pro
1191 693 1389 750 ludatis
1428 693 1571 745 enim
1621 688 1909 759 Apostolus
1939 688 2097 745 etiam
2131 684 2257 740 illud

668 793 820 849 lsaire
862 788 1225 845 testimonium
1267 785 1498 853 accipit,
1533 782 1676 852 quod
1706 781 1901 835 dictum
1929 789 2043 841 est,
2087 777 2261 832 Veniet

668 903 731 939 ea:
754 885 879 939 Sion
906 883 990 952 qui
1011 865 1201 934 auertat
1227 877 1531 948 impietatem
1554 877 1616 928 ab
1642 873 1802 927 Jacob
1829 870 1979 944 (Isai.
2005 887 2118 935 th,
2138 870 2256 941 9.0);

671 977 808 1031 sicut
840 973 925 1027 hic
952 972 1181 1042 positum
1207 978 1311 1033 est,
1346 968 1473 1035 Quis
1499 966 1636 1020 dabit
1667 982 1730 1020 ea:
1762 965 1890 1021 Sion
1916 966 2141 1018 salutare
2170 961 2258 1017 1s-

666 1068 773 1119 ruel
791 1065 815 1117 ?
844 1064 970 1120 Cum
1008 1061 1239 1115 arerterit
1270 1059 1515 1112 Dominus
1540 1058 1881 1127 captivitatem
1920 1057 2077 1125 plebis
2117 1070 2256 1121 suat,

663 1155 934 1211 exsultabit
955 1151 1138 1216 Jacob,
1161 1162 1210 1206 et
1232 1149 1483 1204 laztabitur
1504 1147 1670 1203 Israel
1695 1166 1711 1202 :
1735 1148 1980 1217 repetitio
1999 1155 2098 1209 est,
2123 1147 2263 1203 sicut

663 1248 838 1311 solet;
873 1236 994 1299 nam
1026 1244 1164 1299 idem
1193 1251 1323 1313 puto
1350 1257 1472 1299 esse
1498 1240 1753 1295 ltetabitur
1780 1237 1980 1305 Israel,
2008 1238 2150 1309 quod
2178 1246 2263 1294 est

666 1338 939 1394 exsultabit
963 1335 1146 1390 Jacob.

740 1560 743 1561 ί
1105 1589 1188 1651 1N
1230 1587 1611 1652 PSALMUM
1653 1586 1805 1648 XIV

1198 1708 1595 1767 ENARRATIO
1634 1707 1731 1782 (a).

1150 1826 1393 1881 Psalmus
1444 1826 1545 1897 ipsi
1595 1824 1782 1881 David.

735 1949 789 2003 1.
833 1945 981 2019 [vers.
1020 1941 1096 2014 L]
1136 1940 1213 1995 De
1245 1940 1345 1994 hoc
1384 1940 1538 1994 titulo
1570 1938 1716 1993 nulla
1755 1937 1979 2009 qnmstio
2008 1945 2109 1992 est.
2153 1935 2261 1990 Do-

664 2040 831 2102 mine,
856 2037 966 2103 quis
1005 2030 1403 2103 peregrinabitur
1444 2032 1498 2083 in
1541 2028 1866 2082 tabernaculo
1914 2028 2047 2081 tuo?
2074 2026 2258 2093 Quan-

665 2144 823 2198 quam
853 2124 1138 2193 aliquando
1170 2134 1398 2191 ponatur
1424 2120 1822 2174 tabernaculum
1849 2119 2008 2171 etiam
2042 2132 2137 2187 pro
2167 2118 2262 2169 ha-

666 2219 923 2275 bitatione
961 2215 1319 2283 sempiterna,
1368 2221 1543 2265 tamen
1583 2226 1702 2263 cmn
1750 2209 1963 2277 proprie
2005 2207 2262 2274 accipitur

668 2307 1068 2365 tahetuaculum
1091 2345 1106 2369 ,
1152 2303 1274 2358 belli
1318 2317 1407 2356 res
1435 2311 1517 2354 cst
1555 2320 1568 2355 :
1601 2300 1741 2355 unde
1771 2309 1825 2353 et
1852 2297 2260 2353 contubernales

666 2401 866 2455 milites
906 2398 1177 2462 dicuntur,
1221 2405 1470 2462 tanquam
1514 2393 1671 2446 simul
1712 2391 1967 2445 habentes
2008 2390 2258 2443 talmrna-

666 2492 810 2546 cula.
860 2489 954 2544 llic
998 2503 1187 2541 sensus
1230 2484 1509 2553 adiuvatur
1537 2499 1602 2537 ex
1638 2497 1706 2537 eo
1733 2482 1871 2549 quod
1900 2480 2099 2535 dictum
2140 2487 2256 2547 est,

665 2583 779 2651 quis
809 2577 1209 2651 peregrinabitur
1238 2591 1257 2630 :
1283 2574 1349 2629 ad
1379 2585 1587 2642 tempus
1614 2573 1755 2628 enim
1784 2588 1904 2626 cum
1935 2572 2146 2626 diabolo
2173 2571 2260 2625 di-

665 2673 946 2737 mittamus,
977 2680 1032 2725 et
1058 2678 1187 2723 tunc
1215 2683 1349 2736 opus
1377 2676 1460 2720 est
1485 2665 1848 2729 tabernaculo,
1877 2679 1983 2735 quo
2014 2681 2110 2718 nos
2137 2665 2257 2718 reli-

663 2764 904 2826 ciantus;
953 2759 1093 2830 quod
1143 2758 1412 2830 .siguilicat
1462 2757 1693 2811 maxime
1740 2755 1896 2810 tidem
1951 2754 2259 2824 temporalis

662 2852 1114 2925 dispensationis,
1156 2867 1275 2920 qua:
1306 2864 1404 2919 pro
1447 2847 1600 2902 nobis
1639 2856 1755 2901 acta
1785 2855 1868 2901 est
1895 2848 2258 2918 tcmporaliter

666 2961 761 3018 per
786 2943 1205 2999 incarnationem
1234 2939 1466 2995 Domini.
1510 2938 1573 2992 Et
1593 2939 1706 3005 quis
1729 2938 1997 3009 requiescet
2017 2938 2070 2992 in
2090 2946 2258 2992 monte

662 3051 840 3096 sancto
871 3049 956 3092 tuo
975 3038 1001 3090 ?
1031 3036 1120 3091 hic
1148 3034 1375 3089 fortasse
1398 3033 1508 3102 jam
1553 3032 1722 3101 ipsam
1763 3039 2014 3085 arteruam
2049 3030 2258 3083 habita-

666 3133 867 3187 tionem
900 3127 1190 3198 signilicat,
1223 3135 1280 3179 ut
1311 3132 1549 3179 montem
1582 3121 1937 3191 intelligamus
1962 3134 2258 3189 superemi-

664 3224 898 3282 nentiam
928 3220 1201 3275 charitatis
1228 3217 1427 3273 Christi
1458 3216 1510 3269 in
1548 3215 1656 3268 vita
1684 3225 1882 3268 :eterna
1910 3215 1950 3268 ⁸.

734 3318 791 3372 2.
834 3315 1000 3390 [vers.
1044 3311 1125 3385 2.]
1168 3311 1268 3379 Qui
1307 3308 1590 3381 ingreditur
1632 3308 1742 3361 sine
1786 3307 2020 3371 macula,
2059 3314 2106 3360 et
2135 3321 2259 3376 ope-

664 3419 814 3466 ratur
845 3406 1101 3480 justitiam
1138 3420 1156 3459 :
1188 3403 1274 3457 hic
1299 3403 1321 3434 ¹
1366 3399 1677 3472 proposuit,
1711 3398 1960 3469 deinceps
2005 3398 2057 3453 id
2099 3413 2259 3453 exse-

664 3500 866 3572 quitur.

738 3598 794 3653 5.
836 3592 990 3669 [vers.
1032 3591 1111 3666 5.]
1153 3592 1253 3657 Qui
1289 3590 1512 3661 loquitur
1553 3589 1810 3644 ueritatem
1850 3604 1902 3642 tn
1942 3586 2093 3643 corde
2120 3603 2213 3641 suo
2240 3602 2260 3642 :

668 3687 914 3745 nonnulli
953 3684 1093 3740 enim
1124 3684 1174 3737 in
1207 3683 1359 3737 labiis
1388 3683 1585 3736 habent
1609 3682 1907 3746 veritatem,
1939 3689 1987 3734 et
2022 3680 2075 3733 in
2098 3679 2260 3734 corde

667 3796 776 3837 non
798 3777 997 3832 habent
1020 3794 1033 3828 :
1059 3784 1312 3844 tanquam
1338 3773 1383 3828 si
1405 3772 1598 3841 aliquis
1623 3771 1807 3824 dolose
1829 3770 2077 3825 ostendat
2097 3769 2257 3837 viam,

667 3874 844 3930 sciens
873 3872 924 3925 in
951 3883 1013 3924 ea
1042 3883 1162 3923 esse
1193 3867 1448 3930 latrones,
1479 3875 1532 3920 et
1555 3864 1717 3925 dicat.
1742 3864 1797 3916 Si
1820 3862 1919 3917 hac
1946 3863 2088 3925 ieris,
2118 3877 2149 3917 a
2180 3862 2258 3916 la-

667 3962 910 4021 tronibus
939 3968 1082 4015 tutus
1122 3960 1266 4021 eris;
1299 3965 1351 4011 et
1388 3957 1664 4033 contingat
1698 3964 1758 4010 ut
1792 3971 1918 4011 vere
1945 3970 2050 4009 non
2084 3954 2153 4008 ibi
2181 3954 2261 4007 la-

666 4065 849 4111 trones
880 4052 1236 4115 inveniantur,
1271 4063 1456 4102 verum
1484 4047 1575 4102 ille
1616 4047 1822 4100 locutus
1857 4055 1970 4110 8st,
2014 4043 2109 4100 sed
2153 4058 2258 4098 non

665 4150 720 4205 in
750 4146 912 4202 corde
935 4158 1068 4209 suo;
1100 4139 1242 4196 aliud
1270 4139 1413 4193 enim
1443 4137 1691 4207 putabat,
1720 4145 1774 4190 et
1799 4136 2045 4191 nesciens
2071 4149 2257 4190 verum

665 4238 801 4296 dixit
841 4254 855 4290 :
897 4250 1025 4305 ergo
1065 4247 1250 4302 parum
1289 4239 1372 4285 est
1419 4244 1608 4283 verum
1640 4226 1815 4296 loqui,
1857 4225 1960 4280 nisi
2001 4226 2159 4280 etiam
2205 4225 2257 4280 in

665 4329 830 4386 corde
858 4328 928 4380 ita
956 4327 1046 4378 sit.
1078 4322 1177 4388 Qui
1206 4337 1307 4374 non
1329 4320 1426 4391 egit
1448 4318 1626 4373 dolum
1652 4318 1704 4370 in
1730 4317 1907 4386 lingua
1925 4333 2018 4369 sua
2041 4331 2058 4369 :
2084 4315 2259 4385 lingua

666 4422 841 4492 agitur
868 4418 1057 4481 dolus,
1086 4431 1205 4470 cum
1235 4413 1375 4466 aliud
1415 4426 1509 4466 ore
1554 4408 1841 4480 profertur,
1872 4408 2013 4463 aliud
2045 4418 2260 4478 pectore

667 4516 884 4584 tegitur.
940 4508 1054 4564 Nec
1099 4508 1216 4580 fecit
1259 4505 1490 4576 proximo
1528 4520 1621 4557 suo
1663 4503 1855 4556 malum
1895 4519 1915 4558 :
1960 4504 2257 4573 proximum

668 4619 887 4664 omnem
913 4603 1186 4656 hominem
1217 4598 1386 4668 accipi
1413 4606 1666 4667 oportere
1696 4605 1878 4650 notum
1921 4606 2023 4651 est.
2069 4596 2135 4650 Et
2160 4613 2255 4667 op-

668 4696 927 4772 probrium
957 4708 1058 4745 non
1087 4691 1278 4760 accepit
1302 4689 1543 4742 adversus
1565 4688 1847 4756 proximum
1871 4703 2019 4741 suum
2040 4702 2061 4741 :
2083 4686 2135 4741 id
2155 4696 2257 4754 est,

668 4804 777 4844 non
810 4786 1037 4839 libenter
1061 4789 1157 4835 aut
1185 4789 1388 4835 temere
1416 4778 1643 4833 credidit
1671 4776 2020 4832 criminatori.

741 4886 795 4939 ὁ.
840 4880 990 4955 [vers.
1022 4876 1102 4950 4.]
1141 4875 1221 4931 Ad
1264 4874 1475 4928 nihilum
1507 4874 1751 4927 deductus
1789 4883 1862 4927 est
1905 4874 1957 4926 in
1993 4882 2261 4944 conspectu

671 4979 782 5048 ejus
808 4971 1077 5041 malignus.
1114 4966 1216 5022 Ista
1247 4965 1499 5037 perfectio
1527 4974 1630 5031 est,
1658 4973 1717 5017 ut
1749 4963 1874 5017 nihil
1908 4963 1958 5018 in
1988 4963 2257 5019 hominem

672 5071 845 5122 valeat
886 5063 1185 5131 malignus;
1216 5069 1271 5112 et
1302 5067 1359 5111 ut
1387 5056 1485 5110 hoc
1526 5055 1595 5109 sit
1628 5056 1679 5109 in
1717 5065 1984 5125 conspectu
2019 5056 2159 5124 ejus,
2207 5053 2259 5110 id

673 5172 777 5222 est,
805 5156 1102 5215 certissime
1132 5152 1339 5208 noverit
1372 5152 1659 5220 malignum
1688 5165 1793 5204 non
1838 5165 1976 5212 esse,
2008 5150 2108 5204 nisi
2137 5165 2259 5205 cum

671 5254 885 5307 animus
924 5266 952 5301 a
985 5247 1165 5315 specie
1195 5245 1273 5297 sui
1302 5242 1572 5297 Creatoris
1599 5249 1793 5296 arterna
1824 5251 1877 5294 et
1906 5241 2259 5295 inconmtnla-

673 5344 800 5408 bili,
843 5341 908 5394 ad
953 5348 1209 5392 creaturte
1253 5338 1485 5403 speciem
1530 5335 1809 5393 avertitur,
1840 5347 1959 5401 qua:
1988 5332 2055 5387 de
2095 5332 2259 5387 nihilo

672 5436 808 5489 facta
835 5444 935 5487 est.
977 5430 1223 5483 Timentes
1247 5438 1414 5481 autem
1449 5423 1727 5478 Dominum
1755 5424 2004 5493 glori/ient
2031 5441 2050 5479 :
2080 5425 2259 5493 utique

671 5531 787 5598 ipse
814 5525 1089 5579 Bootinus.
1124 5520 1334 5575 Initium
1358 5528 1537 5572 autem
1560 5515 1835 5585 sapientia:
1867 5516 2023 5569 timur
2048 5516 2256 5569 Domini

732 5680 752 5711 ι
786 5685 878 5726 sex
907 5684 1033 5734 Mss,
1051 5673 1104 5725 in
1127 5673 1271 5724 ritum
1291 5678 1539 5734 internum.

731 5741 754 5801 ξ
776 5745 829 5788 ιιι
846 5748 970 5801 uss,
993 5730 1071 5801 hic
1092 5733 1353 5801 proposuit.
1384 5740 1521 5801 forte
1543 5730 1735 5801 melius.

733 5799 808 5863 (α)
841 5791 1002 5851 altera
1042 5791 1258 5849 hune'iu
1300 5793 1420 5846 Psal.
1468 5801 1602 5845 Enar.
1649 5795 1867 5858 adjicitur
1904 5793 1964 5845 ad
2002 5791 2257 5847 voluminis

669 5860 871 5915 calcem.

1912 388 1971 445 S.
2013 382 2383 445 AUGUSTlNl
2421 383 2726 445 EPISCOPI
3823 404 3896 463 ια

2369 496 2541 571 (Psal.
2566 515 2653 567 ex,
2682 500 2787 572 ιο,
2814 502 2977 560 Eccli.
3003 520 3043 573 t,
3072 505 3162 578 16)
3194 525 3209 561 :
3241 507 3377 565 sicut
3400 523 3531 579 ergo
3565 509 3653 566 illa
3674 517 3897 585 superiora

2369 594 2639 662 pertinent
2677 596 2743 648 ad
2767 595 3061 665 perfectos,
3096 598 3166 652 ita
3197 613 3262 656 ea
3283 616 3403 672 qua:
3442 616 3587 657 nune
3607 602 3819 663 dicturus
3838 620 3898 667 est

2370 683 2638 749 pertinent
2665 684 2731 739 ad
2774 687 3110 754 incipientes.

2439 774 2494 828 5.
2537 772 2689 846 [rem
2714 774 2796 850 5.]
2838 777 2937 844 Qui
2952 780 3100 849 jura:
3129 782 3359 851 proximo
3377 799 3490 845 suo,
3520 793 3571 839 et
3594 802 3692 841 non
3715 787 3899 860 decipit:

2368 865 2452 936 qui
2482 868 2743 936 pecuniam
2783 885 2924 923 suam
2953 887 3053 926 non
3091 873 3228 927 dedit
3268 874 3337 926 ad
3377 892 3584 929 usuram
3607 917 3622 937 .
3663 891 3707 932 et
3741 897 3901 938 inuitem

2368 974 2522 1027 super
2549 960 2833 1015 innocentes
2862 963 2877 994 ¹
2910 980 3009 1017 non
3036 968 3229 1033 accepit
3272 967 3371 1037 (ιι).
3414 968 3518 1022 Ista
3561 985 3663 1024 non
3690 984 3796 1026 sunt
3818 991 3902 1030 ma-
3970 984 3971 1037 ι

2367 1062 2510 1118 gna:
2543 1050 2636 1104 sed
2663 1052 2753 1121 qui
2786 1068 2883 1107 nec
2909 1054 3004 1109 ista
3037 1065 3237 1127 potest,
3281 1057 3448 1111 multo
3476 1057 3651 1113 minus
3676 1071 3824 1130 potest
3845 1064 3902 1120 lo-

2369 1141 2458 1210 qui
2487 1143 2765 1199 veritatem
2810 1146 2862 1199 in
2903 1138 3065 1202 corde
3089 1163 3229 1215 suo,
3274 1160 3330 1204 et
3372 1165 3479 1205 non
3520 1151 3697 1207 dolum
3718 1168 3849 1224 agerc
3867 1157 3902 1210 in

2372 1231 2547 1303 lingua
2577 1251 2695 1304 sua,
2724 1236 2819 1292 sed
2848 1247 2905 1293 ut
2931 1248 3014 1295 est
3040 1240 3092 1295 in
3116 1240 3279 1297 corde
3301 1257 3489 1297 verum
3522 1244 3595 1297 ita
3624 1245 3850 1316 proferre,
3868 1257 3905 1303 et

2371 1325 2572 1385 habere
2602 1330 2653 1383 in
2682 1345 2798 1398 ore,
2830 1329 2924 1386 Est
2948 1341 3040 1398 est,
3072 1331 3197 1389 Non
3234 1351 3336 1390 non
3375 1334 3603 1407 (Matth.
3646 1352 3697 1403 ν,
3727 1338 3903 1410 57);ει

2369 1432 2479 1474 ιιοιι
2507 1419 2683 1477 facere
2710 1423 2953 1490 proximo
2983 1439 3083 1480 suo
3110 1424 3332 1491 malum,
3362 1427 3414 1481 id
3444 1437 3530 1482 est
3565 1428 3691 1484 nulli
3718 1429 3902 1498 homini;

2367 1520 2424 1564 et
2475 1512 2819 1581 opprobrium
2874 1529 2979 1570 non
3047 1516 3291 1587 accipere
3341 1517 3605 1574 adversus
3659 1522 3902 1591 proximum

2280 1646 2291 1655 .
2371 1616 2528 1657 suum
2556 1619 2571 1657 :
2602 1617 2722 1672 qua:
2750 1613 2875 1658 sunt
2904 1604 3283 1675 perfecturum,
3324 1608 3378 1663 in
3407 1624 3635 1679 quorum
3671 1625 3903 1682 conspectu

2366 1692 2434 1749 ad
2463 1694 2686 1749 nihilum
2716 1694 2978 1752 deductus
3007 1706 3093 1754 est
3118 1698 3404 1769 malignus.
3437 1699 3640 1756 Tamen
3668 1701 3809 1756 etiam
3833 1702 3901 1759 ista

2369 1788 2586 1843 minora
2632 1789 2702 1844 ita
2747 1790 3016 1846 concludit
3052 1809 3067 1847 :
3115 1790 3214 1859 Qui
3238 1794 3363 1864 facit
3388 1793 3531 1861 haec,
3562 1810 3904 1852 uentorum

2366 1880 2503 1935 bitur
2524 1883 2577 1936 in
2617 1893 2861 1937 internum
2888 1899 2909 1937 :
2934 1882 2986 1939 id
3009 1893 3112 1952 est,
3142 1886 3419 1955 perveniet
3444 1885 3511 1942 ad
3545 1886 3633 1945 illa
3659 1886 3848 1957 majora,
3865 1888 3901 1943 in

2366 1973 2560 2044 quibus
2597 1984 2680 2029 est
2717 1990 2907 2046 magna
2952 1984 3008 2029 et
3055 1976 3368 2033 inconcussa
3415 1977 3696 2032 stabilitas.
3739 1976 3846 2033 Nam
3865 1986 3903 2034 et

2368 2062 2484 2133 ipsa
2509 2074 2750 2133 tempora
2775 2082 2880 2120 non
2907 2066 3025 2121 sine
3049 2081 3206 2122 causa
3236 2065 3468 2124 fortasse
3494 2069 3573 2124 sic
3594 2069 3776 2124 Variata
3796 2076 3900 2136 sunt,

2367 2163 2423 2208 ιιι
2454 2156 2505 2208 in
2534 2156 2815 2225 superiore
2841 2157 3185 2213 conclusione
3213 2161 3544 2227 praeteritum
3569 2170 3763 2230 tempus
3780 2174 3899 2228 pone-

2367 2258 2538 2313 retur,
2569 2248 2620 2301 itt
2653 2248 2752 2302 hac
2773 2258 2949 2303 autent
2980 2248 3213 2304 futuruttt
3241 2269 3255 2305 :
3280 2266 3404 2306 nam
3436 2252 3506 2305 ibi
3528 2252 3721 2307 dictum
3743 2260 3826 2317 est,
3847 2249 3902 2305 Ad

2367 2339 2582 2393 ni/tilnm
2618 2339 2863 2394 deductus
2898 2350 2969 2395 est
3010 2341 3060 2395 iu
3099 2352 3369 2412 conspectu
3412 2344 3529 2418 ejus
3558 2343 3823 2414 malignus;
3843 2340 3901 2397 llic

2367 2439 2566 2495 autem,
2597 2430 2720 2486 .\'on
2745 2433 3135 2488 commovebitur
3161 2435 3214 2489 in
3232 2445 3502 2492 internum.

2367 2562 3896 2589 *ψ’-Ἥ

2807 2658 2886 2720 1N
2932 2659 3315 2724 PSALMUM
3347 2663 3473 2727 XV

2969 2782 3250 2841 ENARRA
3259 2784 3389 2843 TlO.

2763 2896 2919 2954 Tituli
2944 2898 3228 2972 inscriptio,
3256 2902 3357 2972 ipsi
3378 2901 3569 2961 David.

2437 3010 2490 3065 l.
2530 3009 2645 3066 Rex
2676 3020 2862 3066 noster
2892 3012 2945 3066 in
2977 3011 3079 3067 hoc
3107 3013 3315 3083 psalmo
3352 3015 3591 3086 loquitur
3625 3031 3687 3073 ex
3723 3029 3893 3088 persona

2363 3103 2720 3172 susceptionis
2751 3102 3020 3171 humanm,
3049 3105 3117 3162 de
3144 3123 3250 3176 quo
3277 3107 3465 3166 titulus
3495 3109 3684 3181 regalis
3710 3118 3893 3181 tempore

2363 3195 2629 3265 passionis
2659 3197 2950 3263 inscriptus
2972 3198 3199 3253 eminuit
3222 3202 3269 3255 '.

2433 3286 2488 3340 2.
2520 3286 2671 3360 [vers.
2704 3290 2725 3343 l
2756 3330 2772 3353 ,
2797 3288 2880 3363 2.]
2905 3290 3039 3347 Dicit
3066 3300 3243 3347 autem
3264 3293 3381 3351 haec
3409 3339 3424 3350 .
3451 3294 3697 3353 Conserva
3716 3310 3805 3361 me,
3822 3291 3894 3348 Do-

2363 3378 2530 3445 mine,
2558 3380 2798 3450 quoniam
2824 3383 2877 3435 in
2903 3391 2952 3437 te
2972 3385 3173 3453 speravi
3193 3401 3214 3439 :
3239 3386 3348 3440 dixi
3375 3386 3624 3455 Domino,
3653 3387 3776 3443 Deus
3796 3399 3893 3439 tum

2364 3487 2416 3525 es
2457 3482 2511 3525 tu
2534 3513 2550 3538 ,
2578 3474 2816 3544 quoniam
2846 3473 3093 3530 bonorum
3129 3493 3353 3533 meorum
3380 3495 3484 3535 non
3527 3496 3638 3552 eges
3670 3477 3738 3552 (b)
3765 3488 3893 3547 :quo-

2365 3563 2507 3635 niani
2537 3562 2690 3617 bonis
2711 3564 2845 3618 meis
2872 3580 2977 3619 non
3009 3579 3290 3635 exspectas
3320 3578 3373 3623 tu
3398 3570 3512 3625 licri
3541 3571 3736 3627 beatus.

2434 3653 2487 3708 5.
2534 3652 2685 3726 [vers.
2727 3653 2806 3727 5.]
2835 3655 3043 3711 Sanctis
3067 3659 3154 3727 qui
3178 3670 3298 3714 sunt
3335 3661 3387 3715 in
3416 3670 3555 3716 terra
3580 3661 3686 3733 ejus
3709 3675 3728 3714 :
3749 3654 3894 3712 sanctis

2364 3744 2452 3814 qni
2476 3745 2528 3799 in
2555 3754 2694 3800 terra
2717 3746 3007 3802 viventium
3039 3764 3188 3818 spem
3210 3766 3363 3805 suam
3395 3763 3715 3822 posuerunt,
3741 3747 3892 3805 civibus

2364 3834 2658 3890 Jerusalem
2702 3838 2971 3904 caelestis,
3018 3854 3246 3910 quorum
3292 3844 3628 3899 conversatio
3667 3835 3891 3912 spiritualis

2365 3942 2461 3998 per
2485 3928 2772 3984 aneltoram
2813 3931 2925 3999 spei
2957 3930 3011 3984 itt
3057 3931 3143 3985 illa
3190 3935 3356 4000 patria
3390 3934 3607 4006 figitur,
3649 3946 3757 4002 qua:
3792 3932 3892 3983 mle

2368 4018 2459 4074 llei
2489 4027 2628 4074 terra
2659 4021 2994 4085 nominatur;
3023 4024 3268 4091 quamvis
3295 4024 3473 4082 adhuc
3499 4034 3554 4081 et
3581 4025 3632 4080 itt
3671 4025 3745 4078 his
3782 4014 3893 4075 tetri!

2364 4124 2526 4166 Carne
2551 4120 2852 4165 versentur.
2904 4110 3198 4179 ﬁliri/icavit
3232 4113 3256 4147 ⁸
3294 4131 3467 4172 omnes
3509 4117 3765 4172 voluntates
3797 4121 3893 4163 utea:

2364 4202 2418 4254 in
2442 4201 2563 4255 illis.
2591 4201 2683 4255 llis
2712 4217 2839 4272 ergo
2874 4204 3075 4258 sanctis
3101 4206 3262 4260 miras
3286 4205 3413 4264 fecit
3442 4223 3630 4263 omnes
3654 4205 3891 4259 voluntate!

2365 4306 2512 4346 meas
2538 4292 2589 4346 itt
2619 4303 2871 4363 pl‘OVL‘Clll
2902 4308 3111 4361 eorum,
3133 4312 3241 4366 quo
3267 4309 3553 4355 senserunt
3579 4297 3696 4369 quid
3714 4295 3782 4349 eis
3795 4303 3887 4361 pro.

2365 4382 2524 4438 fuerit
2560 4393 2615 4439 et
2655 4383 2959 4440 humanitas
2999 4402 3133 4442 mea:
3166 4387 3459 4447 divinitatis
3502 4400 3560 4446 ut
3593 4398 3828 4445 morerer.
3854 4384 3889 4431 ει

2364 4475 2613 4530 divinitas
2638 4474 2983 4532 humanitatis
3012 4488 3069 4533 ut
3095 4494 3454 4551 resurgerem.

2436 4570 2490 4624 4.
2514 4568 2664 4642 [vers.
2686 4569 2765 4641 4.]
2796 4570 3150 4641 Multiplicata:
3171 4585 3285 4629 sunt
3306 4575 3619 4645 infirmitates
3644 4582 3791 4628 eorum
3807 4562 3885 4633 (⁶)²

2367 4679 2471 4719 non
2502 4665 2566 4718 ad
2600 4664 2910 4734 perniciem,
2937 4667 3030 4722 sed
3059 4677 3115 4722 ut
3140 4668 3405 4725 medicum
3427 4669 3784 4725 desiderarent.
3811 4656 3886 4710 P0-

2364 4766 2472 4811 stea
2495 4756 2898 4811 acceleraverunt
2926 4774 2946 4813 :
2972 4759 3147 4829 itaque
3178 4770 3299 4830 post
3331 4762 3696 4833 multiplicatus
3720 4746 3885 4810 intimii-

2369 4856 2502 4902 tates
2529 4850 2965 4905 acceleraverunt
2989 4893 3004 4915 ,
3034 4859 3092 4905 ut
3116 4863 3449 4908 sanarentur.
3484 4851 3602 4908 Non
3637 4838 3882 4916 comantia“

2365 4941 2707 4994 conventicula
2745 4956 2921 4994 eorum
2963 4942 3027 4996 de
3063 4944 3392 5013 sanguinibus
3420 4962 3439 4999 :
3461 4951 3613 5001 eruttt
3637 4938 3762 4995 enim
3794 4942 3883 4983 σου·

2366 5031 2629 5087 ventieula
2676 5046 2864 5087 eorum
2907 5047 3015 5088 non
3061 5036 3468 5104 carnalia,‘nec
3501 5036 3570 5092 de
3607 5021 3883 5100 sanguiuibus

2432 5215 2450 5247 ί
2474 5213 2695 5280 Quinque
2710 5218 2816 5261 Mss.
2843 5225 2954 5280 cum
2977 5212 3197 5277 Vulgata,
3212 5227 3358 5280 super
3376 5209 3675 5280 innocentem.
3697 5209 3746 5255 At
3762 5200 3880 5250 me"
3902 5242 3907 5261 ,

2368 5281 2476 5339 Mss.
2501 5282 2553 5339 et
2566 5273 2881 5339 _edd.,‘super
2902 5273 3347 5339 ἱηηοεεῑιιεδιῇιιᾴιιι
3546 5278 3665 5323 Lxx.

2438 5338 2458 5401 ξ
2484 5335 2621 5401 Edd,
2640 5333 2849 5401 emicfit.
2877 5342 2931 5401 ᾼι
2952 5343 3078 5396 Mss,
3106 5333 3321 5389 eminuit.
3469 5398 3479 5401 _
3590 5395 3608 5401 Α
3655 5389 3666 5401 _

2430 5398 2452 5430 ι
2473 5374 3388 5462 nidi:ﬁiiiiﬁéhzféiaiéélﬁéé'tbr,
3412 5398 3558 5451 miras
3702 5380 3778 5437 sed
3795 5374 3877 5464 διιεῖ

2430 5473 2485 5505 m.
2507 5471 2651 5505 ouant
2689 5457 2767 5505 hic
2791 5467 2898 5505 Mss.
2925 5461 3212 5505 auctoritate
3236 5464 3551 5505 restituimus.
3596 5454 3799 5505 εαιοηθω
3822 5445 3873 5505 ῗθε

2364 5454 3877 5541 9931993352..bittsiatsstietaresiuisasiwffat‘ﬁii
3898 5468 3903 5475 '

2363 5510 2846 5584 quitur'.sugtt§tittus
2881 5521 2931 5569 in
2970 5522 3114 5583 Epist.
3142 5510 3249 5584 149,
3274 5510 3336 5573 ad
3364 5510 3622 5577 inanimum,
3652 5510 3725 5562 ubi
3756 5510 3819 5552 9⁵³

2364 5581 2508 5646 hujus
2529 5581 2660 5632 vers.
2683 5582 2717 5631 '5
2740 5589 2793 5632 et
2810 5581 2843 5629 4
2865 5581 3083 5645 exponit.

2425 5634 2500 5731 la)
2537 5667 2667 5719 Idem
2691 5679 2824 5718 vers.
2849 5670 2882 5720 5
2899 5634 3130 5721 tractatur
3151 5670 3202 5720 in
3224 5675 3361 5720 Enar.
3385 5667 3503 5721 Psal.
3526 5674 3684 5718 sum,
3704 5657 3823 5704 δαΐων
3838 5634 3872 5691 ⁵*

2364 5732 2501 5855 n.
2524 5801 2595 5843 De
2620 5790 2795 5855 eodem
2819 5806 2955 5844 vers.
2978 5792 3010 5855 2
3031 5792 3142 5844 vide
3166 5799 3303 5845 Enar.
3329 5792 3448 5844 Psal.
3473 5799 3597 5847 ιιιιν
3617 5776 3726 5855 “27'

2429 5794 2479 5855 (ὁ
2524 5801 2595 5843 De
2620 5794 2795 5842 eodem
2819 5806 2955 5844 vers.
2978 5794 3010 5843 2
3031 5794 3142 5844 vide
3166 5799 3303 5845 Enar.
3329 5794 3448 5844 Psal.
3473 5799 3597 5847 uix,
3617 5795 3662 5832 ιι.
3685 5794 3705 5827 'l

2429 5794 2501 5917 (ei
2535 5862 2604 5906 De
2622 5852 2799 5906 eodem
2810 5868 2941 5907 vers.
2965 5854 2997 5904 4
3012 5855 3123 5908 vide
3146 5862 3285 5907 Enar.
3310 5856 3428 5908 Psal.
3445 5866 3563 5913 ινιι,
3581 5851 3712 5897 serta.

3731 5814 3867 5890 με

2385 6050 2415 6075 υ
