4078 6442
234 432 343 497 N5

235 565 493 623 pecorum
524 553 836 626 propitiatus
861 552 1196 624 congregatio
1237 565 1352 608 eos.
1385 551 1495 607 Nec
1524 570 1710 606 ineinor
1736 567 1824 606 ero

237 649 498 701 numinum
535 649 739 703 illorum
766 665 854 718 per
878 649 1013 702 labia
1044 664 1152 701 mea
1179 664 1198 700 :
1224 647 1317 702 sed
1364 647 1623 716 spirituali
1657 655 1828 700 muta-

238 738 381 794 tione
425 739 811 797 obliviscentur
838 742 962 811 quid
995 739 1217 802 fuerint;
1267 756 1366 795 nec
1395 756 1423 793 a
1469 755 1555 795 me
1588 739 1699 810 jam
1744 737 1827 792 vel

237 841 566 902 peccatores,
598 832 683 887 vel
715 833 933 897 inimici,
966 832 1048 885 vel
1080 830 1342 896 homines,
1373 829 1468 886 sed
1491 830 1619 899 justi
1643 838 1698 885 et
1722 827 1828 885 fra-

236 934 344 978 tres
372 924 476 978 mei
502 933 557 978 et
589 923 680 977 lilii
710 922 800 979 Dei
822 924 1153 978 vocabuntur
1183 939 1278 992 per
1310 937 1493 988 pacem
1524 936 1718 977 meam.

301 1015 357 1071 5.
393 1013 541 1085 [rem
568 1012 648 1086 5.]
684 1014 930 1082 Dominus
954 1033 1075 1086 pars
1103 1014 1411 1069 hwreditatis
1447 1029 1599 1079 ntere,
1640 1021 1686 1067 et
1711 1010 1828 1067 cali-

228 1108 303 1162 eis
332 1108 435 1160 mei
458 1109 558 1179 (a).
588 1106 940 1162 Possidebunt
981 1107 1123 1163 enim
1169 1122 1377 1162 mecum
1420 1104 1783 1160 bmreditatem
1805 1145 1821 1171 ,

228 1200 409 1271 ipsum
436 1200 736 1254 Dominum.
764 1200 972 1270 Eligant
992 1199 1090 1255 sibi
1113 1200 1200 1254 alii
1231 1209 1408 1268 partes
1433 1198 1626 1269 quibus
1648 1197 1828 1251 fruan-

229 1301 355 1356 tur,
376 1299 612 1345 terrenas
627 1299 683 1344 et
704 1290 1025 1360 temporales
1054 1308 1068 1343 :
1105 1292 1276 1360 portio
1306 1298 1613 1343 sanctorum
1640 1288 1823 1342 Domi-

227 1380 355 1438 nus
379 1390 609 1436 aeternus
647 1391 731 1436 est
785 1382 975 1436 Bibant
1015 1381 1102 1435 alii
1151 1380 1453 1436 mortiferas
1478 1380 1822 1450 voluptates:

224 1464 617 1542 portio'calicis
643 1472 747 1527 mei
790 1472 1046 1527 Dominus
1070 1481 1169 1525 est.
1198 1471 1349 1541 Quod
1376 1470 1532 1537 dico,
1565 1473 1664 1525 mei
1686 1512 1702 1536 ,
1733 1470 1824 1524 ad-

223 1562 399 1633 iungo
431 1561 756 1624 Ecclesium;
785 1564 904 1632 quia
935 1563 1021 1616 ubi
1044 1572 1201 1633 caput
1220 1604 1234 1626 ,
1265 1563 1334 1617 ibi
1359 1572 1414 1617 et
1441 1578 1672 1631 corpus:
1702 1578 1824 1618 nam

226 1653 285 1709 in
331 1652 696 1709 biereditatem
726 1656 1067 1725 congregabo
1108 1654 1475 1709 conventicula
1517 1669 1702 1709 eormn
1724 1696 1739 1718 ,
1772 1663 1828 1708 et

228 1758 333 1815 per
370 1744 551 1799 αιΙὶεἱε
574 1745 887 1800 ebrietatem
926 1746 1212 1799 obliviscar
1255 1746 1466 1799 nomina
1510 1755 1689 1800 vetera
1734 1759 1827 1797 eo-

227 1851 377 1891 rum.
434 1834 507 1890 Tu
544 1852 596 1889 es
624 1837 713 1906 qui
752 1838 979 1890 restitues
1007 1837 1132 1890 mihi
1170 1836 1509 1891 luereditatem
1538 1852 1696 1889 meum
1724 1850 1743 1888 :
1768 1843 1826 1889 ut

228 1934 360 1982 nota
391 1927 460 1981 sit
485 1935 541 1982 et
578 1927 664 1981 bis
688 1942 825 1999 quos
855 1929 1053 1992 libero,
1085 1928 1301 1984 claritas
1344 1944 1446 1998 qua
1492 1944 1638 1984 enim
1683 1926 1821 1996 apud

230 2027 322 2086 te,
370 2019 516 2088 prius
541 2035 699 2090 quam
740 2019 969 2075 mundus
998 2020 1150 2076 fieret
1178 2019 1356 2092 (Joan.
1391 2035 1530 2080 xvu.
1574 2019 1633 2089 5)
1668 2038 1682 2073 :
1715 2035 1821 2072 non

230 2111 379 2166 enim
429 2111 671 2166 restitues
713 2111 841 2166 mihi
891 2113 1030 2182 quod
1068 2127 1172 2166 non
1205 2111 1393 2173 amisi,
1438 2111 1530 2164 sed
1574 2111 1824 2165 restitues

233 2199 321 2257 his
345 2203 437 2271 qui
461 2206 751 2257 amiserunt
778 2204 894 2273 ejus
918 2203 1178 2258 claritatis
1205 2203 1443 2257 notitiam
1470 2219 1486 2267 ;
1535 2201 1588 2255 in
1629 2201 1822 2272 quibus

235 2292 357 2362 quia
386 2307 482 2359 ego
507 2308 622 2348 sum
641 2335 654 2355 .
682 2294 804 2347 mihi
836 2295 1088 2348 restitues.

305 2384 358 2436 6.
388 2381 531 2455 [νει-ε.
564 2381 642 2456 6.]
690 2382 859 2438 Funes
901 2384 1185 2437 ceciderunt
1225 2382 1352 2437 nti/ti
1393 2382 1446 2435 in
1491 2380 1753 2453 prmclaris
1801 2397 1820 2436 :

236 2470 431 2528 limites
458 2475 803 2543 possessionis
844 2491 976 2529 me:e
1016 2475 1068 2528 in
1115 2485 1201 2529 tua
1246 2476 1522 2538 claritate,
1569 2486 1816 2544 tanquam

238 2574 383 2619 sorte
406 2565 738 2631 ceciderunt,
766 2567 912 2619 velut
940 2568 1205 2633 possessio
1226 2567 1561 2621 sacerdotum
1583 2576 1638 2620 et
1660 2565 1816 2620 Levi-

242 2665 413 2710 tarttm
457 2657 591 2711 Deus
632 2666 736 2711 est.
783 2656 980 2710 Etenim
1020 2656 1288 2711 ha’reditas
1316 2673 1425 2709 mea
1465 2657 1710 2726 prteclara
1743 2664 1818 2709 est

243 2750 365 2804 milii
388 2767 409 2804 :
432 2752 620 2806 etenim
651 2750 933 2805 haereditas
960 2766 1074 2804 mea
1101 2753 1347 2819 pra-clara
1372 2760 1473 2813 est,
1507 2765 1612 2804 non
1639 2750 1815 2803 omni-

241 2838 353 2905 bus,
384 2841 473 2897 sed
499 2841 828 2896 videntibus:
875 2841 926 2894 in
950 2841 1141 2907 quibus
1155 2842 1275 2909 quia
1293 2857 1548 2907 egosum,
1574 2841 1698 2893 mihi
1722 2851 1811 2894 est.

307 2933 359 2986 ’1.
387 2931 527 3006 [vers
557 2931 635 3005 7.]
674 2931 974 2988 Bencdimm
1017 2930 1317 2984 Dominum.
1359 2934 1444 3001 qui
1481 2932 1601 2985 mihi
1646 2932 1815 2987 tribuit

247 3025 526 3082 intelltctnm
553 3043 571 3082 :
594 3043 700 3098 quo
730 3029 824 3082 ista
854 3026 1137 3081 lucreditas
1161 3023 1327 3079 νωμᾶ
1348 3038 1395 3079 et
1430 3026 1684 3092 possideri
1715 3040 1813 3096 po-

248 3123 360 3172 test.
404 3116 619 3189 lnsupcr
643 3129 809 3172 autem
843 3127 890 3172 et
921 3132 1077 3185 usque
1104 3118 1172 3167 ad
1212 3129 1404 3168 noctem
1431 3117 1814 3170 eriteudaucruut

251 3223 321 3262 tne
355 3225 490 3264 renes
531 3213 628 3265 mei
671 3227 693 3266 :
735 3225 897 3277 super
938 3210 1261 3263 itt.elleCttnn
1305 3218 1480 3262 autem
1533 3223 1698 3275 uSque
1746 3207 1813 3261 ad

251 3308 456 3353 mortem
482 3316 566 3355 me
594 3301 827 3357 erudivit
875 3298 1096 3353 inferior
1138 3313 1260 3367 pars
1305 3314 1460 3363 inea,
1506 3299 1683 3353 carnis
1730 3313 1815 3352 as-

252 3391 479 3458 sumptio;
512 3401 567 3445 ut
588 3391 865 3462 experirer
890 3390 1136 3445 tenebras
1163 3388 1500 3443 mortalitatis
1519 3428 1535 3453 ,
1562 3404 1694 3460 quas
1722 3388 1813 3444 ille

254 3478 527 3537 intellectus
552 3498 656 3538 non
687 3483 872 3538 habet.

313 3571 360 3627 8.
604 3571 682 3646 8.]
739 3571 1079 3627 Providebam
1124 3570 1398 3625 Dominum
1440 3572 1493 3626 in
1544 3580 1812 3642 conspectu

256 3677 348 3717 meo
380 3681 567 3735 semper
595 3663 670 3737 (ὁ)
694 3670 738 3718 ‘:
777 3664 871 3719 sed
912 3663 1131 3717 veniens
1161 3664 1212 3717 in
1242 3677 1304 3717 ea
1344 3679 1462 3731 qua:
1492 3672 1770 3717 transeunt
1791 3704 1808 3731 ,

257 3768 346 3809 non
363 3757 542 3813 abstuli
571 3756 784 3812 oculum
808 3756 877 3811 ab
900 3772 967 3811 eo
986 3756 1073 3825 qui
1095 3770 1307 3823 semper
1337 3766 1536 3822 manet,
1565 3755 1667 3810 hoc
1691 3770 1812 3823 pro-

258 3846 418 3904 videns
438 3860 495 3904 ut
520 3850 570 3905 in
592 3866 714 3907 eum
742 3859 862 3920 post
884 3849 1191 3918 temporalia
1215 3860 1422 3917 peracta
1456 3863 1805 3903 recurrerem.

261 3935 480 4002 Quoniam
507 3957 538 3994 a
560 3941 753 3996 dextris
777 3949 851 3995 est
878 3940 1003 3994 nti/ti
1021 3981 1036 4005 ,
1074 3954 1139 3992 ne
1174 3954 1484 3993 commoveor
1510 3955 1529 3995 :
1559 3939 1808 4008 quoniam

260 4025 376 4084 favet
397 4032 516 4086 mihi
536 4073 552 4096 ,
584 4040 642 4085 ut
667 4032 928 4086 stabiliter
953 4031 1005 4084 in
1035 4044 1102 4085 eo
1132 4044 1494 4099 permaneam.

315 4122 359 4178 9.
393 4121 532 4196 [vera
559 4123 639 4198 9.]
670 4123 887 4192 Propter
912 4125 1005 4177 hoc
1034 4124 1376 4194 jucundatum
1402 4132 1473 4178 est
1496 4138 1585 4177 cor
1607 4138 1771 4176 meum
1791 4165 1806 4190 ,

262 4222 299 4268 et
318 4219 559 4272 multavit
582 4218 759 4290 lingua
800 4234 909 4271 mea
936 4233 956 4273 :
985 4228 1201 4288 propter
1241 4217 1343 4272 hoc
1368 4228 1422 4272 et
1454 4218 1505 4271 in
1535 4217 1811 4286 Cogitatio-

262 4305 388 4363 nibus
410 4312 537 4365 meis
555 4310 861 4381 jucunditas
884 4350 898 4374 ,
938 4318 993 4363 et
1033 4309 1086 4363 in
1114 4310 1291 4364 verbis
1321 4309 1628 4364 exsultatio.
1659 4308 1810 4364 Insu-

259 4414 333 4469 per
353 4411 395 4454 et
419 4417 532 4456 caro
550 4418 661 4457 inea
688 4402 957 4473 requiescet
983 4400 1035 4454 in
1062 4416 1152 4465 spe
1179 4416 1198 4453 :
1228 4401 1444 4468 insuper
1463 4412 1515 4454 et
1541 4414 1673 4455 caro
1693 4415 1810 4454 mea

256 4507 344 4548 non
368 4492 566 4550 deliciet
610 4494 666 4549 in
711 4494 1013 4559 interitum,
1046 4491 1142 4547 sed
1183 4493 1235 4546 in
1279 4505 1377 4562 spe
1403 4493 1811 4547 resurrectionis

250 4583 539 4642 obdorndet.

202 4716 209 4725 σ
303 4677 389 4734 10.
434 4675 582 4751 [verm
628 4675 743 4750 10.]
788 4676 1039 4745 Quoniam
1086 4691 1190 4729 non
1233 4676 1545 4749 derelinques
1589 4676 1811 4732 animam

234 4786 390 4829 meum
412 4772 465 4825 in
490 4771 693 4841 inferno
717 4769 736 4802 ¹
761 4787 776 4824 :
798 4769 1049 4839 quoniam
1089 4782 1260 4838 neque
1278 4769 1509 4823 animam
1538 4785 1710 4825 meam
1734 4777 1813 4825 in-

232 4866 357 4923 feris
397 4863 766 4935 possidendam
809 4863 977 4919 dabis.
1015 4861 1195 4934 Neque
1224 4862 1367 4917 dabis
1405 4874 1633 4918 sanctum
1671 4876 1813 4920 tuum
1852 4894 1855 4899 -

228 4960 394 5016 sidere
415 4957 785 5024 corruptionem
814 4970 834 5011 :
863 4971 1035 5025 neque
1055 4954 1442 5010 sanetilieatum
1473 4970 1687 5025 corpus,
1722 4973 1849 5025 per-

223 5046 366 5116 quod
388 5056 442 5102 et
462 5046 549 5101 alii
576 5044 940 5102 sanctil‘lcaudi
968 5054 1114 5110 sunt,
1145 5046 1413 5116 corrumpi
1437 5046 1672 5111 patieris.
1698 5044 1811 5101 No-

226 5155 304 5196 tas
332 5139 452 5193 mihi
480 5138 644 5210 fecisti
673 5141 779 5193 uias
807 5139 923 5192 vita
949 5153 970 5194 :
996 5146 1151 5192 notas
1178 5137 1348 5193 fecisti
1391 5153 1486 5206 per
1510 5152 1597 5191 me
1638 5139 1813 5193 bumi-

226 5233 387 5291 litatis
410 5233 520 5286 vias
544 5274 559 5298 ,
593 5218 675 5309 ut.
692 5230 759 5286 ad
783 5231 945 5286 vitam
973 5229 1213 5286 redirent
1240 5230 1514 5292 homines,
1542 5228 1683 5284 unde
1721 5245 1815 5300 per

227 5324 524 5394 superbiam
550 5322 894 5387 ceciderant;
923 5321 976 5376 in
1015 5321 1208 5391 quibus
1227 5321 1350 5391 quia
1380 5335 1479 5391 ego
1504 5334 1621 5375 sum
1644 5360 1661 5385 ,
1690 5320 1814 5374 mihi

231 5416 405 5490 fecisti.
432 5413 742 5481 Adintpleltis
769 5429 849 5467 me
875 5413 1049 5466 latitia
1073 5429 1186 5465 cum
1212 5412 1350 5466 vultu
1385 5420 1470 5464 tuo
1510 5426 1530 5464 :
1558 5411 1814 5481 adimple-

232 5509 315 5564 bis
337 5521 428 5562 eos
450 5507 627 5561 laetitia
646 5547 663 5569 ,
686 5514 746 5559 ut
769 5519 874 5559 non
899 5504 1032 5558 ultra
1064 5513 1306 5574 quierant
1330 5499 1529 5571 aliquid
1549 5540 1564 5563 ,
1592 5516 1713 5555 eum
1739 5500 1813 5554 la-

236 5601 314 5656 (κίε
334 5599 394 5650 ad
415 5599 598 5652 faciem
628 5605 680 5653 ξε
710 5596 962 5658 viderint;
988 5595 1039 5649 in
1069 5594 1262 5664 quibus
1289 5594 1408 5665 quia
1431 5608 1532 5663 ego
1552 5607 1670 5647 sum
1694 5634 1710 5658 ,
1737 5609 1816 5646 me

239 5688 545 5758 adimplebis.
590 5687 868 5744 Delectatto
895 5710 947 5741 ιιι
972 5687 1176 5741 dextera
1202 5696 1289 5741 tua
1327 5702 1481 5757 usque
1520 5687 1573 5738 in
1600 5685 1756 5755 ﬁnem
1796 5698 1814 5739 :

301 5825 318 5856 ι
342 5830 454 5872 'trcs
473 5828 603 5880 his-3.,
627 5819 678 5871 in
698 5819 959 5884 infernum.
982 5825 1130 5869 armo.
1154 5825 1283 5875 LXX,
1306 5816 1379 5868 eis
1400 5817 1542 5869 aden.

320 5885 368 5937 al
389 5883 448 5934 Id.
474 5876 605 5935 vers.
628 5883 661 5933 5
682 5876 912 5932 tractatur
932 5882 980 5931 in
1002 5888 1136 5930 Enar.
1162 5888 1232 5930 Ps.
1260 5893 1587 5937 xxxrv,serm.
1609 5879 1655 5935 1,
1671 5876 1811 5935 [ΜΞ.

320 5899 347 5934 a
389 5884 448 5934 Id.
474 5897 605 5935 vers.
628 5884 661 5933 5
682 5890 912 5932 tractatur
932 5884 980 5931 in
1002 5888 1136 5930 Enar.
1162 5888 1232 5930 Ps.
1260 5893 1587 5937 xxxrv,serm.
1609 5884 1811 5935 Lm”.

297 5884 372 6010 ίιδ
397 5954 463 5998 De
486 5946 660 5998 eodem
684 5959 813 5995 vers.
838 5945 1047 6010 Bsupra,
1066 5943 1159 5994 col.
1186 5942 1293 6004 £03,
1317 5957 1368 5998 u.
1398 5943 1470 6003 ll,
1498 5943 1625 5992 circa
1648 5941 1811 5994 (laeui.

1347 435 1747 494 ENABRATIO
1783 434 1850 491 IN
1889 434 2212 493 PSALMUM
2251 435 2390 492 XVI.

3428 444 3532 506 “6

1934 567 2215 623 delectatio
2242 578 2325 623 est
2350 570 2401 624 in
2424 570 2602 629 favore
2631 583 2684 628 et
2705 573 2755 628 in
2779 558 3153 645 propitiatioue
3178 585 3264 631 tua
3293 576 3344 632 in
3374 576 3532 649 huius

1933 658 2056 713 vitae
2082 659 2290 724 itinere,
2323 660 2622 730 perducens
2660 680 2825 737 usque
2868 667 2935 721 ad
2961 667 3122 722 linem
3163 670 3351 740 gloria:
3395 686 3529 726 con-

1934 760 2146 821 spectas
2170 753 2267 805 tui.

1941 839 3526 865 Μ

2371 878 2455 940 ΙΝ
2496 879 2877 943 PSALMUM
2921 882 3093 945 ΧΠ

1976 985 2001 1005 ⁸
2536 981 2671 1036 ENA
2684 982 2956 1037 HRATIO.

2473 1072 2651 1127 Oratio
2679 1075 2779 1143 ipsi
2806 1074 2991 1129 David.

2005 1163 2059 1217 1.
2090 1162 2241 1235 [vers.
2273 1164 2300 1218 1
2321 1204 2338 1230 ,
2366 1162 2448 1238 2.]
2480 1164 2604 1219 Haec
2628 1176 2711 1220 est
2730 1181 2971 1235 personae.
2994 1168 3200 1225 Domini
3224 1171 3526 1237 tribuenda,

1933 1252 2180 1324 adjuncta
2208 1255 2466 1322 Ecclesia,
2492 1272 2611 1327 quae
2633 1272 2824 1326 corpus
2855 1258 2971 1327 ejus
2997 1268 3097 1315 est.

1999 1346 2054 1400 2.
2086 1345 2291 1400 Exaudi
2315 1387 2331 1412 ,
2360 1345 2530 1415 Deus,
2556 1348 2803 1415 iustitiam
2828 1366 2990 1403 meam
3009 1394 3023 1415 ,
3052 1351 3254 1406 intende
3282 1354 3527 1421 depreca-

1931 1438 2057 1492 tioui
2094 1454 2236 1492 mete.
2279 1438 2497 1493 Auribus
2535 1441 2738 1511 percipe
2771 1444 3048 1497 Orationem
3094 1461 3251 1497 meant
3275 1486 3291 1511 ,
3331 1463 3432 1500 non
3473 1448 3527 1502 in

1931 1526 2293 1583 labiis'dalosis
2321 1545 2340 1583 :
2380 1544 2483 1584 non
2515 1529 2581 1584 ad
2624 1539 2675 1584 te
2720 1531 2771 1585 in
2815 1531 2966 1586 labiis
2995 1532 3197 1588 doles-is
3228 1535 3528 1605 proceden-

1876 1658 1885 1671 .
1932 1629 2059 1672 tem.
2090 1619 2135 1673 Α
2163 1622 2303 1673 vultu
2335 1630 2417 1674 tuo
2453 1622 2711 1691 judicium
2749 1640 2919 1677 meum
2947 1626 3157 1696 prodeat
3189 1643 3207 1680 :
3238 1642 3303 1681 ex
3333 1629 3527 1685 illumi-

1932 1712 2144 1765 natione
2173 1713 2376 1767 notitiae
2411 1723 2515 1768 ture
2539 1730 2720 1770 vermu
2748 1715 2983 1784 judicent
3009 1735 3024 1782 ;
3056 1730 3146 1773 aut
3191 1729 3338 1775 certe
3362 1762 3375 1785 ,
3418 1739 3529 1779 non

1929 1801 1982 1856 in
2012 1802 2163 1857 labiis
2184 1802 2386 1858 dolosis
2422 1820 2451 1857 a
2482 1806 2626 1858 volto
2656 1814 2744 1859 tuo
2768 1806 3025 1875 judicium
3054 1824 3232 1864 meum
3264 1811 3523 1880 prodeat,

1930 1901 1986 1946 ut
2030 1892 2236 1946 scilicet
2279 1908 2383 1948 nou
2436 1894 2701 1963 proferam
2740 1896 2986 1964 judicans
3016 1899 3159 1955 aliud
3187 1916 3343 1972 quam
3390 1903 3441 1957 in
3472 1914 3525 1961 te

1929 1982 2183 2055 intelligo.
2215 1982 2363 2040 Oculi
2387 1988 2485 2041 mei
2522 1988 2721 2043 rideant
2762 1990 3046 2060 (equitatem
3080 2010 3097 2044 :
3124 1992 3302 2048 cordis
3342 1992 3526 2065 utique

1926 2076 2083 2131 oeuli.

1997 2169 2048 2222 5.
2093 2166 2244 2241 [rem
2288 2167 2365 2243 5.]
2411 2169 2651 2225 Probasti
2697 2189 2785 2226 cor
2814 2189 2976 2226 meum
3006 2185 3052 2228 et
3092 2175 3301 2230 visitasti
3333 2186 3475 2233 nocte
3498 2195 3522 2233 :

1923 2263 2046 2333 quia
2079 2264 2249 2331 ipsum
2277 2278 2372 2317 eor
2392 2278 2567 2318 meum
2597 2264 2903 2320 \‘lsll-ltllOlle
2925 2266 3282 2322 tribulationis
3322 2268 3521 2337 proba-

1926 2363 2034 2408 tum
2060 2363 2162 2410 est.
2194 2354 2323 2427 Igne
2361 2372 2438 2411 me
2462 2358 2763 2410 exantinasti
2785 2400 2800 2422 ,
2830 2368 2875 2410 et
2911 2374 3012 2411 non
3039 2368 3109 2412 est
3136 2362 3335 2413 inventa
3361 2362 3415 2414 in
3442 2377 3523 2416 me

1923 2447 2162 2518 iniquitas
2186 2464 2204 2503 :
2235 2464 2339 2503 non
2367 2458 2548 2504 autem
2575 2466 2678 2503 nox
2702 2459 2927 2516 tantum,
2952 2452 3073 2519 quia
3097 2453 3406 2520 perturbare
3435 2468 3522 2507 as-

1923 2539 2061 2593 solet
2085 2582 2098 2603 ,
2123 2539 2215 2592 scd
2242 2540 2400 2594 etiam
2424 2540 2560 2610 ignis
2590 2541 2709 2611 quia
2740 2542 2879 2605 urit,
2909 2542 3146 2596 vocanda
3172 2554 3253 2596 est
3282 2543 3395 2613 ipsa
3421 2543 3521 2597 tri-

1923 2631 2139 2696 bulatio,
2165 2648 2265 2702 qua
2290 2635 2625 2688 examinatus
2650 2676 2665 2698 ,
2689 2634 2861 2701 justus
2892 2635 3136 2689 iuventus
3163 2650 3301 2689 sum.

1992 2725 2047 2779 4.
2092 2724 2238 2796 [rers.
2287 2724 2365 2797 4.]
2412 2724 2480 2779 Ut
2504 2742 2605 2780 non
2627 2725 2862 2796 loquatur
2884 2742 2940 2780 os
2969 2744 3133 2780 nteant
3161 2744 3313 2796 opera
3355 2728 3521 2782 Itami-

1921 2832 2044 2868 num
2076 2833 2093 2869 :
2120 2829 2177 2871 ut
2218 2816 2358 2869 aliud
2392 2833 2493 2871 non
2523 2818 2777 2887 procedat
2823 2833 2889 2872 ex
2935 2834 3028 2873 ore
3077 2834 3218 2885 meo,
3260 2836 3416 2889 quam
3462 2821 3521 2877 id

1921 2909 2061 2977 quod
2105 2909 2330 2977 pertinet
2369 2909 2433 2963 ad
2475 2910 2698 2981 gloriam
2739 2921 2793 2965 et
2840 2910 3046 2965 laudem
3082 2920 3268 2976 tuam;
3300 2928 3402 2967 non
3448 2914 3516 2968 ad

1921 3014 2081 3067 opera
2107 3000 2400 3062 hominum,
2423 3018 2541 3070 qua-
2560 3001 2754 3056 faciunt
2777 3012 2970 3072 prmler
2989 3003 3316 3061 voluntatem
3345 3016 3512 3061 tuam.

1924 3089 2143 3159 Propter
2181 3092 2330 3146 verba
2376 3092 2626 3147 labiorum
2666 3106 2863 3147 tuorum
2890 3111 2908 3149 :
2936 3106 3153 3165 propter
3177 3097 3338 3152 verba
3370 3099 3516 3167 pacis

1923 3191 2024 3236 tua:
2044 3224 2058 3241 .
2088 3183 2167 3237 Vel
2193 3184 2578 3253 Prophetarum
2608 3196 2839 3240 tttorum.
2868 3184 2979 3258 Ego
3010 3188 3257 3242 custodivi
3286 3190 3391 3244 vias
3419 3190 3516 3245 du-

1918 3291 2003 3329 ras
2039 3291 2058 3328 :
2085 3291 2184 3346 ego
2232 3277 2494 3332 cusmdivi
2536 3278 2649 3331 vias
2697 3278 2989 3335 laboriosas
3032 3280 3368 3338 mortalitatis
3409 3281 3514 3338 ltu-

1918 3381 2090 3420 mana:
2111 3377 2270 3437 atque
2298 3370 2580 3437 passionis.

1989 3457 2042 3512 5.
2069 3453 2219 3529 [υενδ.
2252 3456 2331 3530 5.]
2357 3457 2437 3511 Ad
2471 3458 2806 3530 perﬁciendos
2843 3477 3044 3532 gressus
3072 3478 3208 3518 meos
3246 3465 3299 3517 in
3324 3466 3515 3521 semitis

1916 3548 2016 3604 tuis
2053 3565 2074 3604 :
2113 3559 2169 3604 ut
2212 3551 2558 3620 perficeretur
2582 3551 2815 3607 cbaritas
2855 3553 3113 3609 Ecclesiae
3153 3555 3203 3609 in
3235 3556 3514 3611 itineribus

1915 3644 2194 3714 angustis.
2223 3643 2417 3714 quibus
2455 3645 2667 3699 venitur
2703 3643 2771 3698 ad
2812 3647 3049 3715 requiem
3093 3656 3256 3700 tuam.
3303 3647 3370 3702 Ut
3411 3665 3513 3703 non

1915 3743 2209 3788 moveantur
2235 3734 2444 3806 vestigia
2464 3752 2574 3789 mea
2601 3750 2620 3790 :
2641 3744 2699 3790 ut
2723 3750 2828 3790 non
2852 3747 3166 3792 moveantur
3185 3740 3332 3808 signa
3356 3740 3511 3796 itine-

1916 3824 1990 3879 ris
2026 3825 2172 3892 mei,
2210 3841 2331 3896 quze
2361 3836 2610 3897 tanquam
2651 3827 2869 3897 vestigia
2913 3831 3262 3886 sacramentis
3291 3839 3343 3885 et
3368 3831 3512 3887 Scri-

1919 3917 2085 3986 pturis
2108 3918 2417 3985 apostolicis
2455 3918 2716 3987 impressa
2743 3926 2902 3985 sunt,
2945 3902 3063 3990 quae
3108 3920 3411 3976 intueantur
3456 3934 3514 3978 et.

1915 4006 2199 4062 observent
2222 4008 2311 4077 qui
2344 4023 2429 4062 me
2455 4008 2606 4078 sequi
2647 4009 2869 4073 volunt;
2908 4018 2999 4063 aut
3026 4019 3172 4064 certe
3195 4052 3211 4076 ,
3255 4020 3313 4065 ut
3347 4014 3510 4067 etiam

1915 4099 2175 4153 stabiliter
2197 4100 2247 4153 in
2270 4100 2567 4155 arternitate
2600 4115 2960 4169 permaneam,
2985 4112 3169 4171 postea
3192 4118 3351 4173 quam
3385 4120 3510 4173 per-

1915 4190 1996 4261 egi
2029 4190 2140 4244 vias
2198 4190 2398 4258 duras,
2442 4202 2497 4246 et
2536 4191 2591 4245 in
2640 4191 2896 4261 angustiis
2941 4193 3250 4248 semitarnm
3298 4205 3510 4251 tuarum

1913 4298 2132 4355 gressus
2159 4286 2375 4356 perfeci.

1987 4377 2041 4431 6.
2086 4374 2235 4450 [vers.
2285 4374 2364 4451 6.]
2396 4375 2508 4449 Ego
2532 4379 2746 4433 clamavi
2769 4421 2783 4446 ,
2825 4380 3063 4448 quoniam
3091 4382 3341 4437 exaudiin
3389 4400 3505 4450 me,

1916 4465 2055 4522 Deus
2101 4482 2121 4521 :
2156 4483 2257 4539 ego
2296 4468 2460 4523 libera
2506 4480 2559 4525 et
2605 4470 2777 4524 valida
2809 4469 3105 4527 intentione
3134 4488 3318 4541 preces
3344 4473 3409 4528 ad
3456 4484 3509 4529 te

1915 4557 2105 4622 direxi;
2136 4560 2385 4627 quoniam
2409 4568 2465 4614 ut
2486 4559 2624 4615 hanc
2655 4560 2851 4616 habere
2870 4577 3103 4632 possem,
3134 4564 3391 4617 exaudisti
3420 4552 3507 4618 me

1917 4649 2179 4706 infirmius
2224 4661 2488 4707 orantem.
2548 4650 2755 4706 Inclina
2807 4669 2980 4708 aurem
3037 4666 3176 4707 tuam
3230 4656 3396 4721 mihi,
3462 4666 3509 4711 et

1917 4744 2102 4799 exaudi
2132 4746 2277 4800 verba
2303 4762 2414 4799 mea
2437 4762 2456 4800 :
2481 4761 2587 4801 non
2613 4745 2824 4802 deserat
2851 4747 3121 4803 exauditio
3161 4756 3249 4803 tua
3289 4747 3508 4804 humili-

1919 4845 2079 4893 tatem
2113 4854 2302 4893 meam.

1989 4929 2041 4983 7.
2089 4926 2239 5003 [rers.
2286 4928 2366 5003 7.]
2414 4929 2639 4998 Miriﬁca
2681 4931 3055 4988 misertcordias
3084 4943 3197 4988 tuas
3226 4951 3244 4989 :
3275 4949 3383 4991 non
3426 4936 3509 4989 vi-

1920 5019 2121 5075 lescunt
2150 5020 2531 5075 misericordiae
2559 5030 2660 5075 tote
2683 5064 2696 5086 ,
2724 5037 2791 5077 ne.
2821 5024 2997 5079 minus
3022 5037 3290 5079 amentur.

1988 5112 2040 5168 8.
2074 5109 2221 5187 [oers.
2268 5112 2348 5186 8.]
2379 5113 2479 5179 Qui
2520 5113 2685 5169 salvos
2724 5115 2852 5186 facis
2890 5130 3148 5182 sperantes
3192 5119 3244 5171 in
3275 5128 3340 5182 te,
3374 5135 3406 5173 a
3429 5135 3510 5173 re-

1917 5205 2201 5261 sistentibus
2245 5205 2462 5261 dexteris
2503 5216 2604 5261 tute
2645 5222 2664 5260 :
2702 5223 2730 5260 a
2778 5208 3146 5264 resistentibus
3196 5208 3360 5263 favori
3403 5226 3509 5277 quo

1919 5298 2046 5353 mihi
2081 5299 2240 5353 laves.
2284 5297 2491 5353 Custodi
2532 5317 2645 5363 nte,
2679 5300 2920 5363 Domine,
2954 5312 3008 5354 ut
3046 5302 3294 5370 pupillam
3322 5301 3458 5354 oculi
3489 5318 3510 5356 :

1919 5406 2038 5462 qua:
2076 5399 2297 5460 apparet
2324 5406 2577 5460 perparva
2600 5401 2651 5445 et
2682 5392 2899 5462 exigua;
2930 5409 3026 5462 per
3062 5408 3177 5448 eam
3223 5402 3400 5446 tmneu
3421 5392 3476 5446 di

1920 5482 2106 5552 rigitur
2131 5482 2276 5535 acies
2305 5482 2518 5536 luminis
2546 5499 2651 5552 quo
2679 5483 2766 5536 lux
2787 5493 2843 5540 et
2871 5486 3102 5537 tenebra:
3127 5484 3503 5552 dijudicantur,

1919 5571 2056 5626 sicut
2102 5586 2197 5641 per
2237 5570 2429 5627 Christi
2455 5571 2835 5628 ltuuutnitatem
2880 5574 3129 5627 divinitas
3165 5573 3347 5641 jndirii
3400 5556 3546 5629 dis;

1920 5678 2149 5720 cernens
2201 5664 2337 5718 inter
2358 5663 2533 5731 justus
2556 5672 2608 5718 et
2636 5675 2959 5733 peccatores.
2991 5665 3052 5719 lu
3074 5667 3286 5735 tegmine
3310 5668 3511 5721 alarum

1919 5762 2118 5808 tuarum
2155 5765 2356 5824 protege
2380 5755 2398 5786 ί
2426 5771 2503 5807 me
2531 5773 2550 5809 :
2581 5757 2632 5808 in
2664 5756 2994 5810 tnuaiuteuto
3027 5756 3303 5812 cltaritatis
3328 5768 3381 5812 et
3413 5758 3496 5817 mi.

1922 5848 2229 5905 sericordiac
2260 5856 2362 5901 tua:
2408 5856 2626 5917 protege
2664 5864 2748 5902 me
2774 5849 2818 5902 Α
2856 5851 2987 5920 facie
3012 5853 3282 5924 impiorum
3318 5856 3405 5929 qui
3436 5872 3521 5914 me

1983 5940 2003 5972 ί
2028 5938 2162 6001 ιω..
2189 5942 2423 6004 proteges.
2449 5943 2504 5988 Αῑ
2525 5944 2886 6007 Μεε.,φνοιεςε,
