3950 6398
571 329 668 392 151
1805 331 1866 387 8.
1904 329 2143 388 AUGUS’

2253 330 2271 387 Ι
2309 334 2613 394 EPISCOPI
3721 360 3802 419 ιω

564 447 811 503 carnales
832 446 1071 517 patiebar
1096 445 1391 516 angustias,
1416 445 1600 501 eduxit
1631 460 1719 501 me
1743 446 1796 500 in
1819 445 2151 514 Spiritualem

564 540 902 597 latitudinem
933 539 1073 594 ﬁdei.
1100 539 1246 593 Eruit
1266 542 1368 602 ine,
1399 539 1637 607 quoniam
1666 539 1825 593 voluit
1853 556 1931 595 me
1956 554 1974 593 :
2000 548 2154 593 ante-

567 645 730 701 quam
779 630 924 685 illum
953 647 1050 699 ego
1091 630 1312 693 vellem,
1346 631 1484 684 eruit
1530 646 1617 685 me
1642 630 1710 684 ab
1741 630 1969 685 inimicis
2024 631 2155 687 meis

562 723 982 793 potentissimis,
1016 723 1106 792 qui
1137 722 1265 776 mihi
1305 723 1608 777 invidebant
1633 724 1742 793 jam
1779 723 1977 778 volenti
2007 741 2152 789 eum,

563 824 621 870 et
645 815 714 869 ab
741 816 822 868 his
841 816 933 883 qui
961 816 1192 869 oderunt
1215 832 1322 881 me,
1348 817 1469 886 quia
1505 817 1628 871 volo
1654 833 1797 870 eum.

631 903 726 959 21.
749 902 898 978 [vers.
925 905 1042 980 2ι.]
1076 906 1140 960 Et
1178 908 1414 962 retribuet
1439 908 1564 960 mihi
1597 906 1847 962 Dominus
1876 910 2156 964 secundant

559 995 810 1071 iustitiam
828 1012 988 1050 meam
1014 1011 1032 1051 :
1058 1006 1110 1050 et
1132 998 1391 1051 retrilmet
1416 998 1545 1051 mihi
1576 998 1833 1052 Dominus
1861 999 2152 1053 secundum

540 1088 823 1161 justitiam
850 1089 1005 1144 bona:
1043 1090 1352 1155 voluntatis,
1380 1090 1468 1159 qui
1502 1092 1647 1160 prior
1678 1091 1899 1160 praebuit
1939 1091 2143 1146 miseri-

558 1180 819 1247 cordiam,
869 1192 1154 1252 antequam
1198 1182 1447 1238 haberem
1484 1184 1674 1237 bonam
1706 1185 2051 1240 voluntatem.
2084 1183 2154 1239 Et

558 1272 839 1328 secundum
868 1274 1137 1340 puritatem
1172 1291 1412 1327 manuum
1458 1291 1683 1328 mearum
1712 1276 1952 1329 retribuet
1979 1276 2107 1329 mihi
2133 1292 2152 1330 :

556 1372 615 1419 et
634 1365 929 1419 secundum
974 1366 1259 1435 puritatem
1294 1365 1551 1419 factorum
1591 1381 1831 1421 tneormn
1890 1367 2151 1421 retribuet

557 1456 712 1523 mihi,
736 1457 826 1528 qui
853 1457 1037 1513 tribuit
1062 1458 1191 1512 mihi
1225 1468 1283 1511 ut
1310 1458 1446 1513 bene
1472 1456 1725 1523 facerem,
1757 1456 2035 1513 educendo
2062 1471 2149 1512 me

553 1549 612 1606 in
637 1549 915 1605 latitudine
941 1550 1086 1605 ﬁdei.

626 1640 718 1695 22.
764 1639 911 1713 [vers
941 1641 1057 1713 22.]
1085 1641 1219 1710 Quia
1258 1643 1505 1697 custodivi
1537 1643 1644 1696 vias
1672 1642 1913 1699 Domini:
1943 1652 2001 1699 ut
2027 1643 2148 1699 lati-

556 1732 685 1788 tttdo
716 1733 733 1765 ⁸
766 1732 1024 1788 bonorum
1048 1749 1293 1802 operum,
1324 1750 1444 1804 qua:
1465 1751 1559 1803 per
1589 1734 1745 1788 tidem
1779 1742 1922 1799 sunt,
1943 1742 1999 1790 et
2033 1735 2151 1791 lon-

553 1824 839 1895 ganimitas
860 1824 1240 1893 perseverandi
1271 1835 1651 1895 consequatur.

622 1913 710 1968 25.
760 1911 909 1985 [vers.
949 1912 1064 1985 '23.]
1116 1912 1225 1967 Nec
1260 1915 1413 1982 impie
1436 1914 1567 1982 gessi
1593 1930 1626 1966 a
1679 1912 1783 1967 Deo
1818 1930 1945 1967 meo.
2002 1912 2149 1980 Quo-

551 2004 690 2059 niam
738 2006 761 2036 ²
813 2005 981 2058 omnia
1024 2005 1225 2074 judicia
1279 2006 1390 2065 eius
1434 2005 1488 2058 in
1541 2012 1808 2073 conspectu
1861 2021 1971 2058 meo
2002 2015 2143 2061 sunt.

551 2096 807 2163 Quoniam
856 2099 1029 2151 omnia
1066 2098 1266 2168 judicia
1315 2101 1425 2168 ejus
1495 2114 1514 2152 :
1556 2097 1609 2151 id
1666 2107 1768 2158 est,
1828 2106 1881 2151 et
1931 2099 2147 2166 pra-mia

550 2188 835 2259 iustorum,
867 2196 920 2241 et
951 2203 1136 2257 pinnas
1165 2189 1470 2257 impiorum,
1499 2196 1553 2242 et
1573 2187 1777 2258 ﬂagella
1802 2188 2146 2254 corrigendo-

550 2295 692 2344 rum,
736 2290 790 2335 et
819 2282 1138 2337 lentatioues
1181 2281 1597 2350 probandorum,
1627 2282 1988 2348 perseveranti
2019 2294 2148 2335 con-

549 2374 899 2444 templatione
928 2371 1234 2427 considero.
1282 2371 1349 2425 Et
1370 2372 1600 2443 justitias
1638 2372 1750 2442 ejus
1777 2389 1877 2425 non
1914 2370 2081 2441 repuli
2114 2389 2148 2426 a

550 2481 668 2520 me:
696 2463 838 2535 quod
887 2464 1086 2518 faciunt
1125 2464 1437 2519 deﬁcientes
1466 2462 1568 2518 sub
1605 2464 1811 2518 sarcina
1841 2478 2025 2519 earum
2046 2505 2062 2529 ,
2092 2474 2149 2520 et

547 2565 889 2614 revertuntur
916 2556 981 2611 ad
1007 2557 1259 2610 vomitum
1295 2571 1469 2611 suum.

616 2648 708 2704 2ι.
737 2647 803 2703 Et
831 2664 915 2702 ero
942 2648 1298 2703 inmaculatus
1325 2663 1437 2701 cum
1461 2663 1521 2701 eo
1553 2688 1571 2713 ,
1597 2655 1643 2701 et
1669 2646 1939 2702 observabo
1967 2664 2049 2703 me
2074 2648 2141 2704 ab

548 2741 811 2810 iniquitate
838 2758 967 2795 mea.

621 2831 714 2886 25.
746 2830 897 2905 [vers.
926 2829 1043 2903 9.3.]
1069 2828 1136 2885 Et
1157 2830 1397 2884 retribuet
1441 2829 1569 2883 mihi
1594 2828 1841 2884 Dominus
1868 2829 2144 2884 secundum

545 2924 794 2996 iustitiam
810 2940 973 2977 meam
998 2938 1015 2976 :
1038 2923 1213 2989 itaque
1237 2936 1339 2974 nou
1368 2921 1537 2973 solum
1570 2928 1790 2990 propter
1809 2918 2141 2976 latitudinem

554 3014 703 3080 ﬁdei,
731 3030 851 3084 quae
864 3031 970 3083 per
993 3014 1333 3069 dilectionem
1350 3022 1605 3080 operatur
1636 3009 1776 3077 (Gal.
1816 3027 1870 3077 ν,
1925 3011 2019 3079 6),
2047 3012 2143 3066 sed

546 3109 708 3165 etiam
737 3118 954 3177 propter
982 3107 1361 3176 longitudinem
1412 3101 1822 3173 perseverantixe
1841 3142 1857 3167 ,
1888 3104 2144 3158 retribuet

546 3200 679 3257 mihi
713 3200 967 3254 Dominus
1007 3197 1298 3253 secundum
1326 3195 1585 3264 justitiam
1636 3208 1830 3248 meam.
1868 3191 1936 3247 Et
1961 3211 2144 3250 secun-

549 3289 675 3344 dum
712 3290 979 3359 puritatem
1010 3304 1249 3341 manuum
1289 3301 1513 3340 mearum
1558 3284 1611 3338 in
1655 3294 1926 3353 conspectu
1968 3286 2143 3340 oculo-

548 3399 664 3436 rum
679 3382 823 3448 eius:
844 3396 946 3434 non
967 3379 1107 3449 quod
1127 3378 1148 3409 ⁸
1179 3378 1420 3432 homines
1441 3375 1639 3435 vident,
1658 3376 1753 3430 sed
1782 3375 1833 3429 in
1853 3387 2141 3444 conspectu

547 3475 826 3531 oculorum
870 3473 1006 3540 ejus.
1044 3473 1305 3536 Quoniam
1358 3484 1477 3538 qua:
1520 3468 1800 3534 videntur,
1833 3468 2144 3538 temporalia

514 3573 710 3629 rsuut;
759 3579 879 3634 qum
905 3570 1083 3617 autem
1130 3575 1234 3615 non
1262 3559 1527 3627 videntur,
1556 3570 1755 3615 asterua
1800 3559 1871 3631 (ιι
1900 3558 2019 3615 Cor.
2046 3574 2137 3628 iv,

551 3654 646 3725 18)
668 3672 683 3708 :
706 3669 814 3725 quo
848 3653 1073 3723 pertinet
1120 3650 1341 3705 altitudo
1375 3650 1508 3720 spei.

621 3744 714 3801 26.
744 3742 910 3818 [vers.
951 3741 1073 3815 '26.]
1106 3745 1231 3796 Cum
1258 3751 1433 3798 sancto
1477 3754 1684 3796 sanctus
1706 3741 1804 3796 eris
1834 3756 1854 3796 :
1874 3749 1957 3795 est
1979 3741 2140 3797 etiam

548 3839 758 3895 occulta
808 3834 1176 3906 profunditas,
1233 3851 1333 3901 qua
1404 3833 1741 3904 iutelligerisc
1779 3848 1899 3888 cum
1953 3842 2139 3889 szmcto

548 3940 787 3991 sanctus,
831 3927 952 3999 quia
999 3937 1054 3980 tu
1105 3925 1423 3980 sanctilicas.
1466 3922 1537 3978 Et
1583 3940 1696 3978 cum
1730 3924 1836 3978 viro
1874 3922 2143 3979 innocente

548 4019 789 4075 innocens
839 4019 939 4071 eris
968 4033 989 4072 :
1013 4018 1135 4086 quia
1158 4026 1211 4070 tu
1236 4016 1366 4070 nulli
1397 4029 1579 4075 noces.
1603 4015 1696 4071 sed
1720 4016 1989 4071 criniculis
2011 4032 2139 4086 pec-

546 4125 789 4170 catorum
844 4126 1065 4167 suorum
1092 4109 1480 4179 unusquisque
1520 4106 1903 4179 constringitur
1937 4105 2136 4179 (Prov.

546 4221 608 4272 v,
636 4206 765 4276 22).

622 4297 715 4354 27.
763 4296 915 4369 [vers.
938 4292 1056 4366 27.]
1082 4291 1150 4346 Et
1175 4309 1289 4346 cum
1324 4293 1484 4347 electo
1517 4290 1701 4345 electus
1726 4291 1823 4344 eris
1856 4306 1877 4344 :
1902 4298 1958 4345 et
1983 4290 2051 4342 ab
2074 4306 2140 4345 eo

549 4404 711 4462 quem
765 4388 956 4460 eligis,
1007 4385 1242 4457 ebgeris.
1296 4382 1365 4438 Et
1412 4399 1525 4438 rum
1586 4398 1816 4453 perverso
1880 4398 2140 4453 pervorsus

552 4481 652 4538 eris
676 4480 823 4551 (11)":
853 4490 907 4534 et
927 4493 1046 4532 cum
1063 4491 1311 4546 perverso
1328 4472 1524 4528 videris
1552 4488 1829 4540 perversos
1853 4489 1866 4524 :
1889 4473 2138 4542 quoniam

558 4574 762 4632 dicunt.
799 4569 917 4625 Non
954 4578 1026 4622 est
1052 4577 1189 4620 recta
1218 4566 1297 4619 via
1339 4564 1543 4618 Domini
1571 4561 1787 4633 (Eucti.
1818 4578 1965 4628 svnt,
1992 4562 2135 4633 25):

552 4674 607 4720 et
630 4664 862 4732 ipsorum
888 4660 965 4712 vis
1000 4675 1103 4711 non
1134 4667 1212 4709 est
1244 4666 1405 4710 recta.

624 4752 718 4808 28.
742 4750 892 4824 [uers.
917 4747 1034 4820 ‘28.]
1064 4747 1310 4812 Quoniam
1342 4755 1395 4797 tu
1424 4744 1664 4812 populum
1685 4742 1921 4796 humilem
1944 4742 2140 4797 salvum

557 4844 726 4916 (acies.
758 4842 869 4896 lloc
897 4852 1071 4894 autem
1101 4852 1407 4908 perversum
1441 4834 1651 4889 videtur
1683 4835 1964 4903 perversis,
1996 4837 2136 4901 quod

555 4934 873 4989 conﬁtentes
900 4939 1110 5000 peccata
1136 4945 1228 4983 sua
1260 4928 1436 4983 salvos
1473 4926 1656 4981 facies.
1684 4923 1753 4979 Et
1779 4925 1949 4980 oculos
1968 4942 2139 4995 snper-

557 5025 731 5079 borum
789 5021 1077 5097 Immiiiabis
1110 5035 1128 5073 :
1181 5022 1485 5087 ignorantes
1527 5024 1702 5072 autem
1736 5016 1825 5071 Dei
1855 5017 2132 5086 justitiam,

556 5128 612 5174 et
639 5130 790 5171 suam
829 5114 1067 5168 volentes
1103 5115 1427 5167 constituere
1451 5108 1471 5182 (
1492 5107 1642 5163 Rom.
1671 5124 1727 5173 χ,
1748 5105 1860 5180 5),
1886 5106 2134 5163 humilia-

554 5208 662 5263 bis.

597 5296 690 5352 29.
708 5296 860 5370 [vers.
872 5291 988 5366 29.]
1013 5292 1261 5362 Quoniam
1279 5301 1332 5347 tu
1352 5289 1660 5347 illaminabis
1677 5289 1931 5345 lucernam
1951 5307 2132 5360 meam,

620 5430 639 5463 ι
663 5431 916 5480 πωρρίπι
942 5436 1066 5485 Mss,
1099 5431 1158 5478 Ut
1174 5425 1489 5477 tutitudiuem.

619 5493 641 5523 ⁸
667 5499 712 5540 ιη
737 5492 867 5548 edd.,
893 5488 1200 5549 οιιοιή.·.ιη....
1217 5495 1323 5538 sum
1345 5501 1396 5537 se
1415 5500 1532 5550 "per
1554 5498 1573 5537 :
1595 5498 1706 5550 quae
1728 5498 1844 5546 vox,
1884 5498 2090 5550 semper,
2105 5499 2135 5537 a

555 5551 769 5605 melioris
788 5561 914 5601 notae
941 5561 1041 5600 \tss.
1070 5559 1120 5599 et
1143 5565 1169 5598 a
1189 5558 1350 5599 Graeco
1372 5549 1524 5597 abest.

621 5616 801 5678 ξων..
830 5623 916 5661 Yon
940 5626 1046 5673 quo.
1072 5612 1242 5660 Cmteri
1259 5610 1386 5664 libri,
1412 5618 1503 5657 non
1526 5607 1671 5678 quod.
1692 5676 1699 5678 _
1763 5666 1776 5678 ο

620 5676 644 5706 ⁸
671 5670 824 5735 I‘rzeei]
842 5679 891 5722 ui
922 5670 1042 5735 νει,
1070 5679 1120 5722 Et
1145 5685 1251 5735 cum
1276 5683 1493 5735 perverso
1515 5670 1813 5735 subveneris.

622 5736 699 5799 (it)
719 5730 846 5784 Idem
865 5749 991 5799 vers.
1018 5733 1074 5785 27
1099 5730 1365 5798 εκμιαιιυι·
1389 5733 1437 5782 in
1456 5736 1587 5782 Enar.
1616 5730 1736 5782 Psal.
1762 5743 1889 5792 Iuv,
1906 5742 1955 5779 n.
1983 5732 2057 5794 l7,
2082 5739 2134 5785 et

559 5796 681 5849 πάι.
706 5809 854 5857 uxn,
875 5809 925 5846 ιι.
948 5796 996 5848 7.

2265 446 2535 545 Dominae
2555 454 2802 524 quoniam
2830 472 2936 513 non
2962 467 3046 516 est
3070 458 3250 519 lumen
3292 474 3529 524 nostrum
3552 485 3614 528 es
3640 476 3799 545 nobis;

2264 539 2355 594 sed
2400 550 2453 595 tu
2481 543 2804 601 illuminabis
2849 548 3117 606 lucernam
3173 566 3368 621 meam,
3413 556 3645 617 Domine.
3694 539 3803 626 Dan

2262 646 2422 693 meus,
2450 632 2760 691 illuminabis
2804 638 3033 694 tenebras
3077 657 3212 696 meas
3241 658 3262 697 :
3290 659 3387 701 nos
3424 648 3564 702 enim
3613 658 3803 721 peccatis

2264 723 2467 779 DOSlris
2495 727 2730 782 tenebrae
2768 744 2985 798 smnus;
3010 731 3126 798 sed,
3159 733 3303 792 Deus
3326 752 3498 805 meus,
3525 739 3803 803 illuminabis

2263 814 2510 870 tenebras
2539 833 2703 874 meas.

2331 905 2420 960 50.
2452 904 2602 979 [vers.
2641 907 2755 982 50.]
2789 910 3042 978 Quoniam
3085 932 3118 968 a
3168 926 3217 971 te
3262 934 3419 973 eruar
3456 937 3490 975 a
3532 926 3807 983 tentatioue:

2260 997 2508 1062 quoniam
2532 1013 2635 1052 nou
2663 1015 2694 1054 a
2723 1016 2827 1063 me,
2855 1001 2948 1056 sed
2975 1018 3005 1058 a
3038 1014 3089 1058 te
3107 1021 3265 1061 eruar
3291 1022 3321 1061 a
3365 1013 3663 1069 tentatioue.
3690 1014 3743 1070 Et
3767 1022 3805 1071 in

2260 1087 2369 1143 Deo
2415 1106 2523 1145 meo
2570 1093 2913 1162 transgredior
2950 1111 3148 1152 murum
3177 1115 3197 1153 :
3234 1109 3289 1155 et
3313 1117 3416 1157 non
3442 1103 3493 1158 in
3525 1120 3625 1169 me,
3650 1110 3731 1162 sul
3769 1114 3805 1164 in

2261 1178 2369 1234 Deo
2400 1196 2518 1234 meo
2539 1182 2919 1253 transgreditur
2949 1199 3161 1242 murum
3186 1230 3202 1254 ,
3229 1206 3386 1258 quem
3417 1193 3555 1249 inter
3606 1195 3805 1254 homines

2256 1278 2313 1325 et
2336 1272 2606 1327 cmlestem
2645 1273 2939 1329 Jerusalem
2970 1289 3183 1349 perusta
3213 1293 3518 1338 erexerunt.

2329 1365 2418 1418 51.
2449 1361 2598 1436 [vers.
2626 1364 2740 1439 3].]
2766 1366 2903 1425 Deus
2931 1386 3090 1437 meus,
3137 1372 3461 1429 immaculata
3488 1387 3561 1431 est
3589 1378 3662 1431 via
3676 1380 3767 1443 eius
3791 1397 3805 1434 :

2259 1451 2399 1509 Deus
2426 1470 2576 1511 meus
2618 1472 2722 1512 non
2748 1462 2897 1516 venit
2921 1462 2975 1517 in
3030 1462 3292 1529 homines,
3339 1467 3439 1522 uisi
3467 1470 3805 1529 mandaverint

2258 1544 2395 1598 viam
2429 1546 2546 1600 ﬁdei
2575 1563 2679 1617 qua
2710 1550 2886 1604 veniat
2934 1551 3002 1606 ad
3044 1567 3175 1619 eos;
3219 1555 3341 1623 quia
3398 1556 3719 1615 immaculata
3743 1572 3807 1618 est

2255 1635 2337 1689 via
2360 1635 2491 1704 ejus.
2524 1634 2747 1708 Eloquia
2778 1638 2980 1695 Domini
2999 1642 3118 1713 igne
3139 1646 3426 1700 examinata
3455 1662 3476 1701 :
3500 1649 3694 1719 ehrquia
3718 1650 3802 1705 Do-

2253 1726 2380 1780 mini
2417 1727 2537 1797 igne
2585 1729 2939 1786 tribulationis
2987 1733 3297 1802 probantur.
3339 1734 3603 1792 Protector
3627 1751 3693 1794 est
3717 1757 3804 1794 om-

2254 1815 2394 1869 nium
2434 1819 2746 1887 sperantium
2789 1821 2842 1875 in
2865 1837 2922 1875 se
2947 1837 2967 1875 :
2989 1834 3045 1878 et
3070 1839 3260 1879 omnes
3286 1826 3374 1896 qui
3407 1843 3513 1882 non
3538 1829 3591 1883 in
3628 1830 3802 1900 seipsis,
3831 1832 3855 1883 δ

2253 1908 2346 1962 sed
2384 1908 2434 1960 iu
2473 1909 2566 1963 illo
2595 1921 2835 1979 sperant,
2881 1913 3069 1970 eadem
3119 1916 3465 1975 tribulatione
3495 1934 3600 1975 non
3643 1934 3805 1978 consu-

2253 2010 2503 2061 muntur:
2533 2017 2658 2071 spes
2677 2005 2818 2057 enim
2846 2007 3086 2077 sequitur
3115 2009 3293 2064 ﬁdem.

2324 2091 2409 2145 52.
2436 2089 2586 2163 [vers.
2602 2092 2716 2165 32.]
2739 2094 2988 2159 Quoniam
3015 2098 3128 2165 quis
3148 2097 3303 2160 Deus,
3328 2111 3514 2170 praeter
3533 2102 3803 2160 Dominum?

2252 2185 2334 2239 cui
2365 2190 2643 2239 servimus.
2678 2185 2745 2240 Et
2771 2190 2882 2253 quis
2920 2188 3054 2244 Deus
3081 2204 3266 2261 printer
3290 2191 3454 2248 Deum
3491 2207 3704 2251 nostrum
3722 2198 3744 2251 .’
3763 2207 3805 2253 et

2252 2276 2370 2344 quis
2413 2276 2552 2331 Deus
2594 2287 2786 2343 pra-ter
2831 2278 3132 2345 Dominum,
3165 2299 3322 2351 quem
3347 2294 3468 2354 post
3491 2285 3672 2342 bonam
3715 2303 3804 2344 sero

2252 2366 2493 2427 vitutem.
2523 2378 2772 2439 tauquam
2814 2369 3180 2428 haereditatem
3223 2385 3494 2445 speratam
3536 2376 3627 2433 ﬁlii
3653 2380 3795 2449 possi-

2251 2456 2496 2514 debimus
2509 2459 2534 2514 τ

2321 2549 2408 2605 55.
2443 2548 2593 2623 [vers.
2622 2550 2746 2625 33.]
2775 2551 2912 2608 Deus
2937 2555 3025 2625 qui
3056 2557 3322 2626 pracinxit
3344 2575 3427 2614 me
3446 2561 3622 2616 virtute
3647 2578 3667 2616 :
3690 2561 3804 2618 Deus

2249 2640 2337 2710 qui
2366 2655 2453 2695 me
2497 2642 2773 2710 praecinxit
2815 2654 2873 2698 ut
2899 2643 3052 2701 fortis
3073 2647 3197 2711 sim,
3256 2663 3326 2704 ue
3353 2648 3653 2708 difﬂuentes
3684 2653 3803 2709 sinus

2248 2730 2553 2799 cupiditatis
2576 2733 2866 2804 impediant
2909 2751 3073 2808 opera
3113 2745 3167 2792 et
3205 2753 3421 2809 gressus
3450 2756 3615 2798 meos.
3644 2740 3704 2797 Et
3728 2758 3803 2812 po-

2247 2821 2348 2875 suit
2379 2823 2759 2879 immaculatam
2784 2826 2916 2881 viam
2953 2837 3229 2885 meanuet
3247 2831 3426 2900 posuit
3451 2832 3801 2889 immaculatam

2248 2913 2386 2966 viam
2414 2916 2711 2982 cbaritatis,
2741 2932 2843 2985 qua
2871 2917 2936 2972 ad
2960 2918 3108 2974 illum
3136 2921 3345 2977 veniam
3362 2962 3380 2988 ,
3406 2923 3547 2980 sicut
3573 2924 3796 2981 immacu-

2249 3001 2352 3056 lata
2379 3015 2460 3058 est
2485 3003 2627 3068 ﬁdei,
2650 3020 2752 3075 qua
2779 3008 2917 3061 venit
2943 3007 3009 3062 ad
3031 3025 3136 3065 me.

2318 3094 2407 3149 54.
2446 3093 2608 3168 [vers.
2637 3095 2766 3170 δι]
2819 3098 2919 3166 Qui
2964 3101 3174 3170 perfecit
3220 3102 3371 3171 pedes
3419 3120 3559 3160 meos
3598 3114 3800 3178 tanquam

2247 3186 2380 3237 cervi
2409 3199 2428 3239 :
2455 3187 2542 3255 qui
2562 3187 2787 3254 perfecit
2810 3204 3049 3246 amorem
3080 3207 3281 3259 meum,
3310 3192 3378 3247 ad
3408 3194 3795 3251 transcendends

2247 3274 2461 3343 spinosa
2485 3285 2540 3331 et
2584 3277 2833 3334 umbrosa
2876 3280 3266 3351 implicameuta
3313 3283 3473 3352 hujus
3522 3287 3706 3343 seculi.
3747 3284 3798 3340 Et

2246 3383 2399 3438 super
2425 3370 2621 3424 excelsa
2665 3380 2847 3427 statuet
2884 3390 2965 3428 me
2990 3389 3011 3429 :
3051 3383 3107 3431 et
3134 3390 3296 3447 super
3321 3379 3599 3435 cmlestem
3626 3378 3796 3433 habita-

2247 3457 2445 3513 tionem
2489 3458 2616 3532 ﬁget
2662 3462 3010 3520 intentionem
3050 3481 3223 3523 meam
3248 3508 3265 3533 ,
3296 3478 3353 3523 ut
3381 3469 3604 3541 implear
3629 3471 3677 3527 in
3701 3483 3797 3526 out-

2246 3562 2370 3604 nem
2401 3549 2782 3618 plenitudinem
2812 3554 2903 3611 Dei
2929 3554 2949 3627 (
2975 3554 3167 3628 Ephes.
3195 3573 3272 3623 ιιι,
3307 3558 3375 3615 i9
3400 3561 3446 3631 ).

2318 3640 2389 3697 55
2441 3641 2590 3713 [νει-ε.
2619 3643 2734 3718 55.]
2764 3644 2864 3713 Qui
2889 3648 3031 3703 docet
3056 3666 3235 3704 atauus
3263 3667 3400 3707 meas
3416 3654 3490 3708 ad
3514 3654 3727 3723 pretium
3746 3653 3793 3707 ιι

2245 3731 2336 3802 qui
2385 3732 2542 3788 docet
2587 3750 2673 3790 me
2714 3737 2929 3805 operari
2975 3738 3043 3793 ad
3092 3741 3425 3811 superandos
3456 3741 3794 3813 inimicos,qtti

2248 3822 2404 3876 nobis
2433 3824 2788 3881 intercludere
2830 3828 3065 3883 omlestia
3109 3845 3272 3901 regna
3317 3844 3596 3890 conantur.
3627 3833 3686 3890 Et
3717 3848 3793 3903 ρο·

2244 3915 2392 3968 suisti
2414 3927 2467 3968 ut
2485 3931 2661 3969 arcum
2687 3931 2874 3971 meum
2899 3918 3105 3973 brachia
3125 3936 3234 3975 mea
3258 3937 3279 3976 :
3297 3933 3349 3976 et
3383 3925 3601 3993 posuisti
3641 3922 3792 3979 infati-

2244 4008 2470 4077 gabilem
2500 4009 2844 4064 intentionem
2875 4011 3132 4067 bonorum
3159 4029 3380 4082 operum
3423 4032 3676 4073 sucorum.

2315 4101 2405 4155 36.
2437 4097 2586 4171 [vers
2643 4099 2758 4175 '56.]
2786 4100 2854 4156 Et
2880 4103 3062 4158 dedisti
3097 4106 3220 4159 milii
3247 4109 3601 4176 protectiouem
3646 4105 3792 4162 salutis

2244 4206 2368 4245 mea:
2392 4192 2413 4223 '
2437 4230 2453 4255 ,
2481 4202 2528 4245 et
2546 4191 2751 4245 dextera
2777 4202 2865 4245 tua
2882 4195 3101 4266 suscepit
3123 4212 3201 4251 me
3220 4212 3240 4251 :
3267 4206 3323 4252 et
3349 4196 3500 4254 favor
3518 4200 3686 4272 gratia:
3710 4206 3790 4250 tua

2244 4281 2476 4350 suscepit
2523 4297 2627 4335 nte.
2678 4281 2745 4335 Et
2771 4283 3043 4353 disciplina
3070 4294 3157 4339 tua
3206 4303 3285 4341 me
3307 4288 3492 4344 direxit
3536 4294 3586 4343 in
3621 4290 3791 4356 ﬁnem:

2244 4386 2298 4427 et
2336 4374 2603 4441 correptio
2642 4383 2729 4428 tua
2776 4390 2861 4428 me
2900 4375 3117 4431 deviare
3144 4394 3249 4433 non
3277 4380 3460 4435 sinens
3503 4379 3700 4442 direxit,
3745 4386 3788 4428 ut

2244 4464 2496 4535 quidquid
2522 4481 2638 4532 ago,
2674 4465 2728 4519 in
2770 4482 2890 4519 eum
2923 4469 3081 4524 ﬁnem
3112 4469 3361 4534 referam,
3402 4490 3508 4542 quo
3529 4474 3789 4527 colla-retur

2245 4557 2357 4611 tibi.
2390 4555 2455 4609 Et
2493 4557 2761 4628 disciplina
2787 4569 2873 4612 tua
2896 4560 3008 4630 ipsa
3046 4578 3125 4615 me
3151 4563 3343 4617 docebit
3368 4581 3388 4618 :
3416 4575 3470 4619 et
3495 4566 3669 4621 eadem
3691 4575 3787 4616 eor-

2242 4647 2415 4715 GCtio
2444 4658 2527 4701 tua
2580 4664 2665 4702 me
2691 4649 2903 4703 docebit
2933 4654 3205 4720 pervenire
3233 4668 3336 4724 quo
3361 4655 3571 4711 direxit.

2322 4737 2411 4793 57.
2451 4734 2596 4808 Iners.
2624 4737 2739 4811 57.]
2780 4740 3013 4795 Dilatasti
3030 4758 3231 4812 gressus
3251 4760 3384 4799 uaeas
3398 4746 3564 4800 subter
3592 4758 3695 4799 me:
3707 4754 3784 4795 nec

2244 4829 2531 4897 impedient
2558 4831 2798 4886 carnales
2832 4836 3126 4902 angustize:
3170 4837 3419 4905 quoniam
3453 4837 3607 4891 latam
3644 4829 3782 4887 ft'cisti

2242 4920 2552 4974 cbzu'itatem
2578 4936 2749 4976 meam
2780 4933 3086 4990 operantem
3120 4924 3379 4990 hilariter,
3407 4927 3563 4982 etiam
3591 4925 3651 4979 de
3672 4920 3778 4991 ipsis

2241 5022 2359 5079 qua:
2388 5010 2570 5065 subter
2617 5026 2702 5065 me
2743 5020 2869 5065 sunt
2909 5014 3219 5069 mortalibus
3269 5016 3428 5072 rebus
3471 5028 3519 5072 et
3545 5011 3795 5071 metubris-

2242 5097 2309 5152 Et
2332 5117 2433 5154 non
2454 5109 2573 5154 sunt
2594 5101 2851 5171 inﬁrmata
2879 5104 3085 5174 vestigia
3106 5122 3216 5160 mea
3242 5123 3260 5160 :
3293 5116 3349 5161 et
3374 5122 3476 5163 non
3506 5118 3622 5162 sunt
3658 5101 3778 5157 inﬁr-

2241 5201 2404 5257 mata,
2435 5192 2547 5246 sive
2591 5192 2777 5247 itinera
2807 5209 2920 5249 inea
2946 5234 2963 5260 ,
2992 5195 3106 5251 sive
3132 5197 3282 5268 signa
3323 5212 3442 5267 qme
3480 5193 3705 5267 impressi
3725 5187 3777 5244 ad

2241 5281 2553 5336 imitandum
2583 5286 2949 5353 sequentibus.

2310 5376 2400 5432 58.
2435 5374 2586 5449 [vers.
2636 5376 2768 5451 58.]
2819 5375 3104 5452 Persequar
3136 5381 3366 5437 inimicos
3399 5397 3551 5446 meos,
3584 5388 3629 5435 et
3668 5389 3777 5431 cout-

2303 5549 2451 5619 fttss.
2475 5548 2591 5619 duo,
2613 5547 2665 5619 in
2694 5548 2938 5611 pristiam.
2970 5549 3056 5601 Alii
3087 5550 3331 5616 plerique,
3368 5552 3421 5605 in
3456 5548 3633 5614 pratia.
3666 5538 3772 5607 Apud

2239 5615 2347 5659 LXX
2376 5617 2453 5659 est
2473 5609 2542 5672 eis
2564 5608 2794 5672 polentam

2305 5673 2325 5702 ²
2347 5673 2420 5720 sic
2444 5670 2591 5719 editio
2607 5678 2714 5719 ων.
2736 5680 2786 5721 et
2809 5670 3027 5723 melioris
3039 5682 3166 5723 notae
3185 5680 3291 5725 stss.
3321 5682 3374 5725 At
3396 5682 3465 5724 Er.
3484 5682 3532 5723 et
3550 5678 3647 5723 octo
3664 5674 3769 5715 Mssa

2241 5730 2406 5802 salutis
2429 5737 2524 5780 tua:
2551 5743 2569 5781 :
2590 5745 2739 5802 quam
2759 5732 3015 5802 legionem
3039 5737 3241 5802 Hebraeo
3277 5737 3570 5802 reSpondere
3602 5733 3771 5783 testam

2245 5794 2572 5857 Hieronymus,
2594 5794 2642 5844 iu
2664 5795 2806 5857 Epist.
2823 5794 2936 5856 533,
2957 5795 3016 5847 ad
