3950 6390
92 356 184 415 153

104 464 384 542 prehendam
404 460 566 517 illos:
605 469 898 528 persequar
938 452 1158 509 allectus
1185 448 1432 506 carnales
1473 458 1656 507 meos,

103 540 190 618 nec
221 558 286 613 ab
323 556 400 611 eis
450 549 901 623 comprehendar;
933 542 1386 616 comprehendam
1436 540 1577 602 illos,
1606 546 1664 592 ut

104 654 444 708 absumantur.
479 643 540 700 Et
567 659 668 697 non
711 649 972 695 convertar
1013 638 1173 692 donec
1196 635 1431 703 deﬁciant
1454 647 1474 686 :
1503 642 1559 687 et
1595 630 1663 683 ab

102 745 188 798 ista
233 738 517 793 intentione
566 749 672 788 non
719 739 1001 786 convertar
1052 726 1119 782 ad
1170 727 1400 797 quietem
1429 765 1443 786 ,
1492 722 1665 777 donec

102 831 325 888 deﬁciant
352 827 442 898 qui
469 824 781 892 obstrepunt
825 820 975 876 mihi.

162 923 241 982 59.
272 920 421 995 [verm
454 918 567 991 39.]
591 908 921 987 Confringam
944 916 1078 973 illas.
1111 928 1200 967 nec
1227 919 1455 982 poterunt
1485 919 1617 962 stare
1644 921 1663 960 :

101 1035 185 1072 nec
207 1014 466 1070 durabunt
486 1011 767 1067 adversum
786 1025 891 1065 me.
905 1007 1096 1063 Cadent
1118 1006 1293 1059 subtus
1314 1002 1464 1073 pedes
1489 1015 1623 1053 meos
1644 1013 1664 1052 :

101 1108 298 1178 deiectis
348 1104 456 1159 illis
478 1143 493 1170 ,
526 1116 828 1174 praeponam
867 1112 1081 1154 amores
1131 1097 1324 1169 quibus
1350 1091 1563 1147 ambulo
1591 1089 1642 1144 in

101 1209 356 1253 ιιιιιιιιιιιιιιι.
1408 1174 1413 1179 ἢ

160 1291 238 1345 t0.
290 1285 443 1361 (vers.
471 1283 606 1357 40.]
638 1284 702 1340 Et
747 1283 1055 1355 prter-intristi
1096 1295 1176 1335 me
1219 1279 1398 1333 virtute
1446 1276 1515 1330 ad
1560 1274 1663 1328 bel-

102 1384 190 1436 lum
219 1396 238 1435 :
271 1389 324 1436 et
346 1379 718 1435 ennstrinsisti
749 1376 962 1434 liuentia
996 1372 1259 1429 desideria
1302 1369 1480 1425 carnis
1532 1382 1665 1422 mea:

103 1477 295 1529 virtute.
345 1486 411 1525 ne
470 1471 526 1525 in
573 1469 662 1524 tali
702 1483 874 1537 ptigna
933 1464 1274 1535 pra-peditur.
1309 1458 1666 1531 Supplantasti

102 1568 386 1635 insurgentes
406 1565 463 1616 in
493 1578 573 1616 me
594 1562 762 1616 subter
786 1576 866 1615 me
885 1576 904 1614 :
933 1558 1104 1625 decipi
1133 1555 1303 1612 fecisti
1348 1569 1442 1608 eos
1463 1552 1552 1623 qui
1580 1565 1667 1606 me

105 1656 516 1727 insequebantur,
577 1663 635 1709 ut
664 1653 850 1708 subter
896 1666 982 1707 me
1028 1648 1217 1705 ﬁerent
1254 1646 1345 1717 qui
1395 1658 1555 1715 super
1582 1657 1668 1699 me

105 1765 207 1806 esse
224 1747 527 1817 cupiebant.

76 1828 99 1873 ⁸
163 1840 244 1896 bl.
274 1837 424 1912 [uers.
470 1835 608 1910 4L]
638 1834 707 1889 Et
733 1834 965 1888 inimicos
1006 1847 1145 1885 meos
1186 1827 1369 1907 dedisti
1393 1824 1519 1879 mihi
1544 1824 1668 1878 dor-

107 1949 201 1987 sum
222 1947 241 1984 :
263 1938 313 1985 et
353 1928 606 1985 inimicos
647 1941 794 1983 meus
841 1923 1147 1980 convertisti
1171 1964 1187 1987 ,
1212 1928 1266 1977 et
1293 1919 1511 1975 dorsum
1542 1915 1671 1971 mihi

107 2037 316 2078 eosesse
344 2020 543 2084 fecisti,
591 2019 640 2072 id
689 2027 790 2082 cst,
818 2025 875 2071 ut
909 2022 1262 2086 sequerentur
1303 2026 1409 2066 me.
1445 2008 1513 2064 Et
1555 2008 1672 2063 odio

109 2114 316 2167 liabeutes
340 2127 421 2165 me
447 2107 799 2179 disperdidisti
842 2122 863 2161 :
894 2106 1028 2162 alios
1056 2112 1231 2160 autem
1280 2116 1464 2157 eorum
1502 2099 1589 2171 qui
1618 2098 1671 2153 iu

110 2204 214 2260 odio
240 2202 685 2272 perduraret-unt,
713 2196 1103 2268 disperdidisti.

169 2293 249 2350 42.
273 2292 419 2367 (vers.
448 2290 573 2365 42.]
601 2289 987 2354 Clamarerunt,
1004 2304 1094 2342 nec
1118 2294 1227 2341 erat
1246 2285 1332 2355 qui
1355 2283 1520 2338 salvos
1540 2286 1678 2355 face-

110 2396 208 2441 ret:
237 2385 349 2454 quis
391 2383 544 2438 enim
584 2383 758 2436 salvos
786 2379 986 2436 faceret
1007 2420 1024 2445 ,
1052 2392 1188 2448 quos
1216 2385 1273 2432 tu
1299 2390 1405 2431 non
1430 2372 1634 2428 faceres
1651 2372 1678 2426 ἲ

112 2477 180 2532 Ad
196 2475 479 2539 Dominum,
506 2490 596 2528 nec
617 2471 870 2527 exaudivit
891 2486 976 2525 eos
1004 2484 1023 2524 :
1049 2483 1148 2524 nec
1166 2466 1231 2521 ad
1253 2464 1558 2535 quemlibet.
1583 2462 1677 2517 sed

113 2568 168 2623 ad
204 2567 477 2622 Dominum
539 2565 934 2626 clamaverunt;
967 2574 1067 2616 nec
1104 2556 1447 2615 exauditioue
1495 2555 1683 2626 dignos

113 2661 337 2733 iudicavit
363 2675 471 2715 non
500 2657 815 2713 recedentes
837 2670 867 2709 a
892 2653 1091 2709 malitia
1115 2667 1230 2707 sua.

179 2752 262 2808 45.
313 2749 474 2824 [vers.
526 2746 641 2821 43.]
689 2747 756 2802 Et
805 2745 1145 2800 comminuam
1181 2740 1298 2796 illos
1330 2748 1387 2794 ut
1429 2736 1685 2811 pulverem

116 2853 216 2897 ante
237 2843 254 2874 ί
285 2841 465 2913 [aciem
493 2838 626 2895 uenti
670 2852 690 2894 :
714 2848 771 2895 et
795 2835 1154 2892 comminuam
1198 2832 1350 2897 illos;
1379 2830 1515 2884 aridi
1540 2829 1682 2883 enim

119 2945 241 2999 sunt.
274 2951 374 2991 non
430 2932 760 3004 recipientes
799 2927 1025 2984 imbrem
1055 2922 1434 2982 misericordia:
1463 2920 1556 2976 Dei
1584 2936 1599 2971 :
1629 2926 1687 2975 ut

121 3029 224 3083 elati
239 3038 390 3099 atque
411 3025 586 3083 inﬂati
612 3022 881 3095 superbia,
908 3035 939 3075 a
966 3034 1063 3090 spe
1083 3016 1233 3073 lirnia
1249 3028 1304 3072 et
1335 3016 1647 3071 inconcussa
1665 3051 1683 3076 ,

122 3132 166 3173 et
189 3130 427 3190 tanquam
449 3135 483 3172 τι
517 3127 673 3173 terrm
702 3114 969 3171 soliditate
990 3119 1046 3166 et
1066 3107 1358 3165 stabilitate
1384 3107 1679 3176 rapiantur.

128 3210 182 3265 ω
204 3213 351 3265 totum
383 3211 671 3282 platearum
709 3204 882 3261 delebo
912 3220 998 3259 eos
1021 3219 1041 3258 :
1069 3217 1162 3272 per
1188 3201 1323 3255 latas
1364 3214 1497 3269 quas
1534 3196 1688 3251 multi

124 3304 370 3360 ambulant
398 3300 719 3374 perditionis
733 3299 865 3366 vias,
890 3297 1223 3353 luxuriantes
1246 3304 1299 3350 et
1326 3293 1561 3348 lubricos
1586 3290 1687 3347 de-

126 3392 225 3450 lebo
246 3408 354 3451 eos.

182 3486 261 3542 Η.
286 3486 431 3560 (um.
460 3483 585 3558 ιι]
607 3481 771 3538 Erues
796 3497 874 3537 me
888 3481 952 3535 de
973 3476 1448 3535 contradictionibus
1476 3473 1691 3544 pepuli:

128 3594 263 3635 erues
288 3595 373 3635 me
398 3578 470 3635 de
499 3573 1015 3632 contradictionibus
1057 3585 1242 3628 eorum
1272 3568 1360 3639 qui
1391 3567 1645 3622 dixerunt
1673 3581 1689 3620 :

130 3667 183 3724 Si
202 3670 531 3725 dimiserimus
565 3683 680 3722 eum
704 3668 762 3733 ³,
799 3680 946 3722 omne
979 3662 1221 3720 swculum
1268 3668 1381 3731 post
1405 3657 1553 3713 illum
1601 3654 1693 3710 ibit

130 3757 286 3829 (locu.
306 3778 384 3827 ιι.
413 3761 489 3818 ιε
514 3760 554 3831 ).

188 3853 268 3909 45.
295 3852 442 3927 [sers.
461 3851 583 3925 b5]
594 3849 875 3907 Constitues
891 3864 971 3903 me
995 3847 1048 3901 in
1068 3854 1221 3916 caput
1238 3842 1491 3899 Gentium.
1515 3839 1694 3909 Popu-

132 3944 197 4000 lus
214 3962 349 4016 quem
384 3963 492 4002 non
513 3944 720 4016 cognovi
744 3943 941 3997 servivit
962 3940 1087 3993 mihi
1130 3955 1150 3992 :
1190 3935 1420 4007 populus
1447 3934 1696 3990 Gentium

132 4050 269 4105 quem
296 4038 568 4107 corporali
599 4051 661 4103 pr
676 4035 875 4089 rscntia
905 4048 1010 4086 non
1032 4031 1261 4095 visuavi,
1285 4027 1500 4084 servivit
1521 4025 1669 4081 mihi.

134 4122 188 4180 In
203 4128 430 4181 obauditu
453 4127 601 4181 auris
624 4123 836 4179 obedioit
864 4122 984 4177 milii
1013 4137 1032 4176 :
1057 4135 1226 4191 neque
1245 4118 1411 4174 oculis
1427 4133 1511 4172 Inc
1532 4114 1697 4179 vidit;

132 4215 213 4269 sed
238 4218 499 4287 recipiens
539 4214 915 4287 pra-dicatures
953 4227 1126 4274 meos,
1174 4211 1227 4265 in
1263 4209 1512 4265 obauditu
1557 4204 1702 4260 auris

133 4304 341 4361 ohcdivit
362 4306 516 4362 mihi.

193 4395 561 4470 46.[rers.t6.]
579 4396 701 4451 Filii
721 4395 875 4450 alieni
906 4395 1100 4450 mentiti
1124 4403 1241 4449 sunt
1274 4394 1398 4448 mihi
1422 4408 1441 4447 :
1472 4390 1565 4447 lilii
1596 4405 1702 4446 non

138 4488 226 4542 mei
243 4488 468 4554 dicendi,
488 4488 584 4544 sed
606 4488 779 4557 potius
804 4487 984 4553 alieni,
1001 4485 1195 4557 quibus
1223 4484 1588 4547 rectedicitur,
1604 4480 1706 4536 Vos

140 4592 194 4631 es
230 4592 363 4647 patre
384 4579 587 4634 diabolo
614 4580 731 4634 estis
759 4576 871 4647 (ld.
900 4593 1014 4645 vui,
1044 4578 1156 4648 Μ).
1175 4574 1379 4632 mentiti
1398 4584 1523 4630 sunt
1551 4571 1702 4628 mihi.

141 4664 251 4723 Filii
267 4672 416 4725 alieni
434 4673 832 4726 inveteraverunt
861 4685 880 4725 :
903 4668 996 4723 lilii
1026 4668 1208 4733 alieni,
1232 4666 1430 4738 quibus
1460 4673 1518 4721 ut
1539 4678 1704 4721 reno-

142 4771 373 4817 varentur
423 4761 630 4817 Novum
669 4760 1071 4816 Testamentum
1116 4744 1288 4825 attuli,
1316 4759 1370 4813 in
1399 4767 1580 4812 vetere
1610 4754 1709 4813 lto-

144 4853 270 4907 utine
292 4862 676 4911 remanserunt.
712 4850 776 4907 Et
804 4851 1214 4908 claudicaverunt
1240 4867 1274 4904 a
1301 4849 1493 4904 semitis
1544 4848 1651 4903 suis
1680 4865 1695 4902 :

145 4952 190 4995 ιιι
225 4952 464 5016 tanquam
506 4961 611 5001 uno
644 4944 777 5015 pede
805 4944 1028 5009 debiles,
1060 4943 1181 5013 quia
1233 4940 1400 4996 Vetus
1441 4948 1705 5007 tenentes,

148 5030 332 5089 Nurum
351 5037 755 5093 Testamentum
782 5043 1123 5106 respuerant,
1153 5032 1327 5089 claudi
1356 5031 1530 5089 eliecti
1559 5040 1703 5099 sunt,

148 5124 365 5180 etiamin
397 5130 510 5198 ipsa
530 5139 713 5184 vetere
751 5128 892 5197 Lege
931 5126 1108 5197 potius
1136 5124 1449 5180 traditiones
1471 5137 1595 5179 suas
1621 5137 1710 5181 se-

150 5228 375 5284 quentes,
406 5236 562 5291 quam
603 5221 728 5285 Dei;
757 5218 1227 5276 calumniabantur
1250 5217 1394 5273 enim
1436 5216 1503 5271 de
1531 5217 1707 5272 mani-

153 5306 236 5360 bus
281 5326 383 5366 non
430 5313 548 5370 lotis
578 5311 804 5387 (Matth.
827 5329 915 5377 xv,
941 5310 1046 5385 Ξ),
1094 5311 1216 5381 quia
1255 5310 1388 5364 tales
1428 5318 1581 5365 erant
1624 5324 1711 5367 se-

155 5399 279 5451 mitae
306 5417 439 5471 quas
485 5404 583 5473 ipsi
633 5404 866 5459 fecerant
910 5410 966 5457 et
1015 5399 1400 5457 consuetudine
1433 5399 1707 5467 triverant,

156 5487 432 5547 aberrando
463 5495 529 5549 ab
551 5495 828 5552 itineribus
855 5504 1243 5566 praeceptorum
1275 5490 1389 5548 Dei.

212 5667 233 5758 ἒ
251 5668 1123 5758 enemies-aestuum

251 5736 294 5777 tn
318 5731 557 5798 (lorisque
592 5729 719 5797 uss,
750 5729 803 5785 si
838 5729 1165 5784 diviserimus
1195 5741 1310 5782 eum
1352 5729 1707 5793 mammu-

159 5782 372 5852 ιυιιιυὼ.

1192 328 1590 394 ENARRATlO
1624 325 1693 383 IN
1729 323 2048 387 PSALMUM
2083 328 2269 387 XVIII.

1843 347 2047 387 thUJl
2083 347 2269 387 tum.
3249 347 3356 409 154

1843 445 1932 500 Π.
1959 444 2109 518 (vers.
2160 447 2276 523 η]
2306 448 2438 506 Vivit
2495 450 2784 521 Dominus,
2814 461 2863 512 et
2898 456 3186 518 benedictus
3205 462 3348 523 Deus

1769 553 1909 591 meus
1932 552 1952 592 :
1992 540 2286 595 secundum
2323 557 2539 599 carnem
2579 555 2756 602 autem
2803 563 3028 621 sapere.
3074 569 3221 610 mors
3265 566 3353 614 est

1769 629 1964 697 (Rom.
1991 648 2102 693 vui.
2132 633 2228 703 6);
2278 636 2405 691 vivit
2427 638 2568 693 enim
2616 639 2892 710 Dominus,
2943 656 2998 701 et
3042 647 3355 710 benedictus

1770 722 1909 777 Deus
1951 741 2121 781 meus.
2168 725 2230 780 Et
2253 727 2500 784 exaltetur
2535 729 2668 787 Deus
2691 735 2869 791 salutis
2912 754 3036 794 mea:
3072 756 3094 796 :
3144 752 3201 797 et
3244 761 3350 803 non

1684 888 1687 891 _
1770 823 1979 871 terrena
2013 818 2398 874 consuetudine
2436 821 2504 876 de
2526 822 2634 877 Deo
2679 826 2864 881 salutis
2905 846 3039 885 mea:
3085 838 3348 904 sentiam;

1770 921 1868 961 nec
1910 916 2177 963 terrenam
2206 909 2371 979 ipsam
2428 911 2678 981 salutem,
2709 915 2804 971 sed
2849 917 2902 973 in
2931 921 3148 979 excelso
3170 924 3239 981 de
3263 926 3354 983 illo

1769 1010 2000 1067 Spercm.

1840 1086 1928 1142 48.
1962 1086 2122 1160 [oers.
2148 1088 2274 1163 i8.]
2307 1090 2442 1149 Deus
2467 1094 2553 1160 qui
2570 1095 2664 1150 das
2692 1098 2937 1155 vindictas
2962 1104 3107 1168 mihi.
3155 1116 3202 1162 et
3225 1114 3351 1164 sub-

1769 1177 1850 1232 dis
1876 1180 2091 1249 papulas
2115 1181 2206 1234 sub
2235 1199 2315 1237 me
2336 1199 2356 1238 :
2389 1184 2529 1242 Deus
2556 1189 2646 1257 qui
2673 1190 2915 1249 vindicas
2935 1210 3041 1263 me,
3071 1199 3352 1260 subdentlo

1770 1271 1993 1338 popnlOs
2022 1272 2122 1326 sub
2148 1288 2233 1327 me
2300 1272 2561 1331 Liberator
2588 1294 2728 1335 meus
2773 1282 2838 1336 de
2860 1283 3116 1343 inimicis'
3147 1293 3353 1350 iracun-

1769 1360 1898 1506 ἵξις
1924 1361 2295 1464 clamantibus,
2327 1366 2596 1440 Cruci/iga,
2624 1373 2867 1444 cruciﬁge
2887 1374 3067 1447 (Joan.
3099 1395 3215 1448 six,
3249 1386 3348 1455 6),

1839 1469 1988 1505 rcis.

1842 1544 1912 1600 49
1963 1543 2093 1617 [vers
2138 1545 2254 1620 49.]
2286 1549 2357 1603 Ab
2375 1550 2746 1623 insurgentibus
2769 1556 2822 1610 in
2849 1574 2929 1614 me
2951 1562 3197 1620 mltabis
3222 1584 3300 1621 me
3332 1584 3354 1625 :

1770 1649 1802 1688 ιι
1821 1633 2019 1690 ιιιιίςυίε
2048 1636 2441 1709 insurgentibus
2463 1642 2512 1694 in
2535 1659 2621 1698 me
2647 1645 2956 1717 patientem,
2985 1653 3242 1710 exaltahis
3267 1674 3354 1717 me

1774 1741 2159 1797 resurgentem.
2186 1731 2231 1785 Α
2258 1733 2365 1786 viro
2396 1732 2566 1804 iniquo
2591 1752 2735 1792 erues
2760 1754 2839 1793 me
2862 1755 2882 1796 :
2903 1757 2934 1797 a
2964 1758 3131 1814 regno
3165 1761 3352 1806 eorum

1775 1817 1956 1888 iniquo
1975 1836 2133 1877 erues
2163 1838 2268 1877 me.

1845 1911 1933 1968 δυ.
1964 1910 2110 1985 [vers
2144 1915 2215 1970 50
2239 1914 2261 1989 ]
2302 1915 2578 1984 Propterea
2605 1923 2879 1990 conﬁtebor
2907 1925 2993 1978 tibi
3017 1926 3070 1980 in
3097 1927 3354 1993 Gentibus.

1780 2000 1994 2057 Domine
2024 2020 2038 2057 :
2069 2016 2343 2075 propterea
2372 2009 2462 2063 tibi
2490 2026 2586 2080 per
2610 2028 2695 2066 nte
2716 2015 3110 2072 Conlitebtttttttr
3136 2019 3356 2089 Gentes,

1778 2091 2021 2148 Domine.
2061 2093 2128 2149 Et
2152 2098 2346 2151 nomini
2364 2108 2451 2153 tuo
2479 2100 2697 2170 psallam
2724 2114 2819 2160 :et
2858 2105 3012 2161 latius
3056 2108 3359 2168 innotesces

1777 2184 1933 2243 bonis
1961 2190 2216 2257 operibus
2235 2192 2390 2246 mnis.

1849 2282 1937 2338 5i.
1968 2280 2116 2354 [νινε.
2139 2284 2197 2337 :‘il
2215 2280 2253 2356 .]
2287 2283 2624 2354 Magniﬁcam
2643 2289 2834 2344 salutes
2854 2290 2985 2362 regis
3005 2292 3164 2361 ipsius
3180 2309 3200 2348 :
3221 2293 3365 2352 Deus

1780 2373 1869 2443 qui
1898 2374 2217 2445 inagnillcat.
2249 2385 2306 2431 ut
2333 2378 2672 2435 admirabiles
2701 2381 2854 2437 iaciat
2880 2384 3080 2441 salutes
3099 2401 3231 2455 quas
3249 2388 3367 2456 eius

1785 2463 1951 2520 Filius
1974 2466 2061 2521 dat
2088 2468 2450 2523 credentibus.
2488 2470 2553 2525 Et
2577 2472 2768 2541 faciens
2794 2474 3190 2531 misericordiam
3214 2478 3367 2533 Chri-

1783 2566 1861 2610 sto
1885 2572 1979 2610 suo
2006 2572 2027 2611 :
2058 2557 2195 2613 Deus
2233 2560 2320 2628 qui
2363 2558 2488 2616 facit
2529 2564 2947 2621 misericordiam
2992 2565 3205 2624 Christo
3248 2586 3365 2625 suo.

1786 2643 1955 2699 David
1975 2657 2022 2700 et
2048 2649 2229 2702 semini
2251 2650 2361 2721 ejus
2387 2668 2546 2721 usque
2569 2653 2622 2707 in
2648 2655 2891 2709 siccatum
2918 2670 2939 2711 :
2967 2656 3067 2727 ipsi
3096 2657 3369 2717 liberatori

1789 2751 1946 2791 manu
1967 2741 2168 2809 potenti
2193 2741 2281 2810 qui
2302 2740 2424 2797 vicit
2454 2741 2595 2798 hunc
2617 2746 2894 2812 mundum,
2913 2756 2969 2803 et
2995 2749 3074 2803 eis
3097 2765 3233 2818 quos
3254 2766 3371 2806 cre-

1787 2826 1978 2883 dentes
2018 2828 2298 2900 Evangelio
2324 2834 2508 2902 genuit
2539 2834 2591 2889 in
2618 2846 2896 2892 :eternuni.
2934 2838 3292 2911 Quaecumque
3317 2843 3370 2898 in

1790 2918 1892 2975 hoc
1923 2920 2131 2991 psalmo
2156 2921 2294 2977 dicta
2331 2934 2477 2991 sunt,
2506 2941 2625 2995 qua:
2666 2926 2765 2996 ipsi
2806 2927 3029 2985 Domino
3054 2931 3288 3001 proprie,
3319 2933 3371 2988 id

1789 3020 1872 3065 est
1896 3012 2053 3084 capiti
2083 3013 2334 3070 Ecclesiae
2358 3031 2655 3086 congruere
2684 3033 2791 3073 non
2818 3029 3057 3090 possunt,
3085 3020 3152 3076 ad
3185 3020 3373 3080 Eccle-

1789 3101 1922 3157 siain
1964 3104 2238 3160 referenda
2276 3117 2419 3162 sunt.
2458 3106 2627 3164 Totus
2651 3110 2792 3165 enim
2819 3111 3062 3167 Christus
3088 3110 3175 3168 hic
3200 3113 3375 3184 loqui-

1792 3203 1897 3258 tur,
1926 3195 1978 3249 in
2005 3211 2110 3265 quo
2129 3210 2253 3252 sunt
2276 3198 2454 3252 omnia
2486 3201 2725 3256 membra
2750 3202 2888 3270 ejus.

3008 3310 3361 3331 Μ

2216 3384 2299 3447 ΙΝ
2341 3385 2484 3447 PSA
2493 3385 2725 3451 LMUM
2764 3388 2977 3452 XVIII

2354 3509 2752 3569 ENARRATIO
2789 3511 2831 3568 l.

2154 3623 2219 3679 In
2244 3625 2416 3693 ﬁnem,
2448 3625 2690 3681 Psalmus
2718 3628 2815 3698 ipsi
2845 3626 3033 3686 Dat-id.

1869 3741 1921 3796 i.
1953 3758 2103 3815 (vers.
2136 3739 2214 3814 l.]
2243 3742 2452 3797 Titulus
2478 3750 2635 3799 notus
2664 3751 2746 3798 est
2770 3759 2786 3799 :
2816 3758 2913 3798 nec
2945 3743 3202 3799 Dominus
3225 3743 3382 3802 lesus

1797 3828 2040 3888 Christus
2061 3832 2174 3887 iure
2196 3834 2343 3895 dicit,
2372 3833 2465 3888 sed
2491 3834 2559 3889 de
2583 3834 2673 3887 illo
2699 3835 2812 3889 inec
2835 3834 3104 3889 dicuntur.

1868 3922 1925 3976 2.
1955 3922 2103 3996 [oers.
2127 3922 2208 3996 2.]
2236 3924 2361 3979 εωιι
2388 3934 2627 3979 enarrant
2652 3926 2867 3994 gloriam
2899 3924 2993 3978 Dei
3015 3942 3035 3980 :
3058 3927 3179 3993 jusb
3206 3927 3383 3983 Evan-

1800 4014 2025 4084 gelisue,
2057 4015 2109 4067 in
2134 4014 2328 4084 quibus
2359 4013 2497 4067 Deus
2524 4022 2774 4081 tanquam
2802 4014 2857 4068 in
2880 4015 3032 4069 caelis
3053 4015 3272 4079 habitat,
3292 4033 3384 4071 ex-

1805 4115 2007 4176 ponunt
2040 4105 2262 4175 gloriam
2291 4104 2497 4159 Domini
2527 4106 2692 4160 nostri
2722 4105 2846 4160 Jesu
2882 4105 3102 4171 Christi,
3129 4107 3241 4162 sive
3268 4110 3385 4173 glu-

1804 4195 1937 4253 riam
1965 4210 2067 4265 qua
2095 4195 2408 4265 gloriﬁcavit
2433 4194 2647 4250 Patrem
2679 4194 2844 4250 Filius
2871 4210 3033 4266 super
3060 4208 3254 4252 terrain
3319 4197 3386 4253 Et

1806 4304 1960 4359 opera
1986 4302 2225 4340 manuum
2264 4287 2375 4358 ejus
2414 4286 2683 4340 anituntiat
2720 4286 3086 4355 ﬁrmamentum
3117 4304 3137 4343 :
3162 4297 3212 4343 et
3253 4289 3386 4346 facta

1808 4378 2059 4433 Virtutum
2088 4378 2294 4432 Domini
2321 4378 2598 4433 annuntiat
2620 4376 3033 4446 ﬁrmamentum,
3051 4378 3242 4436 ilducia
3268 4381 3390 4448 Spi-

1808 4469 1942 4523 ritus
1967 4468 2133 4523 sancti
2161 4476 2216 4524 et
2235 4468 2429 4524 celum
2456 4469 2673 4535 factum,
2694 4469 2836 4540 quod
2854 4478 3010 4526 antea
3036 4472 3227 4529 timore
3246 4484 3391 4531 terra

1809 4567 1944 4615 erat.
3230 4592 3233 4595 .
3264 4602 3271 4609 ,

1881 4652 1935 4708 ὅ.
1967 4648 2118 4725 [υενε.
2145 4650 2226 4725 3.]
2267 4649 2384 4706 Dies
2410 4651 2510 4706 dici
2528 4660 2723 4707 eructat
2747 4651 2951 4707 uerbum
2981 4667 3001 4707 :
3023 4651 3254 4723 Spiritus
3278 4655 3392 4727 spi-

1812 4742 2088 4800 ritualihus
2131 4744 2328 4812 profert
2371 4741 2752 4813 plenitudinem
2796 4742 3243 4799 incommutabilis
3291 4746 3378 4801 Sa-

1812 4835 2022 4906 pientiae
2065 4833 2181 4895 Dei.
2206 4831 2351 4905 quod
2383 4831 2616 4889 Verbum
2666 4831 2720 4887 in
2765 4832 3022 4902 principio
3073 4833 3213 4891 Deus
3256 4836 3394 4903 tlg‘lld

1815 4927 1984 4984 Deum
2011 4935 2095 4982 est
2119 4928 2136 4997 (
2156 4925 2314 4982 Joan.
2343 4942 2382 4993 ι,
2417 4926 2438 4979 ι
2469 4926 2509 4995 ).
2555 4924 2624 4980 Et
2651 4941 2755 4980 nos:
2779 4926 2914 4980 nocti
2941 4928 3206 4981 annuntiat
3234 4930 3392 4982 scien-

1813 5021 1937 5075 tiam
1959 5035 1979 5075 :
2002 5028 2057 5075 et
2082 5018 2379 5075 mortalitas
2402 5019 2578 5073 carnis
2605 5026 2853 5089 tanquam
2884 5017 3039 5089 longe
3068 5020 3252 5089 poshis
3277 5036 3392 5075 car-

1814 5113 2057 5180 nalibus,
2097 5112 2255 5169 iidem
2285 5111 2620 5179 insinuando,
2650 5111 2930 5167 annuntiat
2956 5112 3184 5167 futuram
3223 5113 3393 5167 scien.

1815 5204 1967 5261 tiam.

1885 5298 1942 5354 4.
1971 5296 2121 5371 [verm
2147 5296 2224 5371 4.]
2256 5296 2374 5352 Non
2397 5306 2516 5354 sunt
2538 5297 2769 5367 loquele.
2799 5313 2956 5367 neque
2984 5310 3254 5355 sermones.
3284 5310 3384 5357 quo

1817 5407 1930 5446 rum
1955 5407 2053 5445 non
2082 5390 2358 5445 audiantur
2378 5406 2519 5444 voces
2543 5405 2715 5443 eorum
2746 5402 2766 5442 :
2794 5403 2885 5457 per
2908 5401 3043 5456 quos
3071 5402 3176 5440 non
3203 5385 3393 5441 auditi!

1816 5484 1923 5540 sint
1941 5498 2101 5538 voces
2117 5482 2594 5554 Evangelistarum,
2614 5496 2736 5537 cum
2754 5477 3000 5536 omnibus
3016 5477 3208 5552 linguis
3227 5477 3390 5533 Evam

1818 5578 2012 5652 gelium
2041 5573 2438 5648 prmdicarctur.

1884 5733 2000 5783 isse
2020 5730 2201 5800 ειιηυρι
2217 5729 2437 5800 melius
2472 5736 2601 5800 ειριε
2625 5736 2729 5798 Mss.
2752 5729 2929 5800 omissa
2958 5739 3102 5792 voce.
3126 5727 3263 5793 mea.
3289 5739 3400 5797 qua

1819 5806 1918 5853 nec
1935 5802 2016 5849 eat
2036 5791 2163 5859 apud
2184 5798 2310 5844 LXX.
2336 5791 2562 5855 [nauticis
2581 5791 2716 5854 uicis,
2739 5791 2859 5856 etc.)
