3950 6396
145 315 251 378 15⁸1

140 444 232 494 ctu
253 440 347 496 tuo
364 440 601 500 semper,
618 423 710 498 qui
735 417 1118 488 conscientiam
1145 429 1335 488 puram
1363 411 1603 486 inspicis.
1636 409 1749 471 Do-

140 527 279 581 mine
303 524 511 595 adjutor
534 533 675 574 meus
694 559 710 583 ,
736 524 783 570 et
809 512 1096 586 redeMptor
1124 524 1267 562 meus
1289 521 1308 562 :
1331 505 1556 562 Domine
1587 503 1745 573 adju-

143 629 228 675 tor
252 629 427 680 meus,
459 607 726 667 tendentis
752 605 818 662 ad
855 614 939 671 te;
983 601 1234 674 quoniam
1263 596 1572 672 redemptor
1594 607 1748 651 meus

141 725 203 766 es
234 716 312 771 tu,
345 714 404 761 ut
434 703 703 759 tenderem
726 697 791 754 ad
823 705 876 753 te
907 712 920 748 :
953 709 1020 750 ne
1046 693 1324 764 quisquam
1348 689 1430 746 vel
1465 687 1748 759 sapientiae

139 819 256 859 suae
285 801 525 856 tribuens
551 793 691 868 quod
719 791 784 846 ad
808 800 860 847 te
883 787 1236 852 convertitur,
1267 783 1350 840 vel
1375 782 1575 836 viribus
1601 779 1746 851 quod

138 895 209 952 ad
242 907 292 950 te
333 887 574 966 pervenit
597 930 614 951 .
647 885 816 958 magis
853 880 1142 954 repellatur
1163 877 1259 932 abs
1290 885 1344 932 te
1371 874 1460 950 qui
1489 871 1742 943 superbis

138 990 386 1050 resistis;
419 985 538 1056 quia
570 978 856 1038 mundatus
878 989 984 1030 non
1005 982 1088 1029 est
1114 987 1144 1024 a
1173 969 1373 1024 delicto
1405 981 1619 1038 magno,
1646 977 1746 1019 nec

137 1080 467 1155 complacuit
495 1077 547 1133 in
577 1081 870 1144 conspectu
899 1081 990 1125 tuo
1014 1110 1031 1137 ,
1062 1066 1153 1137 qui
1183 1063 1403 1120 redimis
1436 1069 1494 1118 ut
1521 1074 1747 1126 conver-

141 1185 345 1250 tamur,
374 1179 431 1227 et
455 1167 676 1240 adjuvas
703 1175 760 1219 ut
791 1160 1162 1234 perveniamus
1189 1156 1255 1212 ad
1285 1164 1358 1212 te.

121 1283 133 1338 ι
328 1249 332 1250 ί
697 1249 1096 1315 ENARBATIO
1135 1249 1201 1306 ιι.

123 1339 131 1382 Ρ
696 1361 868 1413 SERIO
895 1362 962 1402 AD
993 1357 1217 1404 ιιιειιειι.

212 1451 266 1506 1.
301 1443 581 1519 Dt-precati
613 1441 914 1503 Dominum.
939 1447 995 1492 ut
1020 1436 1088 1490 ab
1115 1431 1337 1488 occultis
1364 1428 1564 1485 nostris
1589 1444 1745 1483 mun-

139 1547 230 1602 det
261 1559 382 1605 nos.
413 1550 468 1596 et
493 1539 562 1594 ab
589 1535 782 1591 alienis
812 1540 991 1613 parcat
1019 1528 1192 1586 servis
1216 1527 1329 1582 suis
1351 1567 1367 1591 ,
1395 1521 1521 1594 quid
1554 1521 1653 1575 hoc
1675 1521 1746 1578 sit

136 1635 442 1706 intelligere
478 1630 770 1692 debemus,
811 1634 870 1680 ut
913 1624 1144 1678 humana
1191 1617 1418 1680 ratione,
1458 1631 1562 1669 non
1591 1613 1741 1683 quasi

110 1733 320 1786 'avinm
350 1743 481 1794 voce
503 1735 802 1792 cantemus.
847 1719 979 1776 Nam
1025 1726 1082 1774 et
1121 1715 1308 1770 meruli
1353 1721 1406 1767 et
1451 1708 1660 1783 psittaci
1690 1715 1748 1774 et

131 1822 284 1879 corvi
318 1829 371 1874 et
403 1819 533 1890 pica:
561 1823 616 1871 et
643 1809 947 1892 huiusmodi
981 1808 1225 1863 volucres
1248 1847 1264 1878 ,
1297 1818 1440 1878 smpc
1469 1800 1537 1854 ab
1567 1797 1743 1863 ltomi-

134 1913 298 1969 nihns
324 1910 587 1963 docentur
609 1919 804 1959 sonare
826 1900 966 1980 quod
998 1897 1262 1954 nesciunt.
1289 1893 1536 1964 Scieuter
1559 1899 1744 1945 autent

129 2014 394 2074 cantare,
431 2011 633 2057 natum
670 1996 902 2052 hominis
923 1993 1100 2048 divina
1125 1991 1397 2050 voluntate
1423 1997 1740 2042 Concessum

125 2107 238 2157 est.
271 2097 343 2152 Et
370 2110 531 2168 quam
558 2091 708 2147 ιιιιι1ι1
733 2089 854 2148 mali
875 2096 929 2143 et
957 2083 1217 2142 luxuriosi
1247 2081 1324 2137 sic
1343 2087 1563 2135 cantant
1582 2076 1743 2150 digna

122 2191 361 2247 auribus
378 2167 488 2241 suis
504 2191 558 2239 et
575 2181 848 2253 cordibus,
874 2178 1119 2239 novimus
1137 2183 1190 2230 et
1209 2171 1472 2232 dolemus.
1503 2167 1581 2222 Eo
1600 2167 1744 2230 enim

123 2282 354 2353 pejores
380 2286 526 2342 sunt,
557 2289 664 2348 quo
690 2289 794 2326 non
820 2278 1045 2342 pos<nnt
1067 2268 1312 2338 ignorare
1337 2260 1477 2333 quod
1502 2267 1741 2324 cantant,

119 2374 331 2429 Sciunt
377 2371 521 2425 enim
567 2383 628 2424 se
675 2374 892 2422 cantare
943 2360 1159 2432 ﬂagitia,
1208 2365 1260 2412 et
1310 2365 1484 2410 tamen
1529 2358 1747 2414 cantant

125 2473 293 2520 tanto
343 2461 612 2521 libentius.
655 2465 857 2528 quanto
899 2449 1225 2508 inuunmlius
1258 2465 1271 2506 :
1301 2446 1551 2520 quoniam
1596 2451 1744 2506 lauto

121 2573 195 2612 se
235 2564 429 2625 putant
473 2549 721 2612 laetiores,
751 2556 951 2618 t‘lllalllo
974 2542 1168 2599 fuerint
1192 2539 1478 2607 turpiores.
1515 2534 1621 2590 Nos
1645 2548 1744 2598 aut-

126 2659 249 2706 tetn
281 2645 375 2719 qui
403 2646 455 2699 in
487 2642 722 2700 Ecclesia
746 2640 921 2694 divina
952 2637 1162 2708 eloquia
1193 2642 1411 2688 cantare
1431 2628 1742 2700 didicimus,

125 2741 305 2797 simul
333 2739 491 2795 etiam
521 2738 718 2791 instare
748 2732 1005 2788 debemus
1029 2741 1149 2783 esse
1177 2723 1318 2796 quod
1349 2722 1606 2798 scriptum
1637 2727 1744 2788 est.

123 2832 336 2889 Beatus
407 2829 624 2898 papulas
687 2824 773 2898 qui
841 2821 1076 2894 lttlt'lllgll
1133 2815 1493 2896 jubilationem
1551 2809 1744 2882 (Psal.

127 2939 403 2988 Lxxxvm,
439 2920 565 2992 l6).
595 2915 844 2984 Proinde,
868 2909 1150 2976 carissimi,
1180 2906 1320 2982 quod
1353 2919 1587 2966 consona
1614 2917 1748 2966 voce

129 3013 478 3073 enatavimus
497 3051 514 3078 ,
552 3024 745 3066 sereno
783 3005 943 3062 etiam
973 3000 1135 3058 corde
1167 3014 1325 3053 nosse
1349 3013 1412 3053 ac
1438 2995 1621 3058 videre
1649 2994 1745 3056 de-

130 3110 357 3166 bemus.
389 3105 611 3175 Rogavit
638 3101 781 3158 enim
808 3097 1090 3153 Dominum
1110 3092 1477 3162 unusquisque
1500 3098 1742 3150 nostrum

131 3205 197 3260 in
239 3202 344 3257 hoc
368 3198 597 3258 cantico,
627 3203 680 3254 et
704 3192 834 3251 dixit
863 3190 971 3245 Deo
1000 3206 1014 3242 :
1045 3185 1122 3240 ΑΙ)
1159 3183 1368 3239 occultis
1407 3181 1527 3236 meis
1555 3178 1749 3243 munda

133 3313 248 3363 me,
281 3291 495 3347 Domine
514 3330 528 3353 ,
561 3285 694 3342 etab
717 3283 897 3338 alienis
926 3295 1077 3353 parte
1101 3292 1241 3332 servo
1262 3285 1368 3330 tuo.
1412 3273 1474 3329 Si
1514 3272 1610 3327 mei
1647 3287 1749 3336 non

143 3387 344 3462 fuerint
370 3381 650 3446 dominata,
672 3388 792 3432 tunc
826 3371 1179 3429 imnmeulatus
1205 3385 1307 3438 cro,
1335 3377 1381 3423 et
1411 3366 1696 3425 tumulabor
1717 3381 1751 3428 α

139 3455 337 3535 ili-(icto
354 3489 554 3545 magno.
579 3469 728 3540 Quod
757 3479 811 3522 ut
834 3467 970 3528 bene
997 3463 1228 3522 sciamus
1253 3458 1488 3531 quidsit,
1511 3465 1565 3516 et
1583 3455 1745 3529 quale

142 3573 259 3628 hoc
282 3570 380 3632 sit,
411 3567 577 3637 ipsius
604 3559 791 3637 psalmi
823 3568 1028 3624 textum
1046 3597 1061 3625 ,
1091 3564 1348 3630 quantum
1373 3551 1538 3616 donat
1565 3550 1746 3616 Domi.-

145 3678 257 3722 nns
274 3705 288 3728 ,
319 3658 550 3718 breviter
577 3665 968 3730 percurranms.

221 3756 279 3810 2.
311 3754 567 3809 Catttatur
601 3749 743 3806 enim
786 3745 853 3800 de
881 3743 1123 3809 Christo;
1156 3738 1300 3813 quod
1345 3737 1626 3802 evidenter
1680 3737 1755 3802 ibi

143 3855 397 3920 apparet,
422 3844 546 3919 quia
573 3841 679 3899 illic
707 3840 964 3920 scriptum
991 3843 1107 3891 est:
1132 3833 1241 3906 ipse
1265 3841 1507 3901 tanquam
1527 3845 1750 3901 sponsus

145 3917 521 4015 procedamus
545 3933 769 3988 thalamo
790 3917 904 3994 suo.
933 3926 1065 4004 Quis
1085 3933 1169 3980 est
1195 3922 1338 3978 enim
1365 3934 1622 3998 sponsus,
1652 3919 1757 3984 nisi

142 4011 239 4089 cui
269 4032 588 4101 desponsata
634 4033 718 4082 est
762 4024 848 4077 illa
877 4020 1030 4092 virgo
1053 4017 1122 4076 ab
1152 4013 1432 4086 Apostolo,
1473 4011 1559 4074 cui
1605 4011 1757 4074 timet

144 4136 307 4182 caste
333 4130 509 4179 castus
545 4117 725 4190 sponsi
771 4114 997 4179 amicus,
1029 4124 1098 4166 ne
1140 4111 1278 4164 sicut
1325 4118 1549 4178 serpens
1589 4102 1756 4168 Evam

152 4216 348 4273 fefellit
377 4211 567 4267 astutia
587 4223 702 4276 sua,
731 4206 811 4270 sic
840 4214 894 4264 et
922 4201 1080 4280 hujus
1099 4197 1320 4270 virginis
1345 4210 1557 4266 sponsa:
1594 4193 1755 4262 Chri-

155 4310 225 4366 sti
255 4322 446 4364 scnsus
475 4307 888 4372 corrumpantur
912 4312 941 4350 a
971 4293 1218 4361 castitate
1243 4307 1364 4362 qua}
1405 4298 1487 4348 est
1513 4290 1566 4352 in
1605 4288 1761 4348 Curi-

155 4410 245 4458 sto
272 4398 345 4470 (Il
376 4398 492 4453 Cor.
522 4411 600 4461 tu,
629 4391 725 4464 3)?
760 4390 814 4450 In
848 4387 948 4446 hoc
972 4401 1101 4460 ergo
1141 4382 1368 4440 Domino
1395 4391 1448 4446 et
1473 4380 1759 4442 Salvatore

160 4501 352 4548 nostro
373 4488 499 4544 Jesu
527 4486 738 4542 Christo
765 4481 933 4553 posita
962 4487 1045 4538 εει
1075 4491 1266 4548 magna
1299 4482 1351 4532 et
1387 4473 1541 4549 plena
1567 4471 1759 4550 gratia,

159 4583 233 4639 de
267 4597 368 4653 qua
411 4578 538 4634 dicit
567 4574 841 4650 apostolus
878 4570 1152 4632 Joannes:
1183 4565 1248 4622 Et
1283 4564 1502 4628 vidimus
1539 4563 1762 4642 gloriam

162 4678 300 4748 ejus.
328 4672 544 4746 gloriam
569 4679 810 4739 tanquam
836 4660 1093 4736 Unigem'ti
1121 4675 1152 4714 a
1177 4655 1356 4724 Patre,
1375 4654 1579 4728 plenum
1597 4653 1763 4728 gratia

163 4747 211 4824 et
243 4766 450 4820 veritate
477 4761 657 4835 (Joan.
692 4776 730 4828 ι,
762 4755 870 4830 Μ).
898 4755 1049 4820 lianc
1071 4751 1292 4828 gloriam
1332 4747 1446 4810 mli
1474 4755 1714 4811 enarrem
1741 4762 1763 4814 ,-

166 4859 320 4925 ceeli,
346 4856 515 4914 sancti
535 4863 680 4924 sunt;
709 4850 898 4910 elcvati
916 4865 945 4904 a
973 4856 1136 4916 terra,
1165 4852 1439 4917 portantes
1455 4840 1761 4906 Dominum,

167 4956 482 5024 Quanquam
508 4949 730 5021 gloriam
761 4943 954 5002 Christi
975 4940 1169 4998 emtum
1194 4936 1354 4996 etiam
1373 4931 1766 5007 quodammodo

167 5047 407 5105 narravit
425 5063 439 5100 :
457 5041 669 5114 quando
682 5036 920 5099 narravit
933 5035 958 5094 ?
971 5032 1182 5108 quando
1197 5037 1325 5092 nato
1336 5026 1523 5086 eodem
1540 5025 1766 5090 Domino

166 5139 325 5197 stella
350 5153 480 5195 nova
507 5151 627 5206 mue
655 5145 925 5204 nunquam
952 5126 1229 5188 videbatur
1255 5120 1520 5194 apparuit.
1549 5117 1658 5178 Sed
1679 5126 1765 5180 ta-

170 5249 300 5292 men
347 5240 471 5292 sunt
518 5227 755 5290 veriores
783 5233 837 5280 et
878 5217 1255 5280 sublimiores'
1285 5214 1431 5283 coeli,
1477 5211 1546 5269 de
1573 5209 1768 5284 quibus

169 5334 567 5398 consequenter
593 5323 663 5380 ibi
693 5319 887 5378 dicitur
915 5333 928 5370 :
961 5313 1083 5374 Non
1113 5319 1227 5372 sunt
1253 5307 1644 5398 loqueltsneque
1660 5319 1771 5362 ser-

171 5437 369 5482 mones.
393 5432 610 5489 quorum
635 5429 736 5470 tum
769 5407 1044 5470 audiantur
1072 5419 1212 5466 voces
1243 5415 1436 5455 eorum.
1465 5395 1534 5461 ιη
1571 5410 1771 5452 onlnem

169 5529 363 5576 terram
389 5513 510 5568 exiit
547 5525 701 5573 sonus
725 5521 916 5569 rorant,
945 5510 993 5560 et
1026 5500 1080 5560 in
1104 5499 1230 5568 ﬁnes
1273 5494 1408 5555 orbis
1433 5501 1582 5552 terra:
1617 5490 1771 5554 verba

168 5625 372 5667 somni.
414 5607 674 5673 Quonim,
720 5598 821 5658 nisi
865 5589 1166 5652 scelerum?
1201 5599 1428 5662 quorum
1469 5595 1619 5653 ergo,
1668 5578 1772 5643 nisi

168 5696 598 5781 Apostolorum?
625 5694 724 5766 ipsi
750 5696 1002 5748 enarrant
1043 5685 1196 5740 nobis
1220 5679 1441 5754 gloriam
1485 5675 1598 5739 Dei,
1631 5672 1770 5744 posi-

236 5824 258 5859 ι
282 5825 402 5874 us.
426 5810 693 5872 ωειιωι
720 5806 903 5869 verbis.
926 5806 1038 5864 sunt
1059 5798 1268 5863 veriores
1286 5801 1334 5854 et
1352 5790 1672 5859 sum“.

1247 291 1653 362 emanant).
1686 293 1761 358 1N
1795 293 2124 370 RSALMUM
2162 299 2349 362 xvut.

3344 305 3452 380 158

1861 422 1969 472 tam
1997 414 2049 469 in
2087 414 2303 472 Christo
2341 415 2487 482 Jesu,
2519 429 2618 488 per
2651 416 2876 488 gratiam
2926 417 2979 486 in
3024 417 3448 489 remissionem!

1856 518 2216 578 peccatorum.
2248 509 2447 568 Omnes
2476 483 2616 568 enim
2643 483 3020 584 peccaverunt,
3051 483 3307 595 et'egent
3333 483 3449 590 glo-

1855 603 1934 660 ria
1965 602 2079 667 Dei,
2104 602 2374 672 justiﬁcati
2399 606 2562 676 gratis
2589 620 2686 674 per
2721 607 3030 681 sanguinem
3073 608 3238 678 ipsius
3269 609 3448 684 (Rom.

1854 709 1934 762 tu,
1965 693 2082 764 25).
2109 694 2240 768 Quia
2261 698 2445 768 gratis,
2480 696 2598 750 ideo
2622 698 2820 770 gratia;
2855 714 2959 758 non
2977 708 3062 754 est
3081 701 3225 762 enim
3247 703 3448 776 gratia,

1855 787 1901 844 si
1928 802 2033 852 non
2059 787 2308 864 gratuita.
2340 789 2471 858 Quia
2503 788 2632 846 nihil
2659 789 2782 846 boni
2807 801 2930 854 ante
2953 789 3274 860 feceramus,
3303 795 3450 858 unde

1856 879 1980 938 talia
2006 878 2144 940 dona
2169 895 2527 946 mereremur;
2561 881 2727 953 magis
2752 881 2873 952 quia
2899 885 2917 914 ²
2955 897 3061 942 non
3085 886 3252 958 gratis
3279 885 3449 944 infer-

1853 981 2003 1040 retur
2031 971 2373 1048 supplicium,
2414 973 2538 1038 ideo
2574 973 2738 1044 gratis
2775 977 3067 1044 praestitum
3104 985 3192 1038 est
3235 977 3445 1042 beneﬂ-

1853 1067 1994 1120 cium
2025 1084 2038 1119 :
2069 1066 2197 1126 nihil
2228 1075 2574 1142 praeesset-at
2605 1066 2656 1128 in
2693 1067 2896 1122 meritis
2926 1068 3144 1133 nostris,
3185 1069 3284 1130 nisi
3307 1070 3450 1136 unde

1853 1157 2094 1220 damnari
2135 1158 2472 1222 deberemus.
2499 1159 2600 1224 llle
2624 1168 2798 1214 autem
2828 1175 2931 1218 non
2969 1171 3184 1234 propter
3207 1171 3449 1226 nostram

1847 1249 2136 1320 justitiam,
2166 1249 2258 1304 sed
2286 1257 2501 1322 propter
2529 1263 2678 1304 suam
2702 1248 3122 1306 misericordiam
3152 1253 3329 1308 salvos
3347 1268 3448 1314 nos

1854 1342 1980 1404 fecit
2003 1359 2096 1413 per
2117 1343 2381 1398 lavacrum
2409 1343 2823 1414 regenerationis
2842 1341 2969 1410 (Tit.
3003 1358 3081 1412 ιιι,
3104 1345 3182 1417 5).
3203 1344 3326 1402 Ηςιιε
3341 1355 3446 1418 est,

1853 1435 2091 1507 inquam,
2135 1434 2302 1508 gloria
2353 1435 2490 1490 Dei:
2527 1433 2664 1496 hanc
2705 1435 2824 1494 caeli
2871 1447 3270 1494 enarraverunt.
3322 1436 3450 1498 Htcc

1853 1538 1958 1589 est,
1989 1528 2227 1602 inquam,
2255 1528 2424 1604 gloria
2457 1528 2570 1598 Dei,
2603 1543 2710 1583 non
2741 1538 2824 1583 tua
2856 1546 2870 1582 :
2899 1528 3026 1582 nihil
3058 1528 3199 1590 enim
3226 1528 3351 1590 boni
3373 1529 3451 1588 le-

1852 1619 1992 1683 clSll,
2022 1629 2076 1674 et
2097 1629 2270 1678 tamen
2298 1629 2498 1674 tantum
2524 1619 2721 1673 bonum
2745 1620 3018 1696 accepisti.
3044 1618 3098 1682 Si
3130 1635 3259 1691 ergo
3287 1620 3451 1690 perti-

1855 1731 1951 1770 ιιι-ε
1973 1715 2037 1770 ad
2067 1715 2288 1794 gloriam
2312 1729 2470 1787 quam
2499 1714 2620 1776 caeli
2651 1723 3058 1780 citarraverunt,
3097 1714 3184 1774 die
3224 1714 3450 1774 Domino

1855 1809 1967 1864 Deo
1997 1819 2088 1872 tuo
2118 1826 2130 1862 :
2167 1806 2303 1863 Deus
2330 1824 2488 1868 meus.
2534 1807 2880 1870 misericordia
2907 1808 3020 1880 ejus
3065 1807 3331 1878 prteveniet
3368 1822 3451 1874 me

1857 1899 2030 1970 (Psal.
2059 1916 2202 1966 Lvut,
2254 1900 2341 1972 ll)
2379 1918 2392 1955 :
2427 1899 2684 1970 praevenit
2713 1899 2855 1960 enim
2890 1910 2974 1968 te;
3019 1899 3202 1969 utique
3240 1915 3447 1968 ωειδνερ

1853 1992 1952 2064 nit,
1985 1992 2104 2062 quia
2137 1991 2266 2046 nihil
2311 1992 2362 2048 in
2397 2002 2447 2045 te
2478 1990 2604 2048 boni
2649 1991 2868 2050 invenit.
2899 1990 3210 2058 Prmveltisti
3239 1990 3449 2059 suppli-

1851 2086 1994 2140 cium
2022 2084 2042 2118 ³
2081 2085 2197 2156 ejus
2229 2084 2587 2154 superhiendo
2635 2101 2649 2137 :
2695 2083 2785 2146 ille
2826 2083 3083 2164 praevenit
3127 2084 3445 2153 supplicium

1855 2185 2001 2233 tuum
2031 2184 2251 2253 peccata
2296 2175 2544 2236 delenda.
2590 2174 2862 2246 Tanquam
2899 2176 3039 2235 vnim
3079 2184 3448 2244 succentore

1847 2270 2189 2341 justiticatus,
2221 2286 2284 2328 es
2324 2269 2488 2340 impio
2530 2269 2649 2338 pius
2691 2267 2877 2330 lactus.
2911 2282 2977 2328 ex
3003 2268 3253 2326 ttatnnsto
3281 2267 3333 2322 in
3363 2280 3450 2326 re.

1853 2379 2016 2431 gnum
2049 2361 2068 2394 ’⁵
2098 2372 2423 2434 assumptus.
2455 2362 2540 2424 dic
2573 2361 2798 2424 Domino
2826 2361 2935 2423 Deo
2970 2371 3060 2420 tuo
3085 2377 3104 2415 :
3143 2358 3261 2420 Non
3283 2362 3446 2428 nobis,

1855 2453 2090 2522 Domine,
2123 2471 2224 2515 non
2254 2454 2416 2522 nobis,
2446 2452 2534 2512 scd
2562 2452 2752 2512 noniini
2781 2461 2865 2513 tua
2905 2453 2970 2508 du
3009 2452 3224 2527 gloriam
3271 2450 3445 2523 (Psal.

1853 2562 1979 2610 exul
2017 2551 2224 2608 secumt.
2262 2544 2337 2608 1).
2375 2545 2638 2611 Dieanms,
2686 2541 2807 2602 Non
2847 2542 3030 2604 nobis:
3073 2542 3266 2616 quibus
3303 2542 3448 2602 enim

1852 2643 1898 2697 si
1919 2643 2066 2712 quasi
2092 2640 2276 2698 nobis?
2302 2640 2570 2705 Dieamus,
2610 2639 2845 2709 inquam.
2878 2635 3001 2694 Non
3045 2638 3222 2704 nobis,
3251 2636 3374 2710 quia
3400 2637 3450 2698 si

1855 2733 1927 2792 ita
1960 2733 2158 2796 t‘accret
2184 2733 2320 2792 sicut
2343 2731 2519 2796 nobis,
2540 2729 2750 2788 nonnisi
2776 2742 2959 2799 punias
2987 2728 3250 2800 inlligerct
3273 2727 3448 2786 nobis.

1853 2828 1972 2885 Non
2005 2828 2178 2894 nobis,
2202 2827 2298 2890 sed
2327 2825 2526 2888 nomini
2553 2839 2652 2880 suo
2674 2822 2764 2878 det
2790 2822 3013 2896 gloriam
3043 2839 3057 2876 :
3089 2821 3209 2888 quia
3235 2835 3340 2876 non
3362 2835 3449 2876 se-

1854 2921 2088 2978 cundum
2121 2918 2424 2990 iniquitates
2454 2923 2664 2972 nostras
2687 2914 2812 2974 fecit
2840 2913 2994 2972 nobis
3020 2909 3192 2982 (Prol.
3214 2926 3305 2972 cu.
3330 2909 3446 2982 10).

1856 3011 1980 3070 Νοιι
2009 3026 2137 3086 ergo
2164 3010 2326 3076 nobis,
2360 3006 2597 3072 Datuins,
2627 3021 2728 3068 non
2750 3004 2933 3064 uobis:
2970 3003 3219 3076 repetitio
3245 3001 3446 3058 contir-

1854 3103 2020 3166 motio
2051 3111 2154 3160 est.
2191 3099 2309 3158 Non
2335 3099 2500 3166 nobis,
2530 3097 2767 3166 Domine,
2798 3096 2888 3162 sed
2911 3095 3104 3156 nomini
3131 3104 3218 3151 tuo
3243 3096 3310 3154 da
3333 3095 3449 3166 σιο,

1854 3198 1988 3260 riam
2023 3211 2040 3251 :
2069 3194 2172 3254 hoc
2207 3193 2280 3258 illi
2308 3198 2572 3254 noverant
2615 3189 2760 3260 εαξη,
2795 3187 2886 3262 qui
2915 3195 3306 3252 etiarravcrunt
3329 3184 3450 3256 glo-

1854 3291 1990 3352 riam
2020 3288 2134 3348 Dei.

1929 3385 1984 3442 5.
2012 3381 2164 3456 lum.
2196 3377 2278 3453 2.]
2321 3376 2385 3434 Et
2410 3392 2564 3454 opera
2592 3389 2832 3434 manuum
2852 3372 2963 3442 eius
2983 3371 3250 3430 annuntiat
3273 3369 3452 3441 ﬁrma-

1855 3489 2079 3540 motuum
2101 3493 2121 3534 :
2143 3473 2285 3548 quod
2311 3473 2507 3534 dictum
2533 3479 2636 3542 est,
2659 3468 2874 3542 gloriam
2905 3466 3016 3531 Dei.
3037 3465 3138 3524 hoc
3165 3465 3450 3535 repetitum

1857 3583 1961 3641 est,
1987 3586 2142 3643 opera
2181 3582 2426 3629 manuum
2464 3565 2592 3633 ejus.
2623 3562 2754 3632 Qua:
2796 3573 2959 3632 opera
2999 3573 3248 3614 ntatnunn
3290 3555 3450 3626 ejus?

1857 3664 1975 3726 Non
1999 3664 2141 3726 sicut
2164 3659 2381 3733 quidam
2425 3655 2682 3724 sentiunt,
2727 3653 2865 3712 Deus
2889 3651 3055 3710 verbo
3093 3647 3220 3710 fecit
3245 3648 3448 3710 omnis.

1858 3765 1913 3814 et
1939 3765 2188 3826 tanquam
2217 3748 2638 3822 prtestantiorem
2660 3742 2870 3804 caeteris
2897 3741 3166 3800 hominem
3201 3740 3315 3802 suis
3335 3754 3451 3801 nia.

1860 3849 2017 3908 nibus
2043 3846 2188 3904 fecit.
2219 3842 2334 3900 Non
2367 3843 2439 3900 ita
2460 3835 2802 3898 sentiendum
2828 3843 2913 3894 est
2941 3850 2955 3887 :
2983 3831 3192 3892 inlirms
3217 3841 3300 3890 est
3328 3830 3451 3896 ista,

1860 3951 2044 3998 etnon
2069 3939 2200 3997 satis
2225 3937 2442 3996 climata
2468 3929 2771 3994 settleutia;
2802 3925 2982 3984 omnia
3009 3925 3157 3985 enim
3183 3923 3349 3986 verbo
3375 3923 3454 3979 fe-

1861 4035 1951 4091 cit.
1982 4032 2114 4092 Nam
2144 4029 2268 4092 licet
2291 4040 2454 4098 opera
2483 4023 2575 4089 Dei
2603 4022 2814 4084 diversa
2847 4025 3150 4081 narrentur.
3179 4015 3235 4073 in
3259 4012 3454 4084 quibus

1863 4126 2135 4183 Immineat
2178 4120 2248 4185 ad
2295 4118 2580 4185 imaginem
2618 4127 2770 4170 suam
2809 4109 2938 4167 fecit
2965 4107 3120 4178 (Gen.
3152 4109 3230 4178 ι);
3275 4115 3453 4166 tanien

1861 4219 2041 4276 omnia
2067 4231 2162 4287 per
2201 4215 2374 4284 ipsum
2404 4209 2543 4268 facta
2573 4215 2717 4272 sunt,
2742 4211 2799 4261 et
2825 4201 2944 4260 sine
2985 4200 3104 4272 ipso
3130 4196 3327 4256 factum
3369 4202 3459 4258 est

1861 4312 1996 4370 nihil
2021 4309 2204 4382 (lacn.
2233 4323 2270 4376 I,
2301 4305 2383 4376 5).
2415 4299 2566 4371 Quod
2593 4306 2771 4356 autem
2797 4293 2865 4352 ad
2891 4307 3084 4353 manus
3114 4290 3206 4348 Dei
3232 4290 3452 4352 attinet.

1863 4414 1919 4462 et
1943 4403 2013 4462 de
2037 4401 2186 4462 cmlis
2203 4399 2402 4456 dictum
2422 4401 2524 4457 est.
2555 4389 2621 4453 Et
2646 4403 2806 4460 opera
2835 4400 3078 4446 manuum
3107 4391 3311 4440 tuarum
3335 4386 3457 4442 sunt

1865 4496 1978 4553 caeli
2006 4493 2179 4568 (Prol.
2204 4505 2276 4554 Ct.
2307 4488 2438 4559 36);
2467 4491 2526 4546 et
2552 4497 2622 4542 ne
2653 4488 2804 4568 putes
2827 4478 2989 4542 etiam
3031 4473 3102 4538 ibi
3139 4473 3306 4536 caelos
3325 4487 3456 4532 san.

1865 4602 1981 4648 ctos
2009 4560 2180 4644 dictos
2200 4580 2463 4652 subjecit:
2497 4575 2609 4648 Ipsi
2633 4560 2883 4647 peribant,
2905 4578 2964 4632 tu
2999 4576 3166 4630 autem
3197 4579 3459 4636 punitum

1868 4684 2056 4759 (lbid.,
2075 4679 2192 4752 27).
2227 4677 2366 4746 Ergo
2383 4687 2489 4732 non
2505 4669 2676 4730 solum
2698 4663 2962 4759 homines2
2985 4660 3079 4724 sed
3107 4659 3270 4720 etiam
3292 4658 3460 4716 emtas

1867 4750 1958 4851 qui
1999 4750 2270 4846 peribunt,
2303 4768 2447 4826 Deus
2496 4760 2743 4822 manibus
2785 4757 2897 4816 suis
2935 4753 3085 4821 fecit.
3109 4752 3208 4851 cui
3251 4750 3457 4808 dictum

1868 4842 1972 4938 est,
2005 4842 2179 4934 Dpsrs
2202 4874 2449 4919 manuum
2477 4865 2678 4912 tuarum
2699 4857 2818 4909 sunt
2843 4847 2988 4911 cali;
3013 4842 3162 4904 etde
3191 4850 3333 4899 terra
3358 4842 3464 4898 hoc

1872 4931 2013 5019 idem
2039 4931 2240 5014 dictum
2259 4961 2343 5012 est
2366 4969 2381 5006 :
2408 4945 2662 5016 Quoniam
2684 4941 2846 5013 ipsius
2865 4945 2938 4994 est
2964 4950 3120 4998 utare,
3147 4944 3196 4992 at
3211 4934 3320 5002 ipss
3343 4931 3463 5001 fecit

1870 5054 2022 5117 illud,
2037 5061 2085 5108 st
2106 5048 2308 5105 aridam
2333 5057 2515 5101 manus
2537 5039 2646 5110 ejus
2661 5034 2998 5108 fundaverant
3013 5027 3187 5099 (Psal.
3204 5039 3348 5092 xciv.
3368 5023 3463 5091 5)?

1873 5147 2018 5218 Ergo
2040 5144 2087 5200 si
2115 5151 2172 5199 et
2215 5138 2388 5196 ctelos
2432 5131 2680 5191 amnibus
2708 5135 2765 5186 et
2809 5133 3006 5184 terram
3055 5119 3319 5182 manibus,
3353 5129 3464 5169 non

1875 5208 2046 5296 solum
2072 5233 2346 5292 hominem
2371 5226 2497 5287 fecit
2531 5222 2778 5282 manibus
2800 5237 2815 5276 ι
2835 5227 2892 5276 et
2920 5216 2964 5274 si
2991 5213 3158 5272 oculos
3198 5208 3384 5271 verbo,
3410 5214 3468 5264 et

1877 5342 2074 5390 terram
2101 5325 2286 5392 verbo,
2315 5337 2445 5395 ergo
2465 5327 2522 5377 et
2543 5314 2820 5375 hominem
2862 5307 3048 5372 verba.
3096 5301 3250 5373 Quod
3275 5297 3464 5368 verbo,

1938 5532 1958 5566 ι
1981 5528 2165 5580 csttsn.
2200 5522 2358 5575 uidex
2391 5531 2404 5572 :
2442 5516 2665 5583 gratim.
2686 5505 2994 5583 remissionis
3007 5502 3339 5583 peccatorum.
3377 5492 3470 5550 Alii

2247 5574 3200 5660 armt'eerszniumrac'm-

1942 5627 2454 5717 mimih‘iazaat
2469 5627 2637 5717 ξιιμ-ξι.
2664 5627 2826 5694 Abest,
2848 5627 2928 5693 ne,
2952 5629 3013 5681 ab
3036 5634 3109 5678 Er.
3136 5633 3189 5678 et
3203 5639 3229 5675 ιι
3245 5627 3355 5676 uss.

1943 5717 1964 5752 ³
1986 5701 2168 5767 ἆλιίόηῖ
2194 5711 2370 5765 codex.
2395 5701 2692 5767 bene/ieiuni.

1945 5781 1969 5822 δ
1987 5754 2148 5838 ῐὲῗὲῐ
2157 5754 2388 5842 Willis
2398 5754 2536 5833 iis}
2559 5775 2625 5820 ex
2641 5759 2868 5818 άαωιαιο
2885 5765 3034 5828 rem
3053 5754 3345 5819 συνηνω-
