3950 6464
473 374 579 441 159

472 493 577 553 hoc
607 509 802 562 manu;
830 503 885 551 et
904 491 1046 562 quod
1073 504 1255 552 manu,
1280 488 1383 544 hoc
1410 485 1613 542 verbo:
1643 499 1751 539 non
1786 482 1928 538 enim
1961 480 2057 535 hu-

473 587 652 643 manis
678 585 931 642 membris
960 593 1158 639 statura
1197 580 1288 635 Dei
1317 579 1562 633 tllSllllf'la
1592 584 1696 639 est,
1728 574 1818 643 qui
1866 574 2060 642 ubique

472 685 619 733 totus
643 684 745 740 est,
777 685 830 731 et
851 675 995 729 nullo
1024 672 1330 727 continetur
1360 672 1517 733 loco;
1565 666 1707 736 quod
1734 679 1864 735 ergo
1896 662 2059 718 verbo

472 769 617 835 fecit,
646 769 901 838 sapientia
934 765 1079 827 fecit.
1107 775 1166 822 et
1198 764 1339 836 quod
1372 758 1530 819 m'anu
1561 761 1708 824 iecit,
1744 760 1938 813 virtute
1978 755 2059 812 fe-

470 861 566 918 cit.
596 860 840 915 Christus
864 868 948 913 est
977 869 1154 914 autem
1207 857 1300 912 Dei
1341 854 1522 909 Virtus
1566 861 1622 907 ct
1658 851 1747 906 Dei
1785 848 2056 919 Sapientia

471 950 494 1027 (
511 952 528 1007 l
558 951 674 1008 Cor.
704 966 742 1017 ι,
779 949 871 1019 24)
892 969 905 1003 :
928 948 1119 1006 Otnnia
1144 956 1321 1003 autem
1357 944 1643 1018 peripsum
1671 940 1804 997 facta
1833 950 1976 1005 sunt,
2004 946 2058 995 et

469 1048 587 1103 sine
633 1046 750 1117 ipso
801 1045 997 1100 factum
1042 1054 1126 1099 est
1174 1040 1328 1098 nihil.
1383 1039 1733 1102 Enarrarunt,
1781 1041 2055 1099 en-trrant,

468 1139 795 1196 enarrabunt
820 1138 944 1195 cali
984 1138 1206 1208 gloriam
1256 1134 1348 1190 Dei
1379 1152 1393 1188 :
1423 1131 1771 1191 enarrabunt,
1816 1129 2054 1197 inquam,

468 1231 614 1295 cmli,
648 1230 751 1285 hoc
783 1239 867 1286 est
910 1229 1102 1295 sancti,
1128 1228 1349 1299 gloriam
1394 1222 1510 1287 Dei,
1536 1239 1566 1278 a
1608 1233 1747 1279 terra
1786 1219 2054 1291 suspensi.

468 1323 637 1382 Deum
670 1334 962 1396 portantes,
995 1324 1274 1395 pra-ceptis
1299 1329 1564 1383 tonanles,
1595 1315 1852 1387 sapientia
1898 1328 2056 1368 coru-

468 1430 720 1482 scantes;
757 1417 925 1484 illatn,
958 1429 1012 1472 ut
1042 1416 1170 1483 dixi,
1203 1416 1424 1485 gloriam
1461 1411 1576 1483 Dei,
1613 1426 1717 1483 qua
1754 1407 1886 1464 salvi
1933 1405 2056 1462 facti

468 1523 657 1564 smnus
684 1508 904 1580 indigni.
942 1509 1087 1563 llanc
1113 1507 1499 1576 indignitatem,
1541 1502 1592 1557 id
1633 1511 1738 1565 est,
1770 1516 1871 1570 qua
1907 1496 2053 1568 digni

469 1617 577 1657 non
608 1602 829 1665 fuimus,
878 1601 1117 1669 agnoscit
1158 1600 1298 1655 filius
1330 1600 1507 1653 minor
1545 1605 1782 1666 egestate
1826 1593 2058 1648 constri-

467 1705 625 1749 ctus:
655 1696 917 1766 agnoscit,
944 1696 1181 1765 inquam,
1209 1692 1344 1748 hanc
1374 1692 1742 1763 indignitatem
1770 1687 1909 1743 lilius
1956 1686 2055 1741 mi-

469 1799 572 1841 nor
597 1801 625 1839 a
650 1795 798 1855 patre
825 1785 977 1855 longe
1022 1785 1350 1855 peregrinus,
1378 1781 1683 1837 dmtnounm
1710 1779 1903 1843 cultor,
1932 1787 2052 1833 tau-

465 1891 625 1947 quam
671 1888 951 1946 porcorqu
998 1885 1207 1945 pastor;
1242 1874 1483 1946 agnoscit
1524 1872 1745 1943 gloriam
1797 1869 1913 1936 Dei,
1956 1865 2052 1924 sed

463 1975 702 2038 egestate
729 1972 1074 2023 constrictus.
1101 1966 1167 2023 Et
1201 1967 1323 2037 quia
1352 1966 1439 2021 illa
1476 1965 1641 2037 gloria
1690 1964 1781 2020 Dei
1812 1962 1932 2021 facti
1957 1978 2050 2020 su-

465 2074 584 2112 mus
610 2058 749 2129 quod
776 2058 919 2130 digni
948 2074 1055 2116 non
1099 2058 1317 2127 fuimus,
1359 2057 1488 2114 dicit
1513 2057 1578 2112 ad
1611 2057 1818 2113 Patrem
1851 2071 2049 2113 suum:

468 2146 588 2203 Non
616 2166 725 2203 sum
767 2150 953 2220 dignus
980 2151 1147 2205 vocari
1189 2149 1329 2219 [ilius
1356 2160 1472 2203 tuus
1499 2147 1648 2221 (Luc.
1679 2163 1770 2213 xv,
1795 2146 1887 2217 2|)
1923 2163 1937 2202 :
1970 2146 2051 2202 in-

465 2240 611 2305 felix,
643 2257 738 2309 per
764 2239 1119 2296 humilitatem
1159 2242 1402 2312 impetrat
1429 2239 1768 2303 felicitatem;
1796 2248 1850 2294 et
1885 2254 1953 2294 eo
1990 2252 2052 2294 se

461 2330 694 2386 ostendit
719 2331 957 2400 dignum,
989 2344 1096 2400 quo
1115 2331 1401 2386 confitetur
1435 2330 1728 2400 indignum.
1763 2327 1910 2384 lianc
1933 2327 2048 2400 glo-

459 2421 589 2475 riam
619 2418 714 2475 Dei
743 2420 857 2476 ω’ιί
885 2431 1145 2486 enarrant,
1187 2429 1235 2475 et
1261 2436 1414 2495 opera
1444 2436 1687 2474 manuum
1711 2418 1821 2492 ejus
1846 2435 2047 2474 annun-

460 2513 551 2567 tiat
576 2513 951 2579 ﬁrmamentum
980 2529 999 2567 :
1026 2512 1220 2569 eretum
1245 2511 1663 2579 firmamentum,
1692 2514 1902 2567 lirmum
1929 2525 2045 2576 cor,

460 2616 567 2655 non
619 2600 859 2657 timidum
896 2618 1010 2657 cor.
1062 2604 1385 2658 Anuuntiata
1420 2602 1561 2657 enim
1598 2611 1723 2658 sunt
1766 2602 1866 2659 ista
1910 2601 2051 2658 inter

460 2694 675 2762 impios,
724 2695 866 2750 inter
906 2696 1162 2750 adversos
1202 2693 1333 2761 Deo,
1374 2695 1514 2749 inter
1557 2703 1823 2750 amatores
1865 2692 2048 2749 mundi

462 2796 941 2857 perseeutoresque
964 2786 1229 2857 justorutn
1255 2802 1269 2839 :
1299 2786 1441 2844 inter
1453 2785 1760 2841 saevientem
1792 2784 2046 2841 mundum

459 2881 768 2935 amnmtiata
790 2891 913 2935 sunt
941 2880 1061 2935 ista.
1093 2879 1198 2936 Sed
1224 2878 1451 2936 saeviens
1480 2879 1712 2935 mundus
1733 2878 1860 2951 quid
1898 2888 2049 2951 pote-

457 2981 541 3028 rat
590 2973 788 3039 lacere,
818 2973 1033 3045 quando
1083 2972 1475 3029 firmamentum
1517 2973 1618 3028 ista
1656 2970 2049 3028 annuntiabat?

459 3062 738 3117 Annuutiat
778 3063 1150 3132 [irritamentum
1179 3078 1198 3118 :
1226 3062 1392 3134 quid?
1422 3064 1596 3132 Opera
1645 3079 1885 3117 manuum
1913 3064 2043 3129 eius.

458 3154 588 3221 Quae
614 3164 740 3209 sunt
766 3169 927 3225 opera
950 3170 1203 3210 manuum
1231 3155 1390 3224 ejus?
1426 3153 1605 3211 Gloria
1638 3153 1732 3209 Dei
1785 3154 1898 3219 illa,
1941 3168 2045 3226 qua

459 3246 591 3302 salvi
620 3246 741 3303 facti
786 3262 1001 3314 sumus,
1030 3261 1136 3318 qua
1178 3247 1345 3303 creati
1392 3245 1447 3302 in
1490 3244 1647 3301 bonis
1664 3245 1915 3316 operibus
1952 3260 2047 3301 su-

459 3355 611 3395 mus:
637 3338 802 3405 ipsius
820 3338 963 3394 enim
983 3353 1168 3395 sumus
1195 3339 1525 3409 figmentum,
1562 3336 1729 3392 creati
1749 3336 1802 3391 in
1832 3333 2048 3392 Christo

459 3427 586 3485 Iesu
621 3429 673 3483 in
699 3428 952 3499 operibus
990 3428 1147 3485 bonis
1191 3427 1409 3498 (Ephes.
1455 3443 1513 3493 ιι,
1558 3428 1686 3500 l0);
1733 3441 1839 3483 non
1869 3427 2045 3483 solum

459 3519 658 3591 quippe
677 3520 942 3589 homines,
955 3520 1049 3578 sed
1064 3521 1221 3575 etiam
1235 3521 1428 3592 justas,
1451 3520 1496 3576 si
1515 3531 1689 3577 tamen
1706 3535 1911 3589 sumus,
1935 3520 2049 3593 ipse

461 3610 588 3668 fecit
613 3627 733 3677 nos,
756 3621 811 3667 et
849 3627 955 3666 non
986 3612 1083 3683 ipsi
1106 3627 1202 3667 nos
1227 3610 1399 3685 (Psal.
1432 3627 1581 3675 χαις,
1609 3612 1691 3683 3).

532 3702 587 3756 4.
616 3699 767 3774 [vera
797 3698 877 3774 5.]
906 3700 1024 3757 Dies
1046 3702 1146 3757 diei
1187 3711 1379 3756 eructat
1419 3702 1641 3769 verbum,
1679 3711 1727 3757 et
1771 3719 1876 3759 nos:
1914 3703 2050 3758 nocti

462 3793 730 3848 annuntiat
754 3793 1012 3848 scientiam
1039 3810 1059 3848 :
1083 3794 1209 3865 quid
1239 3795 1358 3850 est?
1386 3793 1547 3850 Forte
1574 3794 1789 3866 planum
1814 3804 1869 3851 et
1894 3808 2051 3865 aper-

463 3893 576 3942 tum
606 3893 714 3948 est.
747 3882 869 3940 Dies
915 3884 1017 3939 diei
1053 3895 1249 3940 emetat
1275 3885 1510 3950 verbum;
1544 3894 1789 3955 apertum
1827 3895 1883 3942 et
1931 3886 2048 3957 pla-

463 3987 614 4038 num,
641 3979 890 4044 tanquam
922 3986 1020 4042 per
1041 3970 1183 4026 diem
1216 3987 1232 4025 :
1261 3971 1402 4043 quod
1445 3982 1621 4028 autem
1647 3988 1752 4027 ηοω
1773 3972 1910 4027 nocti
1954 3989 2050 4027 auo

463 4065 662 4120 nuntiat
686 4064 969 4130 scientiam,
995 4064 1281 4121 obscurum
1305 4073 1409 4132 est,
1434 4074 1680 4137 tanquam
1700 4081 1795 4137 per
1815 4072 2047 4121 noctem.

462 4154 587 4212 Dies
612 4156 733 4223 diei,
761 4156 931 4212 sancti
960 4158 1179 4224 sanctis,
1210 4157 1448 4227 Apostoli
1478 4157 1741 4222 fidelibus,
1772 4158 1886 4227 ipse
1904 4155 2052 4214 Chri-

462 4257 578 4304 stus
605 4248 895 4319 Apostolis,
926 4249 1119 4319 quibus
1146 4248 1279 4303 dixit
1307 4267 1322 4302 :
1358 4248 1457 4304 Vos
1504 4250 1622 4304 estis
1659 4251 1829 4304 lumen
1872 4250 2051 4305 mundi

468 4338 677 4408 (Matth.
708 4353 761 4392 v.
787 4339 897 4403 lt).
929 4342 966 4393 Α
976 4351 1181 4410 pertum
1209 4338 1311 4395 hoc
1335 4339 1540 4396 videtur
1558 4351 1614 4396 et
1635 4343 1849 4411 cognitu
1873 4340 2048 4401 facile.

464 4430 747 4498 Quomodo
774 4442 951 4486 autem
982 4448 1086 4487 nox
1113 4433 1249 4487 nocti
1278 4433 1544 4488 annuntiat
1568 4434 1870 4489 scientiam?
1911 4432 2053 4490 Non-

465 4524 594 4581 nulli
621 4523 734 4580 hmc
765 4525 925 4580 verba
949 4524 1258 4601 simpliciter
1282 4525 1679 4593 intellexerunt,
1711 4537 1765 4582 et
1785 4526 1921 4583 forte
1951 4526 2053 4585 hoc

464 4618 536 4674 sit
558 4632 742 4672 verum
757 4634 774 4682 ;
792 4619 1121 4673 :cStimantes
1148 4617 1245 4673 hac
1260 4619 1521 4675 sententia
1538 4620 1888 4690 significatum
1907 4634 2049 4689 esse,

464 4710 607 4783 quod
652 4720 893 4779 tempore
937 4710 1144 4765 Domini
1194 4709 1361 4765 nostri
1408 4710 1535 4767 Jesn
1576 4711 1793 4779 Christi,
1839 4726 1960 4767 cum
1997 4713 2053 4768 in

467 4812 608 4860 terra
639 4808 956 4855 versaretur.
993 4800 1229 4869 Apostoli
1263 4800 1564 4867 audierunt,
1591 4799 1693 4856 hoc
1724 4801 1776 4856 in
1809 4812 2053 4870 posteros
2100 4826 2105 4843 ι

464 4908 589 4950 esse
618 4892 919 4962 trajectum,
951 4901 1198 4963 utuqnam
1224 4891 1292 4946 de
1318 4899 1557 4963 tempore
1582 4891 1633 4946 iu
1663 4902 1872 4964 tempus
1900 4909 1913 4947 :
1945 4893 2054 4948 dies

477 4983 588 5046 liei.
621 4999 723 5037 uox
750 4982 907 5048 nocti,
938 4983 1083 5051 prior
1106 4982 1223 5038 dies
1250 4982 1527 5053 posteriori
1548 4982 1675 5047 diei,
1697 4992 1753 5039 et
1782 4982 1927 5053 prior
1946 4999 2053 5040 nos

469 5075 747 5147 posteriOt'i
776 5075 916 5130 nocti
937 5091 954 5141 ;
974 5075 1099 5145 quia
1125 5073 1241 5128 hinc
1265 5074 1504 5129 doctrina
1525 5074 1711 5132 diebus
1733 5086 1790 5131 et
1810 5076 2054 5133 noctibus

471 5164 810 5238 pru'dlCaIIIr.
840 5165 944 5222 Iste
967 5165 1192 5235 simplex
1237 5166 1535 5223 intellectus
1553 5167 1641 5222 cui
1683 5165 1882 5223 sufﬁcit
1905 5166 2052 5223 sufﬁ-

471 5261 595 5315 ciat.
637 5258 743 5315 Sed
789 5257 1045 5314 nonnulla
1086 5258 1244 5313 verba
1287 5256 1679 5329 Scripturarum
1725 5258 2052 5315 obscuritate

479 5364 572 5406 sua
603 5353 704 5406 ltoc
730 5350 1064 5421 profuerunt,
1103 5350 1244 5422 quod
1269 5351 1466 5407 multas
1492 5349 1866 5420 intelligentias
1892 5365 2054 5422 pepe-

473 5452 660 5498 rerunt
686 5459 703 5499 :
735 5444 913 5515 itaque
944 5442 1046 5500 hoc
1069 5443 1113 5499 si
1140 5443 1351 5514 planum
1372 5453 1536 5508 esset,
1555 5459 1716 5500 unum
1741 5443 1937 5515 aliquid
1954 5460 2053 5500 au-

479 5533 704 5597 diretis;
734 5535 856 5606 quia
881 5551 1009 5591 vero
1033 5535 1261 5590 obscure
1283 5533 1481 5590 dictum
1502 5545 1606 5600 est,
1636 5534 1801 5590 multa
1821 5536 2053 5593 audituri

472 5625 625 5682 estis.
655 5624 749 5681 Est
772 5636 827 5683 et
844 5627 980 5682 alius
1004 5625 1305 5683 intellectus
1333 5642 1347 5680 :
1377 5626 1482 5680 dies
1506 5626 1627 5694 diei,
1647 5642 1748 5681 nox
1770 5628 1926 5693 nocti,
1953 5626 2057 5684 hoc

474 5724 579 5780 est,
606 5717 823 5785 spiritus
850 5718 1091 5785 Spiritui,
1125 5732 1251 5773 caro
1279 5717 1446 5773 cat-ui.
1480 5717 1570 5772 Est
1595 5718 1769 5772 alius:
1800 5718 1907 5773 dies
1932 5718 2052 5787 diei,

467 5808 778 5881 spirituales
800 5808 1202 5881 spiritualibos;
1226 5818 1279 5871 et
1304 5825 1416 5868 ιιοπ
1434 5808 1591 5879 nocti,
1615 5808 1858 5870 carnales
1876 5825 2058 5870 carna-

1702 366 1762 426 S.
1801 358 2172 425 AUGUSTINI
2208 360 2510 425 EPISCOPI

2170 478 2327 536 libus.
2359 479 2586 552 Utrique
2612 482 2753 540 enim
2778 484 3022 553 audiunt,
3052 487 3153 544 etsi
3186 503 3291 543 non
3320 490 3535 561 utrique
3567 470 3762 548 simili-

2168 582 2252 627 ter
2278 575 2489 642 sapiunt
2519 596 2534 631 :
2568 578 2638 631 illi
2662 579 2802 633 enim
2834 579 3057 635 audiunt
3097 592 3345 654 tanquam
3379 585 3604 639 verbum
3634 601 3757 641 eru-

2167 676 2404 730 ctatnm;
2437 667 2509 721 illi
2564 680 2810 740 tanquam
2840 673 3117 728 scientiam
3160 679 3526 731 annuntiatam
3570 696 3584 730 :
3614 680 3762 745 quod

2165 758 2307 812 enim
2361 769 2619 827 ruttatur,
2667 764 3019 830 pra-sentibus
3063 778 3335 833 ructatur;
3388 769 3531 840 quod
3578 782 3762 826 autem

2164 853 2533 915 aunttntiatttr,
2566 852 2722 923 longe
2751 857 2937 925 positis
2962 860 3325 914 annuntiatur.
3376 860 3607 916 Possunt
3633 864 3763 917 creti

2164 954 2355 995 sensus
2387 942 2567 1011 plures
2622 945 2869 1013 inveniri,
2912 948 3005 1003 sed
3054 950 3391 1008 adhibendus
3436 966 3520 1008 est
3567 955 3766 1011 modus

2166 1042 2390 1103 pr0pter
2442 1037 2717 1105 angustias
2767 1042 3044 1108 pra-sentis
3074 1046 3349 1115 temporis.
3386 1047 3637 1104 Dicamus
3664 1066 3765 1106 au-

2165 1132 2274 1178 tem
2301 1135 2353 1180 et
2396 1141 2559 1182 unum
2601 1129 2822 1199 aliquid,
2853 1132 2995 1203 quod
3026 1135 3240 1204 quidam
3272 1140 3419 1193 velut
3461 1143 3764 1209 conjicien-

2164 1221 2246 1269 tes
2274 1216 2290 1246 ¹
2321 1230 2643 1284 aperuerunt
2680 1222 2933 1292 :quando
2982 1225 3256 1291 Dominus,
3287 1230 3555 1301 inquiunt,
3602 1232 3766 1290 Chri-

2162 1314 2276 1359 stus
2308 1306 2622 1377 loquebatur
2660 1311 2949 1381 Apustolis,
2994 1315 3111 1371 dies
3154 1319 3256 1374 tliei
3299 1324 3584 1378 eructabat
3632 1342 3763 1382 ver-

2162 1392 2321 1485 bum;
2343 1400 2743 1468 qnandolutlas
2778 1404 3060 1462 Dominum
3086 1408 3356 1466 Christum
3399 1417 3639 1485 prodidit
3666 1418 3766 1474 Ju-

2160 1484 2313 1553 da'is,
2342 1505 2446 1546 nox
2483 1494 2622 1547 nocti
2652 1500 2998 1553 annuntiabat
3023 1501 3321 1558 scientiam.

2230 1578 2285 1635 5.
2328 1577 2348 1652 [
2374 1597 2501 1635 vers.
2543 1584 2599 1648 5,
2628 1583 2707 1659 4.]
2736 1584 2854 1642 Νοιι
2886 1601 3001 1642 sunt
3042 1591 3259 1663 loquetur
3284 1611 3441 1665 neque
3461 1616 3730 1655 sermones
3748 1645 3764 1670 ,

2157 1686 2372 1741 quorum
2406 1690 2506 1729 non
2526 1678 2804 1732 audiuntur
2826 1695 2969 1736 t'oces
2997 1700 3167 1737 eorum
3197 1701 3216 1739 :
3242 1703 3490 1755 quorum,
3515 1693 3624 1745 nisi
3648 1712 3662 1745 (
3682 1710 3762 1749 m-

2161 1760 2335 1817 lornnt
2371 1763 2581 1822 illorum
2629 1771 2716 1836 qui
2759 1784 3013 1828 enarraut
3057 1776 3274 1845 gloriam
3318 1778 3453 1836 Dei?
3481 1781 3613 1837 Non
3646 1799 3767 1841 sunt

2157 1853 2372 1926 loquela
2410 1875 2569 1930 neque
2591 1877 2863 1929 sermones,
2911 1883 3123 1938 quorum
3171 1886 3271 1924 non
3302 1873 3586 1929 audiantur
3617 1893 3766 1934 voces

2157 1964 2358 2004 eorum.
2390 1950 2573 2022 Legite
2590 1956 2756 2012 Actus
2783 1963 2814 2010 Λ
2829 1960 3178 2028 postulortttu,
3206 1967 3477 2032 quomodo
3504 1970 3767 2024 veniente

2155 2053 2320 2111 super
2340 2058 2434 2098 eos
2457 2045 2658 2117 Spit-itu
2708 2060 2913 2114 sancto,
2946 2068 3135 2108 «mutes
3160 2054 3360 2124 impleti
3385 2069 3508 2113 sunt
3538 2058 3683 2128 illo;
3712 2072 3766 2118 et

2158 2130 2519 2223 loquebantur
2558 2136 2751 2208 linguis
2788 2142 3024 2197 omnium
3065 2146 3325 2215 gentium,
3356 2150 3497 2205 sicut
3519 2153 3766 2223 Spiritus

2154 2221 2316 2279 dabat
2350 2225 2430 2281 eis
2463 2229 2809 2296 pronuntiare
2837 2233 2971 2301 (Act.
3005 2250 3062 2302 ιι,
3090 2234 3168 2306 4).
3221 2237 3356 2293 Ecce
3385 2256 3487 2295 non
3520 2221 3654 2297 sunt
3684 2244 3760 2299 ιο.

2153 2315 2317 2384 quela!
2350 2333 2511 2387 neque
2554 2335 2827 2386 sermones.
2874 2342 3088 2390 quorum
3142 2346 3245 2384 non
3291 2334 3575 2389 audiantur
3617 2352 3765 2393 voces

2153 2420 2328 2459 eorum
2355 2421 2374 2461 :
2401 2408 2494 2463 sed
2525 2424 2631 2465 non
2660 2412 2730 2466 ibi
2775 2422 2977 2470 lanttttn
3021 2417 3107 2472 ubi
3151 2419 3352 2491 impleti
3384 2434 3512 2480 sunt
3546 2444 3763 2484 sonue-

2153 2505 2318 2563 runt;
2347 2496 2415 2552 Iu
2442 2516 2640 2556 omnem
2665 2511 2851 2559 terram
2889 2508 3010 2561 exiit
3052 2527 3207 2565 sonus
3241 2529 3434 2579 eorum,
3466 2519 3603 2573 etin
3636 2520 3766 2588 ﬁnes

2155 2586 2290 2642 orbis
2321 2598 2470 2645 terra:
2499 2592 2649 2647 verba
2675 2611 2866 2650 eorum.
2915 2597 3040 2654 Ideo
3074 2611 3129 2657 et
3158 2618 3255 2657 nos
3291 2602 3378 2660 hic
3429 2586 3719 2679 loquimur
3749 2633 3761 2668 :

2153 2691 2319 2735 sonus
2338 2682 2484 2737 enim
2516 2683 2607 2739 ille
2643 2685 2710 2741 ad
2747 2703 2845 2743 nos
2873 2704 3044 2761 usque
3090 2697 3353 2764 pervenit,
3380 2714 3547 2755 sonus
3584 2706 3685 2774 qui
3712 2707 3763 2762 in

2152 2784 2367 2828 omnem
2397 2783 2594 2830 terram
2640 2779 2793 2845 exiit,
2820 2791 2873 2836 et
2904 2780 3189 2841 limreticus
3215 2788 3508 2846 Ecclesium
3534 2810 3657 2851 non
3685 2797 3765 2853 iu-

2152 2869 2283 2918 trat.
2316 2863 2444 2920 Ideo
2466 2881 2633 2923 sonus
2663 2869 2717 2925 in
2749 2886 2964 2928 omnem
2988 2884 3185 2932 terram
3215 2879 3364 2946 exiit,
3395 2895 3444 2936 nt
3471 2893 3527 2938 tu
3559 2885 3623 2939 in
3653 2905 3762 2945 co:-

2152 2953 2262 3048 lura
2315 2957 2503 3016 intres.
2552 2960 2599 3017 Ο
2638 2964 3024 3034 pestilentiose,
3069 2968 3334 3041 litigiose,
3388 2979 3664 3048 pessime.
3710 2992 3762 3037 et

2152 3045 2331 3104 adhuc
2360 3066 2545 3108 errare
2574 3053 2798 3119 volens;
2827 3070 2862 3111 o
2898 3060 3129 3130 superbe
3174 3063 3267 3126 fili.
3298 3045 3420 3121 audi
3450 3077 3758 3129 testamen-

2156 3146 2267 3195 tum
2294 3142 2460 3210 patris
2482 3145 2578 3198 tui.
2606 3143 2770 3213 Ecce,
2800 3149 2925 3217 quid
2958 3151 3186 3221 planius,
3214 3157 3340 3226 quid
3370 3162 3667 3229 apertius?
3696 3163 3759 3219 In

2153 3246 2357 3288 omnem
2388 3243 2577 3292 terram
2601 3239 2722 3292 exiit
2742 3256 2898 3296 sonus
2921 3259 3118 3311 eorum,
3144 3247 3264 3301 etin
3290 3249 3417 3318 ﬁnes
3437 3253 3578 3308 orbis
3607 3264 3759 3311 terra

2152 3325 2303 3380 verba
2323 3342 2522 3382 eorum.
2550 3328 2814 3403 Numquid
2842 3337 3149 3405 expositore
3169 3354 3304 3411 Opus
3319 3342 3436 3396 est?
3461 3346 3609 3413 Quid
3631 3364 3761 3404 Cull-

2153 3425 2234 3471 tra
2265 3427 2316 3473 te
2337 3420 2589 3512 conaris?
2618 3421 2827 3479 Partem
2867 3428 2947 3482 vis
2984 3427 3039 3483 in
3065 3429 3159 3486 lite
3197 3433 3449 3502 retinere,
3479 3439 3572 3509 qui
3601 3451 3760 3512 potes

2152 3515 2322 3564 totum
2351 3510 2403 3566 in
2427 3513 2715 3570 concordia
2737 3518 3008 3575 retinere?

2225 3601 2279 3656 6.
2322 3600 2497 3675 [vers.
2538 3603 2619 3679 6.]
2658 3605 2726 3661 In
2764 3608 2874 3664 sole
2912 3613 3082 3682 posuit
3125 3615 3507 3675 tabernaculum
3549 3640 3757 3683 suum:

2156 3690 2213 3747 in
2240 3693 2673 3752 manifestatiooe
2697 3697 2995 3758 Ecclesiam
3034 3720 3220 3773 suam,
3271 3725 3379 3765 non
3426 3712 3477 3767 in
3502 3718 3753 3786 occulto,

2159 3797 2266 3839 non
2317 3800 2438 3856 qua:
2484 3786 2663 3856 lateat,
2697 3806 2803 3846 non
2842 3794 2989 3849 velut
3026 3807 3267 3867 opertam
3296 3803 3353 3869 ’ς
3396 3820 3463 3861 ne
3495 3804 3647 3864 forte
3673 3810 3757 3867 fiat

2154 3878 2293 3934 sicut
2318 3888 2503 3950 operta
2528 3896 2691 3952 super
2708 3899 2900 3955 greges
2925 3886 3320 3947 luereticorum.
3354 3894 3564 3952 Dictum
3598 3912 3685 3956 est
3704 3914 3753 3957 et

2152 3972 2364 4030 cuidam
2410 3973 2465 4031 in
2514 3973 2786 4047 Scriptura
2827 3989 3031 4048 sancta,
3064 3981 3317 4051 Quoniam
3352 3997 3407 4041 tu
3444 3989 3498 4043 iu
3550 3995 3753 4050 occulto

2154 4064 2336 4136 fecisti,
2363 4066 2569 4138 patieris
2604 4067 2660 4122 in
2693 4069 2799 4123 sole
2829 4067 2893 4138 (ll
2928 4068 3056 4142 Reg.
3096 4089 3192 4141 xu,
3213 4074 3302 4147 12)
3332 4092 3348 4131 :
3380 4077 3479 4134 bac
3506 4090 3635 4150 est,
3661 4098 3750 4139 oc-

2154 4159 2298 4214 culte
2321 4160 2519 4214 malum
2541 4159 2737 4226 fecisti,
2768 4176 2956 4232 pmuas
2981 4166 3197 4232 patieris
3230 4167 3281 4221 in
3306 4170 3544 4225 omnium
3574 4176 3750 4230 mani-

2156 4245 2461 4304 festatione.
2504 4248 2573 4302 In
2623 4250 2731 4304 sole
2779 4266 2910 4323 ergo
2956 4254 3122 4324 posuit
3166 4258 3549 4314 tabernuculmn
3576 4282 3747 4319 suum.

2154 4337 2292 4407 Quid
2317 4346 2395 4406 tu,
2425 4339 2702 4397 hmretice.
2733 4339 2871 4411 fugis
2900 4343 2950 4396 in
2984 4345 3274 4400 tenebras?
3300 4347 3642 4409 Chrisuanus
3661 4355 3749 4411 es?

2156 4429 2279 4485 audi
2305 4429 2601 4485 Christum.
2634 4430 2844 4487 Servus
2868 4434 2967 4488 es?
2990 4436 3110 4490 attdi
3137 4437 3435 4496 dominum.
3464 4441 3636 4501 Filius
3660 4448 3748 4504 est

2156 4521 2279 4576 andi
2311 4530 2516 4591 patrem
2544 4522 2884 4589 :ctuendare,
2904 4526 3181 4583 revivi~ce.
3218 4529 3467 4588 Dicamus
3491 4536 3639 4592 etde
3664 4547 3743 4592 te:

2159 4614 2397 4670 Mortuus
2426 4625 2555 4682 erat,
2580 4627 2629 4671 et
2654 4617 2874 4682 revixit;
2905 4618 3142 4689 perierat,
3167 4630 3213 4674 et
3237 4622 3467 4679 inventus
3494 4636 3568 4681 est
3597 4627 3741 4701 (Luc.

2108 4732 2131 4791 il
2159 4720 2248 4771 xv,
2277 4705 2392 4775 δί).
2418 4703 2535 4761 Non
2572 4706 2701 4761 mibi
2732 4706 2900 4770 dicas,
2929 4706 3125 4778 thnid
3156 4727 3239 4764 me
3263 4717 3482 4782 qttmris,
3503 4719 3547 4771 si
3576 4719 3744 4791 perii?

2157 4795 2285 4853 Ideo
2311 4797 2454 4852 enim
2485 4808 2536 4852 te
2576 4813 2782 4868 qumro,
2814 4798 2938 4868 quia
2969 4801 3190 4869 periisti.
3219 4802 3371 4869 Noli,
3421 4806 3616 4877 inquit.
3661 4825 3741 4865 mc

2158 4901 2403 4960 qumrere
2431 4906 2445 4944 :
2476 4890 2579 4945 hoc
2609 4907 2738 4945 sane
2768 4890 2877 4945 vult
2909 4889 3180 4960 iniquitas,
3211 4909 3313 4965 qua
3339 4895 3493 4951 divisi
3529 4916 3736 4961 sumus;

2158 4980 2254 5037 sed
2283 4997 2389 5036 nou
2418 4982 2533 5037 vult
2573 4982 2832 5047 Charitas,
2863 4998 2964 5054 qua
2998 4982 3187 5040 fratres
3236 5001 3440 5042 sutnUs.
3473 4990 3738 5061 Improbus

2159 5087 2266 5127 non
2288 5087 2487 5140 essem,
2517 5072 2560 5127 si
2589 5088 2889 5145 quaererem
2916 5089 3129 5130 servum
3158 5093 3369 5143 meum;
3401 5090 3456 5137 et
3476 5080 3738 5153 improbus

2158 5162 2331 5226 dicor,
2361 5164 2487 5233 quia
2513 5178 2696 5233 quaero
2727 5165 2943 5220 fratrem
2973 5167 3194 5222 meum?
3220 5168 3309 5225 Sic
3332 5170 3502 5241 sapiat
3545 5174 3598 5230 in
3639 5187 3737 5242 quo

2160 5256 2391 5312 fraterna
2414 5256 2649 5311 cltaritas
2675 5270 2781 5313 non
2814 5266 2918 5326 est,
2949 5275 3050 5331 ego
3087 5268 3266 5317 tamen
3312 5279 3495 5332 qumro
3524 5264 3734 5321 fratrem

2159 5362 2362 5403 meum.
2395 5346 2681 5414 irascatur,
2706 5349 2834 5404 dum
2869 5361 3045 5406 tamen
3074 5361 3363 5423 quarratur,
3385 5356 3474 5424 qui
3503 5357 3733 5412 inventus

2165 5438 2425 5510 placatur.
2474 5439 2692 5508 Quzcro,
2741 5443 2979 5513 inquam,
3028 5443 3244 5501 fratrem
3272 5462 3473 5517 meum,
3501 5458 3555 5504 et
3579 5449 3731 5504 inter-

2163 5530 2305 5602 pello
2326 5547 2433 5586 non
2462 5541 2649 5587 contra
2674 5532 2844 5602 illum,
2862 5533 2957 5589 sed
2981 5550 3078 5604 pro
3106 5537 3196 5590 illo
3224 5537 3503 5594 Dontinum
3527 5554 3691 5594 meum
3714 5554 3727 5590 :

2162 5639 2265 5682 nec
2286 5624 2459 5680 dicam
2488 5626 2856 5697 interpellans,
2892 5628 3136 5695 Domine,
3159 5628 3245 5684 die
3272 5629 3419 5686 fratri
3449 5647 3567 5687 meo
3587 5642 3639 5685 ut
3657 5629 3728 5684 di-

2224 5762 2244 5825 t
2274 5759 2461 5825 Aliquot
2480 5766 2608 5821 Itss.,
2633 5761 2903 5813 concinens.

2227 5824 2250 5858 ³
2270 5832 2346 5877 διο
2362 5822 2475 5875 tlss.
2499 5830 2557 5876 At
2576 5831 2687 5877 Lov.
2709 5826 2889 5879 omissa
2911 5826 3196 5891 negatione,
3216 5822 3541 5892 telutoperta.
