3950 6396
125 425 206 485 161

122 539 247 596 vidat
268 546 468 590 mecum
495 526 854 585 hereditatem
887 524 1038 599 (Luc.
1067 539 1160 583 xu.
1185 523 1301 595 I5);
1321 520 1436 582 sed.
1464 519 1549 573 dic
1568 515 1674 571 l‘ra-

123 631 180 687 tri
207 643 315 682 meo
356 635 414 677 ut
451 631 621 677 teneat
667 635 875 674 mecum
921 616 1312 672 tuereditatetn.
1358 611 1496 679 Quid
1544 623 1674 680 ergo

125 733 274 781 erras,
304 713 505 769 frater?
547 709 668 781 quid
699 725 794 778 per
822 707 1045 778 angulos
1097 704 1267 776 fugis?
1315 702 1440 771 quid
1469 701 1678 755 latitare

125 807 351 869 conaris?
382 805 444 860 In
488 807 591 860 sole
630 805 794 874 posuit
825 800 1203 856 tabernaculum
1246 813 1416 852 suum.
1458 792 1527 847 Et
1573 793 1682 860 ipse

126 919 334 972 tant/uani
361 914 583 968 sponsus
603 897 881 967 procedens
905 897 969 949 de
988 893 1211 948 thalamo
1236 907 1350 947 suo.
1384 889 1516 944 Puto
1537 883 1682 956 quod

123 1009 355 1066 agnoscas
392 1008 536 1048 eum.
583 991 676 1045 Ille
719 999 969 1058 tanquam
1013 1001 1242 1057 sponsus
1282 981 1578 1055 procedens
1615 977 1684 1034 de

126 1088 335 1144 thalamo
358 1099 480 1147 suo,
511 1082 780 1138 exsultavit
817 1090 872 1133 ut
908 1079 1052 1150 gigas
1074 1077 1144 1130 ad
1188 1073 1490 1130 currendum
1516 1071 1683 1134 viam;

125 1183 223 1250 ipse
258 1180 307 1232 in
345 1177 448 1231 sole
477 1174 645 1246 posuit
683 1171 1065 1228 tabernaculum
1106 1185 1257 1224 suum
1286 1183 1306 1222 :
1329 1166 1433 1222 hoc
1460 1176 1564 1230 est,
1595 1163 1686 1217 ille

129 1281 353 1341 tanquam
381 1283 632 1338 sponsus,
674 1280 796 1320 cum
837 1262 1074 1318 Verbum
1114 1276 1242 1316 caro
1273 1261 1468 1312 factum
1496 1265 1601 1320 est,
1629 1255 1684 1309 in

126 1374 259 1422 utero
285 1360 526 1432 virginali
555 1357 853 1414 thalamum
881 1354 1112 1417 invenit;
1153 1360 1313 1422 atque
1344 1348 1465 1404 inde
1487 1355 1689 1401 natura:

127 1458 421 1526 coniunctus
452 1452 723 1513 humanae,
767 1457 1018 1518 tanquam
1062 1445 1132 1500 de
1175 1441 1474 1499 castissima
1504 1452 1692 1510 proce-

131 1549 247 1605 dens
273 1544 454 1606 cubili.
487 1540 710 1597 humilis
739 1535 1108 1595 misericordia
1139 1533 1276 1589 infra
1296 1545 1502 1591 omnes.
1541 1526 1693 1583 I'ortis

131 1639 378 1708 maiestate
407 1649 573 1703 super
596 1645 807 1687 omnes.
842 1629 956 1685 Hoc
983 1636 1064 1681 est
1092 1625 1259 1689 enim,
1293 1625 1437 1695 gigas
1469 1619 1694 1674 exsulta-

132 1735 188 1789 rit
206 1731 267 1785 ad
292 1727 590 1783 currendum
618 1726 750 1780 viam
771 1739 790 1778 :
813 1730 972 1776 natus
991 1728 1097 1783 est,
1121 1715 1318 1779 crevit,
1346 1712 1545 1776 docuit,
1577 1724 1696 1780 pas-

132 1839 211 1880 sus
247 1830 354 1883 est.
403 1817 735 1881 resurrexit,
781 1811 1053 1875 ascrndit;
1092 1807 1328 1864 cucurrit
1373 1805 1546 1863 viam.
1589 1816 1693 1856 non

135 1917 270 1972 hatsit
293 1915 341 1968 in
373 1912 479 1966 via.
515 1911 660 1965 Idem
688 1908 804 1979 ipse
843 1921 971 1976 ergo
1010 1915 1240 1972 sponsus
1279 1898 1369 1970 qui
1409 1896 1524 1952 htcc
1551 1892 1692 1958 fecit,

136 2008 233 2077 ipse
259 2005 427 2076 posuit
451 2005 505 2057 in
536 2003 663 2064 sole.
704 2000 808 2055 hoc
847 2006 931 2053 est
973 1996 1024 2050 in
1055 1991 1506 2053 manifestatione,
1534 1986 1700 2041 taber-

137 2100 344 2154 naculum
383 2113 557 2157 suum,
589 2094 692 2149 hoc
720 2106 805 2149 est
833 2100 1070 2147 sanctam
1102 2087 1391 2142 Ecclesium
1420 2096 1590 2139 suam.

193 2193 236 2247 Ἰν
279 2190 447 2264 [ιιεη.
478 2188 561 2261 7.]
603 2189 771 2256 Quam
808 2193 988 2240 autem
1032 2183 1169 2237 viam
1225 2181 1334 2234 cito
1360 2175 1596 2232 cucurrit
1621 2173 1702 2229 vis

138 2282 333 2337 audire?
362 2283 400 2336 Α
425 2297 626 2334 sutnnto
651 2278 776 2333 caelo
817 2275 1033 2347 egressio
1074 2274 1207 2344 ejus,
1252 2280 1299 2324 et
1328 2283 1568 2323 occursus
1593 2268 1702 2338 ejus

139 2393 273 2443 usque
303 2373 368 2427 ad
392 2389 651 2427 smnmum
687 2371 817 2440 ejus.
860 2368 1049 2422 Postea
1082 2380 1209 2421 vero
1257 2377 1418 2433 quam
1468 2358 1704 2417 excurrit

141 2468 263 2530 inde,
291 2475 342 2522 et
368 2465 701 2522 recurrendo
727 2462 1011 2526 remeavit,
1055 2459 1200 2518 misit
1234 2455 1492 2525 Spiritum
1521 2465 1700 2508 suum.

143 2559 262 2613 Visa:
281 2569 399 2612 sunt
422 2558 541 2612 illis
565 2571 727 2624 super
772 2569 906 2625 quos
929 2552 1093 2613 venit,
1128 2550 1320 2619 lingute
1349 2546 1534 2602 divisa:
1559 2543 1704 2600 velut

137 2652 253 2722 ignis
274 2649 405 2723 (Act.
437 2667 494 2714 tt,
539 2649 616 2722 '5).
647 2648 796 2702 Sicut
827 2648 961 2718 ignis
1007 2644 1152 2698 venit
1204 2641 1435 2711 Spiritus
1466 2647 1702 2703 sanctus,

137 2744 308 2799 Itenum
338 2742 528 2797 carnis
550 2748 988 2810 consumpturus.
1017 2751 1204 2790 aurum
1227 2742 1478 2786 cocturus
1503 2740 1556 2782 ct
1579 2743 1704 2798 pur-

135 2847 366 2907 sciturus;
397 2835 546 2891 sicut
576 2832 713 2903 ignis
745 2831 909 2888 venit.
947 2839 1002 2884 et
1045 2826 1164 2881 ideo
1203 2825 1466 2894 sequitur,
1511 2820 1577 2875 Et
1607 2836 1708 2874 non

134 2942 197 2983 est
220 2929 296 2999 qui
313 2945 364 2982 sc
378 2927 667 2982 abscondat
687 2942 718 2977 a
740 2923 912 2978 calore
931 2922 1061 2990 ejus.

192 3019 240 3076 8.
277 3018 444 3091 [verm
512 3015 592 3087 8.]
635 3013 741 3069 Lex
792 3011 994 3066 Domini
1045 3007 1374 3063 immaculata
1420 3013 1710 3060 convertens

138 3112 326 3164 animos.
361 3111 470 3164 Iloe
516 3117 600 3162 est
628 3106 858 3174 Spiritus
901 3111 1137 3156 sanctus.
1194 3098 1552 3153 Testimonium
1601 3093 1705 3148 Do-

137 3204 243 3256 mini
267 3202 427 3270 ﬁdcle,
456 3198 778 3268 sapientiam
819 3204 1068 3263 pra'stuns
1099 3191 1326 3264 parvulis
1354 3205 1496 3244 :non
1527 3202 1713 3256 super-

139 3294 223 3348 bis.
249 3293 354 3349 Huc
379 3302 460 3348 est
485 3291 731 3356 Spiritus
759 3297 996 3340 sanctus.

195 3385 241 3440 9.
283 3383 451 3456 (vers.
513 3380 593 3452 9.]
633 3379 856 3433 Justitia'
895 3375 1107 3431 Domini
1133 3385 1328 3429 rectm:
1367 3389 1471 3428 nOn
1501 3383 1714 3425 tcrrcn-

141 3486 222 3538 tes,
251 3477 337 3530 sed
375 3466 704 3541 ludiﬁcantes
746 3471 918 3523 corda.
955 3468 1064 3523 Ilnc
1095 3477 1172 3521 est
1207 3466 1436 3533 Spiritus
1475 3472 1710 3517 sanctus.

141 3565 430 3637 Prwcrptum
471 3563 695 3619 Domini
740 3561 985 3623 Incidunt,
1030 3560 1325 3612 illuminans
1370 3556 1564 3622 oculos,
1610 3572 1713 3608 uolt

145 3656 376 3712 hebetatis
410 3676 420 3710 :
448 3675 478 3710 ιι
503 3673 570 3709 on
597 3655 772 3709 carnis
812 3654 1019 3716 tu-ulos,
1070 3652 1162 3705 sed
1193 3651 1403 3713 cordis;
1434 3667 1540 3704 non
1570 3659 1717 3703 exte-

143 3750 277 3805 rioris
304 3749 552 3804 liOlltltI-ls
571 3788 588 3813 ,
622 3745 716 3801 sed
745 3743 1039 3798 interioris.
1086 3743 1198 3797 lloc
1227 3753 1308 3796 est
1335 3741 1564 3810 Spiritus
1589 3755 1716 3794 san-

143 3849 261 3896 ctus.

201 3934 277 3988 ll).
320 3933 503 4006 [vers-
540 3928 654 4000 10.]
699 3927 870 3981 Timor
916 3924 1122 3979 Domini
1152 3940 1170 3978 :
1199 3939 1302 3976 non
1342 3922 1574 3984 servilis,
1624 3920 1718 3974 sed

142 4037 321 4091 Castus;
349 4026 531 4097 gratis
557 4037 764 4087 amans,
798 4037 902 4075 non
937 4018 1111 4088 puniri
1154 4017 1348 4070 timens
1374 4015 1440 4068 ab
1465 4031 1534 4067 eo
1555 4028 1718 4083 quem

144 4120 322 4182 tremit,
351 4118 444 4173 sed
475 4115 720 4185 separari
752 4112 819 4165 ab
844 4127 908 4167 co
929 4125 1088 4181 quem
1115 4107 1303 4175 diligit.
1337 4105 1438 4159 Iste
1460 4115 1536 4158 est
1562 4105 1722 4159 timor

144 4222 323 4272 castus.
353 4228 457 4265 non
494 4223 654 4280 quem
697 4213 1060 4260 consummata
1101 4200 1337 4254 charitas
1371 4196 1514 4252 foras
1553 4195 1720 4250 tuittit

147 4302 184 4374 (1
210 4303 354 4356 Joan.
393 4319 470 4362 tv.
519 4303 644 4370 IS);
690 4296 784 4352 sed
830 4310 1128 4366 permanens
1164 4294 1216 4345 in
1250 4293 1486 4344 steculunt
1525 4288 1720 4343 surculi.

148 4395 234 4449 llic
259 4408 338 4448 ιιςι
380 4396 620 4467 Spiritus
659 4399 909 4453 sanctus;
963 4387 1012 4441 id
1043 4396 1146 4450 est,
1194 4385 1332 4438 hunc
1368 4384 1551 4443 donat,
1579 4383 1718 4434 hunc

148 4487 357 4550 tonio-rt,
385 4488 530 4540 hunc
553 4483 735 4536 inserit
758 4480 983 4548 Spiritus
1014 4489 1248 4532 sanctus.
1280 4474 1490 4528 Iudicia
1516 4472 1723 4526 Domini

148 4596 270 4646 veru,
292 4581 585 4648 justi/icata
621 4577 671 4628 in
711 4575 930 4644 itlipsunt
968 4588 986 4624 :
1013 4586 1118 4625 nan
1161 4572 1224 4622 ad
1257 4569 1399 4622 rixas
1427 4565 1723 4633 divisionis,

151 4673 231 4723 sed
275 4673 339 4726 ad
386 4665 860 4739 congregationem
910 4661 1162 4725 unitatis;
1207 4660 1306 4713 hoc
1351 4670 1432 4712 est
1474 4658 1641 4722 enim,
1674 4657 1726 4716 in

153 4761 375 4831 itlipsunt.
441 4763 558 4816 Hoc
624 4769 706 4813 est
762 4755 993 4826 Spiritus
1049 4764 1282 4807 sanctus.
1347 4751 1472 4807 Ideo
1533 4750 1728 4820 linguis

149 4858 372 4911 omnium
403 4853 551 4924 loqui
603 4851 745 4915 fecit,
792 4849 842 4902 in
887 4862 1020 4919 quos
1051 4846 1226 4916 primo
1253 4845 1432 4907 venit;
1469 4846 1590 4915 quia
1622 4844 1726 4898 litt-

153 4960 267 5017 guas
297 4949 542 5003 omnium
568 4945 806 5015 gentium
830 4943 882 4997 in
920 4941 1178 4996 unitatem
1205 4954 1264 4994 sc
1283 4948 1727 5010 congregaturum

153 5051 263 5093 esse
304 5039 594 5094 nuntiavit.
636 5035 788 5104 Quod
835 5043 959 5088 tunc
989 5031 1217 5086 faciebat
1255 5045 1394 5084 unus
1435 5029 1596 5085 homo
1641 5045 1731 5085 ac-

156 5140 304 5198 cepto
331 5130 540 5199 Spiritu
571 5135 779 5188 sancto,
815 5133 871 5179 ut
906 5137 1042 5178 unus
1086 5121 1246 5176 homo
1274 5120 1466 5192 linguis
1492 5121 1731 5176 omnium

154 5218 487 5289 loqueretur;
519 5219 620 5272 hoc
645 5215 806 5271 modo
841 5215 950 5284 ipsa
981 5214 1156 5269 unitas
1184 5214 1326 5281 facit,
1346 5213 1537 5284 linguis
1557 5211 1730 5267 omni-

154 5311 249 5368 bus
272 5313 531 5384 loquitur.
567 5311 626 5366 Et
655 5309 815 5366 modo
843 5324 978 5363 unus
1005 5307 1166 5362 homo
1193 5308 1244 5361 in
1274 5306 1522 5361 omnibus
1561 5305 1733 5377 genti-

157 5401 249 5458 bus
277 5405 474 5476 linguis
519 5403 768 5458 omnibus
806 5401 1060 5470 loquitur,
1105 5414 1244 5453 unus
1288 5397 1448 5453 homo
1496 5409 1655 5467 caput
1679 5405 1735 5454 et

138 5475 373 5564 icorpus,
409 5510 547 5550 unus
577 5495 739 5549 homo
782 5493 1023 5550 Christus
1061 5500 1114 5547 et
1147 5491 1404 5558 Ecclesia,
1453 5492 1533 5546 vir
1560 5489 1733 5560 perle-

159 5513 359 5564 corpus,
409 5513 547 5550 unus
577 5513 739 5549 nomo
782 5513 1023 5550 Curtsws
1061 5513 1114 5547 et
1147 5513 1404 5558 nectcsta,
1453 5513 1533 5546 vrr
1560 5513 1731 5560 perte-

138 5513 286 5647 Ltus.
314 5588 404 5643 ille
431 5603 682 5658 sponsus,
705 5587 794 5642 illa
824 5599 1016 5656 sponsa
1043 5603 1058 5639 :
1087 5585 1179 5637 sed
1208 5593 1376 5648 erunt,
1415 5583 1605 5654 inquit,
1630 5582 1731 5638 duo

157 5676 207 5732 in
229 5695 379 5734 carne
407 5697 510 5734 una
535 5678 684 5752 (Gen.
715 5694 772 5744 Il,
794 5677 906 5750 Si).
940 5677 1146 5732 Iudicia
1176 5675 1270 5732 Dei
1311 5693 1427 5733 vero
1443 5677 1734 5750 justiﬁcata

165 5770 217 5824 in
243 5772 468 5842 idipsum
493 5790 512 5829 :
541 5781 763 5846 propter
783 5772 1063 5850 unitatem.

233 5863 320 5920 11.
359 5863 530 5938 [κη.
571 5864 688 5940 11.]
724 5861 1093 5922 Dosidaobilio
1116 5879 1270 5936 super
1305 5871 1558 5919 aurumst
1584 5863 1722 5936 lapi-

1181 402 1574 470 ENABRA'I‘IO
1611 400 1677 458 IN
1717 397 2044 458 PSALMUM
2080 395 2267 457 XVIII.

3265 394 3373 455 £6!

1789 513 1902 566 dem
1949 512 2221 583 pretiosum
2272 510 2485 565 multant
2525 524 2546 564 :
2586 515 2678 564 aut
2721 507 2948 564 mttltum
3000 523 3230 576 aurum,
3281 520 3376 567 aut

1792 605 2018 661 mttltum
2046 605 2354 675 pretiosmn,
2375 613 2465 657 ant
2491 603 2716 658 nutltum
2752 602 3161 667 desiderabilia;
3185 613 3366 660 tamen

1788 697 2050 762 multum,
2107 696 2362 751 Ita-retice
2425 711 2629 766 parum.
2681 695 2796 751 Νοιι
2855 695 3132 751 nobiscum
3183 707 3366 752 amant

1791 788 2043 858 idipsum.
2076 799 2131 843 ct
2184 787 2462 842 nobiscum
2504 788 2826 843 conﬁtentur
2867 787 3158 844 Christum.
3192 787 3372 855 Ipsum

1791 898 1950 948 quem
1978 897 2189 937 mecum
2211 881 2483 937 conﬁteris
2501 880 2794 947 Christum,
2814 882 2984 951 ipsutn
3001 898 3120 936 atna
3143 898 3378 938 mecum.

1793 974 1862 1029 Et
1890 974 1981 1044 qui
2033 973 2261 1044 idipsum
2305 990 2410 1028 non
2438 974 2586 1036 vult.
2623 984 2864 1037 recusat,
2912 975 3246 1040 recalcitrat,
3290 990 3380 1030 re-

1792 1065 1936 1138 spuit
1975 1083 1991 1120 :
2019 1080 2128 1121 non
2159 1064 2232 1120 illi
2263 1074 2348 1120 est
2377 1064 2732 1121 desiderabile
2777 1064 2880 1120 hoc
2905 1081 3068 1136 super
3109 1080 3299 1121 aurum
3329 1076 3385 1122 et

1794 1156 2029 1227 lapidem
2059 1157 2354 1228 pretiosum
2381 1157 2628 1211 multum.
2664 1156 2798 1211 Audi
2830 1157 2971 1212 aliud
2998 1176 3012 1213 :
3038 1156 3103 1212 Et
3128 1158 3383 1225 dulciora,

1793 1248 1964 1318 inquit
1988 1289 2006 1315 ,
2057 1265 2210 1316 super
2253 1247 2354 1304 mel
2391 1259 2437 1302 et
2467 1253 2656 1321 favum.
2691 1247 2797 1304 Sed
2845 1247 2947 1304 hoc
2973 1248 3254 1304 adversum
3303 1258 3388 1305 est

1793 1341 1992 1396 erranti
2041 1359 2054 1396 :
2091 1341 2196 1397 mel
2224 1356 2466 1396 amarum
2503 1350 2586 1396 est
2634 1341 2903 1406 lebrienti,
2941 1341 3100 1398 dulce
3127 1349 3303 1398 tamen
3333 1352 3389 1398 et

1795 1431 2126 1501 acceptabile
2166 1442 2376 1499 sanato,
2405 1433 2528 1502 quia
2564 1447 2748 1486 carum
2797 1439 2880 1487 est
2906 1431 3142 1486 sanitati.
3178 1429 3389 1487 Deside-

1798 1522 1982 1576 rabilia
2019 1539 2174 1592 super
2211 1539 2392 1577 aurum
2419 1532 2466 1577 et
2492 1523 2712 1593 lapidem
2762 1523 3038 1594 pretiosum
3078 1523 3315 1592 multum,
3343 1529 3392 1578 et

1799 1613 2031 1668 dulciora
2056 1630 2208 1685 super
2239 1615 2339 1668 ntel
2364 1624 2410 1668 et
2437 1619 2629 1685 favum.

1875 1705 1962 1760 12.
2007 1704 2184 1779 {rem
2227 1705 2341 1780 12.]
2387 1705 2522 1762 Nam
2562 1717 2612 1761 et
2655 1723 2829 1764 servus
2854 1716 2970 1764 tuus
3018 1708 3239 1765 custodit
3274 1724 3336 1764 ea
3371 1722 3393 1765 :

1801 1814 1960 1869 quam
2005 1796 2185 1853 dulcia
2233 1798 2333 1852 ista
2377 1809 2522 1863 sunt,
2572 1799 2926 1855 custodiemlo
2969 1801 3155 1870 probat
3206 1815 3394 1857 servus

1809 1900 1953 1956 tuus,
1985 1907 2100 1946 non
2129 1891 2414 1960 loquendo.
2440 1891 2690 1948 Custodit
2718 1909 2778 1945 ea
2805 1907 2994 1948 servus
3024 1903 3166 1958 tuus,
3193 1894 3314 1964 quia
3339 1901 3396 1949 et

1807 1998 1951 2038 nunc
1974 1983 2153 2038 dulcia
2183 1994 2330 2051 sunt,
2357 1984 2482 2038 etin
2515 1994 2790 2054 posterum
2819 1983 3051 2038 salubria
3074 1994 3195 2038 sunt
3219 2000 3234 2046 ;
3267 1999 3391 2039 nam

1807 2073 1863 2127 in
1887 2073 2220 2128 custodiendo
2250 2090 2310 2128 ea
2335 2073 2596 2128 retributio
2616 2075 2776 2128 multa
2804 2089 2824 2128 :
2852 2073 2948 2129 sed
2977 2089 3165 2129 amans
3185 2073 3394 2130 animo-

1808 2163 2021 2219 sitatem
2051 2181 2227 2228 suam,
2258 2181 2357 2220 nec
2385 2165 2532 2220 videt
2558 2166 2700 2221 hunc
2718 2165 3060 2236 Splendorem
3091 2165 3396 2234 Ita-relictis,

1811 2275 1912 2314 nec
1937 2259 2097 2314 sentit
2123 2258 2482 2314 dulcedinem.

1879 2353 1969 2408 15.
2009 2350 2158 2425 [vers
2208 2352 2294 2417 l5,
2320 2349 2434 2425 14.]
2477 2350 2671 2406 Delicta
2686 2350 2830 2407 enim
2855 2350 2968 2421 quis
2997 2349 3229 2422 intelligit
3247 2352 3273 2406 .9
3294 2351 3391 2405 Pa-

1813 2452 1916 2509 ter,
1967 2442 2184 2513 ignosce
2223 2443 2350 2509 illis,
2385 2443 2508 2513 quia
2555 2443 2796 2498 nesciunt
2835 2442 2960 2513 quid
3009 2443 3206 2496 faciunt
3245 2441 3399 2514 (Luc.

1808 2551 1963 2603 χχιιι,
1996 2535 2110 2606 54).
2144 2535 2290 2600 Ideo,
2330 2535 2518 2605 inquit.
2566 2535 2665 2589 iste
2711 2543 2795 2589 est
2833 2548 3020 2588 servus
3045 2533 3134 2604 qui
3164 2533 3402 2590 custodit

1811 2627 1950 2684 hanc
1975 2627 2338 2693 dulcedinem,
2392 2627 2714 2682 suavitatem
2769 2627 3063 2690 cbaritatis,
3107 2641 3349 2680 amorem
3379 2626 3397 2657 ¹

1812 2719 2052 2775 unitatis.
2077 2719 2210 2790 Ego,
2243 2720 2433 2788 inquit,
2454 2720 2567 2788 ipse
2597 2718 2685 2788 qui
2712 2719 2979 2782 custodio,
3009 2734 3139 2788 rogo
3163 2727 3236 2782 te,
3266 2733 3407 2788 quo-

1813 2812 1956 2867 niam
1977 2813 2160 2866 delicta
2179 2812 2291 2882 quis
2311 2811 2593 2882 intelligit?
2615 2827 2682 2866 ne
2710 2810 2837 2866 milii
2862 2823 2913 2864 ut
2937 2810 3138 2864 homini
3160 2809 3405 2880 qutedam

1813 2903 2132 2971 subrepant,
2180 2913 2233 2956 et
2288 2900 2604 2971 quibusdam
2649 2910 2704 2955 ιιι
2749 2901 2908 2955 homo
2937 2915 3299 2969 praeoccuper,
3331 2901 3406 2955 Ab

1817 2993 2028 3048 occultis
2054 2996 2178 3047 meis
2223 2992 2414 3046 munda
2452 3009 2551 3059 me,
2597 2990 2830 3046 Domine.
2860 2991 2970 3046 lloe
3012 3008 3143 3061 ergo
3167 2993 3408 3048 cantavi-

1825 3102 1966 3154 Inns,
1993 3101 2118 3141 ecce
2146 3085 2213 3139 ad
2245 3085 2347 3139 hoc
2378 3084 2644 3154 loquendo
2672 3085 3031 3154 pervenimus.
3064 3085 3328 3152 Dicamus,
3355 3094 3412 3142 et.

1816 3193 1938 3232 cum
1994 3179 2268 3234 intellectu
2313 3189 2612 3241 cantemus,
2659 3188 2714 3230 et
2763 3178 3028 3230 cant-mdo
3071 3193 3307 3244 oremus,
3355 3188 3413 3236 et

1820 3269 2026 3326 Orantlo
2052 3270 2431 3340 impetremus:
2464 3269 2723 3336 dicamus,
2746 3268 2821 3324 Ab
2847 3273 3056 3324 occultis
3076 3273 3198 3326 meis
3221 3273 3414 3328 munda

1823 3381 1924 3426 me,
1956 3363 2193 3418 Domine.
2224 3363 2355 3430 Quis
2383 3363 2523 3418 enim
2550 3363 2742 3416 delicta
2776 3363 3049 3432 intelligit?
3087 3363 3142 3418 Si
3167 3364 3414 3419 videntur

1822 3455 2077 3517 tenebrae,
2109 3455 2475 3525 intelliguntur
2519 3454 2734 3508 delicta.
2787 3453 3023 3524 Dettique
3070 3455 3286 3526 quando
3314 3473 3414 3513 nos

1819 3547 1997 3603 delicti
2026 3548 2266 3615 limititct,
2300 3546 2351 3600 in
2383 3548 2500 3602 luce
2542 3562 2748 3601 sumus.
2782 3546 2916 3600 Nam
2949 3546 3158 3615 quatulo
3187 3545 3413 3618 quisque

1829 3642 1948 3710 ipso
1973 3640 2170 3696 delicto
2211 3641 2479 3695 involutus
2521 3652 2623 3705 est,
2669 3641 2818 3710 quasi
2865 3639 3230 3694 obtonebratis
3255 3656 3413 3706 oper-

1829 3732 2003 3801 tisqne
2030 3732 2201 3785 oculis
2223 3745 2326 3785 non
2359 3730 2502 3785 videt
2537 3730 2789 3784 delictum
2823 3747 2834 3781 :
2863 3730 2985 3798 quia
3017 3730 3060 3784 si
3089 3729 3178 3784 tibi
3212 3741 3417 3802 tegatur

1821 3832 1876 3878 ct
1904 3823 2079 3876 carnis
2109 3823 2315 3886 oculus,
2350 3837 2446 3875 nec
2472 3821 2613 3875 aliud
2654 3821 2818 3883 vides,
2852 3837 2949 3874 nec.
2980 3821 3082 3874 hoc
3109 3823 3252 3876 utnlc
3283 3823 3417 3893 tegi-

1828 3923 1912 3967 tttr
1942 3913 2111 3966 vides.
2149 3911 2290 3981 Ergo
2341 3910 2449 3964 Deo
2473 3910 2734 3974 dicamus,
2767 3912 2855 3980 qui
2889 3914 3033 3964 tnwit
3063 3913 3244 3966 videre
3273 3913 3417 3982 quod

1825 4015 2037 4076 purget,
2065 4006 2210 4058 novit
2239 4004 2504 4072 inspicere
2534 4003 2673 4073 quod
2703 4013 2889 4067 sanet;
2923 4005 2994 4056 illi
3024 4004 3265 4056 dicatnus
3298 4026 3310 4057 :
3341 4006 3419 4059 Ab

1827 4097 2036 4150 occultis
2066 4098 2187 4149 meis
2213 4096 2404 4148 munda
2435 4110 2530 4157 me,
2589 4092 2839 4155 Domine;
2870 4105 2915 4146 et
2960 4095 3021 4145 ab
3065 4094 3242 4147 alienis
3270 4112 3420 4154 parce

1827 4204 1966 4243 servo
1996 4198 2102 4240 tuo.
2139 4187 2358 4252 Delicta,
2392 4185 2582 4254 inquit,
2613 4199 2729 4240 mea
2787 4185 3063 4254 inquinant
3092 4200 3196 4245 me,
3228 4184 3419 4242 delicta

1829 4281 1998 4334 alieua
2026 4280 2265 4348 afﬂigunt
2295 4293 2380 4333 nte
2408 4295 2421 4329 :
2451 4276 2519 4330 ab
2550 4277 2632 4330 bis
2661 4277 2852 4330 munda
2883 4293 2989 4341 tne,
3018 4279 3086 4328 ab
3106 4277 3212 4332 illis
3242 4294 3421 4348 parce.

1829 4371 1979 4426 Tolle
2015 4372 2142 4424 mihi
2186 4387 2252 4425 ex
2294 4370 2455 4424 corde
2495 4369 2689 4423 tnalam
2741 4369 3140 4437 cogitationem,
3168 4370 3367 4438 repelle.
3395 4389 3418 4421 a

1832 4481 1919 4520 me
1950 4466 2144 4520 malum
2171 4479 2450 4523 Suasorem
2476 4481 2491 4514 :
2523 4462 2624 4517 hoc
2652 4473 2764 4522 est.
2789 4463 2862 4516 Ab
2890 4463 3099 4517 occultis
3121 4464 3244 4518 meis
3270 4481 3421 4517 mun-

1832 4558 1899 4610 da
1929 4574 2028 4617 me,
2057 4567 2103 4608 et
2133 4556 2196 4610 ab
2220 4557 2401 4611 alienis
2427 4573 2578 4626 parce
2600 4572 2742 4608 servo
2769 4565 2874 4607 tuo.
2911 4552 3040 4609 Nam
3071 4555 3166 4608 ista
3197 4554 3305 4610 dtto
3333 4575 3421 4623 go-

1833 4665 1960 4704 ucra
1990 4649 2331 4711 delictorum,
2367 4647 2582 4719 propria
2610 4645 2769 4702 simul
2809 4657 2864 4702 et
2909 4647 3105 4714 aliena,
3132 4649 3293 4704 etiam
3318 4665 3427 4718 prt-

1835 4742 1998 4797 mitus
2041 4741 2094 4796 itt
2134 4739 2356 4795 esuritio
2398 4739 2704 4795 claruerunt
2757 4757 2772 4794 :
2807 4737 3051 4793 diabolus
3092 4753 3192 4794 suo
3231 4740 3428 4796 delicto

1833 4835 2060 4899 cecidit,
2105 4833 2276 4889 Adam
2321 4833 2499 4888 alieno
2533 4830 2746 4900 dejccit.
2799 4829 2896 4886 llic
2935 4831 3049 4900 ipse
3093 4832 3184 4886 Dei
3238 4847 3428 4888 servus

1835 4926 2139 4984 custodiens
2158 4924 2357 4994 judicia
2386 4924 2501 4987 Dei,
2529 4923 2584 4978 in
2612 4923 2805 4993 quibus
2852 4922 3131 4978 retributio
3154 4925 3340 4987 multa,
3371 4935 3428 4980 et

1838 5018 1890 5073 in
1919 5019 2024 5072 alio
2052 5015 2258 5086 psalmo
2301 5016 2380 5070 sic
2409 5024 2527 5068 orat
2560 5030 2574 5066 :
2605 5011 2728 5067 Non
2758 5013 2924 5068 veniat
2979 5013 3104 5067 mihi
3132 5031 3220 5086 pes
3244 5032 3426 5084 super-

1837 5110 1966 5176 biw,
2011 5119 2058 5165 et
2115 5125 2298 5162 manus
2343 5115 2666 5179 peccatorum
2717 5122 2816 5160 non
2862 5117 3089 5162 moveant
3129 5124 3209 5163 me
3252 5091 3426 5178 (Psal.

1840 5219 2012 5269 xxxv,
2050 5199 2161 5274 12).
2194 5200 2310 5256 Non
2355 5199 2558 5263 veniat,
2596 5198 2786 5268 inquit,
2835 5198 2964 5252 milii
3011 5213 3108 5268 pes
3136 5199 3426 5270 superbiae,

1840 5297 1941 5353 hoc
1970 5305 2072 5366 est,
2103 5296 2177 5350 Ab
2220 5291 2431 5349 occultis
2456 5292 2579 5346 meis
2609 5292 2799 5345 munda
2819 5307 2920 5357 me,
2950 5288 3199 5355 Domine;
3228 5300 3281 5345 et
3313 5305 3428 5343 ma-

1843 5405 1944 5445 nus
1975 5399 2311 5460 peccatorum
2340 5401 2447 5442 non
2477 5394 2726 5440 moveant
2746 5398 2852 5452 me,
2883 5381 2986 5438 hoc
3009 5394 3112 5447 εει,
3141 5381 3224 5436 Alt
3246 5382 3430 5439 alienis

1841 5498 1990 5553 parce
2004 5497 2145 5536 seruo
2172 5491 2278 5534 1110.

1917 5575 2001 5631 16.
2043 5573 2105 5631 Si
2148 5572 2244 5627 mei
2272 5588 2374 5627 non
2422 5571 2610 5640 fuerint
2650 5570 2908 5624 dominata
2936 5582 2956 5622 :
2982 5567 3188 5624 occulta
3219 5584 3336 5626 mea
3374 5580 3433 5628 et

1841 5663 2036 5718 delicta
2075 5661 2268 5716 aliena.
2312 5658 2458 5715 Tunc
2504 5656 2860 5712 immaculatus
2885 5672 2972 5708 ero
2998 5672 3018 5710 :
3051 5655 3150 5712 hoc
3182 5672 3286 5712 non
3315 5659 3433 5715 suis

1839 5757 2039 5814 viribus
2062 5757 2242 5821 audet,
2286 5753 2382 5809 sed
2424 5753 2708 5808 Dominum
2735 5749 3056 5822 deprecatur
3085 5761 3140 5806 ut
3190 5751 3427 5824 impleat,

1909 5873 1927 5906 ⁸
1951 5878 2003 5922 ιιι
2020 5868 2272 5937 plerisque
2291 5873 2424 5928 ηδε..
2443 5875 2626 5918 me.

2920 5990 2925 5996 .
2973 5972 3072 6005 ..-3'-
3104 5959 3112 5967 ν
3162 5963 3198 5988 ξ’
3238 5957 3246 5965 ’
