3950 6458
574 391 680 456 167

649 506 739 563 lii.
779 496 932 578 Iners.
988 499 1103 576 13.]
1142 498 1394 570 Quoniam
1431 512 1586 572 pones
1625 514 1712 554 eos
1755 497 2003 554 dorsum:
2024 511 2164 569 quo-

577 601 721 656 niam
750 596 1021 653 ordmabis
1057 610 1153 651 eos
1198 594 1250 649 in
1299 593 1403 657 bis,
1447 607 1477 647 a
1514 593 1712 664 quibus
1754 591 2066 663 postpositis
2111 598 2170 647 et

576 701 897 760 contemptis
922 685 1199 743 averteris.
1228 682 1299 741 In
1327 685 1553 756 reliquiis
1577 686 1678 739 tuis
1716 683 2025 753 prteparabis
2056 682 2170 737 ttul-

579 793 684 837 tum
708 796 914 837 eorum:
941 787 998 836 et
1024 780 1078 834 itt
1107 778 1191 833 his
1214 792 1336 849 quae
1362 776 1643 848 relinquis,
1668 775 1721 830 id
1750 785 1834 831 est
1864 776 1915 829 itt
1953 773 2168 844 cupidi-

582 879 774 931 talibus
811 871 961 944 regni
1002 870 1225 938 terreni,
1270 869 1593 941 prteparabis
1631 867 1727 923 tibi
1761 866 1831 922 ad
1861 865 2167 940 passionem

582 967 963 1039 impudentiam
982 979 1194 1020 eorum.

653 1059 741 1112 14.
782 1055 934 1129 [νινε.
981 1052 1095 1127 14.]
1130 1052 1393 1113 Exaltare.
1449 1048 1684 1115 Domine,
1729 1050 1783 1105 in
1825 1049 2009 1105 virtute
2042 1056 2130 1102 tua
2150 1065 2171 1106 :

579 1166 738 1221 quem
769 1150 1023 1203 humilem
1065 1164 1171 1201 nott
1201 1153 1584 1210 cognoverunt,
1623 1143 1888 1205 exaltare,
1923 1141 2168 1208 Domine,

581 1242 634 1296 iu
662 1244 856 1295 virtute
886 1249 999 1304 tua,
1023 1253 1186 1306 quant
1217 1236 1576 1291 inllrtnitatem
1610 1243 1947 1305 putaverunt.
1989 1230 2174 1287 Canta-

589 1332 754 1387 bimus
780 1342 824 1384 et
847 1332 1117 1401 psallemus
1146 1330 1349 1384 virtutes
1375 1337 1489 1383 tuas
1515 1341 1535 1381 :
1563 1325 1729 1382 corde
1764 1332 1820 1381 et
1846 1338 2008 1396 opere
2034 1323 2176 1379 cele-

585 1424 859 1480 brabimus
879 1434 931 1478 et
962 1431 1083 1477 nota
1115 1420 1373 1476 faciemus
1401 1417 1659 1474 mirabilia
1691 1425 1802 1471 tua.

593 1557 849 1574 *-

978 1609 1062 1673 IN
1104 1605 1486 1671 PSALMUM
1529 1604 1687 1668 xx1
1722 1602 1809 1686 (a)

1124 1727 1525 1786 ENARRATIO
1566 1726 1606 1782 I.

641 1848 710 1905 In
728 1850 900 1920 ﬁnem,
929 1862 1023 1920 pro
1050 1845 1367 1917 susceptione
1389 1842 1660 1905 matutina,
1691 1838 1931 1895 Psaltntts
1955 1836 2143 1892 David.

653 1964 706 2019 1.
748 1961 899 2037 [verm
928 1958 1006 2034 1.]
1026 1959 1083 2016 1η
1111 1958 1293 2023 linem,
1317 1970 1414 2027 pro
1432 1953 1825 2012 resurrectione
1838 1966 1931 2006 sua
1950 1950 2065 2019 ipse
2087 1947 2184 2003 Do-

581 2057 758 2114 minus
777 2054 935 2112 Jesus
951 2051 1197 2109 Christus
1210 2050 1461 2122 loquitur.
1479 2046 1727 2104 Matutine
1743 2044 1886 2101 enim
1906 2041 2184 2111 luitprima

580 2149 786 2206 sabbati
814 2146 1138 2204 resurrectio
1161 2143 1298 2215 ejus,
1317 2157 1421 2212 qua
1446 2149 1727 2209 susceptus
1745 2136 1901 2193 estin
1924 2145 2181 2191 aeternam

584 2244 773 2304 vitam,
803 2239 888 2295 cui
916 2252 1063 2293 mors
1091 2238 1227 2293 ultra
1258 2251 1365 2289 non
1392 2232 1755 2289 dominabitur
1795 2228 1969 2300 (Rom.
1998 2242 2072 2291 vr,
2101 2226 2181 2295 9).

588 2335 845 2390 Dicuntur
874 2339 1052 2386 autem
1077 2329 1176 2385 ista
1197 2344 1264 2384 ex
1288 2341 1516 2396 persona
1543 2322 1819 2380 cruciﬁxi:
1843 2336 1964 2375 nam
1991 2318 2060 2375 de
2081 2333 2175 2375 ca-

586 2427 695 2495 pite
717 2423 905 2494 psalmi
935 2420 1095 2491 hujus
1128 2428 1256 2475 sunt
1280 2418 1440 2474 verba
1471 2433 1589 2486 mue
1614 2417 1733 2486 ipse
1759 2414 2012 2469 clamavit
2051 2426 2173 2467 cum

588 2518 639 2571 in
666 2532 827 2571 cruce
856 2513 1132 2583 penderet,
1185 2525 1465 2578 personam
1507 2509 1666 2563 etiam
1713 2520 1936 2563 servans
1987 2506 2184 2560 veteris

587 2607 841 2674 hominis,
869 2606 1022 2675 cujus
1041 2603 1416 2660 mortalitatem
1449 2603 1701 2672 portavit.
1735 2600 1867 2655 Nam
1902 2609 2059 2655 vetus
2080 2597 2181 2652 Ito-

587 2716 679 2754 mo
707 2696 1138 2754 nostercoullsus
1164 2703 1246 2751 est
1268 2695 1411 2749 cruci
1442 2710 1562 2747 cum
1593 2693 1684 2747 illo
1705 2690 1891 2760 (Ibid.,
1925 2687 2001 2763 6).

659 2792 715 2847 2.
758 2790 911 2864 Iners.
962 2787 1043 2862 2.]
1087 2788 1242 2851 Deus,
1271 2785 1411 2842 Deus
1433 2804 1567 2841 meus
1588 2791 1780 2847 respice
1798 2800 1894 2849 me,
1924 2800 2081 2851 quare
2106 2798 2184 2837 me

588 2883 903 2953 dereliqu‘sti
937 2880 1085 2950 longe
1119 2897 1151 2934 a
1179 2880 1340 2934 salute
1372 2895 1481 2933 utea
1523 2879 1634 2949 (l7)?
1665 2879 1822 2947 longe
1849 2876 2019 2930 ﬁctus
2041 2891 2071 2929 a
2096 2890 2185 2929 sa-

592 2977 702 3031 lute
729 2988 877 3037 mea;
922 2972 1171 3042 quoniattt
1218 2971 1373 3041 longe
1417 2980 1497 3024 cst
1542 2984 1572 3023 a
1617 2968 1990 3040 poet-alaribus
2035 2968 2183 3021 salus

599 3064 770 3135 (l’sal.
811 3079 971 3119 cxvut
996 3103 1011 3122 ,
1042 3062 1188 3125 155).
1222 3059 1381 3115 Verba
1420 3060 1717 3114 delictorum
1754 3074 1980 3111 meorum
2011 3073 2031 3110 :
2060 3072 2180 3111 nam

593 3154 710 3209 hu-c
732 3154 890 3207 verba
922 3160 1044 3207 sunt
1064 3168 1169 3205 non
1189 3149 1430 3219 justitiae,
1454 3148 1548 3203 sed
1570 3147 1884 3201 delictorum
1913 3162 2178 3202 meorum.

595 3244 761 3301 Vetus
785 3245 927 3301 enim
961 3245 1123 3298 homo
1149 3244 1394 3298 conlisus
1409 3241 1553 3295 cruci
1578 3239 1809 3309 loquitur
1829 3257 1845 3303 ;
1869 3240 2031 3295 etiam
2056 3255 2184 3297 cau-

594 3351 710 3391 sam
755 3336 1216 3405 ignoransquare
1263 3348 1385 3388 eum
1434 3331 1784 3402 dereliquerit
1839 3330 1981 3385 Deus
2027 3347 2042 3385 :
2091 3340 2185 3387 aut

592 3441 743 3484 certe
763 3469 779 3490 ,
810 3426 985 3499 Longe
1007 3443 1041 3481 a
1064 3424 1231 3480 salute
1255 3441 1366 3480 mea
1393 3434 1510 3479 sunt
1534 3424 1681 3478 verba
1716 3421 2017 3479 delictorum
2043 3438 2181 3479 meo.

595 3536 709 3574 runt
718 3559 730 3572 .

667 3613 721 3668 5.
752 3610 901 3685 [oers.
959 3610 1039 3684 5.]
1078 3609 1212 3664 Deus
1246 3624 1416 3676 meus,
1462 3607 1692 3664 clamabo
1718 3609 1785 3662 ad
1814 3619 1860 3663 te
1884 3625 1973 3678 per
2010 3609 2179 3676 diem,

598 3722 688 3759 nec
714 3704 953 3757 exaudies
980 3705 1053 3774 (e)
1084 3720 1098 3757 :
1135 3702 1274 3757 Deus
1295 3717 1470 3769 meus,
1496 3700 1740 3757 clamabo
1765 3701 1829 3755 ad
1862 3711 1913 3756 te
1949 3703 2000 3756 in
2023 3704 2181 3758 rebus

597 3797 866 3867 prosperis
895 3797 1052 3865 hujus
1073 3794 1215 3855 vitaz,
1238 3802 1298 3847 ut
1316 3809 1422 3849 non
1451 3803 1753 3854 mutentur;
1788 3808 1887 3849 nec
1902 3793 2180 3861 exaudies,

594 3891 718 3959 quia
765 3886 943 3942 verbis
967 3886 1282 3942 delictorum
1322 3902 1562 3942 meorum
1612 3885 1676 3940 ad
1725 3896 1775 3940 te
1818 3886 2082 3939 clamabo.
2114 3885 2182 3940 Et

599 3988 761 4041 nocte,
788 3989 837 4034 et
875 3994 975 4031 non
999 3976 1070 4030 ad
1095 3976 1434 4047 insipientiam
1462 3975 1586 4031 mihi
1605 3993 1621 4028 :
1640 3986 1689 4031 et
1725 3975 1776 4029 in
1808 3975 2049 4031 adversis
2075 3976 2182 4030 uti-

591 4087 698 4142 que
729 4068 885 4140 bnjus
910 4070 1032 4123 vitae
1055 4066 1302 4123 clamabo
1327 4077 1385 4122 ut
1420 4077 1825 4137 prosperantur,
1855 4076 1909 4123 ct
1937 4068 2183 4123 similiter

593 4176 701 4217 non
729 4160 1005 4216 esaudies.
1033 4158 1217 4231 Neque
1240 4159 1342 4214 hoc
1369 4159 1497 4213 lacis
1524 4159 1588 4213 ad
1622 4159 1982 4229 insipientiam
2026 4159 2180 4226 mihi,

592 4254 690 4308 sed
713 4254 890 4322 potius
913 4260 973 4307 ut
996 4252 1196 4321 sapiam
1222 4251 1347 4320 qttid
1373 4250 1606 4304 clamare
1628 4266 1712 4305 me
1741 4251 1901 4311 velis;
1929 4265 2034 4304 non
2063 4268 2184 4306 ver-

597 4346 680 4401 bis
707 4344 1022 4402 delictorum
1048 4359 1114 4399 ex
1143 4342 1407 4399 desiderio
1428 4342 1740 4412 temporalis
1765 4343 1913 4409 vitta,
1945 4343 2041 4398 sed
2065 4358 2179 4398 vcr-

596 4437 684 4494 bis
706 4435 1073 4493 conversionis
1097 4434 1162 4489 ad
1185 4443 1238 4489 te
1259 4433 1311 4488 in
1334 4434 1495 4490 vitam
1516 4443 1792 4489 :etcrnam.

666 4531 720 4587 s.
763 4526 914 4601 [verm
966 4525 1047 4601 4.]
1074 4524 1150 4580 Tu
1173 4534 1341 4580 autem
1362 4525 1415 4580 in
1430 4534 1602 4579 sancto
1629 4524 1846 4584 habitas.
1867 4526 1976 4580 laus
1995 4525 2182 4580 Israel:

595 4632 655 4679 tu
679 4630 857 4676 autem
884 4620 937 4674 itt
964 4628 1150 4673 sancto
1175 4616 1403 4682 habitas,
1433 4624 1489 4672 et
1516 4615 1637 4672 ideo
1666 4616 1937 4672 immunda
1963 4617 2183 4673 delicto-

597 4726 718 4770 rum
742 4710 905 4767 verba
945 4724 1051 4764 non
1076 4706 1350 4764 esaudies.
1379 4706 1518 4763 Laus
1561 4706 1788 4763 videntis
1812 4718 1883 4775 te,
1930 4724 2033 4764 non
2065 4708 2181 4779 ejus

596 4804 688 4877 qui
718 4801 928 4858 laudem
955 4816 1106 4857 suam
1127 4800 1374 4870 quaasivit
1399 4800 1452 4856 iu
1480 4800 1745 4871 gustandi»
1775 4800 1938 4856 vetito
1964 4801 2106 4867 cibo,
2127 4809 2184 4856 ut

598 4896 803 4968 apertis
839 4893 1113 4964 corporeis
1150 4893 1321 4949 oculis
1364 4891 1697 4949 abscondere
1737 4907 1797 4949 sc
1839 4902 2125 4948 conaretur
2150 4906 2181 4947 a

595 4999 887 5056 cmispectu
914 4995 1003 5038 tuo
1024 4982 1173 5051 (Gen.
1196 4989 1295 5055 ιιι).

668 5081 725 5136 5.
767 5077 917 5152 [νοτε.
972 5075 1053 5150 5.]
1105 5074 1239 5130 lnte
1263 5086 1588 5146 speraverant
1604 5086 1772 5145 patres
1787 5077 2182 5131 nostrimmnes

598 5172 723 5241 iusti
753 5170 977 5232 scilicet,
1006 5183 1111 5222 non
1132 5176 1434 5236 qnzerentes
1457 5184 1607 5223 suam
1634 5166 1868 5231 laudem,
1897 5167 1990 5222 sed
2012 5175 2178 5232 tuam;

594 5271 940 5334 speraverant,
970 5269 1014 5313 et
1040 5258 1213 5312 eruisti
1241 5273 1346 5314 eos.

667 5352 722 5407 6.
764 5349 912 5424 [νοτε.
975 5347 1053 5422 6.]
1079 5348 1161 5403 Ad
1187 5360 1235 5402 te
1260 5348 1623 5411 clamauerunt,
1651 5358 1698 5404 et
1724 5348 1850 5403 salvi
1877 5349 1999 5418 [acti
2026 5358 2141 5404 sunt
2161 5365 2182 5404 :

595 5445 665 5501 ad
694 5456 746 5500 te
772 5444 1159 5508 clamaverunt,
1201 5459 1306 5498 non
1354 5442 1533 5499 verbis
1573 5441 1896 5497 delictorum
1922 5458 1952 5496 a
1981 5442 2178 5512 quibus

657 5622 734 5734 S2)
758 5629 891 5674 nunc
911 5620 1070 5684 ipsum
1093 5618 1327 5670 Psalmum
1350 5631 1435 5670 ssi
1454 5618 1658 5681 exponit
1681 5619 1977 5681 augustiuus
1997 5619 2047 5669 in
2068 5620 2178 5684 Epi-

657 5700 670 5734 )
737 5684 824 5733 140
841 5682 902 5733 ad
921 5689 1228 5732 Honoratum.

591 5682 824 5738 stolam
841 5682 902 5733 ad
921 5682 1228 5732 Honoratum.
2103 5682 2115 5684 “

661 5745 733 5809 (b)
757 5752 825 5795 De
848 5743 1024 5795 eodem
1044 5756 1175 5793 vers.
1198 5741 1406 5806 Sugitur
1429 5741 1478 5794 in
1502 5748 1639 5792 Euar.
1664 5740 1785 5792 Psal.
1812 5754 2002 5805 xxxvii,
2042 5757 2094 5795 ιι.
2113 5742 2174 5807 6;

594 5819 730 5854 ιιιιι.
753 5820 804 5854 ιι.
828 5802 877 5854 2:
900 5819 1025 5854 mu.
1047 5816 1197 5854 serto.
1217 5805 1263 5854 1.
1288 5817 1336 5854 ιι.
1355 5802 1412 5854 2:
1435 5817 1653 5854 Lxsxvu.
1677 5816 1726 5853 ιι.
1754 5804 1832 5854 14.

594 5802 727 5861 sun
753 5820 804 5857 ιι.
828 5802 877 5866 3;
900 5819 1025 5864 sua,
1047 5816 1197 5855 serto.
1217 5805 1263 5859 1.
1278 5802 1336 5854 ιι.
1355 5802 1412 5878 ξς
1435 5817 1653 5865 Lxsxvu,
1677 5816 1726 5853 ιι.
1754 5804 1832 5856 14.

658 5840 733 5933 (ι)
754 5867 886 5920 Idem
906 5879 1036 5918 vers.
1062 5866 1342 5919 attestatur
1365 5879 1415 5917 ιιι
1435 5871 1575 5917 Enar.
1595 5865 1715 5917 Psal.
1736 5881 1832 5929 aut,
1858 5879 1909 5917 ιι.
1934 5869 1981 5920 l5.

1807 384 1870 443 8.
1908 379 2275 444 AUGUSTINI
2311 384 2620 446 EPISCOPI
3757 388 3842 447 168

2280 499 2438 572 longe
2464 510 2550 557 est
2573 499 2740 567 salus,
2769 507 2826 557 et
2852 499 2974 557 ideo
2996 500 3126 556 salvi
3148 497 3270 558 laeti
3297 508 3450 556 sunt.
3476 499 3546 555 In
3574 511 3625 557 te
3647 519 3846 576 sperare-

2275 605 2414 661 runt,
2456 604 2504 649 et
2532 611 2632 648 nou
2660 604 2776 649 sunt
2802 594 3003 662 confusi
3023 608 3043 648 :
3067 594 3118 649 in
3149 604 3201 650 te
3237 605 3625 662 speraverttnt.
3658 612 3747 652 nec
3772 615 3847 656 eos

2277 684 2464 741 fefellit
2492 700 2646 754 Spes;
2677 701 2782 739 non
2812 672 2955 739 enim
2984 685 3036 739 in
3065 702 3124 738 se
3154 684 3297 740 illam
3329 694 3666 755 posuerunt.

2347 778 2399 834 7.
2443 776 2595 851 [υεη.
2647 776 2727 852 7.]
2756 776 2865 847 Ego
2889 789 3054 832 autem
3083 794 3195 831 sum
3230 778 3434 840 verutis,
3466 788 3518 832 et
3557 795 3659 831 non
3688 780 3848 837 Itonia:

2275 884 2376 940 ego
2403 880 2582 924 autent
2608 869 2718 939 jam
2763 885 2870 923 nott
2900 885 2963 923 ex
2995 883 3221 938 persona
3255 866 3426 923 Adam
3489 868 3734 938 loquens,
3777 874 3847 927 sul

2277 975 2377 1032 ego
2409 961 2622 1029 proprie
2646 959 2801 1015 Jesns
2824 958 3069 1014 Christus
3093 960 3211 1014 sine
3247 959 3462 1015 simine
3496 960 3557 1013 in
3598 975 3752 1014 carne
3779 980 3849 1017 ιιι.

2280 1062 2366 1106 tus
2388 1052 2567 1118 sunt',
2596 1061 2653 1105 ut
2675 1066 2852 1106 essem
2877 1052 2929 1105 in
2962 1049 3181 1106 homine
3213 1051 3348 1105 ultra
3394 1050 3687 1113 homines;
3715 1062 3765 1107 nt
3789 1057 3848 1110 n-l

2278 1145 2358 1199 sic
2378 1144 2687 1215 dignaretur
2725 1143 2917 1198 imitari
2950 1142 3179 1197 humana
3227 1143 3484 1209 superbia
3534 1143 3847 1200 humilitatem

2280 1249 2477 1289 meam.
2509 1232 2848 1304 Opprobrtuttt
2875 1233 3133 1287 hominum
3152 1242 3201 1287 et
3223 1233 3443 1303 abjectio
3473 1233 3641 1303 plebis
3664 1250 3681 1286 :
3702 1235 3748 1286 iu
3773 1252 3849 1304 qua

2287 1324 2462 1381 factus
2492 1340 2610 1379 sum
2640 1323 2985 1395 ttppl‘olttittm
3012 1325 3311 1384 hominum,
3358 1324 3431 1378 ita
3464 1335 3523 1377 ut
3568 1338 3667 1393 pro
3702 1327 3847 1379 convi-

2280 1418 2431 1473 cioso
2447 1414 2729 1472 maledicto
2750 1415 3046 1480 diceretur;
3066 1413 3146 1470 Tu
3171 1416 3240 1470 sis
3264 1415 3560 1484 discipulus
3576 1416 3685 1484 ejus
3705 1412 3847 1487 (1m.

2282 1524 2359 1578 ιιι,
2385 1509 2504 1579 28),
2530 1518 2586 1564 et
2613 1509 2764 1580 plebs
2790 1524 2878 1564 me
2903 1518 3295 1565 cmitemneret.

2352 1599 2406 1655 8.
2451 1597 2604 1672 [oers.
2659 1596 2740 1672 8.]
2782 1597 2969 1654 Omnes
3000 1600 3086 1668 qui
3111 1598 3495 1668 conspiciebant
3532 1615 3635 1663 me,
3680 1601 3849 1655 subsu-

2282 1690 2472 1745 nabant
2501 1705 2618 1745 me:
2647 1705 2837 1744 omnes
2876 1690 2965 1759 qui
2994 1690 3395 1759 conspiciebant
3439 1706 3555 1756 me,
3593 1691 3845 1747 irridebant

2283 1795 2393 1845 me,
2425 1778 2490 1834 Et
2531 1779 2687 1834 locuti
2715 1790 2830 1833 sunt
2855 1780 3019 1842 labiis,
3047 1788 3094 1834 et
3119 1788 3379 1835 moverunt
3420 1790 3587 1851 caput
3607 1795 3629 1835 :
3648 1789 3701 1836 et
3724 1782 3846 1837 loculi

2285 1880 2412 1926 sunt
2437 1885 2541 1925 non
2573 1870 2626 1925 in
2654 1870 2840 1937 corde,
2862 1870 2954 1925 sed
2979 1870 3030 1925 in
3058 1868 3234 1926 labiis.

2356 1961 2410 2019 9.
2455 1959 2608 2035 [vers.
2658 1959 2738 2035 9.]
2778 1960 2908 2017 Nam
2955 1961 3242 2016 irridentcr
3286 1969 3584 2017 moverunt
3606 1961 3846 2029 caput,di—

2285 2063 2469 2111 centes
2512 2072 2527 2110 :
2557 2052 2793 2126 Speravit
2817 2054 2872 2109 in
2898 2053 3198 2120 Dominum,
3225 2063 3369 2108 eruat
3407 2070 3568 2119 eum;
3587 2058 3768 2109 salttum
3790 2058 3844 2124 {a-

2286 2148 2388 2201 ciat
2415 2163 2552 2212 eum,
2577 2147 2817 2223 quoniam
2843 2147 2948 2201 oult
2974 2162 3111 2201 eum.
3156 2145 3284 2201 Haec
3306 2148 3475 2202 verba
3508 2155 3684 2212 erant,
3704 2144 3785 2201 sed
3807 2145 3843 2199 in

2286 2237 2439 2293 labiis
2460 2238 2793 2294 dicebantur.

2358 2328 2448 2385 10.
2508 2325 2642 2401 [vers
2714 2327 2829 2401 10.]
2870 2326 3123 2395 Quoniam
3149 2336 3203 2382 tu
3231 2342 3284 2383 es
3314 2326 3401 2398 qui
3429 2325 3699 2381 extrusisti
3720 2324 3845 2379 mede

2286 2428 2455 2474 ventre
2473 2420 2759 2490 :quoniam
2788 2428 2842 2473 tu
2865 2433 2926 2474 es
2946 2418 3037 2491 qui
3056 2419 3331 2474 extrasisti
3360 2432 3473 2480 me.
3499 2432 3608 2473 non
3634 2415 3841 2472 schmidt

2287 2510 2382 2564 illo
2407 2520 2593 2565 ventre
2620 2508 2885 2580 virginali,
2914 2524 3036 2564 nam
3063 2509 3313 2564 omnibus
3341 2507 3655 2564 hominibus
3680 2507 3838 2563 lusisti

2288 2600 2538 2657 nascendi
2574 2610 2657 2656 est
2689 2609 2745 2655 ut
2782 2599 2851 2656 de
2877 2609 3063 2656 ventre
3091 2599 3470 2661 extrahantur,
3506 2598 3603 2655 sed
3632 2598 3773 2655 etiam
3794 2596 3840 2652 de

2288 2698 2475 2751 ven‘tre
2500 2695 2736 2750 Jttdaica:
2780 2695 2986 2759 gentis;
3015 2692 3173 2761 cujus
3219 2692 3460 2749 tenebris
3501 2691 3776 2763 obtegitur,
3803 2696 3840 2747 et

2287 2787 2521 2841 nomium
2553 2787 2605 2842 in
2631 2786 2804 2842 lucem
2833 2784 3031 2841 Christi
3062 2794 3218 2840 natus
3244 2792 3349 2851 est,
3390 2783 3641 2855 quisquis
3671 2783 3719 2839 in
3752 2797 3837 2837 mr-

2286 2877 2391 2933 nali
2414 2876 2787 2932 observatione
2799 2876 3004 2931 sabbati
3021 2884 3073 2931 et
3093 2873 3529 2933 circumcisionis
3543 2886 3838 2931 czeterorum-

2284 2985 2390 3039 que
2408 2968 2592 3023 talium
2609 2969 2837 3025 salutem
2868 2968 3037 3040 ponit.
3071 2969 3204 3042 Spes
3226 2986 3335 3024 mea
3355 2971 3421 3023 ab
3450 2970 3683 3024 uberibus
3703 2966 3836 3020 matris

2289 3076 2446 3117 mete:
2475 3075 2603 3133 Spes
2644 3077 2761 3117 mea
2801 3061 2965 3129 Deus,
2998 3078 3105 3117 non
3129 3078 3194 3117 ex
3234 3077 3341 3132 quo
3381 3062 3641 3117 uberibus
3662 3056 3834 3128 virginis

2287 3153 2471 3210 lactari
2502 3154 2664 3221 rapi,
2687 3169 2807 3209 nam
2829 3162 2885 3208 et
2902 3162 3025 3209 ante
3045 3153 3255 3225 utique;
3288 3153 3381 3207 sed
3411 3155 3484 3208 ab
3512 3152 3751 3208 uberibus
3763 3147 3834 3219 Sy-

2287 3261 2528 3317 uagogm,
2550 3247 2689 3300 sicut
2712 3245 2780 3302 de
2805 3253 2992 3301 ventre
3016 3244 3150 3311 dixi,
3196 3246 3478 3302 estrasisti
3519 3261 3625 3311 me,
3667 3258 3728 3299 ne
3747 3254 3832 3297 car-

2289 3337 2462 3391 nalem
2494 3335 2936 3392 consuetudinem
2961 3351 3231 3407 sugercm.

2358 3428 2446 3483 11.
2488 3426 2639 3501 [oers.
2695 3425 2808 3502 11.]
2836 3425 2970 3483 Iule
2996 3430 3324 3497 conﬁrmatus
3349 3446 3467 3486 sum
3489 3446 3557 3485 ea:
3578 3425 3831 3496 utero:ipse

2285 3529 2368 3574 est
2398 3528 2580 3573 uterus
2607 3519 2927 3593 Synagome,
2959 3519 3048 3589 qui
3076 3535 3161 3575 utc
3186 3536 3289 3575 non
3323 3522 3568 3590 pertulit,
3589 3519 3678 3575 sed
3704 3517 3829 3589 jacta-

2286 3612 2361 3666 vit
2389 3627 2505 3668 me:
2538 3627 2641 3666 non
2670 3621 2847 3667 autem
2889 3611 3078 3672 cecidi.
3119 3614 3244 3683 quia
3290 3612 3602 3667 rnttlinttisti
3649 3624 3743 3665 me.
3776 3606 3827 3659 οι

2288 3714 2455 3758 ventre
2473 3704 2650 3758 matris
2686 3718 2809 3758 mea:
2847 3701 2981 3757 Deus
3019 3722 3157 3761 meus
3190 3721 3242 3759 es
3284 3715 3358 3759 tu.
3403 3706 3485 3762 De
3510 3714 3674 3760 ventre
3697 3699 3827 3754 matris

2286 3812 2411 3851 mea:
2432 3812 2451 3851 :
2485 3812 2588 3850 non
2614 3794 2793 3851 el'l'ecit
2822 3806 3008 3851 venter
3035 3797 3220 3851 matris
3249 3814 3383 3853 mem
3406 3809 3464 3853 ut
3483 3809 3717 3868 tanquam
3737 3804 3823 3859 pat-

2286 3887 2443 3940 vulus
2463 3887 2658 3941 oblitus
2676 3902 2850 3941 essem
2875 3886 2973 3941 lui.

2361 3978 2443 4034 1‘2.
2489 3978 2639 4052 [vers.
2693 3977 2760 4032 12
2784 3975 2803 4050 ]
2847 3977 3146 4042 Deusmeus
3169 3995 3222 4033 es
3259 3989 3335 4047 tu,
3358 3997 3424 4036 ne
3448 3979 3671 4036 discedas
3691 3993 3719 4029 a
3737 3984 3821 4027 nte:

2284 4072 2521 4142 quoniam
2551 4069 2806 4123 tribulatio
2832 4072 3065 4140 proxima
3088 4080 3179 4127 est.
3207 4071 3348 4126 Deus
3375 4088 3529 4129 meus
3554 4086 3674 4139 ergo
3696 4083 3746 4123 es
3767 4076 3820 4126 ιιι.

2286 4179 2355 4219 ne
2378 4162 2622 4218 discedas
2648 4180 2678 4217 a
2709 4179 2830 4218 me:
2858 4164 3110 4233 quoniam
3140 4165 3409 4220 tribulatio
3443 4167 3590 4237 juxta
3635 4177 3711 4219 me
3733 4165 3818 4229 εξις

2288 4270 2409 4308 nam
2431 4263 2510 4307 est
2537 4255 2588 4307 in
2614 4269 2844 4323 corpore
2870 4270 3008 4310 meo.
3037 4254 3289 4323 Quoniam
3316 4274 3418 4313 non
3443 4267 3517 4312 est
3539 4256 3620 4327 qui
3636 4251 3821 4322 adjml:

2286 4347 2404 4418 quis
2423 4348 2565 4401 enim
2586 4345 2827 4415 adjuvat,
2854 4347 2898 4401 si
2934 4358 2987 4401 ttt
3018 4363 3122 4402 non
3152 4348 3410 4418 adjuvas?

2358 4439 2443 4494 15.
2487 4436 2635 4510 [oers.
2680 4437 2796 4510 15.]
2855 4437 3304 4495 Circumdederuut
3359 4458 3439 4496 me
3482 4439 3619 4496 vituli
3668 4429 3818 4490 multi:

2284 4528 2637 4585 circumdedit
2665 4545 2753 4584 me
2795 4531 3077 4586 multitudo
3124 4532 3441 4590 luxuriantis
3483 4531 3662 4606 plebis.
3696 4521 3813 4580 Tauri

2288 4620 2499 4691 pingues
2535 4619 2835 4674 obsederunt
2864 4636 2943 4675 me
2964 4636 2984 4676 :
3004 4630 3061 4677 et
3089 4623 3357 4695 principes
3398 4625 3516 4695 ejus
3555 4623 3620 4678 de
3642 4627 3814 4691 ορρτεε·

2286 4713 2439 4768 sione
2467 4727 2585 4767 mea
2613 4712 2739 4776 lani,
2772 4712 3098 4770 obsederunt
3122 4730 3229 4771 me.

2359 4803 2446 4859 14.
2491 4801 2642 4877 [πη.
2702 4802 2814 4878 14.]
2850 4803 3171 4876 Aperuerunt
3212 4808 3267 4862 in
3306 4823 3386 4863 me
3412 4824 3469 4864 os
3503 4820 3640 4862 suum
3669 4817 3687 4857 :
3719 4808 3811 4866 ape-

2286 4907 2510 4951 ruerunt
2538 4897 2589 4952 in
2616 4912 2704 4952 me
2734 4914 2818 4964 os,
2847 4913 2953 4954 non
2982 4897 3051 4954 de
3078 4897 3370 4971 Scripturis
3397 4903 3521 4968 tuis,
3550 4896 3636 4954 sed
3660 4893 3716 4947 de
3744 4903 3809 4942 cu-

2287 4988 2598 5059 piditatibus
2616 4992 2747 5045 suis.
2781 4989 2929 5045 Sicut
2955 4990 3034 5044 leo
3060 4990 3267 5060 rapiens
3293 5001 3342 5047 et
3365 4993 3598 5064 rugiens:
3614 4987 3731 5041 sicut
3753 4978 3810 5032 lco

2284 5082 2437 5150 cujus
2472 5081 2651 5152 rapina
2680 5091 2785 5146 est,
2810 5081 2952 5151 quod
2980 5082 3351 5153 apprehensus
3377 5078 3661 5138 adduetus'
3693 5080 3806 5127 sum;

2286 5180 2341 5227 et
2364 5172 2586 5241 rugitus,
2613 5169 2884 5243 Cruci/iga,
2911 5170 3204 5245 Cruei/ige(
3243 5173 3338 5229 Id.
3368 5191 3476 5240 xu,
3511 5172 3566 5245 6)
3589 5175 3603 5228 !

2361 5263 2445 5317 15.
2488 5259 2640 5335 [oers.
2694 5262 2806 5336 15.]
2838 5264 2984 5320 Sicut
3014 5282 3149 5338 aqua
3173 5265 3365 5333 emisit;
3405 5284 3533 5327 sum,
3562 5273 3606 5320 et
3628 5259 3806 5338 disp”?

2285 5361 2402 5405 sunt
2428 5352 2599 5405 omnia
2618 5369 2735 5408 ossa
2753 5368 2865 5408 mea
2882 5369 2903 5409 :
2926 5337 3066 5411 sicut
3087 5371 3221 5427 aqua
3247 5358 3447 5413 ell‘usus
3465 5370 3596 5420 sum,
3614 5350 3688 5405 ubi
3706 5337 3802 5412 lal’Si

2285 5453 2410 5499 sunt
2438 5455 2811 5515 persecutores
2834 5447 2970 5511 mei;
3006 5456 3072 5526 et.
3086 5448 3276 5503 timore
3302 5450 3533 5518 dispersa
3558 5452 3666 5499 sunt
3686 5453 3710 5491 a
3735 5443 3797 5526 nte

2287 5533 2619 5591 ﬁrmamenta
2646 5537 2909 5606 corporis,
2939 5535 3041 5593 hoc
3063 5517 3151 5592 est
3173 5517 3446 5605 Ecclesiae,
3476 5528 3691 5603 discipuli
3708 5517 3796 5578 mei.

2284 5625 2505 5683 Factum
2546 5638 2619 5684 est
2663 5644 2752 5684 cor
2792 5646 2959 5686 meum
2982 5632 3115 5687 sicut
3151 5646 3268 5687 cera
3292 5635 3579 5702 liquescens,
3608 5626 3654 5680 in
3673 5612 3797 5674 Μίο

2348 5809 2366 5874 ξ
2395 5806 2584 5874 Aliquot
2602 5815 2732 5868 Mss,
2746 5806 2856 5874 sine
2876 5807 3055 5874 sentina
3073 5807 3352 5863 incarnatus
3371 5824 3493 5863 sum.

2350 5873 2371 5905 ¹
2392 5871 2464 5921 sis
2483 5869 2591 5922 'ttss.
2618 5878 2676 5922 At
2699 5869 2833 5933 ωδ..
2857 5869 3111 5924 abductus.
