3950 6390
178 333 299 394 169

182 450 384 505 ventris
404 444 551 501 mei:
574 444 831 516 sapientia
875 458 1016 513 mea,
1044 459 1164 516 qua:
1207 446 1262 504 in
1304 448 1504 504 sanctis
1544 447 1696 505 libris
1715 448 1785 505 de

180 556 282 597 me
309 539 611 609 conscripta
637 545 742 602 est,
769 545 1020 607 tanquam
1047 538 1180 594 dura
1209 547 1265 595 ct
1290 540 1469 596 clausa
1497 555 1603 597 non
1630 541 1785 596 intel-

180 631 492 705 ligebatur;
529 628 625 684 sed
668 637 946 699 postquam
988 628 1125 699 ignis
1156 644 1289 685 meze
1317 632 1579 702 passionis
1607 646 1786 688 acces-

181 721 281 787 sit,
309 731 559 790 tanquam
589 717 893 788 liquefacta,
917 718 1254 775 manifestata
1270 730 1373 789 est,
1392 730 1446 777 et
1461 732 1682 793 excepta
1702 730 1785 779 est

179 813 246 869 in
268 810 528 867 memoria
549 808 806 865 Ecclesia:
836 825 993 865 mete.

269 906 354 961 l6.
397 903 548 979 [vers.
600 901 713 977 16.]
749 900 970 958 Exaruit
996 905 1130 961 velut
1156 914 1282 960 testa
1317 906 1475 962 virtus
1526 921 1786 963 mea:ex-

178 998 333 1054 aruit
358 996 603 1067 passione
620 994 789 1050 virtus
817 1010 967 1061 mea;
991 1012 1096 1052 non
1118 998 1263 1054 velut
1287 995 1487 1062 fenum,
1515 998 1610 1054 sed
1638 998 1785 1054 velut

180 1099 352 1157 testa,
384 1104 501 1161 qua:
544 1087 603 1143 lit
628 1088 748 1159 igne
770 1088 997 1145 firmior.
1022 1088 1086 1144 Et
1104 1089 1279 1163 lingua
1299 1108 1412 1145 utea
1435 1092 1647 1149 adluesit
1667 1092 1785 1163 fau-

177 1180 335 1236 cibus
362 1180 485 1235 meis
507 1196 527 1235 :
551 1189 606 1236 et
634 1188 980 1235 servaverunt
1008 1180 1149 1252 apud
1177 1196 1236 1238 se
1265 1191 1529 1253 prmcepta
1546 1199 1663 1239 mea
1682 1182 1778 1251 illi,

178 1289 287 1347 per
309 1287 449 1344 quos
474 1273 742 1329 locuturus
779 1288 949 1328 cram.
995 1272 1064 1327 Et
1102 1274 1155 1328 in
1200 1275 1454 1347 pulverem
1484 1277 1658 1332 mortis
1686 1277 1782 1331 de-

177 1365 383 1418 duxisti
414 1380 525 1419 me:
548 1373 603 1419 et
629 1364 681 1418 in
707 1364 899 1433 impios
942 1362 1102 1418 morti
1141 1363 1457 1433 destinatos,
1504 1382 1640 1438 quos
1666 1375 1783 1422 tan-

175 1474 352 1528 quam
382 1456 654 1528 pulverem
685 1456 893 1528 projicit
915 1466 1104 1513 ventus
1130 1474 1159 1513 a
1179 1456 1317 1515 facie
1342 1469 1519 1526 terrae,
1557 1458 1783 1515 deduxi-

176 1553 251 1606 sti
280 1566 393 1606 me.

256 1642 351 1695 17.
394 1637 543 1713 [vers.
599 1638 710 1714 l7.]
752 1640 1004 1706 Quoniam
1042 1642 1475 1699 circumdederunt
1515 1659 1595 1699 me
1630 1661 1779 1701 canes

174 1734 338 1787 multi
354 1753 373 1789 :
399 1732 649 1804 quoniam
676 1732 1142 1789 circumdederunt
1164 1749 1273 1802 me,
1290 1749 1396 1789 nou
1417 1751 1511 1805 pro
1531 1737 1775 1801 veritate,

172 1826 279 1882 sed
311 1840 411 1896 pro
432 1826 839 1892 consuetudine,
871 1826 1129 1882 latrantes
1154 1828 1332 1883 multi.
1359 1828 1641 1884 Concilium
1666 1848 1776 1885 ma-

172 1920 491 1992 lignantium
537 1919 865 1975 circumdedit
903 1936 999 1974 me.
1055 1919 1319 1977 Foderunt
1362 1938 1542 1978 manus
1566 1940 1702 1979 meas
1730 1933 1778 1980 et

175 2012 342 2081 pedes
364 2011 441 2082 (a)
462 2027 481 2065 :
512 2009 760 2066 foderunt
782 2010 948 2066 clavis
977 2026 1166 2067 manus
1188 2026 1337 2068 meas
1366 2024 1422 2069 et
1448 2013 1631 2083 pedes.

251 2108 345 2162 18.
387 2105 540 2181 [vers.
591 2106 705 2179 18.]
746 2106 1202 2163 Dinumeraverunt
1254 2108 1424 2163 omnia
1467 2126 1582 2164 ossa
1625 2126 1777 2165 mea:

170 2196 661 2253 dinumeraveruut
688 2198 740 2255 in
772 2196 918 2267 ligno
961 2197 1133 2253 crucis
1173 2206 1386 2254 extenta
1434 2201 1611 2254 omnia
1652 2215 1774 2255 ossa

170 2304 321 2343 mea.
348 2287 460 2361 Ipsi
480 2305 592 2344 vero
616 2288 1056 2344 consideraverunt
1076 2297 1123 2344 et
1145 2300 1511 2355 conspexerunt
1535 2308 1615 2345 me
1634 2307 1655 2345 :
1676 2291 1773 2361 ipsi

165 2395 333 2445 vero,
365 2380 417 2435 id
444 2389 525 2436 est
553 2395 656 2436 non
684 2380 895 2446 mutati,
913 2379 1458 2437 consideraveruntet
1475 2396 1776 2453 conspexe-

166 2482 305 2527 runt
334 2487 439 2529 me.

248 2564 341 2621 19.
384 2562 547 2638 [vers.
604 2565 691 2621 19.
718 2564 741 2640 ]
768 2564 1057 2620 Diviserunt
1099 2564 1195 2620 sibi
1222 2566 1512 2622 vestimenta
1546 2582 1677 2636 mea,
1722 2576 1773 2623 et

162 2675 333 2730 super
358 2671 538 2713 vestem
565 2676 725 2714 meam
752 2659 992 2715 miserunt
1014 2668 1216 2715 sortem.

244 2751 345 2807 20.
387 2750 536 2825 [vers.
591 2751 708 2826 20.]
751 2751 826 2806 Tu
854 2761 1040 2819 autem,
1075 2751 1308 2817 Domine,
1334 2769 1397 2808 ne
1422 2752 1571 2825 longe
1595 2754 1771 2827 feceris

163 2844 429 2897 auxilium
453 2853 593 2897 tuum
621 2861 652 2897 a
694 2860 773 2897 me
803 2859 822 2899 :
855 2852 912 2897 tu
939 2852 1140 2908 autem,
1172 2843 1417 2911 Domine,
1445 2859 1551 2899 non
1579 2846 1631 2898 in
1665 2845 1771 2900 line

163 2934 388 3001 saeculi,
416 2936 550 2991 sicut
575 2944 831 3000 caeteros;
863 2934 957 2991 sed
988 2936 1165 3013 statim
1190 2936 1445 2991 resuscita
1468 2951 1574 2991 me.
1595 2935 1660 2990 In
1682 2935 1772 2990 de-

163 3026 459 3096 fensionem
498 3043 659 3081 meam
702 3027 914 3096 aspice:
944 3026 1158 3097 aspice,
1204 3041 1272 3081 ne
1312 3026 1439 3097 quid
1491 3027 1620 3082 mihi
1665 3042 1766 3083 no-

161 3126 358 3174 ccant.

246 3210 343 3265 2|.
384 3209 534 3285 [vers.
590 3210 707 3286 2L]
747 3210 888 3267 Erue
906 3228 938 3265 a
964 3212 1159 3282 framea
1178 3213 1402 3267 animam
1423 3229 1585 3267 meam
1604 3228 1768 3271 :erue

166 3303 415 3357 animam
442 3317 614 3358 meam
644 3318 672 3355 a
702 3303 876 3371 lingua
907 3302 1278 3357 dissensionis.
1312 3302 1379 3357 Et
1410 3302 1474 3358 de
1499 3320 1651 3357 manu
1674 3320 1766 3357 ca-

163 3394 257 3448 nis
276 3394 477 3447 unicam
506 3409 706 3449 meam:
730 3394 871 3449 etde
896 3403 1160 3463 potestate
1187 3396 1365 3467 populi
1394 3411 1462 3451 ex
1487 3407 1769 3452 consuetu-

162 3483 307 3539 dine
334 3484 574 3539 latrantis
599 3484 895 3540 Ecclcsiam
930 3500 1126 3539 meam.

246 3574 341 3629 22.
384 3574 536 3649 [vers.
591 3574 709 3650 22.]
750 3576 962 3633 Salvum
989 3594 1067 3633 me
1090 3581 1175 3647 [ac
1216 3577 1280 3633 de
1305 3594 1392 3633 ore
1428 3579 1623 3636 leonis:
1652 3582 1763 3637 sal-

156 3684 298 3723 vum
320 3684 405 3724 me
426 3668 507 3724 fac
531 3669 599 3725 de
622 3685 718 3726 ore
746 3671 895 3741 regni
925 3671 1218 3726 saecularis.
1247 3670 1312 3725 Et
1337 3689 1368 3725 a
1390 3675 1624 3728 cornibus
1644 3677 1761 3729 uni-

161 3776 481 3814 cornuorum
509 3762 843 3817 Innuilitatem
873 3779 1071 3817 meam:
1095 3770 1151 3819 et
1168 3778 1197 3817 a
1221 3763 1639 3821 sublimitatihus
1665 3783 1727 3822 su
1743 3799 1760 3811 -

164 3851 461 3924 perhorum
504 3868 564 3909 se
605 3853 948 3924 singulariter
993 3854 1334 3925 erigentium,
1378 3867 1762 3928 consortesque

162 3960 285 4001 non
315 3944 619 4011 ferentium,
643 3948 843 4001 salvam
871 3947 954 4003 fac
983 3947 1334 4003 humilitatem
1364 3964 1558 4005 meam.

241 4038 335 4094 23.
400 4054 529 4094 rers.
578 4037 693 4113 25.]
723 4037 960 4095 Narrabo
981 4056 1159 4096 nomen
1181 4049 1321 4094 tuum
1352 4041 1595 4113 fratribus
1614 4044 1760 4100 meis:

161 4130 403 4187 narrabo
428 4145 621 4186 nomen
664 4141 812 4186 tuum
859 4131 1169 4197 humilibus,
1198 4140 1254 4187 et
1278 4147 1337 4188 se
1377 4134 1601 4189 invicem
1631 4136 1757 4191 dili-

168 4220 415 4291 gentibus
435 4222 572 4276 sicut
596 4239 627 4277 a
654 4237 740 4277 me
768 4221 947 4278 dilecti
973 4231 1096 4278 sunt
1119 4224 1365 4279 fratribus
1388 4226 1537 4279 meis.
1568 4225 1634 4280 In
1656 4244 1759 4283 me-

170 4314 256 4367 dio
300 4312 540 4369 Ecclesia:
576 4314 790 4368 cantabo
834 4324 920 4369 te:
959 4313 1014 4369 in
1040 4314 1213 4371 medio
1240 4314 1494 4372 Ecclesia:
1519 4318 1757 4389 gaudens

167 4404 473 4477 pra-dicabo
498 4416 568 4461 Ie.

240 4498 333 4554 .
374 4497 522 4570 [vers.
569 4498 686 4573 24.]
721 4500 821 4568 Qui
846 4500 1031 4555 timetis
1051 4500 1349 4569 Dominum,
1380 4504 1588 4561 laudate
1608 4522 1755 4563 eum:

167 4591 257 4664 qui
288 4590 481 4645 timetis
499 4590 802 4654 Domintnn,
822 4591 988 4647 nolite
1004 4606 1246 4661 quaerere
1270 4593 1480 4650 laudem
1498 4606 1750 4664 vestram,

166 4682 263 4739 sed
294 4680 465 4751 ipsum
493 4681 722 4737 laudate.
759 4680 1059 4736 Universum
1099 4699 1266 4738 semen
1291 4682 1475 4752 Iacob,
1512 4688 1752 4761 magni-

167 4783 277 4827 cate
314 4788 426 4827 eum
448 4788 466 4827 :
491 4773 796 4829 universum
825 4787 1010 4828 semen
1055 4772 1173 4843 ejus
1201 4775 1286 4830 cui
1328 4777 1498 4847 major
1524 4780 1747 4848 serviet,

163 4866 495 4936 magnicam
534 4882 675 4922 cum.

234 4963 325 5019 25.
372 4960 522 5036 [vers.
586 4960 705 5035 25.]
742 4960 941 5017 Timent
983 4979 1096 5017 eum
1135 4978 1283 5019 onme
1328 4980 1517 5019 semen.
1542 4964 1748 5022 Israel:

164 5058 385 5113 timeant
414 5071 535 5112 eum
565 5069 753 5110 omnes
776 5054 847 5109 ad
875 5070 1068 5111 novam
1091 5054 1252 5109 vitam
1294 5056 1425 5119 nati,
1469 5067 1524 5112 et
1552 5058 1617 5114 ad
1661 5058 1743 5114 vi-

161 5151 365 5203 sionem
395 5146 486 5201 Dei
516 5146 765 5213 reparati.
815 5144 1071 5209 Quoniam
1112 5163 1212 5201 non
1255 5147 1442 5219 sprevit
1477 5166 1633 5220 neque
1658 5151 1747 5207 de.

162 5240 322 5309 spexit
351 5256 544 5308 precem
576 5234 813 5310 pauperis
831 5254 852 5292 :
872 5238 1118 5309 quoniam
1146 5254 1251 5294 non
1279 5240 1480 5309 sprevit
1507 5258 1742 5311 precem,

164 5348 270 5385 non
296 5332 435 5387 illius
458 5334 546 5406 qui
574 5331 753 5388 verbis
778 5331 1093 5388 delictorum
1123 5332 1354 5387 clamans
1374 5337 1437 5387 ad
1468 5335 1631 5391 Deum
1658 5338 1741 5393 vi-

163 5433 269 5477 tam
312 5438 499 5479 vanam
543 5424 768 5480 transire
807 5423 1041 5488 nolebat,
1086 5422 1181 5479 sed
1225 5440 1440 5494 precem
1490 5430 1740 5496 pauperis

162 5531 265 5571 non
293 5524 545 5573 tumentis
574 5530 629 5570 tn
658 5516 866 5588 pompis
896 5515 1316 5571 transeuntibus.
1347 5515 1529 5588 Neque
1562 5521 1741 5575 avertit

162 5612 341 5681 (essent
363 5622 510 5664 suam
532 5624 567 5661 a
589 5622 669 5662 me
693 5621 711 5661 :
739 5607 877 5665 sicut
900 5608 969 5666 ab
998 5608 1090 5664 illo
1116 5608 1207 5680 qui
1230 5607 1459 5679 dicebat,
1481 5610 1740 5670 Clamabo

184 5800 262 5865 (a)
283 5808 357 5852 De
376 5813 505 5853 vers.
534 5803 612 5864 17,
637 5801 715 5864 18,
733 5810 854 5865 etc,
870 5803 987 5855 vide
1006 5808 1145 5857 mar.
1168 5803 1290 5859 Psal.
1314 5818 1513 5881 sxum
1538 5821 1589 5859 .
1607 5808 1665 5860 3.

439 5898 476 5957 S
494 5918 657 5963 .
714 5903 961 5961 tvm-<1
1027 5900 1132 5961 -

1336 333 1732 392 ENARRATIO
1767 334 1835 392 IN
1871 334 2192 398 PSALMUM
2231 341 2375 401 XXI.

3368 374 3474 433 170

1893 449 1958 548 ad
1988 459 2060 516 te,
2087 467 2186 509 nec
2215 455 2486 515 exaudies.
2515 458 2584 515 Et
2610 479 2723 520 cum
2752 468 3024 527 clamarem
3047 476 3116 529 ad
3150 495 3282 548 eum,
3309 501 3469 541 exau-

1891 540 2014 595 divit
2036 559 2132 598 me.

1960 631 2051 687 26.
2080 631 2227 708 [vers.
2258 638 2372 713 26.]
2397 643 2549 711 Apud
2567 654 2614 702 te
2631 649 2742 705 laus
2765 668 2899 709 meas
2919 675 2937 710 :
2955 672 3059 713 non
3090 663 3230 717 enim
3260 666 3469 727 laudem

1891 737 2065 822 meam
2094 740 2311 796 quaero,
2353 733 2474 801 quia
2520 744 2573 791 tu
2612 739 2740 796 mihi
2767 757 2826 797 es
2882 745 3030 816 laus,
3073 754 3161 822 qui
3202 756 3255 809 in
3284 771 3472 817 sancto

1890 813 2140 919 habitas,
2191 830 2246 876 et
2281 821 2389 893 jam
2432 838 2673 884 sanctum
2716 840 2768 887 te
2805 813 3180 906 deprecantem
3212 813 3471 919 exaudis,

1888 904 2009 963 laus
2053 908 2237 966 Israel.
2269 911 2336 968 In
2362 913 2593 972 Ecclesia
2620 937 2803 992 magna
2829 904 3099 997 contebor
3126 936 3212 989 tibi
3240 954 3259 992 :
3286 940 3336 994 in

1889 997 2055 1054 clesia
2085 1000 2233 1058 orbis
2264 1013 2523 1063 terrarum
2551 1012 2849 1071 contebor
2888 1020 3001 1077 tibi.
3044 1022 3170 1081 Vota
3205 1047 3315 1084 mea
3348 997 3473 1091 retl-

1890 1089 2010 1144 dam
2047 1109 2219 1148 coram
2258 1097 2544 1156 timentibus
2586 1120 2700 1158 eum
2724 1122 3092 1169 :sacramenta
3133 1125 3372 1191 corporis
3407 1089 3473 1184 et

1892 1185 2166 1255 sanguinis
2191 1189 2297 1243 mei
2324 1189 2545 1247 reddam
2574 1209 2753 1252 coram
2787 1200 3093 1260 timentibus
3122 1185 3267 1266 eum.

1960 1273 2049 1329 27.
2080 1274 2374 1379 {vers-127.]
2405 1282 2571 1339 Edent
2600 1304 2865 1360 pauperes,
2896 1305 2942 1348 et
2970 1300 3328 1359 saturabuntur
3356 1308 3430 1379 (a)
3449 1326 3471 1365 :

1888 1362 2047 1420 edent
2081 1365 2308 1426 humiles
2338 1381 2392 1427 et
2421 1384 2820 1448 contemptores
2856 1389 3066 1455 Surculi,
3101 1402 3152 1445 et
3180 1362 3470 1456 innitabun;

1891 1463 2006 1525 tur;
2036 1457 2105 1559 ita
2138 1462 2280 1516 enim
2310 1479 2407 1519 nec
2433 1468 2639 1537 capiam
2668 1470 2828 1541 hujus
2852 1479 3470 1559 smcnliconcupiscent,

1886 1548 2291 1650 nectimebunt
2335 1556 2589 1626 inepiam.
2630 1559 2698 1616 Et
2748 1564 3024 1624 laudabunt
3071 1548 3341 1632 Dominum
3384 1548 3473 1651 qui

1884 1640 2147 1704 requirtmt
2176 1659 2288 1696 eum
2314 1660 2333 1697 :
2355 1661 2474 1700 nam
2507 1648 2621 1703 laus
2652 1650 2858 1708 Domini
2885 1667 2965 1712 est
2988 1667 3247 1719 eructatio
3273 1640 3470 1725 saturi-

1884 1731 2008 1785 tatis
2052 1732 2215 1789 illius.
2272 1733 2449 1791 Vivent
2495 1741 2649 1793 corda
2690 1759 2863 1798 eorum
2903 1763 2955 1802 tn
2993 1753 3231 1809 maculam
3261 1763 3468 1817 steculi:

1882 1835 2006 1875 nam
2036 1823 2186 1877 cilius
2212 1825 2303 1880 ille
2328 1828 2506 1883 cordis
2532 1839 2631 1885 est.

1952 1912 2040 1967 28.
2076 1912 2226 1987 [vers.
2273 1916 2389 1990 28.]
2432 1919 2993 1995 Commemorabuntur,
3035 1942 3080 1987 et
3118 1948 3465 1997 convertentur

1881 2004 1950 2058 ad
1973 2004 2250 2062 Dominum
2279 2010 2498 2066 universi
2521 2014 2646 2075 lines
2667 2024 2812 2072 terra:
2831 2032 3459 2103 :commemorabuutur;

1881 2096 2152 2153 exciderat
2191 2100 2332 2154 enim
2378 2102 2517 2159 Deus
2546 2104 2806 2164 Gentibus
2832 2116 3132 2171 mortalitcr
3167 2122 3303 2176 natis
3327 2133 3382 2178 et
3410 2096 3463 2182 in

1880 2190 2145 2245 exteriora
2185 2191 2553 2262 tendentibus;
2585 2206 2640 2253 ct
2676 2208 2802 2255 tunc
2842 2218 3225 2266 convertentur
3253 2215 3320 2269 ad
3352 2216 3464 2272 Do-

1881 2280 2081 2337 minum
2110 2284 2340 2341 universi
2366 2287 2498 2343 lines
2522 2298 2695 2346 terrm.
2724 2292 2791 2347 Et
2813 2296 3095 2355 adorabunt
3124 2306 3175 2358 in
3197 2321 3465 2379 conspectu

1879 2373 1989 2442 ejus
2017 2373 2265 2431 universa:
2303 2380 2484 2447 patriar
2521 2383 2784 2452 gentium:
2807 2398 2861 2443 et
2902 2392 3199 2451 adorabunt
3237 2400 3291 2455 in
3322 2373 3463 2457 con-

1882 2462 2125 2519 scientiis
2148 2466 2261 2521 suis
2288 2470 2550 2527 universae
2579 2475 2763 2543 patria:
2791 2482 3048 2545 gentium.

1956 2555 2046 2654 22.
2080 2555 2230 2654 [vers.
2262 2559 2385 2654 29.]
2407 2562 2656 2630 Quoniam
2683 2566 2891 2624 Domini
2916 2584 2989 2627 cst
3016 2591 3243 2647 regnum,
3276 2592 3321 2635 et
3358 2585 3465 2654 ipse

1881 2645 2226 2703 dominabitur
2250 2653 2473 2723 gentium
2500 2659 2782 2725 :quoniam
2826 2662 3033 2719 Domini
3073 2645 3159 2723 est
3197 2645 3414 2743 regnum
3445 2721 3461 2743 ,

1877 2751 1986 2835 non
2014 2740 2367 2809 superborum
2397 2743 2705 2815 hominum;
2736 2758 2793 2805 et
2816 2751 2930 2824 ipse
2952 2740 3308 2818 dominabitur
3332 2740 3462 2835 gen;

1878 2825 2029 2883 tium.

1945 2919 2035 2976 50.
2065 2919 2213 2994 [vers.
2242 2924 2360 2999 30.]
2391 2925 2826 2987 Manducaverunt
2853 2944 2901 2989 et
2925 2937 3260 2996 adoraverunt
3285 2961 3454 3003 omnes

1874 3011 2052 3067 divites
2072 3024 2217 3070 terra:
2238 3032 2257 3070 :
2280 3019 2731 3079 manducaverunt
2774 3040 2967 3098 corpus
3007 3030 3319 3092 humilitatis
3352 3040 3461 3095 Do-

1873 3103 2004 3158 mini
2054 3106 2135 3160 sui
2182 3110 2344 3164 etiam
2396 3112 2587 3169 divites
2633 3125 2826 3187 terrm,
2875 3136 2976 3177 nec
3015 3125 3152 3181 sicut
3197 3144 3460 3202 pauperes

1872 3200 2094 3252 saturati
2123 3210 2247 3255 sunt
2272 3217 2439 3274 usque
2479 3207 2547 3261 ad
2588 3207 2972 3281 imitationem,
3012 3218 3105 3273 sed
3156 3200 3330 3279 tamen
3360 3226 3464 3282 ad-

1871 3301 2176 3389 oraverunt.
2210 3292 2279 3348 In
2326 3311 2590 3368 conspectu
2629 3304 2738 3372 ejus
2785 3308 3046 3374 procident
3098 3314 3317 3369 universi
3370 3320 3460 3389 qui

1871 3378 2185 3437 descendunt
2232 3386 2285 3440 in
2337 3397 2571 3446 terram:
2601 3394 2749 3449 solus
2801 3399 2944 3454 enim
2992 3402 3137 3458 videt
3188 3378 3458 3474 quomodo

1872 3476 2154 3544 procidant
2202 3480 2472 3549 universi,
2523 3486 2611 3555 qui
2663 3489 2939 3547 caelestem
2993 3500 3454 3559 conversationem

1871 3568 2216 3639 deserentes,
2256 3575 2308 3629 in
2352 3586 2490 3633 terra
2521 3581 2725 3651 eligunt
2756 3586 2893 3642 beati
2926 3605 3183 3662 apparere
3215 3595 3449 3654 homini-

1869 3660 1987 3725 bus,
2021 3680 2125 3718 non
2154 3666 2452 3723 videntibus
2478 3673 2681 3729 ruinam
2708 3692 2911 3734 eorum.

1941 3754 2029 3808 5|.
2071 3755 2220 3827 [vers.
2262 3757 2376 3830 5L]
2417 3760 2484 3814 Et
2528 3766 2697 3819 anima
2738 3784 2848 3823 mea
2877 3772 2976 3840 ipsi
3003 3774 3240 3831 vivet:et
3274 3782 3451 3836 anima

1867 3857 1985 3896 mea
2011 3860 2128 3913 qum
2154 3846 2206 3900 in
2237 3860 2548 3922 contemptu
2576 3858 2755 3911 saeculi
2792 3858 2945 3929 hujus
2972 3868 3119 3932 quasi
3149 3870 3280 3923 mori
3306 3872 3453 3927 vide-

1868 3941 1955 3987 tur
1995 3935 2322 4005 hominibus,
2371 3958 2478 3997 non
2522 3946 2657 4012 sibi,
2707 3949 2801 4003 sed
2844 3951 2943 4019 ipsi
2993 3956 3149 4009 vivet.
3183 3958 3251 4012 Et
3282 3977 3452 4017 semen

1865 4042 2031 4080 meum
2056 4029 2231 4082 serviet
2258 4032 2373 4085 illi:
2394 4042 2449 4089 et
2472 4049 2635 4105 opera
2660 4052 2803 4105 mea,
2829 4042 2911 4095 vel
2940 4058 3034 4112 per
3058 4062 3144 4102 me
3168 4050 3451 4109 credentes

1866 4116 1918 4171 in
1939 4133 2082 4184 eum,
2104 4121 2335 4177 servient
2364 4123 2461 4179 illi.

1943 4207 2031 4263 32.
2092 4207 2242 4282 [vers.
2298 4212 2413 4287 52.]
2468 4215 2862 4274 Annumiabitur
2917 4223 3138 4281 Domino
3194 4237 3447 4301 generatio

1864 4308 2073 4353 ventura
2096 4318 2113 4354 :
2135 4306 2540 4362 annuntiabitur
2568 4308 2619 4363 in
2658 4309 2913 4369 honorem
2945 4315 3148 4373 Domini
3177 4329 3448 4389 generatio

1861 4388 1994 4445 Novi
2017 4390 2367 4450 Testamenti.
2394 4397 2458 4451 Et
2480 4402 2848 4458 annuntiabunt
3000 4388 3281 4478 justitiam
3303 4419 3409 4487 ejus
3427 4437 3447 4473 :

1862 4490 1918 4536 et
1960 4485 2355 4542 annuntiabunt
2387 4488 2739 4561 Evangelistzc
2763 4495 3020 4564 justitiam
3062 4501 3197 4570 ejus.
3243 4485 3475 4576 Populo.

1859 4577 1945 4646 qui
1969 4587 2200 4633 nascetur
2219 4596 2364 4651 quem
2385 4583 2501 4653 fecit
2527 4582 2776 4640 Dominus
2809 4603 2830 4643 :
2859 4592 3053 4660 pepulo
3080 4595 3171 4664 qui
3196 4609 3443 4657 nascetur

1861 4682 1927 4722 ex
1952 4667 2054 4725 [ide
2084 4671 2332 4728 Domino.

2391 4767 2785 4828 ENARRATIO
2844 4773 2905 4829 ll.

1980 4851 2166 4909 Concio
2192 4856 2360 4910 habita
2381 4859 2433 4912 in
2457 4860 2770 4917 solemnitate
2794 4862 3057 4922 Passionis
3092 4869 3316 4931 Domini.

1928 4946 1980 5000 1.
2012 4946 2166 5014 Quod
2213 4950 2372 5004 taceri
2416 4950 2554 5007 Dens
2594 4953 2762 5008 noluit
2806 4972 2902 5025 per
2941 4957 3243 5031 Scripturas
3284 4984 3437 5040 suas,

1854 5052 1956 5093 nec
1998 5054 2027 5092 a
2073 5039 2229 5094 nobis
2270 5041 2552 5097 tacendum
2594 5053 2710 5113 est,
2753 5056 2805 5102 et
2845 5063 2875 5103 a
2914 5053 3065 5107 vobis
3092 5039 3430 5117 audiendum.

1853 5128 2039 5184 Passio
2069 5131 2314 5201 Domini,
2344 5133 2483 5189 sicut
2509 5135 2707 5191 scimus
2726 5179 2741 5203 ,
2770 5142 2934 5197 semel
2965 5142 3096 5199 laeta
3124 5158 3237 5213 est;
3268 5156 3432 5210 semel

1851 5219 1992 5274 enim
2019 5219 2266 5277 Christus
2287 5232 2525 5281 mortuus
2550 5238 2651 5294 est,
2663 5229 2838 5299 justus
2860 5248 2957 5303 pro
2984 5236 3193 5306 injustis
3225 5241 3265 5312 (l
3289 5242 3429 5300 Petr.

1851 5327 1928 5378 ,
1962 5312 2073 5383 18).
2105 5314 2173 5369 Et
2197 5316 2430 5385 scimus,
2461 5328 2516 5376 et
2549 5331 2752 5379 certum
2790 5324 3075 5395 habemus,
3118 5340 3172 5386 et
3197 5333 3297 5387 [ide
3325 5336 3427 5391 im-

1850 5402 2031 5459 mobili
2060 5405 2351 5463 retinemus
2374 5450 2391 5477 ,
2430 5411 2548 5481 quia
2575 5411 2802 5470 Christus
2827 5434 3091 5490 resurgens
3115 5438 3147 5473 a
3175 5429 3386 5482 mortuis
3410 5472 3425 5497 ,

1838 5493 1952 5565 jant
1991 5512 2092 5550 non
2135 5500 2378 5567 moritur,
2424 5512 2471 5556 et
2507 5520 2639 5558 mors
2680 5506 2730 5561 ei
2766 5508 2902 5563 ultra
2939 5528 3041 5566 non
3092 5493 3431 5574 dominabitur

1910 5630 2171 5717 fulvoque]!
2193 5637 2773 5717 atssttgtarmumiabwtt
2782 5643 3023 5706 justitiam
3057 5649 3162 5711 ejus
3191 5664 3209 5701 :
3231 5657 3428 5717 omisso.

1842 5689 1970 5757 celi,
1995 5695 2123 5757 quod
2146 5708 2175 5745 a
2194 5689 2483 5749 Lxx'abest.

1844 5753 2271 5875 i(gjatixplieatur
2292 5760 2421 5811 idem
2445 5775 2574 5813 vers.
2595 5764 2655 5815 27
2671 5767 2719 5816 in
2744 5767 2765 5817 1
2788 5769 3060 5821 Euax-.953].
3076 5787 3235 5838 xum,
3271 5793 3422 5833 scan,

2883 5920 3101 5998 (Sim)
