3950 6432
514 354 619 430 Π(

517 473 701 546 (Rom.
739 481 829 540 vi,
867 472 965 543 θὶς
1011 471 1175 529 verba
1210 471 1315 527 ista
1357 469 1601 543 Apostolt
1641 477 2000 528 summittes
2029 477 2100 529 ne

518 567 896 623 obliviscamur
929 565 1071 635 quod
1115 563 1310 620 factum
1355 574 1439 619 est
1480 563 1646 619 semel
1672 606 1688 631 ,
1742 564 1796 619 in
1842 555 2101 620 memoris

515 671 699 716 nostra
745 659 888 714 omni
931 673 1073 712 anno
1119 658 1196 712 iit.
1247 657 1469 725 Quoties
1513 655 1716 713 Pascite
1759 657 2098 724 celebratur,

515 750 771 820 numquid
820 748 977 805 toties
1013 747 1256 804 Christus
1297 747 1557 804 moritur?
1585 747 1692 804 Sed
1722 755 1900 804 tamen
1945 749 2100 804 aniti-

516 843 750 898 versario
795 842 1095 897 recordatio
1119 842 1270 913 quasi
1302 851 1650 912 repmsentat
1691 842 1832 913 quod
1861 841 1986 897 olim
2018 840 2099 896 fas

513 943 658 988 ctum
683 942 796 994 est.
836 941 895 988 et
921 933 1002 988 sie
1026 947 1126 988 nos
1153 933 1279 988 facit
1317 933 1518 989 moveri
1549 941 1799 1004 tanquam
1823 933 2099 991 Videamus

508 1021 567 1082 in
587 1037 744 1078 cruce
766 1023 1084 1092 pendentem
1107 1024 1415 1088 Dominum;
1446 1039 1551 1078 non
1577 1033 1754 1079 tamen
1779 1021 2091 1092 irridentes,

509 1115 604 1171 sed
635 1116 942 1171 credentes.
980 1114 1231 1171 Prudens
1276 1116 1419 1170 enim
1468 1116 1523 1169 in
1559 1116 1706 1187 ligno
1744 1116 1934 1170 irrisus
1974 1121 2095 1178 est,

510 1205 705 1261 sedens
743 1207 797 1260 in
826 1207 964 1262 curio
990 1207 1262 1262 adorator.
1295 1208 1375 1262 An
1421 1207 1558 1264 forte
1596 1207 1771 1263 adimo
1813 1206 2094 1274 irridetur,

511 1306 566 1352 et
591 1298 702 1366 jam
733 1314 839 1353 non
869 1307 952 1354 est
997 1299 1333 1353 irascendum
1363 1298 1583 1366 Judaeis,
1629 1299 1719 1370 qui
1745 1300 1827 1356 vel
1858 1297 2096 1354 morien-

509 1397 616 1445 tem
665 1389 990 1457 deriserunt,
1042 1407 1148 1445 nun
1198 1392 1548 1460 regnantem?
1598 1391 1667 1446 Et
1713 1392 1835 1462 quis
1877 1399 1961 1446 est
2005 1391 2096 1462 qui

508 1482 784 1540 Christum
813 1484 987 1540 adhuc
1016 1485 1274 1540 irrideat?
1297 1482 1509 1541 Utinam
1536 1497 1675 1540 unus
1701 1490 1868 1550 esset,
1893 1486 2095 1538 utinam

509 1573 641 1639 duo,
705 1575 906 1630 utinam
958 1574 1227 1630 numerari
1274 1577 1529 1647 possent!
1580 1575 1908 1645 Tota'pale'a
1956 1581 2096 1630 arcte

513 1665 685 1736 ipsius
725 1667 906 1742 irridet
943 1681 1096 1731 eum,
1139 1676 1192 1720 et
1225 1667 1390 1736 gemit
1423 1666 1656 1722 triticum
1681 1667 1888 1723 irrideri
1918 1667 2097 1723 Domia

505 1772 639 1812 num
664 1773 677 1811 :
703 1756 814 1814 hoc,
840 1757 964 1811 volo
989 1772 1202 1827 gemere
1229 1757 1500 1812 vobiscum
1525 1773 1540 1823 ;
1587 1765 1798 1828 tempus
1839 1767 1922 1814 est
1948 1759 2094 1814 enim

507 1847 747 1920 lugendi.
778 1848 960 1904 Passio
989 1848 1196 1902 Domini
1237 1849 1538 1904 celebratur
1565 1865 1578 1903 :
1609 1857 1816 1916 tempus
1845 1848 2093 1920 gemendi

505 1948 626 2003 est,
659 1948 866 2010 tempus
895 1939 1076 2004 ilettdi,
1109 1949 1321 2010 tempus
1348 1941 1634 1996 confitendi
1664 1951 1718 1996 et
1746 1941 2089 2011 deprecandi.

503 2030 578 2085 Et
599 2031 720 2102 quis
746 2039 985 2087 nostrum
1011 2043 1093 2088 est
1115 2032 1336 2088 idoneus
1361 2032 1426 2088 ad
1453 2032 1800 2088 effundendus
1828 2034 2093 2106 lacrytnas

505 2136 609 2191 pro
636 2122 890 2193 dignitate
929 2122 1132 2179 doloris
1158 2123 1327 2178 tanti?
1353 2123 1457 2180 Sed
1486 2124 1611 2194 quid
1641 2124 1800 2180 modo
1819 2124 1837 2158 ί
1866 2126 1938 2179 ait
1966 2135 2091 2195 pro.

504 2212 701 2284 pheta?
743 2214 869 2281 Quis
911 2214 1050 2270 dabit
1085 2216 1236 2286 capiti
1278 2225 1388 2270 mtto
1427 2223 1614 2286 aquam
1635 2257 1649 2280 ,
1693 2216 1926 2271 ctortulis
1967 2217 2092 2271 meis

504 2306 696 2374 fontem
723 2305 1060 2376 lacrymarum
1085 2306 1298 2378 (larem.
1330 2319 1405 2374 Ix,
1435 2309 1532 2380 l)?
1561 2309 1606 2364 si
1633 2319 1758 2365 vere
1779 2308 1897 2363 fons
1917 2309 2090 2380 lac'ry-

499 2412 710 2452 marum
743 2407 886 2454 esset
932 2399 985 2453 in
1014 2400 1183 2455 oculis
1220 2401 1448 2468 nostris,
1499 2406 1601 2457 tice
1643 2401 1757 2472 ipse
1799 2401 2088 2457 sufficeret.

499 2487 714 2544 lrrideri
745 2489 1012 2546 Christum
1056 2491 1110 2546 in
1153 2506 1212 2547 re
1253 2501 1460 2563 aperta,
1510 2495 1562 2548 itt
1606 2501 1670 2550 ea
1713 2505 1775 2550 re
1810 2494 1899 2550 ubi
1931 2502 2092 2551 nemo

498 2589 679 2650 potest
703 2580 904 2651 dicere,
935 2582 1054 2638 Non
1081 2583 1352 2642 intellexi!
1379 2576 1673 2642 Possidenti
1703 2587 1845 2642 enim
1872 2585 2089 2644 univer-

497 2684 621 2728 sum
645 2672 830 2729 orbem
856 2683 1143 2741 terrarum,
1173 2687 1297 2745 pars
1319 2676 1571 2742 oll'ertur:
1593 2681 1651 2733 et
1670 2677 1866 2734 dicitur
1881 2672 2089 2734 sedenti

495 2760 569 2817 ad
597 2762 868 2820 dexteram
898 2764 1092 2832 Patris,
1125 2766 1263 2826 Ecce
1287 2767 1415 2838 quid
1443 2765 1527 2823 hie
1554 2766 1753 2825 habes:
1776 2771 1831 2826 et
1855 2778 1950 2841 pro
1979 2773 2089 2826 tela

496 2859 640 2908 terra
665 2853 960 2910 ostenditur
984 2855 1054 2910 illi
1084 2857 1200 2912 sola
1229 2858 1400 2914 Africa
1424 2859 1536 2932 (a)!

580 2946 637 3003 9.
671 2947 841 3004 Verba
869 2964 989 3019 qua
1014 2950 1175 3007 modo
1211 2951 1508 3008 audivimus
1526 2995 1541 3020 ,
1573 2955 1790 3020 fratres,
1817 2953 1906 3010 ubi
1929 2956 2086 3028 poni-

493 3039 650 3096 mus?
695 3039 754 3098 Si
800 3049 1019 3111 possent
1061 3042 1132 3101 de
1175 3043 1426 3114 iacrymis
1471 3044 1778 3103 describl‘!
1819 3047 1950 3114 Qua!
1989 3043 2087 3104 fuit

492 3130 692 3187 mulier
718 3147 838 3202 qua:
867 3132 1086 3187 intravit
1111 3147 1232 3188 eum
1264 3141 1536 3205 unguemo
1565 3135 1777 3210 (Matth.
1807 3145 1964 3202 κινι,
1992 3133 2088 3207 7)!

493 3217 663 3293 Cujus
687 3230 870 3294 typum
900 3222 1182 3293 portabat?
1206 3234 1384 3280 nonae
1415 3226 1702 3282 EecIeSite?
1728 3225 1893 3300 Cttjus
1916 3225 2087 3299 ligor:

494 3321 614 3370 erat
651 3312 783 3370 illud
825 3316 1190 3384 unguentumt
1229 3328 1406 3372 nmin
1447 3318 1626 3374 odoris
1669 3320 1826 3388 boni,
1869 3319 1938 3377 de
1978 3331 2085 3391 quo

493 3404 628 3462 dicit
667 3405 1204 3476 Apostoluszclm'ui
1239 3406 1401 3462 bona:
1447 3409 1572 3463 odor
1617 3417 1791 3465 sumus
1837 3411 1892 3467 in
1944 3409 2085 3467 omni

493 3495 608 3552 loco
635 3494 704 3569 (ll
727 3494 846 3553 Cor.
874 3512 946 3566 tt,
974 3497 1080 3564 tt,
1115 3495 1245 3571 15)?
1292 3497 1458 3568 Ipsius
1487 3499 1628 3554 ollim
1667 3501 1918 3557 Ecclesia:
1957 3502 2085 3558 insi.

493 3586 698 3643 nuabat
725 3602 1008 3658 personam
1033 3597 1090 3644 et
1118 3590 1402 3659 Apostolus
1425 3608 1438 3644 :
1461 3600 1513 3645 et
1541 3591 1682 3660 quod
1703 3591 1857 3655 dixit.
1887 3602 2080 3663 smmis,

494 3676 747 3736 fidelibus
787 3679 940 3736 dixit.
999 3681 1068 3736 Et
1114 3682 1241 3752 quid
1284 3681 1454 3738 dixit?
1497 3683 1690 3738 Christi
1734 3681 1905 3741 bonus
1949 3687 2086 3743 odor

496 3786 688 3828 sumus
718 3772 769 3827 in
796 3774 942 3829 omni
972 3774 1109 3830 loco.
1136 3773 1191 3829 In
1214 3777 1360 3830 omni
1388 3776 1504 3830 loco
1524 3775 1656 3832 dixit
1679 3773 1868 3834 Paulus
1884 3775 2082 3836 Christi

495 3861 698 3919 bonum
738 3863 958 3921 odorem
985 3881 1105 3922 esse
1131 3877 1320 3922 omnes
1349 3867 1559 3934 fideles,
1599 3878 1654 3924 et
1675 3870 2080 3940 centradicitur,

497 3963 554 4011 et
576 3955 770 4013 dicitur
789 3975 800 4010 :
819 3958 994 4013 Africa
1022 3960 1137 4014 sola
1163 3959 1298 4016 bene
1323 3959 1454 4021 olet.
1487 3970 1625 4016 totus
1655 3963 1884 4018 mundus
1913 3974 2079 4033 putet.

499 4044 695 4103 Christi
727 4048 898 4106 bonus
928 4049 1060 4105 odor
1084 4067 1268 4106 sumus
1298 4053 1351 4106 in
1387 4054 1531 4108 omni
1564 4054 1680 4108 loco
1702 4094 1720 4122 ,
1766 4055 1885 4124 quis
1913 4055 2085 4111 dicit?

499 4137 762 4195 Ecclesia.
803 4141 953 4196 ilune
996 4141 1191 4198 bonum
1223 4145 1440 4200 odorem
1468 4145 1796 4214 significabat
1834 4146 1961 4202 illud
1992 4161 2085 4203 vas

496 4232 778 4300 unguenti,
800 4248 904 4302 quo
931 4233 1174 4303 perfusus
1199 4245 1280 4290 est
1304 4237 1577 4291 Dominus.
1603 4232 1887 4294 Videamus
1909 4240 1951 4293 si
1978 4249 2084 4294 non

497 4332 844 4378 coattestatnr
887 4327 1002 4394 ipso
1044 4327 1320 4381 Dominus.
1367 4328 1500 4382 Dom
1541 4329 1753 4399 quidam
1799 4339 1894 4385 sua
1937 4345 2083 4403 qum-

499 4424 715 4482 rentes,
747 4418 890 4472 arari
910 4459 925 4484 ,
957 4419 1124 4483 fures,
1157 4420 1208 4474 id
1238 4426 1321 4475 est
1348 4420 1514 4477 ludas
1557 4421 1642 4477 ille
1667 4421 1868 4478 diceret
1907 4423 1972 4477 de
1998 4422 2086 4481 illo

501 4519 770 4580 unguento
802 4527 816 4563 ς
853 4510 1044 4581 thuid
1085 4511 1183 4566 ista
1221 4513 1477 4581 perditio?
1519 4523 1709 4585 poterat
1750 4525 1828 4570 res
1869 4513 2087 4587 pretiosa

500 4602 818 4669 venumdari,
849 4612 895 4657 ct
924 4604 1190 4674 ,ηομερ-8³
1221 4605 1547 4676 pauperibus,
1578 4606 1794 4663 odorem
1821 4607 1962 4664 enim
1992 4604 2087 4664 bo-

500 4710 630 4750 num
651 4694 842 4749 (lin-isti
871 4695 1100 4751 vendere
1121 4697 1348 4760 volebat,
1371 4698 1494 4768 quid
1509 4699 1778 4769 respondit
1799 4696 2088 4756 Dominus?

513 4786 704 4856 thuid
746 4787 937 4841 molesti
966 4793 1082 4843 estis
1117 4785 1356 4844 mulieri?
1394 4786 1592 4846 Bonum
1630 4809 1755 4862 opus
1783 4803 1988 4862 operata
2016 4802 2087 4849 cst

505 4879 561 4933 in
592 4895 687 4932 me.
720 4878 789 4934 Et
826 4880 950 4949 quid
994 4879 1225 4952 amplius
1259 4883 1463 4950 dicam,
1509 4883 1719 4954 quando
1759 4883 1873 4956 ipse
1916 4885 2084 4942 dixit:

510 4966 822 5039 Ubicumque
849 4977 1013 5025 autem
1043 4973 1398 5043 pmdioabitur
1427 4974 1520 5029 hoc
1549 4972 1876 5047 Erangelium
1905 4977 1957 5031 in
1986 4985 2086 5032 toto

502 5060 724 5126 mundo,
764 5061 954 5116 dicetur
981 5073 1026 5117 et
1047 5064 1181 5133 quod
1202 5067 1320 5137 fecit
1351 5067 1530 5121 ntulier
1559 5068 1657 5122 ista
1692 5068 1904 5137 (Matth.
1937 5084 2081 5135 xum,

503 5151 662 5215 8-10,
710 5153 814 5207 l5?
857 5152 954 5208 Est
995 5154 1138 5224 quod
1185 5156 1420 5212 addere?
1467 5165 1550 5213 est
1587 5159 1728 5229 quod
1769 5157 2087 5216 detrahere?

501 5254 587 5299 est
615 5257 780 5315 quare
804 5261 988 5301 aurem
1016 5249 1485 5305 calumniatoribus
1520 5249 1956 5309 accommodare?
1979 5255 2085 5310 Aut

503 5338 762 5392 mentitos
785 5348 866 5393 est
895 5339 1166 5407 Dominus,
1193 5349 1288 5396 aut
1308 5341 1495 5398 fefellit
1523 5343 1706 5397 illum?
1729 5343 1937 5417 Eligant
1960 5343 2084 5416 quid

503 5428 685 5486 dicant
709 5448 723 5486 :
745 5440 840 5487 aut
862 5434 1144 5488 mentitam
1167 5434 1347 5489 dicant
1373 5435 1668 5501 veritatem,
1693 5443 1784 5490 aut
1808 5435 2083 5509 deceptam

567 5606 584 5672 ξ
613 5608 792 5672 Regius
811 5613 910 5672 Ms._
920 5614 973 5672 et
999 5609 1162 5672 \'atic_.,
1195 5607 1242 5658 Si
1259 5608 1492 5672 quomodo
1512 5607 1595 5672 ait.
1619 5615 1758 5658 Forte
1780 5607 1972 5664 melius.

565 5667 588 5733 ξ
612 5675 660 5717 In
681 5663 794 5716 ΕΜ.
822 5663 1028 5733 additur,
1051 5663 1292 5723 deberent.
1314 5667 1438 5733 quod
1461 5679 1488 5733 ιζ
1512 5669 1617 5719 Mss.
1644 5677 1800 5721 abest.

566 5729 587 5760 ³
611 5716 700 5776 Lov
727 5764 738 5774 .
765 5716 1030 5804 venundati
1053 5716 1344 5804 ἆὲᾶιᾶῄῃρςέξί
1363 5716 1615 5804 proliceret
1646 5716 1959 5797 pauperibus.
1998 5741 2087 5786 N08
2107 5716 2131 5744 ’⁸

503 5801 738 5859 armato.
764 5798 814 5838 et
837 5797 962 5849 Mss,
989 5793 1252 5844 venundati
1274 5799 1320 5844 et
1341 5793 1591 5859 p'toﬁcere.

569 5851 642 5914 (α)
667 5857 715 5901 tu
740 5858 1020 5903 Donatistas.

1715 353 1778 412 Β.
1814 347 2184 414 AUGUSTI!“
2211 346 2518 414 εηεωκ

3683 357 3784 436 t7!

2205 469 2388 560 dicant
2403 473 2703 533 Veritatem.
2733 463 3047 552 miramque
3067 471 3425 566 prodieriter
3444 485 3541 543 nos
3561 476 3780 566 Etangs.

2213 565 2360 622 "om.
2389 567 2458 623 Et
2485 567 2633 640 quasi
2656 576 2924 642 nutrieras
2953 568 3020 629 ab
3045 586 3109 629 eo
3135 593 3146 627 :
3174 565 3274 632 Ubi
3306 571 3447 634 enim
3482 565 3781 651 [ineuitabi-

2200 659 2334 714 tur?
2384 657 2452 715 In
2501 667 2604 717 toto
2656 663 2886 733 mundo,"
2935 661 3124 738 inquit.
3181 667 3447 728 l‘salmum
3490 674 3779 747 audiamus,

2207 751 2486 808 videamus
2527 753 2571 810 si
2623 755 2724 812 hoc
2777 750 2923 813 dicit.
2974 761 3262 818 Audiamus
3305 766 3446 836 quod
3500 763 3782 845 plangendo

2207 855 2453 902 cantatur
2472 891 2486 914 ,
2529 859 2583 904 et
2608 865 2733 905 vere
2765 851 2922 923 digna
2949 865 3036 909 res
3073 853 3285 925 planetu
3314 859 3530 932 quando
3553 870 3783 921 eatttatnr

2205 939 2403 995 surdis.
2439 939 2621 1009 Miror,
2654 943 2846 1028 fratres
2869 987 2884 1012 ,
2927 939 2970 1000 si
3013 939 3171 1004 hodie
3212 942 3449 1022 psalmus
3480 953 3578 1010 iste
3608 957 3784 1028 lr‘gitnr

2202 1037 2260 1088 et
2287 1035 2338 1087 in
2368 1039 2518 1104 parte
2550 1029 2759 1090 Donati.
2789 1027 2939 1110 Rogo
2968 1047 3096 1106 vos,
3128 1039 3321 1097 fratres
3361 1043 3462 1101 mei
3483 1088 3499 1113 ,
3537 1027 3784 1105 confiteor

2201 1124 2376 1189 VOliiS,
2405 1124 2551 1180 novit
2571 1123 2766 1184 Christi
2796 1127 3184 1198 miseriCOrdia,
3213 1133 3333 1205 quia
3361 1135 3440 1192 sic
3462 1138 3627 1192 miror
3643 1143 3784 1211 quasi

2204 1212 2397 1287 lapidei
2429 1213 2500 1272 ibi
2529 1217 2655 1287 sint,
2680 1230 2733 1275 et
2756 1231 2861 1275 non
2892 1220 3128 1279 audiant.
3152 1213 3288 1294 Quid
3317 1230 3551 1296 apertius
3577 1227 3780 1288 surdis‘

2204 1306 2435 1366 dicitur?
2464 1309 2649 1368 Passio
2689 1305 2888 1370 Christi
2930 1325 3034 1372 tam
3065 1317 3340 1376 evidenter
3367 1323 3517 1394 quasi
3551 1317 3786 1398 Evange~

2202 1400 2336 1456 llum
2370 1401 2624 1460 recitatur
2645 1448 2660 1473 ,
2692 1409 2746 1460 et
2773 1401 2970 1462 dictum
2999 1419 3080 1464 est
3106 1418 3228 1467 ante
3256 1411 3439 1468 nescio
3467 1425 3596 1484 quot
3622 1432 3786 1473 annos

2202 1509 2360 1566 quam
2405 1491 2658 1552 Dominus
2688 1497 2755 1554 de
2784 1489 2944 1554 Maria
2991 1501 3193 1572 virgine
3235 1513 3586 1561 nasceretur:
3617 1514 3787 1580 pter-eo

2204 1596 2319 1641 erat
2343 1589 2592 1642 nuntians
2614 1589 2846 1659 judicent
2877 1593 3132 1648 futurum.
3159 1594 3420 1667 Legamus
3449 1599 3592 1655 illum
3624 1611 3788 1672 quan-

2201 1681 2314 1735 tum
2341 1679 2581 1752 angustia
2606 1673 2860 1753 temporis
2878 1687 3094 1758 patitur,
3117 1695 3220 1745 neu
3249 1701 3344 1762 pro
3370 1691 3562 1748 ail'ectu
3587 1687 3789 1760 doloris

2202 1767 2406 1841 nostri,
2438 1765 2529 1830 sed
2553 1817 2567 1842 ,
2597 1777 2656 1830 ut
2682 1773 2788 1831 dixi
2810 1819 2823 1840 ,
2856 1785 3109 1850 quantum
3139 1782 3381 1853 angustia
3407 1785 3668 1860 temporis
3696 1804 3788 1860 pa-

2202 1865 2347 1921 titur.

2275 1953 2330 2013 5.
2361 1953 2511 2031 [vet-8.
2537 1951 2617 2032 ἓ.)
2651 1947 2809 2028 Dens,
2839 1949 2974 2017 Deus
3006 1973 3165 2033 meus,
3194 1959 3387 2036 respice
3408 1978 3487 2024 me
3507 1986 3700 2041 :quare
3718 1981 3794 2028 me

2204 2047 2558 2119 dereliquisti.’
2589 2041 2748 2106 isitittt
2791 2061 3002 2108 versum
3045 2051 3274 2123 primum
3316 2059 3366 2112 in
3395 2064 3558 2116 cruée
3581 2061 3792 2118 audivi-

2199 2148 2354 2209 mus,
2396 2139 2481 2197 ubi
2519 2143 2773 2199 Dominus
2802 2138 3111 2212 dixit:Eli,
3148 2145 3262 2216 bili,-
3290 2151 3431 2220 quod
3461 2155 3581 2217 est,
3619 2153 3789 2223 Deus,

2199 2245 2360 2298 meus,
2391 2228 2525 2289 Deus
2556 2247 2693 2289 mens
2716 2243 2734 2290 ξ
2756 2226 2918 2290 Lauta
2946 2237 3318 2294 sabatlttltmti?
3344 2241 3484 2312 quod
3507 2251 3613 2308 est,
3640 2255 3794 2316 quare

2203 2337 2283 2378 me
2330 2321 2639 2396 dereliquisti
2663 2321 2874 2400 (Matth.
2907 2337 3080 2394 xxvn,
3110 2319 3240 2402 id)?
3273 2327 3662 2402 Interpretatus
3714 2345 3794 2392 εει

2196 2415 2322 2472 illud
2345 2415 2697 2490 Evangelism,
2724 2421 2779 2475 et
2801 2413 2933 2476 dixit
2961 2433 3081 2476 eum
3112 2413 3356 2478 bebraice
3380 2425 3578 2482 dixisse
3610 2446 3624 2481 :
3661 2417 3794 2484 Deus

2197 2527 2358 2576 meus,
2390 2510 2527 2564 Deus
2562 2528 2701 2566 mens
2720 2554 2735 2577 ,
2780 2529 2936 2584 quare
2961 2531 3039 2566 me
3065 2514 3418 2584 dereliquisti.’
3445 2517 3581 2584 Quid
3627 2516 3795 2576 voluit

2196 2598 2374 2656 diecre
2406 2596 2695 2656 Dominus?
2724 2594 2839 2657 Non
2870 2599 3014 2658 enim
3050 2595 3406 2676 dereliquerat
3441 2599 3589 2662 illum
3630 2610 3793 2678 Deus,

2195 2707 2316 2747 cum
2347 2693 2459 2763 ipse
2488 2703 2631 2748 esset
2657 2694 2797 2749 Deus
2823 2709 2836 2758 ;
2869 2694 3051 2765 utique
3076 2688 3242 2750 Filius
3273 2691 3370 2752 Dei
3407 2693 3572 2765 Deus,
3610 2697 3796 2774 utique

2200 2783 2430 2842 Verbum
2469 2784 2560 2840 Dei
2590 2783 2749 2842 Dens.
2778 2781 2910 2841 Audi
2941 2803 2968 2840 a
2995 2791 3165 2858 capite
3197 2789 3344 2846 illum
3370 2791 3792 2865 evangelistam,

2115 2895 2132 2944 ς
2193 2877 2286 2948 qui
2334 2877 2573 2934 ructabat
2611 2873 2750 2950 quod
2781 2877 2990 2935 biberat
3016 2879 3083 2936 de
3111 2890 3325 2950 pectore
3357 2879 3566 2941 Domlhl
3604 2881 3790 2956 (Joan.

2193 2973 2307 3035 sin,
2334 2967 2448 3040 25),
2480 2968 2753 3025 Vldeatmls
2782 2969 2826 3025 sl
2857 2971 2995 3027 Deus
3026 2980 3107 3028 est
3131 2969 3376 3030 Christus
3401 2994 3414 3030 :
3439 2967 3504 3030 In
3535 2971 3792 3050 principio

2192 3070 2300 3116 erat
2334 3059 2569 3130 Verbum,
2602 3071 2650 3117 et
2683 3059 2897 3118 Verbum
2924 3071 3032 3118 erat
3057 3060 3198 3134 apud
3227 3061 3405 3132 Deum,
3435 3073 3481 3122 et
3514 3059 3663 3124 Deus
3689 3081 3793 3126 erat

2205 3150 2436 3207 Verbum.
2470 3154 2642 3224 Ipsum
2679 3171 2807 3222 ergo
2842 3155 3072 3211 Verbum
3114 3156 3255 3225 quod
3302 3158 3439 3214 Deus
3480 3169 3593 3214 erat
3617 3202 3634 3226 ,
3675 3171 3791 3218 cura

2187 3245 2384 3317 factum
2421 3254 2526 3307 ost,
2573 3248 2620 3301 et
2665 3243 2905 3302 habitavit
2932 3247 2985 3302 in
3013 3247 3155 3303 nobis
3189 3245 3300 3321 (Id.
3340 3265 3377 3316 ι,
3425 3243 3498 3323 t).
3545 3242 3616 3307 Et
3666 3265 3793 3312 cum

2192 3337 2425 3393 Verbum
2457 3335 2596 3394 Deus
2624 3337 2818 3394 tactum
2847 3346 2989 3395 esset
3017 3349 3143 3394 caro
3163 3383 3179 3408 ,
3214 3341 3479 3411 pendebat
3501 3335 3556 3397 in
3585 3349 3789 3417 cruce,

2189 3430 2246 3488 et
2274 3428 2481 3486 diccbat
2515 3449 2527 3486 :
2559 3427 2691 3486 Deus
2719 3443 2878 3496 nisus,
2909 3424 3050 3489 Deus
3079 3441 3237 3500 meus,
3270 3435 3459 3507 respice
3484 3449 3564 3492 me
3585 3450 3608 3492 :
3628 3448 3791 3513 quare

2188 3542 2270 3579 me
2293 3525 2642 3594 dereliquisti?
2669 3528 2847 3594 Quare
2883 3523 3079 3583 dicitur
3103 3571 3118 3595 ,
3152 3527 3254 3584 nisi
3285 3528 3406 3600 quia
3437 3538 3534 3587 nos
3561 3521 3640 3588 ibi
3670 3541 3790 3592 era-

2189 3623 2329 3679 mus.
2358 3617 2455 3671 nisi
2485 3619 2605 3687 quia
2635 3625 2829 3689 Corpus
2853 3607 3047 3674 Curis”
3077 3611 3314 3677 Ecclesia
3348 3619 3561 3694 (Epiros.
3587 3637 3630 3692 I,
3655 3617 3790 3701 ξεν

2188 3709 2383 3780 thuitl
2427 3707 2579 3777 dixit,
2631 3710 2769 3766 Deus
2815 3721 2972 3778 metis,
3028 3701 3164 3768 Dens
3218 3725 3378 3780 meus,
3424 3719 3624 3786 respice
3674 3733 3790 3775 me:

2189 3818 2345 3870 quare
2381 3817 2458 3856 me
2486 3797 2834 3872 deretiqttisti?
2864 3803 2963 3858 nisi
3005 3796 3396 3876 quodammodo
3421 3807 3664 3864 intentbs
3694 3819 3787 3866 nos

2190 3893 2386 3948 faciens
2415 3899 2468 3948 et
2490 3892 2673 3948 dicens
2700 3936 2716 3960 ,
2761 3886 3000 3949 i‘salmns
3045 3889 3145 3950 istc
3188 3895 3255 3952 de
3286 3912 3370 3952 me
3399 3900 3634 3970 scriptus
3662 3891 3788 3958 est?

2188 3985 2362 4058 Longe
2385 4004 2417 4040 α
2436 3987 2595 4041 salute
2622 4001 2752 4054 utea,
2775 3987 2921 4041 verba
2950 3985 3244 4042 delictorum
3275 4003 3516 4043 mearum.
3537 3985 3786 4059 Quorum

2188 4077 2545 4143 delictorum,
2591 4077 2659 4134 de
2702 4096 2807 4148 quo
2856 4075 3052 4135 dictum
3096 4088 3214 4137 est:
3264 4080 3364 4149 Qui
3389 4092 3654 4153 peccatum
3690 4093 3786 4140 nan

2189 4171 2325 4240 fecit,
2359 4185 2450 4225 nec
2489 4168 2720 4226 inventus
2746 4181 2819 4225 est
2846 4171 2997 4227 dolus
3027 4171 3078 4226 in
3109 4187 3194 4228 ore
3223 4173 3329 4244 ejus
3350 4172 3392 4244 (l
3424 4165 3539 4237 Pot.
3571 4189 3633 4241 tt,
3658 4163 3788 4248 i2)?

2188 4263 2465 4332 Quomodo
2488 4277 2615 4335 ergo
2641 4261 2768 4319 dicit
2795 4264 3092 4319 delictorum
3116 4274 3378 4330 meorum;
3406 4265 3504 4322 Itlsi
3529 4268 3661 4337 quia
3695 4280 3786 4340 pro

2189 4354 2397 4410 delictis
2430 4355 2625 4410 nostris
2669 4355 2783 4426 ipse
2827 4364 3073 4426 precatur
3094 4399 3107 4422 ,
3160 4365 3216 4413 et
3244 4355 3433 4413 delicia
3467 4365 3658 4413 uestra
3692 4367 3782 4415 sua

2190 4447 2380 4502 delicta
2431 4447 2590 4514 fecit,
2639 4458 2695 4502 ut
2734 4448 2995 4519 justitiam
3041 4466 3189 4505 suam
3241 4460 3476 4506 nostram
3512 4451 3781 4521 justitiam

2189 4537 2421 4594 faecrt't?
2790 4613 2797 4620 _

2263 4631 2316 4686 4.
2348 4625 2500 4704 [vers
2529 4625 2608 4704 3.]
2638 4627 2776 4687 Deus
2804 4643 2940 4688 metis
2959 4676 2974 4701 ,
3005 4627 3233 4691 clamabo
3260 4633 3328 4688 ad
3357 4639 3402 4690 te
3429 4652 3517 4703 per
3545 4627 3709 4703 diem,
3738 4643 3781 4693 et

2190 4735 2292 4782 non
2315 4726 2597 4792 exaudita;
2640 4732 2687 4782 et
2718 4733 2876 4794 nocte,
2908 4733 2954 4782 et
2999 4735 3097 4782 non
3138 4729 3208 4782 at!
3234 4729 3574 4799 insipientiam
3615 4727 3779 4785 mihi:

2191 4820 2325 4876 dixit
2354 4817 2533 4890 utique
2559 4817 2623 4874 de
2651 4833 2757 4886 me,
2785 4817 2852 4874 de
2881 4827 2952 4882 te,
2976 4819 3042 4875 de
3071 4813 3194 4884 illo;
3225 4826 3418 4891 corpus
3444 4823 3586 4877 enim
3621 4828 3774 4878 Suum

2189 4914 2428 4987 gerebat,
2463 4914 2512 4968 id
2543 4923 2628 4970 est
2657 4915 2970 4970 Ecclesium.
3008 4914 3115 4968 Nisi
3144 4914 3280 4970 forte
3309 4916 3519 4984 putatis.
3561 4914 3772 4979 fratres,

2187 5007 2309 5077 quia
2349 5001 2560 5076 quando
2602 4997 2731 5060 dixit
2796 5003 3094 5070 Domitius,
3131 4994 3308 5071 Pater,
3358 5007 3399 5060 si
3443 5002 3554 5076 ﬁeri
3594 5015 3772 5076 potest,

2191 5105 2412 5155 transeat
2436 5115 2467 5152 α
2491 5113 2570 5172 ηις
2605 5099 2740 5152 calix
2765 5099 2856 5152 iste
2880 5087 3087 5167 (Matth.
3120 5105 3242 5153 κκνι
3268 5140 3282 5162 ,
3315 5091 3430 5170 39).
3461 5101 3595 5154 mori
3627 5101 3771 5154 time-

2191 5192 2298 5248 bat.
2329 5187 2442 5247 Non
2470 5203 2551 5246 est
2579 5188 2769 5244 fortior
2808 5191 2958 5245 miles
2979 5230 2994 5254 ,
3025 5196 3185 5260 quam
3227 5190 3536 5258 imperator.
3569 5185 3771 5246 Suflicit

2191 5297 2344 5339 servo
2371 5291 2429 5337 ut
2467 5283 2536 5338 sit
2579 5283 2717 5337 sicut
2762 5281 3008 5336 (iOllliniiS
3037 5277 3152 5352 ejus
3177 5277 3285 5348 (Id.
3319 5288 3383 5346 Χ,
3414 5273 3529 5350 ‘25).
3580 5271 3769 5336 Paulus

2191 5373 2339 5440 dicit,
2374 5375 2525 5430 miles
2566 5374 2703 5445 regis
2727 5366 2960 5428 Christi:
2987 5371 3274 5443 Compollor
3300 5389 3327 5427 ρ
3349 5365 3564 5438 duobus,
3594 5389 3769 5427 concu-

2192 5467 2480 5538 piscentiam
2499 5463 2683 5519 habens
2711 5463 2932 5529 dissolvi,
2957 5473 3127 5519 etesse
3151 5471 3263 5518 eum
3289 5461 3488 5519 Christo
3513 5457 3765 5534 (Philipp.

2192 5575 2230 5627 t,
2261 5549 2373 5629 23).
2402 5552 2495 5614 ille
2524 5565 2669 5627 Optat
2694 5563 2918 5614 martem
2943 5599 2958 5616 .
2991 5566 3046 5612 ut
3071 5558 3137 5612 sit
3175 5569 3293 5610 cum
3321 5548 3553 5621 Christo,
3582 5563 3629 5608 et
3663 5555 3768 5624 ipse

2195 5647 2436 5708 Chrisms
2472 5653 2619 5705 timet
2659 5643 2924 5706 martem?
2968 5643 3072 5704 Sed
3116 5645 3239 5719 quid
3283 5645 3382 5702 nisi
3416 5639 3766 5702 infirmitatem

2196 5755 2433 5800 nostram
2469 5743 2710 5810 portabat
2734 5785 2747 5807 ,
2776 5753 2828 5798 et
2857 5760 2951 5814 pro
2979 5742 3061 5798 his
3088 5742 3178 5812 qui
3209 5741 3382 5796 adhuc
3411 5741 3596 5796 timent
3621 5749 3755 5793 mor-

2259 5860 2275 5891 ³
2300 5846 2468 5909 Plures
2487 5853 2593 5909 Mss.
2621 5854 2740 5919 loco,
2765 5855 2947 5921 surdis,
2972 5853 3170 5919 habent,
3198 5852 3409 5907 Fratres.
