3950 6450
573 360 680 420 178

573 497 696 538 nam
723 480 792 537 de
833 487 886 536 te
911 480 1067 536 Pater
1092 491 1242 533 meus
1277 492 1288 528 ε
1321 473 1415 529 sed
1452 473 1520 528 de
1549 480 1733 528 ventre
1770 473 1956 529 matris
1983 490 2115 530 mete
2140 516 2157 543 ,

573 577 720 633 Deus
749 589 918 630 meus.

644 666 733 722 1‘2.
767 664 914 741 [uers.
949 661 1062 736 12.]
1085 659 1169 716 Ne
1193 658 1424 714 discedas
1451 675 1484 713 a
1513 673 1626 713 me:
1644 659 1880 729 quoniam
1906 657 2163 714 tribulatio

575 759 812 831 proxima
837 765 930 821 est,
948 753 1187 822 quoniam
1213 768 1314 805 non
1339 749 1511 821 estqui
1534 749 1774 821 adjuvet:
1792 748 1965 805 videte
1981 749 2164 805 desero

573 861 717 916 tum;
748 859 801 906 et
825 864 903 902 vae
930 846 1103 913 nobis,
1127 843 1174 902 si
1201 845 1314 916 ipse
1341 858 1438 898 nos
1462 842 1694 910 deserat,
1711 842 1948 914 quoniam
1969 849 2163 897 nonest

569 944 656 1012 qui
675 943 895 1013 adjut'ct.

481 1077 488 1098 λ
639 1035 727 1090 15.
763 1033 914 1108 [υενε.
947 1029 1062 1104 15.]
1085 1029 1534 1086 Circumdederunt
1559 1044 1638 1083 me
1663 1027 1804 1082 uituli
1831 1027 1994 1093 multi,
2029 1026 2164 1080 tauri

480 1180 486 1198 τ,
567 1130 780 1202 pingues
807 1128 1105 1183 obsederunt
1133 1141 1245 1180 me:
1263 1123 1490 1195 populus
1515 1131 1569 1179 ει
1596 1119 2158 1192 principes;populus.

564 1222 716 1276 vituli
740 1219 920 1284 multi;
947 1217 1238 1288 principes,
1264 1215 1397 1270 tauri
1422 1215 1662 1286 pingues.

638 1313 728 1368 11.
747 1309 898 1385 [vers.
933 1307 1046 1382 14.]
1066 1309 1380 1380 Aperuerunt
1399 1322 1550 1378 super
1569 1321 1647 1359 me
1666 1321 1722 1360 os
1742 1321 1908 1368 suum,
1927 1303 2054 1357 sicut
2085 1303 2162 1357 leo

562 1405 771 1476 rapiens
787 1413 832 1456 et
853 1401 1053 1472 rugiens
1071 1416 1089 1455 :
1109 1400 1386 1454 audiamus
1402 1399 1633 1468 rugitum
1655 1398 1892 1467 ipsorum
1915 1395 1968 1450 in
1990 1393 2163 1450 Evan-

564 1498 726 1570 gelio,
751 1493 1019 1565 Cruci/iga,
1041 1490 1292 1562 Cruci/ige
1310 1489 1488 1561 (Joan.
1512 1505 1620 1555 xiv,
1647 1489 1732 1558 6)!

639 1588 728 1644 15.
761 1584 911 1661 [vers.
944 1582 1058 1657 15.]
1091 1583 1234 1639 Sicut
1263 1597 1392 1652 aqua
1433 1579 1623 1648 effusus
1665 1596 1810 1646 sum,
1857 1588 1905 1632 et
1933 1577 2162 1648 dispersa

563 1690 684 1738 sunt
706 1679 876 1735 omnia
905 1695 1018 1733 ossa
1042 1693 1150 1731 mea
1172 1693 1192 1731 :
1215 1689 1334 1730 ossa
1358 1690 1474 1740 sua,
1499 1673 1682 1728 firmos
1707 1687 1833 1726 suos
1857 1671 2015 1736 dicit;
2037 1684 2160 1724 ossa

563 1772 707 1829 enim
738 1772 887 1825 firma
909 1779 1030 1825 sunt
1056 1770 1108 1822 in
1127 1781 1372 1836 corpore.
1392 1762 1616 1833 Quando
1633 1763 1883 1833 dispersit
1898 1776 2021 1816 ossa
2038 1761 2161 1816 sua?

563 1862 789 1932 Quando
817 1862 946 1917 dixit
976 1862 1080 1916 illis
1112 1876 1125 1912 :
1159 1859 1296 1914 Ecce
1337 1874 1428 1929 ego
1456 1858 1598 1910 mitto
1627 1872 1714 1910 vos
1755 1857 1890 1909 velut
1920 1871 2078 1926 agnos
2105 1854 2159 1908 in

564 1953 732 2009 medio
757 1953 989 2022 luporum
1017 1950 1231 2021 (Matth.
1263 1966 1316 2016 κ,
1340 1949 1436 2012 16;
1456 1947 1586 2001 Luc.
1615 1963 1670 2013 x,
1690 1947 1766 2016 ὅ).
1799 1946 2008 2000 Firmos
2033 1958 2160 1999 suos
2205 1937 2222 1986 ἶ

561 2045 834 2115 dispersit,
852 2053 906 2099 et
931 2044 1069 2099 sicut
1091 2057 1227 2113 aqua
1250 2040 1452 2096 ell‘usus
1477 2049 1590 2094 est:
1611 2053 1748 2109 aqua
1776 2037 1916 2094 enim
1943 2036 2158 2108 quando

563 2136 874 2202 effunditur,
893 2143 983 2189 aut
1010 2135 1196 2198 abluit,
1219 2141 1312 2187 ant
1336 2132 1554 2202 irrigat;
1586 2129 1788 2186 effusus
1809 2138 1891 2184 est
1913 2128 2158 2183 Christus

560 2232 701 2288 sicut
721 2245 879 2302 aqua,
899 2228 1062 2284 abluti
1080 2235 1205 2282 sunt
1222 2225 1520 2288 sordentes,
1540 2224 1725 2293 rigata:
1747 2231 1870 2275 sunt
1887 2228 2097 2275 mentes
2113 2221 2154 2273 ⁸.

563 2323 782 2380 Factum
805 2331 876 2377 est
903 2338 990 2376 cor
1015 2336 1178 2374 meum
1203 2328 1444 2385 tanquam
1466 2332 1579 2370 cera
1605 2315 1899 2385 liquescens,
1918 2313 1971 2367 in
1993 2312 2157 2366 medio

560 2419 746 2474 ventris
791 2417 887 2470 mei
929 2432 949 2470 :
998 2421 1238 2468 ventrem
1286 2425 1440 2466 suum
1489 2409 1620 2464 dicit
1665 2408 1905 2462 infirmos
1950 2403 2003 2460 in
2050 2404 2155 2459 Ec-

560 2511 725 2568 clesia
773 2525 889 2565 sua.
922 2505 1202 2576 Quomodo
1231 2519 1326 2560 cor
1355 2503 1519 2574 ipsius
1549 2500 1746 2555 factum
1777 2508 1859 2554 εει
1901 2497 2040 2553 sicut
2065 2510 2155 2552 cc-

557 2605 662 2659 ra?
709 2601 814 2658 Cor
861 2600 1028 2672 ipsius
1056 2599 1329 2666 Scriptura
1375 2595 1577 2664 ipsius,
1629 2592 1681 2646 id
1725 2599 1844 2654 cst,
1894 2588 2152 2658 sapientia

557 2696 728 2765 ipsius
777 2708 898 2765 qua:
948 2699 1064 2747 erat
1114 2690 1167 2744 iu
1220 2685 1530 2756 Scripturis.
1588 2682 1780 2740 Clausa
1837 2680 1980 2737 enim
2036 2686 2152 2736 erat

555 2785 871 2856 Scriptura;
924 2797 1086 2838 nemo
1135 2780 1276 2835 illam
1325 2775 1655 2846 intelligebat
1689 2792 1703 2828 :
1734 2773 2022 2829 crucifixus
2069 2779 2151 2825 est

556 2878 857 2943 Dominus,
905 2883 960 2931 ει
1007 2870 1294 2944 liquefacta
1341 2876 1424 2926 est
1468 2868 1605 2922 sicut
1651 2881 1812 2929 cera,
1860 2872 1918 2918 ut
1961 2874 2152 2917 omnes

555 2969 755 3025 infirmi
807 2965 1162 3035 intelligerent
1205 2961 1575 3031 Scripturam;
1623 2971 1744 3011 nam
1791 2953 1912 3008 inde
1960 2961 2013 3006 ct
2054 2966 2148 3006 ve-

551 3061 666 3116 lum
717 3058 896 3127 templi
925 3057 1152 3112 scissum
1198 3062 1320 3119 est,
1352 3051 1474 3123 quia
1504 3048 1645 3119 quod
1680 3046 1958 3102 velabatur
1985 3059 2148 3100 reve-

553 3149 721 3206 latum
753 3157 856 3204 est.

629 3240 715 3295 16.
748 3237 898 3311 [vers.
932 3233 1049 3308 16.]
1083 3233 1295 3289 Exaruit
1333 3231 1462 3286 uelut
1489 3238 1612 3284 testa
1650 3228 1804 3282 virtus
1842 3242 1951 3281 utea
1979 3241 1998 3280 :
2027 3240 2147 3280 ma-

551 3333 746 3406 gnifice
774 3328 915 3401 quod
954 3328 1122 3393 dixit,
1151 3324 1386 3381 Firmius
1411 3322 1606 3376 factum
1636 3328 1718 3374 est
1747 3333 1941 3372 nomen
1969 3332 2145 3373 meum

463 3425 624 3515 J/le
647 3422 1005 3479 tribulatione.
1027 3416 1307 3485 Quomodo
1331 3414 1476 3470 enim
1499 3420 1631 3467 testa
1657 3418 1780 3466 ante
1810 3409 1985 3481 ignem
2013 3408 2147 3464 mol-

550 3517 621 3574 lis
645 3524 748 3582 est,
771 3523 888 3585 post
917 3513 1092 3582 ignem
1119 3506 1300 3571 fortis;
1325 3505 1402 3561 sic
1427 3501 1636 3559 Domini
1664 3516 1856 3557 nomen
1885 3509 2010 3555 ante
2026 3514 2150 3570 pas-

550 3610 760 3666 sionem
788 3601 1248 3666 contemnebatur,
1269 3605 1393 3670 post
1416 3595 1715 3666 passionem
1743 3592 2142 3650 lionorificatur.

551 3697 624 3754 Et
651 3699 828 3768 lingua
852 3711 961 3750 mea
986 3690 1200 3747 adltwsit
1227 3687 1458 3759 faucibus
1482 3686 1604 3740 meis
1634 3701 1653 3739 :
1681 3683 1950 3755 quomodo
1977 3698 2146 3738 mem-

547 3792 706 3848 brum
754 3788 882 3845 illud
928 3788 982 3843 in
1013 3785 1166 3840 nobis
1197 3798 1302 3838 non
1335 3781 1480 3836 valet
1524 3778 1626 3834 nisi
1668 3775 1734 3832 ad
1780 3775 2143 3847 loquendum;

549 3883 630 3938 sic
685 3878 1059 3952 prmdieatores
1110 3888 1275 3940 suos,
1329 3873 1565 3943 linguam
1617 3884 1807 3936 suam,
1860 3867 1998 3922 dixit
2048 3867 2146 3923 ad-

547 3973 773 4028 hmsisse
814 3971 1052 4026 faucibus
1094 3967 1245 4033 suis,
1294 3973 1352 4022 ut
1395 3964 1462 4020 de
1505 3961 1848 4019 interioribus
1890 3959 2006 4030 ejus
2050 3974 2144 4016 ca-

547 4074 739 4137 perent
783 4063 1117 4136 sapientiam.
1162 4059 1230 4114 Et
1271 4059 1327 4113 in
1368 4057 1625 4127 pulverem
1672 4054 1848 4110 mortis
1893 4053 2146 4110 deduxisti

544 4176 647 4215 ine.

621 4251 710 4306 17.
757 4249 908 4323 [υενε.
942 4245 1057 4320 17.]
1105 4245 1357 4313 Quoniam
1399 4240 1834 4296 circumdederunt
1876 4255 1954 4292 me
1996 4255 2144 4293 canes

544 4337 728 4404 multi,
760 4339 1030 4394 concilium
1057 4335 1444 4408 malignantium
1471 4331 1799 4386 circumdedit
1824 4347 1902 4384 me
1932 4346 1951 4384 .'
1981 4331 2140 4386 etiam

544 4432 726 4488 videte
772 4429 1139 4500 Evangelium.
1185 4425 1450 4481 Foderunt
1491 4439 1671 4478 manus
1718 4438 1855 4476 ineas
1899 4429 1945 4475 et
1992 4420 2143 4490 pedes

544 4540 704 4578 meos.
753 4521 900 4577 Tunc
942 4520 1079 4575 facta
1123 4526 1248 4573 sunt
1287 4515 1543 4578 vulnera,
1585 4527 1812 4584 quorum
1859 4510 2138 4566 vulnerum

541 4612 821 4670 cicatrices
867 4611 1113 4665 dubitans
1160 4605 1450 4678 discipulus
1477 4602 1875 4669 contrectavit,
1909 4601 2000 4658 ille
2047 4602 2139 4672 qui

542 4703 729 4760 dixit:
763 4702 880 4758 Nisi
928 4702 1109 4756 misero
1151 4699 1336 4770 digitos
1381 4713 1516 4751 meos
1559 4697 1613 4750 in
1661 4696 1916 4749 cicatrices
1959 4693 2137 4750 uulneo

541 4813 660 4854 rum
685 4796 798 4868 ejus
820 4837 836 4863 ,
869 4812 970 4850 non
1001 4793 1222 4848 credam.
1258 4789 1482 4860 Quando
1510 4789 1561 4846 ei
1588 4789 1763 4856 dixit,
1805 4787 1970 4856 Veni,
2002 4791 2139 4845 mitte

542 4904 752 4943 manum
796 4896 936 4941 luant
959 4927 974 4952 ,
1020 4884 1314 4951 incredula;
1344 4891 1398 4939 et
1439 4881 1587 4938 misit
1615 4895 1828 4936 manum
1858 4896 2009 4936 suam
2036 4922 2052 4948 ,
2084 4890 2140 4936 et

541 4980 799 5035 clamavit
830 4997 844 5033 :
876 4977 1124 5033 Dominus
1153 4993 1291 5032 meus
1319 4986 1364 5031 et
1391 4974 1531 5030 Deus
1557 4975 1734 5029 meus!
1761 4974 1828 5030 Et
1854 4975 1941 5029 ille
1965 4991 1978 5028 :
2006 4973 2138 5040 Quia

540 5073 712 5128 uidisti
756 5089 836 5128 me
858 5113 875 5140 ,
923 5071 1224 5135 credidisti;
1270 5068 1399 5124 beati
1443 5068 1528 5138 qui
1574 5084 1675 5122 non
1721 5067 1888 5121 uident
1933 5075 1981 5121 et
2024 5082 2136 5122 cre-

543 5166 669 5220 dunt
699 5164 878 5236 (Joan.
908 5179 1002 5230 xx,
1029 5162 1120 5231 25,
1150 5161 1242 5230 27,
1274 5160 1390 5233 9.8).
1423 5159 1690 5216 Fuderunt
1718 5176 1896 5215 manus
1925 5175 2061 5214 meas
2088 5168 2137 5214 et

541 5259 694 5332 pedes
718 5274 873 5312 meos.

616 5351 705 5406 18.
723 5349 872 5424 [vers.
890 5345 1006 5420 18.]
1023 5347 1469 5401 Dinumeraverunt
1494 5344 1664 5399 omnia
1679 5358 1794 5398 ossa
1823 5358 1962 5398 mea:
1975 5356 2138 5414 quan-

542 5443 869 5515 dependens
880 5450 1129 5500 extentus
1145 5448 1260 5497 erat
1277 5439 1328 5494 in
1348 5439 1511 5510 ligno.
1525 5436 1638 5492 Non
1657 5436 1830 5507 potuit
1846 5436 2034 5491 melius
2049 5434 2137 5490 de-

543 5539 704 5595 scribi
730 5536 969 5593 extensio
993 5534 1235 5606 corporis
1255 5534 1306 5587 in
1335 5533 1498 5604 ligno,
1517 5545 1676 5601 quam
1705 5539 1763 5584 ut
1784 5529 1984 5584 diceret
2005 5548 2016 5583 :
2041 5527 2108 5582 Di
2120 5561 2134 5571 -

544 5635 927 5684 numeraverunt
947 5629 1116 5681 omnia
1138 5641 1250 5679 ossa
1271 5640 1399 5676 mea.

617 5720 708 5777 19.
741 5717 890 5793 [vers.
925 5717 1037 5789 19.]
1068 5716 1180 5788 Ipsi
1209 5732 1322 5770 vero
1358 5715 1813 5780 considerarerimt,
1851 5724 1897 5769 et
1926 5729 2134 5784 conspe-

608 5880 624 5910 ¹
652 5879 826 5939 Regius
842 5883 925 5925 Ms.
950 5884 997 5924 et
1027 5876 1188 5931 Vatia,
1216 5872 1354 5932 rigati
1378 5870 1598 5919 sitientes.

1896 5976 1927 5988 ..-

1812 355 1868 412 s.
1898 351 2266 438 ΑυευετιΝι
2305 353 2624 418 εριεεοιιι»
3697 374 3774 435 tu

2271 489 2451 535 mut
2500 497 2578 535 me
2608 497 2626 536 :
2653 479 3160 550 consideraverunt,
3205 489 3262 539 et
3287 496 3391 538 non
3432 485 3770 561 intellexerunt;

2269 581 2685 643 conspexerunt,
2705 579 2760 629 ει
2783 588 2888 630 non
2906 573 3173 629 viderunt.
3192 572 3369 643 Usque
3389 574 3453 630 ad
3475 591 3662 635 carnem
3683 598 3775 641 ocu-

2268 662 2350 716 los
2368 704 2384 729 ,
2415 678 2519 718 non
2547 678 2715 735 usque
2742 664 2809 720 ad
2839 664 3070 721 Verbum
3094 679 3188 720 cor
3216 664 3521 722 habuerunt.
3548 667 3774 732 Divisemt

2267 753 2365 808 sibi
2388 755 2678 810 vestimenta
2702 771 2813 810 mea
2842 771 2863 812 :
2891 755 3208 812 vestimenta
3250 771 3341 811 sua
3361 797 3375 821 ,
3405 772 3695 820 sacramenta
3717 765 3776 836 ip-

2268 847 2398 902 sius.
2425 845 2714 913 Attendite,
2746 847 2957 903 fratres.
2986 846 3309 903 Vestimenta
3335 847 3511 919 ipsius,
3537 865 3777 912 sacramen-

2271 946 2320 992 ta
2347 939 2512 1009 ipsius
2540 947 2827 1008 potuerunt
2864 937 3026 995 dividi
3057 955 3153 1009 per
3191 939 3417 996 1133113508
3448 958 3463 994 :
3490 940 3578 997 sed
3615 956 3708 1000 erat
3729 947 3778 1003 ibi

2266 1032 2640 1090 vestimentum
2667 1032 2812 1104 quod
2841 1049 2998 1089 nemo
3024 1032 3220 1088 divisit.
3249 1031 3312 1086 Et
3337 1050 3482 1104 super
3503 1037 3778 1095 uestimentum

2269 1140 2432 1179 nteum
2459 1124 2698 1178 miserunt
2725 1133 2925 1178 sortem.
2961 1123 3087 1178 Erat
3114 1124 3183 1178 ibi
3210 1124 3402 1190 tunica,
3428 1123 3546 1181 dicit
3570 1131 3779 1200 evangeli-

2267 1225 2370 1282 sta,
2398 1215 2611 1287 desuper
2637 1223 2769 1270 texta
2787 1214 2963 1284 (Joan.
2985 1230 3092 1278 six,
3119 1214 3234 1285 εδ).
3265 1215 3479 1286 Ergode
3493 1217 3633 1279 cmlo.
3651 1236 3779 1290 ergo:
3870 1219 3871 1290 ι

2268 1305 2425 1361 Patre
2449 1347 2463 1370 ,
2497 1321 2624 1374 ergo
2652 1319 2682 1359 a
2711 1305 2910 1376 Spiritu
2957 1313 3162 1360 sancto.
3205 1304 3336 1372 Quze
3379 1313 3458 1361 est
3485 1306 3575 1361 ista
3615 1310 3778 1374 tunica,

2267 1397 2367 1452 nisi
2408 1397 2643 1452 Charitas
2665 1438 2680 1463 ,
2712 1412 2869 1468 quam
2912 1413 3070 1452 nemo
3101 1406 3275 1467 potest
3302 1397 3570 1454 dividere?
3595 1399 3702 1469 Qure
3723 1411 3781 1456 εει

2266 1491 2366 1545 ista
2399 1491 2572 1545 tunica
2598 1533 2612 1556 ,
2645 1491 2746 1545 nisi
2777 1490 2994 1546 unitas?
3024 1491 3078 1546 ln
3108 1492 3273 1562 ipsam
3315 1507 3430 1546 sors
3455 1493 3687 1560 mittitur,
3712 1510 3780 1549 ne-

2265 1597 2355 1637 mo
2381 1581 2526 1636 illam
2569 1582 2781 1637 dividit.
2813 1581 3158 1638 Sacramenta
3201 1584 3300 1639 sibi
3343 1583 3566 1640 hceretiei
3595 1585 3782 1642 dividere

2265 1680 2588 1742 potuerunt,
2621 1671 2936 1730 cliaritatem
2986 1691 3090 1730 non
3136 1675 3453 1731 diviserunt.
3499 1677 3560 1732 Et
3599 1677 3700 1747 quia
3722 1677 3781 1732 di-

2265 1765 2450 1820 videre
2479 1781 2584 1820 non
2629 1775 2951 1836 potuerunt,
2984 1775 3321 1823 recesserunt
3355 1786 3369 1823 :
3400 1767 3484 1822 illa
3522 1776 3675 1822 autem
3699 1784 3782 1824 ma-

2265 1865 2356 1912 net
2402 1857 2625 1928 integra.
2673 1856 2829 1914 Sorte
2871 1857 3090 1914 obvenit
3131 1859 3444 1930 quibusdam
3489 1877 3504 1912 :
3547 1859 3628 1929 qui
3666 1858 3784 1914 habet

2266 1948 2441 2013 hanc,
2492 1963 2713 2005 securus
2757 1959 2878 2015 est;
2927 1964 3084 2006 nemo
3130 1951 3276 2006 illum
3324 1961 3501 2007 movet
3543 1952 3604 2007 de
3642 1952 3782 2008 Eulo-

2263 2039 2341 2094 sia
2387 2039 2646 2096 catholica
2673 2082 2688 2108 ,
2718 2049 2770 2097 et
2801 2041 2845 2097 si
2891 2041 3018 2098 foris
3061 2043 3204 2098 illam
3250 2044 3464 2115 incipiat
3493 2043 3700 2110 habere,
3724 2044 3783 2099 in-

2265 2132 2612 2200 tromittitur,
2647 2133 2916 2205 quomodo
2957 2149 3138 2191 ramus
3174 2135 3333 2192 olivae
3362 2152 3393 2192 a
3420 2137 3645 2192 columba
3672 2135 3783 2208 (lim.

2263 2240 2390 2291 vin,
2425 2226 2537 2298 11).

2283 2326 2290 2328 “
2331 2318 2422 2374 20.
2443 2318 2592 2393 [εει-ε.
2612 2317 2727 2393 20.]
2750 2319 2822 2374 Tu
2852 2329 3039 2387 autent,
3064 2320 3294 2388 Domine,
3313 2338 3379 2376 ne
3396 2323 3540 2394 longe
3557 2321 3708 2391 feceris
3729 2337 3785 2375 att.

2258 2413 2439 2466 xilium
2457 2421 2617 2466 ιιιιιηι.
2637 2411 2700 2466 Ει
2720 2412 2914 2467 factum
2933 2421 3010 2468 est
3033 2429 3044 2465 :
3065 2421 3188 2485 post
3205 2413 3436 2469 triduum
3455 2412 3729 2469 resurrexit.
3741 2410 3786 2466 lu

2261 2502 2599 2574 defensionem
2623 2519 2781 2557 meam
2807 2505 2994 2574 aspice.

2329 2595 2419 2649 2|.
2447 2592 2595 2668 [εει-ι.
2632 2592 2748 2666 21.]
2775 2594 2908 2649 Erue
2933 2613 2965 2648 a
2994 2599 3188 2668 framea
3211 2597 3437 2651 animam
3461 2613 3611 2651 meam
3627 2611 3644 2651 :
3663 2593 3706 2650 id
3733 2603 3787 2649 est

2259 2703 2289 2742 a
2307 2695 2508 2753 morte;
2529 2686 2729 2743 framea
2753 2689 2894 2744 enim
2917 2689 3124 2760 gladius
3148 2699 3249 2756 est,
3268 2698 3326 2745 et
3349 2705 3444 2761 per
3459 2689 3671 2761 gladium
3686 2703 3788 2744 mor-

2261 2788 2367 2834 tem
2398 2778 2617 2850 intelligi
2648 2779 2831 2834 voluit.
2861 2778 2928 2834 Et
2970 2780 3033 2836 de
3056 2797 3211 2835 manu
3251 2782 3396 2836 canis
3424 2781 3613 2835 unicam
3649 2795 3785 2832 meum.

2259 2868 2495 2923 Animam
2543 2885 2705 2924 meam
2727 2910 2742 2936 ,
2793 2870 2996 2924 unicam
3045 2887 3247 2938 meam,
3301 2881 3462 2942 caput
3507 2881 3559 2927 et
3599 2883 3786 2942 corpus:

2264 2962 2479 3018 Unicum
2506 2963 2683 3030 dixit,
2717 2963 3013 3019 Ecclesium
3048 2983 3063 3021 :
3095 2965 3157 3018 de
3202 2981 3358 3020 manu
3383 3008 3397 3031 ,
3431 2964 3480 3020 id
3527 2973 3603 3020 est
3641 2963 3698 3018 de
3721 2975 3787 3030 po-

2261 3063 2452 3110 testate
2498 3055 2666 3112 canis.
2697 3054 2797 3121 Qui
2841 3064 2966 3109 sunt
3009 3056 3216 3112 canes?
3261 3055 3363 3122 Qui
3413 3056 3599 3111 canino
3641 3051 3788 3108 more‘

2260 3147 2492 3212 latrant,
2525 3161 2625 3202 nec
2671 3145 2971 3217 intelligunt
3012 3156 3196 3203 contra
3227 3162 3385 3218 quos.
3417 3147 3552 3204 Niltil
3596 3143 3684 3200 illis
3720 3141 3786 3202 ﬁt.

2257 3246 2313 3292 et
2356 3237 2566 3292 latrant.
2617 3236 2754 3306 Quid
2803 3236 2926 3292 fecit
2971 3238 3089 3292 cani
3139 3239 3406 3294 transiens
3453 3237 3589 3293 viam
3633 3233 3788 3290 suam?

2257 3326 2459 3383 Tamen
2509 3327 2596 3382 ille
2646 3328 2822 3383 latrat.
2874 3326 2975 3395 Qui
3022 3327 3216 3383 latrant
3262 3329 3425 3385 catcis
3468 3327 3629 3384 oculis
3656 3367 3669 3392 ,
3714 3336 3789 3376 non

2257 3420 2624 3478 discernentes
2676 3423 2859 3476 contra
2911 3435 3047 3490 quos
3095 3430 3188 3476 aut
3238 3437 3340 3492 pro
3393 3422 3582 3495 quibus
3610 3462 3625 3490 ,
3671 3429 3790 3475 canes

2254 3522 2400 3568 sunt.

2325 3605 2414 3660 22.
2449 3604 2615 3678 [vers.
2645 3604 2772 3679 22.]
2803 3605 3016 3662 Saluum
3061 3622 3140 3662 me
3184 3606 3266 3676 fac
3307 3607 3374 3662 de
3415 3624 3501 3663 ore
3537 3602 3789 3662 leonisrleo

2255 3697 2472 3768 rugiens
2500 3697 2670 3752 nostis
2699 3697 2819 3768 quis
2848 3697 2938 3763 sit,
2967 3698 3288 3754 circumiens
3317 3709 3374 3756 et
3403 3713 3638 3772 quaerens
3670 3708 3788 3766 quem

2253 3789 2475 3845 devoret
2495 3788 2536 3859 (Ι
2563 3787 2705 3844 Petr.
2728 3804 2782 3856 ν,
2810 3787 2890 3862 8).
2916 3789 2983 3844 Et
3006 3806 3038 3845 a
3063 3789 3300 3845 cornibus
3335 3792 3642 3847 unicornium
3666 3785 3790 3842 humi-

2253 3882 2446 3936 litatem
2470 3897 2629 3935 meam
2655 3895 2673 3935 :
2701 3881 2985 3939 unicornes
3014 3897 3118 3937 non
3147 3882 3378 3951 diceret,
3411 3884 3513 3941 nisi
3541 3880 3785 3954 superbos;

2253 3973 2374 4030 ideo
2405 3974 2653 4043 subjecit,
2686 3973 3022 4028 humilitatem
3050 3991 3232 4029 meam.

2321 4063 2411 4121 25.
2445 4062 2607 4138 [uers.
2634 4062 2764 4137 9.3.]
2803 4064 3037 4122 Audistis
3074 4080 3194 4135 qua:
3235 4081 3427 4137 passus
3465 4075 3573 4134 est,
3610 4072 3658 4120 et
3694 4054 3788 4132 quid

2249 4156 2453 4222 oravit,
2487 4164 2547 4210 ut
2575 4161 2794 4212 eruatur
2821 4155 2890 4211 ab
2917 4155 3034 4212 istis
3060 4173 3073 4211 :
3101 4157 3443 4216 attendamus
3479 4156 3631 4214 modo
3663 4163 3789 4225 quare

2249 4265 2438 4321 passus
2476 4258 2576 4304 est.
2607 4248 2764 4304 Modo
2788 4248 2896 4319 jam
2923 4248 3127 4317 videte,
3158 4250 3349 4308 fratres
3378 4295 3392 4316 ,
3420 4253 3508 4324 qui
3539 4265 3636 4306 non
3662 4257 3728 4304 est
3749 4245 3787 4299 in

2249 4359 2311 4398 ea
2359 4351 2535 4410 sorte,
2583 4349 2800 4414 propter
2838 4358 2997 4411 quam
3028 4358 3218 4414 passus
3256 4355 3338 4400 est
3367 4343 3637 4408 Christus,
3662 4347 3787 4411 quare

2246 4434 2568 4489 eliristianus
2594 4434 2716 4488 est?
2746 4434 2914 4500 Ecce,
2947 4433 3290 4506 intelligimus
3326 4453 3446 4508 qua:
3489 4449 3662 4508 passus
3694 4441 3785 4484 est:

2247 4525 2581 4582 dinumerata
2612 4534 2736 4580 sunt
2762 4539 2880 4582 ossa
2921 4527 3070 4598 ejus,
3120 4528 3304 4584 irrisus
3345 4539 3464 4594 est,
3504 4526 3662 4584 divisa
3695 4526 3787 4577 sunt

2246 4620 2560 4676 vestimenta
2588 4619 2723 4688 ejus,
2758 4619 2975 4689 insuper
3001 4608 3162 4676 missa
3187 4631 3267 4676 est
3295 4635 3418 4676 sors
3445 4635 3603 4690 super
3625 4624 3784 4672 vestem

2247 4714 2413 4786 ipsius
2435 4755 2452 4781 ,
2497 4714 2964 4770 circumdederunt
2993 4715 3138 4772 illum
3167 4715 3404 4773 furentes
3431 4727 3483 4773 ει
3513 4713 3784 4771 scvientes.

2249 4817 2304 4865 et
2327 4807 2568 4881 dispersa
2601 4820 2723 4864 sunt
2753 4809 2931 4865 omnia
2961 4825 3080 4865 ossa
3109 4810 3224 4880 ejus
3248 4854 3261 4875 ,
3303 4821 3356 4866 et
3388 4812 3476 4868 hic
3508 4809 3728 4866 audimus
3750 4808 3782 4853 cl

2245 4901 2299 4958 in
2344 4901 2631 4972 Evangelio
2675 4901 2918 4973 legimus.
2971 4900 3254 4958 Videamus
3300 4919 3488 4974 quare.
3533 4902 3577 4957 Ο
3613 4897 3784 4956 Christe

2243 4991 2346 5050 Fili
2369 4993 2482 5061 Dei,
2514 4995 2560 5048 si
2591 4993 2760 5050 nolles
2780 5035 2796 5060 ,
2830 5009 2932 5049 non
2965 4996 3258 5064 patereris,
3289 4996 3513 5052 ostende
3541 4992 3680 5049 nobis
3700 4987 3783 5041 fru-

2243 5097 2385 5144 ctum
2412 5087 2675 5160 passionis
2705 5095 2828 5141 tum.
2853 5086 3026 5154 Audi,
3060 5089 3260 5160 inquit,
3303 5087 3533 5144 fruettun
3562 5099 3684 5155 τιναο
3703 5092 3780 5134 non

2244 5189 2415 5248 taceo,
2447 5180 2540 5236 sed
2572 5179 2716 5235 surdi
2746 5189 2870 5234 sunt
2895 5179 3160 5235 homines.
3193 5181 3348 5245 Audi,
3377 5183 3568 5254 inquit,
3594 5177 3776 5232 fructum

2242 5287 2408 5346 quare
2454 5286 2645 5343 passus
2687 5287 2805 5326 sum
2838 5271 2936 5326 ista
2964 5271 3162 5327 omnia.
3197 5271 3436 5328 Narrabo
3478 5286 3648 5326 nomen
3673 5276 3811 5331 tutan;

2243 5364 2483 5438 fratribus
2509 5365 2651 5419 meis.
2683 5347 2970 5419 Videamus
3017 5363 3060 5419 si
3111 5364 3162 5419 in
3211 5374 3359 5435 parte
3402 5372 3584 5420 narrat
3621 5367 3778 5415 nomen

2245 5461 2338 5517 Dei
2359 5459 2609 5516 fratribus
2627 5458 2758 5515 suis.
2780 5456 3018 5512 Narrabo
3039 5474 3222 5513 nomen
3249 5467 3387 5512 tuum
3407 5457 3638 5529 fratribus
3654 5449 3780 5505 meis:

2241 5556 2294 5609 in
2337 5554 2499 5609 medio
2534 5552 2777 5608 Ecclesia:
2801 5552 3011 5607 cantabo
3040 5562 3106 5609 te.
3137 5551 3225 5608 Fit
3263 5550 3365 5608 lioc
3395 5551 3574 5608 modo.
3604 5544 3696 5603 Sed
3719 5540 3779 5592 νὶ-

2240 5647 2462 5704 deamus
2491 5645 2603 5716 ipsa
2634 5644 2870 5700 Ecclesia
2897 5660 3018 5716 qua:
3045 5653 3146 5701 est.
3189 5642 3318 5700 Nam
3354 5642 3494 5701 dixit
3519 5661 3533 5700 :
3564 5640 3624 5698 In
3650 5631 3778 5693 ntulit

2308 5869 2321 5899 ι
2359 5870 2407 5914 ιη
2431 5872 2540 5915 Mss.
2571 5861 2800 5925 auitam
2819 5873 2952 5914 more
