  <div class='ocr_page' id='page_1' title='image "/cluster/home/n/w/nwhite01/storage/ocr_20150623/36/uva.x000827105/096.png"; bbox 0 0 3950 6400; ppageno 0'>
   <div class='ocr_carea' id='block_1_1' title="bbox 227 401 339 459">
    <p class='ocr_par' dir='ltr' id='par_1_1' title="bbox 227 401 339 459">
     <span class='ocr_line' id='line_1_1' title="bbox 227 401 339 459; baseline -0.018 0"><span class='ocrx_word' id='word_1_1' title='bbox 227 401 339 459; x_wconf 71' lang='lat'><strong>277</strong></span> 
     </span>
    </p>
   </div>
   <div class='ocr_carea' id='block_1_2' title="bbox 235 513 1816 583">
    <p class='ocr_par' dir='ltr' id='par_1_2' title="bbox 235 513 1816 583">
     <span class='ocr_line' id='line_1_2' title="bbox 235 513 1816 583; baseline -0.006 -6"><span class='ocrx_word' id='word_1_2' title='bbox 235 518 483 577; x_wconf 67' lang='lat' dir='ltr'><strong>Ecclesia</strong></span> <span class='ocrx_word' id='word_1_3' title='bbox 523 521 735 575; x_wconf 84' lang='lat' dir='ltr'><strong>cantabo</strong></span> <span class='ocrx_word' id='word_1_4' title='bbox 785 528 850 574; x_wconf 84' lang='lat' dir='ltr'><strong>te.</strong></span> <span class='ocrx_word' id='word_1_5' title='bbox 895 516 1192 574; x_wconf 78' lang='lat' dir='ltr'><strong>Ecclesium</strong></span> <span class='ocrx_word' id='word_1_6' title='bbox 1239 513 1514 571; x_wconf 81' lang='lat' dir='ltr'><strong>videamus</strong></span> <span class='ocrx_word' id='word_1_7' title='bbox 1532 553 1550 581; x_wconf 94' lang='lat'><strong>,</strong></span> <span class='ocrx_word' id='word_1_8' title='bbox 1592 523 1816 583; x_wconf 91' lang='lat' dir='ltr'><strong>propter</strong></span> 
     </span>
    </p>
   </div>
   <div class='ocr_carea' id='block_1_3' title="bbox 226 621 750 683">
    <p class='ocr_par' dir='ltr' id='par_1_3' title="bbox 226 621 750 683">
     <span class='ocr_line' id='line_1_3' title="bbox 226 621 750 683; baseline -0.008 -15"><span class='ocrx_word' id='word_1_9' title='bbox 226 626 397 683; x_wconf 86' lang='lat' dir='ltr'><strong>quam</strong></span> <span class='ocrx_word' id='word_1_10' title='bbox 430 625 621 682; x_wconf 86' lang='lat' dir='ltr'><strong>passus</strong></span> <span class='ocrx_word' id='word_1_11' title='bbox 646 621 750 666; x_wconf 90' lang='lat' dir='ltr'><strong>est.</strong></span> 
     </span>
    </p>
   </div>
   <div class='ocr_carea' id='block_1_4' title="bbox 303 693 1822 774">
    <p class='ocr_par' dir='ltr' id='par_1_4' title="bbox 303 693 1822 774">
     <span class='ocr_line' id='line_1_4' title="bbox 303 693 1822 774; baseline -0.007 -16"><span class='ocrx_word' id='word_1_12' title='bbox 303 703 396 758; x_wconf 64' lang='lat'><strong>25.</strong></span> <span class='ocrx_word' id='word_1_13' title='bbox 425 698 578 774; x_wconf 86' lang='lat' dir='ltr'><strong>[vers.</strong></span> <span class='ocrx_word' id='word_1_14' title='bbox 603 699 722 774; x_wconf 47' lang='grc' dir='ltr'><strong>ΞΜ]</strong></span> <span class='ocrx_word' id='word_1_15' title='bbox 756 700 856 769; x_wconf 83' lang='lat' dir='ltr'><strong>Qui</strong></span> <span class='ocrx_word' id='word_1_16' title='bbox 897 699 1079 754; x_wconf 84' lang='lat' dir='ltr'><strong>timetis</strong></span> <span class='ocrx_word' id='word_1_17' title='bbox 1118 693 1635 762; x_wconf 87' lang='lat' dir='ltr'><strong>Dontinum,laudate</strong></span> <span class='ocrx_word' id='word_1_18' title='bbox 1660 709 1773 748; x_wconf 84' lang='lat' dir='ltr'><strong>eum</strong></span> <span class='ocrx_word' id='word_1_19' title='bbox 1802 708 1822 747; x_wconf 93' lang='lat'><strong><em>:</em></strong></span> 
     </span>
    </p>
   </div>
   <div class='ocr_carea' id='block_1_5' title="bbox 227 783 1819 865">
    <p class='ocr_par' dir='ltr' id='par_1_5' title="bbox 227 783 1819 865">
     <span class='ocr_line' id='line_1_5' title="bbox 227 783 1819 865; baseline -0.008 -16"><span class='ocrx_word' id='word_1_20' title='bbox 227 793 560 865; x_wconf 77' lang='lat' dir='ltr'><strong>ubicumque</strong></span> <span class='ocrx_word' id='word_1_21' title='bbox 583 794 798 848; x_wconf 90' lang='lat' dir='ltr'><strong>timetur</strong></span> <span class='ocrx_word' id='word_1_22' title='bbox 826 791 967 846; x_wconf 90' lang='lat' dir='ltr'><strong>Deus</strong></span> <span class='ocrx_word' id='word_1_23' title='bbox 993 798 1049 845; x_wconf 92' lang='lat' dir='ltr'><strong>et</strong></span> <span class='ocrx_word' id='word_1_24' title='bbox 1076 788 1342 851; x_wconf 76' lang='lat' dir='ltr'><strong>laudatur,</strong></span> <span class='ocrx_word' id='word_1_25' title='bbox 1371 785 1441 842; x_wconf 90' lang='lat' dir='ltr'><strong>ibi</strong></span> <span class='ocrx_word' id='word_1_26' title='bbox 1474 794 1559 840; x_wconf 90' lang='lat' dir='ltr'><strong>est</strong></span> <span class='ocrx_word' id='word_1_27' title='bbox 1579 783 1819 840; x_wconf 78' lang='lat' dir='ltr'><strong>Ecclesia</strong></span> 
     </span>
    </p>
   </div>
   <div class='ocr_carea' id='block_1_6' title="bbox 233 878 1820 952">
    <p class='ocr_par' dir='ltr' id='par_1_6' title="bbox 233 878 1820 952">
     <span class='ocr_line' id='line_1_6' title="bbox 233 878 1820 952; baseline -0.009 -10"><span class='ocrx_word' id='word_1_28' title='bbox 233 885 459 942; x_wconf 84' lang='lat' dir='ltr'><strong>Christi.</strong></span> <span class='ocrx_word' id='word_1_29' title='bbox 491 884 678 941; x_wconf 75' lang='lat' dir='ltr'><strong>Videte</strong></span> <span class='ocrx_word' id='word_1_30' title='bbox 699 925 716 952; x_wconf 96' lang='lat'><strong>,</strong></span> <span class='ocrx_word' id='word_1_31' title='bbox 744 881 1100 943; x_wconf 84' lang='lat' dir='ltr'><strong>fratresmci,</strong></span> <span class='ocrx_word' id='word_1_32' title='bbox 1133 880 1176 935; x_wconf 88' lang='lat' dir='ltr'><strong>si</strong></span> <span class='ocrx_word' id='word_1_33' title='bbox 1204 878 1287 934; x_wconf 87' lang='lat' dir='ltr'><strong>his</strong></span> <span class='ocrx_word' id='word_1_34' title='bbox 1316 878 1505 932; x_wconf 86' lang='lat' dir='ltr'><strong>diebus</strong></span> <span class='ocrx_word' id='word_1_35' title='bbox 1533 893 1625 946; x_wconf 89' lang='lat' dir='ltr'><strong>per</strong></span> <span class='ocrx_word' id='word_1_36' title='bbox 1653 886 1820 930; x_wconf 85' lang='lat' dir='ltr'><strong>totum</strong></span> 
     </span>
    </p>
   </div>
   <div class='ocr_carea' id='block_1_7' title="bbox 226 969 1815 1038">
    <p class='ocr_par' dir='ltr' id='par_1_7' title="bbox 226 969 1815 1038">
     <span class='ocr_line' id='line_1_7' title="bbox 226 969 1815 1038; baseline -0.009 -3"><span class='ocrx_word' id='word_1_37' title='bbox 226 978 421 1035; x_wconf 86' lang='lat' dir='ltr'><strong>orbem</strong></span> <span class='ocrx_word' id='word_1_38' title='bbox 443 986 706 1034; x_wconf 87' lang='lat' dir='ltr'><strong>terrarum</strong></span> <span class='ocrx_word' id='word_1_39' title='bbox 733 976 849 1032; x_wconf 87' lang='lat' dir='ltr'><strong>sine</strong></span> <span class='ocrx_word' id='word_1_40' title='bbox 867 989 1027 1031; x_wconf 73' lang='lat' dir='ltr'><strong>causa</strong></span> <span class='ocrx_word' id='word_1_41' title='bbox 1048 973 1264 1038; x_wconf 89' lang='lat' dir='ltr'><strong>dicitur,</strong></span> <span class='ocrx_word' id='word_1_42' title='bbox 1292 972 1462 1028; x_wconf 83' lang='lat' dir='ltr'><strong>Amen</strong></span> <span class='ocrx_word' id='word_1_43' title='bbox 1485 979 1539 1025; x_wconf 87' lang='lat' dir='ltr'><strong>et</strong></span> <span class='ocrx_word' id='word_1_44' title='bbox 1565 969 1815 1023; x_wconf 76' lang='lat' dir='ltr'><strong>Alleluia.</strong></span> 
     </span>
    </p>
   </div>
   <div class='ocr_carea' id='block_1_8' title="bbox 228 1058 1820 1127">
    <p class='ocr_par' dir='ltr' id='par_1_8' title="bbox 228 1058 1820 1127">
     <span class='ocr_line' id='line_1_8' title="bbox 228 1058 1820 1127; baseline -0.009 0"><span class='ocrx_word' id='word_1_45' title='bbox 228 1070 353 1127; x_wconf 78' lang='lat' dir='ltr'><strong>Non</strong></span> <span class='ocrx_word' id='word_1_46' title='bbox 381 1069 452 1125; x_wconf 88' lang='lat' dir='ltr'><strong>ibi</strong></span> <span class='ocrx_word' id='word_1_47' title='bbox 481 1069 700 1124; x_wconf 90' lang='lat' dir='ltr'><strong>timetur</strong></span> <span class='ocrx_word' id='word_1_48' title='bbox 729 1064 1040 1123; x_wconf 84' lang='lat' dir='ltr'><strong>Deus‘lNon</strong></span> <span class='ocrx_word' id='word_1_49' title='bbox 1071 1065 1142 1120; x_wconf 86' lang='lat' dir='ltr'><strong>ibi</strong></span> <span class='ocrx_word' id='word_1_50' title='bbox 1169 1061 1412 1118; x_wconf 80' lang='lat' dir='ltr'><strong>laudatur</strong></span> <span class='ocrx_word' id='word_1_51' title='bbox 1443 1060 1621 1116; x_wconf 89' lang='lat' dir='ltr'><strong>Deus?</strong></span> <span class='ocrx_word' id='word_1_52' title='bbox 1641 1058 1820 1114; x_wconf 74' lang='lat' dir='ltr'><strong>Exivit</strong></span> 
     </span>
    </p>
   </div>
   <div class='ocr_carea' id='block_1_9' title="bbox 230 1153 1817 1228">
    <p class='ocr_par' dir='ltr' id='par_1_9' title="bbox 230 1153 1817 1228">
     <span class='ocr_line' id='line_1_9' title="bbox 230 1153 1817 1228; baseline -0.008 -8"><span class='ocrx_word' id='word_1_53' title='bbox 230 1163 511 1228; x_wconf 81' lang='lat' dir='ltr'><strong>Donatus,</strong></span> <span class='ocrx_word' id='word_1_54' title='bbox 539 1172 594 1218; x_wconf 91' lang='lat' dir='ltr'><strong>et</strong></span> <span class='ocrx_word' id='word_1_55' title='bbox 619 1163 730 1217; x_wconf 87' lang='lat' dir='ltr'><strong>ait:</strong></span> <span class='ocrx_word' id='word_1_56' title='bbox 763 1161 988 1216; x_wconf 84' lang='lat' dir='ltr'><strong>Prorsus</strong></span> <span class='ocrx_word' id='word_1_57' title='bbox 1022 1173 1126 1214; x_wconf 86' lang='lat' dir='ltr'><strong>non</strong></span> <span class='ocrx_word' id='word_1_58' title='bbox 1158 1159 1394 1223; x_wconf 79' lang='lat' dir='ltr'><strong>timetur,</strong></span> <span class='ocrx_word' id='word_1_59' title='bbox 1422 1165 1563 1211; x_wconf 82' lang='lat' dir='ltr'><strong>totus</strong></span> <span class='ocrx_word' id='word_1_60' title='bbox 1586 1153 1817 1209; x_wconf 88' lang='lat' dir='ltr'><strong>mundus</strong></span> 
     </span>
    </p>
   </div>
   <div class='ocr_carea' id='block_1_10' title="bbox 227 1245 1821 1327">
    <p class='ocr_par' dir='ltr' id='par_1_10' title="bbox 227 1245 1821 1327">
     <span class='ocr_line' id='line_1_10' title="bbox 227 1245 1821 1327; baseline -0.006 -18"><span class='ocrx_word' id='word_1_61' title='bbox 227 1256 414 1327; x_wconf 81' lang='lat' dir='ltr'><strong>periit.</strong></span> <span class='ocrx_word' id='word_1_62' title='bbox 445 1253 573 1311; x_wconf 87' lang='lat' dir='ltr'><strong>Siue</strong></span> <span class='ocrx_word' id='word_1_63' title='bbox 598 1267 757 1309; x_wconf 85' lang='lat' dir='ltr'><strong>causa</strong></span> <span class='ocrx_word' id='word_1_64' title='bbox 785 1252 918 1308; x_wconf 89' lang='lat' dir='ltr'><strong>dicis</strong></span> <span class='ocrx_word' id='word_1_65' title='bbox 947 1271 962 1308; x_wconf 90' lang='lat'><strong>:</strong></span> <span class='ocrx_word' id='word_1_66' title='bbox 994 1250 1162 1307; x_wconf 86' lang='lat' dir='ltr'><strong>Totus</strong></span> <span class='ocrx_word' id='word_1_67' title='bbox 1200 1249 1431 1304; x_wconf 89' lang='lat' dir='ltr'><strong>mundus</strong></span> <span class='ocrx_word' id='word_1_68' title='bbox 1474 1246 1651 1317; x_wconf 89' lang='lat' dir='ltr'><strong>periit.</strong></span> <span class='ocrx_word' id='word_1_69' title='bbox 1679 1245 1821 1316; x_wconf 86' lang='lat' dir='ltr'><strong>Ergo</strong></span> 
     </span>
    </p>
   </div>
   <div class='ocr_carea' id='block_1_11' title="bbox 229 1339 1820 1416">
    <p class='ocr_par' dir='ltr' id='par_1_11' title="bbox 229 1339 1820 1416">
     <span class='ocr_line' id='line_1_11' title="bbox 229 1339 1820 1416; baseline -0.007 -13"><span class='ocrx_word' id='word_1_70' title='bbox 229 1347 450 1403; x_wconf 81' lang='lat' dir='ltr'><strong>modica</strong></span> <span class='ocrx_word' id='word_1_71' title='bbox 481 1361 606 1416; x_wconf 84' lang='lat' dir='ltr'><strong>pars</strong></span> <span class='ocrx_word' id='word_1_72' title='bbox 630 1347 886 1401; x_wconf 90' lang='lat' dir='ltr'><strong>remansit</strong></span> <span class='ocrx_word' id='word_1_73' title='bbox 920 1345 972 1398; x_wconf 90' lang='lat' dir='ltr'><strong>in</strong></span> <span class='ocrx_word' id='word_1_74' title='bbox 1014 1343 1188 1398; x_wconf 84' lang='lat' dir='ltr'><strong>Africa</strong></span> <span class='ocrx_word' id='word_1_75' title='bbox 1212 1343 1236 1396; x_wconf 92' lang='lat'><strong>?</strong></span> <span class='ocrx_word' id='word_1_76' title='bbox 1262 1342 1402 1412; x_wconf 80' lang='lat' dir='ltr'><strong>Ergo</strong></span> <span class='ocrx_word' id='word_1_77' title='bbox 1429 1357 1533 1396; x_wconf 89' lang='lat' dir='ltr'><strong>non</strong></span> <span class='ocrx_word' id='word_1_78' title='bbox 1561 1340 1692 1395; x_wconf 89' lang='lat' dir='ltr'><strong>dicit</strong></span> <span class='ocrx_word' id='word_1_79' title='bbox 1719 1339 1820 1394; x_wconf 82' lang='lat' dir='ltr'><strong>ali-</strong></span> 
     </span>
    </p>
   </div>
   <div class='ocr_carea' id='block_1_12' title="bbox 229 1432 1824 1510">
    <p class='ocr_par' dir='ltr' id='par_1_12' title="bbox 229 1432 1824 1510">
     <span class='ocr_line' id='line_1_12' title="bbox 229 1432 1824 1510; baseline -0.004 -16"><span class='ocrx_word' id='word_1_80' title='bbox 229 1439 362 1510; x_wconf 86' lang='lat' dir='ltr'><strong>quid</strong></span> <span class='ocrx_word' id='word_1_81' title='bbox 389 1437 640 1494; x_wconf 84' lang='lat' dir='ltr'><strong>Christus</strong></span> <span class='ocrx_word' id='word_1_82' title='bbox 657 1479 672 1503; x_wconf 94' lang='lat'><strong>,</strong></span> <span class='ocrx_word' id='word_1_83' title='bbox 719 1436 862 1492; x_wconf 89' lang='lat' dir='ltr'><strong>unde</strong></span> <span class='ocrx_word' id='word_1_84' title='bbox 887 1436 1103 1492; x_wconf 88' lang='lat' dir='ltr'><strong>obturet</strong></span> <span class='ocrx_word' id='word_1_85' title='bbox 1142 1435 1244 1490; x_wconf 90' lang='lat' dir='ltr'><strong>ista</strong></span> <span class='ocrx_word' id='word_1_86' title='bbox 1273 1433 1406 1489; x_wconf 90' lang='lat' dir='ltr'><strong>ora?</strong></span> <span class='ocrx_word' id='word_1_87' title='bbox 1432 1450 1536 1488; x_wconf 90' lang='lat' dir='ltr'><strong>non</strong></span> <span class='ocrx_word' id='word_1_88' title='bbox 1570 1433 1701 1489; x_wconf 90' lang='lat' dir='ltr'><strong>dicit</strong></span> <span class='ocrx_word' id='word_1_89' title='bbox 1725 1432 1824 1487; x_wconf 84' lang='lat' dir='ltr'><strong>ali-</strong></span> 
     </span>
    </p>
   </div>
   <div class='ocr_carea' id='block_1_13' title="bbox 228 1525 1822 1602">
    <p class='ocr_par' dir='ltr' id='par_1_13' title="bbox 228 1525 1822 1602">
     <span class='ocr_line' id='line_1_13' title="bbox 228 1525 1822 1602; baseline -0.004 -16"><span class='ocrx_word' id='word_1_90' title='bbox 228 1530 386 1602; x_wconf 87' lang='lat' dir='ltr'><strong>quid.</strong></span> <span class='ocrx_word' id='word_1_91' title='bbox 408 1528 548 1586; x_wconf 90' lang='lat' dir='ltr'><strong>unde</strong></span> <span class='ocrx_word' id='word_1_92' title='bbox 561 1529 798 1585; x_wconf 87' lang='lat' dir='ltr'><strong>eradicet</strong></span> <span class='ocrx_word' id='word_1_93' title='bbox 817 1529 1024 1599; x_wconf 79' lang='lat' dir='ltr'><strong>linguas</strong></span> <span class='ocrx_word' id='word_1_94' title='bbox 1051 1529 1148 1585; x_wconf 89' lang='lat' dir='ltr'><strong>ista</strong></span> <span class='ocrx_word' id='word_1_95' title='bbox 1167 1527 1494 1583; x_wconf 90' lang='lat' dir='ltr'><strong>dicentium?</strong></span> <span class='ocrx_word' id='word_1_96' title='bbox 1517 1525 1822 1592; x_wconf 83' lang='lat' dir='ltr'><strong>Videamus,</strong></span> 
     </span>
    </p>
   </div>
   <div class='ocr_carea' id='block_1_14' title="bbox 228 1615 1828 1680">
    <p class='ocr_par' dir='ltr' id='par_1_14' title="bbox 228 1615 1828 1680">
     <span class='ocr_line' id='line_1_14' title="bbox 228 1615 1828 1680; baseline -0.004 -3"><span class='ocrx_word' id='word_1_97' title='bbox 228 1636 304 1677; x_wconf 83' lang='lat' dir='ltr'><strong>ne</strong></span> <span class='ocrx_word' id='word_1_98' title='bbox 335 1619 476 1676; x_wconf 83' lang='lat' dir='ltr'><strong>forte</strong></span> <span class='ocrx_word' id='word_1_99' title='bbox 517 1619 876 1676; x_wconf 77' lang='lat' dir='ltr'><strong>inveniamus.</strong></span> <span class='ocrx_word' id='word_1_100' title='bbox 907 1618 1099 1676; x_wconf 79' lang='lat' dir='ltr'><strong>Adhuc</strong></span> <span class='ocrx_word' id='word_1_101' title='bbox 1140 1618 1294 1674; x_wconf 90' lang='lat' dir='ltr'><strong>nobis</strong></span> <span class='ocrx_word' id='word_1_102' title='bbox 1321 1617 1536 1680; x_wconf 84' lang='lat' dir='ltr'><strong>dicitur,</strong></span> <span class='ocrx_word' id='word_1_103' title='bbox 1569 1615 1633 1671; x_wconf 88' lang='lat' dir='ltr'><strong>In</strong></span> <span class='ocrx_word' id='word_1_104' title='bbox 1663 1617 1828 1670; x_wconf 90' lang='lat' dir='ltr'><strong>medio</strong></span> 
     </span>
    </p>
   </div>
   <div class='ocr_carea' id='block_1_15' title="bbox 229 1709 1817 1778">
    <p class='ocr_par' dir='ltr' id='par_1_15' title="bbox 229 1709 1817 1778">
     <span class='ocr_line' id='line_1_15' title="bbox 229 1709 1817 1778; baseline -0.004 -9"><span class='ocrx_word' id='word_1_105' title='bbox 229 1711 487 1771; x_wconf 72' lang='lat' dir='ltr'><strong>Ecclesia:</strong></span> <span class='ocrx_word' id='word_1_106' title='bbox 511 1729 531 1768; x_wconf 89' lang='lat'><strong><em>:</em></strong></span> <span class='ocrx_word' id='word_1_107' title='bbox 555 1712 625 1769; x_wconf 90' lang='lat' dir='ltr'><strong>de</strong></span> <span class='ocrx_word' id='word_1_108' title='bbox 652 1711 888 1769; x_wconf 79' lang='lat' dir='ltr'><strong>Ecclesia</strong></span> <span class='ocrx_word' id='word_1_109' title='bbox 915 1721 1094 1768; x_wconf 90' lang='lat' dir='ltr'><strong>nostra</strong></span> <span class='ocrx_word' id='word_1_110' title='bbox 1124 1711 1274 1767; x_wconf 90' lang='lat' dir='ltr'><strong>dicit.</strong></span> <span class='ocrx_word' id='word_1_111' title='bbox 1302 1710 1401 1778; x_wconf 86' lang='lat' dir='ltr'><strong>Qui</strong></span> <span class='ocrx_word' id='word_1_112' title='bbox 1431 1711 1614 1764; x_wconf 89' lang='lat' dir='ltr'><strong>timetis</strong></span> <span class='ocrx_word' id='word_1_113' title='bbox 1634 1709 1817 1763; x_wconf 85' lang='lat' dir='ltr'><strong>Domi-</strong></span> 
     </span>
    </p>
   </div>
   <div class='ocr_carea' id='block_1_16' title="bbox 230 1800 1826 1871">
    <p class='ocr_par' dir='ltr' id='par_1_16' title="bbox 230 1800 1826 1871">
     <span class='ocr_line' id='line_1_16' title="bbox 230 1800 1826 1871; baseline -0.003 -11"><span class='ocrx_word' id='word_1_114' title='bbox 230 1822 384 1871; x_wconf 74' lang='lat' dir='ltr'><strong>num,</strong></span> <span class='ocrx_word' id='word_1_115' title='bbox 415 1804 620 1859; x_wconf 84' lang='lat' dir='ltr'><strong>laudate</strong></span> <span class='ocrx_word' id='word_1_116' title='bbox 638 1803 1074 1860; x_wconf 70' lang='lat' dir='ltr'><strong>eunuvideamus</strong></span> <span class='ocrx_word' id='word_1_117' title='bbox 1098 1802 1142 1858; x_wconf 91' lang='lat' dir='ltr'><strong>si</strong></span> <span class='ocrx_word' id='word_1_118' title='bbox 1175 1802 1250 1856; x_wconf 90' lang='lat' dir='ltr'><strong>illi</strong></span> <span class='ocrx_word' id='word_1_119' title='bbox 1280 1801 1497 1857; x_wconf 89' lang='lat' dir='ltr'><strong>laudant</strong></span> <span class='ocrx_word' id='word_1_120' title='bbox 1524 1800 1826 1869; x_wconf 91' lang='lat' dir='ltr'><strong>Dominum,</strong></span> 
     </span>
    </p>
   </div>
   <div class='ocr_carea' id='block_1_17' title="bbox 229 1890 1830 1968">
    <p class='ocr_par' dir='ltr' id='par_1_17' title="bbox 229 1890 1830 1968">
     <span class='ocr_line' id='line_1_17' title="bbox 229 1890 1830 1968; baseline -0.006 -13"><span class='ocrx_word' id='word_1_121' title='bbox 229 1908 291 1955; x_wconf 81' lang='lat' dir='ltr'><strong>et</strong></span> <span class='ocrx_word' id='word_1_122' title='bbox 317 1896 678 1967; x_wconf 84' lang='lat' dir='ltr'><strong>intelligamus</strong></span> <span class='ocrx_word' id='word_1_123' title='bbox 704 1895 750 1950; x_wconf 88' lang='lat' dir='ltr'><strong>si</strong></span> <span class='ocrx_word' id='word_1_124' title='bbox 775 1895 845 1950; x_wconf 92' lang='lat' dir='ltr'><strong>de</strong></span> <span class='ocrx_word' id='word_1_125' title='bbox 874 1894 1007 1968; x_wconf 86' lang='lat' dir='ltr'><strong>ipsis</strong></span> <span class='ocrx_word' id='word_1_126' title='bbox 1032 1892 1184 1960; x_wconf 88' lang='lat' dir='ltr'><strong>dicit,</strong></span> <span class='ocrx_word' id='word_1_127' title='bbox 1209 1902 1263 1949; x_wconf 90' lang='lat' dir='ltr'><strong>et</strong></span> <span class='ocrx_word' id='word_1_128' title='bbox 1285 1891 1332 1947; x_wconf 88' lang='lat' dir='ltr'><strong>si</strong></span> <span class='ocrx_word' id='word_1_129' title='bbox 1363 1895 1416 1948; x_wconf 87' lang='lat' dir='ltr'><strong>in</strong></span> <span class='ocrx_word' id='word_1_130' title='bbox 1443 1890 1620 1948; x_wconf 87' lang='lat' dir='ltr'><strong>medio</strong></span> <span class='ocrx_word' id='word_1_131' title='bbox 1639 1890 1830 1946; x_wconf 77' lang='lat' dir='ltr'><strong>Eccle-</strong></span> 
     </span>
    </p>
   </div>
   <div class='ocr_carea' id='block_1_18' title="bbox 231 1983 1826 2058">
    <p class='ocr_par' dir='ltr' id='par_1_18' title="bbox 231 1983 1826 2058">
     <span class='ocr_line' id='line_1_18' title="bbox 231 1983 1826 2058; baseline -0.005 -13"><span class='ocrx_word' id='word_1_132' title='bbox 231 1990 332 2045; x_wconf 62' lang='lat' dir='ltr'><strong>siae</strong></span> <span class='ocrx_word' id='word_1_133' title='bbox 363 1989 600 2058; x_wconf 86' lang='lat' dir='ltr'><strong>ipsorum</strong></span> <span class='ocrx_word' id='word_1_134' title='bbox 649 1986 914 2042; x_wconf 85' lang='lat' dir='ltr'><strong>laudatur.</strong></span> <span class='ocrx_word' id='word_1_135' title='bbox 950 1985 1232 2054; x_wconf 85' lang='lat' dir='ltr'><strong>Quomodo</strong></span> <span class='ocrx_word' id='word_1_136' title='bbox 1265 1983 1484 2040; x_wconf 87' lang='lat' dir='ltr'><strong>laudant</strong></span> <span class='ocrx_word' id='word_1_137' title='bbox 1519 1983 1826 2052; x_wconf 72' lang='lat' dir='ltr'><strong>Clu-istum,</strong></span> 
     </span>
    </p>
   </div>
   <div class='ocr_carea' id='block_1_19' title="bbox 215 2075 1827 2152">
    <p class='ocr_par' dir='ltr' id='par_1_19' title="bbox 215 2075 1827 2152">
     <span class='ocr_line' id='line_1_19' title="bbox 215 2075 1827 2152; baseline -0.001 -19"><span class='ocrx_word' id='word_1_138' title='bbox 215 2080 328 2152; x_wconf 83' lang='lat' dir='ltr'><strong>qui</strong></span> <span class='ocrx_word' id='word_1_139' title='bbox 359 2080 540 2136; x_wconf 89' lang='lat' dir='ltr'><strong>dicunt</strong></span> <span class='ocrx_word' id='word_1_140' title='bbox 570 2097 586 2134; x_wconf 73' lang='grc' dir='ltr'>ε</span> <span class='ocrx_word' id='word_1_141' title='bbox 614 2077 852 2134; x_wconf 88' lang='lat' dir='ltr'><strong>Perdidit</strong></span> <span class='ocrx_word' id='word_1_142' title='bbox 882 2087 1053 2133; x_wconf 90' lang='lat' dir='ltr'><strong>totum</strong></span> <span class='ocrx_word' id='word_1_143' title='bbox 1095 2077 1279 2132; x_wconf 90' lang='lat' dir='ltr'><strong>orbem</strong></span> <span class='ocrx_word' id='word_1_144' title='bbox 1328 2087 1612 2142; x_wconf 90' lang='lat' dir='ltr'><strong>terrarum,</strong></span> <span class='ocrx_word' id='word_1_145' title='bbox 1639 2075 1827 2131; x_wconf 86' lang='lat' dir='ltr'><strong>diabo-</strong></span> 
     </span>
    </p>
   </div>
   <div class='ocr_carea' id='block_1_20' title="bbox 234 2165 1830 2239">
    <p class='ocr_par' dir='ltr' id='par_1_20' title="bbox 234 2165 1830 2239">
     <span class='ocr_line' id='line_1_20' title="bbox 234 2165 1830 2239; baseline -0.006 -10"><span class='ocrx_word' id='word_1_146' title='bbox 234 2172 326 2229; x_wconf 86' lang='lat' dir='ltr'><strong>lus</strong></span> <span class='ocrx_word' id='word_1_147' title='bbox 359 2172 432 2227; x_wconf 89' lang='lat' dir='ltr'><strong>illi</strong></span> <span class='ocrx_word' id='word_1_148' title='bbox 468 2180 632 2227; x_wconf 90' lang='lat' dir='ltr'><strong>totum</strong></span> <span class='ocrx_word' id='word_1_149' title='bbox 679 2169 918 2234; x_wconf 89' lang='lat' dir='ltr'><strong>abstulit,</strong></span> <span class='ocrx_word' id='word_1_150' title='bbox 940 2169 1071 2224; x_wconf 89' lang='lat' dir='ltr'><strong>etin</strong></span> <span class='ocrx_word' id='word_1_151' title='bbox 1102 2176 1251 2239; x_wconf 89' lang='lat' dir='ltr'><strong>parte</strong></span> <span class='ocrx_word' id='word_1_152' title='bbox 1273 2167 1386 2236; x_wconf 86' lang='lat' dir='ltr'><strong>ipse</strong></span> <span class='ocrx_word' id='word_1_153' title='bbox 1411 2167 1702 2222; x_wconf 79' lang='lat' dir='ltr'><strong>remansit?</strong></span> <span class='ocrx_word' id='word_1_154' title='bbox 1724 2165 1830 2221; x_wconf 85' lang='lat' dir='ltr'><strong>Sed</strong></span> 
     </span>
    </p>
   </div>
   <div class='ocr_carea' id='block_1_21' title="bbox 232 2258 1822 2331">
    <p class='ocr_par' dir='ltr' id='par_1_21' title="bbox 232 2258 1822 2331">
     <span class='ocr_line' id='line_1_21' title="bbox 232 2258 1822 2331; baseline -0.005 -12"><span class='ocrx_word' id='word_1_155' title='bbox 232 2263 418 2320; x_wconf 80' lang='lat' dir='ltr'><strong>adhuc</strong></span> <span class='ocrx_word' id='word_1_156' title='bbox 445 2262 716 2320; x_wconf 83' lang='lat' dir='ltr'><strong>videamus</strong></span> <span class='ocrx_word' id='word_1_157' title='bbox 734 2303 750 2326; x_wconf 95' lang='lat'><strong>,</strong></span> <span class='ocrx_word' id='word_1_158' title='bbox 792 2260 1028 2331; x_wconf 86' lang='lat' dir='ltr'><strong>apertius</strong></span> <span class='ocrx_word' id='word_1_159' title='bbox 1056 2259 1197 2315; x_wconf 89' lang='lat' dir='ltr'><strong>dicat</strong></span> <span class='ocrx_word' id='word_1_160' title='bbox 1217 2301 1232 2324; x_wconf 93' lang='lat'><strong>,</strong></span> <span class='ocrx_word' id='word_1_161' title='bbox 1262 2258 1504 2329; x_wconf 89' lang='lat' dir='ltr'><strong>apertius</strong></span> <span class='ocrx_word' id='word_1_162' title='bbox 1533 2259 1782 2327; x_wconf 80' lang='lat' dir='ltr'><strong>loquatur</strong></span> <span class='ocrx_word' id='word_1_163' title='bbox 1807 2275 1822 2311; x_wconf 89' lang='lat'><strong>:</strong></span> 
     </span>
    </p>
   </div>
   <div class='ocr_carea' id='block_1_22' title="bbox 233 2349 1826 2425">
    <p class='ocr_par' dir='ltr' id='par_1_22' title="bbox 233 2349 1826 2425">
     <span class='ocr_line' id='line_1_22' title="bbox 233 2349 1826 2425; baseline -0.006 -12"><span class='ocrx_word' id='word_1_164' title='bbox 233 2371 354 2413; x_wconf 82' lang='lat' dir='ltr'><strong>non</strong></span> <span class='ocrx_word' id='word_1_165' title='bbox 399 2356 470 2412; x_wconf 86' lang='lat' dir='ltr'><strong>sit</strong></span> <span class='ocrx_word' id='word_1_166' title='bbox 513 2353 654 2425; x_wconf 90' lang='lat' dir='ltr'><strong>quod</strong></span> <span class='ocrx_word' id='word_1_167' title='bbox 700 2353 1076 2423; x_wconf 86' lang='lat' dir='ltr'><strong>interpretari,</strong></span> <span class='ocrx_word' id='word_1_168' title='bbox 1116 2367 1222 2406; x_wconf 90' lang='lat' dir='ltr'><strong>non</strong></span> <span class='ocrx_word' id='word_1_169' title='bbox 1263 2351 1334 2404; x_wconf 88' lang='lat' dir='ltr'><strong>sit</strong></span> <span class='ocrx_word' id='word_1_170' title='bbox 1360 2350 1501 2420; x_wconf 89' lang='lat' dir='ltr'><strong>quod</strong></span> <span class='ocrx_word' id='word_1_171' title='bbox 1547 2349 1826 2420; x_wconf 87' lang='lat' dir='ltr'><strong>suspicari.</strong></span> 
     </span>
    </p>
   </div>
   <div class='ocr_carea' id='block_1_23' title="bbox 243 2439 1830 2511">
    <p class='ocr_par' dir='ltr' id='par_1_23' title="bbox 243 2439 1830 2511">
     <span class='ocr_line' id='line_1_23' title="bbox 243 2439 1830 2511; baseline -0.004 -9"><span class='ocrx_word' id='word_1_172' title='bbox 243 2445 546 2502; x_wconf 75' lang='lat' dir='ltr'><strong>Universum</strong></span> <span class='ocrx_word' id='word_1_173' title='bbox 574 2461 740 2500; x_wconf 87' lang='lat' dir='ltr'><strong>semen</strong></span> <span class='ocrx_word' id='word_1_174' title='bbox 764 2442 947 2511; x_wconf 81' lang='lat' dir='ltr'><strong>Jacob,</strong></span> <span class='ocrx_word' id='word_1_175' title='bbox 965 2442 1288 2511; x_wconf 77' lang='lat' dir='ltr'><strong>ntagniﬁcate</strong></span> <span class='ocrx_word' id='word_1_176' title='bbox 1313 2457 1446 2494; x_wconf 86' lang='lat' dir='ltr'><strong>eum.</strong></span> <span class='ocrx_word' id='word_1_177' title='bbox 1473 2439 1635 2496; x_wconf 82' lang='lat' dir='ltr'><strong>Forte</strong></span> <span class='ocrx_word' id='word_1_178' title='bbox 1655 2440 1718 2494; x_wconf 88' lang='lat' dir='ltr'><strong>ad</strong></span> <span class='ocrx_word' id='word_1_179' title='bbox 1728 2439 1830 2495; x_wconf 89' lang='lat' dir='ltr'><strong>huc</strong></span> 
     </span>
    </p>
   </div>
   <div class='ocr_carea' id='block_1_24' title="bbox 236 2529 1830 2602">
    <p class='ocr_par' dir='ltr' id='par_1_24' title="bbox 236 2529 1830 2602">
     <span class='ocr_line' id='line_1_24' title="bbox 236 2529 1830 2602; baseline -0.004 -9"><span class='ocrx_word' id='word_1_180' title='bbox 236 2537 470 2594; x_wconf 86' lang='lat' dir='ltr'><strong>dicunt:</strong></span> <span class='ocrx_word' id='word_1_181' title='bbox 494 2533 604 2596; x_wconf 85' lang='lat' dir='ltr'><strong>Nos</strong></span> <span class='ocrx_word' id='word_1_182' title='bbox 637 2549 822 2590; x_wconf 89' lang='lat' dir='ltr'><strong>sumus</strong></span> <span class='ocrx_word' id='word_1_183' title='bbox 845 2547 1029 2590; x_wconf 87' lang='lat' dir='ltr'><strong>semen</strong></span> <span class='ocrx_word' id='word_1_184' title='bbox 1054 2531 1240 2588; x_wconf 83' lang='lat' dir='ltr'><strong>Jacob.</strong></span> <span class='ocrx_word' id='word_1_185' title='bbox 1270 2531 1326 2586; x_wconf 91' lang='lat' dir='ltr'><strong>Si</strong></span> <span class='ocrx_word' id='word_1_186' title='bbox 1355 2531 1460 2586; x_wconf 83' lang='lat' dir='ltr'><strong>sint</strong></span> <span class='ocrx_word' id='word_1_187' title='bbox 1490 2530 1626 2602; x_wconf 90' lang='lat' dir='ltr'><strong>ipsi,</strong></span> <span class='ocrx_word' id='word_1_188' title='bbox 1650 2529 1830 2586; x_wconf 76' lang='lat' dir='ltr'><strong>videa-</strong></span> 
     </span>
    </p>
   </div>
   <div class='ocr_carea' id='block_1_25' title="bbox 238 2644 384 2688">
    <p class='ocr_par' dir='ltr' id='par_1_25' title="bbox 238 2644 384 2688">
     <span class='ocr_line' id='line_1_25' title="bbox 238 2644 384 2688; baseline -0.027 0"><span class='ocrx_word' id='word_1_189' title='bbox 238 2644 384 2688; x_wconf 83' lang='lat' dir='ltr'><strong>mus.</strong></span> 
     </span>
    </p>
   </div>
   <div class='ocr_carea' id='block_1_26' title="bbox 311 2715 1829 2798">
    <p class='ocr_par' dir='ltr' id='par_1_26' title="bbox 311 2715 1829 2798">
     <span class='ocr_line' id='line_1_26' title="bbox 311 2715 1829 2798; baseline -0.007 -18"><span class='ocrx_word' id='word_1_190' title='bbox 311 2723 406 2782; x_wconf 73' lang='lat'><strong>25.</strong></span> <span class='ocrx_word' id='word_1_191' title='bbox 434 2721 592 2798; x_wconf 81' lang='lat' dir='ltr'><strong>[vers.</strong></span> <span class='ocrx_word' id='word_1_192' title='bbox 619 2721 708 2779; x_wconf 68' lang='lat'><strong>25.</strong></span> <span class='ocrx_word' id='word_1_193' title='bbox 732 2720 754 2796; x_wconf 93' lang='lat'>]</span> <span class='ocrx_word' id='word_1_194' title='bbox 785 2719 982 2776; x_wconf 82' lang='lat' dir='ltr'><strong>Timent</strong></span> <span class='ocrx_word' id='word_1_195' title='bbox 1004 2737 1117 2776; x_wconf 85' lang='lat' dir='ltr'><strong>eum</strong></span> <span class='ocrx_word' id='word_1_196' title='bbox 1141 2736 1287 2775; x_wconf 89' lang='lat' dir='ltr'><strong>omne</strong></span> <span class='ocrx_word' id='word_1_197' title='bbox 1311 2735 1480 2774; x_wconf 82' lang='lat' dir='ltr'><strong>semen</strong></span> <span class='ocrx_word' id='word_1_198' title='bbox 1509 2716 1691 2772; x_wconf 84' lang='lat' dir='ltr'><strong>Israel.</strong></span> <span class='ocrx_word' id='word_1_199' title='bbox 1717 2715 1829 2770; x_wconf 81' lang='lat' dir='ltr'><strong>Ad-</strong></span> 
     </span>
    </p>
   </div>
   <div class='ocr_carea' id='block_1_27' title="bbox 237 2809 1828 2879">
    <p class='ocr_par' dir='ltr' id='par_1_27' title="bbox 237 2809 1828 2879">
     <span class='ocr_line' id='line_1_27' title="bbox 237 2809 1828 2879; baseline -0.006 -7"><span class='ocrx_word' id='word_1_200' title='bbox 237 2815 352 2872; x_wconf 86' lang='lat' dir='ltr'><strong>huc</strong></span> <span class='ocrx_word' id='word_1_201' title='bbox 391 2815 597 2878; x_wconf 88' lang='lat' dir='ltr'><strong>dicant,</strong></span> <span class='ocrx_word' id='word_1_202' title='bbox 636 2813 744 2869; x_wconf 85' lang='lat' dir='ltr'><strong>Nos</strong></span> <span class='ocrx_word' id='word_1_203' title='bbox 784 2827 970 2867; x_wconf 91' lang='lat' dir='ltr'><strong>sumus</strong></span> <span class='ocrx_word' id='word_1_204' title='bbox 994 2827 1179 2868; x_wconf 89' lang='lat' dir='ltr'><strong>semen</strong></span> <span class='ocrx_word' id='word_1_205' title='bbox 1206 2810 1400 2874; x_wconf 88' lang='lat' dir='ltr'><strong>Israel;</strong></span> <span class='ocrx_word' id='word_1_206' title='bbox 1436 2809 1828 2879; x_wconf 89' lang='lat' dir='ltr'><strong>permittamus,</strong></span> 
     </span>
    </p>
   </div>
   <div class='ocr_carea' id='block_1_28' title="bbox 235 2900 1832 2974">
    <p class='ocr_par' dir='ltr' id='par_1_28' title="bbox 235 2900 1832 2974">
     <span class='ocr_line' id='line_1_28' title="bbox 235 2900 1832 2974; baseline -0.007 -11"><span class='ocrx_word' id='word_1_207' title='bbox 235 2905 442 2963; x_wconf 80' lang='lat' dir='ltr'><strong>dicant.</strong></span> <span class='ocrx_word' id='word_1_208' title='bbox 467 2905 717 2974; x_wconf 82' lang='lat' dir='ltr'><strong>Quoniam</strong></span> <span class='ocrx_word' id='word_1_209' title='bbox 739 2919 840 2957; x_wconf 90' lang='lat' dir='ltr'><strong>non</strong></span> <span class='ocrx_word' id='word_1_210' title='bbox 863 2902 1048 2973; x_wconf 81' lang='lat' dir='ltr'><strong>sprevit</strong></span> <span class='ocrx_word' id='word_1_211' title='bbox 1066 2917 1221 2972; x_wconf 82' lang='lat' dir='ltr'><strong>neque</strong></span> <span class='ocrx_word' id='word_1_212' title='bbox 1238 2900 1463 2970; x_wconf 70' lang='lat' dir='ltr'><strong>despexit</strong></span> <span class='ocrx_word' id='word_1_213' title='bbox 1488 2915 1680 2970; x_wconf 82' lang='lat' dir='ltr'><strong>precem</strong></span> <span class='ocrx_word' id='word_1_214' title='bbox 1703 2915 1832 2970; x_wconf 83' lang='lat' dir='ltr'><strong>pau-</strong></span> 
     </span>
    </p>
   </div>
   <div class='ocr_carea' id='block_1_29' title="bbox 238 2991 1826 3071">
    <p class='ocr_par' dir='ltr' id='par_1_29' title="bbox 238 2991 1826 3071">
     <span class='ocr_line' id='line_1_29' title="bbox 238 2991 1826 3071; baseline -0.006 -18"><span class='ocrx_word' id='word_1_215' title='bbox 238 3015 422 3071; x_wconf 79' lang='lat' dir='ltr'><strong>perum</strong></span> <span class='ocrx_word' id='word_1_216' title='bbox 441 3015 460 3052; x_wconf 90' lang='lat'><strong><em>:</em></strong></span> <span class='ocrx_word' id='word_1_217' title='bbox 479 3012 704 3069; x_wconf 90' lang='lat' dir='ltr'><strong>quorum</strong></span> <span class='ocrx_word' id='word_1_218' title='bbox 729 2991 1060 3067; x_wconf 87' lang='lat' dir='ltr'><strong>pauperum?</strong></span> <span class='ocrx_word' id='word_1_219' title='bbox 1079 2992 1194 3050; x_wconf 89' lang='lat' dir='ltr'><strong>Non</strong></span> <span class='ocrx_word' id='word_1_220' title='bbox 1211 2991 1278 3047; x_wconf 88' lang='lat' dir='ltr'><strong>de</strong></span> <span class='ocrx_word' id='word_1_221' title='bbox 1299 3007 1356 3046; x_wconf 90' lang='lat' dir='ltr'><strong>se</strong></span> <span class='ocrx_word' id='word_1_222' title='bbox 1376 2991 1826 3060; x_wconf 67' lang='lat' dir='ltr'><strong>praesnmentium.</strong></span> 
     </span>
    </p>
   </div>
   <div class='ocr_carea' id='block_1_30' title="bbox 235 3081 1830 3160">
    <p class='ocr_par' dir='ltr' id='par_1_30' title="bbox 235 3081 1830 3160">
     <span class='ocr_line' id='line_1_30' title="bbox 235 3081 1830 3160; baseline -0.006 -13"><span class='ocrx_word' id='word_1_223' title='bbox 235 3089 530 3147; x_wconf 76' lang='lat' dir='ltr'><strong>Videamus</strong></span> <span class='ocrx_word' id='word_1_224' title='bbox 558 3090 604 3144; x_wconf 90' lang='lat' dir='ltr'><strong>si</strong></span> <span class='ocrx_word' id='word_1_225' title='bbox 635 3103 899 3160; x_wconf 82' lang='lat' dir='ltr'><strong>pauperes</strong></span> <span class='ocrx_word' id='word_1_226' title='bbox 924 3097 1084 3148; x_wconf 90' lang='lat' dir='ltr'><strong>sunt,</strong></span> <span class='ocrx_word' id='word_1_227' title='bbox 1122 3087 1212 3157; x_wconf 86' lang='lat' dir='ltr'><strong>qui</strong></span> <span class='ocrx_word' id='word_1_228' title='bbox 1243 3084 1467 3140; x_wconf 89' lang='lat' dir='ltr'><strong>dicunt:</strong></span> <span class='ocrx_word' id='word_1_229' title='bbox 1500 3081 1610 3138; x_wconf 87' lang='lat' dir='ltr'><strong>Nos</strong></span> <span class='ocrx_word' id='word_1_230' title='bbox 1645 3097 1830 3138; x_wconf 88' lang='lat' dir='ltr'><strong>sumus</strong></span> 
     </span>
    </p>
   </div>
   <div class='ocr_carea' id='block_1_31' title="bbox 233 3173 1832 3255">
    <p class='ocr_par' dir='ltr' id='par_1_31' title="bbox 233 3173 1832 3255">
     <span class='ocr_line' id='line_1_31' title="bbox 233 3173 1832 3255; baseline -0.007 -16"><span class='ocrx_word' id='word_1_231' title='bbox 233 3182 391 3255; x_wconf 76' lang='lat' dir='ltr'><strong>justi.</strong></span> <span class='ocrx_word' id='word_1_232' title='bbox 420 3181 664 3238; x_wconf 88' lang='lat' dir='ltr'><strong>Christus</strong></span> <span class='ocrx_word' id='word_1_233' title='bbox 687 3181 883 3237; x_wconf 84' lang='lat' dir='ltr'><strong>clamat</strong></span> <span class='ocrx_word' id='word_1_234' title='bbox 907 3219 924 3245; x_wconf 90' lang='lat'><strong>,</strong></span> <span class='ocrx_word' id='word_1_235' title='bbox 971 3177 1143 3250; x_wconf 87' lang='lat' dir='ltr'><strong>Longe</strong></span> <span class='ocrx_word' id='word_1_236' title='bbox 1167 3194 1198 3231; x_wconf 90' lang='lat' dir='ltr'><strong>a</strong></span> <span class='ocrx_word' id='word_1_237' title='bbox 1234 3178 1398 3232; x_wconf 88' lang='lat' dir='ltr'><strong>salute</strong></span> <span class='ocrx_word' id='word_1_238' title='bbox 1428 3192 1539 3231; x_wconf 87' lang='lat' dir='ltr'><strong>mea</strong></span> <span class='ocrx_word' id='word_1_239' title='bbox 1567 3173 1715 3231; x_wconf 88' lang='lat' dir='ltr'><strong>verba</strong></span> <span class='ocrx_word' id='word_1_240' title='bbox 1743 3174 1832 3229; x_wconf 83' lang='lat' dir='ltr'><strong>de-</strong></span> 
     </span>
    </p>
   </div>
   <div class='ocr_carea' id='block_1_32' title="bbox 237 3266 1824 3342">
    <p class='ocr_par' dir='ltr' id='par_1_32' title="bbox 237 3266 1824 3342">
     <span class='ocr_line' id='line_1_32' title="bbox 237 3266 1824 3342; baseline -0.007 -9"><span class='ocrx_word' id='word_1_241' title='bbox 237 3278 475 3333; x_wconf 81' lang='lat' dir='ltr'><strong>lictorum</strong></span> <span class='ocrx_word' id='word_1_242' title='bbox 497 3291 739 3332; x_wconf 88' lang='lat' dir='ltr'><strong>meorum.</strong></span> <span class='ocrx_word' id='word_1_243' title='bbox 765 3272 872 3328; x_wconf 90' lang='lat' dir='ltr'><strong>Sed</strong></span> <span class='ocrx_word' id='word_1_244' title='bbox 899 3271 1072 3328; x_wconf 90' lang='lat' dir='ltr'><strong>adhuc</strong></span> <span class='ocrx_word' id='word_1_245' title='bbox 1097 3271 1276 3326; x_wconf 89' lang='lat' dir='ltr'><strong>dicant</strong></span> <span class='ocrx_word' id='word_1_246' title='bbox 1301 3268 1442 3342; x_wconf 92' lang='lat' dir='ltr'><strong>quod</strong></span> <span class='ocrx_word' id='word_1_247' title='bbox 1473 3269 1676 3323; x_wconf 78' lang='lat' dir='ltr'><strong>volunt.</strong></span> <span class='ocrx_word' id='word_1_248' title='bbox 1711 3266 1824 3322; x_wconf 90' lang='lat' dir='ltr'><strong>Ne-</strong></span> 
     </span>
    </p>
   </div>
   <div class='ocr_carea' id='block_1_33' title="bbox 235 3359 1830 3442">
    <p class='ocr_par' dir='ltr' id='par_1_33' title="bbox 235 3359 1830 3442">
     <span class='ocr_line' id='line_1_33' title="bbox 235 3359 1830 3442; baseline -0.008 -19"><span class='ocrx_word' id='word_1_249' title='bbox 235 3387 338 3442; x_wconf 74' lang='lat' dir='ltr'><strong>que</strong></span> <span class='ocrx_word' id='word_1_250' title='bbox 375 3368 548 3424; x_wconf 81' lang='lat' dir='ltr'><strong>avertit</strong></span> <span class='ocrx_word' id='word_1_251' title='bbox 595 3367 779 3438; x_wconf 76' lang='lat' dir='ltr'><strong>faciem</strong></span> <span class='ocrx_word' id='word_1_252' title='bbox 814 3381 961 3421; x_wconf 82' lang='lat' dir='ltr'><strong>suout</strong></span> <span class='ocrx_word' id='word_1_253' title='bbox 991 3381 1022 3418; x_wconf 92' lang='lat' dir='ltr'><strong>a</strong></span> <span class='ocrx_word' id='word_1_254' title='bbox 1050 3380 1158 3429; x_wconf 89' lang='lat' dir='ltr'><strong>me,</strong></span> <span class='ocrx_word' id='word_1_255' title='bbox 1204 3371 1250 3418; x_wconf 90' lang='lat' dir='ltr'><strong>et</strong></span> <span class='ocrx_word' id='word_1_256' title='bbox 1295 3378 1410 3416; x_wconf 89' lang='lat' dir='ltr'><strong>cum</strong></span> <span class='ocrx_word' id='word_1_257' title='bbox 1448 3361 1719 3416; x_wconf 83' lang='lat' dir='ltr'><strong>clamarem</strong></span> <span class='ocrx_word' id='word_1_258' title='bbox 1761 3359 1830 3412; x_wconf 87' lang='lat' dir='ltr'><strong>ad</strong></span> 
     </span>
    </p>
   </div>
   <div class='ocr_carea' id='block_1_34' title="bbox 235 3452 1829 3526">
    <p class='ocr_par' dir='ltr' id='par_1_34' title="bbox 235 3452 1829 3526">
     <span class='ocr_line' id='line_1_34' title="bbox 235 3452 1829 3526; baseline -0.006 -11"><span class='ocrx_word' id='word_1_259' title='bbox 235 3477 379 3526; x_wconf 68' lang='lat' dir='ltr'><strong>um,</strong></span> <span class='ocrx_word' id='word_1_260' title='bbox 401 3459 652 3515; x_wconf 71' lang='lat' dir='ltr'><strong>exaudivit</strong></span> <span class='ocrx_word' id='word_1_261' title='bbox 681 3475 780 3512; x_wconf 90' lang='lat' dir='ltr'><strong>me.</strong></span> <span class='ocrx_word' id='word_1_262' title='bbox 805 3456 1002 3524; x_wconf 89' lang='lat' dir='ltr'><strong>thuid</strong></span> <span class='ocrx_word' id='word_1_263' title='bbox 1031 3454 1334 3511; x_wconf 81' lang='lat' dir='ltr'><strong>exaudivit?</strong></span> <span class='ocrx_word' id='word_1_264' title='bbox 1367 3453 1434 3508; x_wconf 93' lang='lat' dir='ltr'><strong>ad</strong></span> <span class='ocrx_word' id='word_1_265' title='bbox 1472 3468 1630 3525; x_wconf 90' lang='lat' dir='ltr'><strong>quam</strong></span> <span class='ocrx_word' id='word_1_266' title='bbox 1680 3452 1829 3506; x_wconf 86' lang='lat' dir='ltr'><strong>rem?</strong></span> 
     </span>
    </p>
   </div>
   <div class='ocr_carea' id='block_1_35' title="bbox 307 3544 1828 3627">
    <p class='ocr_par' dir='ltr' id='par_1_35' title="bbox 307 3544 1828 3627">
     <span class='ocr_line' id='line_1_35' title="bbox 307 3544 1828 3627; baseline -0.007 -19"><span class='ocrx_word' id='word_1_267' title='bbox 307 3552 406 3610; x_wconf 77' lang='grc'><strong>26.</strong></span> <span class='ocrx_word' id='word_1_268' title='bbox 441 3551 609 3627; x_wconf 82' lang='lat' dir='ltr'><strong>[vers.</strong></span> <span class='ocrx_word' id='word_1_269' title='bbox 632 3549 764 3624; x_wconf 73' lang='lat'><strong>26.]</strong></span> <span class='ocrx_word' id='word_1_270' title='bbox 791 3550 942 3622; x_wconf 81' lang='lat' dir='ltr'><strong>Apud</strong></span> <span class='ocrx_word' id='word_1_271' title='bbox 970 3559 1018 3604; x_wconf 89' lang='lat' dir='ltr'><strong>te</strong></span> <span class='ocrx_word' id='word_1_272' title='bbox 1040 3559 1114 3603; x_wconf 92' lang='lat' dir='ltr'><strong>est</strong></span> <span class='ocrx_word' id='word_1_273' title='bbox 1151 3549 1263 3603; x_wconf 88' lang='lat' dir='ltr'><strong>laus</strong></span> <span class='ocrx_word' id='word_1_274' title='bbox 1293 3564 1402 3603; x_wconf 86' lang='lat' dir='ltr'><strong>mea</strong></span> <span class='ocrx_word' id='word_1_275' title='bbox 1432 3563 1452 3602; x_wconf 89' lang='lat'><strong><em>:</em></strong></span> <span class='ocrx_word' id='word_1_276' title='bbox 1475 3544 1614 3616; x_wconf 90' lang='lat' dir='ltr'><strong>apud</strong></span> <span class='ocrx_word' id='word_1_277' title='bbox 1661 3544 1828 3600; x_wconf 91' lang='lat' dir='ltr'><strong>Deum</strong></span> 
     </span>
    </p>
   </div>
   <div class='ocr_carea' id='block_1_36' title="bbox 238 3636 1823 3718">
    <p class='ocr_par' dir='ltr' id='par_1_36' title="bbox 238 3636 1823 3718">
     <span class='ocr_line' id='line_1_36' title="bbox 238 3636 1823 3718; baseline -0.007 -17"><span class='ocrx_word' id='word_1_278' title='bbox 238 3646 420 3718; x_wconf 82' lang='lat' dir='ltr'><strong>posuit</strong></span> <span class='ocrx_word' id='word_1_279' title='bbox 448 3645 656 3700; x_wconf 90' lang='lat' dir='ltr'><strong>Iaudem</strong></span> <span class='ocrx_word' id='word_1_280' title='bbox 684 3658 835 3700; x_wconf 90' lang='lat' dir='ltr'><strong>suam</strong></span> <span class='ocrx_word' id='word_1_281' title='bbox 858 3659 874 3710; x_wconf 91' lang='lat'><strong>;</strong></span> <span class='ocrx_word' id='word_1_282' title='bbox 896 3641 1078 3697; x_wconf 89' lang='lat' dir='ltr'><strong>docuit</strong></span> <span class='ocrx_word' id='word_1_283' title='bbox 1106 3655 1210 3695; x_wconf 90' lang='lat' dir='ltr'><strong>non</strong></span> <span class='ocrx_word' id='word_1_284' title='bbox 1235 3638 1483 3710; x_wconf 68' lang='lat' dir='ltr'><strong>prresumi</strong></span> <span class='ocrx_word' id='word_1_285' title='bbox 1507 3639 1556 3692; x_wconf 88' lang='lat' dir='ltr'><strong>iu</strong></span> <span class='ocrx_word' id='word_1_286' title='bbox 1586 3636 1823 3692; x_wconf 88' lang='lat' dir='ltr'><strong>homine.</strong></span> 
     </span>
    </p>
   </div>
   <div class='ocr_carea' id='block_1_37' title="bbox 237 3730 1830 3809">
    <p class='ocr_par' dir='ltr' id='par_1_37' title="bbox 237 3730 1830 3809">
     <span class='ocr_line' id='line_1_37' title="bbox 237 3730 1830 3809; baseline -0.008 -13"><span class='ocrx_word' id='word_1_287' title='bbox 237 3737 434 3796; x_wconf 76' lang='lat' dir='ltr'><strong>Adhuc</strong></span> <span class='ocrx_word' id='word_1_288' title='bbox 475 3737 656 3794; x_wconf 78' lang='lat' dir='ltr'><strong>dicant</strong></span> <span class='ocrx_word' id='word_1_289' title='bbox 700 3734 841 3809; x_wconf 90' lang='lat' dir='ltr'><strong>quod</strong></span> <span class='ocrx_word' id='word_1_290' title='bbox 886 3735 1094 3790; x_wconf 74' lang='lat' dir='ltr'><strong>volunt.</strong></span> <span class='ocrx_word' id='word_1_291' title='bbox 1133 3733 1251 3788; x_wconf 85' lang='lat' dir='ltr'><strong>Jam</strong></span> <span class='ocrx_word' id='word_1_292' title='bbox 1294 3730 1507 3802; x_wconf 88' lang='lat' dir='ltr'><strong>quidem</strong></span> <span class='ocrx_word' id='word_1_293' title='bbox 1551 3738 1830 3801; x_wconf 68' lang='lat' dir='ltr'><strong>cmperunt</strong></span> 
     </span>
    </p>
   </div>
   <div class='ocr_carea' id='block_1_38' title="bbox 239 3822 1820 3901">
    <p class='ocr_par' dir='ltr' id='par_1_38' title="bbox 239 3822 1820 3901">
     <span class='ocr_line' id='line_1_38' title="bbox 239 3822 1820 3901; baseline -0.006 -15"><span class='ocrx_word' id='word_1_294' title='bbox 239 3831 351 3893; x_wconf 85' lang='lat' dir='ltr'><strong>uri,</strong></span> <span class='ocrx_word' id='word_1_295' title='bbox 380 3830 542 3901; x_wconf 67' lang='lat' dir='ltr'><strong>cepit</strong></span> <span class='ocrx_word' id='word_1_296' title='bbox 569 3830 928 3901; x_wconf 85' lang='lat' dir='ltr'><strong>prapinquare</strong></span> <span class='ocrx_word' id='word_1_297' title='bbox 957 3827 1125 3898; x_wconf 81' lang='lat' dir='ltr'><strong>ignis;</strong></span> <span class='ocrx_word' id='word_1_298' title='bbox 1151 3841 1255 3878; x_wconf 87' lang='lat' dir='ltr'><strong>non</strong></span> <span class='ocrx_word' id='word_1_299' title='bbox 1285 3833 1367 3879; x_wconf 63' lang='lat' dir='ltr'><strong>Cal</strong></span> <span class='ocrx_word' id='word_1_300' title='bbox 1395 3823 1483 3892; x_wconf 92' lang='lat' dir='ltr'><strong>qui</strong></span> <span class='ocrx_word' id='word_1_301' title='bbox 1512 3838 1570 3877; x_wconf 87' lang='lat' dir='ltr'><strong>se</strong></span> <span class='ocrx_word' id='word_1_302' title='bbox 1593 3822 1820 3877; x_wconf 87' lang='lat' dir='ltr'><strong>abscon-</strong></span> 
     </span>
    </p>
   </div>
   <div class='ocr_carea' id='block_1_39' title="bbox 237 3913 1826 3993">
    <p class='ocr_par' dir='ltr' id='par_1_39' title="bbox 237 3913 1826 3993">
     <span class='ocr_line' id='line_1_39' title="bbox 237 3913 1826 3993; baseline -0.007 -14"><span class='ocrx_word' id='word_1_303' title='bbox 237 3925 338 3980; x_wconf 85' lang='lat' dir='ltr'><strong>dat</strong></span> <span class='ocrx_word' id='word_1_304' title='bbox 359 3939 388 3978; x_wconf 89' lang='lat' dir='ltr'><strong>a</strong></span> <span class='ocrx_word' id='word_1_305' title='bbox 417 3923 594 3979; x_wconf 85' lang='lat' dir='ltr'><strong>calore</strong></span> <span class='ocrx_word' id='word_1_306' title='bbox 620 3921 736 3989; x_wconf 88' lang='lat' dir='ltr'><strong>ejus</strong></span> <span class='ocrx_word' id='word_1_307' title='bbox 758 3919 778 3993; x_wconf 97' lang='lat'><strong>(</strong></span> <span class='ocrx_word' id='word_1_308' title='bbox 803 3919 942 3973; x_wconf 85' lang='lat' dir='ltr'><strong>Psal.</strong></span> <span class='ocrx_word' id='word_1_309' title='bbox 974 3933 1126 3982; x_wconf 76' lang='lat' dir='ltr'><strong>mu,</strong></span> <span class='ocrx_word' id='word_1_310' title='bbox 1155 3918 1249 3987; x_wconf 87' lang='lat'><strong>7).</strong></span> <span class='ocrx_word' id='word_1_311' title='bbox 1279 3914 1384 3971; x_wconf 90' lang='lat' dir='ltr'><strong>Sed</strong></span> <span class='ocrx_word' id='word_1_312' title='bbox 1412 3914 1585 3968; x_wconf 89' lang='lat' dir='ltr'><strong>adlmc</strong></span> <span class='ocrx_word' id='word_1_313' title='bbox 1611 3913 1826 3980; x_wconf 92' lang='lat' dir='ltr'><strong>dicant,</strong></span> 
     </span>
    </p>
   </div>
   <div class='ocr_carea' id='block_1_40' title="bbox 237 4005 1829 4084">
    <p class='ocr_par' dir='ltr' id='par_1_40' title="bbox 237 4005 1829 4084">
     <span class='ocr_line' id='line_1_40' title="bbox 237 4005 1829 4084; baseline -0.009 -12"><span class='ocrx_word' id='word_1_314' title='bbox 237 4015 314 4072; x_wconf 83' lang='lat' dir='ltr'><strong>Et</strong></span> <span class='ocrx_word' id='word_1_315' title='bbox 341 4028 440 4069; x_wconf 83' lang='lat' dir='ltr'><strong>nos</strong></span> <span class='ocrx_word' id='word_1_316' title='bbox 463 4011 600 4084; x_wconf 90' lang='lat' dir='ltr'><strong>apud</strong></span> <span class='ocrx_word' id='word_1_317' title='bbox 630 4011 780 4067; x_wconf 88' lang='lat' dir='ltr'><strong>illum</strong></span> <span class='ocrx_word' id='word_1_318' title='bbox 806 4009 1016 4064; x_wconf 91' lang='lat' dir='ltr'><strong>Iaudem</strong></span> <span class='ocrx_word' id='word_1_319' title='bbox 1041 4016 1277 4063; x_wconf 87' lang='lat' dir='ltr'><strong>nostram</strong></span> <span class='ocrx_word' id='word_1_320' title='bbox 1310 4005 1584 4076; x_wconf 85' lang='lat' dir='ltr'><strong>posuimus</strong></span> <span class='ocrx_word' id='word_1_321' title='bbox 1608 4045 1622 4066; x_wconf 92' lang='lat'><strong>.</strong></span> <span class='ocrx_word' id='word_1_322' title='bbox 1651 4013 1706 4058; x_wconf 90' lang='lat' dir='ltr'><strong>et</strong></span> <span class='ocrx_word' id='word_1_323' title='bbox 1731 4017 1829 4058; x_wconf 93' lang='lat' dir='ltr'><strong>nos</strong></span> 
     </span>
    </p>
   </div>
   <div class='ocr_carea' id='block_1_41' title="bbox 238 4092 1831 4175">
    <p class='ocr_par' dir='ltr' id='par_1_41' title="bbox 238 4092 1831 4175">
     <span class='ocr_line' id='line_1_41' title="bbox 238 4092 1831 4175; baseline -0.011 -10"><span class='ocrx_word' id='word_1_324' title='bbox 238 4109 298 4165; x_wconf 87' lang='lat' dir='ltr'><strong>in</strong></span> <span class='ocrx_word' id='word_1_325' title='bbox 328 4106 482 4162; x_wconf 85' lang='lat' dir='ltr'><strong>nobis</strong></span> <span class='ocrx_word' id='word_1_326' title='bbox 511 4120 614 4161; x_wconf 87' lang='lat' dir='ltr'><strong>non</strong></span> <span class='ocrx_word' id='word_1_327' title='bbox 642 4103 1049 4175; x_wconf 68' lang='lat' dir='ltr'><strong>praesumimus;</strong></span> <span class='ocrx_word' id='word_1_328' title='bbox 1076 4100 1257 4156; x_wconf 89' lang='lat' dir='ltr'><strong>dicant</strong></span> <span class='ocrx_word' id='word_1_329' title='bbox 1281 4098 1474 4154; x_wconf 89' lang='lat' dir='ltr'><strong>adhuc.</strong></span> <span class='ocrx_word' id='word_1_330' title='bbox 1507 4094 1572 4150; x_wconf 88' lang='lat' dir='ltr'><strong>In</strong></span> <span class='ocrx_word' id='word_1_331' title='bbox 1599 4092 1831 4149; x_wconf 80' lang='lat' dir='ltr'><strong>Ecclesia</strong></span> 
     </span>
    </p>
   </div>
   <div class='ocr_carea' id='block_1_42' title="bbox 240 4187 1831 4270">
    <p class='ocr_par' dir='ltr' id='par_1_42' title="bbox 240 4187 1831 4270">
     <span class='ocr_line' id='line_1_42' title="bbox 240 4187 1831 4270; baseline -0.006 -18"><span class='ocrx_word' id='word_1_332' title='bbox 240 4215 431 4270; x_wconf 85' lang='lat' dir='ltr'><strong>magna</strong></span> <span class='ocrx_word' id='word_1_333' title='bbox 453 4198 729 4266; x_wconf 76' lang='lat' dir='ltr'><strong>confitebor</strong></span> <span class='ocrx_word' id='word_1_334' title='bbox 762 4195 890 4250; x_wconf 90' lang='lat' dir='ltr'><strong>tibi:</strong></span> <span class='ocrx_word' id='word_1_335' title='bbox 912 4195 1022 4264; x_wconf 83' lang='lat' dir='ltr'><strong>jam</strong></span> <span class='ocrx_word' id='word_1_336' title='bbox 1053 4191 1135 4247; x_wconf 81' lang='lat' dir='ltr'><strong>hic</strong></span> <span class='ocrx_word' id='word_1_337' title='bbox 1163 4201 1323 4262; x_wconf 90' lang='lat' dir='ltr'><strong>puto,</strong></span> <span class='ocrx_word' id='word_1_338' title='bbox 1350 4191 1472 4260; x_wconf 88' lang='lat' dir='ltr'><strong>quia</strong></span> <span class='ocrx_word' id='word_1_339' title='bbox 1498 4188 1660 4256; x_wconf 62' lang='lat' dir='ltr'><strong>coepit</strong></span> <span class='ocrx_word' id='word_1_340' title='bbox 1691 4187 1831 4242; x_wconf 85' lang='lat' dir='ltr'><strong>iule-</strong></span> 
     </span>
    </p>
   </div>
   <div class='ocr_carea' id='block_1_43' title="bbox 239 4277 1830 4360">
    <p class='ocr_par' dir='ltr' id='par_1_43' title="bbox 239 4277 1830 4360">
     <span class='ocr_line' id='line_1_43' title="bbox 239 4277 1830 4360; baseline -0.01 -12"><span class='ocrx_word' id='word_1_341' title='bbox 239 4292 386 4348; x_wconf 87' lang='lat' dir='ltr'><strong>riora</strong></span> <span class='ocrx_word' id='word_1_342' title='bbox 410 4299 644 4360; x_wconf 83' lang='lat' dir='ltr'><strong>tangere.</strong></span> <span class='ocrx_word' id='word_1_343' title='bbox 667 4287 903 4344; x_wconf 86' lang='lat' dir='ltr'><strong>Ecclesia</strong></span> <span class='ocrx_word' id='word_1_344' title='bbox 927 4300 1112 4356; x_wconf 82' lang='lat' dir='ltr'><strong>magna</strong></span> <span class='ocrx_word' id='word_1_345' title='bbox 1139 4281 1262 4354; x_wconf 88' lang='lat' dir='ltr'><strong>quid</strong></span> <span class='ocrx_word' id='word_1_346' title='bbox 1287 4287 1391 4342; x_wconf 76' lang='lat' dir='ltr'><strong>est.</strong></span> <span class='ocrx_word' id='word_1_347' title='bbox 1416 4279 1643 4335; x_wconf 79' lang='lat' dir='ltr'><strong>fratres?</strong></span> <span class='ocrx_word' id='word_1_348' title='bbox 1665 4277 1830 4333; x_wconf 80' lang='lat' dir='ltr'><strong>Num~</strong></span> 
     </span>
    </p>
   </div>
   <div class='ocr_carea' id='block_1_44' title="bbox 239 4369 1834 4455">
    <p class='ocr_par' dir='ltr' id='par_1_44' title="bbox 239 4369 1834 4455">
     <span class='ocr_line' id='line_1_44' title="bbox 239 4369 1834 4455; baseline -0.009 -17"><span class='ocrx_word' id='word_1_349' title='bbox 239 4382 373 4455; x_wconf 87' lang='lat' dir='ltr'><strong>quid</strong></span> <span class='ocrx_word' id='word_1_350' title='bbox 399 4383 581 4452; x_wconf 75' lang='lat' dir='ltr'><strong>exigua</strong></span> <span class='ocrx_word' id='word_1_351' title='bbox 610 4393 734 4450; x_wconf 89' lang='lat' dir='ltr'><strong>pars</strong></span> <span class='ocrx_word' id='word_1_352' title='bbox 762 4378 907 4435; x_wconf 88' lang='lat' dir='ltr'><strong>orbis</strong></span> <span class='ocrx_word' id='word_1_353' title='bbox 933 4386 1191 4432; x_wconf 88' lang='lat' dir='ltr'><strong>terrarum</strong></span> <span class='ocrx_word' id='word_1_354' title='bbox 1218 4371 1453 4430; x_wconf 85' lang='lat' dir='ltr'><strong>Ecclesia</strong></span> <span class='ocrx_word' id='word_1_355' title='bbox 1485 4385 1672 4440; x_wconf 90' lang='lat' dir='ltr'><strong>magna</strong></span> <span class='ocrx_word' id='word_1_356' title='bbox 1700 4379 1782 4424; x_wconf 91' lang='lat' dir='ltr'><strong>est</strong></span> <span class='ocrx_word' id='word_1_357' title='bbox 1809 4369 1834 4423; x_wconf 90' lang='lat'><strong>?</strong></span> 
     </span>
    </p>
   </div>
   <div class='ocr_carea' id='block_1_45' title="bbox 241 4461 1837 4545">
    <p class='ocr_par' dir='ltr' id='par_1_45' title="bbox 241 4461 1837 4545">
     <span class='ocr_line' id='line_1_45' title="bbox 241 4461 1837 4545; baseline -0.011 -12"><span class='ocrx_word' id='word_1_358' title='bbox 241 4476 481 4534; x_wconf 83' lang='lat' dir='ltr'><strong>Ecclesia</strong></span> <span class='ocrx_word' id='word_1_359' title='bbox 506 4489 692 4545; x_wconf 80' lang='lat' dir='ltr'><strong>magna</strong></span> <span class='ocrx_word' id='word_1_360' title='bbox 713 4482 854 4526; x_wconf 85' lang='lat' dir='ltr'><strong>totus</strong></span> <span class='ocrx_word' id='word_1_361' title='bbox 876 4469 1020 4527; x_wconf 68' lang='lat' dir='ltr'><strong>orbis</strong></span> <span class='ocrx_word' id='word_1_362' title='bbox 1033 4479 1132 4524; x_wconf 90' lang='lat' dir='ltr'><strong>est.</strong></span> <span class='ocrx_word' id='word_1_363' title='bbox 1159 4466 1313 4522; x_wconf 80' lang='lat' dir='ltr'><strong>Modo</strong></span> <span class='ocrx_word' id='word_1_364' title='bbox 1337 4465 1382 4520; x_wconf 87' lang='lat' dir='ltr'><strong>si</strong></span> <span class='ocrx_word' id='word_1_365' title='bbox 1403 4465 1520 4534; x_wconf 87' lang='lat' dir='ltr'><strong>quis</strong></span> <span class='ocrx_word' id='word_1_366' title='bbox 1546 4461 1837 4518; x_wconf 70' lang='lat' dir='ltr'><strong>velittlhri-</strong></span> 
     </span>
    </p>
   </div>
   <div class='ocr_carea' id='block_1_46' title="bbox 238 4552 1835 4626">
    <p class='ocr_par' dir='ltr' id='par_1_46' title="bbox 238 4552 1835 4626">
     <span class='ocr_line' id='line_1_46' title="bbox 238 4552 1835 4626; baseline -0.011 -3"><span class='ocrx_word' id='word_1_367' title='bbox 238 4581 332 4624; x_wconf 82' lang='lat' dir='ltr'><strong>sto</strong></span> <span class='ocrx_word' id='word_1_368' title='bbox 361 4562 867 4622; x_wconf 79' lang='lat' dir='ltr'><strong>contradicerezDie</strong></span> <span class='ocrx_word' id='word_1_369' title='bbox 895 4561 1069 4626; x_wconf 88' lang='lat' dir='ltr'><strong>nobis,</strong></span> <span class='ocrx_word' id='word_1_370' title='bbox 1089 4557 1358 4621; x_wconf 74' lang='lat' dir='ltr'><strong>tudixisti,</strong></span> <span class='ocrx_word' id='word_1_371' title='bbox 1380 4553 1443 4608; x_wconf 88' lang='lat' dir='ltr'><strong>In</strong></span> <span class='ocrx_word' id='word_1_372' title='bbox 1473 4552 1702 4608; x_wconf 81' lang='lat' dir='ltr'><strong>Ecclesia</strong></span> <span class='ocrx_word' id='word_1_373' title='bbox 1727 4569 1835 4606; x_wconf 88' lang='lat' dir='ltr'><strong>ma-</strong></span> 
     </span>
    </p>
   </div>
   <div class='ocr_carea' id='block_1_47' title="bbox 238 4645 1835 4732">
    <p class='ocr_par' dir='ltr' id='par_1_47' title="bbox 238 4645 1835 4732">
     <span class='ocr_line' id='line_1_47' title="bbox 238 4645 1835 4732; baseline -0.009 -18"><span class='ocrx_word' id='word_1_374' title='bbox 238 4677 346 4732; x_wconf 85' lang='lat' dir='ltr'><strong>gna</strong></span> <span class='ocrx_word' id='word_1_375' title='bbox 373 4658 642 4730; x_wconf 77' lang='lat' dir='ltr'><strong>conﬁtebor</strong></span> <span class='ocrx_word' id='word_1_376' title='bbox 669 4655 797 4710; x_wconf 88' lang='lat' dir='ltr'><strong>tibi:</strong></span> <span class='ocrx_word' id='word_1_377' title='bbox 816 4668 938 4725; x_wconf 80' lang='lat' dir='ltr'><strong>qua:</strong></span> <span class='ocrx_word' id='word_1_378' title='bbox 964 4650 1196 4707; x_wconf 80' lang='lat' dir='ltr'><strong>Ecclesia</strong></span> <span class='ocrx_word' id='word_1_379' title='bbox 1225 4647 1448 4720; x_wconf 81' lang='lat' dir='ltr'><strong>magna?</strong></span> <span class='ocrx_word' id='word_1_380' title='bbox 1487 4646 1566 4701; x_wconf 83' lang='lat' dir='ltr'><strong>Ad</strong></span> <span class='ocrx_word' id='word_1_381' title='bbox 1609 4645 1835 4700; x_wconf 80' lang='lat' dir='ltr'><strong>frustum</strong></span> 
     </span>
    </p>
   </div>
   <div class='ocr_carea' id='block_1_48' title="bbox 239 4737 1833 4813">
    <p class='ocr_par' dir='ltr' id='par_1_48' title="bbox 239 4737 1833 4813">
     <span class='ocr_line' id='line_1_48' title="bbox 239 4737 1833 4813; baseline -0.009 -6"><span class='ocrx_word' id='word_1_382' title='bbox 239 4737 442 4808; x_wconf 61' lang='lat' dir='ltr'><strong>Africa:</strong></span> <span class='ocrx_word' id='word_1_383' title='bbox 463 4746 764 4806; x_wconf 85' lang='lat' dir='ltr'><strong>remansisti</strong></span> <span class='ocrx_word' id='word_1_384' title='bbox 784 4747 826 4813; x_wconf 82' lang='grc'><strong>⁸,</strong></span> <span class='ocrx_word' id='word_1_385' title='bbox 851 4755 1016 4800; x_wconf 78' lang='lat' dir='ltr'><strong>toturn</strong></span> <span class='ocrx_word' id='word_1_386' title='bbox 1039 4741 1291 4797; x_wconf 86' lang='lat' dir='ltr'><strong>mundum</strong></span> <span class='ocrx_word' id='word_1_387' title='bbox 1321 4739 1590 4810; x_wconf 88' lang='lat' dir='ltr'><strong>perdidisti</strong></span> <span class='ocrx_word' id='word_1_388' title='bbox 1609 4757 1621 4793; x_wconf 93' lang='lat'><strong>:</strong></span> <span class='ocrx_word' id='word_1_389' title='bbox 1639 4737 1833 4792; x_wconf 77' lang='lat' dir='ltr'><strong>effudi-</strong></span> 
     </span>
    </p>
   </div>
   <div class='ocr_carea' id='block_1_49' title="bbox 239 4828 1833 4914">
    <p class='ocr_par' dir='ltr' id='par_1_49' title="bbox 239 4828 1833 4914">
     <span class='ocr_line' id='line_1_49' title="bbox 239 4828 1833 4914; baseline -0.012 -13"><span class='ocrx_word' id='word_1_390' title='bbox 239 4845 314 4901; x_wconf 83' lang='lat' dir='ltr'><strong>sti</strong></span> <span class='ocrx_word' id='word_1_391' title='bbox 343 4843 654 4914; x_wconf 82' lang='lat' dir='ltr'><strong>sanguinem</strong></span> <span class='ocrx_word' id='word_1_392' title='bbox 693 4854 790 4912; x_wconf 91' lang='lat' dir='ltr'><strong>pro</strong></span> <span class='ocrx_word' id='word_1_393' title='bbox 817 4847 949 4904; x_wconf 93' lang='lat' dir='ltr'><strong>toto,</strong></span> <span class='ocrx_word' id='word_1_394' title='bbox 973 4835 1064 4891; x_wconf 87' lang='lat' dir='ltr'><strong>sed</strong></span> <span class='ocrx_word' id='word_1_395' title='bbox 1106 4834 1402 4889; x_wconf 82' lang='lat' dir='ltr'><strong>invasorem</strong></span> <span class='ocrx_word' id='word_1_396' title='bbox 1420 4845 1608 4902; x_wconf 84' lang='lat' dir='ltr'><strong>passus</strong></span> <span class='ocrx_word' id='word_1_397' title='bbox 1629 4845 1705 4884; x_wconf 90' lang='lat' dir='ltr'><strong>es.</strong></span> <span class='ocrx_word' id='word_1_398' title='bbox 1730 4828 1833 4883; x_wconf 89' lang='lat' dir='ltr'><strong>Ista</strong></span> 
     </span>
    </p>
   </div>
   <div class='ocr_carea' id='block_1_50' title="bbox 240 4921 1831 4999">
    <p class='ocr_par' dir='ltr' id='par_1_50' title="bbox 240 4921 1831 4999">
     <span class='ocr_line' id='line_1_50' title="bbox 240 4921 1831 4999; baseline -0.012 -6"><span class='ocrx_word' id='word_1_399' title='bbox 240 4951 349 4993; x_wconf 82' lang='lat' dir='ltr'><strong>nus</strong></span> <span class='ocrx_word' id='word_1_400' title='bbox 375 4936 606 4992; x_wconf 76' lang='lat' dir='ltr'><strong>diximus</strong></span> <span class='ocrx_word' id='word_1_401' title='bbox 649 4932 877 4988; x_wconf 91' lang='lat' dir='ltr'><strong>Domino</strong></span> <span class='ocrx_word' id='word_1_402' title='bbox 924 4940 1174 4999; x_wconf 88' lang='lat' dir='ltr'><strong>tanquam</strong></span> <span class='ocrx_word' id='word_1_403' title='bbox 1219 4934 1559 4997; x_wconf 72' lang='lat' dir='ltr'><strong>quzereutes,</strong></span> <span class='ocrx_word' id='word_1_404' title='bbox 1601 4921 1831 4976; x_wconf 88' lang='lat' dir='ltr'><strong>scientes</strong></span> 
     </span>
    </p>
   </div>
   <div class='ocr_carea' id='block_1_51' title="bbox 243 5011 1827 5098">
    <p class='ocr_par' dir='ltr' id='par_1_51' title="bbox 243 5011 1827 5098">
     <span class='ocr_line' id='line_1_51' title="bbox 243 5011 1827 5098; baseline -0.013 -13"><span class='ocrx_word' id='word_1_405' title='bbox 243 5039 427 5085; x_wconf 82' lang='lat' dir='ltr'><strong>tamen</strong></span> <span class='ocrx_word' id='word_1_406' title='bbox 456 5026 581 5098; x_wconf 90' lang='lat' dir='ltr'><strong>quid</strong></span> <span class='ocrx_word' id='word_1_407' title='bbox 609 5024 824 5081; x_wconf 88' lang='lat' dir='ltr'><strong>dicturi.</strong></span> <span class='ocrx_word' id='word_1_408' title='bbox 857 5022 1124 5078; x_wconf 87' lang='lat' dir='ltr'><strong>Pouamus</strong></span> <span class='ocrx_word' id='word_1_409' title='bbox 1147 5032 1244 5072; x_wconf 82' lang='lat' dir='ltr'><strong>nos</strong></span> <span class='ocrx_word' id='word_1_410' title='bbox 1272 5015 1476 5071; x_wconf 83' lang='lat' dir='ltr'><strong>nescire</strong></span> <span class='ocrx_word' id='word_1_411' title='bbox 1501 5012 1627 5084; x_wconf 92' lang='lat' dir='ltr'><strong>quid</strong></span> <span class='ocrx_word' id='word_1_412' title='bbox 1648 5011 1827 5066; x_wconf 89' lang='lat' dir='ltr'><strong>dicat:</strong></span> 
     </span>
    </p>
   </div>
   <div class='ocr_carea' id='block_1_52' title="bbox 241 5103 1832 5186">
    <p class='ocr_par' dir='ltr' id='par_1_52' title="bbox 241 5103 1832 5186">
     <span class='ocr_line' id='line_1_52' title="bbox 241 5103 1832 5186; baseline -0.012 -8"><span class='ocrx_word' id='word_1_413' title='bbox 241 5134 426 5178; x_wconf 87' lang='lat' dir='ltr'><strong>nonne</strong></span> <span class='ocrx_word' id='word_1_414' title='bbox 455 5117 614 5173; x_wconf 87' lang='lat' dir='ltr'><strong>nobis</strong></span> <span class='ocrx_word' id='word_1_415' title='bbox 639 5111 972 5186; x_wconf 85' lang='lat' dir='ltr'><strong>respondet?</strong></span> <span class='ocrx_word' id='word_1_416' title='bbox 1000 5109 1273 5178; x_wconf 88' lang='lat' dir='ltr'><strong>Quiescite</strong></span> <span class='ocrx_word' id='word_1_417' title='bbox 1297 5150 1312 5174; x_wconf 95' lang='lat'><strong>,</strong></span> <span class='ocrx_word' id='word_1_418' title='bbox 1343 5105 1515 5161; x_wconf 89' lang='lat' dir='ltr'><strong>adhuc</strong></span> <span class='ocrx_word' id='word_1_419' title='bbox 1543 5104 1664 5159; x_wconf 88' lang='lat' dir='ltr'><strong>dico</strong></span> <span class='ocrx_word' id='word_1_420' title='bbox 1691 5103 1832 5159; x_wconf 86' lang='lat' dir='ltr'><strong>unde</strong></span> 
     </span>
    </p>
   </div>
   <div class='ocr_carea' id='block_1_53' title="bbox 241 5197 1829 5277">
    <p class='ocr_par' dir='ltr' id='par_1_53' title="bbox 241 5197 1829 5277">
     <span class='ocr_line' id='line_1_53' title="bbox 241 5197 1829 5277; baseline -0.011 -9"><span class='ocrx_word' id='word_1_421' title='bbox 241 5225 410 5268; x_wconf 86' lang='lat' dir='ltr'><strong>nemo</strong></span> <span class='ocrx_word' id='word_1_422' title='bbox 435 5209 660 5265; x_wconf 86' lang='lat' dir='ltr'><strong>dubitet.</strong></span> <span class='ocrx_word' id='word_1_423' title='bbox 692 5205 1076 5277; x_wconf 80' lang='lat' dir='ltr'><strong>Exspcctemus</strong></span> <span class='ocrx_word' id='word_1_424' title='bbox 1120 5215 1250 5270; x_wconf 84' lang='lat' dir='ltr'><strong>ergo</strong></span> <span class='ocrx_word' id='word_1_425' title='bbox 1291 5197 1418 5270; x_wconf 89' lang='lat' dir='ltr'><strong>quid</strong></span> <span class='ocrx_word' id='word_1_426' title='bbox 1462 5199 1701 5254; x_wconf 89' lang='lat' dir='ltr'><strong>dicturus</strong></span> <span class='ocrx_word' id='word_1_427' title='bbox 1727 5205 1829 5252; x_wconf 86' lang='lat' dir='ltr'><strong>est.</strong></span> 
     </span>
    </p>
   </div>
   <div class='ocr_carea' id='block_1_54' title="bbox 240 5286 1830 5373">
    <p class='ocr_par' dir='ltr' id='par_1_54' title="bbox 240 5286 1830 5373">
     <span class='ocr_line' id='line_1_54' title="bbox 240 5286 1830 5373; baseline -0.011 -15"><span class='ocrx_word' id='word_1_428' title='bbox 240 5303 366 5358; x_wconf 82' lang='lat' dir='ltr'><strong>Jam</strong></span> <span class='ocrx_word' id='word_1_429' title='bbox 390 5317 490 5373; x_wconf 84' lang='lat' dir='ltr'><strong>ego</strong></span> <span class='ocrx_word' id='word_1_430' title='bbox 515 5299 760 5355; x_wconf 86' lang='lat' dir='ltr'><strong>volebam</strong></span> <span class='ocrx_word' id='word_1_431' title='bbox 793 5293 1140 5367; x_wconf 90' lang='lat' dir='ltr'><strong>pronuntiare</strong></span> <span class='ocrx_word' id='word_1_432' title='bbox 1160 5333 1175 5358; x_wconf 90' lang='lat'><strong>,</strong></span> <span class='ocrx_word' id='word_1_433' title='bbox 1206 5301 1261 5347; x_wconf 90' lang='lat' dir='ltr'><strong>et</strong></span> <span class='ocrx_word' id='word_1_434' title='bbox 1286 5306 1392 5345; x_wconf 91' lang='lat' dir='ltr'><strong>non</strong></span> <span class='ocrx_word' id='word_1_435' title='bbox 1420 5288 1699 5344; x_wconf 84' lang='lat' dir='ltr'><strong>admittere</strong></span> <span class='ocrx_word' id='word_1_436' title='bbox 1729 5286 1830 5342; x_wconf 85' lang='lat' dir='ltr'><strong>ho-</strong></span> 
     </span>
    </p>
   </div>
   <div class='ocr_carea' id='block_1_55' title="bbox 240 5380 1826 5462">
    <p class='ocr_par' dir='ltr' id='par_1_55' title="bbox 240 5380 1826 5462">
     <span class='ocr_line' id='line_1_55' title="bbox 240 5380 1826 5462; baseline -0.013 -8"><span class='ocrx_word' id='word_1_437' title='bbox 240 5397 422 5454; x_wconf 79' lang='lat' dir='ltr'><strong>mines</strong></span> <span class='ocrx_word' id='word_1_438' title='bbox 451 5392 592 5450; x_wconf 91' lang='lat' dir='ltr'><strong>aliud</strong></span> <span class='ocrx_word' id='word_1_439' title='bbox 616 5388 811 5462; x_wconf 89' lang='lat' dir='ltr'><strong>aliquid</strong></span> <span class='ocrx_word' id='word_1_440' title='bbox 841 5385 1201 5458; x_wconf 87' lang='lat' dir='ltr'><strong>interpretari,</strong></span> <span class='ocrx_word' id='word_1_441' title='bbox 1232 5399 1352 5438; x_wconf 88' lang='lat' dir='ltr'><strong>cum</strong></span> <span class='ocrx_word' id='word_1_442' title='bbox 1378 5382 1518 5436; x_wconf 89' lang='lat' dir='ltr'><strong>dicat</strong></span> <span class='ocrx_word' id='word_1_443' title='bbox 1543 5380 1786 5434; x_wconf 89' lang='lat' dir='ltr'><strong>Christus</strong></span> <span class='ocrx_word' id='word_1_444' title='bbox 1812 5397 1826 5434; x_wconf 89' lang='lat'><strong>:</strong></span> 
     </span>
    </p>
   </div>
   <div class='ocr_carea' id='block_1_56' title="bbox 240 5474 1831 5554">
    <p class='ocr_par' dir='ltr' id='par_1_56' title="bbox 240 5474 1831 5554">
     <span class='ocr_line' id='line_1_56' title="bbox 240 5474 1831 5554; baseline -0.011 -10"><span class='ocrx_word' id='word_1_445' title='bbox 240 5487 315 5544; x_wconf 86' lang='lat' dir='ltr'><strong>In</strong></span> <span class='ocrx_word' id='word_1_446' title='bbox 339 5485 566 5542; x_wconf 82' lang='lat' dir='ltr'><strong>Ecclesia</strong></span> <span class='ocrx_word' id='word_1_447' title='bbox 587 5498 791 5554; x_wconf 85' lang='lat' dir='ltr'><strong>magna.</strong></span> <span class='ocrx_word' id='word_1_448' title='bbox 817 5480 884 5536; x_wconf 82' lang='lat' dir='ltr'><strong>Et</strong></span> <span class='ocrx_word' id='word_1_449' title='bbox 909 5489 964 5534; x_wconf 91' lang='lat' dir='ltr'><strong>tu</strong></span> <span class='ocrx_word' id='word_1_450' title='bbox 991 5477 1125 5533; x_wconf 87' lang='lat' dir='ltr'><strong>dicis</strong></span> <span class='ocrx_word' id='word_1_451' title='bbox 1150 5475 1272 5547; x_wconf 88' lang='lat' dir='ltr'><strong>quia</strong></span> <span class='ocrx_word' id='word_1_452' title='bbox 1315 5474 1366 5528; x_wconf 91' lang='lat' dir='ltr'><strong>in</strong></span> <span class='ocrx_word' id='word_1_453' title='bbox 1394 5482 1631 5528; x_wconf 79' lang='lat' dir='ltr'><strong>extrema</strong></span> <span class='ocrx_word' id='word_1_454' title='bbox 1679 5481 1831 5539; x_wconf 89' lang='lat' dir='ltr'><strong>parte</strong></span> 
     </span>
    </p>
   </div>
   <div class='ocr_carea' id='block_1_57' title="bbox 241 5559 1831 5637">
    <p class='ocr_par' dir='ltr' id='par_1_57' title="bbox 241 5559 1831 5637">
     <span class='ocr_line' id='line_1_57' title="bbox 241 5559 1831 5637; baseline -0.016 0"><span class='ocrx_word' id='word_1_455' title='bbox 241 5578 526 5637; x_wconf 87' lang='lat' dir='ltr'><strong>remansit.</strong></span> <span class='ocrx_word' id='word_1_456' title='bbox 560 5575 628 5630; x_wconf 84' lang='lat' dir='ltr'><strong>Et</strong></span> <span class='ocrx_word' id='word_1_457' title='bbox 651 5572 824 5628; x_wconf 90' lang='lat' dir='ltr'><strong>adhuc</strong></span> <span class='ocrx_word' id='word_1_458' title='bbox 849 5569 1048 5625; x_wconf 87' lang='lat' dir='ltr'><strong>audent</strong></span> <span class='ocrx_word' id='word_1_459' title='bbox 1073 5568 1276 5627; x_wconf 84' lang='lat' dir='ltr'><strong>dicere,</strong></span> <span class='ocrx_word' id='word_1_460' title='bbox 1299 5564 1365 5620; x_wconf 84' lang='lat' dir='ltr'><strong>Et</strong></span> <span class='ocrx_word' id='word_1_461' title='bbox 1390 5571 1569 5618; x_wconf 86' lang='lat' dir='ltr'><strong>nostra</strong></span> <span class='ocrx_word' id='word_1_462' title='bbox 1593 5559 1831 5616; x_wconf 83' lang='lat' dir='ltr'><strong>Ecclesia</strong></span> 
     </span>
    </p>
   </div>
   <div class='ocr_carea' id='block_1_58' title="bbox 243 5649 1831 5742">
    <p class='ocr_par' dir='ltr' id='par_1_58' title="bbox 243 5649 1831 5742">
     <span class='ocr_line' id='line_1_58' title="bbox 243 5649 1831 5742; baseline -0.013 -16"><span class='ocrx_word' id='word_1_463' title='bbox 243 5683 440 5742; x_wconf 74' lang='lat' dir='ltr'><strong>niagua</strong></span> <span class='ocrx_word' id='word_1_464' title='bbox 462 5675 564 5732; x_wconf 88' lang='lat' dir='ltr'><strong>est,</strong></span> <span class='ocrx_word' id='word_1_465' title='bbox 589 5661 716 5735; x_wconf 89' lang='lat' dir='ltr'><strong>quid</strong></span> <span class='ocrx_word' id='word_1_466' title='bbox 752 5661 844 5717; x_wconf 88' lang='lat' dir='ltr'><strong>tibi</strong></span> <span class='ocrx_word' id='word_1_467' title='bbox 867 5659 1076 5716; x_wconf 79' lang='lat' dir='ltr'><strong>videtur</strong></span> <span class='ocrx_word' id='word_1_468' title='bbox 1125 5655 1284 5728; x_wconf 81' lang='lat' dir='ltr'><strong>Bagai</strong></span> <span class='ocrx_word' id='word_1_469' title='bbox 1334 5663 1388 5709; x_wconf 90' lang='lat' dir='ltr'><strong>et</strong></span> <span class='ocrx_word' id='word_1_470' title='bbox 1413 5649 1755 5722; x_wconf 82' lang='lat' dir='ltr'><strong>Tamugade?</strong></span> <span class='ocrx_word' id='word_1_471' title='bbox 1774 5649 1831 5707; x_wconf 90' lang='lat' dir='ltr'><strong>Si</strong></span> 
     </span>
    </p>
   </div>
   <div class='ocr_carea' id='block_1_59' title="bbox 313 5802 1829 5883">
    <p class='ocr_par' dir='ltr' id='par_1_59' title="bbox 313 5802 1829 5883">
     <span class='ocr_line' id='line_1_59' title="bbox 313 5802 1829 5883; baseline -0.011 -9"><span class='ocrx_word' id='word_1_472' title='bbox 313 5825 333 5859; x_wconf 76' lang='grc' dir='ltr'>ί</span> <span class='ocrx_word' id='word_1_473' title='bbox 354 5823 490 5880; x_wconf 71' lang='grc' dir='ltr'><strong>ιω..</strong></span> <span class='ocrx_word' id='word_1_474' title='bbox 519 5821 580 5872; x_wconf 75' lang='lat' dir='ltr'><strong>4d</strong></span> <span class='ocrx_word' id='word_1_475' title='bbox 600 5822 787 5883; x_wconf 84' lang='lat' dir='ltr'><strong>partem</strong></span> <span class='ocrx_word' id='word_1_476' title='bbox 811 5814 983 5877; x_wconf 74' lang='lat' dir='ltr'><strong>.4fricaz</strong></span> <span class='ocrx_word' id='word_1_477' title='bbox 1000 5809 1304 5883; x_wconf 62' lang='lat' dir='ltr'><strong>remansisse,</strong></span> <span class='ocrx_word' id='word_1_478' title='bbox 1316 5812 1395 5882; x_wconf 72' lang='lat' dir='ltr'><strong>est</strong></span> <span class='ocrx_word' id='word_1_479' title='bbox 1409 5802 1616 5880; x_wconf 57' lang='lat' dir='ltr'><strong>Ecclesia</strong></span> <span class='ocrx_word' id='word_1_480' title='bbox 1638 5817 1829 5862; x_wconf 76' lang='lat' dir='ltr'><strong>manna.</strong></span> 
     </span>
    </p>
   </div>
   <div class='ocr_carea' id='block_1_60' title="bbox 245 5874 1560 5942">
    <p class='ocr_par' dir='ltr' id='par_1_60' title="bbox 245 5874 1560 5942">
     <span class='ocr_line' id='line_1_60' title="bbox 245 5874 1560 5942; baseline -0.016 -2"><span class='ocrx_word' id='word_1_481' title='bbox 245 5874 660 5942; x_wconf 59' lang='lat' dir='ltr'><strong>ﬂammantluiu,</strong></span> <span class='ocrx_word' id='word_1_482' title='bbox 689 5890 780 5929; x_wconf 76' lang='lat' dir='ltr'><strong>etc.</strong></span> <span class='ocrx_word' id='word_1_483' title='bbox 810 5874 976 5927; x_wconf 54' lang='lat' dir='ltr'><strong>tiu-um</strong></span> <span class='ocrx_word' id='word_1_484' title='bbox 1001 5878 1057 5923; x_wconf 74' lang='lat' dir='ltr'><strong>ad</strong></span> <span class='ocrx_word' id='word_1_485' title='bbox 1085 5883 1185 5923; x_wconf 67' lang='lat' dir='ltr'><strong>Mss.</strong></span> <span class='ocrx_word' id='word_1_486' title='bbox 1212 5874 1560 5933; x_wconf 58' lang='lat' dir='ltr'><strong>Castigatiaass.</strong></span> 
     </span>
    </p>
   </div>
   <div class='ocr_carea' id='block_1_61' title="bbox 1317 345 2353 452">
    <p class='ocr_par' dir='ltr' id='par_1_61' title="bbox 1317 345 2353 452">
     <span class='ocr_line' id='line_1_61' title="bbox 1317 345 2353 452; baseline -0.002 0"><span class='ocrx_word' id='word_1_487' title='bbox 1317 345 1718 452; x_wconf 68' lang='lat' dir='ltr'><strong>ENARRATIO</strong></span> <span class='ocrx_word' id='word_1_488' title='bbox 1753 392 1820 450; x_wconf 84' lang='lat' dir='ltr'><strong>IN</strong></span> <span class='ocrx_word' id='word_1_489' title='bbox 1847 392 2170 451; x_wconf 78' lang='lat' dir='ltr'><strong>PSALMUM</strong></span> <span class='ocrx_word' id='word_1_490' title='bbox 2208 393 2353 452; x_wconf 80' lang='lat' dir='ltr'><strong>XXI.</strong></span> 
     </span>
    </p>
   </div>
   <div class='ocr_carea' id='block_1_62' title="bbox 3380 405 3486 461">
    <p class='ocr_par' dir='ltr' id='par_1_62' title="bbox 3380 405 3486 461">
     <span class='ocr_line' id='line_1_62' title="bbox 3380 405 3486 461; baseline 0.019 -2"><span class='ocrx_word' id='word_1_491' title='bbox 3380 405 3486 461; x_wconf 72' lang='grc'><strong>178</strong></span> 
     </span>
    </p>
   </div>
   <div class='ocr_carea' id='block_1_63' title="bbox 1931 510 3511 586">
    <p class='ocr_par' dir='ltr' id='par_1_63' title="bbox 1931 510 3511 586">
     <span class='ocr_line' id='line_1_63' title="bbox 1931 510 3511 586; baseline 0.008 -21"><span class='ocrx_word' id='word_1_492' title='bbox 1931 524 2037 565; x_wconf 90' lang='lat' dir='ltr'><strong>non</strong></span> <span class='ocrx_word' id='word_1_493' title='bbox 2067 510 2199 567; x_wconf 90' lang='lat' dir='ltr'><strong>dicit</strong></span> <span class='ocrx_word' id='word_1_494' title='bbox 2224 513 2421 584; x_wconf 90' lang='lat' dir='ltr'><strong>aliquid</strong></span> <span class='ocrx_word' id='word_1_495' title='bbox 2444 516 2462 546; x_wconf 77' lang='grc'>⁸</span> <span class='ocrx_word' id='word_1_496' title='bbox 2495 514 2633 570; x_wconf 89' lang='lat' dir='ltr'><strong>unde</strong></span> <span class='ocrx_word' id='word_1_497' title='bbox 2675 516 3046 573; x_wconf 88' lang='lat' dir='ltr'><strong>obmutescant</strong></span> <span class='ocrx_word' id='word_1_498' title='bbox 3071 561 3086 586; x_wconf 91' lang='lat'><strong>,</strong></span> <span class='ocrx_word' id='word_1_499' title='bbox 3116 519 3303 575; x_wconf 84' lang='lat' dir='ltr'><strong>adhuc</strong></span> <span class='ocrx_word' id='word_1_500' title='bbox 3333 521 3511 578; x_wconf 86' lang='lat' dir='ltr'><strong>dicant</strong></span> 
     </span>
    </p>
   </div>
   <div class='ocr_carea' id='block_1_64' title="bbox 1928 600 3074 673">
    <p class='ocr_par' dir='ltr' id='par_1_64' title="bbox 1928 600 3074 673">
     <span class='ocr_line' id='line_1_64' title="bbox 1928 600 3074 673; baseline 0.01 -20"><span class='ocrx_word' id='word_1_501' title='bbox 1928 600 2050 671; x_wconf 90' lang='lat' dir='ltr'><strong>quia</strong></span> <span class='ocrx_word' id='word_1_502' title='bbox 2079 617 2266 673; x_wconf 81' lang='lat' dir='ltr'><strong>magna</strong></span> <span class='ocrx_word' id='word_1_503' title='bbox 2293 615 2375 658; x_wconf 91' lang='lat' dir='ltr'><strong>est</strong></span> <span class='ocrx_word' id='word_1_504' title='bbox 2401 604 2639 660; x_wconf 83' lang='lat' dir='ltr'><strong>Ecclesia</strong></span> <span class='ocrx_word' id='word_1_505' title='bbox 2664 609 2780 662; x_wconf 89' lang='lat' dir='ltr'><strong>sola</strong></span> <span class='ocrx_word' id='word_1_506' title='bbox 2805 607 3074 664; x_wconf 87' lang='lat' dir='ltr'><strong>Numidia.</strong></span> 
     </span>
    </p>
   </div>
   <div class='ocr_carea' id='block_1_65' title="bbox 1997 691 3506 769">
    <p class='ocr_par' dir='ltr' id='par_1_65' title="bbox 1997 691 3506 769">
     <span class='ocr_line' id='line_1_65' title="bbox 1997 691 3506 769; baseline 0.011 -23"><span class='ocrx_word' id='word_1_507' title='bbox 1997 693 2086 747; x_wconf 74' lang='lat'><strong>27.</strong></span> <span class='ocrx_word' id='word_1_508' title='bbox 2123 691 2270 766; x_wconf 87' lang='lat' dir='ltr'><strong>[vers.</strong></span> <span class='ocrx_word' id='word_1_509' title='bbox 2295 695 2384 760; x_wconf 77' lang='lat'><strong>‘27,</strong></span> <span class='ocrx_word' id='word_1_510' title='bbox 2407 694 2522 769; x_wconf 78' lang='lat'><strong>28.]</strong></span> <span class='ocrx_word' id='word_1_511' title='bbox 2546 695 2834 756; x_wconf 78' lang='lat' dir='ltr'><strong>Videamus</strong></span> <span class='ocrx_word' id='word_1_512' title='bbox 2852 742 2867 767; x_wconf 91' lang='lat'><strong>,</strong></span> <span class='ocrx_word' id='word_1_513' title='bbox 2897 702 3175 757; x_wconf 89' lang='lat' dir='ltr'><strong>audiamus</strong></span> <span class='ocrx_word' id='word_1_514' title='bbox 3205 703 3379 761; x_wconf 88' lang='lat' dir='ltr'><strong>adhuc</strong></span> <span class='ocrx_word' id='word_1_515' title='bbox 3401 706 3506 763; x_wconf 90' lang='lat' dir='ltr'><strong>Do-</strong></span> 
     </span>
    </p>
   </div>
   <div class='ocr_carea' id='block_1_66' title="bbox 1928 785 3510 865">
    <p class='ocr_par' dir='ltr' id='par_1_66' title="bbox 1928 785 3510 865">
     <span class='ocr_line' id='line_1_66' title="bbox 1928 785 3510 865; baseline 0.009 -25"><span class='ocrx_word' id='word_1_516' title='bbox 1928 785 2131 840; x_wconf 84' lang='lat' dir='ltr'><strong>minum</strong></span> <span class='ocrx_word' id='word_1_517' title='bbox 2157 805 2169 840; x_wconf 93' lang='lat'>:</span> <span class='ocrx_word' id='word_1_518' title='bbox 2210 785 2334 840; x_wconf 78' lang='lat' dir='ltr'><strong>Vota</strong></span> <span class='ocrx_word' id='word_1_519' title='bbox 2361 805 2470 842; x_wconf 85' lang='lat' dir='ltr'><strong>mea</strong></span> <span class='ocrx_word' id='word_1_520' title='bbox 2493 789 2701 843; x_wconf 81' lang='lat' dir='ltr'><strong>reddam</strong></span> <span class='ocrx_word' id='word_1_521' title='bbox 2728 808 2899 846; x_wconf 88' lang='lat' dir='ltr'><strong>coram</strong></span> <span class='ocrx_word' id='word_1_522' title='bbox 2921 795 3205 849; x_wconf 86' lang='lat' dir='ltr'><strong>timentibus</strong></span> <span class='ocrx_word' id='word_1_523' title='bbox 3225 812 3354 850; x_wconf 88' lang='lat' dir='ltr'><strong>eum.</strong></span> <span class='ocrx_word' id='word_1_524' title='bbox 3377 799 3510 865; x_wconf 68' lang='lat' dir='ltr'><strong>Quas</strong></span> 
     </span>
    </p>
   </div>
   <div class='ocr_carea' id='block_1_67' title="bbox 1931 877 3514 952">
    <p class='ocr_par' dir='ltr' id='par_1_67' title="bbox 1931 877 3514 952">
     <span class='ocr_line' id='line_1_67' title="bbox 1931 877 3514 952; baseline 0.011 -24"><span class='ocrx_word' id='word_1_525' title='bbox 1931 885 2057 929; x_wconf 88' lang='lat' dir='ltr'><strong>sunt</strong></span> <span class='ocrx_word' id='word_1_526' title='bbox 2082 887 2201 931; x_wconf 84' lang='lat' dir='ltr'><strong>vota</strong></span> <span class='ocrx_word' id='word_1_527' title='bbox 2231 879 2363 933; x_wconf 86' lang='lat' dir='ltr'><strong>sua?</strong></span> <span class='ocrx_word' id='word_1_528' title='bbox 2391 877 2719 935; x_wconf 80' lang='lat' dir='ltr'><strong>Sacriﬁcium</strong></span> <span class='ocrx_word' id='word_1_529' title='bbox 2764 883 2904 952; x_wconf 87' lang='lat' dir='ltr'><strong>quod</strong></span> <span class='ocrx_word' id='word_1_530' title='bbox 2951 883 3143 941; x_wconf 88' lang='lat' dir='ltr'><strong>obtulit</strong></span> <span class='ocrx_word' id='word_1_531' title='bbox 3171 886 3302 941; x_wconf 91' lang='lat' dir='ltr'><strong>Deo.</strong></span> <span class='ocrx_word' id='word_1_532' title='bbox 3331 887 3514 945; x_wconf 84' lang='lat' dir='ltr'><strong>Nostis</strong></span> 
     </span>
    </p>
   </div>
   <div class='ocr_carea' id='block_1_68' title="bbox 1928 967 3517 1046">
    <p class='ocr_par' dir='ltr' id='par_1_68' title="bbox 1928 967 3517 1046">
     <span class='ocr_line' id='line_1_68' title="bbox 1928 967 3517 1046; baseline 0.009 -26"><span class='ocrx_word' id='word_1_533' title='bbox 1928 967 2085 1036; x_wconf 89' lang='lat' dir='ltr'><strong>quale</strong></span> <span class='ocrx_word' id='word_1_534' title='bbox 2107 968 2471 1025; x_wconf 81' lang='lat' dir='ltr'><strong>sacrificium?</strong></span> <span class='ocrx_word' id='word_1_535' title='bbox 2506 970 2711 1026; x_wconf 88' lang='lat' dir='ltr'><strong>Norunt</strong></span> <span class='ocrx_word' id='word_1_536' title='bbox 2741 971 2928 1028; x_wconf 85' lang='lat' dir='ltr'><strong>fideles</strong></span> <span class='ocrx_word' id='word_1_537' title='bbox 2957 985 3076 1030; x_wconf 84' lang='lat' dir='ltr'><strong>vota</strong></span> <span class='ocrx_word' id='word_1_538' title='bbox 3124 993 3243 1046; x_wconf 72' lang='lat' dir='ltr'><strong>qua:</strong></span> <span class='ocrx_word' id='word_1_539' title='bbox 3280 978 3517 1035; x_wconf 89' lang='lat' dir='ltr'><strong>reddidit</strong></span> 
     </span>
    </p>
   </div>
   <div class='ocr_carea' id='block_1_69' title="bbox 1929 1059 3508 1140">
    <p class='ocr_par' dir='ltr' id='par_1_69' title="bbox 1929 1059 3508 1140">
     <span class='ocr_line' id='line_1_69' title="bbox 1929 1059 3508 1140; baseline 0.009 -29"><span class='ocrx_word' id='word_1_540' title='bbox 1929 1071 2110 1113; x_wconf 89' lang='lat' dir='ltr'><strong>coram</strong></span> <span class='ocrx_word' id='word_1_541' title='bbox 2143 1059 2448 1116; x_wconf 89' lang='lat' dir='ltr'><strong>timentibus</strong></span> <span class='ocrx_word' id='word_1_542' title='bbox 2475 1077 2599 1118; x_wconf 91' lang='lat' dir='ltr'><strong>cum</strong></span> <span class='ocrx_word' id='word_1_543' title='bbox 2625 1079 2638 1117; x_wconf 90' lang='lat'><strong>:</strong></span> <span class='ocrx_word' id='word_1_544' title='bbox 2668 1078 2792 1117; x_wconf 91' lang='lat' dir='ltr'><strong>nam</strong></span> <span class='ocrx_word' id='word_1_545' title='bbox 2827 1065 3086 1135; x_wconf 85' lang='lat' dir='ltr'><strong>sequitur,</strong></span> <span class='ocrx_word' id='word_1_546' title='bbox 3115 1066 3282 1122; x_wconf 86' lang='lat' dir='ltr'><strong>Edent</strong></span> <span class='ocrx_word' id='word_1_547' title='bbox 3312 1086 3508 1140; x_wconf 86' lang='lat' dir='ltr'><strong>paupe-</strong></span> 
     </span>
    </p>
   </div>
   <div class='ocr_carea' id='block_1_70' title="bbox 1929 1153 3518 1228">
    <p class='ocr_par' dir='ltr' id='par_1_70' title="bbox 1929 1153 3518 1228">
     <span class='ocr_line' id='line_1_70' title="bbox 1929 1153 3518 1228; baseline 0.009 -25"><span class='ocrx_word' id='word_1_548' title='bbox 1929 1165 2029 1215; x_wconf 87' lang='lat' dir='ltr'><strong>res,</strong></span> <span class='ocrx_word' id='word_1_549' title='bbox 2052 1160 2100 1204; x_wconf 88' lang='lat' dir='ltr'><strong>et</strong></span> <span class='ocrx_word' id='word_1_550' title='bbox 2137 1153 2519 1207; x_wconf 84' lang='lat' dir='ltr'><strong>saturabuntur.</strong></span> <span class='ocrx_word' id='word_1_551' title='bbox 2549 1153 2694 1210; x_wconf 90' lang='lat' dir='ltr'><strong>Beati</strong></span> <span class='ocrx_word' id='word_1_552' title='bbox 2722 1171 3014 1226; x_wconf 85' lang='lat' dir='ltr'><strong>pauperes,</strong></span> <span class='ocrx_word' id='word_1_553' title='bbox 3041 1159 3162 1228; x_wconf 86' lang='lat' dir='ltr'><strong>quia</strong></span> <span class='ocrx_word' id='word_1_554' title='bbox 3203 1159 3324 1217; x_wconf 88' lang='lat' dir='ltr'><strong>ideo</strong></span> <span class='ocrx_word' id='word_1_555' title='bbox 3351 1162 3518 1218; x_wconf 86' lang='lat' dir='ltr'><strong>edunt</strong></span> 
     </span>
    </p>
   </div>
   <div class='ocr_carea' id='block_1_71' title="bbox 1929 1246 3517 1321">
    <p class='ocr_par' dir='ltr' id='par_1_71' title="bbox 1929 1246 3517 1321">
     <span class='ocr_line' id='line_1_71' title="bbox 1929 1246 3517 1321; baseline 0.009 -25"><span class='ocrx_word' id='word_1_556' title='bbox 1929 1250 1990 1296; x_wconf 92' lang='lat' dir='ltr'><strong>ut</strong></span> <span class='ocrx_word' id='word_1_557' title='bbox 2017 1252 2364 1300; x_wconf 86' lang='lat' dir='ltr'><strong>saturentur:</strong></span> <span class='ocrx_word' id='word_1_558' title='bbox 2397 1246 2563 1302; x_wconf 87' lang='lat' dir='ltr'><strong>edunt</strong></span> <span class='ocrx_word' id='word_1_559' title='bbox 2591 1249 2733 1303; x_wconf 90' lang='lat' dir='ltr'><strong>enim</strong></span> <span class='ocrx_word' id='word_1_560' title='bbox 2779 1264 3075 1319; x_wconf 88' lang='lat' dir='ltr'><strong>pauperes;</strong></span> <span class='ocrx_word' id='word_1_561' title='bbox 3102 1252 3192 1321; x_wconf 89' lang='lat' dir='ltr'><strong>qui</strong></span> <span class='ocrx_word' id='word_1_562' title='bbox 3227 1262 3405 1309; x_wconf 88' lang='lat' dir='ltr'><strong>autem</strong></span> <span class='ocrx_word' id='word_1_563' title='bbox 3434 1255 3517 1310; x_wconf 84' lang='lat' dir='ltr'><strong>di-</strong></span> 
     </span>
    </p>
   </div>
   <div class='ocr_carea' id='block_1_72' title="bbox 1930 1334 3552 1444">
    <p class='ocr_par' dir='ltr' id='par_1_72' title="bbox 1930 1334 3552 1444">
     <span class='ocr_line' id='line_1_72' title="bbox 1930 1334 3552 1444; baseline 0.01 -58"><span class='ocrx_word' id='word_1_564' title='bbox 1930 1334 2065 1444; x_wconf 62' lang='lat' dir='ltr'><strong>vites</strong></span> <span class='ocrx_word' id='word_1_565' title='bbox 2094 1345 2218 1390; x_wconf 90' lang='lat' dir='ltr'><strong>sunt</strong></span> <span class='ocrx_word' id='word_1_566' title='bbox 2239 1378 2254 1403; x_wconf 92' lang='lat'><strong>,</strong></span> <span class='ocrx_word' id='word_1_567' title='bbox 2287 1353 2396 1392; x_wconf 89' lang='lat' dir='ltr'><strong>non</strong></span> <span class='ocrx_word' id='word_1_568' title='bbox 2437 1338 2717 1406; x_wconf 89' lang='lat' dir='ltr'><strong>satiantur,</strong></span> <span class='ocrx_word' id='word_1_569' title='bbox 2745 1340 2866 1409; x_wconf 89' lang='lat' dir='ltr'><strong>quia</strong></span> <span class='ocrx_word' id='word_1_570' title='bbox 2894 1357 3000 1396; x_wconf 91' lang='lat' dir='ltr'><strong>non</strong></span> <span class='ocrx_word' id='word_1_571' title='bbox 3052 1343 3313 1398; x_wconf 88' lang='lat' dir='ltr'><strong>esuriunt.</strong></span> <span class='ocrx_word' id='word_1_572' title='bbox 3345 1344 3506 1401; x_wconf 91' lang='lat' dir='ltr'><strong>Com-</strong></span> 
     </span>
    </p>
   </div>
   <div class='ocr_carea' id='block_1_73' title="bbox 1934 1421 3556 1502">
    <p class='ocr_par' dir='ltr' id='par_1_73' title="bbox 1934 1421 3556 1502">
     <span class='ocr_line' id='line_1_73' title="bbox 1934 1421 3556 1502; baseline 0.01 -25"><span class='ocrx_word' id='word_1_573' title='bbox 1934 1421 2096 1478; x_wconf 87' lang='lat' dir='ltr'><strong>edent</strong></span> <span class='ocrx_word' id='word_1_574' title='bbox 2123 1440 2380 1496; x_wconf 85' lang='lat' dir='ltr'><strong>pauperes</strong></span> <span class='ocrx_word' id='word_1_575' title='bbox 2405 1444 2419 1480; x_wconf 91' lang='lat'><strong>:</strong></span> <span class='ocrx_word' id='word_1_576' title='bbox 2447 1427 2574 1484; x_wconf 91' lang='lat' dir='ltr'><strong>inde</strong></span> <span class='ocrx_word' id='word_1_577' title='bbox 2615 1439 2731 1483; x_wconf 88' lang='lat' dir='ltr'><strong>erat</strong></span> <span class='ocrx_word' id='word_1_578' title='bbox 2756 1429 2988 1500; x_wconf 87' lang='lat' dir='ltr'><strong>piscator</strong></span> <span class='ocrx_word' id='word_1_579' title='bbox 3011 1431 3100 1487; x_wconf 91' lang='lat' dir='ltr'><strong>ille</strong></span> <span class='ocrx_word' id='word_1_580' title='bbox 3138 1432 3347 1502; x_wconf 87' lang='lat' dir='ltr'><strong>Petrus,</strong></span> <span class='ocrx_word' id='word_1_581' title='bbox 3377 1436 3503 1492; x_wconf 89' lang='lat' dir='ltr'><strong>inde</strong></span> <span class='ocrx_word' id='word_1_582' title='bbox 3536 1421 3556 1451; x_wconf 49' lang='grc' dir='ltr'>ί</span> 
     </span>
    </p>
   </div>
   <div class='ocr_carea' id='block_1_74' title="bbox 1931 1515 3514 1598">
    <p class='ocr_par' dir='ltr' id='par_1_74' title="bbox 1931 1515 3514 1598">
     <span class='ocr_line' id='line_1_74' title="bbox 1931 1515 3514 1598; baseline 0.01 -31"><span class='ocrx_word' id='word_1_583' title='bbox 1931 1524 2048 1569; x_wconf 88' lang='lat' dir='ltr'><strong>erat</strong></span> <span class='ocrx_word' id='word_1_584' title='bbox 2074 1515 2209 1569; x_wconf 89' lang='lat' dir='ltr'><strong>alius</strong></span> <span class='ocrx_word' id='word_1_585' title='bbox 2235 1517 2467 1586; x_wconf 87' lang='lat' dir='ltr'><strong>piscator</strong></span> <span class='ocrx_word' id='word_1_586' title='bbox 2494 1517 2727 1575; x_wconf 85' lang='lat' dir='ltr'><strong>Joannes</strong></span> <span class='ocrx_word' id='word_1_587' title='bbox 2754 1533 2808 1575; x_wconf 88' lang='lat' dir='ltr'><strong>et</strong></span> <span class='ocrx_word' id='word_1_588' title='bbox 2842 1521 3070 1578; x_wconf 82' lang='lat' dir='ltr'><strong>Jacobus</strong></span> <span class='ocrx_word' id='word_1_589' title='bbox 3114 1523 3279 1580; x_wconf 81' lang='lat' dir='ltr'><strong>frater</strong></span> <span class='ocrx_word' id='word_1_590' title='bbox 3310 1527 3474 1598; x_wconf 89' lang='lat' dir='ltr'><strong>ipsius</strong></span> <span class='ocrx_word' id='word_1_591' title='bbox 3497 1570 3514 1595; x_wconf 95' lang='lat'><strong>,</strong></span> 
     </span>
    </p>
   </div>
   <div class='ocr_carea' id='block_1_75' title="bbox 1932 1602 3520 1688">
    <p class='ocr_par' dir='ltr' id='par_1_75' title="bbox 1932 1602 3520 1688">
     <span class='ocr_line' id='line_1_75' title="bbox 1932 1602 3520 1688; baseline 0.011 -30"><span class='ocrx_word' id='word_1_592' title='bbox 1932 1602 2056 1660; x_wconf 89' lang='lat' dir='ltr'><strong>inde</strong></span> <span class='ocrx_word' id='word_1_593' title='bbox 2079 1615 2193 1660; x_wconf 88' lang='lat' dir='ltr'><strong>erat</strong></span> <span class='ocrx_word' id='word_1_594' title='bbox 2221 1606 2384 1663; x_wconf 88' lang='lat' dir='ltr'><strong>etiam</strong></span> <span class='ocrx_word' id='word_1_595' title='bbox 2424 1609 2741 1678; x_wconf 90' lang='lat' dir='ltr'><strong>publicanus</strong></span> <span class='ocrx_word' id='word_1_596' title='bbox 2767 1611 3069 1668; x_wconf 72' lang='lat' dir='ltr'><strong>Matthzeus.</strong></span> <span class='ocrx_word' id='word_1_597' title='bbox 3093 1613 3170 1670; x_wconf 90' lang='lat' dir='ltr'><strong>De</strong></span> <span class='ocrx_word' id='word_1_598' title='bbox 3196 1620 3520 1688; x_wconf 84' lang='lat' dir='ltr'><strong>pauperibus</strong></span> 
     </span>
    </p>
   </div>
   <div class='ocr_carea' id='block_1_76' title="bbox 1931 1693 3521 1780">
    <p class='ocr_par' dir='ltr' id='par_1_76' title="bbox 1931 1693 3521 1780">
     <span class='ocr_line' id='line_1_76' title="bbox 1931 1693 3521 1780; baseline 0.011 -32"><span class='ocrx_word' id='word_1_599' title='bbox 1931 1693 2031 1764; x_wconf 87' lang='lat' dir='ltr'><strong>ipsi</strong></span> <span class='ocrx_word' id='word_1_600' title='bbox 2053 1706 2226 1763; x_wconf 83' lang='lat' dir='ltr'><strong>emat,</strong></span> <span class='ocrx_word' id='word_1_601' title='bbox 2251 1700 2338 1767; x_wconf 90' lang='lat' dir='ltr'><strong>qui</strong></span> <span class='ocrx_word' id='word_1_602' title='bbox 2365 1699 2714 1756; x_wconf 88' lang='lat' dir='ltr'><strong>comederunt</strong></span> <span class='ocrx_word' id='word_1_603' title='bbox 2733 1711 2786 1757; x_wconf 91' lang='lat' dir='ltr'><strong>et</strong></span> <span class='ocrx_word' id='word_1_604' title='bbox 2809 1705 3034 1759; x_wconf 88' lang='lat' dir='ltr'><strong>saturati</strong></span> <span class='ocrx_word' id='word_1_605' title='bbox 3057 1714 3202 1776; x_wconf 90' lang='lat' dir='ltr'><strong>sunt,</strong></span> <span class='ocrx_word' id='word_1_606' title='bbox 3229 1707 3350 1764; x_wconf 89' lang='lat' dir='ltr'><strong>talia</strong></span> <span class='ocrx_word' id='word_1_607' title='bbox 3377 1712 3521 1780; x_wconf 88' lang='lat' dir='ltr'><strong>passi</strong></span> 
     </span>
    </p>
   </div>
   <div class='ocr_carea' id='block_1_77' title="bbox 1930 1786 3522 1868">
    <p class='ocr_par' dir='ltr' id='par_1_77' title="bbox 1930 1786 3522 1868">
     <span class='ocr_line' id='line_1_77' title="bbox 1930 1786 3522 1868; baseline 0.011 -30"><span class='ocrx_word' id='word_1_608' title='bbox 1930 1786 2105 1855; x_wconf 91' lang='lat' dir='ltr'><strong>qualia</strong></span> <span class='ocrx_word' id='word_1_609' title='bbox 2135 1788 2607 1846; x_wconf 86' lang='lat' dir='ltr'><strong>manducaverunt.</strong></span> <span class='ocrx_word' id='word_1_610' title='bbox 2630 1789 2852 1847; x_wconf 60' lang='lat' dir='ltr'><strong>Canam</strong></span> <span class='ocrx_word' id='word_1_611' title='bbox 2891 1807 3043 1849; x_wconf 90' lang='lat' dir='ltr'><strong>suam</strong></span> <span class='ocrx_word' id='word_1_612' title='bbox 3090 1795 3268 1864; x_wconf 89' lang='lat' dir='ltr'><strong>dedit,</strong></span> <span class='ocrx_word' id='word_1_613' title='bbox 3310 1800 3522 1868; x_wconf 83' lang='lat' dir='ltr'><strong>passio-</strong></span> 
     </span>
    </p>
   </div>
   <div class='ocr_carea' id='block_1_78' title="bbox 1931 1879 3510 1956">
    <p class='ocr_par' dir='ltr' id='par_1_78' title="bbox 1931 1879 3510 1956">
     <span class='ocr_line' id='line_1_78' title="bbox 1931 1879 3510 1956; baseline 0.01 -24"><span class='ocrx_word' id='word_1_614' title='bbox 1931 1891 2054 1932; x_wconf 90' lang='lat' dir='ltr'><strong>nem</strong></span> <span class='ocrx_word' id='word_1_615' title='bbox 2083 1893 2232 1934; x_wconf 88' lang='lat' dir='ltr'><strong>suam</strong></span> <span class='ocrx_word' id='word_1_616' title='bbox 2261 1879 2408 1937; x_wconf 89' lang='lat' dir='ltr'><strong>dedit</strong></span> <span class='ocrx_word' id='word_1_617' title='bbox 2435 1900 2449 1936; x_wconf 90' lang='lat'><strong>:</strong></span> <span class='ocrx_word' id='word_1_618' title='bbox 2482 1883 2569 1939; x_wconf 89' lang='lat' dir='ltr'><strong>ille</strong></span> <span class='ocrx_word' id='word_1_619' title='bbox 2598 1894 2885 1950; x_wconf 87' lang='lat' dir='ltr'><strong>saturatur,</strong></span> <span class='ocrx_word' id='word_1_620' title='bbox 2914 1887 3002 1956; x_wconf 90' lang='lat' dir='ltr'><strong>qui</strong></span> <span class='ocrx_word' id='word_1_621' title='bbox 3026 1887 3280 1944; x_wconf 90' lang='lat' dir='ltr'><strong>imitatur.</strong></span> <span class='ocrx_word' id='word_1_622' title='bbox 3312 1890 3510 1948; x_wconf 89' lang='lat' dir='ltr'><strong>Imitati</strong></span> 
     </span>
    </p>
   </div>
   <div class='ocr_carea' id='block_1_79' title="bbox 1931 1972 3523 2047">
    <p class='ocr_par' dir='ltr' id='par_1_79' title="bbox 1931 1972 3523 2047">
     <span class='ocr_line' id='line_1_79' title="bbox 1931 1972 3523 2047; baseline 0.01 -24"><span class='ocrx_word' id='word_1_623' title='bbox 1931 1978 2056 2023; x_wconf 87' lang='lat' dir='ltr'><strong>sunt</strong></span> <span class='ocrx_word' id='word_1_624' title='bbox 2101 1985 2402 2040; x_wconf 90' lang='lat' dir='ltr'><strong>pauperes:</strong></span> <span class='ocrx_word' id='word_1_625' title='bbox 2432 1972 2532 2043; x_wconf 88' lang='lat' dir='ltr'><strong>ipsi</strong></span> <span class='ocrx_word' id='word_1_626' title='bbox 2575 1975 2717 2030; x_wconf 88' lang='lat' dir='ltr'><strong>enim</strong></span> <span class='ocrx_word' id='word_1_627' title='bbox 2760 1976 2839 2030; x_wconf 90' lang='lat' dir='ltr'><strong>sic</strong></span> <span class='ocrx_word' id='word_1_628' title='bbox 2879 1977 3019 2047; x_wconf 92' lang='lat' dir='ltr'><strong>passi</strong></span> <span class='ocrx_word' id='word_1_629' title='bbox 3050 1988 3208 2045; x_wconf 88' lang='lat' dir='ltr'><strong>sunt,</strong></span> <span class='ocrx_word' id='word_1_630' title='bbox 3239 1991 3296 2034; x_wconf 90' lang='lat' dir='ltr'><strong>ut</strong></span> <span class='ocrx_word' id='word_1_631' title='bbox 3319 1980 3523 2039; x_wconf 88' lang='lat' dir='ltr'><strong>Christi</strong></span> 
     </span>
    </p>
   </div>
   <div class='ocr_carea' id='block_1_80' title="bbox 1932 2059 3524 2142">
    <p class='ocr_par' dir='ltr' id='par_1_80' title="bbox 1932 2059 3524 2142">
     <span class='ocr_line' id='line_1_80' title="bbox 1932 2059 3524 2142; baseline 0.009 -29"><span class='ocrx_word' id='word_1_632' title='bbox 1932 2059 2149 2130; x_wconf 86' lang='lat' dir='ltr'><strong>vestigia</strong></span> <span class='ocrx_word' id='word_1_633' title='bbox 2179 2071 2549 2132; x_wconf 90' lang='lat' dir='ltr'><strong>sequerentur.</strong></span> <span class='ocrx_word' id='word_1_634' title='bbox 2586 2063 2749 2118; x_wconf 85' lang='lat' dir='ltr'><strong>Edent</strong></span> <span class='ocrx_word' id='word_1_635' title='bbox 2775 2082 3045 2137; x_wconf 82' lang='lat' dir='ltr'><strong>pauperes.</strong></span> <span class='ocrx_word' id='word_1_636' title='bbox 3069 2066 3174 2123; x_wconf 89' lang='lat' dir='ltr'><strong>Sed</strong></span> <span class='ocrx_word' id='word_1_637' title='bbox 3200 2085 3364 2139; x_wconf 90' lang='lat' dir='ltr'><strong>quare</strong></span> <span class='ocrx_word' id='word_1_638' title='bbox 3386 2087 3524 2142; x_wconf 88' lang='lat' dir='ltr'><strong>pau-</strong></span> 
     </span>
    </p>
   </div>
   <div class='ocr_carea' id='block_1_81' title="bbox 1932 2152 3522 2230">
    <p class='ocr_par' dir='ltr' id='par_1_81' title="bbox 1932 2152 3522 2230">
     <span class='ocr_line' id='line_1_81' title="bbox 1932 2152 3522 2230; baseline 0.008 -24"><span class='ocrx_word' id='word_1_639' title='bbox 1932 2153 2127 2222; x_wconf 80' lang='lat' dir='ltr'><strong>peros?</strong></span> <span class='ocrx_word' id='word_1_640' title='bbox 2148 2152 2213 2207; x_wconf 83' lang='lat' dir='ltr'><strong>Et</strong></span> <span class='ocrx_word' id='word_1_641' title='bbox 2239 2154 2523 2210; x_wconf 89' lang='lat' dir='ltr'><strong>laudabunt</strong></span> <span class='ocrx_word' id='word_1_642' title='bbox 2553 2155 2828 2211; x_wconf 87' lang='lat' dir='ltr'><strong>Dominum</strong></span> <span class='ocrx_word' id='word_1_643' title='bbox 2866 2159 2951 2228; x_wconf 86' lang='lat' dir='ltr'><strong>qui</strong></span> <span class='ocrx_word' id='word_1_644' title='bbox 2975 2160 3234 2230; x_wconf 87' lang='lat' dir='ltr'><strong>requirunt</strong></span> <span class='ocrx_word' id='word_1_645' title='bbox 3264 2177 3399 2216; x_wconf 86' lang='lat' dir='ltr'><strong>eum.</strong></span> <span class='ocrx_word' id='word_1_646' title='bbox 3429 2164 3522 2218; x_wconf 84' lang='lat' dir='ltr'><strong>Di-</strong></span> 
     </span>
    </p>
   </div>
   <div class='ocr_carea' id='block_1_82' title="bbox 1934 2245 3524 2322">
    <p class='ocr_par' dir='ltr' id='par_1_82' title="bbox 1934 2245 3524 2322">
     <span class='ocr_line' id='line_1_82' title="bbox 1934 2245 3524 2322; baseline 0.008 -24"><span class='ocrx_word' id='word_1_647' title='bbox 1934 2245 2069 2301; x_wconf 82' lang='lat' dir='ltr'><strong>vites</strong></span> <span class='ocrx_word' id='word_1_648' title='bbox 2095 2259 2153 2302; x_wconf 90' lang='lat' dir='ltr'><strong>se</strong></span> <span class='ocrx_word' id='word_1_649' title='bbox 2181 2245 2398 2302; x_wconf 90' lang='lat' dir='ltr'><strong>laudant</strong></span> <span class='ocrx_word' id='word_1_650' title='bbox 2417 2289 2433 2312; x_wconf 92' lang='lat'><strong>,</strong></span> <span class='ocrx_word' id='word_1_651' title='bbox 2462 2263 2728 2319; x_wconf 90' lang='lat' dir='ltr'><strong>pauperes</strong></span> <span class='ocrx_word' id='word_1_652' title='bbox 2757 2250 3036 2304; x_wconf 90' lang='lat' dir='ltr'><strong>Dominum</strong></span> <span class='ocrx_word' id='word_1_653' title='bbox 3077 2252 3311 2307; x_wconf 89' lang='lat' dir='ltr'><strong>laudant.</strong></span> <span class='ocrx_word' id='word_1_654' title='bbox 3343 2253 3524 2322; x_wconf 85' lang='lat' dir='ltr'><strong>Quare</strong></span> 
     </span>
    </p>
   </div>
   <div class='ocr_carea' id='block_1_83' title="bbox 1932 2338 3524 2410">
    <p class='ocr_par' dir='ltr' id='par_1_83' title="bbox 1932 2338 3524 2410">
     <span class='ocr_line' id='line_1_83' title="bbox 1932 2338 3524 2410; baseline 0.007 -19"><span class='ocrx_word' id='word_1_655' title='bbox 1932 2345 2056 2391; x_wconf 90' lang='lat' dir='ltr'><strong>sunt</strong></span> <span class='ocrx_word' id='word_1_656' title='bbox 2084 2338 2390 2408; x_wconf 77' lang='lat' dir='ltr'><strong>pauperes?</strong></span> <span class='ocrx_word' id='word_1_657' title='bbox 2413 2339 2548 2407; x_wconf 86' lang='lat' dir='ltr'><strong>Quia</strong></span> <span class='ocrx_word' id='word_1_658' title='bbox 2578 2339 2859 2396; x_wconf 85' lang='lat' dir='ltr'><strong>Dominum</strong></span> <span class='ocrx_word' id='word_1_659' title='bbox 2888 2341 3125 2410; x_wconf 89' lang='lat' dir='ltr'><strong>laudant,</strong></span> <span class='ocrx_word' id='word_1_660' title='bbox 3154 2351 3210 2398; x_wconf 89' lang='lat' dir='ltr'><strong>et</strong></span> <span class='ocrx_word' id='word_1_661' title='bbox 3235 2344 3524 2402; x_wconf 87' lang='lat' dir='ltr'><strong>Dominum</strong></span> 
     </span>
    </p>
   </div>
   <div class='ocr_carea' id='block_1_84' title="bbox 1932 2430 3523 2503">
    <p class='ocr_par' dir='ltr' id='par_1_84' title="bbox 1932 2430 3523 2503">
     <span class='ocr_line' id='line_1_84' title="bbox 1932 2430 3523 2503; baseline 0.006 -20"><span class='ocrx_word' id='word_1_662' title='bbox 1932 2438 2196 2500; x_wconf 66' lang='lat' dir='ltr'><strong>quarrunt.</strong></span> <span class='ocrx_word' id='word_1_663' title='bbox 2221 2430 2480 2486; x_wconf 90' lang='lat' dir='ltr'><strong>Dominus</strong></span> <span class='ocrx_word' id='word_1_664' title='bbox 2499 2441 2582 2486; x_wconf 86' lang='lat' dir='ltr'><strong>est</strong></span> <span class='ocrx_word' id='word_1_665' title='bbox 2613 2431 2815 2487; x_wconf 75' lang='lat' dir='ltr'><strong>divitia:</strong></span> <span class='ocrx_word' id='word_1_666' title='bbox 2844 2448 3172 2503; x_wconf 88' lang='lat' dir='ltr'><strong>pauperum:</strong></span> <span class='ocrx_word' id='word_1_667' title='bbox 3197 2434 3318 2491; x_wconf 90' lang='lat' dir='ltr'><strong>ideo</strong></span> <span class='ocrx_word' id='word_1_668' title='bbox 3348 2437 3523 2494; x_wconf 89' lang='lat' dir='ltr'><strong>inanis</strong></span> 
     </span>
    </p>
   </div>
   <div class='ocr_carea' id='block_1_85' title="bbox 1932 2521 3521 2596">
    <p class='ocr_par' dir='ltr' id='par_1_85' title="bbox 1932 2521 3521 2596">
     <span class='ocr_line' id='line_1_85' title="bbox 1932 2521 3521 2596; baseline 0.006 -20"><span class='ocrx_word' id='word_1_669' title='bbox 1932 2521 2249 2590; x_wconf 90' lang='lat' dir='ltr'><strong>estdomus,</strong></span> <span class='ocrx_word' id='word_1_670' title='bbox 2273 2532 2331 2576; x_wconf 89' lang='lat' dir='ltr'><strong>ut</strong></span> <span class='ocrx_word' id='word_1_671' title='bbox 2351 2537 2446 2577; x_wconf 93' lang='lat' dir='ltr'><strong>cor</strong></span> <span class='ocrx_word' id='word_1_672' title='bbox 2471 2523 2686 2594; x_wconf 90' lang='lat' dir='ltr'><strong>plenum</strong></span> <span class='ocrx_word' id='word_1_673' title='bbox 2711 2523 2909 2579; x_wconf 84' lang='lat' dir='ltr'><strong>divitiis</strong></span> <span class='ocrx_word' id='word_1_674' title='bbox 2930 2526 3019 2580; x_wconf 89' lang='lat' dir='ltr'><strong>sit.</strong></span> <span class='ocrx_word' id='word_1_675' title='bbox 3051 2526 3250 2582; x_wconf 88' lang='lat' dir='ltr'><strong>Divitcs</strong></span> <span class='ocrx_word' id='word_1_676' title='bbox 3277 2540 3521 2596; x_wconf 72' lang='lat' dir='ltr'><strong>qumraut</strong></span> 
     </span>
    </p>
   </div>
   <div class='ocr_carea' id='block_1_86' title="bbox 1933 2613 3523 2686">
    <p class='ocr_par' dir='ltr' id='par_1_86' title="bbox 1933 2613 3523 2686">
     <span class='ocr_line' id='line_1_86' title="bbox 1933 2613 3523 2686; baseline 0.006 -20"><span class='ocrx_word' id='word_1_677' title='bbox 1933 2613 2075 2668; x_wconf 88' lang='lat' dir='ltr'><strong>unde</strong></span> <span class='ocrx_word' id='word_1_678' title='bbox 2117 2629 2296 2669; x_wconf 88' lang='lat' dir='ltr'><strong>arcam</strong></span> <span class='ocrx_word' id='word_1_679' title='bbox 2327 2614 2620 2684; x_wconf 89' lang='lat' dir='ltr'><strong>impleant,</strong></span> <span class='ocrx_word' id='word_1_680' title='bbox 2662 2630 2929 2686; x_wconf 89' lang='lat' dir='ltr'><strong>pauperes</strong></span> <span class='ocrx_word' id='word_1_681' title='bbox 2957 2626 3203 2686; x_wconf 76' lang='lat' dir='ltr'><strong>qumrunt</strong></span> <span class='ocrx_word' id='word_1_682' title='bbox 3246 2619 3386 2673; x_wconf 90' lang='lat' dir='ltr'><strong>unde</strong></span> <span class='ocrx_word' id='word_1_683' title='bbox 3428 2636 3523 2675; x_wconf 85' lang='lat' dir='ltr'><strong>cor</strong></span> 
     </span>
    </p>
   </div>
   <div class='ocr_carea' id='block_1_87' title="bbox 1932 2704 3526 2781">
    <p class='ocr_par' dir='ltr' id='par_1_87' title="bbox 1932 2704 3526 2781">
     <span class='ocr_line' id='line_1_87' title="bbox 1932 2704 3526 2781; baseline 0.004 -23"><span class='ocrx_word' id='word_1_684' title='bbox 1932 2704 2191 2774; x_wconf 80' lang='lat' dir='ltr'><strong>impleant</strong></span> <span class='ocrx_word' id='word_1_685' title='bbox 2215 2726 2228 2762; x_wconf 90' lang='lat'><strong>:</strong></span> <span class='ocrx_word' id='word_1_686' title='bbox 2253 2713 2308 2759; x_wconf 91' lang='lat' dir='ltr'><strong>et</strong></span> <span class='ocrx_word' id='word_1_687' title='bbox 2335 2720 2457 2761; x_wconf 90' lang='lat' dir='ltr'><strong>cum</strong></span> <span class='ocrx_word' id='word_1_688' title='bbox 2487 2705 2850 2776; x_wconf 83' lang='lat' dir='ltr'><strong>impleverim,</strong></span> <span class='ocrx_word' id='word_1_689' title='bbox 2873 2707 3093 2762; x_wconf 89' lang='lat' dir='ltr'><strong>laudant</strong></span> <span class='ocrx_word' id='word_1_690' title='bbox 3122 2708 3405 2764; x_wconf 90' lang='lat' dir='ltr'><strong>Dominum</strong></span> <span class='ocrx_word' id='word_1_691' title='bbox 3430 2712 3526 2781; x_wconf 88' lang='lat' dir='ltr'><strong>qui</strong></span> 
     </span>
    </p>
   </div>
   <div class='ocr_carea' id='block_1_88' title="bbox 1932 2796 3524 2872">
    <p class='ocr_par' dir='ltr' id='par_1_88' title="bbox 1932 2796 3524 2872">
     <span class='ocr_line' id='line_1_88' title="bbox 1932 2796 3524 2872; baseline 0.003 -19"><span class='ocrx_word' id='word_1_692' title='bbox 1932 2796 2217 2867; x_wconf 88' lang='lat' dir='ltr'><strong>requirunt</strong></span> <span class='ocrx_word' id='word_1_693' title='bbox 2245 2812 2389 2853; x_wconf 90' lang='lat' dir='ltr'><strong>eum.</strong></span> <span class='ocrx_word' id='word_1_694' title='bbox 2424 2798 2488 2853; x_wconf 83' lang='lat' dir='ltr'><strong>Et</strong></span> <span class='ocrx_word' id='word_1_695' title='bbox 2513 2798 2712 2866; x_wconf 86' lang='lat' dir='ltr'><strong>videte,</strong></span> <span class='ocrx_word' id='word_1_696' title='bbox 2745 2800 2957 2868; x_wconf 81' lang='lat' dir='ltr'><strong>fratres,</strong></span> <span class='ocrx_word' id='word_1_697' title='bbox 2991 2801 3082 2871; x_wconf 90' lang='lat' dir='ltr'><strong>qui</strong></span> <span class='ocrx_word' id='word_1_698' title='bbox 3111 2815 3235 2856; x_wconf 81' lang='lat' dir='ltr'><strong>vere</strong></span> <span class='ocrx_word' id='word_1_699' title='bbox 3261 2816 3524 2872; x_wconf 87' lang='lat' dir='ltr'><strong>pauperes</strong></span> 
     </span>
    </p>
   </div>
   <div class='ocr_carea' id='block_1_89' title="bbox 1931 2888 3525 2961">
    <p class='ocr_par' dir='ltr' id='par_1_89' title="bbox 1931 2888 3525 2961">
     <span class='ocr_line' id='line_1_89' title="bbox 1931 2888 3525 2961; baseline 0.003 -19"><span class='ocrx_word' id='word_1_700' title='bbox 1931 2897 2076 2953; x_wconf 90' lang='lat' dir='ltr'><strong>sunt,</strong></span> <span class='ocrx_word' id='word_1_701' title='bbox 2105 2889 2256 2959; x_wconf 84' lang='lat' dir='ltr'><strong>cujus</strong></span> <span class='ocrx_word' id='word_1_702' title='bbox 2283 2889 2361 2944; x_wconf 91' lang='lat' dir='ltr'><strong>rei</strong></span> <span class='ocrx_word' id='word_1_703' title='bbox 2391 2888 2581 2944; x_wconf 90' lang='lat' dir='ltr'><strong>divites</strong></span> <span class='ocrx_word' id='word_1_704' title='bbox 2611 2890 2715 2944; x_wconf 90' lang='lat' dir='ltr'><strong>sint</strong></span> <span class='ocrx_word' id='word_1_705' title='bbox 2747 2909 2760 2946; x_wconf 91' lang='lat'><strong>:</strong></span> <span class='ocrx_word' id='word_1_706' title='bbox 2789 2892 2912 2961; x_wconf 90' lang='lat' dir='ltr'><strong>quia</strong></span> <span class='ocrx_word' id='word_1_707' title='bbox 2939 2907 3045 2944; x_wconf 91' lang='lat' dir='ltr'><strong>non</strong></span> <span class='ocrx_word' id='word_1_708' title='bbox 3077 2893 3128 2946; x_wconf 91' lang='lat' dir='ltr'><strong>in</strong></span> <span class='ocrx_word' id='word_1_709' title='bbox 3159 2907 3302 2958; x_wconf 91' lang='lat' dir='ltr'><strong>arca,</strong></span> <span class='ocrx_word' id='word_1_710' title='bbox 3336 2893 3525 2947; x_wconf 88' lang='lat' dir='ltr'><strong>nonin</strong></span> 
     </span>
    </p>
   </div>
   <div class='ocr_carea' id='block_1_90' title="bbox 1933 2979 3517 3052">
    <p class='ocr_par' dir='ltr' id='par_1_90' title="bbox 1933 2979 3517 3052">
     <span class='ocr_line' id='line_1_90' title="bbox 1933 2979 3517 3052; baseline 0.004 -18"><span class='ocrx_word' id='word_1_711' title='bbox 1933 2979 2146 3048; x_wconf 89' lang='lat' dir='ltr'><strong>horreo,</strong></span> <span class='ocrx_word' id='word_1_712' title='bbox 2172 2997 2276 3036; x_wconf 87' lang='lat' dir='ltr'><strong>non</strong></span> <span class='ocrx_word' id='word_1_713' title='bbox 2307 2981 2361 3036; x_wconf 89' lang='lat' dir='ltr'><strong>in</strong></span> <span class='ocrx_word' id='word_1_714' title='bbox 2385 2981 2666 3052; x_wconf 83' lang='lat' dir='ltr'><strong>apethcca,</strong></span> <span class='ocrx_word' id='word_1_715' title='bbox 2696 2981 2871 3038; x_wconf 82' lang='lat' dir='ltr'><strong>Vivent</strong></span> <span class='ocrx_word' id='word_1_716' title='bbox 2895 2985 3048 3039; x_wconf 86' lang='lat' dir='ltr'><strong>corda</strong></span> <span class='ocrx_word' id='word_1_717' title='bbox 3069 3000 3243 3038; x_wconf 88' lang='lat' dir='ltr'><strong>eorum</strong></span> <span class='ocrx_word' id='word_1_718' title='bbox 3270 2986 3322 3040; x_wconf 89' lang='lat' dir='ltr'><strong>in</strong></span> <span class='ocrx_word' id='word_1_719' title='bbox 3351 3001 3517 3041; x_wconf 65' lang='lat' dir='ltr'><strong>saeuo</strong></span> 
     </span>
    </p>
   </div>
   <div class='ocr_carea' id='block_1_91' title="bbox 1932 3071 2260 3128">
    <p class='ocr_par' dir='ltr' id='par_1_91' title="bbox 1932 3071 2260 3128">
     <span class='ocr_line' id='line_1_91' title="bbox 1932 3071 2260 3128; baseline 0.009 -3"><span class='ocrx_word' id='word_1_720' title='bbox 1932 3071 2039 3125; x_wconf 90' lang='lat' dir='ltr'><strong>lum</strong></span> <span class='ocrx_word' id='word_1_721' title='bbox 2069 3073 2260 3128; x_wconf 61' lang='lat' dir='ltr'><strong>saeculi.</strong></span> 
     </span>
    </p>
   </div>
   <div class='ocr_carea' id='block_1_92' title="bbox 1999 3162 3524 3234">
    <p class='ocr_par' dir='ltr' id='par_1_92' title="bbox 1999 3162 3524 3234">
     <span class='ocr_line' id='line_1_92' title="bbox 1999 3162 3524 3234; baseline 0.005 -18"><span class='ocrx_word' id='word_1_722' title='bbox 1999 3162 2089 3218; x_wconf 75' lang='lat'><strong>28.</strong></span> <span class='ocrx_word' id='word_1_723' title='bbox 2121 3162 2264 3234; x_wconf 80' lang='lat' dir='ltr'><strong>Ergo</strong></span> <span class='ocrx_word' id='word_1_724' title='bbox 2307 3162 2584 3219; x_wconf 88' lang='lat' dir='ltr'><strong>attendite.</strong></span> <span class='ocrx_word' id='word_1_725' title='bbox 2650 3165 2847 3220; x_wconf 86' lang='lat' dir='ltr'><strong>Passus</strong></span> <span class='ocrx_word' id='word_1_726' title='bbox 2889 3175 2972 3222; x_wconf 90' lang='lat' dir='ltr'><strong>est</strong></span> <span class='ocrx_word' id='word_1_727' title='bbox 3009 3166 3294 3232; x_wconf 88' lang='lat' dir='ltr'><strong>Dominus;</strong></span> <span class='ocrx_word' id='word_1_728' title='bbox 3343 3169 3524 3224; x_wconf 88' lang='lat' dir='ltr'><strong>omnia</strong></span> 
     </span>
    </p>
   </div>
   <div class='ocr_carea' id='block_1_93' title="bbox 1930 3254 3524 3328">
    <p class='ocr_par' dir='ltr' id='par_1_93' title="bbox 1930 3254 3524 3328">
     <span class='ocr_line' id='line_1_93' title="bbox 1930 3254 3524 3328; baseline 0.005 -21"><span class='ocrx_word' id='word_1_729' title='bbox 1930 3269 2049 3325; x_wconf 73' lang='lat' dir='ltr'><strong>qua:</strong></span> <span class='ocrx_word' id='word_1_730' title='bbox 2087 3254 2312 3309; x_wconf 67' lang='lat' dir='ltr'><strong>audistis</strong></span> <span class='ocrx_word' id='word_1_731' title='bbox 2357 3270 2544 3324; x_wconf 85' lang='lat' dir='ltr'><strong>passus</strong></span> <span class='ocrx_word' id='word_1_732' title='bbox 2587 3264 2671 3310; x_wconf 91' lang='lat' dir='ltr'><strong>est</strong></span> <span class='ocrx_word' id='word_1_733' title='bbox 2714 3255 2990 3311; x_wconf 88' lang='lat' dir='ltr'><strong>Dominus.</strong></span> <span class='ocrx_word' id='word_1_734' title='bbox 3021 3257 3321 3324; x_wconf 68' lang='lat' dir='ltr'><strong>Quaerimus</strong></span> <span class='ocrx_word' id='word_1_735' title='bbox 3357 3273 3524 3328; x_wconf 88' lang='lat' dir='ltr'><strong>quare</strong></span> 
     </span>
    </p>
   </div>
   <div class='ocr_carea' id='block_1_94' title="bbox 1932 3348 3523 3420">
    <p class='ocr_par' dir='ltr' id='par_1_94' title="bbox 1932 3348 3523 3420">
     <span class='ocr_line' id='line_1_94' title="bbox 1932 3348 3523 3420; baseline 0.003 -20"><span class='ocrx_word' id='word_1_736' title='bbox 1932 3362 2118 3419; x_wconf 87' lang='lat' dir='ltr'><strong>passus</strong></span> <span class='ocrx_word' id='word_1_737' title='bbox 2143 3357 2258 3413; x_wconf 90' lang='lat' dir='ltr'><strong>est,</strong></span> <span class='ocrx_word' id='word_1_738' title='bbox 2305 3356 2362 3403; x_wconf 89' lang='lat' dir='ltr'><strong>et</strong></span> <span class='ocrx_word' id='word_1_739' title='bbox 2404 3349 2568 3420; x_wconf 80' lang='lat' dir='ltr'><strong>coepit</strong></span> <span class='ocrx_word' id='word_1_740' title='bbox 2606 3364 2866 3405; x_wconf 88' lang='lat' dir='ltr'><strong>narrare:</strong></span> <span class='ocrx_word' id='word_1_741' title='bbox 2903 3348 3140 3404; x_wconf 78' lang='lat' dir='ltr'><strong>Narrabo</strong></span> <span class='ocrx_word' id='word_1_742' title='bbox 3167 3367 3349 3405; x_wconf 83' lang='lat' dir='ltr'><strong>nomen</strong></span> <span class='ocrx_word' id='word_1_743' title='bbox 3380 3363 3523 3405; x_wconf 88' lang='lat' dir='ltr'><strong>tuum</strong></span> 
     </span>
    </p>
   </div>
   <div class='ocr_carea' id='block_1_95' title="bbox 1931 3439 3522 3511">
    <p class='ocr_par' dir='ltr' id='par_1_95' title="bbox 1931 3439 3522 3511">
     <span class='ocr_line' id='line_1_95' title="bbox 1931 3439 3522 3511; baseline 0.004 -19"><span class='ocrx_word' id='word_1_744' title='bbox 1931 3439 2174 3511; x_wconf 83' lang='lat' dir='ltr'><strong>fratribus</strong></span> <span class='ocrx_word' id='word_1_745' title='bbox 2194 3440 2336 3505; x_wconf 85' lang='lat' dir='ltr'><strong>meis,</strong></span> <span class='ocrx_word' id='word_1_746' title='bbox 2359 3439 2412 3494; x_wconf 89' lang='lat' dir='ltr'><strong>in</strong></span> <span class='ocrx_word' id='word_1_747' title='bbox 2439 3441 2603 3494; x_wconf 85' lang='lat' dir='ltr'><strong>medio</strong></span> <span class='ocrx_word' id='word_1_748' title='bbox 2625 3439 2867 3495; x_wconf 68' lang='lat' dir='ltr'><strong>Ecclesia:</strong></span> <span class='ocrx_word' id='word_1_749' title='bbox 2885 3441 3100 3496; x_wconf 84' lang='lat' dir='ltr'><strong>cantabo</strong></span> <span class='ocrx_word' id='word_1_750' title='bbox 3129 3451 3194 3495; x_wconf 87' lang='lat' dir='ltr'><strong>te.</strong></span> <span class='ocrx_word' id='word_1_751' title='bbox 3220 3440 3326 3497; x_wconf 88' lang='lat' dir='ltr'><strong>Sed</strong></span> <span class='ocrx_word' id='word_1_752' title='bbox 3347 3442 3522 3498; x_wconf 89' lang='lat' dir='ltr'><strong>adhuc</strong></span> 
     </span>
    </p>
   </div>
   <div class='ocr_carea' id='block_1_96' title="bbox 1929 3529 3522 3590">
    <p class='ocr_par' dir='ltr' id='par_1_96' title="bbox 1929 3529 3522 3590">
     <span class='ocr_line' id='line_1_96' title="bbox 1929 3529 3522 3590; baseline 0.002 -5"><span class='ocrx_word' id='word_1_753' title='bbox 1929 3529 2147 3590; x_wconf 87' lang='lat' dir='ltr'><strong>dicunt.</strong></span> <span class='ocrx_word' id='word_1_754' title='bbox 2183 3531 2288 3585; x_wconf 89' lang='lat' dir='ltr'><strong>Ista</strong></span> <span class='ocrx_word' id='word_1_755' title='bbox 2330 3541 2412 3585; x_wconf 87' lang='lat' dir='ltr'><strong>est</strong></span> <span class='ocrx_word' id='word_1_756' title='bbox 2461 3531 2718 3587; x_wconf 78' lang='lat' dir='ltr'><strong>Ecclesia.</strong></span> <span class='ocrx_word' id='word_1_757' title='bbox 2766 3529 2960 3585; x_wconf 83' lang='lat' dir='ltr'><strong>Timent</strong></span> <span class='ocrx_word' id='word_1_758' title='bbox 3003 3548 3118 3586; x_wconf 89' lang='lat' dir='ltr'><strong>eum</strong></span> <span class='ocrx_word' id='word_1_759' title='bbox 3166 3549 3312 3587; x_wconf 89' lang='lat' dir='ltr'><strong>onme</strong></span> <span class='ocrx_word' id='word_1_760' title='bbox 3353 3550 3522 3588; x_wconf 86' lang='lat' dir='ltr'><strong>semen</strong></span> 
     </span>
    </p>
   </div>
   <div class='ocr_carea' id='block_1_97' title="bbox 1929 3619 3522 3689">
    <p class='ocr_par' dir='ltr' id='par_1_97' title="bbox 1929 3619 3522 3689">
     <span class='ocr_line' id='line_1_97' title="bbox 1929 3619 3522 3689; baseline 0.001 -14"><span class='ocrx_word' id='word_1_761' title='bbox 1929 3619 2116 3676; x_wconf 83' lang='lat' dir='ltr'><strong>Israel.</strong></span> <span class='ocrx_word' id='word_1_762' title='bbox 2142 3621 2354 3688; x_wconf 90' lang='lat' dir='ltr'><strong>Dicunt,</strong></span> <span class='ocrx_word' id='word_1_763' title='bbox 2387 3620 2494 3677; x_wconf 84' lang='lat' dir='ltr'><strong>Nos</strong></span> <span class='ocrx_word' id='word_1_764' title='bbox 2513 3635 2699 3676; x_wconf 83' lang='lat' dir='ltr'><strong>sumus</strong></span> <span class='ocrx_word' id='word_1_765' title='bbox 2724 3637 2908 3678; x_wconf 87' lang='lat' dir='ltr'><strong>semen</strong></span> <span class='ocrx_word' id='word_1_766' title='bbox 2935 3621 3117 3677; x_wconf 91' lang='lat' dir='ltr'><strong>Israel.</strong></span> <span class='ocrx_word' id='word_1_767' title='bbox 3141 3622 3394 3689; x_wconf 84' lang='lat' dir='ltr'><strong>Quoniam</strong></span> <span class='ocrx_word' id='word_1_768' title='bbox 3421 3639 3522 3677; x_wconf 87' lang='lat' dir='ltr'><strong>non</strong></span> 
     </span>
    </p>
   </div>
   <div class='ocr_carea' id='block_1_98' title="bbox 1929 3711 3510 3783">
    <p class='ocr_par' dir='ltr' id='par_1_98' title="bbox 1929 3711 3510 3783">
     <span class='ocr_line' id='line_1_98' title="bbox 1929 3711 3510 3783; baseline 0.003 -19"><span class='ocrx_word' id='word_1_769' title='bbox 1929 3712 2112 3782; x_wconf 85' lang='lat' dir='ltr'><strong>sprevit</strong></span> <span class='ocrx_word' id='word_1_770' title='bbox 2158 3727 2316 3782; x_wconf 87' lang='lat' dir='ltr'><strong>neque</strong></span> <span class='ocrx_word' id='word_1_771' title='bbox 2356 3711 2584 3782; x_wconf 75' lang='lat' dir='ltr'><strong>despexit</strong></span> <span class='ocrx_word' id='word_1_772' title='bbox 2626 3729 2821 3781; x_wconf 77' lang='lat' dir='ltr'><strong>precem</strong></span> <span class='ocrx_word' id='word_1_773' title='bbox 2872 3714 3126 3783; x_wconf 83' lang='lat' dir='ltr'><strong>pauperis.</strong></span> <span class='ocrx_word' id='word_1_774' title='bbox 3188 3713 3377 3768; x_wconf 80' lang='lat' dir='ltr'><strong>Adhuc</strong></span> <span class='ocrx_word' id='word_1_775' title='bbox 3424 3713 3510 3768; x_wconf 89' lang='lat' dir='ltr'><strong>di-</strong></span> 
     </span>
    </p>
   </div>
   <div class='ocr_carea' id='block_1_99' title="bbox 1929 3799 3517 3874">
    <p class='ocr_par' dir='ltr' id='par_1_99' title="bbox 1929 3799 3517 3874">
     <span class='ocr_line' id='line_1_99' title="bbox 1929 3799 3517 3874; baseline 0.003 -20"><span class='ocrx_word' id='word_1_776' title='bbox 1929 3810 2075 3867; x_wconf 89' lang='lat' dir='ltr'><strong>cunt,</strong></span> <span class='ocrx_word' id='word_1_777' title='bbox 2115 3799 2224 3857; x_wconf 87' lang='lat' dir='ltr'><strong>Nos</strong></span> <span class='ocrx_word' id='word_1_778' title='bbox 2263 3817 2468 3857; x_wconf 88' lang='lat' dir='ltr'><strong>sumus.</strong></span> <span class='ocrx_word' id='word_1_779' title='bbox 2500 3800 2676 3873; x_wconf 80' lang='lat' dir='ltr'><strong>Neque</strong></span> <span class='ocrx_word' id='word_1_780' title='bbox 2715 3805 2895 3857; x_wconf 86' lang='lat' dir='ltr'><strong>avertit</strong></span> <span class='ocrx_word' id='word_1_781' title='bbox 2926 3805 3108 3874; x_wconf 78' lang='lat' dir='ltr'><strong>{aciem</strong></span> <span class='ocrx_word' id='word_1_782' title='bbox 3149 3819 3296 3857; x_wconf 87' lang='lat' dir='ltr'><strong>suam</strong></span> <span class='ocrx_word' id='word_1_783' title='bbox 3337 3821 3368 3857; x_wconf 90' lang='lat' dir='ltr'><strong>a</strong></span> <span class='ocrx_word' id='word_1_784' title='bbox 3398 3821 3517 3858; x_wconf 86' lang='lat' dir='ltr'><strong>me:</strong></span> 
     </span>
    </p>
   </div>
   <div class='ocr_carea' id='block_1_100' title="bbox 1932 3890 3515 3963">
    <p class='ocr_par' dir='ltr' id='par_1_100' title="bbox 1932 3890 3515 3963">
     <span class='ocr_line' id='line_1_100' title="bbox 1932 3890 3515 3963; baseline 0.002 -16"><span class='ocrx_word' id='word_1_785' title='bbox 1932 3892 2046 3963; x_wconf 88' lang='lat' dir='ltr'><strong>ipse</strong></span> <span class='ocrx_word' id='word_1_786' title='bbox 2069 3890 2310 3948; x_wconf 82' lang='lat' dir='ltr'><strong>Christus</strong></span> <span class='ocrx_word' id='word_1_787' title='bbox 2339 3893 2596 3949; x_wconf 90' lang='lat' dir='ltr'><strong>Dominus</strong></span> <span class='ocrx_word' id='word_1_788' title='bbox 2638 3910 2669 3948; x_wconf 89' lang='lat' dir='ltr'><strong>a</strong></span> <span class='ocrx_word' id='word_1_789' title='bbox 2709 3909 2788 3960; x_wconf 90' lang='lat' dir='ltr'><strong>se,</strong></span> <span class='ocrx_word' id='word_1_790' title='bbox 2818 3894 2869 3949; x_wconf 87' lang='lat' dir='ltr'><strong>id</strong></span> <span class='ocrx_word' id='word_1_791' title='bbox 2901 3904 2984 3949; x_wconf 86' lang='lat' dir='ltr'><strong>est</strong></span> <span class='ocrx_word' id='word_1_792' title='bbox 3023 3894 3090 3949; x_wconf 84' lang='lat' dir='ltr'><strong>ab</strong></span> <span class='ocrx_word' id='word_1_793' title='bbox 3117 3895 3355 3950; x_wconf 84' lang='lat' dir='ltr'><strong>Ecclesia</strong></span> <span class='ocrx_word' id='word_1_794' title='bbox 3396 3911 3515 3961; x_wconf 86' lang='lat' dir='ltr'><strong>sua,</strong></span> 
     </span>
    </p>
   </div>
   <div class='ocr_carea' id='block_1_101' title="bbox 1930 3983 3516 4054">
    <p class='ocr_par' dir='ltr' id='par_1_101' title="bbox 1930 3983 3516 4054">
     <span class='ocr_line' id='line_1_101' title="bbox 1930 3983 3516 4054; baseline 0.001 -18"><span class='ocrx_word' id='word_1_795' title='bbox 1930 3999 2049 4054; x_wconf 73' lang='lat' dir='ltr'><strong>quae</strong></span> <span class='ocrx_word' id='word_1_796' title='bbox 2077 3991 2160 4039; x_wconf 88' lang='lat' dir='ltr'><strong>est</strong></span> <span class='ocrx_word' id='word_1_797' title='bbox 2187 3998 2380 4054; x_wconf 91' lang='lat' dir='ltr'><strong>corpus</strong></span> <span class='ocrx_word' id='word_1_798' title='bbox 2425 3985 2610 4053; x_wconf 89' lang='lat' dir='ltr'><strong>ipsius.</strong></span> <span class='ocrx_word' id='word_1_799' title='bbox 2657 3983 2810 4053; x_wconf 82' lang='lat' dir='ltr'><strong>Apud</strong></span> <span class='ocrx_word' id='word_1_800' title='bbox 2851 3995 2897 4039; x_wconf 88' lang='lat' dir='ltr'><strong>te</strong></span> <span class='ocrx_word' id='word_1_801' title='bbox 2937 3985 3048 4038; x_wconf 85' lang='lat' dir='ltr'><strong>laus</strong></span> <span class='ocrx_word' id='word_1_802' title='bbox 3075 4001 3201 4036; x_wconf 81' lang='lat' dir='ltr'><strong>mea.</strong></span> <span class='ocrx_word' id='word_1_803' title='bbox 3236 3983 3344 4038; x_wconf 78' lang='lat' dir='ltr'><strong>Vos</strong></span> <span class='ocrx_word' id='word_1_804' title='bbox 3369 3983 3516 4054; x_wconf 91' lang='lat' dir='ltr'><strong>ipsos</strong></span> 
     </span>
    </p>
   </div>
   <div class='ocr_carea' id='block_1_102' title="bbox 1933 4072 3514 4144">
    <p class='ocr_par' dir='ltr' id='par_1_102' title="bbox 1933 4072 3514 4144">
     <span class='ocr_line' id='line_1_102' title="bbox 1933 4072 3514 4144; baseline 0 -16"><span class='ocrx_word' id='word_1_805' title='bbox 1933 4073 2094 4128; x_wconf 80' lang='lat' dir='ltr'><strong>vultis</strong></span> <span class='ocrx_word' id='word_1_806' title='bbox 2122 4073 2359 4128; x_wconf 87' lang='lat' dir='ltr'><strong>laudare.</strong></span> <span class='ocrx_word' id='word_1_807' title='bbox 2383 4072 2488 4128; x_wconf 86' lang='lat' dir='ltr'><strong>Sed</strong></span> <span class='ocrx_word' id='word_1_808' title='bbox 2519 4072 2864 4144; x_wconf 82' lang='lat' dir='ltr'><strong>respondent,</strong></span> <span class='ocrx_word' id='word_1_809' title='bbox 2893 4075 3117 4129; x_wconf 88' lang='lat' dir='ltr'><strong>Prorsus</strong></span> <span class='ocrx_word' id='word_1_810' title='bbox 3135 4083 3192 4128; x_wconf 90' lang='lat' dir='ltr'><strong>et</strong></span> <span class='ocrx_word' id='word_1_811' title='bbox 3220 4088 3318 4128; x_wconf 86' lang='lat' dir='ltr'><strong>nos</strong></span> <span class='ocrx_word' id='word_1_812' title='bbox 3340 4073 3514 4142; x_wconf 90' lang='lat' dir='ltr'><strong>ipsum</strong></span> 
     </span>
    </p>
   </div>
   <div class='ocr_carea' id='block_1_103' title="bbox 1932 4162 3522 4219">
    <p class='ocr_par' dir='ltr' id='par_1_103' title="bbox 1932 4162 3522 4219">
     <span class='ocr_line' id='line_1_103' title="bbox 1932 4162 3522 4219; baseline 0 -1"><span class='ocrx_word' id='word_1_813' title='bbox 1932 4163 2228 4219; x_wconf 86' lang='lat' dir='ltr'><strong>laudamus.</strong></span> <span class='ocrx_word' id='word_1_814' title='bbox 2269 4163 2395 4218; x_wconf 85' lang='lat' dir='ltr'><strong>Vota</strong></span> <span class='ocrx_word' id='word_1_815' title='bbox 2424 4180 2534 4218; x_wconf 90' lang='lat' dir='ltr'><strong>mea</strong></span> <span class='ocrx_word' id='word_1_816' title='bbox 2561 4162 2779 4218; x_wconf 87' lang='lat' dir='ltr'><strong>Domino</strong></span> <span class='ocrx_word' id='word_1_817' title='bbox 2807 4163 3013 4218; x_wconf 84' lang='lat' dir='ltr'><strong>reddam</strong></span> <span class='ocrx_word' id='word_1_818' title='bbox 3039 4180 3208 4216; x_wconf 88' lang='lat' dir='ltr'><strong>coram</strong></span> <span class='ocrx_word' id='word_1_819' title='bbox 3235 4163 3522 4218; x_wconf 87' lang='lat' dir='ltr'><strong>timentibus</strong></span> 
     </span>
    </p>
   </div>
   <div class='ocr_carea' id='block_1_104' title="bbox 1934 4255 3521 4328">
    <p class='ocr_par' dir='ltr' id='par_1_104' title="bbox 1934 4255 3521 4328">
     <span class='ocr_line' id='line_1_104' title="bbox 1934 4255 3521 4328; baseline -0.001 -16"><span class='ocrx_word' id='word_1_820' title='bbox 1934 4273 2068 4312; x_wconf 88' lang='lat' dir='ltr'><strong>eum.</strong></span> <span class='ocrx_word' id='word_1_821' title='bbox 2097 4255 2426 4313; x_wconf 85' lang='lat' dir='ltr'><strong>Sacrificium</strong></span> <span class='ocrx_word' id='word_1_822' title='bbox 2462 4257 2640 4328; x_wconf 86' lang='lat' dir='ltr'><strong>pacis,</strong></span> <span class='ocrx_word' id='word_1_823' title='bbox 2671 4257 2986 4312; x_wconf 85' lang='lat' dir='ltr'><strong>sacrificium</strong></span> <span class='ocrx_word' id='word_1_824' title='bbox 3017 4256 3288 4311; x_wconf 82' lang='lat' dir='ltr'><strong>eharitatis</strong></span> <span class='ocrx_word' id='word_1_825' title='bbox 3307 4298 3322 4321; x_wconf 92' lang='lat'><strong>,</strong></span> <span class='ocrx_word' id='word_1_826' title='bbox 3351 4257 3521 4310; x_wconf 84' lang='lat' dir='ltr'><strong>sacri-</strong></span> 
     </span>
    </p>
   </div>
   <div class='ocr_carea' id='block_1_105' title="bbox 1935 4346 3522 4420">
    <p class='ocr_par' dir='ltr' id='par_1_105' title="bbox 1935 4346 3522 4420">
     <span class='ocr_line' id='line_1_105' title="bbox 1935 4346 3522 4420; baseline 0 -16"><span class='ocrx_word' id='word_1_827' title='bbox 1935 4348 2112 4404; x_wconf 85' lang='lat' dir='ltr'><strong>ﬁcium</strong></span> <span class='ocrx_word' id='word_1_828' title='bbox 2155 4349 2399 4420; x_wconf 89' lang='lat' dir='ltr'><strong>corporis</strong></span> <span class='ocrx_word' id='word_1_829' title='bbox 2447 4350 2530 4404; x_wconf 90' lang='lat' dir='ltr'><strong>sui</strong></span> <span class='ocrx_word' id='word_1_830' title='bbox 2580 4357 2779 4404; x_wconf 90' lang='lat' dir='ltr'><strong>norunt</strong></span> <span class='ocrx_word' id='word_1_831' title='bbox 2823 4347 3008 4405; x_wconf 80' lang='lat' dir='ltr'><strong>ﬁdeles</strong></span> <span class='ocrx_word' id='word_1_832' title='bbox 3039 4365 3053 4401; x_wconf 89' lang='lat'><strong>:</strong></span> <span class='ocrx_word' id='word_1_833' title='bbox 3085 4348 3344 4419; x_wconf 82' lang='lat' dir='ltr'><strong>disputari</strong></span> <span class='ocrx_word' id='word_1_834' title='bbox 3376 4346 3522 4404; x_wconf 87' lang='lat' dir='ltr'><strong>inde</strong></span> 
     </span>
    </p>
   </div>
   <div class='ocr_carea' id='block_1_106' title="bbox 1935 4440 3515 4512">
    <p class='ocr_par' dir='ltr' id='par_1_106' title="bbox 1935 4440 3515 4512">
     <span class='ocr_line' id='line_1_106' title="bbox 1935 4440 3515 4512; baseline -0.001 -15"><span class='ocrx_word' id='word_1_835' title='bbox 1935 4442 2095 4498; x_wconf 86' lang='lat' dir='ltr'><strong>modo</strong></span> <span class='ocrx_word' id='word_1_836' title='bbox 2120 4457 2226 4497; x_wconf 92' lang='lat' dir='ltr'><strong>non</strong></span> <span class='ocrx_word' id='word_1_837' title='bbox 2257 4451 2449 4512; x_wconf 89' lang='lat' dir='ltr'><strong>potest.</strong></span> <span class='ocrx_word' id='word_1_838' title='bbox 2485 4440 2615 4496; x_wconf 87' lang='lat' dir='ltr'><strong>Vota</strong></span> <span class='ocrx_word' id='word_1_839' title='bbox 2639 4458 2748 4495; x_wconf 88' lang='lat' dir='ltr'><strong>mea</strong></span> <span class='ocrx_word' id='word_1_840' title='bbox 2775 4442 2985 4497; x_wconf 88' lang='lat' dir='ltr'><strong>reddam</strong></span> <span class='ocrx_word' id='word_1_841' title='bbox 3013 4457 3186 4496; x_wconf 84' lang='lat' dir='ltr'><strong>coram</strong></span> <span class='ocrx_word' id='word_1_842' title='bbox 3227 4441 3515 4496; x_wconf 87' lang='lat' dir='ltr'><strong>timentibus</strong></span> 
     </span>
    </p>
   </div>
   <div class='ocr_carea' id='block_1_107' title="bbox 1937 4535 3579 4606">
    <p class='ocr_par' dir='ltr' id='par_1_107' title="bbox 1937 4535 3579 4606">
     <span class='ocr_line' id='line_1_107' title="bbox 1937 4535 3579 4606; baseline -0.002 -15"><span class='ocrx_word' id='word_1_843' title='bbox 1937 4552 2068 4591; x_wconf 87' lang='lat' dir='ltr'><strong>cum.</strong></span> <span class='ocrx_word' id='word_1_844' title='bbox 2101 4535 2273 4591; x_wconf 84' lang='lat' dir='ltr'><strong>Edaut</strong></span> <span class='ocrx_word' id='word_1_845' title='bbox 2296 4537 2594 4606; x_wconf 78' lang='lat' dir='ltr'><strong>publicani,</strong></span> <span class='ocrx_word' id='word_1_846' title='bbox 2625 4535 2785 4591; x_wconf 90' lang='lat' dir='ltr'><strong>edant</strong></span> <span class='ocrx_word' id='word_1_847' title='bbox 2812 4536 3102 4606; x_wconf 87' lang='lat' dir='ltr'><strong>piscatores</strong></span> <span class='ocrx_word' id='word_1_848' title='bbox 3121 4577 3134 4599; x_wconf 95' lang='lat'><strong>,</strong></span> <span class='ocrx_word' id='word_1_849' title='bbox 3167 4535 3521 4602; x_wconf 84' lang='lat' dir='ltr'><strong>manducent,</strong></span> <span class='ocrx_word' id='word_1_850' title='bbox 3572 4557 3579 4570; x_wconf 91' lang='grc'><strong><em>·-</em></strong></span> 
     </span>
    </p>
   </div>
   <div class='ocr_carea' id='block_1_108' title="bbox 1936 4618 3561 4698">
    <p class='ocr_par' dir='ltr' id='par_1_108' title="bbox 1936 4618 3561 4698">
     <span class='ocr_line' id='line_1_108' title="bbox 1936 4618 3561 4698; baseline -0.002 -14"><span class='ocrx_word' id='word_1_851' title='bbox 1936 4630 2209 4684; x_wconf 90' lang='lat' dir='ltr'><strong>imitentur</strong></span> <span class='ocrx_word' id='word_1_852' title='bbox 2234 4628 2518 4685; x_wconf 90' lang='lat' dir='ltr'><strong>Dominum</strong></span> <span class='ocrx_word' id='word_1_853' title='bbox 2539 4671 2552 4696; x_wconf 94' lang='lat'><strong>,</strong></span> <span class='ocrx_word' id='word_1_854' title='bbox 2590 4629 2888 4698; x_wconf 89' lang='lat' dir='ltr'><strong>patiantur,</strong></span> <span class='ocrx_word' id='word_1_855' title='bbox 2919 4637 3248 4683; x_wconf 87' lang='lat' dir='ltr'><strong>saturentur.</strong></span> <span class='ocrx_word' id='word_1_856' title='bbox 3275 4626 3516 4681; x_wconf 84' lang='lat' dir='ltr'><strong>Mortuus</strong></span> <span class='ocrx_word' id='word_1_857' title='bbox 3559 4618 3561 4622; x_wconf 70' lang='grc'><em>’</em></span> 
     </span>
    </p>
   </div>
   <div class='ocr_carea' id='block_1_109' title="bbox 1936 4705 3560 4792">
    <p class='ocr_par' dir='ltr' id='par_1_109' title="bbox 1936 4705 3560 4792">
     <span class='ocr_line' id='line_1_109' title="bbox 1936 4705 3560 4792; baseline -0.004 -14"><span class='ocrx_word' id='word_1_858' title='bbox 1936 4731 2018 4778; x_wconf 87' lang='lat' dir='ltr'><strong>est</strong></span> <span class='ocrx_word' id='word_1_859' title='bbox 2047 4721 2158 4792; x_wconf 87' lang='lat' dir='ltr'><strong>ipse</strong></span> <span class='ocrx_word' id='word_1_860' title='bbox 2189 4721 2463 4788; x_wconf 88' lang='lat' dir='ltr'><strong>Dominus,</strong></span> <span class='ocrx_word' id='word_1_861' title='bbox 2489 4721 2789 4776; x_wconf 88' lang='lat' dir='ltr'><strong>moriuntur</strong></span> <span class='ocrx_word' id='word_1_862' title='bbox 2812 4729 2867 4775; x_wconf 89' lang='lat' dir='ltr'><strong>et</strong></span> <span class='ocrx_word' id='word_1_863' title='bbox 2897 4733 3158 4790; x_wconf 86' lang='lat' dir='ltr'><strong>pauperes</strong></span> <span class='ocrx_word' id='word_1_864' title='bbox 3183 4735 3196 4770; x_wconf 91' lang='lat'><strong>:</strong></span> <span class='ocrx_word' id='word_1_865' title='bbox 3229 4718 3443 4772; x_wconf 88' lang='lat' dir='ltr'><strong>additur</strong></span> <span class='ocrx_word' id='word_1_866' title='bbox 3467 4726 3524 4773; x_wconf 89' lang='lat' dir='ltr'><strong>et</strong></span> <span class='ocrx_word' id='word_1_867' title='bbox 3542 4705 3560 4765; x_wconf 72' lang='grc' dir='ltr'><strong>ι’</strong></span> 
     </span>
    </p>
   </div>
   <div class='ocr_carea' id='block_1_110' title="bbox 1935 4801 3553 4885">
    <p class='ocr_par' dir='ltr' id='par_1_110' title="bbox 1935 4801 3553 4885">
     <span class='ocr_line' id='line_1_110' title="bbox 1935 4801 3553 4885; baseline -0.004 -14"><span class='ocrx_word' id='word_1_868' title='bbox 1935 4830 2082 4871; x_wconf 86' lang='lat' dir='ltr'><strong>mors</strong></span> <span class='ocrx_word' id='word_1_869' title='bbox 2118 4814 2496 4885; x_wconf 90' lang='lat' dir='ltr'><strong>discipulorum</strong></span> <span class='ocrx_word' id='word_1_870' title='bbox 2539 4813 2697 4869; x_wconf 89' lang='lat' dir='ltr'><strong>morti</strong></span> <span class='ocrx_word' id='word_1_871' title='bbox 2746 4812 3004 4883; x_wconf 87' lang='lat' dir='ltr'><strong>magistri.</strong></span> <span class='ocrx_word' id='word_1_872' title='bbox 3041 4811 3258 4878; x_wconf 86' lang='lat' dir='ltr'><strong>Quare?</strong></span> <span class='ocrx_word' id='word_1_873' title='bbox 3286 4811 3359 4865; x_wconf 90' lang='lat' dir='ltr'><strong>Da</strong></span> <span class='ocrx_word' id='word_1_874' title='bbox 3389 4801 3553 4865; x_wconf 51' lang='lat' dir='ltr'><strong>mihi}</strong></span> 
     </span>
    </p>
   </div>
   <div class='ocr_carea' id='block_1_111' title="bbox 1935 4902 3554 4974">
    <p class='ocr_par' dir='ltr' id='par_1_111' title="bbox 1935 4902 3554 4974">
     <span class='ocr_line' id='line_1_111' title="bbox 1935 4902 3554 4974; baseline -0.005 -11"><span class='ocrx_word' id='word_1_875' title='bbox 1935 4907 2184 4963; x_wconf 78' lang='lat' dir='ltr'><strong>fruetum.</strong></span> <span class='ocrx_word' id='word_1_876' title='bbox 2207 4905 2762 4974; x_wconf 74' lang='lat' dir='ltr'><strong>(Iommemorabuntur,</strong></span> <span class='ocrx_word' id='word_1_877' title='bbox 2793 4913 2839 4958; x_wconf 86' lang='lat' dir='ltr'><strong>et</strong></span> <span class='ocrx_word' id='word_1_878' title='bbox 2877 4912 3223 4959; x_wconf 84' lang='lat' dir='ltr'><strong>convertentur</strong></span> <span class='ocrx_word' id='word_1_879' title='bbox 3245 4903 3314 4956; x_wconf 89' lang='lat' dir='ltr'><strong>ad</strong></span> <span class='ocrx_word' id='word_1_880' title='bbox 3340 4902 3520 4956; x_wconf 83' lang='lat' dir='ltr'><strong>Domi-</strong></span> <span class='ocrx_word' id='word_1_881' title='bbox 3544 4906 3554 4962; x_wconf 74' lang='grc' dir='ltr'><strong>ζ</strong></span> 
     </span>
    </p>
   </div>
   <div class='ocr_carea' id='block_1_112' title="bbox 1935 4993 3523 5065">
    <p class='ocr_par' dir='ltr' id='par_1_112' title="bbox 1935 4993 3523 5065">
     <span class='ocr_line' id='line_1_112' title="bbox 1935 4993 3523 5065; baseline -0.006 -11"><span class='ocrx_word' id='word_1_882' title='bbox 1935 5017 2054 5054; x_wconf 87' lang='lat' dir='ltr'><strong>num</strong></span> <span class='ocrx_word' id='word_1_883' title='bbox 2081 4999 2297 5053; x_wconf 82' lang='lat' dir='ltr'><strong>universi</strong></span> <span class='ocrx_word' id='word_1_884' title='bbox 2321 4999 2446 5065; x_wconf 78' lang='lat' dir='ltr'><strong>fines</strong></span> <span class='ocrx_word' id='word_1_885' title='bbox 2473 5006 2639 5052; x_wconf 66' lang='lat' dir='ltr'><strong>terrae.</strong></span> <span class='ocrx_word' id='word_1_886' title='bbox 2669 4996 2762 5050; x_wconf 82' lang='lat' dir='ltr'><strong>Eia</strong></span> <span class='ocrx_word' id='word_1_887' title='bbox 2793 4994 2983 5050; x_wconf 87' lang='lat' dir='ltr'><strong>fratres</strong></span> <span class='ocrx_word' id='word_1_888' title='bbox 3002 5036 3016 5059; x_wconf 89' lang='lat'><strong>,</strong></span> <span class='ocrx_word' id='word_1_889' title='bbox 3057 4994 3181 5065; x_wconf 89' lang='lat' dir='ltr'><strong>quid</strong></span> <span class='ocrx_word' id='word_1_890' title='bbox 3221 4993 3458 5065; x_wconf 72' lang='lat' dir='ltr'><strong>qureritis</strong></span> <span class='ocrx_word' id='word_1_891' title='bbox 3491 5007 3523 5045; x_wconf 86' lang='lat' dir='ltr'><strong>a</strong></span> 
     </span>
    </p>
   </div>
   <div class='ocr_carea' id='block_1_113' title="bbox 1935 5085 3518 5160">
    <p class='ocr_par' dir='ltr' id='par_1_113' title="bbox 1935 5085 3518 5160">
     <span class='ocr_line' id='line_1_113' title="bbox 1935 5085 3518 5160; baseline -0.008 -13"><span class='ocrx_word' id='word_1_892' title='bbox 1935 5090 2089 5146; x_wconf 89' lang='lat' dir='ltr'><strong>nobis</strong></span> <span class='ocrx_word' id='word_1_893' title='bbox 2108 5089 2233 5160; x_wconf 88' lang='lat' dir='ltr'><strong>quid</strong></span> <span class='ocrx_word' id='word_1_894' title='bbox 2255 5087 2674 5159; x_wconf 88' lang='lat' dir='ltr'><strong>respondeamus</strong></span> <span class='ocrx_word' id='word_1_895' title='bbox 2691 5087 2826 5156; x_wconf 91' lang='lat' dir='ltr'><strong>parti</strong></span> <span class='ocrx_word' id='word_1_896' title='bbox 2848 5087 3074 5142; x_wconf 89' lang='lat' dir='ltr'><strong>Donati?</strong></span> <span class='ocrx_word' id='word_1_897' title='bbox 3096 5088 3233 5140; x_wconf 81' lang='lat' dir='ltr'><strong>Ecce</strong></span> <span class='ocrx_word' id='word_1_898' title='bbox 3253 5085 3518 5146; x_wconf 87' lang='lat' dir='ltr'><strong>Psalmus,</strong></span> 
     </span>
    </p>
   </div>
   <div class='ocr_carea' id='block_1_114' title="bbox 1935 5175 3521 5253">
    <p class='ocr_par' dir='ltr' id='par_1_114' title="bbox 1935 5175 3521 5253">
     <span class='ocr_line' id='line_1_114' title="bbox 1935 5175 3521 5253; baseline -0.008 -13"><span class='ocrx_word' id='word_1_899' title='bbox 1935 5193 1990 5240; x_wconf 88' lang='lat' dir='ltr'><strong>et</strong></span> <span class='ocrx_word' id='word_1_900' title='bbox 2003 5184 2088 5238; x_wconf 87' lang='lat' dir='ltr'><strong>hic</strong></span> <span class='ocrx_word' id='word_1_901' title='bbox 2106 5183 2295 5253; x_wconf 83' lang='lat' dir='ltr'><strong>legitur</strong></span> <span class='ocrx_word' id='word_1_902' title='bbox 2310 5181 2490 5247; x_wconf 88' lang='lat' dir='ltr'><strong>hodie,</strong></span> <span class='ocrx_word' id='word_1_903' title='bbox 2505 5187 2559 5236; x_wconf 90' lang='lat' dir='ltr'><strong>et</strong></span> <span class='ocrx_word' id='word_1_904' title='bbox 2575 5180 2642 5235; x_wconf 91' lang='lat' dir='ltr'><strong>ibi</strong></span> <span class='ocrx_word' id='word_1_905' title='bbox 2661 5179 2853 5252; x_wconf 85' lang='lat' dir='ltr'><strong>legitur</strong></span> <span class='ocrx_word' id='word_1_906' title='bbox 2866 5179 3042 5236; x_wconf 90' lang='lat' dir='ltr'><strong>hodie.</strong></span> <span class='ocrx_word' id='word_1_907' title='bbox 3055 5179 3359 5234; x_wconf 89' lang='lat' dir='ltr'><strong>Scribamus</strong></span> <span class='ocrx_word' id='word_1_908' title='bbox 3372 5175 3521 5230; x_wconf 90' lang='lat' dir='ltr'><strong>illum</strong></span> 
     </span>
    </p>
   </div>
   <div class='ocr_carea' id='block_1_115' title="bbox 1935 5267 3525 5343">
    <p class='ocr_par' dir='ltr' id='par_1_115' title="bbox 1935 5267 3525 5343">
     <span class='ocr_line' id='line_1_115' title="bbox 1935 5267 3525 5343; baseline -0.009 -9"><span class='ocrx_word' id='word_1_909' title='bbox 1935 5279 1988 5334; x_wconf 86' lang='lat' dir='ltr'><strong>iu</strong></span> <span class='ocrx_word' id='word_1_910' title='bbox 2007 5275 2267 5336; x_wconf 82' lang='lat' dir='ltr'><strong>frontibus</strong></span> <span class='ocrx_word' id='word_1_911' title='bbox 2282 5276 2500 5339; x_wconf 86' lang='lat' dir='ltr'><strong>nostris,</strong></span> <span class='ocrx_word' id='word_1_912' title='bbox 2519 5289 2639 5329; x_wconf 91' lang='lat' dir='ltr'><strong>cum</strong></span> <span class='ocrx_word' id='word_1_913' title='bbox 2663 5274 2754 5328; x_wconf 90' lang='lat' dir='ltr'><strong>illo</strong></span> <span class='ocrx_word' id='word_1_914' title='bbox 2779 5272 3144 5343; x_wconf 87' lang='lat' dir='ltr'><strong>procedamus,</strong></span> <span class='ocrx_word' id='word_1_915' title='bbox 3166 5285 3270 5323; x_wconf 88' lang='lat' dir='ltr'><strong>non</strong></span> <span class='ocrx_word' id='word_1_916' title='bbox 3286 5267 3525 5338; x_wconf 84' lang='lat' dir='ltr'><strong>quiescat</strong></span> 
     </span>
    </p>
   </div>
   <div class='ocr_carea' id='block_1_116' title="bbox 1935 5363 3525 5439">
    <p class='ocr_par' dir='ltr' id='par_1_116' title="bbox 1935 5363 3525 5439">
     <span class='ocr_line' id='line_1_116' title="bbox 1935 5363 3525 5439; baseline -0.008 -14"><span class='ocrx_word' id='word_1_917' title='bbox 1935 5369 2110 5439; x_wconf 83' lang='lat' dir='ltr'><strong>lingua</strong></span> <span class='ocrx_word' id='word_1_918' title='bbox 2129 5375 2330 5432; x_wconf 91' lang='lat' dir='ltr'><strong>nostra,</strong></span> <span class='ocrx_word' id='word_1_919' title='bbox 2350 5367 2450 5422; x_wconf 90' lang='lat' dir='ltr'><strong>ista</strong></span> <span class='ocrx_word' id='word_1_920' title='bbox 2471 5365 2638 5420; x_wconf 90' lang='lat' dir='ltr'><strong>dicat:</strong></span> <span class='ocrx_word' id='word_1_921' title='bbox 2660 5365 2795 5420; x_wconf 84' lang='lat' dir='ltr'><strong>Ecce</strong></span> <span class='ocrx_word' id='word_1_922' title='bbox 2816 5363 3059 5420; x_wconf 88' lang='lat' dir='ltr'><strong>Christus</strong></span> <span class='ocrx_word' id='word_1_923' title='bbox 3079 5373 3268 5431; x_wconf 88' lang='lat' dir='ltr'><strong>passus</strong></span> <span class='ocrx_word' id='word_1_924' title='bbox 3281 5368 3383 5424; x_wconf 69' lang='grc' dir='ltr'><strong>εει,</strong></span> <span class='ocrx_word' id='word_1_925' title='bbox 3398 5372 3525 5413; x_wconf 86' lang='lat' dir='ltr'><strong>ecce</strong></span> 
     </span>
    </p>
   </div>
   <div class='ocr_carea' id='block_1_117' title="bbox 1936 5448 3522 5522">
    <p class='ocr_par' dir='ltr' id='par_1_117' title="bbox 1936 5448 3522 5522">
     <span class='ocr_line' id='line_1_117' title="bbox 1936 5448 3522 5522; baseline -0.008 -7"><span class='ocrx_word' id='word_1_926' title='bbox 1936 5468 2200 5516; x_wconf 85' lang='lat' dir='ltr'><strong>mercator</strong></span> <span class='ocrx_word' id='word_1_927' title='bbox 2228 5455 2462 5514; x_wconf 88' lang='lat' dir='ltr'><strong>ostendit</strong></span> <span class='ocrx_word' id='word_1_928' title='bbox 2488 5455 2789 5512; x_wconf 90' lang='lat' dir='ltr'><strong>mercedem</strong></span> <span class='ocrx_word' id='word_1_929' title='bbox 2808 5497 2825 5521; x_wconf 95' lang='lat'><strong>,</strong></span> <span class='ocrx_word' id='word_1_930' title='bbox 2853 5469 2978 5510; x_wconf 89' lang='lat' dir='ltr'><strong>ecce</strong></span> <span class='ocrx_word' id='word_1_931' title='bbox 3003 5453 3230 5522; x_wconf 88' lang='lat' dir='ltr'><strong>pretium</strong></span> <span class='ocrx_word' id='word_1_932' title='bbox 3255 5448 3396 5520; x_wconf 92' lang='lat' dir='ltr'><strong>quod</strong></span> <span class='ocrx_word' id='word_1_933' title='bbox 3424 5448 3522 5503; x_wconf 87' lang='lat' dir='ltr'><strong>de-</strong></span> 
     </span>
    </p>
   </div>
   <div class='ocr_carea' id='block_1_118' title="bbox 1999 5601 3520 5676">
    <p class='ocr_par' dir='ltr' id='par_1_118' title="bbox 1999 5601 3520 5676">
     <span class='ocr_line' id='line_1_118' title="bbox 1999 5601 3520 5676; baseline -0.008 -11"><span class='ocrx_word' id='word_1_934' title='bbox 1999 5617 2017 5648; x_wconf 86' lang='grc'>¹</span> <span class='ocrx_word' id='word_1_935' title='bbox 2042 5621 2140 5676; x_wconf 80' lang='lat' dir='ltr'><strong>Er.,</strong></span> <span class='ocrx_word' id='word_1_936' title='bbox 2163 5612 2286 5676; x_wconf 80' lang='lat' dir='ltr'><strong>Quid</strong></span> <span class='ocrx_word' id='word_1_937' title='bbox 2325 5612 2411 5676; x_wconf 79' lang='lat' dir='ltr'><strong>tibi</strong></span> <span class='ocrx_word' id='word_1_938' title='bbox 2426 5674 2432 5676; x_wconf 94' lang='lat'>_</span> <span class='ocrx_word' id='word_1_939' title='bbox 2449 5612 2641 5676; x_wconf 67' lang='lat' dir='ltr'><strong>tidetttr</strong></span> <span class='ocrx_word' id='word_1_940' title='bbox 2655 5609 2679 5661; x_wconf 85' lang='lat'><strong>?</strong></span> <span class='ocrx_word' id='word_1_941' title='bbox 2705 5610 2816 5672; x_wconf 81' lang='lat' dir='ltr'><strong>jam</strong></span> <span class='ocrx_word' id='word_1_942' title='bbox 2838 5609 2981 5676; x_wconf 79' lang='lat' dir='ltr'><strong>etiam</strong></span> <span class='ocrx_word' id='word_1_943' title='bbox 3004 5605 3166 5657; x_wconf 83' lang='lat' dir='ltr'><strong>audio.</strong></span> <span class='ocrx_word' id='word_1_944' title='bbox 3193 5605 3243 5655; x_wconf 71' lang='lat' dir='ltr'><strong>si</strong></span> <span class='ocrx_word' id='word_1_945' title='bbox 3263 5617 3355 5676; x_wconf 70' lang='lat' dir='ltr'><strong>non</strong></span> 
     </span>
    </p>
   </div>
   <div class='ocr_carea' id='block_1_119' title="bbox 1935 5667 3522 5739">
    <p class='ocr_par' dir='ltr' id='par_1_119' title="bbox 1935 5667 3522 5739">
     <span class='ocr_line' id='line_1_119' title="bbox 1935 5667 3522 5739; baseline -0.01 -10"><span class='ocrx_word' id='word_1_946' title='bbox 1935 5682 2034 5739; x_wconf 87' lang='lat' dir='ltr'><strong>tur,</strong></span> <span class='ocrx_word' id='word_1_947' title='bbox 2047 5667 2143 5728; x_wconf 63' lang='lat' dir='ltr'><strong>etc&#39;.</strong></span> <span class='ocrx_word' id='word_1_948' title='bbox 2166 5667 2297 5739; x_wconf 52' lang='lat' dir='ltr'><strong>tum,</strong></span> <span class='ocrx_word' id='word_1_949' title='bbox 2312 5674 2433 5739; x_wconf 83' lang='lat' dir='ltr'><strong>Quid</strong></span> <span class='ocrx_word' id='word_1_950' title='bbox 2454 5674 2540 5725; x_wconf 82' lang='lat' dir='ltr'><strong>tibi</strong></span> <span class='ocrx_word' id='word_1_951' title='bbox 2564 5667 2750 5739; x_wconf 67' lang='lat' dir='ltr'><strong>tidcttir</strong></span> <span class='ocrx_word' id='word_1_952' title='bbox 2761 5678 2805 5721; x_wconf 89' lang='lat' dir='ltr'><strong>et</strong></span> <span class='ocrx_word' id='word_1_953' title='bbox 2825 5669 3070 5739; x_wconf 72' lang='lat' dir='ltr'><strong>Bagaitcet</strong></span> <span class='ocrx_word' id='word_1_954' title='bbox 3094 5667 3396 5739; x_wconf 67' lang='lat' dir='ltr'><strong>&#39;I‘antugadtz.</strong></span> <span class='ocrx_word' id='word_1_955' title='bbox 3413 5671 3522 5739; x_wconf 54' lang='lat' dir='ltr'><strong>uss.</strong></span> 
     </span>
    </p>
   </div>
   <div class='ocr_carea' id='block_1_120' title="bbox 1935 5727 3527 5801">
    <p class='ocr_par' dir='ltr' id='par_1_120' title="bbox 1935 5727 3527 5801">
     <span class='ocr_line' id='line_1_120' title="bbox 1935 5727 3527 5801; baseline -0.011 -10"><span class='ocrx_word' id='word_1_956' title='bbox 1935 5727 2073 5800; x_wconf 66' lang='lat' dir='ltr'><strong>vero,</strong></span> <span class='ocrx_word' id='word_1_957' title='bbox 2086 5727 2216 5801; x_wconf 54' lang='lat' dir='ltr'><strong>Quid</strong></span> <span class='ocrx_word' id='word_1_958' title='bbox 2241 5727 2532 5801; x_wconf 50' lang='lat' dir='ltr'><strong>tibi‘ridetur</strong></span> <span class='ocrx_word' id='word_1_959' title='bbox 2555 5733 2702 5801; x_wconf 68' lang='lat' dir='ltr'><strong>nagai</strong></span> <span class='ocrx_word' id='word_1_960' title='bbox 2723 5739 2769 5783; x_wconf 87' lang='lat' dir='ltr'><strong>et</strong></span> <span class='ocrx_word' id='word_1_961' title='bbox 2792 5727 3106 5801; x_wconf 59' lang='lat' dir='ltr'><strong>t‘ant&#39;ttgadeo.</strong></span> <span class='ocrx_word' id='word_1_962' title='bbox 3126 5727 3268 5801; x_wconf 63' lang='lat' dir='ltr'><strong>t&#39;m‘te</strong></span> <span class='ocrx_word' id='word_1_963' title='bbox 3285 5727 3422 5801; x_wconf 36' lang='grc' dir='ltr'><strong>ωε..</strong></span> <span class='ocrx_word' id='word_1_964' title='bbox 3438 5736 3527 5775; x_wconf 77' lang='lat' dir='ltr'><strong>Ba-</strong></span> 
     </span>
    </p>
   </div>
   <div class='ocr_carea' id='block_1_121' title="bbox 1935 5791 3525 5867">
    <p class='ocr_par' dir='ltr' id='par_1_121' title="bbox 1935 5791 3525 5867">
     <span class='ocr_line' id='line_1_121' title="bbox 1935 5791 3525 5867; baseline -0.01 -14"><span class='ocrx_word' id='word_1_965' title='bbox 1935 5801 2018 5867; x_wconf 81' lang='lat' dir='ltr'><strong>gat&#39;</strong></span> <span class='ocrx_word' id='word_1_966' title='bbox 2039 5791 2084 5852; x_wconf 72' lang='lat' dir='ltr'><strong>et</strong></span> <span class='ocrx_word' id='word_1_967' title='bbox 2105 5791 2398 5867; x_wconf 53' lang='lat' dir='ltr'><strong>‘Tamugade,</strong></span> <span class='ocrx_word' id='word_1_968' title='bbox 2420 5797 2518 5856; x_wconf 86' lang='lat' dir='ltr'><strong>vel,</strong></span> <span class='ocrx_word' id='word_1_969' title='bbox 2543 5791 2864 5867; x_wconf 52' lang='lat' dir='ltr'><strong>(liciumque.</strong></span> <span class='ocrx_word' id='word_1_970' title='bbox 2890 5791 2996 5843; x_wconf 56' lang='lat' dir='ltr'><strong>time</strong></span> <span class='ocrx_word' id='word_1_971' title='bbox 3025 5794 3247 5843; x_wconf 80' lang='lat' dir='ltr'><strong>uitnirmn</strong></span> <span class='ocrx_word' id='word_1_972' title='bbox 3284 5791 3525 5853; x_wconf 59' lang='grc' dir='ltr'><strong>γνωρίμω</strong></span> 
     </span>
    </p>
   </div>
   <div class='ocr_carea' id='block_1_122' title="bbox 1939 5855 2918 5926">
    <p class='ocr_par' dir='ltr' id='par_1_122' title="bbox 1939 5855 2918 5926">
     <span class='ocr_line' id='line_1_122' title="bbox 1939 5855 2918 5926; baseline -0.008 -14"><span class='ocrx_word' id='word_1_973' title='bbox 1939 5855 2133 5914; x_wconf 62' lang='lat' dir='ltr'><strong>inerunt</strong></span> <span class='ocrx_word' id='word_1_974' title='bbox 2156 5855 2330 5926; x_wconf 68' lang='lat' dir='ltr'><strong>Oppida</strong></span> <span class='ocrx_word' id='word_1_975' title='bbox 2352 5874 2380 5910; x_wconf 88' lang='lat' dir='ltr'><strong>a</strong></span> <span class='ocrx_word' id='word_1_976' title='bbox 2405 5855 2655 5909; x_wconf 73' lang='lat' dir='ltr'><strong>Donatistis</strong></span> <span class='ocrx_word' id='word_1_977' title='bbox 2673 5855 2918 5918; x_wconf 50' lang='lat' dir='ltr'><strong>micupata.</strong></span> 
     </span>
    </p>
   </div>
  </div>
