3950 6406
123 339 206 398 l8]
327 316 338 325 ’
1207 319 1600 379 ENAltRATlO
1639 316 1701 374 1N

1832 317 2063 380 λωιυλι
2109 322 2270 386 ΧΧΙΙ.

117 451 266 510 εειιίιῖ
293 449 405 508 imo
434 462 537 510 nec
561 459 692 508 mea),
715 443 845 509 sint,
872 455 974 498 nec
996 446 1098 493 tum
1130 454 1144 491 :
1177 434 1270 490 sed
1299 434 1436 488 illius
1461 433 1564 486 sint
1590 430 1677 500 qui

120 548 224 604 illas
253 542 404 605 emit,
451 539 588 596 illius
625 537 733 600 sint
774 532 864 607 qui
904 531 1023 590 illas
1065 527 1311 602 signavit.
1361 523 1543 606 Neque
1595 521 1685 592 qui

119 638 299 708 plantat
319 628 642 706 estaliquid,
669 639 843 697 neque
871 623 960 698 qui
984 622 1140 692 rigat,
1167 618 1262 674 sed
1285 616 1370 688 qui
1388 615 1687 708 incremen-

119 704 216 785 inm
245 726 334 781 dat
364 704 572 794 Deus»(|
593 718 709 776 Cor.
742 734 819 784 ιιι,
847 716 921 786 7).
946 715 1122 782 Quare
1144 711 1314 766 habeo
1338 704 1686 771 meas,habes

118 833 165 878 tu
189 817 340 878 tuas?
361 815 418 882 Si
448 815 520 880 ibi
547 821 628 870 est
649 810 918 878 Christus,
944 807 1034 862 illo
1062 812 1188 870 eant
1211 818 1346 860 mea:
1362 842 1378 867 ,
1405 799 1533 880 quia
1582 811 1687 852 non

119 919 228 972 sunt
255 923 388 970 mete
416 907 506 972 tsi
546 903 632 962 hic
657 911 741 966 est
776 898 1043 965 Christus,
1074 895 1178 958 huc
1220 899 1347 950 eant
1389 899 1513 957 tum,
1566 887 1692 958 quia

120 1021 212 1064 non
238 1008 361 1066 sunt
386 1009 516 1060 tum.
543 997 768 1076 Propter
802 985 1172 1065 possessiones
1200 984 1508 1041 osculentur
1535 978 1692 1034 nobis

119 1101 264 1168 caput
288 1101 342 1154 et
361 1105 580 1156 manus,
610 1073 666 1144 et
684 1093 905 1166 pereant
931 1083 948 1114 ι
984 1080 1076 1136 lilii
1102 1077 1281 1134 alieni.
1317 1073 1444 1168 Non
1461 1081 1546 1129 est
1573 1085 1693 1126 mea

120 1166 397 1261 possessio,
425 1182 621 1256 inquit.
652 1177 788 1259 Quid
810 1172 1046 1238 esthoc?
1077 1169 1377 1261 Videamus
1401 1166 1448 1228 si
1469 1180 1584 1261 non
1610 1171 1694 1219 est

122 1254 200 1338 iua
227 1254 520 1350 possessio,
552 1254 828 1336 videamus
857 1267 902 1322 si
938 1279 1044 1321 non
1087 1261 1230 1317 illam
1288 1259 1382 1314 tibi
1416 1254 1692 1350 vindicas.

122 1343 437 1440 Ego-nomini
464 1360 668 1425 Christi
689 1359 895 1428 laboro,
927 1365 982 1420 tu
1004 1352 1206 1411 nomini
1239 1348 1450 1440 Donati.
1485 1343 1691 1440 Nam‘si

123 1435 374 1520 Christum
402 1451 678 1523 attendas,
717 1450 918 1532 ubique
960 1455 1044 1508 est
1087 1440 1356 1502 Christus.
1404 1437 1486 1495 Tu
1534 1435 1693 1532 dicis,

125 1553 248 1610 Ecce
271 1550 356 1609 hic
377 1555 463 1610 est
485 1545 734 1607 ChriStus
782 1529 997 1616 (Matth.
1032 1552 1186 1603 χιιν,
1229 1533 1324 1606 25)
1354 1550 1368 1587 :
1405 1532 1505 1605 ego
1529 1529 1651 1588 dico
1673 1570 1688 1595 ,

129 1645 218 1699 Per
245 1650 407 1700 totum
456 1648 564 1700 esu
609 1625 866 1706 Laudato,
897 1631 1068 1707 pueri,
1121 1627 1435 1693 Dominum,
1483 1621 1700 1686 laudate

127 1749 301 1798 nomen
327 1729 562 1794 Domini.
619 1725 771 1787 Unde
817 1722 1072 1790 laudant?
1116 1718 1402 1794 Usquequo
1443 1710 1698 1772 laudant?

128 1829 167 1892 Α
188 1827 308 1888 solis
335 1831 461 1884 ortu
491 1825 664 1898 usque
691 1819 758 1874 ad
782 1831 1033 1877 occasum
1060 1813 1269 1872 laudate
1294 1825 1489 1868 nomen
1517 1807 1701 1863 Domi-

131 1922 175 1980 ni
201 1918 361 1992 (Psal.
384 1931 522 1982 oxlt,
549 1912 630 1991 l).
654 1911 794 1978 Ecce
823 1924 981 1984 quam
1003 1905 1294 1973 Ecclesium
1310 1899 1557 1974 ostendo,
1575 1915 1704 1966 ecce

131 2010 239 2091 quid
264 2009 391 2070 emit
413 2006 687 2087 Christus,
717 2017 845 2068 ecce
868 1999 996 2091 quid
1019 1997 1276 2091 redemit,
1305 2009 1431 2050 ecce
1452 2008 1565 2091 pro
1595 2006 1702 2091 quo

134 2081 420 2173 sanguinein
449 2085 624 2158 dedit.
656 2093 764 2154 Sed
794 2102 848 2152 tu
874 2090 996 2172 quid
1022 2086 1196 2147 dicis?
1225 2087 1289 2142 Et
1326 2083 1526 2173 egoilli
1552 2081 1704 2140 colli-

134 2207 207 2273 go.
223 2172 321 2258 Qui
341 2204 561 2256 mecum,
587 2185 778 2257 inquit,
807 2199 908 2238 non
925 2179 1140 2273 colligit,
1155 2176 1348 2251 spargit
1364 2172 1580 2273 (Manli.
1605 2189 1712 2273 xu,

137 2260 236 2354 ΞΟ).
264 2279 461 2344 Divitiis
509 2277 790 2358 unitatem,
823 2271 1191 2358 possessiones
1235 2264 1610 2358 tttasiquaeris.
1640 2260 1709 2317 Et

138 2391 284 2448 quare
310 2355 523 2434 habent
559 2383 759 2427 nomen
802 2355 1039 2429 Christi?
1068 2361 1202 2434 Quia
1237 2359 1304 2416 ad
1344 2357 1712 2416 defensionem

139 2467 469 2547 possessionis
506 2475 619 2524 tua:
649 2461 834 2526 titulos
868 2457 1064 2516 Christi
1108 2453 1352 2547 posuisti.
1385 2450 1573 2547 Nonne
1609 2451 1711 2547 hoc

140 2541 320 2625 iaciunt
357 2556 609 2622 nonnulli
637 2555 691 2610 in
725 2553 885 2612 domo
911 2550 1047 2610 sua?
1073 2548 1148 2606 Ne
1175 2545 1394 2604 domum
1426 2543 1593 2619 ipsius
1630 2541 1713 2606 in.

141 2653 278 2716 radat
301 2653 493 2725 aliquis
521 2657 740 2724 potens,
769 2645 916 2717 ponit
940 2644 1011 2702 ibi
1040 2640 1224 2704 titulos
1250 2637 1510 2711 potentis,
1530 2635 1713 2725 titulos

139 2723 420 2807 mendaces.
443 2745 569 2820 Ipse
591 2742 704 2802 vult
722 2753 842 2797 esse
869 2750 1168 2816 possessor,
1188 2742 1244 2790 et
1269 2731 1499 2792 frontem
1521 2723 1714 2793 domus

139 2853 234 2910 sum
257 2839 362 2900 vult
383 2837 450 2904 de
477 2835 642 2896 titulo
661 2831 836 2887 alieno
858 2827 1090 2900 muniri;
1117 2833 1174 2880 ut
1191 2840 1313 2886 cum
1344 2821 1527 2880 titulus
1547 2819 1716 2884 lectus

139 2928 298 2995 fuerit,
322 2927 650 2984 conterritus
671 2923 790 2993 quis
818 2919 1056 2991 potentia
1081 2915 1335 2980 nominis,
1365 2913 1628 2968 abstineat
1657 2925 1716 2967 se

141 3021 197 3076 ab
217 3021 499 3076 invasione.
554 3015 826 3072 Fecerunt
859 3009 1011 3076 illud,
1049 3006 1264 3080 quando
1301 3001 1717 3060 Maximianistas

142 3116 529 3173 damnaverunt.
564 3113 805 3188 Egcrunt
833 3107 972 3180 apud
996 3106 1226 3178 judices,
1253 3111 1306 3159 et
1329 3099 1615 3157 concilium
1641 3085 1718 3168 (ἀ)

143 3223 275 3264 suum
303 3209 670 3265 recitaverunt
698 3220 713 3259 :
746 3211 996 3267 tanquam
1043 3197 1224 3252 titulos
1253 3193 1595 3250 ostendentes
1621 3233 1636 3257 ,
1660 3200 1720 3247 ut

144 3303 353 3374 episcopi
389 3301 725 3357 viderentur.
769 3294 922 3351 Tune
957 3290 1122 3364 judex
1168 3287 1556 3359 interrogavit:
1587 3285 1720 3353 Quis

146 3397 218 3451 hic
252 3395 380 3451 alter
403 3394 696 3466 episcopus
737 3398 819 3446 est
856 3385 924 3450 de
970 3393 1122 3457 parte
1163 3381 1386 3448 Donati?
1428 3377 1722 3450 Respondit

144 3483 362 3546 Ofﬁcium
384 3503 398 3540 :
430 3484 543 3544 Nos
562 3497 670 3541 non
686 3479 930 3540 novimus
947 3475 1046 3531 nisi
1068 3473 1344 3536 Aurelium
1367 3470 1713 3534 catholicum.

151 3573 400 3639 Timentes
428 3576 506 3640 illi
559 3573 704 3652 leges
727 3611 745 3638 ,
777 3585 884 3632 non
923 3565 1317 3647 responderunt
1362 3563 1466 3619 nisi
1508 3561 1576 3628 de
1615 3576 1724 3628 uno

147 3670 392 3739 episcopo.
433 3667 515 3726 illi
555 3675 737 3726 autem
771 3671 830 3718 ut
869 3659 1182 3722 audirentur
1219 3671 1247 3710 a
1275 3653 1473 3730 judice,
1525 3668 1722 3723 nomen

147 3755 319 3818 Christi
350 3753 734 3832 impellebant:
767 3752 819 3807 in
856 3748 1196 3824 possessione
1237 3761 1334 3804 sua
1362 3744 1544 3801 titulos
1581 3743 1724 3806 illius

149 3849 512 3922 imposuerunt.
546 3847 731 3910 Bonus
761 3851 844 3906 cst
873 3841 1146 3904 Dominus,
1188 3839 1280 3912 qui
1310 3835 1416 3892 illis
1444 3844 1645 3918 parcat,
1671 3845 1725 3896 et

152 3943 230 4003 ubi
254 3945 510 4004 invenerit
555 3941 740 4002 titulos
771 3952 932 4004 suos,
960 3933 1195 4000 vindicet
1241 3931 1370 3996 illud
1404 3931 1726 4002 possessioni

153 4050 266 4094 suae.
287 4038 480 4098 Potens
509 4043 598 4093 est
618 4028 984 4094 misericordia
1014 4027 1200 4101 ipsius,
1231 4025 1320 4102 qui
1353 4025 1458 4090 illis
1486 4022 1614 4090 illud
1644 4023 1727 4090 fa-

152 4127 261 4196 ciat,
303 4139 673 4204 quoscumque
713 4120 975 4182 invenerit
1014 4133 1210 4184 nomen
1249 4114 1445 4178 Christi
1477 4123 1722 4192 portare,

153 4230 420 4292 congreget
459 4219 606 4280 illos.
660 4215 730 4276 Et
778 4213 976 4282 videte.
1025 4211 1236 4278 fratres,
1281 4208 1494 4284 quando
1537 4217 1728 4280 potens

155 4309 323 4382 aliquis
342 4310 608 4372 invenerit
639 4306 820 4368 titulos
845 4319 992 4370 suos,
1016 4317 1195 4362 nonne
1215 4300 1337 4384 jure
1355 4316 1470 4366 rem
1489 4299 1589 4360 sibi
1607 4301 1728 4356 vin-

157 4397 302 4472 dicat,
322 4413 374 4458 et
402 4401 558 4468 dicit,
585 4397 704 4458 Non
729 4405 954 4470 poneret
983 4393 1163 4457 titulos
1185 4407 1354 4460 meos,
1377 4392 1478 4456 nisi
1507 4407 1594 4448 res
1610 4407 1728 4458 mea

159 4493 318 4546 esset?
347 4493 556 4549 Titulos
583 4505 734 4546 mons
763 4488 959 4560 posuit,
988 4502 1106 4541 mea
1128 4499 1215 4540 res
1243 4493 1328 4540 est
1360 4502 1373 4539 :
1407 4483 1496 4538 ubi
1533 4499 1728 4550 nomen

159 4595 315 4640 meum
345 4584 585 4660 invenio,
625 4597 803 4646 meum
849 4589 952 4640 est.
998 4577 1264 4649 Numquid
1303 4576 1486 4638 titulos
1525 4575 1731 4634 mutat?

161 4670 347 4734 Titulus
365 4679 452 4754 qui
479 4687 617 4746 erat,
650 4681 765 4746 ipse
785 4682 868 4730 est
902 4693 916 4730 :
941 4686 1220 4745 possessor
1246 4679 1480 4730 mutatur
1500 4712 1517 4738 ,
1546 4670 1730 4736 titulus

163 4780 254 4820 non
274 4782 524 4840 mutatur.
550 4769 639 4830 Sic
660 4777 715 4826 ct
744 4766 833 4840 qui
856 4765 1174 4842 baptismum
1197 4762 1398 4822 habent
1419 4762 1615 4820 Christi
1638 4804 1653 4835 ,
1683 4761 1730 4820 si

166 4858 362 4923 Veniunt
384 4861 450 4930 ad
479 4861 760 4926 unitatem,
792 4873 898 4914 non
927 4864 1193 4914 mutamus
1221 4854 1436 4924 titulos,
1465 4863 1556 4909 aut
1580 4853 1730 4910 delc-

167 4962 268 5002 inus
298 4951 507 5017 titulos;
530 4951 622 5006 sed
645 4949 984 5020 agnoscimus
1014 4946 1194 5000 titulos
1218 4943 1358 5011 regis
1378 4944 1570 5004 DOSlri,
1598 4944 1728 4997 titu-

169 5036 239 5092 los
273 5041 603 5113 imperatoris
640 5040 830 5102 nostri.
861 5038 966 5099 Sed
1003 5036 1130 5108 quid
1171 5035 1438 5092 dicimus?
1463 5033 1509 5092 Ο
1540 5034 1734 5090 domus

171 5127 360 5197 misera.
385 5133 471 5194 ille
496 5143 547 5192 te
573 5131 841 5214 possideat
868 5130 1020 5199 cujus
1055 5127 1239 5183 titulos
1277 5125 1478 5194 habes;
1521 5125 1723 5194 Christi

173 5216 333 5284 titulos
357 5221 541 5287 habes,
566 5222 676 5280 noli
700 5235 821 5277 esse
848 5221 1037 5276 Donati
1058 5217 1352 5300 possessio.

233 5309 314 5366 32.
351 5311 507 5378 Multa
546 5313 800 5382 diximus,
831 5311 1057 5380 iratres;
1084 5311 1178 5376 sed
1216 5311 1343 5365 illud
1378 5309 1446 5367 de
1475 5310 1732 5370 memoria

172 5409 330 5464 ναίω
355 5421 456 5464 non
479 5404 718 5476 recedat,
754 5399 894 5480 quod
928 5402 1089 5472 hodie
1128 5403 1338 5476 legitur.
1372 5401 1511 5469 Ecce
1541 5404 1732 5460 iterum

176 5488 311 5560 dico,
338 5503 392 5552 et
409 5512 548 5570 smpe
579 5485 864 5566 dicendum
891 5506 1009 5560 est:
1037 5513 1135 5578 per
1161 5497 1333 5568 ipsum
1360 5495 1532 5562 diem,
1565 5495 1616 5552 id
1655 5507 1737 5554 est

177 5597 261 5654 per
281 5603 598 5656 sacramenta
627 5594 785 5666 hujus
814 5593 919 5656 diei
941 5592 1248 5666 constringe
1275 5606 1391 5657 vos,
1421 5599 1609 5653 utnon
1635 5607 1733 5647 vo-

181 5672 254 5732 bis
268 5694 412 5742 cxeat
433 5685 498 5742 de
521 5687 793 5752 cordibus.
824 5683 1387 5751 Commemorabuutur,
1425 5694 1476 5738 et
1519 5699 1729 5746 convcr-

235 5769 762 5898 13θᾶξῆἠῆῗᾶδὼ
783 5835 894 5888 ast.

3271 331 3375 386 132

1793 440 1959 485 tentur
1983 435 2050 507 ad
2085 434 2354 489 Dominum
2382 437 2597 491 universi
2629 441 2755 510 ﬁnes
2804 451 2965 493 terrae.
3000 441 3065 494 Et
3094 444 3378 498 adorabunt

1776 523 1843 576 ‘in
1883 536 2149 594 conspectu
2186 529 2298 596 ejus.
2328 530 2570 592 universa:
2605 533 2785 606 patria!
2833 536 3077 605 gentium.
3125 538 3378 600 Quoniam

1792 613 1998 668 Domini
2018 626 2090 669 est
2118 634 2342 686 regnum,
2367 627 2413 672 et
2428 622 2534 691 ipse
2560 621 2898 676 dominabitur
2922 628 3163 694 gentium.
3181 629 3372 682 Contra

1793 715 1899 761 tam
1928 717 2160 777 apertam
2179 719 2232 764 et
2255 710 2534 767 manifeste
2548 712 2961 768 demmistralaui
2987 721 3381 786 possessionem

1792 796 2011 864 Christi.
2049 816 2158 861 non
2188 801 2414 863 audiatis
2460 805 2621 862 verba
2661 806 3077 864 culututtiatoris.
3117 810 3383 880 Quidquid

1796 893 2208 962 eunti-adicitut,
2262 894 2511 964 homines
2556 896 2737 964 dicunt
2791 915 2806 958 :
2857 900 2961 961 hoc
3014 912 3196 972 autem
3243 905 3384 974 Deus

1796 983 1948 1052 dicit.

2220 1194 2304 1256 IN
2344 1196 2725 1270 PSALMUM
2769 1201 2956 1264 XXII

2395 1317 2810 1375 ENARRATIO.

2295 1429 2310 1460 ’
2337 1427 2575 1487 Psalmus
2602 1431 2703 1512 ipsi
2730 1431 2914 1494 David.

1876 1561 1935 1623 1.
1979 1559 2133 1634 iure.
2180 1560 2263 1636 t.)
2304 1563 2546 1628 Ecclesia
2585 1566 2820 1637 loquitur
2849 1566 3108 1628 Diuisio:
3142 1568 3398 1638 manus

1802 1653 1968 1724 pascit
1988 1670 2091 1719 me.
2112 1663 2163 1716 σε
2189 1655 2320 1717 ΜΙιᾶ
2344 1657 2468 1716 uti/ti
2489 1656 2664 1724 deerit,
2696 1658 2954 1716 Dominus
2976 1659 3133 1719 Iesus
3151 1661 3398 1720 Christus

1805 1753 1989 1816 matur
2014 1761 2169 1810 meus
2189 1757 2294 1815 est,
2321 1755 2377 1810 et
2403 1748 2533 1808 nihil
2562 1750 2692 1810 mihi
2714 1750 2904 1808 deerit.

1874 1834 1930 1898 2.
1961 1834 2112 1909 [νεεδ.
2155 1837 2238 1910 3.]
2267 1839 2334 1899 In
2373 1840 2482 1899 loco
2520 1858 2723 1912 pascua
2753 1843 2826 1900 ibi
2861 1860 2940 1900 me
2984 1846 3247 1903 collocavit
3286 1867 3307 1912 :-
3342 1853 3400 1912 in

1805 1926 1932 1989 looo
1955 1943 2167 2007 pascua;
2187 1930 2486 2000 incipientis
2513 1931 2580 1988 ad
2611 1932 2769 1992 ﬁdem
2793 1935 2816 1974 ’l
2843 1950 2930 1990 me
2956 1936 3255 2007 perducens
3278 1981 3294 2006 ,
3325 1942 3400 1998 ibi

1811 2035 1900 2080 me
1947 2022 2286 2083 mummium
2328 2025 2623 2091 collocavit.
2669 2027 2840 2096 Super
2884 2045 3068 2102 aquam
3113 2035 3401 2105 refectioni:

1809 2111 2037 2176 educauit
2086 2130 2169 2174 tua
2204 2129 2224 2176 ε
2262 2129 2424 2184 super
2463 2130 2652 2186 aquam
2695 2117 2979 2190 baptismi,
3011 2138 3118 2192 quo
3153 2124 3402 2182 reficiun-

1812 2212 1900 2259 tur
1938 2204 2026 2274 qui
2081 2205 2435 2277 integritatem
2485 2207 2732 2280 viresque
2780 2212 3114 2282 amiserant,
3157 2215 3404 2282 educavit

1813 2313 1921 2362 ΕΝ.

1884 2392 1938 2457 3,
1981 2391 2129 2466 [item
2199 2393 2281 2466 3.}
2331 2394 2571 2456 Animam
2627 2413 2791 2454 mem
2842 2405 3104 2459 consutis.
3175 2400 3405 2462 Deduxi:

1814 2501 1896 2552 me
1914 2485 1968 2546 in,
1987 2487 2176 2547 sentitis
2192 2488 2426 2558 jnstitiw,
2442 2499 2648 2560 propter
2672 2507 2854 2547 nomen
2876 2510 3043 2548 suum.
3067 2496 3295 2553 Deduxit
3313 2506 3408 2556 tuo

1816 2583 1875 2641 in
1899 2581 2140 2649 angustis
2165 2581 2464 2647 itineribus,
2502 2600 2621 2652 qua:
2647 2586 2800 2656 pauei
2842 2589 3154 2658 ambulant,
3183 2593 3408 2663 justitiie

1816 2687 1960 2741 sum;
1990 2690 2096 2732 non
2125 2687 2342 2748 prepter
2368 2679 2616 2734 meritum
2642 2695 2842 2749 meum,
2866 2682 2957 2738 sed
2980 2692 3197 2755 propter
3210 2698 3408 2744 nomen

1818 2783 1998 2826 suum.

1890 2861 1941 2916 ι.
1975 2859 2124 2934 [κη.
2171 2857 2252 2932 1.]
2292 2859 2434 2916 Nam
2479 2871 2526 2916 at
2567 2863 2613 2917 si
2651 2863 2902 2923 ambulem
2944 2867 2998 2921 in
3030 2869 3197 2927 inedia
3216 2871 3410 2928 umbra

1821 2954 1997 3010 martis
2020 2971 2040 3009 ε
2061 2969 2184 3010 nam
2211 2956 2332 3010 etsi
2371 2954 2634 3011 ambulem
2662 2957 2714 3010 in
2735 2957 2910 3013 medio
2931 2960 3053 3015 vitae
3078 2960 3256 3031 hujus,
3285 2979 3408 3035 qua:

1824 3049 2010 3104 umbra
2035 3049 2224 3110 mortis
2250 3057 2352 3104 est.
2398 3047 2522 3104 Non
2551 3050 2730 3105 timebo
2757 3053 2922 3118 mata,
2951 3056 3188 3121 quoniam
3216 3066 3269 3111 tu
3299 3073 3409 3112 me-

1821 3157 1933 3196 cum
1959 3156 2016 3195 ss
2035 3158 2052 3195 :
2071 3156 2179 3195 non
2198 3139 2398 3196 timebo
2419 3141 2576 3208 mala,
2600 3145 2847 3213 quoniam
2864 3152 2918 3198 tu
2941 3145 3145 3201 habitas
3169 3149 3219 3202 ln
3246 3149 3411 3206 corde

1823 3247 1944 3289 meo
1972 3247 2072 3302 [tor
2096 3232 2254 3289 tidem
2279 3248 2294 3299 ς
2322 3243 2376 3288 et
2402 3249 2542 3289 nime
2574 3249 2779 3290 meeum
2809 3249 2896 3301 es,
2933 3247 2992 3291 ut
3025 3247 3143 3307 post
3169 3241 3412 3296 umbram

1824 3325 2011 3380 mortis
2040 3325 2200 3382 etiam
2229 3341 2330 3396 ego
2358 3326 2457 3380 situ
2482 3336 2677 3381 tecum.
2717 3325 2866 3398 Virga
2885 3337 2968 3382 tua
2984 3338 3028 3384 et
3044 3330 3252 3386 baculus
3273 3341 3408 3398 tuus,

1821 3417 1938 3488 ipsa
1964 3433 2043 3472 me
2068 3419 2326 3476 conuictu
2347 3427 2464 3472 sunt
2490 3437 2509 3473 :
2534 3419 2813 3490 disciplina
2845 3429 2929 3474 tua
2973 3430 3222 3492 tanquam
3266 3425 3412 3495 virga

1827 3508 1894 3564 ad
1922 3523 2138 3579 gregem
2164 3509 2341 3564 ovium
2373 3549 2386 3576 ,
2415 3517 2471 3565 et
2499 3519 2749 3580 tanquam
2778 3511 2992 3567 baculus
3017 3513 3126 3580 jam
3160 3514 3225 3568 ad
3255 3502 3414 3584 gron.

1825 3599 2002 3656 diores
2035 3600 2170 3656 ﬁlios
2194 3610 2247 3657 et
2267 3601 2333 3657 ab
2358 3603 2572 3657 animali
2599 3603 2702 3658 vita
2719 3602 2784 3656 ad
2808 3605 3136 3673 spiritualem
3163 3594 3414 3662 ccc-scen.

1826 3699 1907 3748 tu
1926 3733 1942 3760 ,
1978 3693 2089 3763 ipsa
2135 3708 2221 3748 me
2265 3708 2372 3748 non
2401 3693 2724 3760 amiserunt,
2755 3696 2924 3767 magis
2950 3698 3224 3754 consulatu
3251 3709 3411 3766 sunt;

1826 3785 1949 3854 quia
1980 3799 2185 3838 memor
2213 3799 2272 3840 es
2300 3785 2426 3840 moi.

1898 3875 1952 3930 ὅ.
1979 3873 2129 3948 [νει-ε.
2181 3875 2262 3949 8.]
2305 3875 2510 3938 Boi-usti
2559 3878 2613 3931 in
2658 3889 2929 3949 conspectu
2974 3899 3083 3938 nico
3132 3899 3356 3941 mensam
3395 3929 3411 3953 ,

1828 3969 2068 4026 adversus
2095 3986 2179 4026 eos
2206 3973 2294 4040 qui
2336 3972 2577 4028 tribulam
2617 3989 2696 4027 me
2733 3989 2751 4028 :
2781 3985 2898 4043 post
2943 3977 3143 4048 virgam
3197 3992 3374 4038 autem
3397 4025 3413 4049 ,

1829 4079 1932 4135 qua
1962 4064 2212 4136 parvulus
2251 4073 2305 4118 et
2335 4064 2580 4120 animalis
2616 4065 2667 4120 in
2698 4081 2857 4138 grege
2878 4070 3085 4140 pascuis
3110 4073 3412 4154 estidiehar,

1831 4166 1952 4228 post
1993 4156 2135 4210 illam
2162 4159 2364 4227 virgam
2391 4172 2511 4212 eum
2537 4173 2656 4212 esse
2676 4161 2815 4230 (ξαερὶ
2843 4163 2942 4214 sub
2966 4161 3173 4230 baculo,
3220 4171 3416 4236 parasti

1831 4255 1884 4306 in
1917 4259 2202 4320 conspectu
2225 4264 2346 4306 meo
2373 4265 2631 4317 mensam,
2652 4257 2709 4306 ut
2738 4267 2841 4306 unu
2859 4255 2968 4322 jam
2991 4254 3127 4311 lacte
3155 4255 3268 4312 alar
3297 4275 3418 4329 paro

1833 4343 1985 4399 vultis
2009 4342 2054 4414 (Ι
2077 4342 2192 4398 Cor.
2227 4357 2305 4409 tu,
2330 4343 2420 4413 2),
2452 4343 2545 4398 sed
2576 4343 2748 4414 major
2785 4346 2960 4401 cibum
2998 4346 3021 4379 ³
3059 4363 3294 4415 sumam,
3329 4351 3421 4406 ﬂr-

1833 4446 2009 4493 matus
2042 4437 2299 4493 adversus
2327 4451 2421 4492 eos
2461 4437 2550 4508 qui
2581 4439 2833 4493 trihulunt
2857 4454 2961 4494 me.
2995 4439 3334 4514 Impinguasti
3367 4445 3419 4499 in

1833 4529 1944 4584 oleo
1964 4540 2115 4600 caput
2145 4546 2310 4584 nicum
2329 4545 2349 4584 :
2379 4529 2653 4584 lmtilicasti
2683 4530 2862 4585 laetitia
2891 4531 3150 4602 splrituali
3183 4545 3419 4590 mentem

1835 4639 2030 4680 meam.
2057 4621 2123 4678 Et
2170 4624 2406 4695 poculum
2451 4632 2595 4677 tuum
2641 4623 2894 4678 inebrians
2933 4639 3080 4694 quam
3120 4627 3422 4682 urwctarum

1835 4728 1908 4774 est
1938 4718 2011 4790 (α)
2036 4719 2049 4772 l
2080 4727 2129 4773 et
2162 4717 2407 4788 poculum
2451 4727 2599 4772 tuum
2630 4717 2951 4772 oblivionem
2980 4729 3242 4794 przestans
3273 4723 3420 4790 priu-

1835 4823 1954 4869 rum
1983 4827 2234 4868 vnnaruin
2275 4812 2682 4868 delectationum
2705 4854 2718 4876 ,
2748 4828 2905 4882 quam
2945 4811 3262 4882 priet-larum
3298 4816 3418 4870 est!

1907 4908 1960 4961 6.
1995 4906 2143 4979 [uers.
2175 4903 2252 4977 6.]
2294 4904 2357 4958 Et
2423 4905 2770 4958 misericordia
2828 4915 2914 4958 tua
2969 4905 3294 4977 subsequatur
3345 4924 3425 4963 me

1836 4998 2067 5052 omnibus
2118 4997 2292 5050 diebus
2331 4995 2447 5050 vitm
2475 5009 2597 5049 mea:
2619 5011 2638 5048 :
2663 4994 2715 5048 itl
2745 5003 2848 5060 est,
2900 4995 3158 5066 quamdiu
3211 4999 3330 5052 vivo
3358 4999 3409 5060 in

1837 5092 1939 5147 hac
1972 5091 2178 5146 mortali
2207 5091 2331 5165 vita,
2361 5105 2467 5144 non
2500 5099 2608 5154 tua,
2637 5088 2730 5144 sed
2774 5105 2912 5144 mea.
2970 5088 3036 5144 Ut
3061 5091 3331 5144 inhabilem
3359 5091 3412 5145 in

1838 5182 1988 5237 domo
2015 5181 2221 5236 Domini
2272 5186 2329 5235 in
2376 5180 2747 5252 longitudinem
2795 5180 3035 5235 (tierunt:
3064 5181 3422 5249 subsequetur

1837 5284 2014 5330 autem
2043 5289 2128 5328 me
2149 5289 2254 5328 non
2286 5271 2372 5329 hic
2401 5281 2630 5340 tantum,
2660 5273 2755 5329 sed
2780 5273 2940 5328 etiam
2973 5283 3026 5326 ut
3050 5273 3338 5338 inhabitetn
3365 5273 3424 5328 in

1838 5365 1998 5422 domo
2027 5364 2234 5421 Domini
2265 5365 2318 5420 in
2343 5374 2625 5420 retentum.

1905 5527 1920 5556 ι
1949 5524 2083 5581 Edd.,
2107 5531 2157 5586 In
2172 5521 2332 5586 finem,
2359 5521 2595 5584 Psalmus,
2616 5529 2712 5573 etc.
2745 5521 2910 5584 Abest,
2937 5529 2994 5576 In
3006 5517 3169 5586 ﬁnem,
3189 5531 3217 5570 a
3239 5514 3346 5586 MSS,
3370 5529 3424 5573 et

1837 5601 1867 5639 a
1887 5589 2035 5637 sacris
2062 5585 2234 5635 Bibliis.

1902 5653 1923 5719 ξ
1945 5656 2092 5719 vetus
2112 5649 2266 5719 codex
2289 5649 2446 5708 Corb.,
2469 5661 2500 5697 a
2521 5647 2637 5719 ﬁde.

1903 5712 1924 5746 ⁸
1945 5711 2078 5778 [τᾼόη
2123 5709 2209 5778 sed
2232 5707 2464 5778 maiorem
2485 5707 2868 5778 cibumsumam.
2897 5707 3084 5778 Aliquot
3119 5715 3248 5773 Mss,
3274 5720 3426 5778 mim-

1837 5788 1917 5826 τεε
1947 5771 2090 5824 cibos.
2115 5771 2202 5822 Alii
2223 5770 2416 5834 plures:
2442 5771 2598 5834 "artior
2622 5771 2796 5834 cibum.
2973 5770 2997 5834 _'
3235 5771 3238 5773 ’
3324 5770 3357 5834 Ϊ

1904 5824 1976 5898 (ιι)
2004 5842 2070 5882 Dc
2088 5834 2176 5881 hac
2200 5824 2336 5894 parte
2355 5847 2483 5881 vers.
2511 5824 2540 5880 fi
2567 5833 2673 5882 virlo
2697 5840 2856 5880 En'irr.
2887 5832 3001 5883 Psal.
3031 5848 3180 5886 vvw.
3203 5850 3251 5882 n.
3280 5832 3357 5882 Η.
