3950 6422
963 575 1042 634 ΙΝ
1087 571 1462 634 PSALMUM
1506 570 1723 632 XXIII

1146 693 1568 750 ENAIIRATIO.

829 805 1068 861 Psalmus
1095 808 1197 878 ipsi
1219 807 1410 874 David,
1442 808 1607 879 prium
1634 807 1848 863 sabbati.

629 922 683 977 Ι.
713 921 860 994 [νινε.
915 921 993 993 1.]
1020 921 1262 976 Psalmus
1293 922 1390 992 ipsi
1423 921 1585 976 David
1605 961 1620 986 ,
1651 921 1718 976 de
1758 917 2138 976 clariﬁcationo

464 1068 474 1092 ,,
557 1022 614 1070 et
636 1014 1029 1070 resurrectione
1079 1015 1312 1082 Domini,
1340 1031 1459 1086 quae
1486 1016 1744 1070 matutino
1769 1015 1956 1086 prima:
2001 1014 2127 1071 sab-

466 1170 467 1173 η
547 1105 660 1164 bati
691 1105 826 1162 facta
857 1115 960 1172 est,
989 1107 1079 1177 qui
1116 1106 1226 1177 jam
1265 1106 1380 1162 dies
1402 1105 1698 1162 dominicus
1722 1105 1936 1161 dicitur.

616 1201 672 1257 2.
722 1199 873 1274 [vers.
903 1197 984 1272 2.]
1011 1198 1218 1254 Domini
1245 1209 1316 1254 est
1345 1209 1480 1253 terra
1508 1206 1554 1252 et
1578 1197 1839 1268 plenitudo
1873 1197 2004 1270 ejus,
2033 1212 2125 1252 or-

457 1289 471 1309 ’
546 1297 622 1352 bis
665 1305 912 1350 terrarum
935 1304 980 1349 et
1011 1295 1231 1349 universi
1251 1295 1337 1364 qui
1361 1293 1588 1348 habitant
1623 1293 1676 1347 in
1700 1308 1760 1346 ea
1786 1291 1804 1325 ί
1836 1306 1854 1346 :
1882 1304 2005 1348 cum
2027 1289 2135 1346 cla-

463 1403 466 1407 ‘
551 1388 789 1443 rilicatus
819 1385 1076 1440 Dominus
1118 1386 1459 1440 annuntiatur
1482 1385 1534 1440 in
1567 1383 1726 1439 fidem
1749 1383 1986 1440 omnium
2009 1397 2131 1454 gen-

549 1480 680 1535 tium
705 1521 719 1546 ,
751 1489 805 1533 et
826 1479 1108 1534 universus
1147 1479 1294 1533 orbis
1320 1485 1583 1533 terrarum
1617 1476 1675 1530 lit
1701 1474 1937 1531 Ecclesia
1992 1474 2128 1545 ejus.

547 1571 674 1642 Ipse
692 1589 842 1642 super
869 1572 1029 1625 maria
1054 1570 1286 1641 fundavit
1312 1587 1422 1626 eam
1469 1587 1488 1625 :
1517 1571 1630 1641 ipse
1671 1567 1973 1624 firmissime
2019 1577 2131 1622 sta-

548 1661 723 1718 bilivit
757 1677 872 1717 eam
900 1677 1060 1730 super
1097 1677 1286 1717 omnes
1314 1661 1505 1717 ﬂuctus
1547 1660 1726 1716 seculi
1753 1660 1934 1729 hujus,
1961 1667 2019 1714 ut
2062 1658 2131 1714 ab

547 1770 611 1812 ea
641 1763 1050 1825 superarentur,
1097 1769 1198 1810 nec
1245 1763 1501 1811 nocerent
1543 1755 1612 1810 ei.
1644 1753 1714 1808 Et
1739 1769 1894 1824 super
1919 1753 2134 1824 ﬂumina

547 1848 856 1915 praeparavit
893 1863 1004 1900 eam
1036 1861 1054 1900 :
1088 1844 1302 1901 ﬂumina
1347 1846 1398 1900 in
1447 1860 1594 1901 mare
1645 1843 1846 1911 ﬂuunt,
1869 1853 1925 1900 et
1951 1843 2130 1914 cupidi

546 1937 793 1992 homines
843 1937 1090 1992 labuntur
1114 1937 1166 1991 in
1213 1937 1465 1992 smculum
1493 1952 1506 1998 ;
1539 1939 1698 1991 etiam
1739 1936 1872 1992 istos
1913 1944 2132 2005 supcrat

545 2027 787 2084 Ecclesia
814 2045 932 2098 quae
981 2029 1206 2084 devictis
1243 2044 1337 2098 per
1375 2027 1468 2084 Dei
1496 2027 1721 2098 gratiam
1749 2026 2130 2096 cupiditatibus

553 2121 898 2176 saecularibus
941 2121 1007 2176 ad
1053 2121 1410 2192 recipiendam
1461 2120 1913 2178 immortalitatem
1948 2120 2130 2177 chari-

546 2221 656 2268 tate
677 2221 857 2282 parata
878 2222 960 2267 est
981 2216 1022 2265 ².

617 2307 670 2360 5.
701 2303 850 2378 [vers.
893 2304 971 2379 5.]
1011 2307 1135 2372 Quis
1170 2307 1402 2360 ascendet
1428 2307 1479 2360 in
1505 2315 1720 2360 montem
1747 2306 1990 2363 Domini?
2014 2307 2131 2378 quis

549 2398 806 2454 ascendet
854 2400 908 2453 in
937 2399 1250 2454 altissimam
1291 2399 1550 2468 justitiam
1591 2399 1850 2455 Domini?
1892 2402 1993 2455 Ant
2017 2404 2130 2474 quis

546 2489 697 2544 stabit
723 2490 776 2543 in
803 2489 914 2544 loco
943 2498 1118 2544 sancto
1149 2491 1256 2560 ejus
1279 2489 1305 2543 ?
1330 2498 1420 2544 aut
1458 2491 1578 2560 quis
1600 2491 1933 2558 permanebit
1961 2489 2013 2546 in
2042 2506 2124 2558 eo,

545 2595 652 2650 quo
676 2581 929 2636 ascendet
953 2596 1134 2652 ,super
1160 2581 1327 2636 maria
1365 2579 1583 2638 fundato
1611 2590 1668 2637 et
1712 2595 1876 2654 super
1908 2581 2128 2642 ﬂumina

547 2682 852 2743 praeparato
872 2674 988 2729 loco
1009 2673 1034 2726 ἲ

549 2798 551 2800 -
613 2765 669 2820 4.
700 2763 849 2838 [vers.
881 2765 958 2839 4.]
1007 2765 1257 2822 Innocens
1301 2767 1531 2822 manibus
1577 2777 1624 2821 et
1669 2768 1887 2822 mundus
1922 2767 2078 2823 corde
2102 2784 2124 2824 :

545 2855 664 2926 quis
688 2871 818 2926 ergo
849 2856 973 2912 illuc
1000 2856 1288 2922 ascendet,
1323 2866 1378 2912 et
1415 2856 1746 2928 permanebit
1774 2858 1842 2912 ibi
1866 2900 1882 2920 ,
1911 2857 2014 2914 nisi
2047 2857 2130 2914 in-

541 2959 742 3001 nocens
792 2946 846 3000 in
896 2946 1182 3017 operibus,
1227 2957 1283 3003 et
1324 2948 1552 3004 mundus
1589 2948 1641 3003 in
1685 2948 2129 3017 cogitationibus?

544 3036 649 3104 Qui
694 3054 795 3091 non
833 3040 1024 3107 accepit
1061 3039 1114 3093 in
1146 3055 1276 3092 vano
1307 3039 1532 3094 animam
1580 3055 1723 3093 suam
1751 3040 1882 3110 :qui
1923 3056 2032 3094 non
2071 3039 2127 3095 in

540 3127 705 3183 rebus
739 3142 844 3182 non
890 3129 1328 3199 permanentibus
1353 3129 1626 3199 deputavit
1653 3131 1885 3184 animam
1927 3145 2079 3186 suam
2107 3171 2126 3198 ,

540 3219 638 3275 sed
665 3234 783 3274 eam
813 3220 1168 3276 immortalem
1201 3222 1459 3288 sentiens,
1493 3223 1845 3279 aztcrnitatem
1877 3223 2126 3279 stabilem

545 3321 706 3380 atque
752 3311 1242 3368 incommutabilem
1288 3313 1630 3369 desiderarit.
1680 3313 1748 3368 Et
1799 3331 1900 3370 non
1923 3316 2126 3385 juraoit

543 3403 777 3473 proximo
819 3420 910 3458 suo
945 3405 999 3458 in
1028 3402 1148 3457 dolo
1177 3414 1271 3460 :et
1318 3404 1438 3460 ideo
1482 3405 1598 3460 sine
1636 3404 1797 3473 dolo,
1825 3406 1967 3463 sicut
1998 3406 2131 3462 sim-

543 3495 702 3566 plicia
728 3505 783 3551 et
827 3512 932 3551 non
977 3497 1213 3552 fallentia
1254 3506 1379 3554 sunt
1401 3505 1600 3553 aeterna
1624 3539 1642 3566 ,
1672 3497 1744 3554 ita
1781 3511 1842 3554 se
1897 3497 2126 3569 praebuit

541 3587 788 3656 proximo
809 3602 925 3643 suo.

617 3678 670 3734 5.
715 3677 872 3752 [rem
921 3678 1002 3753 5.]
1033 3680 1132 3735 llic
1150 3683 1362 3752 accipiet
1405 3680 1797 3738 benedictionem
1822 3699 1856 3737 a
1883 3681 2122 3752 Domino,

543 3775 593 3823 et
630 3769 1024 3824 misericordiam
1046 3788 1079 3825 a
1105 3771 1214 3828 Deo
1237 3771 1451 3829 salutari
1471 3790 1584 3828 suo.

613 3859 668 3915 6.
699 3859 849 3934 [vers.
879 3859 957 3936 6.]
989 3863 1115 3918 Ilwc
1161 3875 1235 3920 est
1278 3867 1532 3938 generatio
1567 3867 1900 3937 quaerentium
1945 3865 2125 3923 Domi-

540 3968 666 4007 num
701 3968 718 4007 :
751 3953 830 4010 sic
870 3955 1012 4009 enim
1055 3965 1344 4012 nascuntur
1389 3956 1479 4028 qui
1509 3967 1752 4028 qua-runt
1797 3974 1941 4013 eum.
1973 3959 2130 4025 Quar-

541 4046 761 4100 rcntium
790 4047 970 4117 faciem
999 4044 1096 4100 Dei
1121 4047 1285 4104 Jacob
1326 4047 1402 4120 (ιι)
1433 4058 1913 4119 :qumruntautem
1940 4051 2128 4107 faciem

542 4135 677 4204 Dei,
705 4137 793 4208 qui
830 4139 1093 4208 posterius
1123 4147 1249 4194 nato
1274 4139 1559 4209 primatum
1581 4139 1748 4196 dedit.

540 4249 548 4296 ί
614 4227 668 4280 7.
717 4226 866 4301 [uers.
897 4227 976 4302 7.]
1021 4228 1208 4284 Tollite
1246 4240 1418 4300 portas
1459 4231 1709 4301 principes
1738 4233 1885 4288 vestri
1920 4233 1941 4266 ⁸
1971 4235 2130 4306 :qui-

545 4335 777 4389 cumque
805 4321 1156 4392 principatum
1183 4322 1237 4376 in
1266 4321 1568 4377 hominibus
1593 4324 1855 4393 qua-ritis,
1897 4327 2124 4393 auferte,

543 4426 617 4467 ne
644 4411 955 4482 impediant.
983 4411 1158 4468 aditus
1184 4427 1318 4483 quos
1341 4427 1435 4467 vos
1464 4414 1724 4469 statuistis
1749 4416 2055 4487 cupiditatis
2076 4427 2130 4474 et

545 4504 778 4560 timoris.
811 4503 878 4558 Et
910 4505 1174 4560 elevamini
1223 4515 1382 4575 porta:
1405 4506 1668 4562 wternales
1702 4524 1722 4562 :
1749 4518 1805 4565 et
1843 4509 2128 4567 clevamini

542 4593 723 4650 aditus
749 4605 964 4652 mternm
985 4597 1127 4663 vitm,
1155 4597 1560 4653 renuntiationis
1601 4599 1797 4654 sarculo
1817 4609 1871 4655 et
1899 4616 2128 4658 conver-

545 4687 716 4743 sionis
741 4687 807 4743 ad
858 4688 1047 4744 Deum.
1093 4688 1159 4742 Et
1187 4689 1410 4744 introibit
1435 4707 1525 4744 res:
1555 4690 1734 4762 gloriae
1758 4708 1777 4747 :
1797 4702 1852 4750 et
1891 4695 2130 4752 introibit

545 4793 664 4844 rex,
695 4779 746 4832 in
799 4795 906 4848 quo
937 4779 1051 4835 sine
1079 4779 1328 4851 superbia
1363 4781 1691 4852 gloriemur;
1723 4784 1812 4854 qui
1863 4787 2128 4855 superatis

542 4871 718 4940 portis
746 4871 1102 4933 mortalitatis,
1135 4882 1189 4927 et
1227 4872 1502 4943 patefactis
1545 4874 1644 4928 sibi
1672 4875 1999 4943 cmlestibus,
2028 4878 2128 4933 im-

543 4963 711 5032 plevit
738 4963 879 5033 quod
920 4965 994 5018 ait
1023 4983 1035 5018 :
1067 4963 1310 5034 Gaudete,
1343 4965 1580 5038 quoniam
1616 4983 1707 5039 ego
1745 4969 1841 5024 vici
1883 4971 2128 5026 secutum

545 5051 726 5124 (Jonn.
757 5069 866 5120 XVI,
901 5056 1012 5123 55).

616 5148 670 5203 8.
707 5147 858 5221 [rcrs.
906 5149 984 5222 8.]
1035 5149 1158 5216 Quis
1177 5161 1250 5208 cst
1272 5153 1364 5207 iste
1397 5170 1487 5207 rex
1518 5154 1695 5225 gloria‘
1715 5154 1742 5209 1’
1771 5165 1924 5225 pavet
1954 5155 2128 5215 admi-

542 5253 670 5295 rans
714 5250 904 5294 natura
940 5241 1177 5295 mortalis
1201 5284 1214 5304 ,
1263 5250 1316 5296 et
1351 5245 1542 5314 qna‘rit
1565 5286 1580 5312 ,
1624 5245 1748 5312 Quis
1785 5257 1857 5302 est
1907 5249 2000 5302 iste
2037 5263 2131 5304 res

543 5330 722 5401 gloria:
743 5329 767 5383 ?
789 5330 1038 5384 Dominus
1079 5334 1223 5402 fortis
1247 5345 1292 5388 et
1317 5345 1493 5404 potens
1519 5354 1533 5388 :
1557 5352 1712 5406 quem
1748 5346 1799 5390 ttt
1848 5336 2120 5395 infirmum

544 5429 602 5476 ct
631 5437 944 5490 oppressum
984 5425 1196 5490 putasti.
1230 5423 1475 5479 Dominus
1516 5437 1690 5496 potens
1725 5428 1775 5481 in
1806 5428 1934 5483 bello
1961 5444 2130 5485 :con-

605 5559 624 5594 ³
649 5557 783 5618 Ftld.,
806 5558 856 5608 in
878 5572 950 5609 eo.
977 5566 1030 5608 At
1051 5566 1155 5610 Mss.
1181 5569 1460 5612 constanter
1481 5562 1660 5622 ferunt,
1683 5564 1733 5612 in
1755 5578 1830 5614 ea.

605 5623 627 5698 ξ
651 5628 848 5698 tmpus.
877 5622 1130 5698 innuero.
1158 5622 1526 5698 innwrtalitatis
1549 5626 1640 5675 cla'
1655 5627 1816 5677 itatem
1842 5634 2011 5698 parato
2033 5634 2119 5677 est.

605 5681 628 5714 ³
651 5682 782 5752 ινῖιΙιΙ.,
824 5688 1033 5752 ιέεβναδ..
1211 5695 1673 5752 γθερ-ιιυιιδίτιηιθτ,
1712 5681 1856 5740 uestri
1899 5701 1918 5740 .'
1956 5691 2129 5751 sique

543 5749 689 5809 etiam
713 5745 1002 5809 Augustinus
1024 5749 1070 5795 in
1099 5748 1241 5809 epist.
1266 5745 1370 5808 257,
1401 5762 1448 5798 ιι.
1475 5748 1521 5797 8.

603 5803 677 5866 (α)
703 5803 984 5868 Diapsaltna.

1754 362 1811 416 S.
1855 355 2224 416 AUGUSTINI
2260 357 2565 414 EPISCOPI
3705 371 3784 430 ιιι

2255 477 2422 524 trecta
2449 470 2756 535 cicatrices,
2789 480 2844 526 et
2871 473 3073 528 senties
3093 483 3389 544 reparatas,
3416 485 3471 532 ct
3504 477 3778 540 immortali-

2253 561 2347 615 tati
2387 561 2644 617 redditam
2691 563 3053 620 inlirmitatem
3095 565 3403 624 humanam.
3435 568 3685 627 Pcrsoluta
3719 588 3784 632 est

2253 670 2369 723 qua:
2400 654 2691 710 debebatur
2717 655 2894 724 terris,
2923 656 3014 714 ubi
3040 672 3163 716 cum
3189 668 3363 715 morte
3397 660 3686 732 belligerant
3701 676 3778 733 est.

2249 746 2560 803 clarilicatio
2592 749 2820 803 Domini.

2318 841 2372 896 9.
2407 839 2554 914 [verm
2601 840 2680 914 9.]
2725 840 2910 897 Tollite
2961 850 3131 913 portas
3168 844 3422 914 principes
3469 848 3610 901 uestri
3644 849 3784 907 :hinc

2243 929 2354 1000 jam
2382 941 2632 1001 pergatur
2657 933 2708 985 in
2735 933 2952 988 cmlum.
2979 932 3254 987 Exclamat
3295 934 3488 990 iterum
3519 937 3778 1007 prophetica

2247 1021 2372 1076 tuba
2401 1039 2414 1074 :
2439 1020 2629 1077 Tollite
2673 1032 2874 1091 portas,
2902 1021 3063 1076 etiam
3092 1023 3340 1079 cmlcstes
3381 1024 3658 1096 principes,
3682 1045 3782 1100 quas

2245 1111 2453 1176 habetis
2501 1114 2552 1168 in
2602 1113 2794 1168 animis
2851 1112 3126 1170 hominum
3171 1115 3261 1185 qui
3312 1115 3537 1172 adorant
3582 1120 3784 1179 militiam

2242 1204 2364 1260 cmli
2393 1202 2481 1274 (IV
2508 1203 2633 1276 Reg.
2658 1220 2784 1272 XVII,
2811 1205 2922 1276 16).
2955 1203 3024 1259 Et
3050 1206 3314 1261 elevamini
3340 1217 3502 1278 parte
3524 1213 3781 1268 teternales:

2241 1307 2295 1352 et
2319 1297 2598 1352 elevamini
2631 1307 2796 1368 porta:
2837 1308 3054 1354 mternze
3075 1299 3317 1369 justitim,
3358 1299 3626 1357 charitatis
3650 1314 3695 1359 et
3720 1320 3785 1360 ea.

2240 1387 2457 1452 stitatis,
2488 1403 2585 1458 per
2609 1402 2740 1457 quas
2760 1389 2936 1443 anima
2965 1388 3136 1459 diligit
3163 1405 3326 1444 unum
3357 1405 3539 1446 verum
3563 1392 3726 1457 Dcutn,
3748 1408 3786 1452 et

2240 1494 2348 1534 non
2377 1479 2670 1536 fornicatur
2714 1480 2815 1536 sub
2842 1481 3020 1537 multis
3047 1483 3139 1552 qui
3168 1483 3504 1554 appellantur
3524 1483 3612 1540 dii.
3645 1485 3699 1540 Et
3720 1489 3785 1541 iu-

2239 1571 2407 1626 troibit
2431 1588 2522 1627 rex
2539 1573 2715 1643 gloria
2741 1589 2761 1628 :
2784 1583 2840 1628 et
2862 1573 3101 1630 introibit
3122 1590 3214 1630 rex
3239 1575 3446 1645 glorim,
3473 1586 3532 1631 ut
3553 1577 3616 1632 ad
3634 1578 3786 1634 dexte-

2239 1677 2353 1717 ram
2385 1663 2556 1718 Patris
2577 1661 2880 1732 interpellet
2907 1679 3004 1736 pro
3030 1664 3186 1720 nobis
3211 1662 3390 1737 (Rom.
3424 1681 3535 1730 \‘Itl,
3561 1666 3668 1735 54).

2311 1753 2400 1810 10.
2445 1752 2594 1827 [uers.
2629 1753 2741 1828 10.]
2783 1754 2911 1823 Quis
2947 1765 3020 1810 est
3048 1756 3141 1810 iste
3182 1772 3271 1809 rea:
3298 1756 3519 1827 glorise!
3544 1757 3660 1826 quid
3681 1767 3726 1812 et
3745 1767 3785 1812 tu

2238 1846 2487 1918 princeps
2534 1848 2812 1916 potestatis
2853 1849 2994 1904 acris
3035 1848 3192 1919 hujus
3239 1849 3475 1916 miraris,
3521 1859 3573 1905 et
3607 1851 3782 1920 qumris,

2241 1934 2368 2001 Quis
2392 1945 2465 1990 cst
2492 1937 2587 1990 iste
2613 1953 2704 1992 rex
2725 1937 2946 2008 gloriae!
2970 1937 3220 1994 Dominus
3248 1939 3490 1992 uirtutum
3519 1939 3620 2010 ipse
3641 1949 3704 1993 est
3718 1956 3786 1994 res

2235 2028 2416 2100 gloria
2439 2044 2460 2084 :
2488 2038 2543 2084 et
2569 2029 2679 2100 jam
2701 2029 2964 2084 t'ivilicato
2989 2045 3238 2102 corpore,
3272 2046 3434 2102 supra
3463 2039 3514 2087 te
3543 2031 3696 2104 pergit
3717 2031 3784 2086 ille

2238 2128 2503 2186 tentatus;
2531 2136 2689 2191 supra
2716 2135 2905 2177 omnes
2926 2123 3156 2192 Angelos
3179 2121 3367 2188 tendit,
3392 2122 3460 2178 ab
3483 2121 3660 2193 angelo
3682 2138 3784 2192 pne-

2236 2213 2533 2268 varieatore
2577 2211 2668 2268 ille
2715 2221 2968 2268 tentatus.
3014 2212 3184 2268 Nemo
3226 2222 3467 2269 vestrum
3511 2228 3569 2270 se
3609 2213 3783 2284 obiiciat

2234 2311 2400 2374 atque
2430 2303 2751 2359 intercludat
2775 2304 2877 2360 iter
2903 2313 3168 2368 nostrum,
3200 2313 3258 2360 ut
3287 2315 3536 2378 tanquam
3563 2305 3687 2361 Deus
3709 2320 3780 2361 co-

2235 2395 2424 2453 latura
2452 2396 2606 2452 nobis
2629 2413 2643 2448 :
2677 2411 2851 2468 neque
2878 2397 3227 2468 principatus,
3259 2412 3436 2468 neque
3463 2397 3683 2468 angelus,
3707 2411 3780 2451 ne-

2236 2504 2341 2558 que
2364 2489 2534 2545 virtus
2559 2503 2655 2544 nos
2673 2497 2888 2559 separat
2921 2504 2952 2543 a
2981 2489 3240 2545 charitate
3267 2487 3468 2545 Christi
3495 2488 3668 2563 (ibid,
3689 2487 3780 2558 59).

2235 2579 2440 2636 Βοιιιιιη
2465 2591 2543 2636 est
2575 2597 2792 2653 sperare
2813 2581 2866 2636 in
2898 2580 3145 2647 Domino,
3174 2597 3333 2651 quam
3359 2596 3578 2653 sperare
3603 2581 3649 2636 in
3669 2579 3781 2650 pris-

2235 2671 2356 2742 cipe
2401 2670 2577 2742 (Psal.
2623 2687 2784 2737 cxvn,
2817 2671 2888 2742 9)
2919 2689 2934 2726 :
2963 2682 3021 2725 ut
3057 2671 3147 2742 qui
3189 2672 3470 2741 gloriatur,
3515 2673 3564 2726 in
3601 2669 3781 2726 Domino

2235 2763 2492 2834 glorietur
2528 2763 2569 2834 (Ι
2607 2761 2728 2819 Cor.
2761 2779 2799 2829 ι,
2845 2764 2960 2832 5t).
2991 2761 3126 2818 Sunt
3161 2762 3379 2833 quidem
3420 2763 3535 2820 ista:
3574 2763 3623 2816 in
3661 2759 3782 2829 hujus

2235 2855 2420 2912 mundi
2473 2855 2807 2912 ordinatione
2857 2855 3102 2921 virtutes,
3151 2853 3246 2909 sed
3294 2852 3548 2910 Dominus
3586 2853 3780 2907 sirtutun

2233 2947 2344 3018 ipse
2365 2956 2438 3002 est
2465 2963 2556 3001 rea:
2575 2948 2773 3019 glorias.

2635 3161 2716 3222 IN
2758 3160 3140 3223 PSALMUM
3184 3159 3403 3222 XXIV

2802 3279 3222 3338 ENARliATIO.

2589 3398 2658 3453 In
2683 3399 2854 3469 finem,
2882 3395 3124 3454 Psalmus
3149 3397 3250 3467 ipsi
3279 3394 3471 3452 Dauid.

2308 3511 2363 3567 Ι.
2403 3509 2558 3582 [νινε.
2605 3508 2683 3584 1.]
2720 3509 2986 3573 Christus,
3031 3508 3127 3564 sed
3176 3509 3229 3564 in
3274 3509 3532 3566 Ecclesia:
3573 3513 3777 3578 persona.

2234 3601 2472 3673 loquitur
2502 3619 2516 3656 :
2545 3615 2668 3656 nam
2713 3601 2882 3672 magis
2917 3599 2984 3655 ad
3027 3599 3278 3670 populum
3320 3599 3658 3656 christianum
3681 3605 3778 3648 con-

2235 3709 2451 3754 versum
2479 3693 2548 3749 ad
2577 3694 2742 3748 Deum
2769 3694 3039 3764 pertinent
3060 3709 3180 3763 qua:
3203 3691 3474 3749 dicuntur.

2305 3787 2359 3841 2.
2405 3784 2554 3860 [eers.
2584 3784 2666 3858 2.]
2706 3785 2788 3840 Ad
2827 3795 2894 3850 te,
2927 3783 3164 3851 Domine,
3191 3785 3347 3839 (moi
3377 3786 3594 3840 animam
3619 3786 3776 3833 meum

2237 3875 2512 3934 desiderio
2555 3875 2841 3948 spirituali,
2883 3890 3004 3946 qua:
3039 3874 3341 3930 carnalibus
3374 3870 3644 3930 desideriis
3679 3877 3778 3922 con.

2235 3969 2547 4025 culcabatur
2588 3968 2642 4024 in
2685 3975 2850 4024 terra.
2894 3964 3035 4022 Deus
3081 3983 3242 4033 meus,
3281 3967 3334 4021 in
3371 3977 3422 4022 te
3464 3962 3668 4032 conﬁdo,
3699 3969 3776 4010 non

2236 4065 2522 4116 eriibescam
2549 4076 2570 4115 :
2599 4060 2740 4116 Deus
2781 4073 2950 4126 meus,
2994 4073 3062 4114 ex
3092 4073 3158 4114 co
3186 4057 3327 4129 quod
3369 4059 3426 4114 in
3471 4071 3553 4113 me
3588 4045 3777 4108 conlide-

2234 4149 2382 4216 bam,
2434 4149 2720 4220 perductus
2762 4164 2880 4205 sum
2925 4163 3094 4218 usque
3140 4149 3208 4204 ad
3257 4149 3414 4204 istam
3463 4142 3773 4205 inﬁrmitatem

2235 4243 2441 4304 carnis;
2486 4251 2540 4298 et
2566 4241 2655 4312 qui
2698 4239 2911 4296 deserto
2954 4238 3062 4296 Deo
3103 4240 3241 4298 sicut
3272 4240 3414 4296 Deus
3454 4252 3570 4316 esse
3607 4227 3775 4292 νοΙιιίνι

2237 4333 2589 4388 minutissima
2613 4332 2834 4389 bestiola
2857 4341 3082 4388 mortem
3107 4333 3319 4400 timens,
3348 4331 3420 4388 de
3439 4324 3664 4400 superbia
3685 4329 3772 4375 me!

2236 4425 2428 4481 irrisus
2465 4424 2688 4490 erubui;
2713 4423 2825 4495 jam
2870 4438 3002 4495 ergo
3040 4425 3093 4479 in
3134 4434 3186 4479 te
3223 4423 3457 4491 conlldo,
3487 4433 3587 4476 non
3618 4410 3772 4472 erube-

2235 4531 2403 4573 scam.

2307 4609 2363 4664 5.
2405 4606 2556 4681 [vers.
2595 4604 2676 4680 3.]
2717 4604 2896 4678 Neque
2922 4607 3166 4663 irrideant
3191 4607 3482 4665 meinimici
3503 4603 3772 4666 meimch

2236 4699 2492 4755 irrideant
2534 4714 2640 4763 me,
2680 4700 2772 4768 qui
2809 4699 3130 4770 serpentinis
3170 4709 3330 4770 atque
3365 4696 3584 4756 occultis
3623 4697 3771 4758 susse.

2235 4791 2496 4847 stionibus
2520 4790 2853 4857 insidiantes,
2880 4799 2939 4848 et
2973 4801 3318 4862 suggerentes
3349 4790 3516 4862 Euge,
3546 4785 3692 4854 Euge,
3721 4772 3769 4830 ad

2236 4881 2352 4938 [nec
2377 4883 2707 4952 deiecerunt.
2737 4882 2937 4938 Etenim
2961 4884 3180 4939 universi
3211 4883 3299 4953 qui
3332 4893 3379 4940 te
3405 4881 3673 4953 exspectaui
3693 4881 3768 4924 ποι

2234 4977 2625 5050 confundentur.

2305 5069 2361 5123 4.
2403 5067 2551 5142 [vei-8.
2594 5066 2672 5140 4.]
2712 5067 3104 5139 Confundantur
3152 5067 3320 5138 inique
3359 5069 3590 5138 facientes
3626 5063 3764 5114 rana!

2234 5158 2627 5217 confundantur
2677 5160 2854 5230 inique
2894 5158 3168 5227 facientes,
3217 5161 3284 5216 ad
3338 5154 3642 5234 acquirendo
3677 5156 3766 5217 (1³η

2237 5262 2531 5306 transeunt.
2575 5251 2691 5306 Vins
2721 5262 2853 5323 tuas,
2885 5251 3121 5320 Domine,
3151 5263 3295 5309 notas
3321 5257 3405 5326 [ac
3429 5249 3565 5316 mihi,
3586 5255 3629 5301 et
3653 5234 3765 5295 semi-

2237 5355 2316 5400 tas
2353 5355 2466 5400 tuas
2503 5350 2653 5402 edoce
2681 5363 2760 5403 me
2786 5363 2806 5402 :
2830 5363 2948 5418 qua:
2976 5362 3081 5403 non
3119 5347 3239 5404 lata:
3275 5358 3420 5418 sunt,
3445 5360 3540 5404 nec
3573 5331 3761 5396 multitu-

2235 5437 2415 5494 dinem
2448 5437 2513 5494 ad
2543 5440 2814 5495 interitum
2848 5439 3053 5496 ducunt
3081 5439 3292 5512 (llattli.
3315 5457 3410 5508 vn,
3438 5439 3560 5508 15);
3587 5426 3668 5487 δαί
3689 5434 3760 5476 ³⁸³⁸

2235 5539 2414 5602 gustas
2437 5537 2492 5585 ct
2519 5534 2697 5601 paucis
2722 5539 2874 5586 notas
2898 5531 3118 5587 semitas
3144 5541 3259 5588 tuas
3286 5533 3451 5590 edoce
3475 5543 3571 5586 nte.

2305 5621 2357 5677 5.
2400 5619 2550 5690 (vers.
2581 5622 2660 5693 5.]
2702 5621 2876 5693 Dirige
2911 5639 2990 5678 me
3016 5625 3070 5678 in
3109 5625 3314 5679 veritate
3341 5635 3426 5678 tua
3452 5641 3470 5677 :
3493 5621 3676 5677 errores
3697 5602 3756 5698 Γιξ·

2234 5715 2486 5784 gientem.
2519 5712 2588 5768 Et
2629 5713 2752 5769 doce
2779 5732 2858 5768 me
2879 5733 2898 5771 :
2928 5731 3048 5770 nam
3091 5731 3185 5785 per
3224 5717 3480 5788 nteipsum
3518 5722 3610 5766 non
3645 5707 3752 5754 ac".

2236 5807 2335 5862 nisi
2362 5803 2718 5862 mendacium.
2751 5807 3003 5874 Quoniam
3033 5819 3087 5865 tu
3112 5825 3163 5866 es
3196 5807 3332 5865 Deus
3371 5801 3591 5865 salutaris
3616 5800 3749 5851 υκαι
