3950 6400
166 383 251 442 185
1206 373 1606 434 ENARRATIO
1641 372 1710 430 IN
1747 372 2071 432 PSALMUM
2108 373 2299 431 XXIV.

160 506 199 551 et
231 504 273 551 te
302 493 525 550 sustinui
560 500 664 547 tota
700 491 821 549 die:
845 504 1022 560 neque
1060 488 1205 545 enim
1232 486 1486 543 dimissus
1526 501 1557 541 a
1588 494 1640 541 te
1664 484 1733 541 de

160 583 386 656 paradiso
434 583 590 659 (Gen.
628 599 705 648 ιιι,
732 582 848 654 23),
882 590 939 637 ct
976 582 1028 636 in
1074 579 1414 653 longinquam
1459 580 1731 650 regionem

160 677 509 748 peregrinatus
533 673 681 747 (Luc.
708 689 799 740 sv,
842 674 952 743 13).
984 687 1080 743 per
1108 673 1370 743 meipsnm
1408 672 1584 727 redire
1611 686 1733 741 pos-

157 785 282 834 sum,
320 768 423 822 nisi
472 780 724 822 occurras
759 765 994 828 erranti;
1024 779 1147 819 nam
1192 762 1397 819 reditus
1438 777 1591 817 meus
1622 770 1733 817 toto

159 870 311 916 tractu
364 858 623 930 temporis
658 856 930 912 saecularis
977 853 1395 911 misericordiam
1428 862 1570 908 tuam
1608 867 1731 907 sus-

158 951 317 1008 tinttit.

122 1052 139 1113 ξ
218 1044 269 1099 6.
308 1039 458 1115 (vers.
488 1037 569 1113 6.]
610 1038 947 1094 Reminiscere
967 1039 1343 1093 miserationum
1371 1045 1593 1103 tuarum,
1625 1035 1731 1091 Do-

121 1120 278 1189 9mine
306 1149 324 1187 :
354 1132 696 1186 reminiscere
734 1145 959 1200 operum
1012 1126 1393 1185 misericordia:
1442 1137 1569 1195 ture,
1625 1128 1731 1182 Do-

156 1226 308 1289 mine,
335 1223 455 1293 quia
485 1233 732 1293 tanquam
763 1221 989 1277 oblitum
1040 1230 1092 1276 te
1130 1219 1375 1276 ltotniues
1416 1229 1621 1289 putant.
1664 1218 1731 1274 Et

158 1316 267 1387 quia
294 1313 652 1368 misericordia:
679 1325 779 1367 tua:
818 1330 851 1367 a
886 1314 1073 1368 ueruto
1099 1321 1215 1368 sunt
1241 1327 1261 1367 :
1290 1321 1344 1366 et
1378 1312 1481 1367 hoc
1508 1310 1729 1368 remini-

155 1422 320 1473 scere,
362 1408 485 1477 quia
517 1406 896 1461 misericordia:
932 1415 1036 1461 tua:
1080 1420 1113 1460 ιι
1161 1406 1360 1460 szccnlo
1400 1415 1542 1459 sunt.
1586 1405 1727 1461 Nun-

152 1516 301 1572 quam
341 1500 481 1554 enim
525 1500 641 1555 sine
686 1499 791 1554 illis
841 1498 1006 1563 fuisti,
1057 1499 1147 1569 qui
1204 1498 1367 1553 etiam
1418 1508 1728 1569 peccantem

151 1592 409 1647 hominem
440 1592 661 1646 vanitati
697 1592 934 1662 quidem,
985 1590 1082 1646 sed
1119 1591 1171 1645 in
1216 1605 1312 1660 spe
1351 1590 1647 1660 subjeeisti,
1676 1599 1730 1646 et

151 1692 223 1738 tot
246 1684 508 1754 tantisque
531 1692 793 1739 creatura:
820 1691 925 1738 tua:
949 1681 1405 1738 consolationibus
1434 1697 1541 1737 non
1570 1682 1729 1737 dese-

147 1777 319 1831 ruisti.

216 1867 265 1920 7.
307 1865 456 1939 (vers.
500 1864 578 1941 7.]
618 1865 816 1923 Delicta
849 1866 1131 1937 juventutis
1174 1879 1299 1919 mea:
1338 1874 1386 1918 et
1428 1865 1732 1935 ignorantia:

146 1972 268 2012 mea:
294 1974 355 2011 ne
390 1957 675 2012 memineris
700 1972 721 2011 :
744 1956 937 2011 delicta
977 1954 1296 2011 contidcntis
1328 1954 1565 2010 audacia:
1596 1970 1730 2010 mea:

147 2058 201 2104 et
234 2048 540 2118 ignorantia:
587 2064 720 2105 mea:
764 2064 831 2104 ne
872 2048 938 2103 ad
987 2048 1274 2103 vindictam
1323 2062 1588 2113 reserves,
1634 2046 1730 2102 sed

150 2150 389 2213 tauquam
416 2141 667 2197 excidant
693 2141 808 2196 tibi.
839 2140 1132 2197 Secundum
1163 2140 1563 2194 misericordia»:
1588 2149 1730 2193 tuam

149 2247 333 2286 memor
358 2241 460 2288 esto
480 2233 599 2298 mei,
628 2230 769 2287 Deus
792 2248 811 2286 :
832 2246 1041 2286 memor
1077 2241 1193 2287 esto
1220 2230 1434 2302 quidem
1463 2231 1587 2293 mei,
1620 2245 1728 2284 non

149 2326 429 2380 secundum
474 2326 610 2381 iram
638 2340 742 2396 qua
769 2340 868 2397 ego
895 2325 1087 2395 dignus
1116 2340 1256 2390 sum,
1304 2324 1399 2380 sed
1436 2323 1728 2379 secundum

152 2416 564 2473 misericordiam
589 2427 730 2472 tuam
757 2433 872 2488 qua:
901 2427 952 2472 te
975 2417 1131 2488 digna
1157 2425 1259 2472 est.
1290 2414 1511 2483 PrOpter
1526 2417 1728 2471 bonita-

154 2517 248 2563 tem
272 2518 422 2574 tuam,
450 2507 673 2564 Domine
692 2524 712 2565 :
734 2523 839 2563 non
873 2518 1091 2579 pr0pter
1126 2508 1376 2563 meritum
1402 2522 1604 2576 meum,
1631 2507 1728 2563 sed

151 2609 361 2670 propter
387 2600 682 2655 bonitatem
713 2609 878 2665 tuam,
911 2599 1156 2654 Domine.

218 2688 272 2744 8.
314 2689 459 2763 Iners.
489 2688 569 2763 8.]
611 2689 787 2745 Dulcis
826 2700 871 2744 et
909 2701 1073 2744 rectus
1120 2690 1364 2744 Dominus
1388 2706 1407 2745 :
1434 2689 1605 2746 dulcis
1646 2698 1729 2747 est

152 2778 418 2848 Dominus,
448 2782 874 2852 quandoquidem
917 2792 970 2837 et
1006 2791 1290 2852 peccantes
1333 2791 1388 2837 ct
1433 2783 1626 2852 impios
1655 2782 1727 2839 ita

153 2869 423 2926 miseratus
464 2880 568 2939 est,
598 2881 658 2926 ut
696 2874 879 2927 omnia
921 2873 1097 2943 priora
1131 2873 1373 2938 donarit;
1424 2874 1517 2929 sed
1564 2874 1726 2929 etiam

152 2968 322 3016 rectus
358 2970 439 3017 est
481 2961 758 3028 Dominus,
807 2963 899 3033 qui
939 2972 1061 3034 post
1103 2962 1522 3018 misericordiam
1564 2979 1725 3020 voca-

154 3052 307 3108 tionis
330 3061 383 3109 et
408 3054 600 3122 venue,
635 3070 757 3125 qua:
787 3054 945 3110 liabet
979 3056 1205 3126 gratiam
1235 3055 1351 3111 sine
1382 3054 1607 3123 meritis,
1639 3055 1725 3111 di-

157 3157 249 3213 gna
288 3143 470 3201 ultimo
489 3144 693 3216 judicio
734 3146 923 3201 merita
968 3147 1222 3216 requiret.
1272 3144 1491 3217 Propter
1518 3147 1613 3202 ltoc
1649 3147 1726 3203 le-

158 3251 259 3305 gem
290 3246 465 3292 statuet
492 3238 894 3310 delinquentibus
931 3238 985 3291 in
1010 3238 1091 3292 via
1114 3253 1135 3293 :
1160 3238 1281 3309 quia
1307 3238 1726 3295 miscricordiam

158 3329 460 3398 prterogavit
495 3339 553 3384 ut
583 3328 897 3399 perduceret
925 3328 976 3382 in
1013 3329 1174 3384 viam.

223 3417 272 3474 9.
311 3418 456 3492 [rem
488 3420 568 3494 9.]
609 3420 805 3492 Dirt'get
826 3423 969 3476 mites
996 3423 1048 3476 in
1057 3423 1259 3494 judicio
1284 3439 1303 3477 :
1323 3422 1514 3494 diriget
1548 3425 1725 3493 mites,

163 3523 254 3565 nec
277 3512 598 3581 perturbabit
640 3514 693 3567 in
718 3512 922 3583 judicio
953 3528 1046 3569 eos
1082 3515 1170 3585 qui
1212 3525 1510 3584 sequuntur
1536 3517 1729 3570 volun-

162 3609 313 3660 tatem
338 3606 471 3677 ejus,
512 3623 611 3663 ncc
638 3609 687 3663 ei
728 3609 1024 3665 resistendo
1054 3620 1370 3681 praeponunt
1409 3627 1581 3666 suam.
1623 3611 1729 3667 Do-

152 3694 276 3749 cebit
304 3710 583 3753 mansuetos
610 3698 717 3753 vias
753 3716 873 3753 suas
901 3716 919 3754 :
944 3699 1158 3755 docebit
1187 3701 1298 3756 vias
1327 3716 1472 3767 suas,
1502 3718 1608 3758 non
1634 3718 1728 3757 eos

151 3786 245 3855 qui
272 3803 590 3855 pta-currere
626 3791 831 3857 volunt,
863 3794 1014 3863 quasi
1061 3793 1268 3864 seipsos
1310 3795 1499 3850 melius
1540 3812 1730 3866 regere

155 3879 379 3946 possint;
421 3880 518 3937 sed
552 3896 644 3936 eos
673 3882 761 3952 qui
807 3898 911 3937 non
952 3883 1197 3949 erigunt‘
1233 3884 1517 3951 cervicem,
1550 3900 1724 3955 neque

154 3970 507 4037 rccaleitrant,
540 3988 662 4027 cum
698 3973 778 4028 eis
801 3973 987 4043 jugum
1028 3973 1152 4029 lene
1194 3974 1484 4044 imponitur
1524 3985 1578 4031 et
1611 3991 1729 4031 sar-

155 4060 271 4117 cina
298 4064 427 4120 levis
448 4064 664 4138 (Matth.
696 4080 773 4128 st,
807 4065 922 4136 50).

227 4155 307 4211 10.
349 4154 498 4230 [rem
529 4157 645 4230 10.]
687 4158 946 4214 Unioersat
963 4159 1057 4214 vita
1079 4158 1287 4214 Domini
1311 4160 1656 4215 misericordia
1683 4170 1731 4215 et

155 4250 325 4303 veritas
350 4250 447 4321 (a).
492 4250 636 4319 Quas
664 4260 841 4305 autem
870 4252 982 4307 vias
1006 4252 1220 4308 docebit
1262 4267 1378 4320 eos,
1414 4254 1512 4307 nisi
1561 4255 1732 4310 mise-

157 4340 431 4397 ricordiam
463 4358 565 4413 qua
595 4336 887 4413 placabilis,
937 4352 992 4399 et
1015 4344 1294 4400 veritatem
1333 4362 1434 4415 qua
1483 4347 1733 4399 incorru-

154 4440 271 4504 ptus
310 4435 432 4490 est?
460 4433 695 4503 Quorum
738 4450 903 4490 unum
944 4436 1170 4506 prtebuit
1210 4436 1461 4492 donando
1491 4447 1729 4508 peccata,

154 4527 371 4585 alterum
397 4530 586 4586 merita
609 4528 919 4600 judicando.
953 4530 1019 4585 Et
1044 4530 1165 4586 ideo
1205 4530 1467 4586 universa:
1496 4532 1595 4585 via:
1623 4531 1731 4586 Do-

157 4621 297 4688 mini,
325 4620 432 4676 duo
456 4619 717 4677 adventus
757 4620 875 4676 Filii
906 4622 1020 4688 Dei,
1064 4636 1203 4678 unus
1245 4623 1567 4689 miserantis,
1598 4624 1735 4679 alter

155 4709 452 4780 iudicantis.
493 4712 743 4768 Pervenit
770 4725 900 4782 ergo
927 4711 995 4766 ad
1043 4726 1167 4767 eum
1202 4722 1395 4769 tenens
1432 4714 1548 4769 vias
1592 4714 1729 4784 ejus,

157 4803 241 4873 qui
268 4803 424 4859 nullis
452 4803 658 4860 meritis
701 4804 812 4858 suis
859 4818 918 4859 se
944 4803 1225 4859 liberatum
1273 4804 1481 4871 videns,
1513 4806 1734 4875 deponit

153 4896 468 4967 superbiam,
513 4904 567 4951 et
597 4896 852 4967 deinceps
893 4906 1050 4951 cavet
1090 4897 1443 4952 examinantis
1481 4899 1737 4954 severita-

151 5000 276 5055 tem,
308 4990 399 5060 qui
428 4990 768 5045 clcmcntiam
807 4989 1173 5048 subvenientis
1214 5000 1473 5060 expertus
1502 5002 1604 5047 est.
1635 4991 1735 5047 Re—

142 5085 454 5157 quirentibus
483 5094 828 5139 testamentum
853 5085 964 5156 ejus
990 5095 1034 5138 et
1072 5084 1355 5138 testimonia
1396 5086 1506 5157 ejus
1532 5101 1551 5139 :
1579 5085 1736 5141 intelo

150 5183 316 5250 ligant
350 5180 492 5234 enim
523 5178 801 5234 Dominum
837 5178 1236 5234 misericordem
1268 5177 1439 5246 primo
1480 5177 1729 5244 adventu,

156 5284 204 5327 ct
230 5271 465 5327 secundo
488 5270 749 5340 judicem,
779 5270 867 5340 qui
898 5270 1054 5324 mites
1079 5278 1133 5325 ct
1160 5270 1421 5326 mansueti
1453 5273 1734 5341 requirunt

158 5372 530 5420 testamentum
574 5364 711 5434 ejus,
743 5379 861 5418 cum
893 5364 1149 5433 sanguine
1187 5379 1285 5417 suo
1312 5378 1408 5418 nos
1449 5364 1502 5419 in
1543 5380 1734 5422 novam

159 5459 309 5511 vitam
349 5456 610 5519 redemit;
655 5463 711 5511 et
751 5454 803 5510 in
849 5454 1129 5527 Prophetis
1170 5464 1330 5526 atque
1379 5454 1736 5527 Evangelistis

158 5549 449 5605 testimonia
480 5548 614 5617 ejus.

215 5727 231 5759 ⁸
257 5732 306 5775 ιιι
328 5726 555 5775 omnibus
574 5724 754 5785 nostris
772 5729 900 5785 $5.,
925 5722 1135 5783 rapiunt.

160 5788 289 5903 ,ἐξ
306 5787 593 5903 ugmnvegs.
621 5784 681 5839 10
696 5784 925 5840 tractatur
942 5786 991 5838 iu
1008 5791 1145 5838 Enar.
1169 5784 1292 5840 Psal.
1308 5798 1390 5848 ex,
1408 5798 1457 5837 ιι.
1480 5786 1545 5851 9;
1568 5801 1732 5852 cum,

3324 382 3430 441 186

1912 488 1999 542 11.
2042 485 2190 559 [vers.
2222 486 2336 553 11.]
2376 488 2595 560 PrOpter
2631 507 2811 547 nomen
2848 501 3010 559 tuum,
3040 492 3276 564 Domine,
3310 514 3429 567 pro-

1839 580 2096 650 pitiaberis
2144 592 2345 651 peccato
2392 599 2499 637 meo
2517 600 2536 648 ;
2569 584 2780 639 multum
2821 596 2893 640 est
2922 588 3053 641 enim
3072 604 3091 642 :
3123 604 3226 642 non
3256 590 3427 647 solum

1838 685 2055 743 peccata
2090 691 2204 728 mea
2235 674 2465 739 donasti,
2516 694 2633 746 qua:
2679 686 2960 748 antequam
3008 681 3282 737 crederem
3328 684 3426 738 ad-

1837 767 1994 830 misi;
2028 766 2120 820 sed
2151 776 2203 821 et
2234 776 2452 837 peccato
2484 783 2623 832 meo,
2655 769 2796 839 quod
2838 771 3059 826 Illllittlltl
3089 784 3192 837 est,
3226 774 3345 843 quia
3373 784 3429 829 et

1837 857 1890 912 in
1921 857 2004 913 via
2036 876 2140 913 tton
2172 858 2323 913 deest
2366 858 2612 927 ochnsiu,
2658 861 2917 917 sacrilicio
2946 866 3285 919 contribulati
3318 868 3427 938 Spi-

1837 949 1973 1007 ritus
2002 951 2392 1022 propitiaberis.

1909 1042 1997 1098 19..
2029 1041 2196 1115 [vers.
2232 1042 2358 1114 19η]
2401 1045 2523 1110 Quis
2570 1056 2642 1099 cst
2688 1047 2877 1112 homo,
2903 1048 2990 1118 qui
3032 1050 3199 1103 timeat
3247 1048 3430 1105 Domi—

1836 1136 1998 1189 num?
2028 1136 2165 1190 unde
2195 1136 2377 1206 incipit
2401 1138 2584 1192 venire
2624 1137 2690 1191 ad
2740 1139 3073 1208 sapientiam.
3105 1140 3288 1212 Legem
3325 1154 3431 1198 sta-

1837 1236 1938 1281 tuet
1968 1229 1984 1259 ¹
2014 1228 2057 1281 ei
2098 1230 2149 1281 in
2194 1229 2272 1283 via
2316 1245 2467 1299 quam
2510 1229 2655 1301 elegit
2688 1246 2706 1283 :
2750 1231 2918 1301 legem
2962 1242 3157 1288 statuet
3182 1235 3231 1289 ei
3264 1236 3314 1289 in
3350 1237 3431 1294 via

1836 1336 1993 1391 quam
2027 1322 2161 1377 liber
2187 1322 2580 1391 apprehendit,
2612 1340 2678 1378 ne
2710 1325 2925 1393 impune
2948 1324 3054 1393 jam
3087 1339 3289 1395 peccet.

1908 1414 1996 1468 15.
2029 1412 2197 1487 [vers.
2228 1413 2355 1488 13.]
2394 1414 2575 1468 Anima
2606 1417 2713 1483 ejus
2744 1416 2793 1469 in
2822 1416 2964 1471 bonis
2993 1418 3363 1485 demorabitur,
3386 1428 3432 1475 et

1834 1521 2002 1559 senten
2032 1507 2141 1576 ejus
2173 1506 2462 1560 haereditate
2500 1506 2768 1576 possidebit
2810 1517 2993 1561 terram
3031 1525 3049 1563 :
3078 1518 3127 1565 et
3158 1527 3290 1579 opus
3318 1512 3433 1581 ejus

1836 1598 2200 1653 ltzrreditatem
2233 1598 2455 1652 solidam
2490 1599 2765 1652 instaurati
2792 1600 3035 1668 corporis
3067 1600 3375 1670 possidebit.

1910 1692 1998 1745 14.
2032 1688 2202 1763 [rers.
2249 1688 2373 1763 14.]
2414 1688 2820 1743 Firmamentum
2861 1703 2934 1745 est
2973 1691 3217 1748 Dominus
3257 1694 3434 1750 timen-

1835 1785 1961 1838 tium
1989 1801 2100 1837 eum
2130 1800 2148 1837 :
2174 1784 2505 1838 inﬁrmorum
2535 1782 2743 1837 videtur
2766 1798 2885 1837 esse
2916 1785 3093 1849 timor,
3126 1786 3217 1839 sed
3252 1790 3432 1842 tirma-

1837 1886 2074 1932 mentum
2099 1886 2180 1930 est
2211 1877 2465 1930 Dominus
2497 1876 2796 1931 timentium
2827 1892 2969 1931 eum.
3005 1876 3072 1931 Et
3099 1894 3290 1932 nomen
3324 1879 3432 1934 Do-

1836 1968 1962 2022 mini
1983 1967 2121 2037 quod
2144 1967 2491 2037 gloriticrttum
2516 1977 2600 2022 est
2623 1982 2717 2037 per
2738 1967 2921 2021 orbem
2950 1976 3230 2030 terrarum,
3257 1971 3431 2025 tirtnat

1837 2061 2083 2115 timentes
2112 2076 2254 2113 cum.
2280 2057 2349 2112 Et
2396 2069 2743 2113 testamentum
2788 2058 2946 2129 ipsius
2988 2069 3043 2112 ut
3082 2062 3431 2131 manifestetur
3522 2050 3528 2055 ’

1834 2152 1989 2205 illis:
2027 2160 2081 2206 et
2131 2150 2255 2205 facit
2301 2159 2358 2205 ut
2409 2159 2788 2204 testamentum
2844 2151 3013 2218 ipsius
3066 2152 3432 2207 manifestctur

1834 2244 1976 2311 illis,
2003 2244 2126 2314 quia
2156 2241 2440 2297 hmreditas
2477 2240 2678 2297 Christi
2717 2251 2905 2311 gentes
2944 2252 3103 2310 sunt,
3137 2252 3188 2297 et
3222 2245 3432 2299 termini

1837 2346 1994 2392 terra:
2002 2376 2014 2388 .

1907 2429 1994 2483 15.
2037 2426 2205 2501 [νει-δ.
2257 2427 2390 2501 15.]
2431 2426 2579 2482 Oculi
2625 2429 2721 2482 mei
2765 2445 2962 2499 semper
3004 2429 3070 2481 ad
3120 2429 3433 2497 Dominum;

1832 2521 1951 2590 quia
1977 2521 2086 2590 ipse
2108 2520 2279 2576 evellet
2301 2522 2362 2573 de
2387 2521 2566 2590 laqueo
2597 2520 2744 2585 pedes
2774 2536 2907 2573 meos
2938 2519 3011 2591 (ιι)
3044 2538 3057 2573 :
3089 2536 3186 2574 nec
3218 2522 3435 2577 timeam

1834 2612 2069 2684 pericula
2109 2624 2317 2666 terrena
2344 2652 2359 2677 ,
2389 2612 2514 2666 dum
2546 2620 2737 2666 terram
2770 2628 2874 2665 non
2907 2612 3153 2672 intueor;
3182 2614 3436 2682 quoniam

1835 2703 1925 2759 ille
1949 2720 2109 2774 quem
2139 2704 2385 2767 intueor.
2417 2704 2607 2758 evellet
2651 2703 2719 2758 dc
2750 2704 2938 2773 laqueo
2969 2704 3129 2773 pedes
3155 2719 3324 2759 meos.

1905 2796 1993 2850 16.
2041 2794 2209 2867 [vers.
2256 2792 2381 2868 16.]
2422 2793 2635 2864 Rexpice
2676 2795 2729 2847 in
2779 2811 2894 2859 me,
2935 2804 2983 2847 et
3028 2796 3261 2850 miserere
3299 2797 3433 2862 mei;

1832 2889 2071 2960 quoniam
2096 2888 2273 2941 unicus
2313 2897 2360 2941 et
2408 2904 2599 2956 pauper
2641 2903 2751 2939 sum
2797 2902 2889 2957 ego
2921 2901 2940 2940 :
2969 2886 3217 2956 quoniam
3249 2887 3435 2942 unicus

1834 2980 2097 3050 populus,
2131 2980 2299 3033 unica:
2340 2977 2594 3033 Ecclesiae
2638 2987 2742 3031 tum
2785 2992 3007 3032 servans
3032 2976 3388 3035 humilitatem
3413 3018 3433 3048 ,

1834 3085 1991 3141 quam
2023 3070 2163 3123 nulla
2188 3068 2477 3124 schismata
2500 3068 2581 3122 vel
2615 3067 2847 3123 ltmt‘escs
2869 3076 3071 3124 tenent.

1908 3164 1994 3218 17.
2028 3161 2197 3236 [vers.
2229 3160 2354 3235 17.]
2395 3160 2764 3215 Tribulationes
2790 3161 2955 3216 cordis
2977 3162 3074 3216 mei
3088 3161 3437 3234 multiplicata

1834 3267 1991 3311 sunt:
2011 3254 2380 3309 tribulationes
2404 3253 2581 3308 cordis
2608 3253 2712 3309 mei
2756 3252 3060 3310 abundante
3080 3253 3356 3325 iniquitate
3382 3267 3437 3312 et

1835 3348 2220 3419 refrigesccnte
2245 3347 2503 3401 cltaritate
2549 3346 2910 3415 multiplicata:
2936 3356 3081 3400 sunt.
3114 3344 3194 3400 De
3222 3348 3437 3402 necessi-

1836 3441 2019 3495 tatibus
2053 3441 2173 3496 meis
2196 3440 2321 3493 cduc
2347 3456 2425 3493 me
2451 3454 2470 3493 :
2496 3438 2747 3508 quoniam
2785 3438 2898 3493 lucc
2927 3439 3157 3495 tolerare
3185 3439 3310 3493 mihi
3343 3455 3437 3495 ne-

1835 3547 1990 3587 ccssc
2019 3542 2095 3586 est
2117 3574 2130 3597 ,
2166 3542 2220 3585 ut
2252 3543 2603 3600 perseverans
2644 3544 2811 3598 usque
2842 3529 2893 3583 in
2927 3529 3085 3584 ﬁnem
3116 3530 3295 3584 salvus
3332 3530 3437 3586 sim

1837 3624 1856 3694 (
1880 3623 2067 3678 Matth.
2098 3640 2151 3685 ι,
2180 3622 2251 3677 22
2274 3624 2310 3685 ),
2339 3623 2406 3677 dc
2434 3622 2838 3678 necessitatibus
2864 3622 3000 3677 meis
3024 3621 3158 3676 educ
3184 3638 3290 3676 me.

1890 3712 2129 3787 18.[rers.
2152 3713 2261 3786 18.]
2279 3712 2401 3768 Vide
2416 3714 2747 3767 Immilitatem
2761 3723 2978 3766 meamet
2995 3712 3214 3767 laborem
3232 3731 3394 3769 meum
3411 3731 3432 3770 .'

1835 3807 1956 3861 vide
1980 3808 2326 3861 lunniiitatcm
2356 3823 2526 3862 meam
2552 3849 2565 3873 ,
2596 3823 2700 3877 qua
2745 3821 3013 3875 nunquam
3047 3823 3132 3863 me
3177 3808 3432 3878 jar-lautia

1832 3898 2053 3968 justitia:
2094 3898 2161 3951 ab
2188 3898 2391 3953 unitate
2432 3897 2727 3967 abrumpo;
2760 3907 2813 3952 et
2843 3898 3079 3952 laborem
3108 3915 3305 3964 meum,
3328 3914 3436 3969 quo

1838 3988 2260 4057 indisciplinatos
2301 3988 2431 4042 mihi
2480 3990 2800 4042 commixtos
2843 3988 3060 4043 suﬂ‘ero.
3120 3988 3185 4041 Et
3239 3991 3435 4044 remitte

1837 4079 2009 4133 omnia
2048 4088 2251 4148 peccata
2295 4095 2405 4132 mea
2435 4094 2453 4133 :
2482 4088 2536 4134 ct
2575 4078 2659 4132 itis
2698 4078 2971 4133 sacriﬁciis
3000 4080 3314 4149 propitiatus
3342 4094 3433 4135 rc-

1838 4171 1989 4225 mitte
2010 4178 2225 4241 peccata
2253 4184 2395 4236 mea,
2418 4185 2526 4225 non
2552 4171 2636 4225 illa
2666 4178 2868 4224 tantum
2892 4170 3185 4240 juventntis
3208 4182 3257 4227 et
3287 4172 3436 4241 igno-

1838 4265 2023 4319 rantiae
2056 4278 2187 4317 mezc
2215 4271 2498 4332 antequam
2527 4262 2801 4317 crederem
2826 4303 2842 4330 ,
2874 4262 2967 4317 sed
2996 4262 3155 4317 etiam
3188 4264 3283 4318 ista
3317 4279 3435 4333 qua:

1836 4356 1946 4424 jam
1969 4370 2034 4409 ex
2063 4354 2165 4408 ﬁde
2190 4353 2374 4407 vivens
2404 4368 2498 4423 per
2524 4351 2885 4407 inﬁrmitatem
2914 4353 2997 4408 vel
3025 4353 3143 4406 vita:
3170 4352 3323 4423 hujus
3346 4369 3436 4409 ca-

1840 4446 2056 4518 liginem
2091 4446 2334 4501 admitto.

1912 4536 1998 4592 l9.
2042 4536 2205 4611 [rem
2260 4534 2389 4611 19.]
2429 4534 2644 4608 Respice
2690 4538 2921 4593 inimicos
2976 4553 3145 4603 meos,
3198 4542 3435 4609 quoniam

1840 4628 2165 4699 multiplicati
2208 4638 2322 4682 sunt
2367 4645 2385 4683 :
2427 4643 2532 4682 non
2563 4628 2735 4683 solum
2766 4630 2906 4685 enim
2953 4630 3081 4685 furis
3106 4672 3120 4695 ,
3154 4632 3246 4686 sed
3276 4632 3434 4687 etiam

1842 4724 1893 4779 in
1950 4723 2061 4794 ipsa
2117 4723 2264 4777 intus
2319 4722 2571 4776 Ecclesia:
2634 4721 3010 4777 communione
3060 4738 3165 4777 non
3219 4722 3433 4777 desunt.

1844 4814 1911 4869 Et
1938 4818 2054 4871 odio
2099 4818 2271 4887 iniquo
2311 4818 2519 4871 oderunt
2558 4833 2637 4871 me
2662 4831 2681 4869 :
2711 4824 2765 4870 ct
2807 4815 3034 4871 oderunt
3078 4830 3167 4872 me
3208 4816 3435 4887 diligen-

1845 4917 1950 4964 tem
1979 4924 2057 4964 se.
2987 4971 2995 4980 .

1911 4999 2001 5055 20.
2038 5000 2057 5073 [
2079 5017 2207 5054 vers.
2234 5000 2324 5056 20.
2348 4998 2370 5073 ]
2412 4999 2620 5054 Custodi
2644 5002 2867 5054 animam
2893 5016 3076 5066 meam,
3104 5009 3151 5054 et
3179 5017 3296 5056 erue
3314 5018 3391 5054 me
3420 5016 3439 5054 :

1841 5092 2045 5147 custodi
2100 5095 2328 5148 animam
2374 5107 2585 5157 meam,
2626 5107 2693 5148 ne
2734 5092 2971 5147 decliner
3012 5093 3033 5123 '
3074 5093 3138 5146 ad
3183 5091 3437 5147 imitatio-

1845 5200 1964 5240 nem
1991 5200 2206 5248 eorum;
2237 5194 2291 5239 et
2317 5200 2444 5238 erue
2475 5200 2559 5241 me
2589 5201 2617 5238 a
2650 5184 3016 5253 perplexitate,
3048 5199 3147 5253 qua
3175 5182 3303 5237 mihi
3332 5182 3436 5235 mi-

1844 5286 2078 5332 scentur.
2114 5275 2233 5330 Non
2273 5276 2556 5346 confundor
2575 5317 2588 5339 ,
2616 5276 2856 5347 quoniam
2895 5274 3092 5344 speravi
3117 5276 3167 5327 in
3198 5283 3245 5327 le
3278 5289 3297 5328 :
3326 5288 3433 5327 non

1844 5367 2139 5423 confundor
2168 5368 2211 5420 si
2241 5366 2374 5421 forte
2405 5367 2683 5436 insurgunt
2707 5366 2991 5421 adversum
3025 5379 3148 5430 me;
3181 5364 3432 5433 quoniam

1844 5476 1948 5514 non
1982 5460 2033 5513 in
2063 5474 2149 5515 me
2172 5503 2186 5521 ,
2217 5459 2309 5514 sed
2337 5459 2386 5512 in
2421 5468 2470 5513 te
2496 5459 2724 5528 speravi.

1912 5550 2003 5605 2i.
2036 5551 2056 5623 [
2079 5567 2207 5607 vers.
2238 5551 2325 5606 ’21.
2352 5549 2370 5621 ]
2409 5549 2711 5605 Innocentes
2734 5560 2778 5606 et
2803 5552 2924 5605 recti
2944 5550 3263 5606 adiuuerunt
3284 5548 3432 5619 mihi,

1908 5728 1926 5759 ί
1952 5726 2082 5788 εδδ..
2100 5725 2281 5789 statuit.
2305 5734 2358 5776 Al.
2373 5733 2499 5785 δίει,
2524 5730 2697 5789 statuet
2724 5737 2743 5775 :
2762 5727 2903 5789 juxta
2924 5731 3052 5787 LXX,
3076 5724 3433 5779 nomotltetéset.

1904 5790 1926 5821 ν
1948 5786 2083 5852 ma,
2111 5786 2363 5839 declinem.
2389 5794 2526 5852 Mss",
2542 5786 2773 5852 decliner,

1910 5852 1984 5915 (tt)
2008 5846 2080 5899 t-é
2099 5854 2193 5903 hoc
2220 5864 2347 5899 vers.
2382 5851 2436 5899 lii
2455 5850 2562 5899 vide.
2588 5856 2720 5899 tinar.
2749 5849 2781 5901 2
2811 5849 2932 5903 Psal.
2960 5863 3099 5913 XXXI,
3120 5862 3171 5902 n.
3194 5846 3274 5900 Si.
