3950 6416
556 324 659 381 187

548 441 789 513 quoniam
814 439 1027 498 sustinui
1054 447 1101 494 te
1122 482 1137 507 ,
1173 437 1384 492 Domine
1414 452 1434 491 :
1462 436 1774 494 innocentes
1797 446 1850 491 ct
1875 437 2003 493 recti
2033 452 2139 493 non

548 534 832 606 praesentia
873 531 1136 604 corporali
1186 532 1478 588 miscentur
1518 538 1720 584 tantum
1745 571 1760 593 ,
1792 531 1930 584 sicut
1967 531 2134 600 mali,

545 627 640 684 Sed
669 627 1017 684 consensione
1042 625 1220 680 cordis
1264 625 1316 679 in
1348 624 1461 694 ipsa
1504 623 1809 678 innocentia
1835 633 1888 680 et
1913 623 2139 678 rectitu-

545 719 672 774 dine
697 720 968 773 adluerent
995 717 1122 772 mihi
1147 733 1161 782 ;
1189 717 1440 790 quoniam
1471 732 1575 770 non
1602 714 1788 778 deieci,
1820 723 1874 770 ut
1902 713 2137 770 imitarer

544 810 745 875 malos;
776 808 871 865 sed
899 809 1123 864 sustinui
1154 817 1204 864 te
1229 850 1243 876 ,
1275 815 1590 879 expectans
1616 806 2016 863 vcntilationem
2047 805 2133 861 ul-

547 902 690 957 timzc
721 900 912 956 messis
939 908 1060 954 tum.

611 994 701 1048 22.
733 992 898 1068 [uers.
1095 993 1318 1056 Redime,
1343 992 1497 1058 Deus,
1521 991 1688 1049 Israel
1711 1010 1774 1048 ex
1798 992 2029 1048 omnibus
2045 992 2138 1048 tri-

542 1081 880 1141 bulationibus
919 1085 1029 1152 ejus
1072 1100 1092 1139 :
1141 1081 1383 1152 redimo,
1426 1085 1605 1151 Deus,
1645 1084 1898 1158 populum
1939 1094 2086 1139 tuum
2117 1127 2132 1152 ,

542 1193 700 1247 quem
731 1177 1040 1248 pra-parasti
1070 1175 1134 1230 ad
1163 1177 1424 1234 visionem
1465 1185 1608 1232 tuam
1633 1219 1648 1243 ,
1679 1193 1745 1235 ex
1779 1177 2138 1233 tribulationi-

542 1267 642 1325 btts
665 1270 803 1339 ejus,
830 1285 935 1324 non
967 1277 1169 1325 tantmn
1196 1286 1328 1344 quas
1356 1270 1506 1339 loris,
1531 1269 1626 1328 sed
1655 1271 1814 1328 etiam
1844 1285 1974 1346 quas
1995 1273 2138 1327 intus

547 1362 759 1418 tolerat.

938 1571 1019 1648 ΙΝ
1064 1575 1447 1646 PSALMUM
1490 1575 1676 1644 XXV

1073 1698 1472 1757 ENARRATIO
1514 1697 1558 1752 1.

1168 1813 1197 1870 Ι
1203 1817 1283 1886 psi
1315 1811 1501 1868 David.

615 1930 664 1988 i.
697 1929 863 2010 [vers.
911 1929 1005 2006 1.]
1046 1927 1148 2003 ipsi
1196 1927 1400 1993 David,
1451 1942 1557 1982 non
1606 1923 1884 1980 mediatori
1934 1919 2134 1980 homini

541 2019 754 2077 Christo
790 2021 952 2088 Jesu,
1009 2022 1101 2076 sed
1146 2021 1289 2075 omni
1350 2016 1604 2074 Eeciesim
1657 2015 1769 2088 jam
1813 2014 2051 2091 perfecte
2081 2016 2134 2070 in

541 2111 754 2172 Christo
783 2115 1026 2170 stahilita:
1052 2116 1092 2178 ⁸.
1123 2114 1337 2169 attrihui
1371 2119 1564 2184 potest.

610 2206 666 2260 2.
697 2203 885 2261 Judicn
915 2223 993 2260 me
1021 2249 1036 2274 ,
1075 2206 1286 2260 Domine
1308 2248 1324 2273 ,
1352 2205 1593 2273 quoniam
1638 2219 1730 2274 ego
1766 2202 1818 2259 in
1848 2202 2134 2256 innocentia

539 2313 653 2352 mea
673 2299 924 2352 ambulavi
947 2316 966 2364 ;
991 2296 1168 2367 judica
1196 2313 1302 2360 me,
1339 2296 1581 2358 Domine,
1608 2293 1857 2364 quoniam
1890 2304 2004 2362 post
2031 2291 2132 2347 mi-

539 2390 884 2456 scricordiam
937 2407 1094 2458 quam
1146 2399 1198 2443 tu
1246 2388 1374 2444 mihi
1423 2387 1764 2457 prmrogasti.
1815 2385 2134 2441 innueentie

541 2495 676 2536 mea:
708 2479 877 2535 haheo
905 2479 1120 2554 aliquod
1150 2480 1395 2535 meritum
1421 2521 1436 2550 ,
1469 2479 1619 2545 cujus
1664 2477 1806 2532 viam
1848 2473 2130 2532 custodiri.

538 2569 609 2628 Et
652 2573 704 2626 in
749 2571 963 2627 Domino
1005 2590 1216 2645 sperans
1259 2589 1360 2626 non
1407 2569 1636 2626 movebar
1683 2570 1704 2601 ²
1755 2587 1769 2624 :
1813 2585 1911 2626 nec
1957 2581 2131 2625 tamen

538 2663 699 2718 etiam
731 2664 807 2722 sic
837 2664 887 2718 in
919 2680 1005 2731 me
1028 2707 1044 2732 ,
1075 2665 1168 2722 sed
1201 2665 1252 2720 in
1283 2663 1511 2720 Domino
1539 2676 1783 2732 sperans.
1809 2661 2133 2732 permanebo

536 2755 590 2823 in
620 2771 704 2812 eo.

606 2848 658 2905 5.
693 2846 862 2926 [τετε.
892 2846 946 2914 2,
975 2845 1071 2921 3.]
1117 2845 1286 2902 Proba
1326 2865 1405 2902 me
1426 2889 1440 2914 ,
1476 2843 1691 2902 Dontine
1713 2887 1728 2914 ,
1757 2854 1804 2899 et
1845 2854 1981 2899 tenta
2008 2862 2087 2900 me
2109 2862 2128 2901 :

535 2957 604 3004 nc
627 2941 751 3015 quid
778 2951 954 3004 tamen
997 2942 1327 2998 occultorum
1356 2956 1597 2998 meorum
1625 2957 1708 2994 me
1735 2938 1894 2994 lateat
1916 2982 1932 3008 ,
1966 2940 2131 3010 proba

533 3049 622 3090 mc
644 3075 660 3101 ,
692 3035 913 3089 Domine
937 3076 954 3098 ,
994 3043 1048 3090 ct
1089 3043 1231 3092 tenta
1261 3051 1376 3098 me;
1427 3044 1608 3090 notum
1642 3048 1728 3092 tne
1759 3032 1956 3088 faciens
1979 3074 1995 3104 ,
2025 3050 2130 3089 non

535 3124 630 3190 tibi
665 3141 821 3197 quem
851 3125 981 3181 nihil
1011 3125 1171 3192 latet,
1199 3125 1290 3186 sed
1321 3125 1447 3180 mihi
1476 3134 1634 3196 atque
1674 3124 1995 3178 hominilms.
2030 3121 2134 3184 Ure

533 3230 677 3272 renes
705 3231 838 3276 meos
876 3225 922 3278 et
950 3231 1037 3276 cor
1065 3232 1228 3272 meum
1257 3231 1276 3277 ς
1301 3215 1490 3274 adhibe
1521 3216 1834 3272 mediciuale
1877 3226 2131 3286 purgato-

533 3305 671 3361 rimn
692 3347 708 3373 ,
737 3305 886 3376 quasi
917 3306 1089 3380 ignem
1117 3347 1132 3374 ,
1166 3306 1605 3364 delectationibus
1640 3315 1692 3360 et
1721 3307 2132 3378 cogitationibus

533 3399 688 3462 meis.
724 3399 975 3468 Quoniam
1005 3399 1347 3456 misericordia
1386 3411 1473 3454 tua
1501 3409 1618 3454 ante
1646 3401 1818 3453 oculos
1850 3416 1984 3453 meos
2011 3408 2081 3454 est
2115 3416 2133 3456 :

531 3490 785 3564 quoniam
815 3507 881 3546 ne
907 3489 997 3547 illo
1019 3491 1138 3562 igne
1165 3506 1468 3554 consmuar,
1499 3507 1603 3544 nun
1635 3491 1820 3544 merita
1852 3505 1967 3544 mea
1994 3533 2008 3554 ,
2037 3485 2132 3544 sed

534 3583 897 3642 misericordia
925 3592 1014 3640 ttta
1038 3627 1052 3651 ,
1077 3599 1177 3655 qua
1208 3599 1293 3642 tne
1319 3582 1384 3640 ad
1416 3582 1572 3638 talem
1604 3581 1764 3638 vitam
1794 3581 2092 3652 pet-duxisd
2114 3623 2130 3649 ,

532 3684 658 3738 ante
685 3677 869 3738 oculos
913 3692 1063 3734 meos
1105 3686 1206 3734 cst.
1240 3673 1305 3736 Et
1346 3675 1627 3746 eomplacui
1670 3676 1724 3732 in
1768 3675 1971 3737 veritate
1995 3684 2081 3732 tua
2114 3689 2134 3728 .'

533 3779 588 3828 et
615 3770 736 3843 quia
773 3769 1042 3844 displicuit
1089 3769 1214 3828 mihi
1265 3783 1441 3824 meum
1483 3767 1855 3833 mendacium,
1890 3765 2126 3837 compla-

533 3863 643 3922 cuit
672 3873 846 3926 autetu
876 3864 1071 3926 veritas
1099 3873 1184 3922 tua
1208 3904 1223 3931 ,
1251 3861 1424 3934 placui
1454 3862 1614 3924 etiam
1647 3861 1761 3940 ipse
1803 3875 1926 3916 cum
1956 3860 2043 3920 illa
2078 3871 2133 3926 et

541 3954 596 4018 in
626 3955 735 4014 illa.
1037 4025 1040 4028 ,
1249 4031 1251 4034 ⁴

605 4049 658 4107 ι.
693 4046 855 4126 [rers.
887 4045 979 4120 4.]
1021 4046 1140 4104 Non
1169 4047 1277 4108 sedi
1305 4064 1420 4103 cum
1462 4046 1674 4106 concilio
1701 4044 1940 4103 vanitatis
1967 4061 1988 4104 :
2024 4061 2129 4110 non

533 4142 670 4214 elegi
701 4156 969 4212 apponere
995 4157 1088 4201 cor
1111 4157 1286 4200 meum
1315 4140 1398 4196 his
1422 4141 1510 4220 qui
1541 4139 1821 4212 providere
1845 4148 2129 4210 conantur,

534 4233 1006 4308 quemadmodum.
1038 4233 1177 4304 quod
1210 4233 1322 4294 lieri
1363 4247 1468 4286 non
1503 4239 1678 4300 potest
1701 4271 1716 4296 ,
1740 4244 1917 4288 rerum
1952 4239 2131 4286 trans-

536 4326 798 4394 euntium,
829 4323 1170 4392 perirttitioue
1197 4321 1218 4353 ³
1251 4321 1387 4380 beati
1429 4325 1555 4377 sint.
1591 4315 1657 4380 Et
1699 4336 1814 4378 cum
1853 4319 2025 4388 iniqua
2046 4336 2134 4400 ge-

535 4415 759 4471 rentibus
788 4433 888 4470 non
921 4415 1134 4469 mtroibo
1161 4431 1179 4470 :
1205 4423 1258 4468 et
1283 4414 1403 4483 quia
1441 4413 1552 4483 ipsa
1583 4426 1741 4474 causa
1777 4421 1860 4468 est
1892 4416 2129 4478 ominum,

539 4505 898 4576 iniquitatum,
927 4506 1046 4562 ideo
1066 4521 1186 4562 cum
1214 4505 1394 4576 iniqua
1419 4503 1728 4582 gerentibus
1754 4503 2123 4560 absconditam

537 4598 917 4660 c0nscientiam
946 4613 1050 4652 non
1083 4595 1310 4654 habebo.

609 4689 663 4745 5.
697 4687 859 4764 [vers.
890 4685 982 4761 5.]
1024 4687 1157 4744 Ouio
1205 4685 1357 4744 habui
1394 4685 1830 4757 congregationem
1874 4685 2130 4757 maligno-

535 4797 650 4836 rum
676 4795 697 4836 :
723 4789 780 4834 ut
802 4789 977 4842 autem
1001 4779 1242 4838 veniatur
1261 4777 1326 4836 ad
1355 4778 1525 4849 ipsum
1553 4776 1836 4832 concilium
1862 4777 2128 4850 vanitatis,

536 4877 973 4948 congregationes
1013 4875 1364 4946 malignorum
1412 4873 1574 4938 liuut,
1615 4887 1748 4944 quas
1785 4872 1908 4927 odio
1945 4871 2128 4932 habui.

537 4967 605 5025 Et
637 4987 749 5024 cum
779 4969 950 5047 impiis
974 4985 1073 5026 non
1099 4968 1277 5026 sedebo
1309 4983 1329 5024 :
1354 4977 1408 5024 et
1449 4967 1572 5037 ideo
1599 4982 1720 5026 eum
1749 4967 1839 5027 tali
1865 4967 2092 5028 Concilio
2112 5010 2127 5034 ,

536 5076 656 5117 cum
687 5062 864 5132 impiis
893 5077 997 5117 non
1028 5059 1228 5123 sedebo
1247 5102 1262 5128 ,
1297 5059 1347 5116 id
1377 5069 1494 5130 est,
1526 5059 1778 5136 placitum
1824 5075 1930 5119 non
1960 5060 2129 5116 collo—

539 5155 692 5222 cabo.
722 5154 786 5210 Et
815 5172 928 5210 cum
948 5154 1117 5225 impiis
1142 5170 1242 5209 non
1261 5151 1460 5210 sedebo.

609 5247 662 5304 6.
696 5245 856 5321 [eers.
885 5243 980 5319 6.]
1017 5244 1219 5308 Lavabo
1245 5246 1296 5300 in
1323 5243 1664 5300 innocentibus
1690 5241 1713 5275 ⁸
1740 5260 1918 5298 manus
1947 5259 2084 5298 meas
2106 5260 2126 5301 :

539 5341 736 5402 tnunda
776 5339 967 5398 iaciam
1015 5340 1154 5396 inter
1182 5338 1494 5395 innocentes
1539 5353 1701 5408 opera
1750 5350 1900 5402 mea;
1945 5335 2133 5392 lavabo

523 5475 525 5478 ⁴
606 5501 756 5574 ξιξεε-
783 5509 934 5574 utere.
955 5495 1334 5574 meatorum,
1356 5493 1444 5574 θεῖά
1461 5491 1699 5574 "erui-2
1715 5491 1945 5574 sutili}:-

606 5564 628 5631 ξ
651 5553 898 5631 sioeditlo
919 5567 1027 5631 [ω.
1044 5567 1107 5631 tu
1126 5565 1199 5608 Er.
1219 5567 1275 5631 _et
1295 5553 1644 5631 septemussq
1669 5568 1761 5631 non
1771 5553 2078 5631 inﬁrmatur.

567 5626 631 5736 ιθ
655 5625 790 5683 Edd.,
830 5620 1176 5688 perfunctione.
1215 5620 1310 5671 Sed
1341 5617 1518 5668 melius
1547 5617 1730 5680 aliquot
1771 5617 1898 5678 Μέθη
1939 5617 2134 5680 perfru-

587 5700 710 5740 sane.

539 5699 932 5864 reﬁgunt-
944 5745 1234 5801 nomen.
1247 5750 1380 5816 uss,
1393 5740 1446 5802 in
1464 5740 1808 5800 emunitus.
1834 5749 1985 5798 crae.
2002 5745 2136 5806 ωε,

1786 321 1846 387 s.
1886 319 2254 386 sucuser
2294 318 2595 388 EPISCOPI
3746 339 3830 404 ηε

2248 437 2387 493 inter
2409 437 2721 497 innocentes
2749 453 2936 496 manus
2952 456 3118 508 meas,
3133 443 3339 522 quibus
3367 445 3716 522 amplexabor
3729 457 3832 518 sub.

2248 527 2394 586 iimia
2427 541 2535 586 tua.
2565 525 2634 586 Et
2663 532 2984 590 rircumdabo
3009 535 3170 598 altare
3203 549 3378 603 luunt,
3415 539 3650 599 Domine.

2317 617 2370 679 7.
2402 621 2562 698 [vers.
2594 623 2646 680 7.
2675 624 2688 706 Ι
2731 623 2799 682 Ut
2825 628 3032 684 audiam
3073 647 3243 690 vacem
3296 627 3474 694 laudis
3519 645 3620 689 tua:
3651 649 3744 696 :ut
3766 643 3819 697 di.

2247 731 2390 772 scam
2417 715 2862 789 quemadmodum
2896 730 2946 776 te
2986 722 3217 779 laudent.
3262 717 3337 780 Et
3368 743 3604 784 enarrem
3631 731 3829 796 universa

2246 810 2497 866 mirabilia
2525 821 2611 870 tua
2639 829 2660 874 ς
2685 823 2739 871 et
2768 829 2890 870 cum
2934 813 3174 882 didicero
3196 859 3213 890 ,
3243 832 3525 890 exponam
3551 823 3723 886 omnia
3747 829 3827 889 mi.

2245 903 2430 958 rabiiia
2451 914 2560 959 tua.

2317 994 2370 1056 8.
2403 995 2570 1078 [rem
2603 996 2695 1080 8.]
2738 997 2985 1070 Domine,
3018 1000 3176 1062 dilexi
3218 1002 3464 1064 decorem
3504 1005 3683 1068 domus
3708 1019 3828 1074 ttae:

2246 1087 2503 1148 Ecclesim
2560 1099 2686 1152 tum.
2745 1083 2810 1156 Et
2864 1092 3030 1156 locum
3087 1093 3426 1157 habitationis
3479 1098 3661 1180 gloria:
3704 1112 3829 1166 tua:

2246 1182 2334 1244 ubi
2367 1181 2615 1242 habitans
2642 1184 2977 1260 gloriﬁcaris.

2316 1275 2367 1332 9.
2403 1272 2564 1349 (vers.
2595 1275 2688 1354 9.]
2729 1277 2812 1338 Ne
2835 1279 3020 1356 perdas
3047 1297 3162 1340 cum
3187 1283 3365 1360 impiis
3395 1285 3626 1350 animant
3652 1305 3828 1350 meum:

2244 1381 2314 1424 ne
2333 1383 2461 1438 ergo
2489 1369 2643 1424 simul
2674 1370 2868 1455 perdas
2887 1387 3008 1436 eum
3034 1371 3117 1436 his
3143 1377 3231 1454 qui
3260 1385 3315 1434 te
3343 1377 3605 1447 oderunt,
3625 1382 3826 1446 animant

2242 1473 2418 1544 meam
2443 1502 2458 1528 ,
2488 1477 2606 1540 qua:
2631 1461 2815 1522 dilexit
2837 1462 3086 1524 (lecmcm
3119 1465 3313 1522 domus
3347 1476 3478 1530 tum.
3512 1469 3575 1528 Et
3599 1490 3708 1532 cum
3729 1476 3826 1542 viris

2243 1554 2545 1626 sanguinnm
2567 1555 2718 1613 vitam
2738 1572 2898 1609 meam
2919 1565 3006 1614 :et
3031 1573 3151 1614 cum
3173 1558 3256 1618 bis
3282 1561 3378 1631 qui
3401 1558 3702 1636 proximum
3721 1566 3826 1633 ode-

2182 1665 2198 1700 ι,
2241 1653 2388 1699 runt.
2421 1643 2553 1706 Nam
2583 1637 2790 1702 duobus
2822 1649 3100 1720 prccceptis
3126 1650 3423 1712 decoratur
3448 1653 3642 1716 domus
3670 1669 3767 1718 tua.

2315 1736 2400 1791 10.
2434 1723 2596 1809 [uers.
2627 1735 2752 1810 10.]
2792 1737 2857 1793 In
2886 1756 3100 1811 quorum
3130 1745 3366 1798 omnibus
3387 1745 3678 1817 iniquitates
3696 1762 3824 1818 sunt;

2242 1841 2312 1886 ne
2343 1827 2519 1900 itaque
2550 1844 2634 1888 me
2665 1829 2856 1899 perdas
2884 1847 3005 1890 cum
3033 1832 3209 1903 impiis
3236 1843 3293 1894 et
3322 1850 3454 1896 cum
3481 1837 3611 1894 viris
3636 1842 3821 1914 sangui-

2242 1931 2369 1972 num
2396 1959 2409 1980 .
2438 1934 2660 1988 quorum
2704 1935 2865 1992 opera
2909 1923 3083 1993 iniqua
3125 1936 3270 1984 sunt.
3308 1926 3534 1990 Dextera
3563 1947 3725 1996 eorum
3757 1951 3823 1994 re.

2242 2006 2377 2090 picta
2404 2019 2475 2064 est
2503 2010 2788 2072 muneribus
2813 2027 2832 2068 :
2863 2023 2916 2068 ct
2941 2015 3082 2093 quod
3111 2016 3190 2076 eis
3228 2016 3294 2071 ad
3325 2018 3676 2080 obtinendam
3703 2024 3820 2084 salu-

2242 2106 2350 2156 tem
2380 2111 2633 2158 :rternam
2675 2101 2856 2164 datum
2883 2115 2966 2166 cat
2985 2147 2999 2173 ,
3029 2107 3095 2164 ad
3139 2109 3452 2178 accipienda
3487 2112 3646 2184 hujus
3669 2114 3818 2176 sa-culi

2240 2205 2462 2244 munera
2479 2203 2886 2280 converterunt,
2911 2197 3279 2258 existimantes
3301 2211 3578 2278 quzestutu
3601 2219 3712 2266 esse
3728 2205 3818 2280 pler

2243 2291 2406 2336 tatem
2435 2273 2494 2355 (i
2525 2283 2659 2338 Tim.
2688 2303 2759 2350 Vl,
2787 2287 2880 2358 5

2313 2376 2400 2431 Η.
2429 2386 2592 2452 μένε.
2628 2375 2750 2462 11.]
2791 2379 2900 2456 Ego
2929 2389 3096 2437 autem
3125 2381 3177 2438 in
3203 2383 3502 2446 innocentia
3531 2404 3640 2446 mea
3666 2388 3816 2448 amba.

2239 2469 2339 2524 lavi
2367 2487 2387 2524 :
2412 2471 2598 2526 redime
2623 2488 2732 2538 me.
2761 2484 2806 2530 et
2837 2475 3070 2534 miserere
3095 2478 3188 2534 mei
3215 2494 3234 2534 :
3268 2479 3442 2540 valeat
3477 2480 3604 2540 mihi
3630 2482 3688 2538 ad
3717 2497 3815 2551 per.

2243 2559 2524 2617 lectionem
2580 2563 2944 2624 liberationis.
3013 2577 3216 2630 tantum
3284 2571 3521 2642 pretium
3577 2574 3814 2646 sattguinis

2247 2652 2455 2712 Doiuini
2486 2655 2622 2718 mei;
2651 2668 2703 2710 rt
2744 2657 2794 2711 iu
2834 2657 3088 2736 periculis
3116 2659 3274 2740 huius
3305 2664 3450 2730 vitm,
3481 2665 3812 2730 misericordia

2243 2752 2329 2808 tua
2358 2763 2462 2800 non
2491 2746 2704 2808 deserat
2733 2765 2836 2804 me.

2313 2837 2398 2898 l2.
2431 2836 2592 2911 [rers.
2623 2837 2752 2920 1-2.]
2796 2839 2893 2896 Pes
2922 2858 3060 2900 meus
3087 2845 3219 2902 stetit
3247 2845 3298 2900 in
3331 2846 3637 2912 rectitudine
3662 2863 3680 2902 :
3706 2845 3814 2910 dilev

2238 2931 2345 2986 ctio
2371 2948 2484 2986 mea
2517 2949 2621 2990 non
2653 2933 2869 2990 recessit
2902 2948 2932 2990 a
2957 2935 3161 3008 justitia
3193 2946 3300 2994 tua.
3328 2935 3407 2998 1n
3433 2935 3674 3006 Ecclesiis
3697 2940 3817 3002 bene.

2239 3023 2406 3084 dicant
2454 3034 2535 3094 te,
2566 3022 2826 3084 Domine:
2867 3041 2972 3084 nou
3018 3027 3298 3094 occultabo
3351 3031 3435 3088 eis
3473 3046 3607 3104 quos
3647 3027 3814 3095 vocali

2239 3116 2666 3176 bentulictionem
2715 3129 2856 3175 tuam
2885 3161 2900 3190 ,
2953 3119 3212 3192 Domine;
3264 3125 3531 3194 quoniam
3575 3120 3813 3190 dilccliOlli

2244 3217 2347 3273 tua:
2377 3209 2652 3270 subiniet'o
2683 3210 2907 3282 proximi
2935 3211 3298 3272 diluetioncm.

2777 3325 3174 3383 EN.\llR.\TlU
3213 3327 3278 3384 ll.

2751 3431 2927 3474 IIII!)
2966 3434 3034 3474 ΔΙ
3070 3434 3296 3476 ηειωι.

2313 3506 2365 3563 ι.
2409 3505 2602 3564 Paulus
2630 3511 2904 3580 apostolus
2943 3527 3066 3566 eum
3098 3512 3388 3582 legeretur,
3422 3512 3622 3568 audivit
3649 3509 3808 3566 uobis-

2239 3613 2358 3660 cqu
2380 3597 2643 3659 Sanctitas
2668 3600 2886 3661 Vestra:
2923 3603 3068 3660 Sicut
3088 3614 3178 3662 est.
3204 3605 3397 3673 inquit,
3418 3606 3599 3660 ueritas
3617 3602 3807 3662 inlati

2239 3691 2492 3761 deponere
2522 3695 2536 3724 ¹
2567 3708 2652 3750 uos
2679 3695 2955 3752 secundum
2994 3697 3212 3767 priorem
3252 3699 3677 3754 conuersationem
3702 3703 3808 3748 uts-

2239 3801 2346 3844 rem
2369 3787 2653 3847 hominem.
2683 3805 2794 3845 eum
2813 3791 2901 3860 qui
2921 3792 3264 3862 corrumpitur
3293 3795 3578 3847 secundum
3601 3785 3808 3855 conrupi-

2237 3878 2456 3934 scentias
2492 3878 2840 3948 deeeptionis;
2875 3882 3185 3935 reuuvatnini
3222 3892 3394 3936 autem
3435 3882 3616 3954 spiritu
3657 3875 3808 3934 meruit

2238 3983 2416 4027 vestra!
2434 4011 2449 4038 ,
2477 3982 2524 4027 et
2547 3974 2742 4028 induite
2764 3990 2948 4028 norum
2977 3975 3233 4033 hominem
3262 3976 3348 4046 qui
3378 3977 3646 4032 secundant
3673 3971 3806 4026 Dum

2237 4075 2432 4118 creatus
2448 4074 2518 4118 est
2545 4066 2594 4117 in
2611 4066 2810 4133 justitia
2826 4077 2871 4118 et
2891 4066 3153 4120 sanctitate
3175 4067 3396 4123 veritatis
3413 4067 3626 4138 (Enim.
3647 4080 3710 4126 tr,
3729 4058 3808 4114 Il-

2236 4153 2354 4225 Qi).
2371 4153 2440 4210 Et
2453 4171 2516 4209 ne
2528 4155 2718 4224 aliquis
2729 4156 3461 4226 arbitrareturdeponendnm
3475 4173 3592 4213 esse
3604 4155 3668 4210 ali
3688 4163 3804 4220 niam

2239 4247 2591 4301 substantiam
2617 4287 2634 4314 ,
2661 4247 3106 4318 quemadmodum
3134 4265 3192 4304 se
3219 4251 3481 4319 csspidiau
3509 4249 3708 4310 tunica;
3732 4247 3805 4294 aut

2238 4339 2435 4409 aliquid
2469 4340 2765 4395 forinsecus
2790 4336 3156 4411 accipiendum
3181 4383 3197 4408 ,
3227 4345 3498 4413 quomon
3522 4341 3699 4412 awipit
3725 4335 3803 4390 ali-

2239 4431 2381 4500 quod
2428 4432 2799 4488 vestimentum
2825 4471 2841 4499 ,
2890 4435 3042 4504 quasi
3095 4450 3301 4505 ponens
3329 4449 3489 4498 unum
3521 4435 3805 4491 tunieantel

2239 4538 2460 4580 sumens
2490 4525 2714 4580 alterum
2739 4541 2755 4591 ;
2782 4535 2836 4581 et.
2859 4528 3090 4583 carnalis
3118 4528 3218 4584 ista
3247 4529 3547 4586 intellectus
3572 4542 3672 4582 non
3699 4536 3802 4593 per-

2239 4617 2476 4674 mitteret
2502 4618 2746 4675 humiues
2770 4636 2928 4691 agere
2969 4622 3022 4676 in
3051 4634 3110 4678 so
3151 4623 3292 4678 intus
3318 4624 3660 4691 srirltualitvr
3682 4611 3800 4687 quod

2239 4709 2582 4780 pratcipiebat
2607 4712 2899 4782 Apostolus
2926 4730 2939 4766 :
2973 4724 3189 4774 sortitus
3216 4725 3318 4779 est,
3350 4726 3404 4770 et
3429 4714 3669 4784 exposuit
3694 4703 3798 4778 quid

2239 4810 2384 4858 eaet
2408 4801 2528 4856 esui
2555 4812 2791 4858 veterem
2819 4803 3114 4869 hominem,
3137 4815 3191 4860 et
3215 4806 3358 4859 indui
3388 4821 3600 4860 novum.
3625 4801 3813 4855 lla-trn-

2235 4892 2382 4949 enim
2429 4893 2672 4950 lectionis
2702 4895 2868 4964 ipsius
2897 4895 2962 4950 ad
3007 4897 3254 4950 eutudem
3295 4897 3616 4953 intellectum
3661 4885 3798 4960 perti-

2238 4995 2386 5041 nent.
2416 4986 2505 5041 Ait
2531 4987 2726 5057 quippe
2753 4986 2903 5056 quasi
2931 4985 3128 5042 dicenti
3159 5003 3173 5040 :
3204 4987 3266 5043 Et
3309 4987 3575 5058 quomodo
3597 4999 3676 5040 me
3693 4991 3797 5035 exu-

2240 5086 2284 5133 tt
2301 5085 2392 5134 ms
2419 5094 2536 5133 sum
2566 5088 2801 5133 veterem
2826 5118 2842 5142 ,
2873 5087 2966 5134 aut
2991 5080 3262 5149 quomodo
3289 5081 3567 5135 induturus
3591 5069 3799 5132 norum?

2239 5171 2320 5228 An
2355 5170 2468 5238 ipse
2514 5169 2702 5226 tertius
2749 5170 2909 5226 homo
2951 5185 3070 5228 sum
3113 5173 3452 5243 depositurus
3476 5181 3694 5228 veterem
3721 5162 3798 5216 hn-

2239 5263 2473 5325 tninem,
2506 5276 2667 5331 quem
2715 5263 2910 5329 habui,
2949 5273 3007 5320 et.
3047 5275 3364 5335 accepturus
3411 5280 3634 5325 novum,
3665 5267 3794 5324 quem

2239 5368 2346 5414 non
2393 5353 2587 5419 habui;
2621 5364 2682 5411 ut
2725 5365 2834 5412 tres
2862 5357 3104 5414 homines
3153 5359 3546 5430 intelligantur,
3580 5362 3632 5408 et
3658 5349 3720 5403 sit
3755 5343 3794 5396 in

2240 5448 2421 5506 modio
2444 5449 2534 5520 qui
2562 5450 2779 5520 deponit
2809 5459 3041 5508 veterem
3075 5453 3342 5509 hominem
3369 5495 3385 5520 ,
3427 5462 3480 5508 et
3518 5446 3695 5515 accipit
3718 5454 3793 5492 nov

2240 5541 2405 5594 thlll?
2430 5555 2498 5595 ne
2524 5556 2653 5611 ergo
2674 5543 2950 5613 quisquam
2979 5544 3067 5598 tali
3094 5546 3292 5600 carnali
3320 5542 3631 5616 cogiuitione
3657 5537 3792 5598 itup¢~

2241 5630 2384 5686 ditus
2407 5673 2422 5696 ,
2452 5632 2628 5686 minus
2662 5632 2862 5689 laceret
2901 5635 3043 5706 quod
3073 5638 3093 5668 '
3122 5637 3341 5706 jubetur
3362 5679 3378 5704 ,
3419 5646 3470 5690 et
3499 5647 3597 5688 non
3625 5622 3792 5680 faciens

3137 5755 3342 5816 ω·
3360 5747 3608 5817 “"°"""
