  <div class='ocr_page' id='page_1' title='image "/cluster/home/n/w/nwhite01/storage/ocr_20150623/36/uva.x000827105/102.png"; bbox 0 0 3950 6414; ppageno 0'>
   <div class='ocr_carea' id='block_1_1' title="bbox 152 300 246 363">
    <p class='ocr_par' dir='ltr' id='par_1_1' title="bbox 152 300 246 363">
     <span class='ocr_line' id='line_1_1' title="bbox 152 300 246 363; baseline -0.032 0"><span class='ocrx_word' id='word_1_1' title='bbox 152 300 246 363; x_wconf 68' lang='grc'><strong>189</strong></span> 
     </span>
    </p>
   </div>
   <div class='ocr_carea' id='block_1_2' title="bbox 146 408 1714 480">
    <p class='ocr_par' dir='ltr' id='par_1_2' title="bbox 146 408 1714 480">
     <span class='ocr_line' id='line_1_2' title="bbox 146 408 1714 480; baseline -0.006 -5"><span class='ocrx_word' id='word_1_2' title='bbox 146 423 399 480; x_wconf 58' lang='lat' dir='ltr'><strong>«cnseret</strong></span> <span class='ocrx_word' id='word_1_3' title='bbox 426 428 483 471; x_wconf 88' lang='lat' dir='ltr'><strong>se</strong></span> <span class='ocrx_word' id='word_1_4' title='bbox 508 413 576 471; x_wconf 88' lang='lat' dir='ltr'><strong>de</strong></span> <span class='ocrx_word' id='word_1_5' title='bbox 599 412 927 469; x_wconf 76' lang='lat' dir='ltr'><strong>obscuritate</strong></span> <span class='ocrx_word' id='word_1_6' title='bbox 956 409 1203 467; x_wconf 76' lang='lat' dir='ltr'><strong>lectionis</strong></span> <span class='ocrx_word' id='word_1_7' title='bbox 1225 452 1242 478; x_wconf 93' lang='lat'><strong>,</strong></span> <span class='ocrx_word' id='word_1_8' title='bbox 1273 409 1405 465; x_wconf 88' lang='lat' dir='ltr'><strong>dicit</strong></span> <span class='ocrx_word' id='word_1_9' title='bbox 1442 408 1496 465; x_wconf 90' lang='lat' dir='ltr'><strong>in</strong></span> <span class='ocrx_word' id='word_1_10' title='bbox 1522 423 1714 467; x_wconf 82' lang='lat' dir='ltr'><strong>conse-</strong></span> 
     </span>
    </p>
   </div>
   <div class='ocr_carea' id='block_1_3' title="bbox 144 502 1711 587">
    <p class='ocr_par' dir='ltr' id='par_1_3' title="bbox 144 502 1711 587">
     <span class='ocr_line' id='line_1_3' title="bbox 144 502 1711 587; baseline -0.014 -18"><span class='ocrx_word' id='word_1_11' title='bbox 144 513 405 587; x_wconf 71' lang='lat' dir='ltr'><strong>quentibus</strong></span> <span class='ocrx_word' id='word_1_12' title='bbox 429 525 445 563; x_wconf 81' lang='grc' dir='ltr'><strong>ι</strong></span> <span class='ocrx_word' id='word_1_13' title='bbox 477 508 803 577; x_wconf 73' lang='lat' dir='ltr'><strong>Quapropter</strong></span> <span class='ocrx_word' id='word_1_14' title='bbox 826 505 1136 574; x_wconf 60' lang='lat' dir='ltr'><strong>inponentes</strong></span> <span class='ocrx_word' id='word_1_15' title='bbox 1162 502 1482 563; x_wconf 67' lang='grc' dir='ltr'>ιιιοοιόωειωι</span> <span class='ocrx_word' id='word_1_16' title='bbox 1500 545 1514 567; x_wconf 79' lang='grc'>,</span> <span class='ocrx_word' id='word_1_17' title='bbox 1545 504 1711 573; x_wconf 65' lang='lat' dir='ltr'><strong>loqui-</strong></span> 
     </span>
    </p>
   </div>
   <div class='ocr_carea' id='block_1_4' title="bbox 144 596 1711 665">
    <p class='ocr_par' dir='ltr' id='par_1_4' title="bbox 144 596 1711 665">
     <span class='ocr_line' id='line_1_4' title="bbox 144 596 1711 665; baseline -0.005 -4"><span class='ocrx_word' id='word_1_18' title='bbox 144 607 253 661; x_wconf 68' lang='lat' dir='ltr'><strong>utiuti</strong></span> <span class='ocrx_word' id='word_1_19' title='bbox 293 603 557 658; x_wconf 70' lang='lat' dir='ltr'><strong>ueritatem.</strong></span> <span class='ocrx_word' id='word_1_20' title='bbox 602 599 668 655; x_wconf 77' lang='lat' dir='ltr'><strong>Et</strong></span> <span class='ocrx_word' id='word_1_21' title='bbox 715 613 845 653; x_wconf 83' lang='lat' dir='ltr'><strong>ecce</strong></span> <span class='ocrx_word' id='word_1_22' title='bbox 890 600 990 652; x_wconf 84' lang='lat' dir='ltr'><strong>hoc</strong></span> <span class='ocrx_word' id='word_1_23' title='bbox 1034 604 1118 652; x_wconf 86' lang='lat' dir='ltr'><strong>est</strong></span> <span class='ocrx_word' id='word_1_24' title='bbox 1159 596 1434 665; x_wconf 74' lang='lat' dir='ltr'><strong>deponere</strong></span> <span class='ocrx_word' id='word_1_25' title='bbox 1475 605 1711 653; x_wconf 85' lang='lat' dir='ltr'><strong>veterem</strong></span> 
     </span>
    </p>
   </div>
   <div class='ocr_carea' id='block_1_5' title="bbox 142 690 1712 761">
    <p class='ocr_par' dir='ltr' id='par_1_5' title="bbox 142 690 1712 761">
     <span class='ocr_line' id='line_1_5' title="bbox 142 690 1712 761; baseline -0.006 -7"><span class='ocrx_word' id='word_1_26' title='bbox 142 699 411 758; x_wconf 71' lang='lat' dir='ltr'><strong>hominem.</strong></span> <span class='ocrx_word' id='word_1_27' title='bbox 436 704 490 748; x_wconf 76' lang='lat' dir='ltr'><strong>et</strong></span> <span class='ocrx_word' id='word_1_28' title='bbox 520 692 743 747; x_wconf 84' lang='lat' dir='ltr'><strong>induere</strong></span> <span class='ocrx_word' id='word_1_29' title='bbox 769 706 965 745; x_wconf 81' lang='lat' dir='ltr'><strong>novum</strong></span> <span class='ocrx_word' id='word_1_30' title='bbox 993 706 1007 745; x_wconf 86' lang='lat'><strong>:</strong></span> <span class='ocrx_word' id='word_1_31' title='bbox 1041 690 1383 761; x_wconf 80' lang='lat' dir='ltr'><strong>Quapropter,</strong></span> <span class='ocrx_word' id='word_1_32' title='bbox 1409 690 1712 758; x_wconf 67' lang='lat' dir='ltr'><strong>depensum</strong></span> 
     </span>
    </p>
   </div>
   <div class='ocr_carea' id='block_1_6' title="bbox 141 784 1715 856">
    <p class='ocr_par' dir='ltr' id='par_1_6' title="bbox 141 784 1715 856">
     <span class='ocr_line' id='line_1_6' title="bbox 141 784 1715 856; baseline -0.004 -11"><span class='ocrx_word' id='word_1_33' title='bbox 141 790 434 845; x_wconf 71' lang='lat' dir='ltr'><strong><em>mendacium</em></strong></span> <span class='ocrx_word' id='word_1_34' title='bbox 458 828 473 852; x_wconf 95' lang='lat'><strong>,</strong></span> <span class='ocrx_word' id='word_1_35' title='bbox 855 787 1115 839; x_wconf 74' lang='lat' dir='ltr'><strong>veritatem</strong></span> <span class='ocrx_word' id='word_1_36' title='bbox 1138 825 1154 849; x_wconf 97' lang='lat'><strong>,</strong></span> <span class='ocrx_word' id='word_1_37' title='bbox 1209 784 1549 855; x_wconf 66' lang='lat' dir='ltr'><strong>unusquisque</strong></span> <span class='ocrx_word' id='word_1_38' title='bbox 1596 800 1715 839; x_wconf 75' lang='lat' dir='ltr'><strong>cum</strong></span> 
     </span>
    </p>
   </div>
   <div class='ocr_carea' id='block_1_7' title="bbox 140 876 1709 957">
    <p class='ocr_par' dir='ltr' id='par_1_7' title="bbox 140 876 1709 957">
     <span class='ocr_line' id='line_1_7' title="bbox 140 876 1709 957; baseline -0.004 -18"><span class='ocrx_word' id='word_1_39' title='bbox 140 885 451 957; x_wconf 68' lang='lat' dir='ltr'><strong>prasinum</strong></span> <span class='ocrx_word' id='word_1_40' title='bbox 465 897 483 935; x_wconf 88' lang='lat'><strong><em>:</em></strong></span> <span class='ocrx_word' id='word_1_41' title='bbox 496 881 615 950; x_wconf 84' lang='lat' dir='ltr'><strong>quia</strong></span> <span class='ocrx_word' id='word_1_42' title='bbox 637 895 815 935; x_wconf 70' lang='lat' dir='ltr'><strong>sanius</strong></span> <span class='ocrx_word' id='word_1_43' title='bbox 825 879 1037 932; x_wconf 60' lang='lat' dir='ltr'><strong>imissa:</strong></span> <span class='ocrx_word' id='word_1_44' title='bbox 1050 878 1269 933; x_wconf 68' lang='lat' dir='ltr'><strong>membra</strong></span> <span class='ocrx_word' id='word_1_45' title='bbox 1284 877 1577 949; x_wconf 70' lang='lat' dir='ltr'><strong>(Epkeuv,</strong></span> <span class='ocrx_word' id='word_1_46' title='bbox 1590 876 1709 949; x_wconf 68' lang='lat'><strong>25).</strong></span> 
     </span>
    </p>
   </div>
   <div class='ocr_carea' id='block_1_8' title="bbox 201 968 1707 1043">
    <p class='ocr_par' dir='ltr' id='par_1_8' title="bbox 201 968 1707 1043">
     <span class='ocr_line' id='line_1_8' title="bbox 201 968 1707 1043; baseline -0.005 -12"><span class='ocrx_word' id='word_1_47' title='bbox 201 978 252 1031; x_wconf 71' lang='grc' dir='ltr'><strong>Ξ.</strong></span> <span class='ocrx_word' id='word_1_48' title='bbox 289 975 363 1032; x_wconf 77' lang='lat' dir='ltr'><strong>Ne</strong></span> <span class='ocrx_word' id='word_1_49' title='bbox 390 986 564 1028; x_wconf 68' lang='lat' dir='ltr'><strong>autem</strong></span> <span class='ocrx_word' id='word_1_50' title='bbox 588 974 868 1043; x_wconf 76' lang='lat' dir='ltr'><strong>quisquam</strong></span> <span class='ocrx_word' id='word_1_51' title='bbox 892 982 1125 1027; x_wconf 80' lang='lat' dir='ltr'><strong>vestrum</strong></span> <span class='ocrx_word' id='word_1_52' title='bbox 1153 971 1223 1025; x_wconf 85' lang='lat' dir='ltr'><strong>ita</strong></span> <span class='ocrx_word' id='word_1_53' title='bbox 1250 971 1468 1041; x_wconf 74' lang='lat' dir='ltr'><strong>cogitet,</strong></span> <span class='ocrx_word' id='word_1_54' title='bbox 1494 968 1707 1034; x_wconf 79' lang='lat' dir='ltr'><strong>fratres,</strong></span> 
     </span>
    </p>
   </div>
   <div class='ocr_carea' id='block_1_9' title="bbox 138 1065 1714 1136">
    <p class='ocr_par' dir='ltr' id='par_1_9' title="bbox 138 1065 1714 1136">
     <span class='ocr_line' id='line_1_9' title="bbox 138 1065 1714 1136; baseline -0.006 -9"><span class='ocrx_word' id='word_1_55' title='bbox 138 1089 245 1127; x_wconf 85' lang='lat' dir='ltr'><strong>cum</strong></span> <span class='ocrx_word' id='word_1_56' title='bbox 270 1069 561 1125; x_wconf 74' lang='lat' dir='ltr'><strong>oliristiano</strong></span> <span class='ocrx_word' id='word_1_57' title='bbox 590 1066 911 1136; x_wconf 60' lang='lat' dir='ltr'><strong>loquentiam</strong></span> <span class='ocrx_word' id='word_1_58' title='bbox 950 1065 1226 1119; x_wconf 72' lang='lat' dir='ltr'><strong>veritatem</strong></span> <span class='ocrx_word' id='word_1_59' title='bbox 1269 1070 1323 1117; x_wconf 86' lang='lat' dir='ltr'><strong>et</strong></span> <span class='ocrx_word' id='word_1_60' title='bbox 1356 1077 1478 1117; x_wconf 84' lang='lat' dir='ltr'><strong>eum</strong></span> <span class='ocrx_word' id='word_1_61' title='bbox 1508 1075 1714 1133; x_wconf 78' lang='lat' dir='ltr'><strong>pagano</strong></span> 
     </span>
    </p>
   </div>
   <div class='ocr_carea' id='block_1_10' title="bbox 139 1157 1713 1233">
    <p class='ocr_par' dir='ltr' id='par_1_10' title="bbox 139 1157 1713 1233">
     <span class='ocr_line' id='line_1_10' title="bbox 139 1157 1713 1233; baseline -0.008 -11"><span class='ocrx_word' id='word_1_62' title='bbox 139 1167 473 1222; x_wconf 78' lang='lat' dir='ltr'><strong>mendacium.</strong></span> <span class='ocrx_word' id='word_1_63' title='bbox 516 1162 653 1216; x_wconf 80' lang='lat' dir='ltr'><strong>Cum</strong></span> <span class='ocrx_word' id='word_1_64' title='bbox 704 1160 952 1233; x_wconf 75' lang='lat' dir='ltr'><strong>proximo</strong></span> <span class='ocrx_word' id='word_1_65' title='bbox 998 1169 1093 1214; x_wconf 85' lang='lat' dir='ltr'><strong>tuo</strong></span> <span class='ocrx_word' id='word_1_66' title='bbox 1146 1159 1384 1229; x_wconf 82' lang='lat' dir='ltr'><strong>lnquere.</strong></span> <span class='ocrx_word' id='word_1_67' title='bbox 1430 1157 1713 1212; x_wconf 76' lang='lat' dir='ltr'><strong>Proximus</strong></span> 
     </span>
    </p>
   </div>
   <div class='ocr_carea' id='block_1_11' title="bbox 139 1248 1709 1326">
    <p class='ocr_par' dir='ltr' id='par_1_11' title="bbox 139 1248 1709 1326">
     <span class='ocr_line' id='line_1_11' title="bbox 139 1248 1709 1326; baseline -0.009 -9"><span class='ocrx_word' id='word_1_68' title='bbox 139 1272 247 1317; x_wconf 74' lang='lat' dir='ltr'><strong>hius</strong></span> <span class='ocrx_word' id='word_1_69' title='bbox 273 1260 357 1312; x_wconf 80' lang='lat' dir='ltr'><strong>ille</strong></span> <span class='ocrx_word' id='word_1_70' title='bbox 379 1267 496 1318; x_wconf 82' lang='lat' dir='ltr'><strong>est,</strong></span> <span class='ocrx_word' id='word_1_71' title='bbox 527 1257 619 1326; x_wconf 81' lang='lat' dir='ltr'><strong>qui</strong></span> <span class='ocrx_word' id='word_1_72' title='bbox 649 1264 822 1308; x_wconf 75' lang='lat' dir='ltr'><strong>tecum</strong></span> <span class='ocrx_word' id='word_1_73' title='bbox 866 1262 1019 1307; x_wconf 84' lang='lat' dir='ltr'><strong>natus</strong></span> <span class='ocrx_word' id='word_1_74' title='bbox 1048 1260 1133 1306; x_wconf 87' lang='lat' dir='ltr'><strong>est</strong></span> <span class='ocrx_word' id='word_1_75' title='bbox 1175 1266 1239 1305; x_wconf 75' lang='lat' dir='ltr'><strong>ex</strong></span> <span class='ocrx_word' id='word_1_76' title='bbox 1291 1248 1456 1304; x_wconf 81' lang='lat' dir='ltr'><strong>Adam</strong></span> <span class='ocrx_word' id='word_1_77' title='bbox 1495 1258 1553 1304; x_wconf 88' lang='lat' dir='ltr'><strong>et</strong></span> <span class='ocrx_word' id='word_1_78' title='bbox 1578 1248 1709 1304; x_wconf 80' lang='lat' dir='ltr'><strong>Eva.</strong></span> 
     </span>
    </p>
   </div>
   <div class='ocr_carea' id='block_1_12' title="bbox 46 1342 1710 1421">
    <p class='ocr_par' dir='ltr' id='par_1_12' title="bbox 46 1342 1710 1421">
     <span class='ocr_line' id='line_1_12' title="bbox 46 1342 1710 1421; baseline -0.008 -12"><span class='ocrx_word' id='word_1_79' title='bbox 46 1406 47 1421; x_wconf 22' lang='grc' dir='ltr'>χ</span> <span class='ocrx_word' id='word_1_80' title='bbox 138 1351 316 1408; x_wconf 79' lang='lat' dir='ltr'><strong>Omnes</strong></span> <span class='ocrx_word' id='word_1_81' title='bbox 339 1348 563 1419; x_wconf 72' lang='lat' dir='ltr'><strong>proximi</strong></span> <span class='ocrx_word' id='word_1_82' title='bbox 588 1361 773 1401; x_wconf 84' lang='lat' dir='ltr'><strong>sumus</strong></span> <span class='ocrx_word' id='word_1_83' title='bbox 798 1344 1105 1400; x_wconf 68' lang='lat' dir='ltr'><strong>conditione</strong></span> <span class='ocrx_word' id='word_1_84' title='bbox 1132 1353 1360 1397; x_wconf 72' lang='lat' dir='ltr'><strong>terrente</strong></span> <span class='ocrx_word' id='word_1_85' title='bbox 1379 1342 1669 1397; x_wconf 75' lang='lat' dir='ltr'><strong>nativitatis</strong></span> <span class='ocrx_word' id='word_1_86' title='bbox 1692 1359 1710 1396; x_wconf 75' lang='grc' dir='ltr'><strong>ι</strong></span> 
     </span>
    </p>
   </div>
   <div class='ocr_carea' id='block_1_13' title="bbox 46 1434 1713 1508">
    <p class='ocr_par' dir='ltr' id='par_1_13' title="bbox 46 1434 1713 1508">
     <span class='ocr_line' id='line_1_13' title="bbox 46 1434 1713 1508; baseline -0.003 -15"><span class='ocrx_word' id='word_1_87' title='bbox 46 1450 47 1455; x_wconf 83' lang='lat'>‘</span> <span class='ocrx_word' id='word_1_88' title='bbox 137 1444 219 1501; x_wconf 78' lang='lat' dir='ltr'><strong>sed</strong></span> <span class='ocrx_word' id='word_1_89' title='bbox 249 1443 393 1495; x_wconf 84' lang='lat' dir='ltr'><strong>aliter</strong></span> <span class='ocrx_word' id='word_1_90' title='bbox 424 1442 615 1493; x_wconf 83' lang='lat' dir='ltr'><strong>fratres</strong></span> <span class='ocrx_word' id='word_1_91' title='bbox 644 1439 733 1491; x_wconf 90' lang='lat' dir='ltr'><strong>illa</strong></span> <span class='ocrx_word' id='word_1_92' title='bbox 764 1452 860 1508; x_wconf 73' lang='lat' dir='ltr'><strong>6pc</strong></span> <span class='ocrx_word' id='word_1_93' title='bbox 884 1436 1119 1492; x_wconf 69' lang='lat' dir='ltr'><strong>ecetestis</strong></span> <span class='ocrx_word' id='word_1_94' title='bbox 1141 1434 1485 1489; x_wconf 75' lang='lat' dir='ltr'><strong>inereditatis.</strong></span> <span class='ocrx_word' id='word_1_95' title='bbox 1518 1434 1713 1488; x_wconf 72' lang='lat' dir='ltr'><strong>Proxi-</strong></span> 
     </span>
    </p>
   </div>
   <div class='ocr_carea' id='block_1_14' title="bbox 46 1512 1711 1596">
    <p class='ocr_par' dir='ltr' id='par_1_14' title="bbox 46 1512 1711 1596">
     <span class='ocr_line' id='line_1_14' title="bbox 46 1512 1711 1596; baseline -0.01 0"><span class='ocrx_word' id='word_1_96' title='bbox 138 1554 268 1592; x_wconf 84' lang='lat' dir='ltr'><strong>mum</strong></span> <span class='ocrx_word' id='word_1_97' title='bbox 282 1544 420 1589; x_wconf 85' lang='lat' dir='ltr'><strong>ittttm</strong></span> <span class='ocrx_word' id='word_1_98' title='bbox 439 1533 605 1587; x_wconf 75' lang='lat' dir='ltr'><strong>debes</strong></span> <span class='ocrx_word' id='word_1_99' title='bbox 624 1541 807 1596; x_wconf 56' lang='lat' dir='ltr'><strong>putare</strong></span> <span class='ocrx_word' id='word_1_100' title='bbox 823 1544 1032 1584; x_wconf 90' lang='lat' dir='ltr'><strong>omnem</strong></span> <span class='ocrx_word' id='word_1_101' title='bbox 1050 1527 1342 1592; x_wconf 86' lang='lat' dir='ltr'><strong>hominem,</strong></span> <span class='ocrx_word' id='word_1_102' title='bbox 1359 1536 1411 1579; x_wconf 90' lang='lat' dir='ltr'><strong>et</strong></span> <span class='ocrx_word' id='word_1_103' title='bbox 1428 1536 1711 1596; x_wconf 79' lang='lat' dir='ltr'><strong>antequam</strong></span> 
     </span>
    </p>
   </div>
   <div class='ocr_carea' id='block_1_15' title="bbox 48 1616 1709 1689">
    <p class='ocr_par' dir='ltr' id='par_1_15' title="bbox 48 1616 1709 1689">
     <span class='ocr_line' id='line_1_15' title="bbox 48 1616 1709 1689; baseline -0.009 -4"><span class='ocrx_word' id='word_1_104' title='bbox 48 1616 49 1667; x_wconf 66' lang='grc' dir='ltr'><strong><em>Ϊ</em></strong></span> <span class='ocrx_word' id='word_1_105' title='bbox 136 1631 195 1685; x_wconf 82' lang='lat' dir='ltr'><strong>sit</strong></span> <span class='ocrx_word' id='word_1_106' title='bbox 220 1626 552 1683; x_wconf 80' lang='lat' dir='ltr'><strong>ehristianus.</strong></span> <span class='ocrx_word' id='word_1_107' title='bbox 588 1622 701 1677; x_wconf 84' lang='lat' dir='ltr'><strong>Non</strong></span> <span class='ocrx_word' id='word_1_108' title='bbox 734 1622 877 1676; x_wconf 85' lang='lat' dir='ltr'><strong>enim</strong></span> <span class='ocrx_word' id='word_1_109' title='bbox 920 1620 1059 1675; x_wconf 91' lang='lat' dir='ltr'><strong>nosti</strong></span> <span class='ocrx_word' id='word_1_110' title='bbox 1100 1619 1229 1689; x_wconf 86' lang='lat' dir='ltr'><strong>quid</strong></span> <span class='ocrx_word' id='word_1_111' title='bbox 1264 1618 1329 1673; x_wconf 86' lang='lat' dir='ltr'><strong>sit</strong></span> <span class='ocrx_word' id='word_1_112' title='bbox 1353 1617 1491 1687; x_wconf 89' lang='lat' dir='ltr'><strong>apud</strong></span> <span class='ocrx_word' id='word_1_113' title='bbox 1521 1618 1709 1680; x_wconf 85' lang='lat' dir='ltr'><strong>Deum,</strong></span> 
     </span>
    </p>
   </div>
   <div class='ocr_carea' id='block_1_16' title="bbox 136 1706 1715 1789">
    <p class='ocr_par' dir='ltr' id='par_1_16' title="bbox 136 1706 1715 1789">
     <span class='ocr_line' id='line_1_16' title="bbox 136 1706 1715 1789; baseline -0.009 -16"><span class='ocrx_word' id='word_1_114' title='bbox 136 1717 389 1789; x_wconf 79' lang='lat' dir='ltr'><strong>quomodo</strong></span> <span class='ocrx_word' id='word_1_115' title='bbox 414 1716 556 1768; x_wconf 81' lang='grc' dir='ltr'>ιΙΙιιιιι</span> <span class='ocrx_word' id='word_1_116' title='bbox 596 1713 923 1782; x_wconf 59' lang='lat' dir='ltr'><strong>piat-sciverit</strong></span> <span class='ocrx_word' id='word_1_117' title='bbox 958 1712 1099 1765; x_wconf 84' lang='lat' dir='ltr'><strong>Deus</strong></span> <span class='ocrx_word' id='word_1_118' title='bbox 1141 1711 1372 1780; x_wconf 71' lang='lat' dir='ltr'><strong>ignoras.</strong></span> <span class='ocrx_word' id='word_1_119' title='bbox 1414 1706 1715 1779; x_wconf 80' lang='lat' dir='ltr'><strong>Aliquando</strong></span> 
     </span>
    </p>
   </div>
   <div class='ocr_carea' id='block_1_17' title="bbox 134 1800 1714 1884">
    <p class='ocr_par' dir='ltr' id='par_1_17' title="bbox 134 1800 1714 1884">
     <span class='ocr_line' id='line_1_17' title="bbox 134 1800 1714 1884; baseline -0.009 -15"><span class='ocrx_word' id='word_1_120' title='bbox 134 1830 280 1884; x_wconf 84' lang='lat' dir='ltr'><strong>quem</strong></span> <span class='ocrx_word' id='word_1_121' title='bbox 308 1811 493 1865; x_wconf 88' lang='lat' dir='ltr'><strong>irrides</strong></span> <span class='ocrx_word' id='word_1_122' title='bbox 518 1809 829 1862; x_wconf 74' lang='lat' dir='ltr'><strong>adorantem</strong></span> <span class='ocrx_word' id='word_1_123' title='bbox 874 1806 1094 1871; x_wconf 55' lang='lat' dir='ltr'><strong>inrides,</strong></span> <span class='ocrx_word' id='word_1_124' title='bbox 1122 1812 1475 1864; x_wconf 73' lang='lat' dir='ltr'><strong>convertitur,</strong></span> <span class='ocrx_word' id='word_1_125' title='bbox 1538 1811 1592 1855; x_wconf 90' lang='lat' dir='ltr'><strong>et</strong></span> <span class='ocrx_word' id='word_1_126' title='bbox 1620 1800 1714 1854; x_wconf 66' lang='lat' dir='ltr'><strong>ad»</strong></span> 
     </span>
    </p>
   </div>
   <div class='ocr_carea' id='block_1_18' title="bbox 108 1891 1713 1968">
    <p class='ocr_par' dir='ltr' id='par_1_18' title="bbox 108 1891 1713 1968">
     <span class='ocr_line' id='line_1_18' title="bbox 108 1891 1713 1968; baseline -0.009 -9"><span class='ocrx_word' id='word_1_127' title='bbox 108 1906 243 1959; x_wconf 71' lang='lat' dir='ltr'><strong>&#39;itrat</strong></span> <span class='ocrx_word' id='word_1_128' title='bbox 264 1904 443 1959; x_wconf 81' lang='lat' dir='ltr'><strong>Deum.</strong></span> <span class='ocrx_word' id='word_1_129' title='bbox 469 1901 693 1956; x_wconf 77' lang='lat' dir='ltr'><strong>fortasse</strong></span> <span class='ocrx_word' id='word_1_130' title='bbox 709 1898 1007 1968; x_wconf 73' lang='lat' dir='ltr'><strong>religiosius</strong></span> <span class='ocrx_word' id='word_1_131' title='bbox 1024 1912 1180 1966; x_wconf 89' lang='lat' dir='ltr'><strong>quam</strong></span> <span class='ocrx_word' id='word_1_132' title='bbox 1207 1905 1284 1960; x_wconf 90' lang='lat' dir='ltr'><strong>tu,</strong></span> <span class='ocrx_word' id='word_1_133' title='bbox 1308 1893 1395 1964; x_wconf 86' lang='lat' dir='ltr'><strong>qui</strong></span> <span class='ocrx_word' id='word_1_134' title='bbox 1418 1908 1537 1948; x_wconf 90' lang='lat' dir='ltr'><strong>eum</strong></span> <span class='ocrx_word' id='word_1_135' title='bbox 1558 1891 1713 1962; x_wconf 84' lang='lat' dir='ltr'><strong>paulo</strong></span> 
     </span>
    </p>
   </div>
   <div class='ocr_carea' id='block_1_19' title="bbox 136 1976 1711 2059">
    <p class='ocr_par' dir='ltr' id='par_1_19' title="bbox 136 1976 1711 2059">
     <span class='ocr_line' id='line_1_19' title="bbox 136 1976 1711 2059; baseline -0.009 -7"><span class='ocrx_word' id='word_1_136' title='bbox 136 2007 251 2052; x_wconf 81' lang='lat' dir='ltr'><strong>ante</strong></span> <span class='ocrx_word' id='word_1_137' title='bbox 276 1995 545 2050; x_wconf 70' lang='lat' dir='ltr'><strong>irridebas.</strong></span> <span class='ocrx_word' id='word_1_138' title='bbox 589 1994 727 2047; x_wconf 83' lang='lat' dir='ltr'><strong>Sunt</strong></span> <span class='ocrx_word' id='word_1_139' title='bbox 769 2006 897 2059; x_wconf 79' lang='lat' dir='ltr'><strong>ergo</strong></span> <span class='ocrx_word' id='word_1_140' title='bbox 942 1988 1167 2058; x_wconf 73' lang='lat' dir='ltr'><strong>proximi</strong></span> <span class='ocrx_word' id='word_1_141' title='bbox 1209 1984 1375 2043; x_wconf 82' lang='lat' dir='ltr'><strong>nostri</strong></span> <span class='ocrx_word' id='word_1_142' title='bbox 1404 1986 1629 2043; x_wconf 83' lang='lat' dir='ltr'><strong>latentes</strong></span> <span class='ocrx_word' id='word_1_143' title='bbox 1652 1976 1711 2038; x_wconf 78' lang='lat' dir='ltr'><strong>in</strong></span> 
     </span>
    </p>
   </div>
   <div class='ocr_carea' id='block_1_20' title="bbox 138 2081 1714 2155">
    <p class='ocr_par' dir='ltr' id='par_1_20' title="bbox 138 2081 1714 2155">
     <span class='ocr_line' id='line_1_20' title="bbox 138 2081 1714 2155; baseline -0.006 -10"><span class='ocrx_word' id='word_1_144' title='bbox 138 2090 217 2146; x_wconf 84' lang='lat' dir='ltr'><strong>his</strong></span> <span class='ocrx_word' id='word_1_145' title='bbox 243 2089 534 2143; x_wconf 82' lang='lat' dir='ltr'><strong>hominibus</strong></span> <span class='ocrx_word' id='word_1_146' title='bbox 561 2129 573 2148; x_wconf 90' lang='lat'><strong>,</strong></span> <span class='ocrx_word' id='word_1_147' title='bbox 604 2084 697 2155; x_wconf 84' lang='lat' dir='ltr'><strong>qui</strong></span> <span class='ocrx_word' id='word_1_148' title='bbox 722 2086 953 2138; x_wconf 84' lang='lat' dir='ltr'><strong>nondum</strong></span> <span class='ocrx_word' id='word_1_149' title='bbox 986 2092 1107 2136; x_wconf 89' lang='lat' dir='ltr'><strong>sunt</strong></span> <span class='ocrx_word' id='word_1_150' title='bbox 1135 2083 1187 2135; x_wconf 92' lang='lat' dir='ltr'><strong>in</strong></span> <span class='ocrx_word' id='word_1_151' title='bbox 1217 2081 1483 2146; x_wconf 77' lang='lat' dir='ltr'><strong>Ecclesia;</strong></span> <span class='ocrx_word' id='word_1_152' title='bbox 1511 2088 1566 2135; x_wconf 87' lang='lat' dir='ltr'><strong>et</strong></span> <span class='ocrx_word' id='word_1_153' title='bbox 1590 2088 1714 2135; x_wconf 84' lang='lat' dir='ltr'><strong>sunt</strong></span> 
     </span>
    </p>
   </div>
   <div class='ocr_carea' id='block_1_21' title="bbox 106 2172 1713 2252">
    <p class='ocr_par' dir='ltr' id='par_1_21' title="bbox 106 2172 1713 2252">
     <span class='ocr_line' id='line_1_21' title="bbox 106 2172 1713 2252; baseline -0.006 -16"><span class='ocrx_word' id='word_1_154' title='bbox 106 2202 107 2207; x_wconf 47' lang='grc' dir='ltr'><strong>η</strong></span> <span class='ocrx_word' id='word_1_155' title='bbox 138 2181 282 2252; x_wconf 65' lang='lat' dir='ltr'><strong>longe</strong></span> <span class='ocrx_word' id='word_1_156' title='bbox 305 2196 334 2234; x_wconf 91' lang='lat' dir='ltr'><strong>a</strong></span> <span class='ocrx_word' id='word_1_157' title='bbox 377 2180 528 2232; x_wconf 87' lang='lat' dir='ltr'><strong>nobis</strong></span> <span class='ocrx_word' id='word_1_158' title='bbox 574 2179 798 2231; x_wconf 82' lang='lat' dir='ltr'><strong>laten&#39;es</strong></span> <span class='ocrx_word' id='word_1_159' title='bbox 829 2181 881 2228; x_wconf 85' lang='lat' dir='ltr'><strong>in</strong></span> <span class='ocrx_word' id='word_1_160' title='bbox 931 2173 1188 2229; x_wconf 69' lang='lat' dir='ltr'><strong>Ecclesia.</strong></span> <span class='ocrx_word' id='word_1_161' title='bbox 1220 2172 1448 2242; x_wconf 80' lang='lat' dir='ltr'><strong>ideoque</strong></span> <span class='ocrx_word' id='word_1_162' title='bbox 1489 2172 1577 2242; x_wconf 82' lang='lat' dir='ltr'><strong>qui</strong></span> <span class='ocrx_word' id='word_1_163' title='bbox 1607 2186 1713 2226; x_wconf 62' lang='lat' dir='ltr'><strong>nun</strong></span> 
     </span>
    </p>
   </div>
   <div class='ocr_carea' id='block_1_22' title="bbox 100 2264 1710 2336">
    <p class='ocr_par' dir='ltr' id='par_1_22' title="bbox 100 2264 1710 2336">
     <span class='ocr_line' id='line_1_22' title="bbox 100 2264 1710 2336; baseline -0.005 -10"><span class='ocrx_word' id='word_1_164' title='bbox 100 2264 105 2295; x_wconf 68' lang='grc'><em>⁷</em></span> <span class='ocrx_word' id='word_1_165' title='bbox 137 2274 322 2326; x_wconf 74' lang='lat' dir='ltr'><strong>sciurus</strong></span> <span class='ocrx_word' id='word_1_166' title='bbox 349 2270 515 2326; x_wconf 73' lang='lat' dir='ltr'><strong>futura</strong></span> <span class='ocrx_word' id='word_1_167' title='bbox 536 2311 549 2333; x_wconf 91' lang='lat'><strong>,</strong></span> <span class='ocrx_word' id='word_1_168' title='bbox 585 2281 1016 2336; x_wconf 71' lang='lat' dir='ltr'><strong>unumqneunme</strong></span> <span class='ocrx_word' id='word_1_169' title='bbox 1056 2266 1353 2334; x_wconf 72' lang='lat' dir='ltr'><strong>proximum</strong></span> <span class='ocrx_word' id='word_1_170' title='bbox 1383 2264 1670 2319; x_wconf 74' lang='lat' dir='ltr'><strong>habeamus</strong></span> <span class='ocrx_word' id='word_1_171' title='bbox 1694 2306 1710 2327; x_wconf 89' lang='lat'><strong>,</strong></span> 
     </span>
    </p>
   </div>
   <div class='ocr_carea' id='block_1_23' title="bbox 88 2330 1711 2425">
    <p class='ocr_par' dir='ltr' id='par_1_23' title="bbox 88 2330 1711 2425">
     <span class='ocr_line' id='line_1_23' title="bbox 88 2330 1711 2425; baseline -0.002 -10"><span class='ocrx_word' id='word_1_172' title='bbox 88 2330 235 2418; x_wconf 51' lang='lat' dir='ltr'><strong>Lnou</strong></span> <span class='ocrx_word' id='word_1_173' title='bbox 265 2363 433 2417; x_wconf 86' lang='lat' dir='ltr'><strong>solum</strong></span> <span class='ocrx_word' id='word_1_174' title='bbox 475 2361 783 2416; x_wconf 81' lang='lat' dir='ltr'><strong>conditione</strong></span> <span class='ocrx_word' id='word_1_175' title='bbox 831 2356 1172 2412; x_wconf 68' lang='lat' dir='ltr'><strong>mortalitatis</strong></span> <span class='ocrx_word' id='word_1_176' title='bbox 1214 2355 1495 2419; x_wconf 70' lang='lat' dir='ltr'><strong>humanm,</strong></span> <span class='ocrx_word' id='word_1_177' title='bbox 1528 2371 1630 2425; x_wconf 85' lang='lat' dir='ltr'><strong>qua</strong></span> <span class='ocrx_word' id='word_1_178' title='bbox 1661 2358 1711 2411; x_wconf 89' lang='lat' dir='ltr'><strong>in</strong></span> 
     </span>
    </p>
   </div>
   <div class='ocr_carea' id='block_1_24' title="bbox 139 2450 1717 2518">
    <p class='ocr_par' dir='ltr' id='par_1_24' title="bbox 139 2450 1717 2518">
     <span class='ocr_line' id='line_1_24' title="bbox 139 2450 1717 2518; baseline -0.003 -9"><span class='ocrx_word' id='word_1_179' title='bbox 139 2455 267 2510; x_wconf 80' lang='lat' dir='ltr'><strong>bane</strong></span> <span class='ocrx_word' id='word_1_180' title='bbox 300 2465 487 2510; x_wconf 85' lang='lat' dir='ltr'><strong>terram</strong></span> <span class='ocrx_word' id='word_1_181' title='bbox 528 2453 714 2508; x_wconf 76' lang='lat' dir='ltr'><strong>cadum</strong></span> <span class='ocrx_word' id='word_1_182' title='bbox 757 2460 902 2505; x_wconf 81' lang='lat' dir='ltr'><strong>sorte</strong></span> <span class='ocrx_word' id='word_1_183' title='bbox 932 2450 1275 2512; x_wconf 73' lang='lat' dir='ltr'><strong>devenimus;</strong></span> <span class='ocrx_word' id='word_1_184' title='bbox 1307 2450 1401 2505; x_wconf 87' lang='lat' dir='ltr'><strong>sed</strong></span> <span class='ocrx_word' id='word_1_185' title='bbox 1427 2450 1586 2504; x_wconf 89' lang='lat' dir='ltr'><strong>etiam</strong></span> <span class='ocrx_word' id='word_1_186' title='bbox 1619 2463 1717 2518; x_wconf 78' lang='lat' dir='ltr'><strong>sne</strong></span> 
     </span>
    </p>
   </div>
   <div class='ocr_carea' id='block_1_25' title="bbox 141 2538 1716 2613">
    <p class='ocr_par' dir='ltr' id='par_1_25' title="bbox 141 2538 1716 2613">
     <span class='ocr_line' id='line_1_25' title="bbox 141 2538 1716 2613; baseline -0.005 -11"><span class='ocrx_word' id='word_1_187' title='bbox 141 2548 272 2603; x_wconf 86' lang='lat' dir='ltr'><strong>iliius</strong></span> <span class='ocrx_word' id='word_1_188' title='bbox 300 2546 652 2607; x_wconf 65' lang='lat' dir='ltr'><strong>inuri-dilatis,</strong></span> <span class='ocrx_word' id='word_1_189' title='bbox 682 2544 806 2613; x_wconf 80' lang='lat' dir='ltr'><strong>quia</strong></span> <span class='ocrx_word' id='word_1_190' title='bbox 854 2557 961 2595; x_wconf 87' lang='lat' dir='ltr'><strong>non</strong></span> <span class='ocrx_word' id='word_1_191' title='bbox 1004 2543 1202 2596; x_wconf 82' lang='lat' dir='ltr'><strong>scimus</strong></span> <span class='ocrx_word' id='word_1_192' title='bbox 1246 2540 1372 2611; x_wconf 86' lang='lat' dir='ltr'><strong>quid</strong></span> <span class='ocrx_word' id='word_1_193' title='bbox 1414 2538 1623 2595; x_wconf 84' lang='lat' dir='ltr'><strong>futurus</strong></span> <span class='ocrx_word' id='word_1_194' title='bbox 1647 2540 1716 2595; x_wconf 89' lang='lat' dir='ltr'><strong>sit</strong></span> 
     </span>
    </p>
   </div>
   <div class='ocr_carea' id='block_1_26' title="bbox 139 2635 681 2709">
    <p class='ocr_par' dir='ltr' id='par_1_26' title="bbox 139 2635 681 2709">
     <span class='ocr_line' id='line_1_26' title="bbox 139 2635 681 2709; baseline 0 -20"><span class='ocrx_word' id='word_1_195' title='bbox 139 2640 219 2709; x_wconf 85' lang='lat' dir='ltr'><strong>qui</strong></span> <span class='ocrx_word' id='word_1_196' title='bbox 249 2638 399 2692; x_wconf 86' lang='lat' dir='ltr'><strong>modo</strong></span> <span class='ocrx_word' id='word_1_197' title='bbox 429 2635 561 2689; x_wconf 83' lang='lat' dir='ltr'><strong>nihil</strong></span> <span class='ocrx_word' id='word_1_198' title='bbox 579 2644 681 2689; x_wconf 72' lang='lat' dir='ltr'><strong>est.</strong></span> 
     </span>
    </p>
   </div>
   <div class='ocr_carea' id='block_1_27' title="bbox 203 2722 1714 2798">
    <p class='ocr_par' dir='ltr' id='par_1_27' title="bbox 203 2722 1714 2798">
     <span class='ocr_line' id='line_1_27' title="bbox 203 2722 1714 2798; baseline -0.001 -16"><span class='ocrx_word' id='word_1_199' title='bbox 203 2731 254 2785; x_wconf 75' lang='grc' dir='ltr'><strong>δ.</strong></span> <span class='ocrx_word' id='word_1_200' title='bbox 297 2731 427 2798; x_wconf 65' lang='lat' dir='ltr'><strong>Ergo</strong></span> <span class='ocrx_word' id='word_1_201' title='bbox 468 2724 735 2781; x_wconf 74' lang='lat' dir='ltr'><strong>attendite</strong></span> <span class='ocrx_word' id='word_1_202' title='bbox 765 2734 955 2783; x_wconf 70' lang='lat' dir='ltr'><strong>ett-tera</strong></span> <span class='ocrx_word' id='word_1_203' title='bbox 997 2725 1047 2778; x_wconf 91' lang='lat' dir='ltr'><strong>in</strong></span> <span class='ocrx_word' id='word_1_204' title='bbox 1079 2722 1353 2777; x_wconf 75' lang='lat' dir='ltr'><strong>induendo</strong></span> <span class='ocrx_word' id='word_1_205' title='bbox 1384 2738 1579 2778; x_wconf 86' lang='lat' dir='ltr'><strong>novum</strong></span> <span class='ocrx_word' id='word_1_206' title='bbox 1610 2723 1714 2781; x_wconf 85' lang='lat' dir='ltr'><strong>ito-</strong></span> 
     </span>
    </p>
   </div>
   <div class='ocr_carea' id='block_1_28' title="bbox 143 2819 1713 2891">
    <p class='ocr_par' dir='ltr' id='par_1_28' title="bbox 143 2819 1713 2891">
     <span class='ocr_line' id='line_1_28' title="bbox 143 2819 1713 2891; baseline -0.004 -10"><span class='ocrx_word' id='word_1_207' title='bbox 143 2827 327 2881; x_wconf 83' lang='lat' dir='ltr'><strong>minem</strong></span> <span class='ocrx_word' id='word_1_208' title='bbox 350 2835 401 2879; x_wconf 85' lang='lat' dir='ltr'><strong>et</strong></span> <span class='ocrx_word' id='word_1_209' title='bbox 425 2824 673 2880; x_wconf 67' lang='lat' dir='ltr'><strong>canendo</strong></span> <span class='ocrx_word' id='word_1_210' title='bbox 694 2832 950 2877; x_wconf 77' lang='lat' dir='ltr'><strong>veterem.</strong></span> <span class='ocrx_word' id='word_1_211' title='bbox 981 2821 1317 2890; x_wconf 77' lang='lat' dir='ltr'><strong>Deponentes,</strong></span> <span class='ocrx_word' id='word_1_212' title='bbox 1349 2820 1537 2891; x_wconf 85' lang='lat' dir='ltr'><strong>inquit,</strong></span> <span class='ocrx_word' id='word_1_213' title='bbox 1569 2819 1713 2875; x_wconf 81' lang='lat' dir='ltr'><strong>men-</strong></span> 
     </span>
    </p>
   </div>
   <div class='ocr_carea' id='block_1_29' title="bbox 146 2914 1715 2989">
    <p class='ocr_par' dir='ltr' id='par_1_29' title="bbox 146 2914 1715 2989">
     <span class='ocr_line' id='line_1_29' title="bbox 146 2914 1715 2989; baseline -0.004 -16"><span class='ocrx_word' id='word_1_214' title='bbox 146 2920 349 2987; x_wconf 73' lang='lat' dir='ltr'><strong>(iaciunt,</strong></span> <span class='ocrx_word' id='word_1_215' title='bbox 384 2919 645 2989; x_wconf 85' lang='lat' dir='ltr'><strong>loquimini</strong></span> <span class='ocrx_word' id='word_1_216' title='bbox 674 2918 929 2970; x_wconf 75' lang='lat' dir='ltr'><strong>veritatem</strong></span> <span class='ocrx_word' id='word_1_217' title='bbox 968 2916 1302 2986; x_wconf 78' lang='lat' dir='ltr'><strong>unusquisque</strong></span> <span class='ocrx_word' id='word_1_218' title='bbox 1340 2930 1453 2966; x_wconf 80' lang='lat' dir='ltr'><strong>cum</strong></span> <span class='ocrx_word' id='word_1_219' title='bbox 1484 2914 1715 2984; x_wconf 67' lang='lat' dir='ltr'><strong>proximo</strong></span> 
     </span>
    </p>
   </div>
   <div class='ocr_carea' id='block_1_30' title="bbox 144 2994 1713 3082">
    <p class='ocr_par' dir='ltr' id='par_1_30' title="bbox 144 2994 1713 3082">
     <span class='ocr_line' id='line_1_30' title="bbox 144 2994 1713 3082; baseline -0.005 -17"><span class='ocrx_word' id='word_1_220' title='bbox 144 3026 223 3065; x_wconf 73' lang='lat' dir='ltr'><strong>suo</strong></span> <span class='ocrx_word' id='word_1_221' title='bbox 252 3028 270 3065; x_wconf 91' lang='lat'><strong><em>:</em></strong></span> <span class='ocrx_word' id='word_1_222' title='bbox 292 3012 407 3082; x_wconf 86' lang='lat' dir='ltr'><strong>quia</strong></span> <span class='ocrx_word' id='word_1_223' title='bbox 442 3026 617 3064; x_wconf 80' lang='lat' dir='ltr'><strong>suum</strong></span> <span class='ocrx_word' id='word_1_224' title='bbox 653 3007 861 3061; x_wconf 77' lang='lat' dir='ltr'><strong>invicem</strong></span> <span class='ocrx_word' id='word_1_225' title='bbox 889 3006 1130 3059; x_wconf 79' lang='lat' dir='ltr'><strong>membra.</strong></span> <span class='ocrx_word' id='word_1_226' title='bbox 1167 2994 1496 3072; x_wconf 81' lang='lat' dir='ltr'><strong>Irascintini;</strong></span> <span class='ocrx_word' id='word_1_227' title='bbox 1534 3014 1581 3059; x_wconf 79' lang='lat' dir='ltr'><strong>et</strong></span> <span class='ocrx_word' id='word_1_228' title='bbox 1620 3021 1713 3059; x_wconf 87' lang='lat' dir='ltr'><strong>no—</strong></span> 
     </span>
    </p>
   </div>
   <div class='ocr_carea' id='block_1_31' title="bbox 148 3096 1714 3173">
    <p class='ocr_par' dir='ltr' id='par_1_31' title="bbox 148 3096 1714 3173">
     <span class='ocr_line' id='line_1_31' title="bbox 148 3096 1714 3173; baseline -0.002 -18"><span class='ocrx_word' id='word_1_229' title='bbox 148 3101 222 3157; x_wconf 79' lang='lat' dir='ltr'><strong>lite</strong></span> <span class='ocrx_word' id='word_1_230' title='bbox 246 3118 459 3173; x_wconf 70' lang='lat' dir='ltr'><strong>peccare.</strong></span> <span class='ocrx_word' id='word_1_231' title='bbox 486 3101 542 3157; x_wconf 86' lang='lat' dir='ltr'><strong>Si</strong></span> <span class='ocrx_word' id='word_1_232' title='bbox 573 3110 849 3170; x_wconf 87' lang='lat' dir='ltr'><strong>propterea</strong></span> <span class='ocrx_word' id='word_1_233' title='bbox 874 3098 1122 3153; x_wconf 87' lang='lat' dir='ltr'><strong>irasceris</strong></span> <span class='ocrx_word' id='word_1_234' title='bbox 1147 3112 1303 3151; x_wconf 89' lang='lat' dir='ltr'><strong>servo</strong></span> <span class='ocrx_word' id='word_1_235' title='bbox 1328 3106 1417 3150; x_wconf 90' lang='lat' dir='ltr'><strong>tuo</strong></span> <span class='ocrx_word' id='word_1_236' title='bbox 1445 3096 1564 3166; x_wconf 87' lang='lat' dir='ltr'><strong>quia</strong></span> <span class='ocrx_word' id='word_1_237' title='bbox 1589 3112 1714 3166; x_wconf 86' lang='lat' dir='ltr'><strong>pec-</strong></span> 
     </span>
    </p>
   </div>
   <div class='ocr_carea' id='block_1_32' title="bbox 148 3187 1715 3261">
    <p class='ocr_par' dir='ltr' id='par_1_32' title="bbox 148 3187 1715 3261">
     <span class='ocr_line' id='line_1_32' title="bbox 148 3187 1715 3261; baseline -0.002 -16"><span class='ocrx_word' id='word_1_238' title='bbox 148 3194 270 3247; x_wconf 82' lang='lat' dir='ltr'><strong>cavit</strong></span> <span class='ocrx_word' id='word_1_239' title='bbox 303 3211 318 3248; x_wconf 90' lang='lat'><strong>:</strong></span> <span class='ocrx_word' id='word_1_240' title='bbox 346 3210 409 3247; x_wconf 88' lang='lat' dir='ltr'><strong>ne</strong></span> <span class='ocrx_word' id='word_1_241' title='bbox 436 3203 489 3248; x_wconf 86' lang='lat' dir='ltr'><strong>et</strong></span> <span class='ocrx_word' id='word_1_242' title='bbox 512 3204 565 3245; x_wconf 92' lang='grc' dir='ltr'><strong>ιιι</strong></span> <span class='ocrx_word' id='word_1_243' title='bbox 594 3192 707 3261; x_wconf 78' lang='lat' dir='ltr'><strong>ipse</strong></span> <span class='ocrx_word' id='word_1_244' title='bbox 735 3204 942 3261; x_wconf 87' lang='lat' dir='ltr'><strong>pecces,</strong></span> <span class='ocrx_word' id='word_1_245' title='bbox 968 3188 1199 3243; x_wconf 81' lang='lat' dir='ltr'><strong>irascere</strong></span> <span class='ocrx_word' id='word_1_246' title='bbox 1228 3188 1341 3242; x_wconf 89' lang='lat' dir='ltr'><strong>tibi.</strong></span> <span class='ocrx_word' id='word_1_247' title='bbox 1376 3187 1471 3242; x_wconf 85' lang='lat' dir='ltr'><strong>Sol</strong></span> <span class='ocrx_word' id='word_1_248' title='bbox 1500 3204 1598 3242; x_wconf 86' lang='lat' dir='ltr'><strong>non</strong></span> <span class='ocrx_word' id='word_1_249' title='bbox 1625 3205 1715 3242; x_wconf 84' lang='lat' dir='ltr'><strong>nc-</strong></span> 
     </span>
    </p>
   </div>
   <div class='ocr_carea' id='block_1_33' title="bbox 151 3281 1715 3357">
    <p class='ocr_par' dir='ltr' id='par_1_33' title="bbox 151 3281 1715 3357">
     <span class='ocr_line' id='line_1_33' title="bbox 151 3281 1715 3357; baseline -0.001 -18"><span class='ocrx_word' id='word_1_250' title='bbox 151 3287 268 3340; x_wconf 81' lang='lat' dir='ltr'><strong>cidat</strong></span> <span class='ocrx_word' id='word_1_251' title='bbox 315 3303 461 3357; x_wconf 79' lang='lat' dir='ltr'><strong>super</strong></span> <span class='ocrx_word' id='word_1_252' title='bbox 511 3285 827 3339; x_wconf 72' lang='lat' dir='ltr'><strong>iracundiam</strong></span> <span class='ocrx_word' id='word_1_253' title='bbox 882 3292 1093 3338; x_wconf 73' lang='lat' dir='ltr'><strong>restrain</strong></span> <span class='ocrx_word' id='word_1_254' title='bbox 1152 3281 1341 3353; x_wconf 59' lang='lat' dir='ltr'><strong>(Ibid,</strong></span> <span class='ocrx_word' id='word_1_255' title='bbox 1386 3282 1480 3353; x_wconf 71' lang='lat'><strong>26)</strong></span> <span class='ocrx_word' id='word_1_256' title='bbox 1514 3301 1527 3335; x_wconf 91' lang='lat'>:</span> <span class='ocrx_word' id='word_1_257' title='bbox 1558 3283 1715 3337; x_wconf 81' lang='lat' dir='ltr'><strong>inte!-</strong></span> 
     </span>
    </p>
   </div>
   <div class='ocr_carea' id='block_1_34' title="bbox 154 3372 1715 3447">
    <p class='ocr_par' dir='ltr' id='par_1_34' title="bbox 154 3372 1715 3447">
     <span class='ocr_line' id='line_1_34' title="bbox 154 3372 1715 3447; baseline 0.001 -18"><span class='ocrx_word' id='word_1_258' title='bbox 154 3376 531 3447; x_wconf 80' lang='lat' dir='ltr'><strong>ligitnrquidem</strong></span> <span class='ocrx_word' id='word_1_259' title='bbox 554 3377 847 3433; x_wconf 87' lang='lat' dir='ltr'><strong>secundttm</strong></span> <span class='ocrx_word' id='word_1_260' title='bbox 877 3386 1107 3445; x_wconf 84' lang='lat' dir='ltr'><strong>tempus,</strong></span> <span class='ocrx_word' id='word_1_261' title='bbox 1136 3372 1356 3442; x_wconf 76' lang='lat' dir='ltr'><strong>fratres;</strong></span> <span class='ocrx_word' id='word_1_262' title='bbox 1383 3376 1503 3446; x_wconf 89' lang='lat' dir='ltr'><strong>quia</strong></span> <span class='ocrx_word' id='word_1_263' title='bbox 1525 3376 1621 3429; x_wconf 90' lang='lat' dir='ltr'><strong>etsi</strong></span> <span class='ocrx_word' id='word_1_264' title='bbox 1648 3392 1715 3431; x_wconf 76' lang='lat' dir='ltr'><strong>ex</strong></span> 
     </span>
    </p>
   </div>
   <div class='ocr_carea' id='block_1_35' title="bbox 156 3468 1708 3537">
    <p class='ocr_par' dir='ltr' id='par_1_35' title="bbox 156 3468 1708 3537">
     <span class='ocr_line' id='line_1_35' title="bbox 156 3468 1708 3537; baseline 0.001 -16"><span class='ocrx_word' id='word_1_265' title='bbox 156 3468 251 3537; x_wconf 83' lang='lat' dir='ltr'><strong>ipsa</strong></span> <span class='ocrx_word' id='word_1_266' title='bbox 295 3470 514 3525; x_wconf 87' lang='lat' dir='ltr'><strong>humana</strong></span> <span class='ocrx_word' id='word_1_267' title='bbox 556 3470 863 3524; x_wconf 82' lang='lat' dir='ltr'><strong>conditione</strong></span> <span class='ocrx_word' id='word_1_268' title='bbox 902 3478 956 3523; x_wconf 88' lang='lat' dir='ltr'><strong>et</strong></span> <span class='ocrx_word' id='word_1_269' title='bbox 994 3468 1302 3523; x_wconf 86' lang='lat' dir='ltr'><strong>intirmitate</strong></span> <span class='ocrx_word' id='word_1_270' title='bbox 1348 3468 1708 3534; x_wconf 87' lang='lat' dir='ltr'><strong>mortalitatis,</strong></span> 
     </span>
    </p>
   </div>
   <div class='ocr_carea' id='block_1_36' title="bbox 157 3560 1716 3630">
    <p class='ocr_par' dir='ltr' id='par_1_36' title="bbox 157 3560 1716 3630">
     <span class='ocr_line' id='line_1_36' title="bbox 157 3560 1716 3630; baseline 0.003 -18"><span class='ocrx_word' id='word_1_271' title='bbox 157 3576 288 3625; x_wconf 82' lang='lat' dir='ltr'><strong>quam</strong></span> <span class='ocrx_word' id='word_1_272' title='bbox 319 3572 603 3630; x_wconf 73' lang='lat' dir='ltr'><strong>perminuas,</strong></span> <span class='ocrx_word' id='word_1_273' title='bbox 648 3561 885 3629; x_wconf 79' lang='lat' dir='ltr'><strong>subrepit</strong></span> <span class='ocrx_word' id='word_1_274' title='bbox 934 3560 1009 3614; x_wconf 89' lang='lat' dir='ltr'><strong>ira</strong></span> <span class='ocrx_word' id='word_1_275' title='bbox 1046 3560 1358 3626; x_wconf 88' lang='lat' dir='ltr'><strong>christiano,</strong></span> <span class='ocrx_word' id='word_1_276' title='bbox 1410 3576 1517 3615; x_wconf 88' lang='lat' dir='ltr'><strong>non</strong></span> <span class='ocrx_word' id='word_1_277' title='bbox 1556 3561 1716 3617; x_wconf 88' lang='lat' dir='ltr'><strong>debet</strong></span> 
     </span>
    </p>
   </div>
   <div class='ocr_carea' id='block_1_37' title="bbox 158 3650 1713 3723">
    <p class='ocr_par' dir='ltr' id='par_1_37' title="bbox 158 3650 1713 3723">
     <span class='ocr_line' id='line_1_37' title="bbox 158 3650 1713 3723; baseline 0.004 -20"><span class='ocrx_word' id='word_1_278' title='bbox 158 3650 232 3704; x_wconf 86' lang='lat' dir='ltr'><strong>diu</strong></span> <span class='ocrx_word' id='word_1_279' title='bbox 266 3653 421 3709; x_wconf 86' lang='lat' dir='ltr'><strong>teneri</strong></span> <span class='ocrx_word' id='word_1_280' title='bbox 448 3662 503 3709; x_wconf 90' lang='lat' dir='ltr'><strong>et</strong></span> <span class='ocrx_word' id='word_1_281' title='bbox 542 3653 655 3707; x_wconf 77' lang='lat' dir='ltr'><strong>fieri</strong></span> <span class='ocrx_word' id='word_1_282' title='bbox 687 3652 948 3723; x_wconf 85' lang='lat' dir='ltr'><strong>pridiana.</strong></span> <span class='ocrx_word' id='word_1_283' title='bbox 983 3652 1130 3721; x_wconf 84' lang='lat' dir='ltr'><strong>Ejiee</strong></span> <span class='ocrx_word' id='word_1_284' title='bbox 1158 3652 1300 3707; x_wconf 88' lang='lat' dir='ltr'><strong>illam</strong></span> <span class='ocrx_word' id='word_1_285' title='bbox 1329 3652 1397 3708; x_wconf 92' lang='lat' dir='ltr'><strong>de</strong></span> <span class='ocrx_word' id='word_1_286' title='bbox 1425 3654 1587 3710; x_wconf 88' lang='lat' dir='ltr'><strong>corde</strong></span> <span class='ocrx_word' id='word_1_287' title='bbox 1615 3670 1713 3709; x_wconf 90' lang='lat' dir='ltr'><strong>an-</strong></span> 
     </span>
    </p>
   </div>
   <div class='ocr_carea' id='block_1_38' title="bbox 160 3744 1715 3814">
    <p class='ocr_par' dir='ltr' id='par_1_38' title="bbox 160 3744 1715 3814">
     <span class='ocr_line' id='line_1_38' title="bbox 160 3744 1715 3814; baseline 0.003 -15"><span class='ocrx_word' id='word_1_288' title='bbox 160 3751 341 3814; x_wconf 80' lang='lat' dir='ltr'><strong>tequam</strong></span> <span class='ocrx_word' id='word_1_289' title='bbox 379 3744 586 3801; x_wconf 89' lang='lat' dir='ltr'><strong>occidat</strong></span> <span class='ocrx_word' id='word_1_290' title='bbox 627 3746 713 3800; x_wconf 76' lang='lat' dir='ltr'><strong>lux</strong></span> <span class='ocrx_word' id='word_1_291' title='bbox 764 3746 862 3800; x_wconf 87' lang='lat' dir='ltr'><strong>ista</strong></span> <span class='ocrx_word' id='word_1_292' title='bbox 909 3744 1151 3811; x_wconf 84' lang='lat' dir='ltr'><strong>visibilis,</strong></span> <span class='ocrx_word' id='word_1_293' title='bbox 1200 3760 1267 3799; x_wconf 91' lang='lat' dir='ltr'><strong>ne</strong></span> <span class='ocrx_word' id='word_1_294' title='bbox 1309 3754 1359 3800; x_wconf 90' lang='lat' dir='ltr'><strong>te</strong></span> <span class='ocrx_word' id='word_1_295' title='bbox 1387 3745 1599 3801; x_wconf 84' lang='lat' dir='ltr'><strong>deserat</strong></span> <span class='ocrx_word' id='word_1_296' title='bbox 1626 3747 1715 3803; x_wconf 84' lang='lat' dir='ltr'><strong>lux</strong></span> 
     </span>
    </p>
   </div>
   <div class='ocr_carea' id='block_1_39' title="bbox 161 3836 1715 3910">
    <p class='ocr_par' dir='ltr' id='par_1_39' title="bbox 161 3836 1715 3910">
     <span class='ocr_line' id='line_1_39' title="bbox 161 3836 1715 3910; baseline 0.004 -20"><span class='ocrx_word' id='word_1_297' title='bbox 161 3836 229 3890; x_wconf 73' lang='lat' dir='ltr'><strong>ilbi</strong></span> <span class='ocrx_word' id='word_1_298' title='bbox 257 3838 543 3895; x_wconf 80' lang='lat' dir='ltr'><strong>invisibilis.</strong></span> <span class='ocrx_word' id='word_1_299' title='bbox 574 3838 677 3894; x_wconf 80' lang='lat' dir='ltr'><strong>Sed</strong></span> <span class='ocrx_word' id='word_1_300' title='bbox 700 3847 755 3893; x_wconf 87' lang='lat' dir='ltr'><strong>et</strong></span> <span class='ocrx_word' id='word_1_301' title='bbox 777 3839 936 3893; x_wconf 86' lang='lat' dir='ltr'><strong>aliter</strong></span> <span class='ocrx_word' id='word_1_302' title='bbox 963 3836 1099 3892; x_wconf 85' lang='lat' dir='ltr'><strong>bene</strong></span> <span class='ocrx_word' id='word_1_303' title='bbox 1121 3837 1454 3909; x_wconf 81' lang='lat' dir='ltr'><strong>intelligitur,</strong></span> <span class='ocrx_word' id='word_1_304' title='bbox 1482 3841 1604 3910; x_wconf 86' lang='lat' dir='ltr'><strong>quia</strong></span> <span class='ocrx_word' id='word_1_305' title='bbox 1632 3851 1715 3896; x_wconf 86' lang='lat' dir='ltr'><strong>est</strong></span> 
     </span>
    </p>
   </div>
   <div class='ocr_carea' id='block_1_40' title="bbox 160 3928 1715 4003">
    <p class='ocr_par' dir='ltr' id='par_1_40' title="bbox 160 3928 1715 4003">
     <span class='ocr_line' id='line_1_40' title="bbox 160 3928 1715 4003; baseline 0.003 -18"><span class='ocrx_word' id='word_1_306' title='bbox 160 3940 313 3987; x_wconf 85' lang='lat' dir='ltr'><strong>noster</strong></span> <span class='ocrx_word' id='word_1_307' title='bbox 338 3933 413 3987; x_wconf 89' lang='lat' dir='ltr'><strong>sol</strong></span> <span class='ocrx_word' id='word_1_308' title='bbox 435 3931 657 4003; x_wconf 68' lang='lat' dir='ltr'><strong>justitite</strong></span> <span class='ocrx_word' id='word_1_309' title='bbox 686 3932 882 3987; x_wconf 86' lang='lat' dir='ltr'><strong>veritas</strong></span> <span class='ocrx_word' id='word_1_310' title='bbox 911 3928 1154 3986; x_wconf 81' lang='lat' dir='ltr'><strong>Christus</strong></span> <span class='ocrx_word' id='word_1_311' title='bbox 1194 3948 1209 3986; x_wconf 90' lang='lat'><strong>:</strong></span> <span class='ocrx_word' id='word_1_312' title='bbox 1249 3947 1353 3986; x_wconf 89' lang='lat' dir='ltr'><strong>non</strong></span> <span class='ocrx_word' id='word_1_313' title='bbox 1387 3932 1487 3987; x_wconf 90' lang='lat' dir='ltr'><strong>iste</strong></span> <span class='ocrx_word' id='word_1_314' title='bbox 1516 3933 1593 3986; x_wconf 91' lang='lat' dir='ltr'><strong>sol</strong></span> <span class='ocrx_word' id='word_1_315' title='bbox 1624 3935 1715 4003; x_wconf 90' lang='lat' dir='ltr'><strong>qui</strong></span> 
     </span>
    </p>
   </div>
   <div class='ocr_carea' id='block_1_41' title="bbox 157 4020 1714 4095">
    <p class='ocr_par' dir='ltr' id='par_1_41' title="bbox 157 4020 1714 4095">
     <span class='ocr_line' id='line_1_41' title="bbox 157 4020 1714 4095; baseline 0.003 -17"><span class='ocrx_word' id='word_1_316' title='bbox 157 4020 379 4080; x_wconf 76' lang='lat' dir='ltr'><strong>adolatur</strong></span> <span class='ocrx_word' id='word_1_317' title='bbox 404 4040 433 4077; x_wconf 91' lang='lat' dir='ltr'><strong>a</strong></span> <span class='ocrx_word' id='word_1_318' title='bbox 476 4024 701 4095; x_wconf 77' lang='lat' dir='ltr'><strong>Paganis</strong></span> <span class='ocrx_word' id='word_1_319' title='bbox 725 4033 779 4079; x_wconf 89' lang='lat' dir='ltr'><strong>et</strong></span> <span class='ocrx_word' id='word_1_320' title='bbox 808 4023 1133 4086; x_wconf 73' lang='lat' dir='ltr'><strong>Manichmis,</strong></span> <span class='ocrx_word' id='word_1_321' title='bbox 1166 4032 1221 4079; x_wconf 92' lang='lat' dir='ltr'><strong>et</strong></span> <span class='ocrx_word' id='word_1_322' title='bbox 1258 4023 1469 4079; x_wconf 85' lang='lat' dir='ltr'><strong>videtur</strong></span> <span class='ocrx_word' id='word_1_323' title='bbox 1494 4025 1653 4080; x_wconf 90' lang='lat' dir='ltr'><strong>etiam</strong></span> <span class='ocrx_word' id='word_1_324' title='bbox 1683 4041 1714 4082; x_wconf 89' lang='lat' dir='ltr'><strong>a</strong></span> 
     </span>
    </p>
   </div>
   <div class='ocr_carea' id='block_1_42' title="bbox 159 4115 1713 4185">
    <p class='ocr_par' dir='ltr' id='par_1_42' title="bbox 159 4115 1713 4185">
     <span class='ocr_line' id='line_1_42' title="bbox 159 4115 1713 4185; baseline 0 -14"><span class='ocrx_word' id='word_1_325' title='bbox 159 4117 531 4185; x_wconf 73' lang='lat' dir='ltr'><strong>peccatoribus;</strong></span> <span class='ocrx_word' id='word_1_326' title='bbox 578 4115 672 4170; x_wconf 90' lang='lat' dir='ltr'><strong>sed</strong></span> <span class='ocrx_word' id='word_1_327' title='bbox 718 4115 808 4170; x_wconf 90' lang='lat' dir='ltr'><strong>ille</strong></span> <span class='ocrx_word' id='word_1_328' title='bbox 849 4115 987 4169; x_wconf 85' lang='lat' dir='ltr'><strong>alios</strong></span> <span class='ocrx_word' id='word_1_329' title='bbox 1023 4115 1178 4185; x_wconf 87' lang='lat' dir='ltr'><strong>cujus</strong></span> <span class='ocrx_word' id='word_1_330' title='bbox 1218 4116 1441 4171; x_wconf 80' lang='lat' dir='ltr'><strong>veritate</strong></span> <span class='ocrx_word' id='word_1_331' title='bbox 1486 4117 1713 4171; x_wconf 88' lang='lat' dir='ltr'><strong>lmmana</strong></span> 
     </span>
    </p>
   </div>
   <div class='ocr_carea' id='block_1_43' title="bbox 158 4206 1713 4276">
    <p class='ocr_par' dir='ltr' id='par_1_43' title="bbox 158 4206 1713 4276">
     <span class='ocr_line' id='line_1_43' title="bbox 158 4206 1713 4276; baseline 0.003 -17"><span class='ocrx_word' id='word_1_332' title='bbox 158 4216 313 4262; x_wconf 84' lang='lat' dir='ltr'><strong>natura</strong></span> <span class='ocrx_word' id='word_1_333' title='bbox 340 4208 651 4271; x_wconf 88' lang='lat' dir='ltr'><strong>illustratur,</strong></span> <span class='ocrx_word' id='word_1_334' title='bbox 674 4206 739 4260; x_wconf 87' lang='lat' dir='ltr'><strong>ad</strong></span> <span class='ocrx_word' id='word_1_335' title='bbox 769 4221 927 4276; x_wconf 87' lang='lat' dir='ltr'><strong>quem</strong></span> <span class='ocrx_word' id='word_1_336' title='bbox 950 4206 1179 4276; x_wconf 81' lang='lat' dir='ltr'><strong>gaudent</strong></span> <span class='ocrx_word' id='word_1_337' title='bbox 1208 4206 1415 4276; x_wconf 75' lang='lat' dir='ltr'><strong>Angeli,</strong></span> <span class='ocrx_word' id='word_1_338' title='bbox 1442 4206 1713 4264; x_wconf 84' lang='lat' dir='ltr'><strong>hominum</strong></span> 
     </span>
    </p>
   </div>
   <div class='ocr_carea' id='block_1_44' title="bbox 156 4297 1716 4368">
    <p class='ocr_par' dir='ltr' id='par_1_44' title="bbox 156 4297 1716 4368">
     <span class='ocr_line' id='line_1_44' title="bbox 156 4297 1716 4368; baseline 0.003 -16"><span class='ocrx_word' id='word_1_339' title='bbox 156 4307 308 4354; x_wconf 82' lang='lat' dir='ltr'><strong>autem</strong></span> <span class='ocrx_word' id='word_1_340' title='bbox 353 4298 673 4353; x_wconf 56' lang='lat' dir='ltr'><strong>infirmata‘</strong></span> <span class='ocrx_word' id='word_1_341' title='bbox 737 4298 882 4352; x_wconf 84' lang='lat' dir='ltr'><strong>acies</strong></span> <span class='ocrx_word' id='word_1_342' title='bbox 932 4298 1110 4352; x_wconf 87' lang='lat' dir='ltr'><strong>cordis</strong></span> <span class='ocrx_word' id='word_1_343' title='bbox 1154 4298 1256 4353; x_wconf 89' lang='lat' dir='ltr'><strong>etsi</strong></span> <span class='ocrx_word' id='word_1_344' title='bbox 1313 4297 1579 4368; x_wconf 83' lang='lat' dir='ltr'><strong>trepidant</strong></span> <span class='ocrx_word' id='word_1_345' title='bbox 1615 4300 1716 4356; x_wconf 87' lang='lat' dir='ltr'><strong>sub</strong></span> 
     </span>
    </p>
   </div>
   <div class='ocr_carea' id='block_1_45' title="bbox 156 4388 1717 4461">
    <p class='ocr_par' dir='ltr' id='par_1_45' title="bbox 156 4388 1717 4461">
     <span class='ocr_line' id='line_1_45' title="bbox 156 4388 1717 4461; baseline 0.001 -17"><span class='ocrx_word' id='word_1_346' title='bbox 156 4389 292 4445; x_wconf 78' lang='lat' dir='ltr'><strong>radiis</strong></span> <span class='ocrx_word' id='word_1_347' title='bbox 314 4390 449 4461; x_wconf 83' lang='lat' dir='ltr'><strong>ejus,</strong></span> <span class='ocrx_word' id='word_1_348' title='bbox 484 4389 552 4445; x_wconf 87' lang='lat' dir='ltr'><strong>ad</strong></span> <span class='ocrx_word' id='word_1_349' title='bbox 581 4404 705 4446; x_wconf 89' lang='lat' dir='ltr'><strong>eum</strong></span> <span class='ocrx_word' id='word_1_350' title='bbox 737 4397 914 4445; x_wconf 89' lang='lat' dir='ltr'><strong>tamen</strong></span> <span class='ocrx_word' id='word_1_351' title='bbox 942 4388 1407 4459; x_wconf 86' lang='lat' dir='ltr'><strong>contemplandum</strong></span> <span class='ocrx_word' id='word_1_352' title='bbox 1434 4404 1530 4460; x_wconf 87' lang='lat' dir='ltr'><strong>per</strong></span> <span class='ocrx_word' id='word_1_353' title='bbox 1564 4406 1717 4445; x_wconf 83' lang='lat' dir='ltr'><strong>man-</strong></span> 
     </span>
    </p>
   </div>
   <div class='ocr_carea' id='block_1_46' title="bbox 157 4479 1716 4552">
    <p class='ocr_par' dir='ltr' id='par_1_46' title="bbox 157 4479 1716 4552">
     <span class='ocr_line' id='line_1_46' title="bbox 157 4479 1716 4552; baseline 0.004 -19"><span class='ocrx_word' id='word_1_354' title='bbox 157 4479 255 4536; x_wconf 74' lang='lat' dir='ltr'><strong>data</strong></span> <span class='ocrx_word' id='word_1_355' title='bbox 281 4490 588 4552; x_wconf 76' lang='lat' dir='ltr'><strong>purgantur.</strong></span> <span class='ocrx_word' id='word_1_356' title='bbox 614 4480 747 4537; x_wconf 88' lang='lat' dir='ltr'><strong>Cum</strong></span> <span class='ocrx_word' id='word_1_357' title='bbox 782 4483 1005 4550; x_wconf 66' lang='lat' dir='ltr'><strong>coeperit</strong></span> <span class='ocrx_word' id='word_1_358' title='bbox 1032 4482 1134 4537; x_wconf 90' lang='lat' dir='ltr'><strong>iste</strong></span> <span class='ocrx_word' id='word_1_359' title='bbox 1176 4481 1260 4536; x_wconf 90' lang='lat' dir='ltr'><strong>sol</strong></span> <span class='ocrx_word' id='word_1_360' title='bbox 1289 4482 1341 4536; x_wconf 90' lang='lat' dir='ltr'><strong>in</strong></span> <span class='ocrx_word' id='word_1_361' title='bbox 1376 4482 1591 4538; x_wconf 89' lang='lat' dir='ltr'><strong>homine</strong></span> <span class='ocrx_word' id='word_1_362' title='bbox 1622 4482 1716 4539; x_wconf 91' lang='lat' dir='ltr'><strong>ha-</strong></span> 
     </span>
    </p>
   </div>
   <div class='ocr_carea' id='block_1_47' title="bbox 154 4572 1713 4648">
    <p class='ocr_par' dir='ltr' id='par_1_47' title="bbox 154 4572 1713 4648">
     <span class='ocr_line' id='line_1_47' title="bbox 154 4572 1713 4648; baseline 0.001 -18"><span class='ocrx_word' id='word_1_363' title='bbox 154 4572 300 4633; x_wconf 85' lang='lat' dir='ltr'><strong>bitare</strong></span> <span class='ocrx_word' id='word_1_364' title='bbox 328 4592 421 4648; x_wconf 89' lang='lat' dir='ltr'><strong>per</strong></span> <span class='ocrx_word' id='word_1_365' title='bbox 457 4576 635 4637; x_wconf 84' lang='lat' dir='ltr'><strong>fidem.</strong></span> <span class='ocrx_word' id='word_1_366' title='bbox 664 4591 771 4631; x_wconf 92' lang='lat' dir='ltr'><strong>non</strong></span> <span class='ocrx_word' id='word_1_367' title='bbox 817 4584 1017 4630; x_wconf 87' lang='lat' dir='ltr'><strong>tantum</strong></span> <span class='ocrx_word' id='word_1_368' title='bbox 1061 4576 1113 4629; x_wconf 91' lang='lat' dir='ltr'><strong>in</strong></span> <span class='ocrx_word' id='word_1_369' title='bbox 1146 4583 1197 4631; x_wconf 89' lang='lat' dir='ltr'><strong>te</strong></span> <span class='ocrx_word' id='word_1_370' title='bbox 1224 4576 1399 4631; x_wconf 88' lang='lat' dir='ltr'><strong>valeat</strong></span> <span class='ocrx_word' id='word_1_371' title='bbox 1441 4574 1713 4632; x_wconf 88' lang='lat' dir='ltr'><strong>iracundia</strong></span> 
     </span>
    </p>
   </div>
   <div class='ocr_carea' id='block_1_48' title="bbox 145 4667 1711 4741">
    <p class='ocr_par' dir='ltr' id='par_1_48' title="bbox 145 4667 1711 4741">
     <span class='ocr_line' id='line_1_48' title="bbox 145 4667 1711 4741; baseline 0.001 -18"><span class='ocrx_word' id='word_1_372' title='bbox 145 4680 253 4741; x_wconf 62' lang='lat' dir='ltr'><strong>qua</strong></span> <span class='ocrx_word' id='word_1_373' title='bbox 273 4672 321 4725; x_wconf 90' lang='lat' dir='ltr'><strong>in</strong></span> <span class='ocrx_word' id='word_1_374' title='bbox 344 4678 395 4726; x_wconf 87' lang='lat' dir='ltr'><strong>te</strong></span> <span class='ocrx_word' id='word_1_375' title='bbox 418 4671 672 4735; x_wconf 89' lang='lat' dir='ltr'><strong>nascitur,</strong></span> <span class='ocrx_word' id='word_1_376' title='bbox 699 4677 754 4723; x_wconf 92' lang='grc' dir='ltr'><strong>ιιι</strong></span> <span class='ocrx_word' id='word_1_377' title='bbox 774 4667 979 4724; x_wconf 87' lang='lat' dir='ltr'><strong>occidat</strong></span> <span class='ocrx_word' id='word_1_378' title='bbox 1005 4683 1168 4737; x_wconf 81' lang='lat' dir='ltr'><strong>super</strong></span> <span class='ocrx_word' id='word_1_379' title='bbox 1193 4668 1519 4723; x_wconf 88' lang='lat' dir='ltr'><strong>iracundiam</strong></span> <span class='ocrx_word' id='word_1_380' title='bbox 1545 4679 1711 4735; x_wconf 88' lang='lat' dir='ltr'><strong>tuam,</strong></span> 
     </span>
    </p>
   </div>
   <div class='ocr_carea' id='block_1_49' title="bbox 143 4761 1716 4831">
    <p class='ocr_par' dir='ltr' id='par_1_49' title="bbox 143 4761 1716 4831">
     <span class='ocr_line' id='line_1_49' title="bbox 143 4761 1716 4831; baseline -0.003 -11"><span class='ocrx_word' id='word_1_381' title='bbox 143 4761 308 4831; x_wconf 78' lang='lat' dir='ltr'><strong>idest,</strong></span> <span class='ocrx_word' id='word_1_382' title='bbox 338 4762 551 4819; x_wconf 83' lang='lat' dir='ltr'><strong>deserat</strong></span> <span class='ocrx_word' id='word_1_383' title='bbox 578 4761 823 4817; x_wconf 87' lang='lat' dir='ltr'><strong>Christus</strong></span> <span class='ocrx_word' id='word_1_384' title='bbox 849 4770 1081 4815; x_wconf 87' lang='lat' dir='ltr'><strong>mentem</strong></span> <span class='ocrx_word' id='word_1_385' title='bbox 1114 4768 1292 4825; x_wconf 87' lang='lat' dir='ltr'><strong>tuam;</strong></span> <span class='ocrx_word' id='word_1_386' title='bbox 1323 4761 1443 4829; x_wconf 88' lang='lat' dir='ltr'><strong>quia</strong></span> <span class='ocrx_word' id='word_1_387' title='bbox 1472 4777 1576 4815; x_wconf 87' lang='lat' dir='ltr'><strong>non</strong></span> <span class='ocrx_word' id='word_1_388' title='bbox 1604 4762 1716 4816; x_wconf 90' lang='lat' dir='ltr'><strong>vnit</strong></span> 
     </span>
    </p>
   </div>
   <div class='ocr_carea' id='block_1_50' title="bbox 135 4850 1711 4912">
    <p class='ocr_par' dir='ltr' id='par_1_50' title="bbox 135 4850 1711 4912">
     <span class='ocr_line' id='line_1_50' title="bbox 135 4850 1711 4912; baseline -0.003 0"><span class='ocrx_word' id='word_1_389' title='bbox 135 4854 369 4912; x_wconf 73' lang='lat' dir='ltr'><strong>habitare</strong></span> <span class='ocrx_word' id='word_1_390' title='bbox 411 4853 655 4910; x_wconf 84' lang='lat' dir='ltr'><strong>Chrisms</strong></span> <span class='ocrx_word' id='word_1_391' title='bbox 706 4869 825 4908; x_wconf 89' lang='lat' dir='ltr'><strong>eum</strong></span> <span class='ocrx_word' id='word_1_392' title='bbox 869 4850 1138 4908; x_wconf 86' lang='lat' dir='ltr'><strong>iracundia</strong></span> <span class='ocrx_word' id='word_1_393' title='bbox 1172 4860 1281 4907; x_wconf 89' lang='lat' dir='ltr'><strong>tua.</strong></span> <span class='ocrx_word' id='word_1_394' title='bbox 1313 4852 1533 4908; x_wconf 80' lang='lat' dir='ltr'><strong>Videtur</strong></span> <span class='ocrx_word' id='word_1_395' title='bbox 1568 4854 1711 4908; x_wconf 90' lang='lat' dir='ltr'><strong>enim</strong></span> 
     </span>
    </p>
   </div>
   <div class='ocr_carea' id='block_1_51' title="bbox 129 4942 1711 5021">
    <p class='ocr_par' dir='ltr' id='par_1_51' title="bbox 129 4942 1711 5021">
     <span class='ocr_line' id='line_1_51' title="bbox 129 4942 1711 5021; baseline -0.003 -20"><span class='ocrx_word' id='word_1_396' title='bbox 129 4948 278 5021; x_wconf 86' lang='lat' dir='ltr'><strong>quasi</strong></span> <span class='ocrx_word' id='word_1_397' title='bbox 316 4947 431 5017; x_wconf 84' lang='lat' dir='ltr'><strong>ipse</strong></span> <span class='ocrx_word' id='word_1_398' title='bbox 468 4961 498 5001; x_wconf 87' lang='lat' dir='ltr'><strong>a</strong></span> <span class='ocrx_word' id='word_1_399' title='bbox 535 4956 587 5003; x_wconf 92' lang='lat' dir='ltr'><strong>te</strong></span> <span class='ocrx_word' id='word_1_400' title='bbox 628 4944 894 5011; x_wconf 90' lang='lat' dir='ltr'><strong>occidere,</strong></span> <span class='ocrx_word' id='word_1_401' title='bbox 939 4958 1059 4999; x_wconf 89' lang='lat' dir='ltr'><strong>cum</strong></span> <span class='ocrx_word' id='word_1_402' title='bbox 1109 4953 1163 4997; x_wconf 92' lang='lat' dir='ltr'><strong>tu</strong></span> <span class='ocrx_word' id='word_1_403' title='bbox 1202 4942 1271 4998; x_wconf 89' lang='lat' dir='ltr'><strong>ab</strong></span> <span class='ocrx_word' id='word_1_404' title='bbox 1319 4943 1436 5014; x_wconf 89' lang='lat' dir='ltr'><strong>ipso</strong></span> <span class='ocrx_word' id='word_1_405' title='bbox 1464 4944 1711 4999; x_wconf 87' lang='lat' dir='ltr'><strong>occidas:</strong></span> 
     </span>
    </p>
   </div>
   <div class='ocr_carea' id='block_1_52' title="bbox 125 5035 1713 5112">
    <p class='ocr_par' dir='ltr' id='par_1_52' title="bbox 125 5035 1713 5112">
     <span class='ocr_line' id='line_1_52' title="bbox 125 5035 1713 5112; baseline -0.002 -19"><span class='ocrx_word' id='word_1_406' title='bbox 125 5039 252 5112; x_wconf 86' lang='lat' dir='ltr'><strong>quia</strong></span> <span class='ocrx_word' id='word_1_407' title='bbox 291 5038 365 5093; x_wconf 88' lang='lat' dir='ltr'><strong>ira</strong></span> <span class='ocrx_word' id='word_1_408' title='bbox 394 5053 515 5094; x_wconf 90' lang='lat' dir='ltr'><strong>cum</strong></span> <span class='ocrx_word' id='word_1_409' title='bbox 563 5037 960 5103; x_wconf 75' lang='lat' dir='ltr'><strong>inveteraverit,</strong></span> <span class='ocrx_word' id='word_1_410' title='bbox 1005 5035 1185 5090; x_wconf 91' lang='lat' dir='ltr'><strong>odium</strong></span> <span class='ocrx_word' id='word_1_411' title='bbox 1218 5035 1313 5101; x_wconf 86' lang='lat' dir='ltr'><strong>fit;</strong></span> <span class='ocrx_word' id='word_1_412' title='bbox 1354 5051 1474 5091; x_wconf 91' lang='lat' dir='ltr'><strong>cum</strong></span> <span class='ocrx_word' id='word_1_413' title='bbox 1518 5036 1713 5091; x_wconf 77' lang='lat' dir='ltr'><strong>factum</strong></span> 
     </span>
    </p>
   </div>
   <div class='ocr_carea' id='block_1_53' title="bbox 126 5127 1715 5203">
    <p class='ocr_par' dir='ltr' id='par_1_53' title="bbox 126 5127 1715 5203">
     <span class='ocr_line' id='line_1_53' title="bbox 126 5127 1715 5203; baseline -0.004 -14"><span class='ocrx_word' id='word_1_414' title='bbox 126 5131 290 5190; x_wconf 84' lang='lat' dir='ltr'><strong>fuerit</strong></span> <span class='ocrx_word' id='word_1_415' title='bbox 312 5132 513 5194; x_wconf 88' lang='lat' dir='ltr'><strong>odium,</strong></span> <span class='ocrx_word' id='word_1_416' title='bbox 540 5131 649 5203; x_wconf 85' lang='lat' dir='ltr'><strong>jam</strong></span> <span class='ocrx_word' id='word_1_417' title='bbox 691 5131 953 5186; x_wconf 88' lang='lat' dir='ltr'><strong>homicida</strong></span> <span class='ocrx_word' id='word_1_418' title='bbox 998 5144 1077 5185; x_wconf 90' lang='lat' dir='ltr'><strong>es.</strong></span> <span class='ocrx_word' id='word_1_419' title='bbox 1111 5127 1289 5184; x_wconf 87' lang='lat' dir='ltr'><strong>Omnis</strong></span> <span class='ocrx_word' id='word_1_420' title='bbox 1319 5130 1449 5184; x_wconf 81' lang='lat' dir='ltr'><strong>enim</strong></span> <span class='ocrx_word' id='word_1_421' title='bbox 1477 5130 1564 5200; x_wconf 87' lang='lat' dir='ltr'><strong>qui</strong></span> <span class='ocrx_word' id='word_1_422' title='bbox 1608 5128 1715 5183; x_wconf 84' lang='lat' dir='ltr'><strong>odit</strong></span> 
     </span>
    </p>
   </div>
   <div class='ocr_carea' id='block_1_54' title="bbox 142 5220 1715 5298">
    <p class='ocr_par' dir='ltr' id='par_1_54' title="bbox 142 5220 1715 5298">
     <span class='ocr_line' id='line_1_54' title="bbox 142 5220 1715 5298; baseline -0.002 -19"><span class='ocrx_word' id='word_1_423' title='bbox 142 5232 338 5298; x_wconf 78' lang='lat' dir='ltr'><strong>fratrem</strong></span> <span class='ocrx_word' id='word_1_424' title='bbox 351 5241 516 5290; x_wconf 83' lang='lat' dir='ltr'><strong>suum,</strong></span> <span class='ocrx_word' id='word_1_425' title='bbox 546 5223 799 5278; x_wconf 81' lang='lat' dir='ltr'><strong>homicida</strong></span> <span class='ocrx_word' id='word_1_426' title='bbox 828 5233 897 5277; x_wconf 81' lang='lat' dir='ltr'><strong>est</strong></span> <span class='ocrx_word' id='word_1_427' title='bbox 926 5222 968 5296; x_wconf 90' lang='lat' dir='ltr'><strong>(l</strong></span> <span class='ocrx_word' id='word_1_428' title='bbox 989 5220 1146 5277; x_wconf 78' lang='lat' dir='ltr'><strong>Joan.</strong></span> <span class='ocrx_word' id='word_1_429' title='bbox 1177 5237 1251 5287; x_wconf 87' lang='lat' dir='ltr'><strong>tn,</strong></span> <span class='ocrx_word' id='word_1_430' title='bbox 1288 5222 1399 5292; x_wconf 79' lang='grc'><strong>15),</strong></span> <span class='ocrx_word' id='word_1_431' title='bbox 1431 5222 1567 5276; x_wconf 89' lang='lat' dir='ltr'><strong>sicut</strong></span> <span class='ocrx_word' id='word_1_432' title='bbox 1586 5222 1715 5276; x_wconf 88' lang='lat' dir='ltr'><strong>dicit</strong></span> 
     </span>
    </p>
   </div>
   <div class='ocr_carea' id='block_1_55' title="bbox 142 5315 1713 5391">
    <p class='ocr_par' dir='ltr' id='par_1_55' title="bbox 142 5315 1713 5391">
     <span class='ocr_line' id='line_1_55' title="bbox 142 5315 1713 5391; baseline -0.004 -17"><span class='ocrx_word' id='word_1_433' title='bbox 142 5320 361 5375; x_wconf 81' lang='lat' dir='ltr'><strong>Joannes</strong></span> <span class='ocrx_word' id='word_1_434' title='bbox 398 5319 689 5391; x_wconf 83' lang='lat' dir='ltr'><strong>apostolus.</strong></span> <span class='ocrx_word' id='word_1_435' title='bbox 740 5317 867 5372; x_wconf 88' lang='lat' dir='ltr'><strong>item</strong></span> <span class='ocrx_word' id='word_1_436' title='bbox 918 5317 1030 5386; x_wconf 88' lang='lat' dir='ltr'><strong>ipse</strong></span> <span class='ocrx_word' id='word_1_437' title='bbox 1068 5315 1217 5380; x_wconf 90' lang='lat' dir='ltr'><strong>dicit,</strong></span> <span class='ocrx_word' id='word_1_438' title='bbox 1258 5316 1381 5386; x_wconf 88' lang='lat' dir='ltr'><strong>quia</strong></span> <span class='ocrx_word' id='word_1_439' title='bbox 1423 5315 1584 5369; x_wconf 83' lang='lat' dir='ltr'><strong>omnis</strong></span> <span class='ocrx_word' id='word_1_440' title='bbox 1628 5315 1713 5384; x_wconf 87' lang='lat' dir='ltr'><strong>qui</strong></span> 
     </span>
    </p>
   </div>
   <div class='ocr_carea' id='block_1_56' title="bbox 143 5406 1715 5483">
    <p class='ocr_par' dir='ltr' id='par_1_56' title="bbox 143 5406 1715 5483">
     <span class='ocr_line' id='line_1_56' title="bbox 143 5406 1715 5483; baseline -0.002 -18"><span class='ocrx_word' id='word_1_441' title='bbox 143 5413 238 5466; x_wconf 83' lang='lat' dir='ltr'><strong>odit</strong></span> <span class='ocrx_word' id='word_1_442' title='bbox 263 5415 469 5483; x_wconf 76' lang='lat' dir='ltr'><strong>fratrem</strong></span> <span class='ocrx_word' id='word_1_443' title='bbox 494 5426 661 5478; x_wconf 83' lang='lat' dir='ltr'><strong>suum,</strong></span> <span class='ocrx_word' id='word_1_444' title='bbox 686 5408 970 5464; x_wconf 74' lang='lat' dir='ltr'><strong>intenebris</strong></span> <span class='ocrx_word' id='word_1_445' title='bbox 993 5417 1157 5462; x_wconf 84' lang='lat' dir='ltr'><strong>manet</strong></span> <span class='ocrx_word' id='word_1_446' title='bbox 1183 5406 1291 5479; x_wconf 85' lang='lat' dir='ltr'><strong>(Id.</strong></span> <span class='ocrx_word' id='word_1_447' title='bbox 1323 5423 1378 5471; x_wconf 86' lang='grc' dir='ltr'>ιι,</span> <span class='ocrx_word' id='word_1_448' title='bbox 1408 5407 1467 5477; x_wconf 87' lang='grc'><strong>9)</strong></span> <span class='ocrx_word' id='word_1_449' title='bbox 1498 5425 1511 5462; x_wconf 90' lang='lat'><strong>:</strong></span> <span class='ocrx_word' id='word_1_450' title='bbox 1539 5416 1715 5462; x_wconf 89' lang='lat' dir='ltr'><strong>etnon</strong></span> 
     </span>
    </p>
   </div>
   <div class='ocr_carea' id='block_1_57' title="bbox 141 5498 1642 5573">
    <p class='ocr_par' dir='ltr' id='par_1_57' title="bbox 141 5498 1642 5573">
     <span class='ocr_line' id='line_1_57' title="bbox 141 5498 1642 5573; baseline -0.005 -12"><span class='ocrx_word' id='word_1_451' title='bbox 141 5505 323 5561; x_wconf 88' lang='lat' dir='ltr'><strong>mirum</strong></span> <span class='ocrx_word' id='word_1_452' title='bbox 348 5504 391 5560; x_wconf 88' lang='lat' dir='ltr'><strong>si</strong></span> <span class='ocrx_word' id='word_1_453' title='bbox 425 5504 511 5560; x_wconf 91' lang='lat' dir='ltr'><strong>ille</strong></span> <span class='ocrx_word' id='word_1_454' title='bbox 540 5504 590 5559; x_wconf 87' lang='lat' dir='ltr'><strong>in</strong></span> <span class='ocrx_word' id='word_1_455' title='bbox 626 5501 858 5559; x_wconf 88' lang='lat' dir='ltr'><strong>tenebris</strong></span> <span class='ocrx_word' id='word_1_456' title='bbox 896 5508 1095 5567; x_wconf 88' lang='lat' dir='ltr'><strong>manet,</strong></span> <span class='ocrx_word' id='word_1_457' title='bbox 1127 5515 1157 5557; x_wconf 90' lang='lat' dir='ltr'><strong>a</strong></span> <span class='ocrx_word' id='word_1_458' title='bbox 1184 5515 1290 5573; x_wconf 91' lang='lat' dir='ltr'><strong>quo</strong></span> <span class='ocrx_word' id='word_1_459' title='bbox 1314 5499 1512 5555; x_wconf 88' lang='lat' dir='ltr'><strong>occidit</strong></span> <span class='ocrx_word' id='word_1_460' title='bbox 1538 5498 1642 5555; x_wconf 90' lang='lat' dir='ltr'><strong>soi.</strong></span> 
     </span>
    </p>
   </div>
   <div class='ocr_carea' id='block_1_58' title="bbox 202 5591 1713 5671">
    <p class='ocr_par' dir='ltr' id='par_1_58' title="bbox 202 5591 1713 5671">
     <span class='ocr_line' id='line_1_58' title="bbox 202 5591 1713 5671; baseline -0.004 -18"><span class='ocrx_word' id='word_1_461' title='bbox 202 5598 259 5653; x_wconf 73' lang='grc'><strong>4.</strong></span> <span class='ocrx_word' id='word_1_462' title='bbox 298 5596 378 5652; x_wconf 80' lang='lat' dir='ltr'><strong>Ad</strong></span> <span class='ocrx_word' id='word_1_463' title='bbox 418 5596 520 5654; x_wconf 80' lang='lat' dir='ltr'><strong>hoc</strong></span> <span class='ocrx_word' id='word_1_464' title='bbox 559 5597 696 5652; x_wconf 78' lang='lat' dir='ltr'><strong>forte</strong></span> <span class='ocrx_word' id='word_1_465' title='bbox 738 5595 896 5651; x_wconf 87' lang='lat' dir='ltr'><strong>etiam</strong></span> <span class='ocrx_word' id='word_1_466' title='bbox 926 5594 1160 5667; x_wconf 85' lang='lat' dir='ltr'><strong>pertinet</strong></span> <span class='ocrx_word' id='word_1_467' title='bbox 1202 5592 1343 5671; x_wconf 87' lang='lat' dir='ltr'><strong>quod</strong></span> <span class='ocrx_word' id='word_1_468' title='bbox 1386 5592 1610 5648; x_wconf 85' lang='lat' dir='ltr'><strong>audistis</strong></span> <span class='ocrx_word' id='word_1_469' title='bbox 1656 5591 1713 5648; x_wconf 78' lang='lat' dir='ltr'><strong>in</strong></span> 
     </span>
    </p>
   </div>
   <div class='ocr_carea' id='block_1_59' title="bbox 132 5726 1717 5851">
    <p class='ocr_par' dir='ltr' id='par_1_59' title="bbox 132 5726 1717 5851">
     <span class='ocr_line' id='line_1_59' title="bbox 132 5726 1717 5851; baseline -0.002 -64"><span class='ocrx_word' id='word_1_470' title='bbox 132 5733 312 5851; x_wconf 41' lang='lat' dir='ltr'><strong>male</strong></span> <span class='ocrx_word' id='word_1_471' title='bbox 337 5738 486 5799; x_wconf 73' lang='lat' dir='ltr'><strong>vetus</strong></span> <span class='ocrx_word' id='word_1_472' title='bbox 636 5731 775 5797; x_wconf 81' lang='lat' dir='ltr'><strong>norb.</strong></span> <span class='ocrx_word' id='word_1_473' title='bbox 799 5729 1262 5801; x_wconf 54' lang='lat' dir='ltr'><strong>utadd,th</strong></span> <span class='ocrx_word' id='word_1_474' title='bbox 1290 5728 1417 5783; x_wconf 84' lang='lat' dir='ltr'><strong>enim</strong></span> <span class='ocrx_word' id='word_1_475' title='bbox 1435 5726 1717 5798; x_wconf 70' lang='lat' dir='ltr'><strong>inﬁrmum</strong></span> 
     </span>
    </p>
   </div>
   <div class='ocr_carea' id='block_1_60' title="bbox 1048 239 2307 354">
    <p class='ocr_par' dir='ltr' id='par_1_60' title="bbox 1048 239 2307 354">
     <span class='ocr_line' id='line_1_60' title="bbox 1048 239 2307 354; baseline 0.008 -10"><span class='ocrx_word' id='word_1_476' title='bbox 1243 288 1646 346; x_wconf 75' lang='lat' dir='ltr'><strong>ENARRATIO</strong></span> <span class='ocrx_word' id='word_1_477' title='bbox 1670 288 1739 346; x_wconf 84' lang='lat' dir='ltr'><strong>IN</strong></span> <span class='ocrx_word' id='word_1_478' title='bbox 1776 291 2102 353; x_wconf 74' lang='lat' dir='ltr'><strong>rssLuun</strong></span> <span class='ocrx_word' id='word_1_479' title='bbox 2136 293 2307 354; x_wconf 85' lang='lat' dir='ltr'><strong>xxv.</strong></span> 
     </span>
    </p>
   </div>
   <div class='ocr_carea' id='block_1_61' title="bbox 3300 308 3409 369">
    <p class='ocr_par' dir='ltr' id='par_1_61' title="bbox 3300 308 3409 369">
     <span class='ocr_line' id='line_1_61' title="bbox 3300 308 3409 369; baseline 0.037 -4"><span class='ocrx_word' id='word_1_480' title='bbox 3300 308 3409 369; x_wconf 63' lang='lat'><strong>190</strong></span> 
     </span>
    </p>
   </div>
   <div class='ocr_carea' id='block_1_62' title="bbox 1821 410 3410 501">
    <p class='ocr_par' dir='ltr' id='par_1_62' title="bbox 1821 410 3410 501">
     <span class='ocr_line' id='line_1_62' title="bbox 1821 410 3410 501; baseline 0.012 -32"><span class='ocrx_word' id='word_1_481' title='bbox 1821 412 2114 487; x_wconf 75' lang='lat' dir='ltr'><strong>Evangelia</strong></span> <span class='ocrx_word' id='word_1_482' title='bbox 2143 435 2158 475; x_wconf 89' lang='lat'><strong>:</strong></span> <span class='ocrx_word' id='word_1_483' title='bbox 2187 410 2576 477; x_wconf 74' lang='lat' dir='ltr'><strong>Periclitabatur</strong></span> <span class='ocrx_word' id='word_1_484' title='bbox 2615 425 2871 497; x_wconf 78' lang='lat' dir='ltr'><strong>navigium</strong></span> <span class='ocrx_word' id='word_1_485' title='bbox 2903 427 2957 483; x_wconf 84' lang='lat' dir='ltr'><strong>in</strong></span> <span class='ocrx_word' id='word_1_486' title='bbox 2985 436 3185 501; x_wconf 83' lang='lat' dir='ltr'><strong>stagno,</strong></span> <span class='ocrx_word' id='word_1_487' title='bbox 3211 439 3257 485; x_wconf 82' lang='lat' dir='ltr'><strong>et</strong></span> <span class='ocrx_word' id='word_1_488' title='bbox 3285 430 3410 487; x_wconf 80' lang='lat' dir='ltr'><strong>dor-</strong></span> 
     </span>
    </p>
   </div>
   <div class='ocr_carea' id='block_1_63' title="bbox 1821 508 3405 596">
    <p class='ocr_par' dir='ltr' id='par_1_63' title="bbox 1821 508 3405 596">
     <span class='ocr_line' id='line_1_63' title="bbox 1821 508 3405 596; baseline 0.013 -36"><span class='ocrx_word' id='word_1_489' title='bbox 1821 508 2007 563; x_wconf 72' lang='lat' dir='ltr'><strong>miebat</strong></span> <span class='ocrx_word' id='word_1_490' title='bbox 2048 508 2200 566; x_wconf 74' lang='lat' dir='ltr'><strong>Iesus</strong></span> <span class='ocrx_word' id='word_1_491' title='bbox 2232 510 2385 585; x_wconf 72' lang='lat' dir='ltr'><strong>(Luc.</strong></span> <span class='ocrx_word' id='word_1_492' title='bbox 2425 528 2542 581; x_wconf 78' lang='lat' dir='ltr'><strong>vin,</strong></span> <span class='ocrx_word' id='word_1_493' title='bbox 2589 515 2710 589; x_wconf 74' lang='lat'><strong>25).</strong></span> <span class='ocrx_word' id='word_1_494' title='bbox 2749 512 3070 595; x_wconf 74' lang='lat' dir='ltr'><strong>Navigamus</strong></span> <span class='ocrx_word' id='word_1_495' title='bbox 3112 523 3255 579; x_wconf 89' lang='lat' dir='ltr'><strong>enim</strong></span> <span class='ocrx_word' id='word_1_496' title='bbox 3311 538 3405 596; x_wconf 85' lang='lat' dir='ltr'><strong>per</strong></span> 
     </span>
    </p>
   </div>
   <div class='ocr_carea' id='block_1_64' title="bbox 1819 600 3405 681">
    <p class='ocr_par' dir='ltr' id='par_1_64' title="bbox 1819 600 3405 681">
     <span class='ocr_line' id='line_1_64' title="bbox 1819 600 3405 681; baseline 0.012 -28"><span class='ocrx_word' id='word_1_497' title='bbox 1819 600 2087 671; x_wconf 78' lang='lat' dir='ltr'><strong>quoddam</strong></span> <span class='ocrx_word' id='word_1_498' title='bbox 2115 612 2385 674; x_wconf 70' lang='lat' dir='ltr'><strong>stagnum,</strong></span> <span class='ocrx_word' id='word_1_499' title='bbox 2406 617 2467 663; x_wconf 85' lang='lat' dir='ltr'><strong>et</strong></span> <span class='ocrx_word' id='word_1_500' title='bbox 2492 619 2681 664; x_wconf 83' lang='lat' dir='ltr'><strong>ventus</strong></span> <span class='ocrx_word' id='word_1_501' title='bbox 2702 618 2753 666; x_wconf 88' lang='lat' dir='ltr'><strong>ct</strong></span> <span class='ocrx_word' id='word_1_502' title='bbox 2778 612 3027 681; x_wconf 76' lang='lat' dir='ltr'><strong>procella:</strong></span> <span class='ocrx_word' id='word_1_503' title='bbox 3051 631 3155 670; x_wconf 88' lang='lat' dir='ltr'><strong>non</strong></span> <span class='ocrx_word' id='word_1_504' title='bbox 3178 617 3405 673; x_wconf 89' lang='lat' dir='ltr'><strong>desunt:</strong></span> 
     </span>
    </p>
   </div>
   <div class='ocr_carea' id='block_1_65' title="bbox 1821 697 3475 780">
    <p class='ocr_par' dir='ltr' id='par_1_65' title="bbox 1821 697 3475 780">
     <span class='ocr_line' id='line_1_65' title="bbox 1821 697 3475 780; baseline 0.013 -33"><span class='ocrx_word' id='word_1_505' title='bbox 1821 697 2202 753; x_wconf 87' lang='lat' dir='ltr'><strong>tentationihus</strong></span> <span class='ocrx_word' id='word_1_506' title='bbox 2231 700 2553 770; x_wconf 86' lang='lat' dir='ltr'><strong>qnotidianis</strong></span> <span class='ocrx_word' id='word_1_507' title='bbox 2577 702 2734 773; x_wconf 83' lang='lat' dir='ltr'><strong>hujus</strong></span> <span class='ocrx_word' id='word_1_508' title='bbox 2762 706 2944 762; x_wconf 59' lang='lat' dir='ltr'><strong>saeculi</strong></span> <span class='ocrx_word' id='word_1_509' title='bbox 2978 724 3142 780; x_wconf 88' lang='lat' dir='ltr'><strong>prope</strong></span> <span class='ocrx_word' id='word_1_510' title='bbox 3164 711 3409 780; x_wconf 80' lang='lat' dir='ltr'><strong>opplt&#39;ltlt‘</strong></span> <span class='ocrx_word' id='word_1_511' title='bbox 3470 720 3475 780; x_wconf 49' lang='grc' dir='ltr'><strong>ι</strong></span> 
     </span>
    </p>
   </div>
   <div class='ocr_carea' id='block_1_66' title="bbox 1821 792 3410 871">
    <p class='ocr_par' dir='ltr' id='par_1_66' title="bbox 1821 792 3410 871">
     <span class='ocr_line' id='line_1_66' title="bbox 1821 792 3410 871; baseline 0.012 -30"><span class='ocrx_word' id='word_1_512' title='bbox 1821 795 2060 843; x_wconf 78' lang='lat' dir='ltr'><strong>nostrum</strong></span> <span class='ocrx_word' id='word_1_513' title='bbox 2093 792 2381 858; x_wconf 82' lang='lat' dir='ltr'><strong>navigium.</strong></span> <span class='ocrx_word' id='word_1_514' title='bbox 2430 792 2583 851; x_wconf 84' lang='lat' dir='ltr'><strong>Unde</strong></span> <span class='ocrx_word' id='word_1_515' title='bbox 2610 805 2785 851; x_wconf 91' lang='lat' dir='ltr'><strong>autem</strong></span> <span class='ocrx_word' id='word_1_516' title='bbox 2818 797 2894 863; x_wconf 89' lang='lat' dir='ltr'><strong>tit,</strong></span> <span class='ocrx_word' id='word_1_517' title='bbox 2929 799 3028 855; x_wconf 89' lang='lat' dir='ltr'><strong>nisi</strong></span> <span class='ocrx_word' id='word_1_518' title='bbox 3061 803 3182 871; x_wconf 86' lang='lat' dir='ltr'><strong>quia</strong></span> <span class='ocrx_word' id='word_1_519' title='bbox 3211 802 3410 860; x_wconf 87' lang='lat' dir='ltr'><strong>dormit</strong></span> 
     </span>
    </p>
   </div>
   <div class='ocr_carea' id='block_1_67' title="bbox 1818 878 3410 963">
    <p class='ocr_par' dir='ltr' id='par_1_67' title="bbox 1818 878 3410 963">
     <span class='ocr_line' id='line_1_67' title="bbox 1818 878 3410 963; baseline 0.01 -28"><span class='ocrx_word' id='word_1_520' title='bbox 1818 878 2017 936; x_wconf 72' lang='lat' dir='ltr'><strong>Iesus?</strong></span> <span class='ocrx_word' id='word_1_521' title='bbox 2041 881 2096 937; x_wconf 79' lang='lat' dir='ltr'><strong>Si</strong></span> <span class='ocrx_word' id='word_1_522' title='bbox 2122 897 2227 938; x_wconf 85' lang='lat' dir='ltr'><strong>non</strong></span> <span class='ocrx_word' id='word_1_523' title='bbox 2254 884 2513 941; x_wconf 87' lang='lat' dir='ltr'><strong>dormiret</strong></span> <span class='ocrx_word' id='word_1_524' title='bbox 2542 885 2593 941; x_wconf 90' lang='lat' dir='ltr'><strong>in</strong></span> <span class='ocrx_word' id='word_1_525' title='bbox 2621 898 2672 943; x_wconf 93' lang='lat' dir='ltr'><strong>te</strong></span> <span class='ocrx_word' id='word_1_526' title='bbox 2699 888 2875 955; x_wconf 69' lang='lat' dir='ltr'><strong>Jesus,</strong></span> <span class='ocrx_word' id='word_1_527' title='bbox 2908 900 3254 963; x_wconf 89' lang='lat' dir='ltr'><strong>tempestates</strong></span> <span class='ocrx_word' id='word_1_528' title='bbox 3282 896 3410 952; x_wconf 87' lang='lat' dir='ltr'><strong>istas</strong></span> 
     </span>
    </p>
   </div>
   <div class='ocr_carea' id='block_1_68' title="bbox 1818 976 3405 1053">
    <p class='ocr_par' dir='ltr' id='par_1_68' title="bbox 1818 976 3405 1053">
     <span class='ocr_line' id='line_1_68' title="bbox 1818 976 3405 1053; baseline 0.009 -25"><span class='ocrx_word' id='word_1_529' title='bbox 1818 988 1927 1028; x_wconf 83' lang='lat' dir='ltr'><strong>non</strong></span> <span class='ocrx_word' id='word_1_530' title='bbox 1966 976 2260 1043; x_wconf 80' lang='lat' dir='ltr'><strong>patereris;</strong></span> <span class='ocrx_word' id='word_1_531' title='bbox 2289 976 2383 1032; x_wconf 83' lang='lat' dir='ltr'><strong>sed</strong></span> <span class='ocrx_word' id='word_1_532' title='bbox 2428 979 2864 1051; x_wconf 87' lang='lat' dir='ltr'><strong>tranquillitatem</strong></span> <span class='ocrx_word' id='word_1_533' title='bbox 2904 981 3131 1051; x_wconf 85' lang='lat' dir='ltr'><strong>haberes</strong></span> <span class='ocrx_word' id='word_1_534' title='bbox 3160 985 3405 1053; x_wconf 86' lang='lat' dir='ltr'><strong>interius,</strong></span> 
     </span>
    </p>
   </div>
   <div class='ocr_carea' id='block_1_69' title="bbox 1818 1067 3409 1145">
    <p class='ocr_par' dir='ltr' id='par_1_69' title="bbox 1818 1067 3409 1145">
     <span class='ocr_line' id='line_1_69' title="bbox 1818 1067 3409 1145; baseline 0.009 -24"><span class='ocrx_word' id='word_1_535' title='bbox 1818 1067 2177 1137; x_wconf 70' lang='lat' dir='ltr'><strong>convigitante</strong></span> <span class='ocrx_word' id='word_1_536' title='bbox 2224 1078 2399 1125; x_wconf 85' lang='lat' dir='ltr'><strong>tecum</strong></span> <span class='ocrx_word' id='word_1_537' title='bbox 2450 1069 2598 1127; x_wconf 83' lang='lat' dir='ltr'><strong>Jesu.</strong></span> <span class='ocrx_word' id='word_1_538' title='bbox 2651 1073 2787 1142; x_wconf 83' lang='lat' dir='ltr'><strong>Quid</strong></span> <span class='ocrx_word' id='word_1_539' title='bbox 2838 1082 2921 1129; x_wconf 89' lang='lat' dir='ltr'><strong>est</strong></span> <span class='ocrx_word' id='word_1_540' title='bbox 2960 1086 3158 1145; x_wconf 77' lang='lat' dir='ltr'><strong>autem,</strong></span> <span class='ocrx_word' id='word_1_541' title='bbox 3207 1079 3409 1136; x_wconf 85' lang='lat' dir='ltr'><strong>dormit</strong></span> 
     </span>
    </p>
   </div>
   <div class='ocr_carea' id='block_1_70' title="bbox 1817 1156 3406 1235">
    <p class='ocr_par' dir='ltr' id='par_1_70' title="bbox 1817 1156 3406 1235">
     <span class='ocr_line' id='line_1_70' title="bbox 1817 1156 3406 1235; baseline 0.007 -22"><span class='ocrx_word' id='word_1_542' title='bbox 1817 1156 2011 1215; x_wconf 79' lang='lat' dir='ltr'><strong>Jesus?</strong></span> <span class='ocrx_word' id='word_1_543' title='bbox 2038 1160 2197 1216; x_wconf 81' lang='lat' dir='ltr'><strong>Fides</strong></span> <span class='ocrx_word' id='word_1_544' title='bbox 2227 1172 2316 1217; x_wconf 87' lang='lat' dir='ltr'><strong>tua</strong></span> <span class='ocrx_word' id='word_1_545' title='bbox 2347 1178 2465 1235; x_wconf 70' lang='lat' dir='ltr'><strong>quze</strong></span> <span class='ocrx_word' id='word_1_546' title='bbox 2504 1174 2586 1220; x_wconf 90' lang='lat' dir='ltr'><strong>est</strong></span> <span class='ocrx_word' id='word_1_547' title='bbox 2626 1165 2693 1221; x_wconf 90' lang='lat' dir='ltr'><strong>de</strong></span> <span class='ocrx_word' id='word_1_548' title='bbox 2717 1164 2866 1233; x_wconf 81' lang='lat' dir='ltr'><strong>Jcsu,</strong></span> <span class='ocrx_word' id='word_1_549' title='bbox 2897 1166 3237 1225; x_wconf 83' lang='lat' dir='ltr'><strong>obdormivit.</strong></span> <span class='ocrx_word' id='word_1_550' title='bbox 3270 1171 3406 1235; x_wconf 79' lang='lat' dir='ltr'><strong>Sur-</strong></span> 
     </span>
    </p>
   </div>
   <div class='ocr_carea' id='block_1_71' title="bbox 1818 1242 3539 1345">
    <p class='ocr_par' dir='ltr' id='par_1_71' title="bbox 1818 1242 3539 1345">
     <span class='ocr_line' id='line_1_71' title="bbox 1818 1242 3539 1345; baseline 0.009 -42"><span class='ocrx_word' id='word_1_551' title='bbox 1818 1252 2216 1345; x_wconf 78' lang='lat' dir='ltr'><strong>gnntproccike</strong></span> <span class='ocrx_word' id='word_1_552' title='bbox 2255 1253 2425 1323; x_wconf 79' lang='lat' dir='ltr'><strong>stagni</strong></span> <span class='ocrx_word' id='word_1_553' title='bbox 2457 1253 2632 1325; x_wconf 84' lang='lat' dir='ltr'><strong>hujus,</strong></span> <span class='ocrx_word' id='word_1_554' title='bbox 2665 1256 2813 1311; x_wconf 90' lang='lat' dir='ltr'><strong>vides</strong></span> <span class='ocrx_word' id='word_1_555' title='bbox 2855 1258 3024 1313; x_wconf 88' lang='lat' dir='ltr'><strong>malos</strong></span> <span class='ocrx_word' id='word_1_556' title='bbox 3064 1260 3277 1327; x_wconf 83' lang='lat' dir='ltr'><strong>florere,</strong></span> <span class='ocrx_word' id='word_1_557' title='bbox 3308 1264 3428 1345; x_wconf 64' lang='grc' dir='ltr'><strong>1,οοί</strong></span> <span class='ocrx_word' id='word_1_558' title='bbox 3520 1242 3539 1311; x_wconf 57' lang='lat'><strong>9.</strong></span> 
     </span>
    </p>
   </div>
   <div class='ocr_carea' id='block_1_72' title="bbox 1821 1342 3433 1421">
    <p class='ocr_par' dir='ltr' id='par_1_72' title="bbox 1821 1342 3433 1421">
     <span class='ocr_line' id='line_1_72' title="bbox 1821 1342 3433 1421; baseline 0.009 -27"><span class='ocrx_word' id='word_1_559' title='bbox 1821 1356 1917 1396; x_wconf 81' lang='lat' dir='ltr'><strong>nos</strong></span> <span class='ocrx_word' id='word_1_560' title='bbox 1970 1342 2251 1407; x_wconf 80' lang='lat' dir='ltr'><strong>laborare;</strong></span> <span class='ocrx_word' id='word_1_561' title='bbox 2299 1345 2524 1421; x_wconf 68' lang='lat' dir='ltr'><strong>tentatio</strong></span> <span class='ocrx_word' id='word_1_562' title='bbox 2569 1356 2672 1413; x_wconf 89' lang='lat' dir='ltr'><strong>est,</strong></span> <span class='ocrx_word' id='word_1_563' title='bbox 2727 1347 2930 1402; x_wconf 76' lang='lat' dir='ltr'><strong>fructus</strong></span> <span class='ocrx_word' id='word_1_564' title='bbox 2971 1359 3071 1404; x_wconf 89' lang='lat' dir='ltr'><strong>est.</strong></span> <span class='ocrx_word' id='word_1_565' title='bbox 3125 1350 3191 1405; x_wconf 85' lang='lat' dir='ltr'><strong>Et</strong></span> <span class='ocrx_word' id='word_1_566' title='bbox 3241 1342 3433 1421; x_wconf 56' lang='lat' dir='ltr'><strong>dicit“,</strong></span> 
     </span>
    </p>
   </div>
   <div class='ocr_carea' id='block_1_73' title="bbox 1818 1413 3409 1508">
    <p class='ocr_par' dir='ltr' id='par_1_73' title="bbox 1818 1413 3409 1508">
     <span class='ocr_line' id='line_1_73' title="bbox 1818 1413 3409 1508; baseline 0.009 -20"><span class='ocrx_word' id='word_1_567' title='bbox 1818 1433 1996 1488; x_wconf 87' lang='lat' dir='ltr'><strong>anima</strong></span> <span class='ocrx_word' id='word_1_568' title='bbox 2042 1433 2249 1489; x_wconf 78' lang='lat' dir='ltr'><strong>tuazo</strong></span> <span class='ocrx_word' id='word_1_569' title='bbox 2293 1413 2963 1508; x_wconf 52' lang='lat' dir='ltr'><strong>nmfipéife‘smsuua</strong></span> <span class='ocrx_word' id='word_1_570' title='bbox 3014 1449 3125 1507; x_wconf 88' lang='lat' dir='ltr'><strong>tua,</strong></span> <span class='ocrx_word' id='word_1_571' title='bbox 3180 1452 3235 1498; x_wconf 91' lang='lat' dir='ltr'><strong>ut</strong></span> <span class='ocrx_word' id='word_1_572' title='bbox 3285 1446 3409 1501; x_wconf 88' lang='lat' dir='ltr'><strong>mali</strong></span> 
     </span>
    </p>
   </div>
   <div class='ocr_carea' id='block_1_74' title="bbox 1818 1524 3408 1606">
    <p class='ocr_par' dir='ltr' id='par_1_74' title="bbox 1818 1524 3408 1606">
     <span class='ocr_line' id='line_1_74' title="bbox 1818 1524 3408 1606; baseline 0.009 -26"><span class='ocrx_word' id='word_1_573' title='bbox 1818 1524 2067 1593; x_wconf 79' lang='lat' dir='ltr'><strong>ﬂoreant,</strong></span> <span class='ocrx_word' id='word_1_574' title='bbox 2111 1527 2235 1583; x_wconf 87' lang='lat' dir='ltr'><strong>boni</strong></span> <span class='ocrx_word' id='word_1_575' title='bbox 2279 1528 2565 1584; x_wconf 80' lang='lat' dir='ltr'><strong>laborent?</strong></span> <span class='ocrx_word' id='word_1_576' title='bbox 2594 1531 2732 1585; x_wconf 85' lang='lat' dir='ltr'><strong>Dicis</strong></span> <span class='ocrx_word' id='word_1_577' title='bbox 2764 1532 2911 1589; x_wconf 81' lang='lat' dir='ltr'><strong>Deo:</strong></span> <span class='ocrx_word' id='word_1_578' title='bbox 2946 1533 3060 1601; x_wconf 74' lang='lat' dir='ltr'><strong>ipsa</strong></span> <span class='ocrx_word' id='word_1_579' title='bbox 3102 1537 3408 1606; x_wconf 81' lang='lat' dir='ltr'><strong>e5tjustitia</strong></span> 
     </span>
    </p>
   </div>
   <div class='ocr_carea' id='block_1_75' title="bbox 1820 1617 3409 1693">
    <p class='ocr_par' dir='ltr' id='par_1_75' title="bbox 1820 1617 3409 1693">
     <span class='ocr_line' id='line_1_75' title="bbox 1820 1617 3409 1693; baseline 0.011 -22"><span class='ocrx_word' id='word_1_580' title='bbox 1820 1619 1950 1671; x_wconf 79' lang='lat' dir='ltr'><strong>tua?</strong></span> <span class='ocrx_word' id='word_1_581' title='bbox 1976 1617 2042 1672; x_wconf 80' lang='lat' dir='ltr'><strong>Et</strong></span> <span class='ocrx_word' id='word_1_582' title='bbox 2082 1618 2225 1673; x_wconf 79' lang='lat' dir='ltr'><strong>Deus</strong></span> <span class='ocrx_word' id='word_1_583' title='bbox 2261 1620 2353 1673; x_wconf 84' lang='lat' dir='ltr'><strong>tibi</strong></span> <span class='ocrx_word' id='word_1_584' title='bbox 2383 1638 2396 1673; x_wconf 82' lang='lat'><strong>:</strong></span> <span class='ocrx_word' id='word_1_585' title='bbox 2425 1621 2537 1692; x_wconf 81' lang='lat' dir='ltr'><strong>ipsa</strong></span> <span class='ocrx_word' id='word_1_586' title='bbox 2564 1633 2643 1677; x_wconf 86' lang='lat' dir='ltr'><strong>est</strong></span> <span class='ocrx_word' id='word_1_587' title='bbox 2674 1623 2803 1679; x_wconf 80' lang='lat' dir='ltr'><strong>fides</strong></span> <span class='ocrx_word' id='word_1_588' title='bbox 2831 1627 2961 1680; x_wconf 85' lang='lat' dir='ltr'><strong>tua?</strong></span> <span class='ocrx_word' id='word_1_589' title='bbox 2990 1627 3115 1682; x_wconf 78' lang='lat' dir='ltr'><strong>llec</strong></span> <span class='ocrx_word' id='word_1_590' title='bbox 3143 1630 3283 1693; x_wconf 86' lang='lat' dir='ltr'><strong>enim</strong></span> <span class='ocrx_word' id='word_1_591' title='bbox 3317 1633 3409 1689; x_wconf 89' lang='lat' dir='ltr'><strong>tibi</strong></span> 
     </span>
    </p>
   </div>
   <div class='ocr_carea' id='block_1_76' title="bbox 1821 1709 3411 1792">
    <p class='ocr_par' dir='ltr' id='par_1_76' title="bbox 1821 1709 3411 1792">
     <span class='ocr_line' id='line_1_76' title="bbox 1821 1709 3411 1792; baseline 0.012 -32"><span class='ocrx_word' id='word_1_592' title='bbox 1821 1709 2087 1779; x_wconf 80' lang='lat' dir='ltr'><strong>promisi?</strong></span> <span class='ocrx_word' id='word_1_593' title='bbox 2126 1710 2193 1764; x_wconf 89' lang='lat' dir='ltr'><strong>ad</strong></span> <span class='ocrx_word' id='word_1_594' title='bbox 2237 1711 2340 1766; x_wconf 88' lang='lat' dir='ltr'><strong>hoc</strong></span> <span class='ocrx_word' id='word_1_595' title='bbox 2365 1710 2689 1769; x_wconf 82' lang='lat' dir='ltr'><strong>christianos</strong></span> <span class='ocrx_word' id='word_1_596' title='bbox 2716 1713 2888 1771; x_wconf 81' lang='lat' dir='ltr'><strong>factus</strong></span> <span class='ocrx_word' id='word_1_597' title='bbox 2925 1733 3004 1781; x_wconf 87' lang='lat' dir='ltr'><strong>es,</strong></span> <span class='ocrx_word' id='word_1_598' title='bbox 3036 1728 3091 1774; x_wconf 90' lang='lat' dir='ltr'><strong>nt</strong></span> <span class='ocrx_word' id='word_1_599' title='bbox 3130 1722 3181 1775; x_wconf 88' lang='lat' dir='ltr'><strong>in</strong></span> <span class='ocrx_word' id='word_1_600' title='bbox 3210 1724 3411 1792; x_wconf 67' lang='lat' dir='ltr'><strong>saeculo</strong></span> 
     </span>
    </p>
   </div>
   <div class='ocr_carea' id='block_1_77' title="bbox 1818 1801 3409 1887">
    <p class='ocr_par' dir='ltr' id='par_1_77' title="bbox 1818 1801 3409 1887">
     <span class='ocr_line' id='line_1_77' title="bbox 1818 1801 3409 1887; baseline 0.01 -31"><span class='ocrx_word' id='word_1_601' title='bbox 1818 1801 1925 1857; x_wconf 84' lang='lat' dir='ltr'><strong>isto</strong></span> <span class='ocrx_word' id='word_1_602' title='bbox 1962 1802 2226 1858; x_wconf 74' lang='lat' dir='ltr'><strong>ﬂoreres?</strong></span> <span class='ocrx_word' id='word_1_603' title='bbox 2255 1807 2521 1876; x_wconf 88' lang='lat' dir='ltr'><strong>torqueris</strong></span> <span class='ocrx_word' id='word_1_604' title='bbox 2537 1807 2580 1874; x_wconf 76' lang='lat'><strong>&#39;,</strong></span> <span class='ocrx_word' id='word_1_605' title='bbox 2623 1809 2744 1879; x_wconf 85' lang='lat' dir='ltr'><strong>quia</strong></span> <span class='ocrx_word' id='word_1_606' title='bbox 2786 1807 2872 1865; x_wconf 84' lang='lat' dir='ltr'><strong>hic</strong></span> <span class='ocrx_word' id='word_1_607' title='bbox 2913 1812 3032 1866; x_wconf 86' lang='lat' dir='ltr'><strong>ntali</strong></span> <span class='ocrx_word' id='word_1_608' title='bbox 3067 1813 3275 1877; x_wconf 81' lang='lat' dir='ltr'><strong>ﬂorent.</strong></span> <span class='ocrx_word' id='word_1_609' title='bbox 3319 1820 3409 1887; x_wconf 84' lang='lat' dir='ltr'><strong>qui</strong></span> 
     </span>
    </p>
   </div>
   <div class='ocr_carea' id='block_1_78' title="bbox 1818 1895 3411 1971">
    <p class='ocr_par' dir='ltr' id='par_1_78' title="bbox 1818 1895 3411 1971">
     <span class='ocr_line' id='line_1_78' title="bbox 1818 1895 3411 1971; baseline 0.008 -20"><span class='ocrx_word' id='word_1_610' title='bbox 1818 1911 1942 1951; x_wconf 89' lang='lat' dir='ltr'><strong>cum</strong></span> <span class='ocrx_word' id='word_1_611' title='bbox 1991 1895 2205 1951; x_wconf 78' lang='lat' dir='ltr'><strong>diabolo</strong></span> <span class='ocrx_word' id='word_1_612' title='bbox 2261 1909 2441 1967; x_wconf 84' lang='lat' dir='ltr'><strong>postca</strong></span> <span class='ocrx_word' id='word_1_613' title='bbox 2490 1901 2923 1971; x_wconf 83' lang='lat' dir='ltr'><strong>torqttebttntttr?</strong></span> <span class='ocrx_word' id='word_1_614' title='bbox 2970 1903 3080 1959; x_wconf 81' lang='lat' dir='ltr'><strong>Sed</strong></span> <span class='ocrx_word' id='word_1_615' title='bbox 3127 1906 3267 1967; x_wconf 83' lang='lat' dir='ltr'><strong>ttude</strong></span> <span class='ocrx_word' id='word_1_616' title='bbox 3308 1908 3411 1971; x_wconf 81' lang='lat' dir='ltr'><strong>itnc</strong></span> 
     </span>
    </p>
   </div>
   <div class='ocr_carea' id='block_1_79' title="bbox 1818 1995 3411 2074">
    <p class='ocr_par' dir='ltr' id='par_1_79' title="bbox 1818 1995 3411 2074">
     <span class='ocr_line' id='line_1_79' title="bbox 1818 1995 3411 2074; baseline 0.008 -25"><span class='ocrx_word' id='word_1_617' title='bbox 1818 1995 1995 2050; x_wconf 80' lang='lat' dir='ltr'><strong>dicis?</strong></span> <span class='ocrx_word' id='word_1_618' title='bbox 2036 1996 2177 2052; x_wconf 87' lang='lat' dir='ltr'><strong>unde</strong></span> <span class='ocrx_word' id='word_1_619' title='bbox 2208 1998 2452 2054; x_wconf 84' lang='lat' dir='ltr'><strong>fluctibus</strong></span> <span class='ocrx_word' id='word_1_620' title='bbox 2498 2003 2669 2072; x_wconf 84' lang='lat' dir='ltr'><strong>stagni</strong></span> <span class='ocrx_word' id='word_1_621' title='bbox 2706 2011 2758 2057; x_wconf 88' lang='lat' dir='ltr'><strong>et</strong></span> <span class='ocrx_word' id='word_1_622' title='bbox 2787 2011 3100 2074; x_wconf 81' lang='lat' dir='ltr'><strong>tetnpestate</strong></span> <span class='ocrx_word' id='word_1_623' title='bbox 3137 2001 3411 2062; x_wconf 72' lang='lat' dir='ltr'><strong>turbaris?</strong></span> 
     </span>
    </p>
   </div>
   <div class='ocr_carea' id='block_1_80' title="bbox 1818 2087 3410 2167">
    <p class='ocr_par' dir='ltr' id='par_1_80' title="bbox 1818 2087 3410 2167">
     <span class='ocr_line' id='line_1_80' title="bbox 1818 2087 3410 2167; baseline 0.009 -28"><span class='ocrx_word' id='word_1_624' title='bbox 1818 2087 1951 2156; x_wconf 87' lang='lat' dir='ltr'><strong>Quia</strong></span> <span class='ocrx_word' id='word_1_625' title='bbox 1993 2088 2187 2144; x_wconf 86' lang='lat' dir='ltr'><strong>dormit</strong></span> <span class='ocrx_word' id='word_1_626' title='bbox 2211 2090 2388 2157; x_wconf 84' lang='lat' dir='ltr'><strong>.iesns,</strong></span> <span class='ocrx_word' id='word_1_627' title='bbox 2432 2092 2481 2147; x_wconf 88' lang='lat' dir='ltr'><strong>id</strong></span> <span class='ocrx_word' id='word_1_628' title='bbox 2522 2104 2622 2157; x_wconf 87' lang='lat' dir='ltr'><strong>est,</strong></span> <span class='ocrx_word' id='word_1_629' title='bbox 2652 2096 2771 2166; x_wconf 87' lang='lat' dir='ltr'><strong>quia</strong></span> <span class='ocrx_word' id='word_1_630' title='bbox 2802 2094 2932 2156; x_wconf 84' lang='lat' dir='ltr'><strong>fides</strong></span> <span class='ocrx_word' id='word_1_631' title='bbox 2961 2105 3046 2153; x_wconf 83' lang='lat' dir='ltr'><strong>tua</strong></span> <span class='ocrx_word' id='word_1_632' title='bbox 3078 2115 3195 2167; x_wconf 80' lang='lat' dir='ltr'><strong>quae</strong></span> <span class='ocrx_word' id='word_1_633' title='bbox 3230 2109 3312 2163; x_wconf 85' lang='lat' dir='ltr'><strong>est</strong></span> <span class='ocrx_word' id='word_1_634' title='bbox 3340 2096 3410 2159; x_wconf 89' lang='lat' dir='ltr'><strong>de</strong></span> 
     </span>
    </p>
   </div>
   <div class='ocr_carea' id='block_1_81' title="bbox 1819 2178 3411 2254">
    <p class='ocr_par' dir='ltr' id='par_1_81' title="bbox 1819 2178 3411 2254">
     <span class='ocr_line' id='line_1_81' title="bbox 1819 2178 3411 2254; baseline 0.007 -19"><span class='ocrx_word' id='word_1_635' title='bbox 1819 2178 1970 2246; x_wconf 86' lang='lat' dir='ltr'><strong>Jcsu,</strong></span> <span class='ocrx_word' id='word_1_636' title='bbox 1995 2182 2165 2251; x_wconf 88' lang='lat' dir='ltr'><strong>sopita</strong></span> <span class='ocrx_word' id='word_1_637' title='bbox 2199 2192 2281 2237; x_wconf 89' lang='lat' dir='ltr'><strong>est</strong></span> <span class='ocrx_word' id='word_1_638' title='bbox 2311 2184 2363 2237; x_wconf 90' lang='lat' dir='ltr'><strong>in</strong></span> <span class='ocrx_word' id='word_1_639' title='bbox 2388 2183 2549 2240; x_wconf 88' lang='lat' dir='ltr'><strong>corde</strong></span> <span class='ocrx_word' id='word_1_640' title='bbox 2578 2196 2688 2241; x_wconf 87' lang='lat' dir='ltr'><strong>tuo.</strong></span> <span class='ocrx_word' id='word_1_641' title='bbox 2716 2187 2853 2254; x_wconf 83' lang='lat' dir='ltr'><strong>Quid</strong></span> <span class='ocrx_word' id='word_1_642' title='bbox 2886 2188 3018 2244; x_wconf 88' lang='lat' dir='ltr'><strong>facis</strong></span> <span class='ocrx_word' id='word_1_643' title='bbox 3049 2200 3105 2246; x_wconf 93' lang='grc' dir='ltr'><strong>ιιι</strong></span> <span class='ocrx_word' id='word_1_644' title='bbox 3128 2189 3411 2251; x_wconf 77' lang='lat' dir='ltr'><strong>libereris?</strong></span> 
     </span>
    </p>
   </div>
   <div class='ocr_carea' id='block_1_82' title="bbox 1819 2270 3409 2357">
    <p class='ocr_par' dir='ltr' id='par_1_82' title="bbox 1819 2270 3409 2357">
     <span class='ocr_line' id='line_1_82' title="bbox 1819 2270 3409 2357; baseline 0.008 -30"><span class='ocrx_word' id='word_1_645' title='bbox 1819 2271 2003 2327; x_wconf 77' lang='lat' dir='ltr'><strong>Excita</strong></span> <span class='ocrx_word' id='word_1_646' title='bbox 2032 2270 2239 2337; x_wconf 84' lang='lat' dir='ltr'><strong>Jesum,</strong></span> <span class='ocrx_word' id='word_1_647' title='bbox 2281 2286 2335 2329; x_wconf 83' lang='lat' dir='ltr'><strong>et</strong></span> <span class='ocrx_word' id='word_1_648' title='bbox 2378 2277 2486 2342; x_wconf 88' lang='lat' dir='ltr'><strong>dic,</strong></span> <span class='ocrx_word' id='word_1_649' title='bbox 2536 2275 2798 2349; x_wconf 77' lang='lat' dir='ltr'><strong>Magister,</strong></span> <span class='ocrx_word' id='word_1_650' title='bbox 2822 2282 3041 2348; x_wconf 80' lang='lat' dir='ltr'><strong>perimus</strong></span> <span class='ocrx_word' id='word_1_651' title='bbox 3071 2280 3263 2353; x_wconf 54' lang='lat' dir='ltr'><strong>(Ibid,</strong></span> <span class='ocrx_word' id='word_1_652' title='bbox 3293 2282 3409 2357; x_wconf 69' lang='grc'><strong>9-4).</strong></span> 
     </span>
    </p>
   </div>
   <div class='ocr_carea' id='block_1_83' title="bbox 1819 2362 3410 2447">
    <p class='ocr_par' dir='ltr' id='par_1_83' title="bbox 1819 2362 3410 2447">
     <span class='ocr_line' id='line_1_83' title="bbox 1819 2362 3410 2447; baseline 0.006 -28"><span class='ocrx_word' id='word_1_653' title='bbox 1819 2362 2030 2419; x_wconf 78' lang='lat' dir='ltr'><strong>Movent</strong></span> <span class='ocrx_word' id='word_1_654' title='bbox 2059 2364 2199 2419; x_wconf 89' lang='lat' dir='ltr'><strong>enim</strong></span> <span class='ocrx_word' id='word_1_655' title='bbox 2230 2366 2429 2421; x_wconf 90' lang='lat' dir='ltr'><strong>incerta</strong></span> <span class='ocrx_word' id='word_1_656' title='bbox 2458 2369 2629 2439; x_wconf 80' lang='lat' dir='ltr'><strong>Stagni</strong></span> <span class='ocrx_word' id='word_1_657' title='bbox 2657 2387 2669 2423; x_wconf 89' lang='lat'>:</span> <span class='ocrx_word' id='word_1_658' title='bbox 2705 2372 2957 2440; x_wconf 88' lang='lat' dir='ltr'><strong>perimus.</strong></span> <span class='ocrx_word' id='word_1_659' title='bbox 2990 2370 3270 2444; x_wconf 74' lang='lat' dir='ltr'><strong>Evigiiabit</strong></span> <span class='ocrx_word' id='word_1_660' title='bbox 3298 2374 3410 2447; x_wconf 80' lang='lat' dir='ltr'><strong>ille,</strong></span> 
     </span>
    </p>
   </div>
   <div class='ocr_carea' id='block_1_84' title="bbox 1821 2454 3413 2539">
    <p class='ocr_par' dir='ltr' id='par_1_84' title="bbox 1821 2454 3413 2539">
     <span class='ocr_line' id='line_1_84' title="bbox 1821 2454 3413 2539; baseline 0.009 -31"><span class='ocrx_word' id='word_1_661' title='bbox 1821 2454 1873 2509; x_wconf 89' lang='lat' dir='ltr'><strong>id</strong></span> <span class='ocrx_word' id='word_1_662' title='bbox 1905 2467 2007 2517; x_wconf 87' lang='lat' dir='ltr'><strong>est,</strong></span> <span class='ocrx_word' id='word_1_663' title='bbox 2033 2456 2201 2511; x_wconf 82' lang='lat' dir='ltr'><strong>rediet</strong></span> <span class='ocrx_word' id='word_1_664' title='bbox 2252 2458 2316 2511; x_wconf 89' lang='lat' dir='ltr'><strong>ad</strong></span> <span class='ocrx_word' id='word_1_665' title='bbox 2351 2468 2401 2513; x_wconf 89' lang='lat' dir='ltr'><strong>te</strong></span> <span class='ocrx_word' id='word_1_666' title='bbox 2428 2458 2560 2533; x_wconf 83' lang='lat' dir='ltr'><strong>ﬁdes</strong></span> <span class='ocrx_word' id='word_1_667' title='bbox 2591 2473 2674 2514; x_wconf 87' lang='lat' dir='ltr'><strong>tua</strong></span> <span class='ocrx_word' id='word_1_668' title='bbox 2699 2480 2713 2533; x_wconf 91' lang='lat'><strong>;</strong></span> <span class='ocrx_word' id='word_1_669' title='bbox 2743 2473 2795 2517; x_wconf 85' lang='lat' dir='ltr'><strong>et</strong></span> <span class='ocrx_word' id='word_1_670' title='bbox 2825 2462 3109 2539; x_wconf 83' lang='lat' dir='ltr'><strong>adjuvaute</strong></span> <span class='ocrx_word' id='word_1_671' title='bbox 3143 2464 3254 2538; x_wconf 80' lang='lat' dir='ltr'><strong>illo,</strong></span> <span class='ocrx_word' id='word_1_672' title='bbox 3280 2482 3413 2521; x_wconf 82' lang='lat' dir='ltr'><strong>cnn-</strong></span> 
     </span>
    </p>
   </div>
   <div class='ocr_carea' id='block_1_85' title="bbox 1820 2545 3412 2625">
    <p class='ocr_par' dir='ltr' id='par_1_85' title="bbox 1820 2545 3412 2625">
     <span class='ocr_line' id='line_1_85' title="bbox 1820 2545 3412 2625; baseline 0.007 -25"><span class='ocrx_word' id='word_1_673' title='bbox 1820 2545 2078 2602; x_wconf 87' lang='lat' dir='ltr'><strong>siderabis</strong></span> <span class='ocrx_word' id='word_1_674' title='bbox 2102 2550 2151 2601; x_wconf 91' lang='lat' dir='ltr'><strong>in</strong></span> <span class='ocrx_word' id='word_1_675' title='bbox 2181 2549 2356 2603; x_wconf 88' lang='lat' dir='ltr'><strong>anima</strong></span> <span class='ocrx_word' id='word_1_676' title='bbox 2393 2559 2503 2616; x_wconf 89' lang='lat' dir='ltr'><strong>tua,</strong></span> <span class='ocrx_word' id='word_1_677' title='bbox 2533 2553 2654 2621; x_wconf 85' lang='lat' dir='ltr'><strong>quia</strong></span> <span class='ocrx_word' id='word_1_678' title='bbox 2686 2568 2805 2623; x_wconf 69' lang='lat' dir='ltr'><strong>qum</strong></span> <span class='ocrx_word' id='word_1_679' title='bbox 2831 2552 3025 2608; x_wconf 90' lang='lat' dir='ltr'><strong>dantur</strong></span> <span class='ocrx_word' id='word_1_680' title='bbox 3053 2554 3213 2611; x_wconf 89' lang='lat' dir='ltr'><strong>modo</strong></span> <span class='ocrx_word' id='word_1_681' title='bbox 3236 2556 3412 2625; x_wconf 89' lang='lat' dir='ltr'><strong>malis,</strong></span> 
     </span>
    </p>
   </div>
   <div class='ocr_carea' id='block_1_86' title="bbox 1820 2638 3413 2717">
    <p class='ocr_par' dir='ltr' id='par_1_86' title="bbox 1820 2638 3413 2717">
     <span class='ocr_line' id='line_1_86' title="bbox 1820 2638 3413 2717; baseline 0.008 -25"><span class='ocrx_word' id='word_1_682' title='bbox 1820 2652 1927 2692; x_wconf 88' lang='lat' dir='ltr'><strong>non</strong></span> <span class='ocrx_word' id='word_1_683' title='bbox 1969 2654 2088 2692; x_wconf 89' lang='lat' dir='ltr'><strong>cum</strong></span> <span class='ocrx_word' id='word_1_684' title='bbox 2132 2638 2237 2693; x_wconf 86' lang='lat' dir='ltr'><strong>illis</strong></span> <span class='ocrx_word' id='word_1_685' title='bbox 2276 2645 2695 2717; x_wconf 84' lang='lat' dir='ltr'><strong>perSeverabnnt</strong></span> <span class='ocrx_word' id='word_1_686' title='bbox 2719 2661 2733 2698; x_wconf 90' lang='lat'><strong>:</strong></span> <span class='ocrx_word' id='word_1_687' title='bbox 2760 2655 2850 2698; x_wconf 86' lang='lat' dir='ltr'><strong>aut</strong></span> <span class='ocrx_word' id='word_1_688' title='bbox 2878 2646 3020 2700; x_wconf 90' lang='lat' dir='ltr'><strong>enim</strong></span> <span class='ocrx_word' id='word_1_689' title='bbox 3052 2646 3293 2705; x_wconf 79' lang='lat' dir='ltr'><strong>viventes</strong></span> <span class='ocrx_word' id='word_1_690' title='bbox 3318 2662 3413 2705; x_wconf 91' lang='lat' dir='ltr'><strong>cos</strong></span> 
     </span>
    </p>
   </div>
   <div class='ocr_carea' id='block_1_87' title="bbox 1819 2727 3411 2801">
    <p class='ocr_par' dir='ltr' id='par_1_87' title="bbox 1819 2727 3411 2801">
     <span class='ocr_line' id='line_1_87' title="bbox 1819 2727 3411 2801; baseline 0.007 -19"><span class='ocrx_word' id='word_1_691' title='bbox 1819 2727 2096 2792; x_wconf 89' lang='lat' dir='ltr'><strong>deserunt,</strong></span> <span class='ocrx_word' id='word_1_692' title='bbox 2138 2738 2229 2783; x_wconf 88' lang='lat' dir='ltr'><strong>aut</strong></span> <span class='ocrx_word' id='word_1_693' title='bbox 2259 2746 2288 2783; x_wconf 91' lang='lat' dir='ltr'><strong>a</strong></span> <span class='ocrx_word' id='word_1_694' title='bbox 2332 2733 2681 2789; x_wconf 86' lang='lat' dir='ltr'><strong>morientibus</strong></span> <span class='ocrx_word' id='word_1_695' title='bbox 2711 2733 3067 2801; x_wconf 85' lang='lat' dir='ltr'><strong>deseruntur;</strong></span> <span class='ocrx_word' id='word_1_696' title='bbox 3102 2738 3192 2791; x_wconf 83' lang='lat' dir='ltr'><strong>tibi</strong></span> <span class='ocrx_word' id='word_1_697' title='bbox 3232 2748 3411 2793; x_wconf 89' lang='lat' dir='ltr'><strong>autem</strong></span> 
     </span>
    </p>
   </div>
   <div class='ocr_carea' id='block_1_88' title="bbox 1820 2821 3413 2901">
    <p class='ocr_par' dir='ltr' id='par_1_88' title="bbox 1820 2821 3413 2901">
     <span class='ocr_line' id='line_1_88' title="bbox 1820 2821 3413 2901; baseline 0.006 -26"><span class='ocrx_word' id='word_1_698' title='bbox 1820 2821 1961 2892; x_wconf 89' lang='lat' dir='ltr'><strong>quod</strong></span> <span class='ocrx_word' id='word_1_699' title='bbox 2007 2823 2350 2890; x_wconf 84' lang='lat' dir='ltr'><strong>promittitur,</strong></span> <span class='ocrx_word' id='word_1_700' title='bbox 2403 2825 2640 2879; x_wconf 85' lang='lat' dir='ltr'><strong>manebit</strong></span> <span class='ocrx_word' id='word_1_701' title='bbox 2692 2827 2744 2880; x_wconf 91' lang='lat' dir='ltr'><strong>in</strong></span> <span class='ocrx_word' id='word_1_702' title='bbox 2792 2837 3074 2882; x_wconf 74' lang='lat' dir='ltr'><strong>mtcruum.</strong></span> <span class='ocrx_word' id='word_1_703' title='bbox 3122 2825 3231 2886; x_wconf 86' lang='lat' dir='ltr'><strong>iliis</strong></span> <span class='ocrx_word' id='word_1_704' title='bbox 3271 2830 3413 2901; x_wconf 88' lang='lat' dir='ltr'><strong>quod</strong></span> 
     </span>
    </p>
   </div>
   <div class='ocr_carea' id='block_1_89' title="bbox 1820 2914 3414 2984">
    <p class='ocr_par' dir='ltr' id='par_1_89' title="bbox 1820 2914 3414 2984">
     <span class='ocr_line' id='line_1_89' title="bbox 1820 2914 3414 2984; baseline 0.006 -16"><span class='ocrx_word' id='word_1_705' title='bbox 1820 2914 2186 2984; x_wconf 62' lang='lat' dir='ltr'><strong>tempta-aliter</strong></span> <span class='ocrx_word' id='word_1_706' title='bbox 2214 2915 2545 2981; x_wconf 90' lang='lat' dir='ltr'><strong>conceditur,</strong></span> <span class='ocrx_word' id='word_1_707' title='bbox 2569 2918 2675 2971; x_wconf 85' lang='lat' dir='ltr'><strong>cito</strong></span> <span class='ocrx_word' id='word_1_708' title='bbox 2705 2918 2925 2973; x_wconf 78' lang='lat' dir='ltr'><strong>tollitur.</strong></span> <span class='ocrx_word' id='word_1_709' title='bbox 2958 2918 3163 2974; x_wconf 86' lang='lat' dir='ltr'><strong>Floruit</strong></span> <span class='ocrx_word' id='word_1_710' title='bbox 3190 2922 3329 2977; x_wconf 83' lang='lat' dir='ltr'><strong>enim</strong></span> <span class='ocrx_word' id='word_1_711' title='bbox 3358 2931 3414 2977; x_wconf 92' lang='grc' dir='ltr'><strong>ιιι</strong></span> 
     </span>
    </p>
   </div>
   <div class='ocr_carea' id='block_1_90' title="bbox 1819 3004 3411 3079">
    <p class='ocr_par' dir='ltr' id='par_1_90' title="bbox 1819 3004 3411 3079">
     <span class='ocr_line' id='line_1_90' title="bbox 1819 3004 3411 3079; baseline 0.006 -19"><span class='ocrx_word' id='word_1_712' title='bbox 1819 3004 1919 3060; x_wconf 81' lang='lat' dir='ltr'><strong>llos</strong></span> <span class='ocrx_word' id='word_1_713' title='bbox 1954 3006 2081 3060; x_wconf 89' lang='lat' dir='ltr'><strong>feni.</strong></span> <span class='ocrx_word' id='word_1_714' title='bbox 2130 3006 2317 3061; x_wconf 83' lang='lat' dir='ltr'><strong>Omnis</strong></span> <span class='ocrx_word' id='word_1_715' title='bbox 2365 3008 2506 3063; x_wconf 90' lang='lat' dir='ltr'><strong>enim</strong></span> <span class='ocrx_word' id='word_1_716' title='bbox 2537 3022 2662 3065; x_wconf 92' lang='lat' dir='ltr'><strong>caro</strong></span> <span class='ocrx_word' id='word_1_717' title='bbox 2689 3009 2866 3064; x_wconf 89' lang='lat' dir='ltr'><strong>fenum</strong></span> <span class='ocrx_word' id='word_1_718' title='bbox 2894 3027 2907 3065; x_wconf 91' lang='lat'><strong>:</strong></span> <span class='ocrx_word' id='word_1_719' title='bbox 2941 3013 3080 3069; x_wconf 85' lang='lat' dir='ltr'><strong>aruit</strong></span> <span class='ocrx_word' id='word_1_720' title='bbox 3118 3011 3318 3079; x_wconf 90' lang='lat' dir='ltr'><strong>fenum,</strong></span> <span class='ocrx_word' id='word_1_721' title='bbox 3351 3020 3411 3070; x_wconf 91' lang='lat' dir='ltr'><strong>et</strong></span> 
     </span>
    </p>
   </div>
   <div class='ocr_carea' id='block_1_91' title="bbox 1820 3096 3414 3159">
    <p class='ocr_par' dir='ltr' id='par_1_91' title="bbox 1820 3096 3414 3159">
     <span class='ocr_line' id='line_1_91' title="bbox 1820 3096 3414 3159; baseline 0.004 -8"><span class='ocrx_word' id='word_1_722' title='bbox 1820 3096 1919 3151; x_wconf 80' lang='lat' dir='ltr'><strong>tios</strong></span> <span class='ocrx_word' id='word_1_723' title='bbox 1958 3097 2152 3152; x_wconf 84' lang='lat' dir='ltr'><strong>decidit</strong></span> <span class='ocrx_word' id='word_1_724' title='bbox 2185 3116 2197 3150; x_wconf 92' lang='lat'>:</span> <span class='ocrx_word' id='word_1_725' title='bbox 2235 3099 2461 3154; x_wconf 81' lang='lat' dir='ltr'><strong>verbum</strong></span> <span class='ocrx_word' id='word_1_726' title='bbox 2505 3107 2681 3154; x_wconf 86' lang='lat' dir='ltr'><strong>autem</strong></span> <span class='ocrx_word' id='word_1_727' title='bbox 2717 3100 2923 3155; x_wconf 88' lang='lat' dir='ltr'><strong>Domini</strong></span> <span class='ocrx_word' id='word_1_728' title='bbox 2958 3111 3137 3158; x_wconf 84' lang='lat' dir='ltr'><strong>manet</strong></span> <span class='ocrx_word' id='word_1_729' title='bbox 3175 3103 3226 3157; x_wconf 90' lang='lat' dir='ltr'><strong>in</strong></span> <span class='ocrx_word' id='word_1_730' title='bbox 3255 3112 3414 3159; x_wconf 68' lang='lat' dir='ltr'><strong>atter—</strong></span> 
     </span>
    </p>
   </div>
   <div class='ocr_carea' id='block_1_92' title="bbox 1821 3186 3457 3279">
    <p class='ocr_par' dir='ltr' id='par_1_92' title="bbox 1821 3186 3457 3279">
     <span class='ocr_line' id='line_1_92' title="bbox 1821 3186 3457 3279; baseline 0.006 -36"><span class='ocrx_word' id='word_1_731' title='bbox 1821 3204 1946 3243; x_wconf 88' lang='lat' dir='ltr'><strong>nmn</strong></span> <span class='ocrx_word' id='word_1_732' title='bbox 1981 3186 2131 3261; x_wconf 81' lang='lat' dir='ltr'><strong>(Isui.</strong></span> <span class='ocrx_word' id='word_1_733' title='bbox 2163 3205 2256 3257; x_wconf 72' lang='lat' dir='ltr'><strong>XL,</strong></span> <span class='ocrx_word' id='word_1_734' title='bbox 2283 3190 2335 3254; x_wconf 85' lang='grc' dir='ltr'><strong>ϐ,</strong></span> <span class='ocrx_word' id='word_1_735' title='bbox 2366 3189 2448 3264; x_wconf 88' lang='lat'><strong>8).</strong></span> <span class='ocrx_word' id='word_1_736' title='bbox 2484 3191 2630 3247; x_wconf 85' lang='lat' dir='ltr'><strong>Pone</strong></span> <span class='ocrx_word' id='word_1_737' title='bbox 2675 3208 2802 3262; x_wconf 82' lang='lat' dir='ltr'><strong>ergo</strong></span> <span class='ocrx_word' id='word_1_738' title='bbox 2833 3193 3049 3249; x_wconf 85' lang='lat' dir='ltr'><strong>dorsum</strong></span> <span class='ocrx_word' id='word_1_739' title='bbox 3079 3193 3145 3249; x_wconf 89' lang='lat' dir='ltr'><strong>ad</strong></span> <span class='ocrx_word' id='word_1_740' title='bbox 3188 3195 3238 3249; x_wconf 90' lang='lat' dir='ltr'><strong>id</strong></span> <span class='ocrx_word' id='word_1_741' title='bbox 3270 3194 3414 3267; x_wconf 86' lang='lat' dir='ltr'><strong>quod</strong></span> <span class='ocrx_word' id='word_1_742' title='bbox 3441 3206 3457 3279; x_wconf 70' lang='grc' dir='ltr'><strong>ι</strong></span> 
     </span>
    </p>
   </div>
   <div class='ocr_carea' id='block_1_93' title="bbox 1820 3279 3414 3366">
    <p class='ocr_par' dir='ltr' id='par_1_93' title="bbox 1820 3279 3414 3366">
     <span class='ocr_line' id='line_1_93' title="bbox 1820 3279 3414 3366; baseline 0.004 -29"><span class='ocrx_word' id='word_1_743' title='bbox 1820 3282 1983 3349; x_wconf 86' lang='lat' dir='ltr'><strong>eadit,</strong></span> <span class='ocrx_word' id='word_1_744' title='bbox 2050 3279 2332 3338; x_wconf 83' lang='lat' dir='ltr'><strong>etfaciem</strong></span> <span class='ocrx_word' id='word_1_745' title='bbox 2380 3282 2448 3337; x_wconf 91' lang='lat' dir='ltr'><strong>ad</strong></span> <span class='ocrx_word' id='word_1_746' title='bbox 2494 3282 2619 3338; x_wconf 87' lang='lat' dir='ltr'><strong>illud</strong></span> <span class='ocrx_word' id='word_1_747' title='bbox 2667 3286 2808 3356; x_wconf 88' lang='lat' dir='ltr'><strong>quod</strong></span> <span class='ocrx_word' id='word_1_748' title='bbox 2862 3294 3060 3343; x_wconf 89' lang='lat' dir='ltr'><strong>manet.</strong></span> <span class='ocrx_word' id='word_1_749' title='bbox 3120 3287 3414 3366; x_wconf 70' lang='lat' dir='ltr'><strong>Evigiiaute</strong></span> 
     </span>
    </p>
   </div>
   <div class='ocr_carea' id='block_1_94' title="bbox 1821 3374 3413 3448">
    <p class='ocr_par' dir='ltr' id='par_1_94' title="bbox 1821 3374 3413 3448">
     <span class='ocr_line' id='line_1_94' title="bbox 1821 3374 3413 3448; baseline 0.005 -19"><span class='ocrx_word' id='word_1_750' title='bbox 1821 3374 2033 3429; x_wconf 88' lang='lat' dir='ltr'><strong>Christo</strong></span> <span class='ocrx_word' id='word_1_751' title='bbox 2060 3374 2169 3442; x_wconf 82' lang='lat' dir='ltr'><strong>jam</strong></span> <span class='ocrx_word' id='word_1_752' title='bbox 2204 3384 2493 3444; x_wconf 86' lang='lat' dir='ltr'><strong>tempestas</strong></span> <span class='ocrx_word' id='word_1_753' title='bbox 2524 3377 2611 3430; x_wconf 86' lang='lat' dir='ltr'><strong>illa</strong></span> <span class='ocrx_word' id='word_1_754' title='bbox 2642 3392 2747 3432; x_wconf 90' lang='lat' dir='ltr'><strong>non</strong></span> <span class='ocrx_word' id='word_1_755' title='bbox 2768 3379 2970 3448; x_wconf 87' lang='lat' dir='ltr'><strong>quatiet</strong></span> <span class='ocrx_word' id='word_1_756' title='bbox 2990 3393 3084 3435; x_wconf 89' lang='lat' dir='ltr'><strong>cor</strong></span> <span class='ocrx_word' id='word_1_757' title='bbox 3108 3386 3279 3445; x_wconf 88' lang='lat' dir='ltr'><strong>tuutn,</strong></span> <span class='ocrx_word' id='word_1_758' title='bbox 3305 3395 3413 3437; x_wconf 90' lang='lat' dir='ltr'><strong>non</strong></span> 
     </span>
    </p>
   </div>
   <div class='ocr_carea' id='block_1_95' title="bbox 1821 3464 3411 3547">
    <p class='ocr_par' dir='ltr' id='par_1_95' title="bbox 1821 3464 3411 3547">
     <span class='ocr_line' id='line_1_95' title="bbox 1821 3464 3411 3547; baseline 0.004 -27"><span class='ocrx_word' id='word_1_759' title='bbox 1821 3465 2114 3537; x_wconf 84' lang='lat' dir='ltr'><strong>opplebtmt</strong></span> <span class='ocrx_word' id='word_1_760' title='bbox 2152 3464 2342 3521; x_wconf 85' lang='lat' dir='ltr'><strong>fiuctns</strong></span> <span class='ocrx_word' id='word_1_761' title='bbox 2371 3468 2545 3521; x_wconf 90' lang='lat' dir='ltr'><strong>navim</strong></span> <span class='ocrx_word' id='word_1_762' title='bbox 2578 3478 2721 3523; x_wconf 88' lang='lat' dir='ltr'><strong>tuam</strong></span> <span class='ocrx_word' id='word_1_763' title='bbox 2748 3486 2761 3523; x_wconf 89' lang='lat'><strong>:</strong></span> <span class='ocrx_word' id='word_1_764' title='bbox 2794 3470 2914 3539; x_wconf 84' lang='lat' dir='ltr'><strong>quia</strong></span> <span class='ocrx_word' id='word_1_765' title='bbox 2950 3470 3081 3527; x_wconf 87' lang='lat' dir='ltr'><strong>fides</strong></span> <span class='ocrx_word' id='word_1_766' title='bbox 3122 3481 3209 3527; x_wconf 89' lang='lat' dir='ltr'><strong>tua</strong></span> <span class='ocrx_word' id='word_1_767' title='bbox 3238 3471 3411 3547; x_wconf 85' lang='lat' dir='ltr'><strong>impe-</strong></span> 
     </span>
    </p>
   </div>
   <div class='ocr_carea' id='block_1_96' title="bbox 1820 3560 3412 3634">
    <p class='ocr_par' dir='ltr' id='par_1_96' title="bbox 1820 3560 3412 3634">
     <span class='ocr_line' id='line_1_96' title="bbox 1820 3560 3412 3634; baseline 0.005 -19"><span class='ocrx_word' id='word_1_768' title='bbox 1820 3568 1904 3616; x_wconf 89' lang='lat' dir='ltr'><strong>rat</strong></span> <span class='ocrx_word' id='word_1_769' title='bbox 1924 3561 2098 3616; x_wconf 85' lang='lat' dir='ltr'><strong>ventis</strong></span> <span class='ocrx_word' id='word_1_770' title='bbox 2124 3569 2178 3616; x_wconf 89' lang='lat' dir='ltr'><strong>et</strong></span> <span class='ocrx_word' id='word_1_771' title='bbox 2208 3560 2483 3629; x_wconf 80' lang='lat' dir='ltr'><strong>ﬂuctibus,</strong></span> <span class='ocrx_word' id='word_1_772' title='bbox 2513 3570 2567 3617; x_wconf 89' lang='lat' dir='ltr'><strong>et</strong></span> <span class='ocrx_word' id='word_1_773' title='bbox 2599 3563 2824 3618; x_wconf 89' lang='lat' dir='ltr'><strong>transiet</strong></span> <span class='ocrx_word' id='word_1_774' title='bbox 2854 3565 3172 3634; x_wconf 89' lang='lat' dir='ltr'><strong>periculum.</strong></span> <span class='ocrx_word' id='word_1_775' title='bbox 3202 3566 3285 3625; x_wconf 79' lang='lat' dir='ltr'><strong>Ad</strong></span> <span class='ocrx_word' id='word_1_776' title='bbox 3311 3566 3412 3623; x_wconf 92' lang='lat' dir='ltr'><strong>hoc</strong></span> 
     </span>
    </p>
   </div>
   <div class='ocr_carea' id='block_1_97' title="bbox 1820 3652 3414 3731">
    <p class='ocr_par' dir='ltr' id='par_1_97' title="bbox 1820 3652 3414 3731">
     <span class='ocr_line' id='line_1_97' title="bbox 1820 3652 3414 3731; baseline 0.004 -24"><span class='ocrx_word' id='word_1_777' title='bbox 1820 3654 1961 3707; x_wconf 88' lang='lat' dir='ltr'><strong>enim</strong></span> <span class='ocrx_word' id='word_1_778' title='bbox 1996 3653 2243 3724; x_wconf 86' lang='lat' dir='ltr'><strong>pertinet,</strong></span> <span class='ocrx_word' id='word_1_779' title='bbox 2280 3652 2493 3720; x_wconf 85' lang='lat' dir='ltr'><strong>fratres,</strong></span> <span class='ocrx_word' id='word_1_780' title='bbox 2528 3662 2696 3719; x_wconf 86' lang='lat' dir='ltr'><strong>totum</strong></span> <span class='ocrx_word' id='word_1_781' title='bbox 2745 3654 2796 3710; x_wconf 92' lang='lat' dir='ltr'><strong>id</strong></span> <span class='ocrx_word' id='word_1_782' title='bbox 2825 3656 2965 3727; x_wconf 84' lang='lat' dir='ltr'><strong>quod</strong></span> <span class='ocrx_word' id='word_1_783' title='bbox 3010 3657 3139 3715; x_wconf 89' lang='lat' dir='ltr'><strong>dicit</strong></span> <span class='ocrx_word' id='word_1_784' title='bbox 3184 3660 3414 3731; x_wconf 84' lang='lat' dir='ltr'><strong>Aposto-</strong></span> 
     </span>
    </p>
   </div>
   <div class='ocr_carea' id='block_1_98' title="bbox 1821 3744 3411 3816">
    <p class='ocr_par' dir='ltr' id='par_1_98' title="bbox 1821 3744 3411 3816">
     <span class='ocr_line' id='line_1_98' title="bbox 1821 3744 3411 3816; baseline 0.005 -18"><span class='ocrx_word' id='word_1_785' title='bbox 1821 3744 1927 3807; x_wconf 91' lang='lat' dir='ltr'><strong>ius,</strong></span> <span class='ocrx_word' id='word_1_786' title='bbox 1960 3744 2028 3799; x_wconf 89' lang='lat' dir='ltr'><strong>de</strong></span> <span class='ocrx_word' id='word_1_787' title='bbox 2053 3744 2301 3800; x_wconf 84' lang='lat' dir='ltr'><strong>exuendo</strong></span> <span class='ocrx_word' id='word_1_788' title='bbox 2324 3756 2557 3802; x_wconf 86' lang='lat' dir='ltr'><strong>veterem</strong></span> <span class='ocrx_word' id='word_1_789' title='bbox 2584 3745 2878 3802; x_wconf 88' lang='lat' dir='ltr'><strong>hominem.</strong></span> <span class='ocrx_word' id='word_1_790' title='bbox 2905 3744 3219 3816; x_wconf 83' lang='lat' dir='ltr'><strong>lrascimini,</strong></span> <span class='ocrx_word' id='word_1_791' title='bbox 3248 3760 3295 3805; x_wconf 86' lang='lat' dir='ltr'><strong>et</strong></span> <span class='ocrx_word' id='word_1_792' title='bbox 3316 3767 3411 3806; x_wconf 88' lang='lat' dir='ltr'><strong>no-</strong></span> 
     </span>
    </p>
   </div>
   <div class='ocr_carea' id='block_1_99' title="bbox 1822 3835 3412 3911">
    <p class='ocr_par' dir='ltr' id='par_1_99' title="bbox 1822 3835 3412 3911">
     <span class='ocr_line' id='line_1_99' title="bbox 1822 3835 3412 3911; baseline 0.006 -21"><span class='ocrx_word' id='word_1_793' title='bbox 1822 3835 1910 3891; x_wconf 84' lang='lat' dir='ltr'><strong>lite</strong></span> <span class='ocrx_word' id='word_1_794' title='bbox 1958 3853 2167 3907; x_wconf 82' lang='lat' dir='ltr'><strong>peccare</strong></span> <span class='ocrx_word' id='word_1_795' title='bbox 2197 3855 2217 3892; x_wconf 85' lang='lat'><strong><em>:</em></strong></span> <span class='ocrx_word' id='word_1_796' title='bbox 2243 3838 2319 3892; x_wconf 86' lang='lat' dir='ltr'><strong>sol</strong></span> <span class='ocrx_word' id='word_1_797' title='bbox 2366 3854 2468 3892; x_wconf 84' lang='lat' dir='ltr'><strong>non</strong></span> <span class='ocrx_word' id='word_1_798' title='bbox 2511 3840 2706 3893; x_wconf 84' lang='lat' dir='ltr'><strong>occidat</strong></span> <span class='ocrx_word' id='word_1_799' title='bbox 2748 3856 2903 3911; x_wconf 82' lang='lat' dir='ltr'><strong>super</strong></span> <span class='ocrx_word' id='word_1_800' title='bbox 2955 3840 3273 3901; x_wconf 80' lang='lat' dir='ltr'><strong>iracundiam</strong></span> <span class='ocrx_word' id='word_1_801' title='bbox 3324 3859 3412 3899; x_wconf 84' lang='lat' dir='ltr'><strong>ve-</strong></span> 
     </span>
    </p>
   </div>
   <div class='ocr_carea' id='block_1_100' title="bbox 1820 3926 3412 4007">
    <p class='ocr_par' dir='ltr' id='par_1_100' title="bbox 1820 3926 3412 4007">
     <span class='ocr_line' id='line_1_100' title="bbox 1820 3926 3412 4007; baseline 0.006 -27"><span class='ocrx_word' id='word_1_802' title='bbox 1820 3936 2017 3980; x_wconf 84' lang='lat' dir='ltr'><strong>stram:</strong></span> <span class='ocrx_word' id='word_1_803' title='bbox 2046 3942 2207 3999; x_wconf 78' lang='lat' dir='ltr'><strong>neque</strong></span> <span class='ocrx_word' id='word_1_804' title='bbox 2242 3926 2409 3982; x_wconf 87' lang='lat' dir='ltr'><strong>locum</strong></span> <span class='ocrx_word' id='word_1_805' title='bbox 2451 3929 2580 3982; x_wconf 86' lang='lat' dir='ltr'><strong>detis</strong></span> <span class='ocrx_word' id='word_1_806' title='bbox 2621 3929 2823 3984; x_wconf 86' lang='lat' dir='ltr'><strong>diabolo</strong></span> <span class='ocrx_word' id='word_1_807' title='bbox 2846 3946 2864 3983; x_wconf 91' lang='lat'><strong><em>:</em></strong></span> <span class='ocrx_word' id='word_1_808' title='bbox 2890 3940 3043 3987; x_wconf 85' lang='lat' dir='ltr'><strong>vetus</strong></span> <span class='ocrx_word' id='word_1_809' title='bbox 3085 3948 3213 4007; x_wconf 78' lang='lat' dir='ltr'><strong>ergo</strong></span> <span class='ocrx_word' id='word_1_810' title='bbox 3250 3933 3412 3989; x_wconf 86' lang='lat' dir='ltr'><strong>dabat</strong></span> 
     </span>
    </p>
   </div>
   <div class='ocr_carea' id='block_1_101' title="bbox 1822 4017 3413 4097">
    <p class='ocr_par' dir='ltr' id='par_1_101' title="bbox 1822 4017 3413 4097">
     <span class='ocr_line' id='line_1_101' title="bbox 1822 4017 3413 4097; baseline 0.004 -25"><span class='ocrx_word' id='word_1_811' title='bbox 1822 4017 2020 4084; x_wconf 89' lang='lat' dir='ltr'><strong>locum,</strong></span> <span class='ocrx_word' id='word_1_812' title='bbox 2056 4033 2226 4083; x_wconf 84' lang='lat' dir='ltr'><strong>novus</strong></span> <span class='ocrx_word' id='word_1_813' title='bbox 2251 4034 2353 4075; x_wconf 89' lang='lat' dir='ltr'><strong>non</strong></span> <span class='ocrx_word' id='word_1_814' title='bbox 2381 4020 2491 4074; x_wconf 91' lang='lat' dir='ltr'><strong>det.</strong></span> <span class='ocrx_word' id='word_1_815' title='bbox 2520 4020 2619 4085; x_wconf 83' lang='lat' dir='ltr'><strong>Qui</strong></span> <span class='ocrx_word' id='word_1_816' title='bbox 2639 4021 2925 4097; x_wconf 72' lang='lat' dir='ltr'><strong>furabatur,</strong></span> <span class='ocrx_word' id='word_1_817' title='bbox 2951 4023 3065 4094; x_wconf 87' lang='lat' dir='ltr'><strong>jam</strong></span> <span class='ocrx_word' id='word_1_818' title='bbox 3091 4041 3189 4078; x_wconf 90' lang='lat' dir='ltr'><strong>non</strong></span> <span class='ocrx_word' id='word_1_819' title='bbox 3214 4028 3413 4097; x_wconf 79' lang='lat' dir='ltr'><strong>[aretur</strong></span> 
     </span>
    </p>
   </div>
   <div class='ocr_carea' id='block_1_102' title="bbox 1822 4107 3447 4185">
    <p class='ocr_par' dir='ltr' id='par_1_102' title="bbox 1822 4107 3447 4185">
     <span class='ocr_line' id='line_1_102' title="bbox 1822 4107 3447 4185; baseline 0.007 -23"><span class='ocrx_word' id='word_1_820' title='bbox 1822 4107 2035 4179; x_wconf 80' lang='lat' dir='ltr'><strong>(Ep/tes.</strong></span> <span class='ocrx_word' id='word_1_821' title='bbox 2071 4124 2145 4175; x_wconf 82' lang='lat' dir='ltr'><strong>Iv,</strong></span> <span class='ocrx_word' id='word_1_822' title='bbox 2175 4109 2372 4181; x_wconf 74' lang='lat'><strong>26-28)</strong></span> <span class='ocrx_word' id='word_1_823' title='bbox 2399 4127 2411 4163; x_wconf 89' lang='lat'><strong>:</strong></span> <span class='ocrx_word' id='word_1_824' title='bbox 2440 4118 2592 4165; x_wconf 86' lang='lat' dir='ltr'><strong>vetus</strong></span> <span class='ocrx_word' id='word_1_825' title='bbox 2620 4126 2748 4185; x_wconf 83' lang='lat' dir='ltr'><strong>ergo</strong></span> <span class='ocrx_word' id='word_1_826' title='bbox 2775 4109 3068 4178; x_wconf 90' lang='lat' dir='ltr'><strong>furabatur,</strong></span> <span class='ocrx_word' id='word_1_827' title='bbox 3097 4129 3265 4171; x_wconf 87' lang='lat' dir='ltr'><strong>novus</strong></span> <span class='ocrx_word' id='word_1_828' title='bbox 3302 4130 3409 4170; x_wconf 91' lang='lat' dir='ltr'><strong>non</strong></span> <span class='ocrx_word' id='word_1_829' title='bbox 3440 4128 3447 4173; x_wconf 68' lang='grc' dir='ltr'><strong>ι</strong></span> 
     </span>
    </p>
   </div>
   <div class='ocr_carea' id='block_1_103' title="bbox 1822 4188 3449 4274">
    <p class='ocr_par' dir='ltr' id='par_1_103' title="bbox 1822 4188 3449 4274">
     <span class='ocr_line' id='line_1_103' title="bbox 1822 4188 3449 4274; baseline 0.002 -18"><span class='ocrx_word' id='word_1_830' title='bbox 1822 4201 2194 4272; x_wconf 65' lang='lat' dir='ltr'><strong>furetnr.,lpse</strong></span> <span class='ocrx_word' id='word_1_831' title='bbox 2233 4201 2393 4257; x_wconf 90' lang='lat' dir='ltr'><strong>homo</strong></span> <span class='ocrx_word' id='word_1_832' title='bbox 2419 4210 2522 4269; x_wconf 87' lang='lat' dir='ltr'><strong>est,</strong></span> <span class='ocrx_word' id='word_1_833' title='bbox 2558 4216 2696 4257; x_wconf 91' lang='lat' dir='ltr'><strong>unus</strong></span> <span class='ocrx_word' id='word_1_834' title='bbox 2736 4201 2897 4258; x_wconf 90' lang='lat' dir='ltr'><strong>homo</strong></span> <span class='ocrx_word' id='word_1_835' title='bbox 2928 4210 3011 4271; x_wconf 83' lang='lat' dir='ltr'><strong>est</strong></span> <span class='ocrx_word' id='word_1_836' title='bbox 3035 4222 3048 4259; x_wconf 91' lang='lat'><strong>:</strong></span> <span class='ocrx_word' id='word_1_837' title='bbox 3076 4204 3244 4259; x_wconf 84' lang='lat' dir='ltr'><strong>Adam</strong></span> <span class='ocrx_word' id='word_1_838' title='bbox 3272 4188 3449 4274; x_wconf 58' lang='lat' dir='ltr'><strong>erat,‘;</strong></span> 
     </span>
    </p>
   </div>
   <div class='ocr_carea' id='block_1_104' title="bbox 1820 4293 3412 4369">
    <p class='ocr_par' dir='ltr' id='par_1_104' title="bbox 1820 4293 3412 4369">
     <span class='ocr_line' id='line_1_104' title="bbox 1820 4293 3412 4369; baseline 0.003 -20"><span class='ocrx_word' id='word_1_839' title='bbox 1820 4293 2064 4349; x_wconf 90' lang='lat' dir='ltr'><strong>Christus</strong></span> <span class='ocrx_word' id='word_1_840' title='bbox 2114 4295 2182 4349; x_wconf 87' lang='lat' dir='ltr'><strong>sit</strong></span> <span class='ocrx_word' id='word_1_841' title='bbox 2212 4303 2402 4360; x_wconf 83' lang='lat' dir='ltr'><strong>:vetus</strong></span> <span class='ocrx_word' id='word_1_842' title='bbox 2441 4303 2579 4361; x_wconf 88' lang='lat' dir='ltr'><strong>erat,</strong></span> <span class='ocrx_word' id='word_1_843' title='bbox 2620 4307 2788 4361; x_wconf 83' lang='lat' dir='ltr'><strong>novus</strong></span> <span class='ocrx_word' id='word_1_844' title='bbox 2828 4295 2933 4363; x_wconf 89' lang='lat' dir='ltr'><strong>sit;</strong></span> <span class='ocrx_word' id='word_1_845' title='bbox 2978 4305 3032 4351; x_wconf 91' lang='lat' dir='ltr'><strong>et</strong></span> <span class='ocrx_word' id='word_1_846' title='bbox 3071 4305 3263 4353; x_wconf 81' lang='lat' dir='ltr'><strong>caetera</strong></span> <span class='ocrx_word' id='word_1_847' title='bbox 3295 4312 3412 4369; x_wconf 77' lang='lat' dir='ltr'><strong>qua:</strong></span> 
     </span>
    </p>
   </div>
   <div class='ocr_carea' id='block_1_105' title="bbox 1820 4374 3329 4458">
    <p class='ocr_par' dir='ltr' id='par_1_105' title="bbox 1820 4374 3329 4458">
     <span class='ocr_line' id='line_1_105' title="bbox 1820 4374 3329 4458; baseline 0 -19"><span class='ocrx_word' id='word_1_848' title='bbox 1820 4384 1892 4439; x_wconf 90' lang='lat' dir='ltr'><strong>ibi</strong></span> <span class='ocrx_word' id='word_1_849' title='bbox 1923 4395 2237 4455; x_wconf 88' lang='lat' dir='ltr'><strong>sequuntur.</strong></span> <span class='ocrx_word' id='word_1_850' title='bbox 3264 4453 3270 4458; x_wconf 24' lang='grc' dir='ltr'><strong>ι</strong></span> <span class='ocrx_word' id='word_1_851' title='bbox 3324 4374 3329 4380; x_wconf 63' lang='grc'><em>’</em></span> 
     </span>
    </p>
   </div>
   <div class='ocr_carea' id='block_1_106' title="bbox 1892 4477 3406 4557">
    <p class='ocr_par' dir='ltr' id='par_1_106' title="bbox 1892 4477 3406 4557">
     <span class='ocr_line' id='line_1_106' title="bbox 1892 4477 3406 4557; baseline 0.003 -23"><span class='ocrx_word' id='word_1_852' title='bbox 1892 4478 1943 4534; x_wconf 83' lang='grc'><strong>5.</strong></span> <span class='ocrx_word' id='word_1_853' title='bbox 1988 4477 2092 4533; x_wconf 88' lang='lat' dir='ltr'><strong>Sed</strong></span> <span class='ocrx_word' id='word_1_854' title='bbox 2125 4477 2393 4534; x_wconf 86' lang='lat' dir='ltr'><strong>Psalmum</strong></span> <span class='ocrx_word' id='word_1_855' title='bbox 2421 4477 2698 4539; x_wconf 89' lang='lat' dir='ltr'><strong>videamus</strong></span> <span class='ocrx_word' id='word_1_856' title='bbox 2728 4480 2887 4550; x_wconf 89' lang='lat' dir='ltr'><strong>paulo</strong></span> <span class='ocrx_word' id='word_1_857' title='bbox 2927 4477 3251 4557; x_wconf 75' lang='lat' dir='ltr'><strong>diligentius,</strong></span> <span class='ocrx_word' id='word_1_858' title='bbox 3282 4481 3406 4554; x_wconf 89' lang='lat' dir='ltr'><strong>quia</strong></span> 
     </span>
    </p>
   </div>
   <div class='ocr_carea' id='block_1_107' title="bbox 1819 4572 3411 4644">
    <p class='ocr_par' dir='ltr' id='par_1_107' title="bbox 1819 4572 3411 4644">
     <span class='ocr_line' id='line_1_107' title="bbox 1819 4572 3411 4644; baseline -0.001 -17"><span class='ocrx_word' id='word_1_859' title='bbox 1819 4586 1939 4627; x_wconf 88' lang='lat' dir='ltr'><strong>cum</strong></span> <span class='ocrx_word' id='word_1_860' title='bbox 1969 4572 2193 4643; x_wconf 88' lang='lat' dir='ltr'><strong>quisque</strong></span> <span class='ocrx_word' id='word_1_861' title='bbox 2233 4572 2517 4642; x_wconf 85' lang='lat' dir='ltr'><strong>profecerit</strong></span> <span class='ocrx_word' id='word_1_862' title='bbox 2558 4572 2611 4627; x_wconf 92' lang='lat' dir='ltr'><strong>in</strong></span> <span class='ocrx_word' id='word_1_863' title='bbox 2642 4574 2903 4640; x_wconf 86' lang='lat' dir='ltr'><strong>Ecclesia,</strong></span> <span class='ocrx_word' id='word_1_864' title='bbox 2937 4587 3162 4640; x_wconf 79' lang='lat' dir='ltr'><strong>necesse</strong></span> <span class='ocrx_word' id='word_1_865' title='bbox 3203 4583 3287 4628; x_wconf 88' lang='lat' dir='ltr'><strong>est</strong></span> <span class='ocrx_word' id='word_1_866' title='bbox 3313 4588 3411 4644; x_wconf 58' lang='lat' dir='ltr'><strong>pa.</strong></span> 
     </span>
    </p>
   </div>
   <div class='ocr_carea' id='block_1_108' title="bbox 1823 4661 3413 4737">
    <p class='ocr_par' dir='ltr' id='par_1_108' title="bbox 1823 4661 3413 4737">
     <span class='ocr_line' id='line_1_108' title="bbox 1823 4661 3413 4737; baseline 0.001 -20"><span class='ocrx_word' id='word_1_867' title='bbox 1823 4663 1982 4717; x_wconf 86' lang='lat' dir='ltr'><strong>tiatur</strong></span> <span class='ocrx_word' id='word_1_868' title='bbox 2011 4663 2180 4717; x_wconf 88' lang='lat' dir='ltr'><strong>malos</strong></span> <span class='ocrx_word' id='word_1_869' title='bbox 2227 4662 2278 4717; x_wconf 88' lang='lat' dir='ltr'><strong>in</strong></span> <span class='ocrx_word' id='word_1_870' title='bbox 2322 4661 2586 4719; x_wconf 83' lang='lat' dir='ltr'><strong>Ecclesia.</strong></span> <span class='ocrx_word' id='word_1_871' title='bbox 2615 4662 2721 4729; x_wconf 81' lang='lat' dir='ltr'><strong>Sed</strong></span> <span class='ocrx_word' id='word_1_872' title='bbox 2764 4679 2872 4718; x_wconf 90' lang='lat' dir='ltr'><strong>non</strong></span> <span class='ocrx_word' id='word_1_873' title='bbox 2903 4679 2996 4719; x_wconf 87' lang='lat' dir='ltr'><strong>eos</strong></span> <span class='ocrx_word' id='word_1_874' title='bbox 3022 4663 3295 4737; x_wconf 80' lang='lat' dir='ltr'><strong>cognoscit</strong></span> <span class='ocrx_word' id='word_1_875' title='bbox 3321 4662 3413 4737; x_wconf 87' lang='lat' dir='ltr'><strong>qui</strong></span> 
     </span>
    </p>
   </div>
   <div class='ocr_carea' id='block_1_109' title="bbox 1820 4755 3414 4825">
    <p class='ocr_par' dir='ltr' id='par_1_109' title="bbox 1820 4755 3414 4825">
     <span class='ocr_line' id='line_1_109' title="bbox 1820 4755 3414 4825; baseline 0.003 -16"><span class='ocrx_word' id='word_1_876' title='bbox 1820 4755 1942 4810; x_wconf 90' lang='lat' dir='ltr'><strong>talis</strong></span> <span class='ocrx_word' id='word_1_877' title='bbox 1963 4763 2079 4822; x_wconf 88' lang='lat' dir='ltr'><strong>est;</strong></span> <span class='ocrx_word' id='word_1_878' title='bbox 2106 4768 2406 4825; x_wconf 87' lang='lat' dir='ltr'><strong>quanquam</strong></span> <span class='ocrx_word' id='word_1_879' title='bbox 2435 4755 2583 4809; x_wconf 88' lang='lat' dir='ltr'><strong>multi</strong></span> <span class='ocrx_word' id='word_1_880' title='bbox 2616 4755 2740 4811; x_wconf 89' lang='lat' dir='ltr'><strong>mali</strong></span> <span class='ocrx_word' id='word_1_881' title='bbox 2772 4762 3109 4810; x_wconf 88' lang='lat' dir='ltr'><strong>murmurent</strong></span> <span class='ocrx_word' id='word_1_882' title='bbox 3150 4755 3414 4821; x_wconf 81' lang='lat' dir='ltr'><strong>adversus</strong></span> 
     </span>
    </p>
   </div>
   <div class='ocr_carea' id='block_1_110' title="bbox 1819 4844 3413 4918">
    <p class='ocr_par' dir='ltr' id='par_1_110' title="bbox 1819 4844 3413 4918">
     <span class='ocr_line' id='line_1_110' title="bbox 1819 4844 3413 4918; baseline 0 -17"><span class='ocrx_word' id='word_1_883' title='bbox 1819 4847 2012 4911; x_wconf 88' lang='lat' dir='ltr'><strong>malos,</strong></span> <span class='ocrx_word' id='word_1_884' title='bbox 2038 4845 2306 4917; x_wconf 86' lang='lat' dir='ltr'><strong>quomodo</strong></span> <span class='ocrx_word' id='word_1_885' title='bbox 2339 4845 2546 4901; x_wconf 81' lang='lat' dir='ltr'><strong>facilius</strong></span> <span class='ocrx_word' id='word_1_886' title='bbox 2572 4860 2712 4901; x_wconf 91' lang='lat' dir='ltr'><strong>unus</strong></span> <span class='ocrx_word' id='word_1_887' title='bbox 2750 4860 2913 4905; x_wconf 84' lang='lat' dir='ltr'><strong>sanus</strong></span> <span class='ocrx_word' id='word_1_888' title='bbox 2944 4844 3048 4909; x_wconf 79' lang='lat' dir='ltr'><strong>fert</strong></span> <span class='ocrx_word' id='word_1_889' title='bbox 3076 4844 3210 4901; x_wconf 88' lang='lat' dir='ltr'><strong>duos</strong></span> <span class='ocrx_word' id='word_1_890' title='bbox 3243 4862 3413 4918; x_wconf 74' lang='lat' dir='ltr'><strong>aegro-</strong></span> 
     </span>
    </p>
   </div>
   <div class='ocr_carea' id='block_1_111' title="bbox 1820 4932 3412 5017">
    <p class='ocr_par' dir='ltr' id='par_1_111' title="bbox 1820 4932 3412 5017">
     <span class='ocr_line' id='line_1_111' title="bbox 1820 4932 3412 5017; baseline 0 -23"><span class='ocrx_word' id='word_1_891' title='bbox 1820 4947 1923 5003; x_wconf 88' lang='lat' dir='ltr'><strong>tos,</strong></span> <span class='ocrx_word' id='word_1_892' title='bbox 1947 4955 2103 5011; x_wconf 89' lang='lat' dir='ltr'><strong>quam</strong></span> <span class='ocrx_word' id='word_1_893' title='bbox 2133 4936 2240 4993; x_wconf 91' lang='lat' dir='ltr'><strong>duo</strong></span> <span class='ocrx_word' id='word_1_894' title='bbox 2264 4936 2447 5009; x_wconf 62' lang='lat' dir='ltr'><strong>aegroti</strong></span> <span class='ocrx_word' id='word_1_895' title='bbox 2474 4952 2533 4993; x_wconf 91' lang='lat' dir='ltr'><strong>se</strong></span> <span class='ocrx_word' id='word_1_896' title='bbox 2560 4938 2786 4999; x_wconf 87' lang='lat' dir='ltr'><strong>invicem</strong></span> <span class='ocrx_word' id='word_1_897' title='bbox 2815 4936 3072 5008; x_wconf 79' lang='lat' dir='ltr'><strong>singulos.</strong></span> <span class='ocrx_word' id='word_1_898' title='bbox 3103 4932 3285 5017; x_wconf 87' lang='lat' dir='ltr'><strong>itaque</strong></span> <span class='ocrx_word' id='word_1_899' title='bbox 3307 4937 3412 4994; x_wconf 87' lang='lat' dir='ltr'><strong>hoc</strong></span> 
     </span>
    </p>
   </div>
   <div class='ocr_carea' id='block_1_112' title="bbox 1820 5027 3412 5101">
    <p class='ocr_par' dir='ltr' id='par_1_112' title="bbox 1820 5027 3412 5101">
     <span class='ocr_line' id='line_1_112' title="bbox 1820 5027 3412 5101; baseline 0.001 -19"><span class='ocrx_word' id='word_1_900' title='bbox 1820 5028 2181 5100; x_wconf 71' lang='lat' dir='ltr'><strong>prmcipimus,</strong></span> <span class='ocrx_word' id='word_1_901' title='bbox 2233 5028 2443 5093; x_wconf 87' lang='lat' dir='ltr'><strong>fratres,</strong></span> <span class='ocrx_word' id='word_1_902' title='bbox 2491 5029 2627 5083; x_wconf 85' lang='lat' dir='ltr'><strong>Area</strong></span> <span class='ocrx_word' id='word_1_903' title='bbox 2668 5036 2752 5085; x_wconf 91' lang='lat' dir='ltr'><strong>est</strong></span> <span class='ocrx_word' id='word_1_904' title='bbox 2795 5028 3033 5091; x_wconf 82' lang='lat' dir='ltr'><strong>Ecclesia</strong></span> <span class='ocrx_word' id='word_1_905' title='bbox 3078 5027 3237 5101; x_wconf 89' lang='lat' dir='ltr'><strong>hujus</strong></span> <span class='ocrx_word' id='word_1_906' title='bbox 3277 5037 3412 5083; x_wconf 84' lang='lat' dir='ltr'><strong>tem-</strong></span> 
     </span>
    </p>
   </div>
   <div class='ocr_carea' id='block_1_113' title="bbox 1820 5118 3412 5199">
    <p class='ocr_par' dir='ltr' id='par_1_113' title="bbox 1820 5118 3412 5199">
     <span class='ocr_line' id='line_1_113' title="bbox 1820 5118 3412 5199; baseline 0.001 -24"><span class='ocrx_word' id='word_1_907' title='bbox 1820 5121 1965 5192; x_wconf 88' lang='lat' dir='ltr'><strong>poris</strong></span> <span class='ocrx_word' id='word_1_908' title='bbox 1994 5139 2006 5175; x_wconf 89' lang='lat'><strong>:</strong></span> <span class='ocrx_word' id='word_1_909' title='bbox 2036 5136 2178 5192; x_wconf 59' lang='lat' dir='ltr'><strong>saepe</strong></span> <span class='ocrx_word' id='word_1_910' title='bbox 2204 5119 2457 5189; x_wconf 79' lang='lat' dir='ltr'><strong>diximus,</strong></span> <span class='ocrx_word' id='word_1_911' title='bbox 2482 5136 2627 5191; x_wconf 71' lang='lat' dir='ltr'><strong>srcpe</strong></span> <span class='ocrx_word' id='word_1_912' title='bbox 2653 5120 2899 5189; x_wconf 88' lang='lat' dir='ltr'><strong>dicimus,</strong></span> <span class='ocrx_word' id='word_1_913' title='bbox 2928 5119 2995 5176; x_wconf 86' lang='lat' dir='ltr'><strong>Et</strong></span> <span class='ocrx_word' id='word_1_914' title='bbox 3017 5121 3221 5199; x_wconf 86' lang='lat' dir='ltr'><strong>paleam</strong></span> <span class='ocrx_word' id='word_1_915' title='bbox 3251 5118 3412 5176; x_wconf 87' lang='lat' dir='ltr'><strong>habet</strong></span> 
     </span>
    </p>
   </div>
   <div class='ocr_carea' id='block_1_114' title="bbox 1819 5211 3411 5286">
    <p class='ocr_par' dir='ltr' id='par_1_114' title="bbox 1819 5211 3411 5286">
     <span class='ocr_line' id='line_1_114' title="bbox 1819 5211 3411 5286; baseline -0.002 -16"><span class='ocrx_word' id='word_1_916' title='bbox 1819 5224 1874 5271; x_wconf 87' lang='lat' dir='ltr'><strong>et</strong></span> <span class='ocrx_word' id='word_1_917' title='bbox 1894 5212 2243 5269; x_wconf 82' lang='lat' dir='ltr'><strong>frumentum.</strong></span> <span class='ocrx_word' id='word_1_918' title='bbox 2272 5212 2440 5270; x_wconf 79' lang='lat' dir='ltr'><strong>Nemo</strong></span> <span class='ocrx_word' id='word_1_919' title='bbox 2466 5223 2671 5286; x_wconf 70' lang='lat' dir='ltr'><strong>quzcrat</strong></span> <span class='ocrx_word' id='word_1_920' title='bbox 2692 5214 2838 5271; x_wconf 78' lang='lat' dir='ltr'><strong>exire</strong></span> <span class='ocrx_word' id='word_1_921' title='bbox 2860 5223 3021 5270; x_wconf 85' lang='lat' dir='ltr'><strong>totam</strong></span> <span class='ocrx_word' id='word_1_922' title='bbox 3052 5212 3277 5285; x_wconf 80' lang='lat' dir='ltr'><strong>paleam,</strong></span> <span class='ocrx_word' id='word_1_923' title='bbox 3307 5211 3411 5267; x_wconf 86' lang='lat' dir='ltr'><strong>nisi</strong></span> 
     </span>
    </p>
   </div>
   <div class='ocr_carea' id='block_1_115' title="bbox 1822 5303 3409 5378">
    <p class='ocr_par' dir='ltr' id='par_1_115' title="bbox 1822 5303 3409 5378">
     <span class='ocr_line' id='line_1_115' title="bbox 1822 5303 3409 5378; baseline -0.002 -16"><span class='ocrx_word' id='word_1_924' title='bbox 1822 5316 2060 5378; x_wconf 87' lang='lat' dir='ltr'><strong>tempore</strong></span> <span class='ocrx_word' id='word_1_925' title='bbox 2085 5307 2467 5363; x_wconf 88' lang='lat' dir='ltr'><strong>ventilationis.</strong></span> <span class='ocrx_word' id='word_1_926' title='bbox 2499 5307 2667 5364; x_wconf 86' lang='lat' dir='ltr'><strong>Nemo</strong></span> <span class='ocrx_word' id='word_1_927' title='bbox 2701 5318 2824 5364; x_wconf 88' lang='lat' dir='ltr'><strong>ante</strong></span> <span class='ocrx_word' id='word_1_928' title='bbox 2866 5316 3074 5378; x_wconf 87' lang='lat' dir='ltr'><strong>tempus</strong></span> <span class='ocrx_word' id='word_1_929' title='bbox 3103 5303 3409 5366; x_wconf 85' lang='lat' dir='ltr'><strong>ventilatio-</strong></span> 
     </span>
    </p>
   </div>
   <div class='ocr_carea' id='block_1_116' title="bbox 1820 5399 3409 5479">
    <p class='ocr_par' dir='ltr' id='par_1_116' title="bbox 1820 5399 3409 5479">
     <span class='ocr_line' id='line_1_116' title="bbox 1820 5399 3409 5479; baseline -0.001 -24"><span class='ocrx_word' id='word_1_930' title='bbox 1820 5400 1905 5456; x_wconf 88' lang='lat' dir='ltr'><strong>nis</strong></span> <span class='ocrx_word' id='word_1_931' title='bbox 1932 5399 2141 5456; x_wconf 88' lang='lat' dir='ltr'><strong>deserat</strong></span> <span class='ocrx_word' id='word_1_932' title='bbox 2175 5414 2377 5468; x_wconf 89' lang='lat' dir='ltr'><strong>aream,</strong></span> <span class='ocrx_word' id='word_1_933' title='bbox 2409 5400 2560 5472; x_wconf 89' lang='lat' dir='ltr'><strong>quasi</strong></span> <span class='ocrx_word' id='word_1_934' title='bbox 2586 5400 2712 5465; x_wconf 79' lang='lat' dir='ltr'><strong>dum</strong></span> <span class='ocrx_word' id='word_1_935' title='bbox 2744 5418 2849 5457; x_wconf 92' lang='lat' dir='ltr'><strong>non</strong></span> <span class='ocrx_word' id='word_1_936' title='bbox 2877 5402 2989 5457; x_wconf 87' lang='lat' dir='ltr'><strong>vult</strong></span> <span class='ocrx_word' id='word_1_937' title='bbox 3020 5401 3126 5472; x_wconf 88' lang='lat' dir='ltr'><strong>pati</strong></span> <span class='ocrx_word' id='word_1_938' title='bbox 3156 5408 3409 5479; x_wconf 84' lang='lat' dir='ltr'><strong>peccato-</strong></span> 
     </span>
    </p>
   </div>
   <div class='ocr_carea' id='block_1_117' title="bbox 1885 5603 3380 5672">
    <p class='ocr_par' dir='ltr' id='par_1_117' title="bbox 1885 5603 3380 5672">
     <span class='ocr_line' id='line_1_117' title="bbox 1885 5603 3380 5672; baseline 0.013 -19"><span class='ocrx_word' id='word_1_939' title='bbox 1885 5604 2330 5672; x_wconf 59' lang='lat' dir='ltr'><strong>f&#39;t‘_redecim1\tss.,</strong></span> <span class='ocrx_word' id='word_1_940' title='bbox 2352 5608 2403 5655; x_wconf 84' lang='lat' dir='ltr'><strong>Et</strong></span> <span class='ocrx_word' id='word_1_941' title='bbox 2428 5603 2628 5656; x_wconf 81' lang='lat' dir='ltr'><strong>dubitat.</strong></span> <span class='ocrx_word' id='word_1_942' title='bbox 2667 5666 2679 5672; x_wconf 31' lang='grc' dir='ltr'><strong>Δ</strong></span> <span class='ocrx_word' id='word_1_943' title='bbox 2870 5662 2882 5672; x_wconf 62' lang='grc'><em>,</em></span> <span class='ocrx_word' id='word_1_944' title='bbox 2933 5663 2943 5672; x_wconf 87' lang='lat'>_</span> <span class='ocrx_word' id='word_1_945' title='bbox 2977 5670 2983 5672; x_wconf 82' lang='lat'><strong><em>_</em></strong></span> <span class='ocrx_word' id='word_1_946' title='bbox 3049 5661 3073 5672; x_wconf 74' lang='grc'><em>,</em></span> <span class='ocrx_word' id='word_1_947' title='bbox 3312 5667 3323 5672; x_wconf 76' lang='grc'><em>,</em></span> <span class='ocrx_word' id='word_1_948' title='bbox 3366 5659 3380 5672; x_wconf 91' lang='grc'><strong>.</strong></span> 
     </span>
    </p>
   </div>
   <div class='ocr_carea' id='block_1_118' title="bbox 1887 5661 3412 5737">
    <p class='ocr_par' dir='ltr' id='par_1_118' title="bbox 1887 5661 3412 5737">
     <span class='ocr_line' id='line_1_118' title="bbox 1887 5661 3412 5737; baseline -0.002 -19"><span class='ocrx_word' id='word_1_949' title='bbox 1887 5670 1910 5737; x_wconf 56' lang='grc' dir='ltr'><strong>Ρ</strong></span> <span class='ocrx_word' id='word_1_950' title='bbox 1932 5670 2006 5718; x_wconf 85' lang='lat' dir='ltr'><strong>Sic</strong></span> <span class='ocrx_word' id='word_1_951' title='bbox 2028 5672 2105 5737; x_wconf 75' lang='lat' dir='ltr'><strong>Er.</strong></span> <span class='ocrx_word' id='word_1_952' title='bbox 2129 5675 2181 5716; x_wconf 91' lang='lat' dir='ltr'><strong>et</strong></span> <span class='ocrx_word' id='word_1_953' title='bbox 2204 5661 2388 5737; x_wconf 42' lang='lat' dir='ltr'><strong>uasat</strong></span> <span class='ocrx_word' id='word_1_954' title='bbox 2415 5673 2547 5725; x_wconf 58' lang='lat' dir='ltr'><strong>Lor,</strong></span> <span class='ocrx_word' id='word_1_955' title='bbox 2569 5672 2631 5737; x_wconf 41' lang='lat' dir='ltr'><strong>‘ut</strong></span> <span class='ocrx_word' id='word_1_956' title='bbox 2660 5666 2712 5736; x_wconf 78' lang='lat' dir='ltr'><strong>in</strong></span> <span class='ocrx_word' id='word_1_957' title='bbox 2735 5662 2909 5737; x_wconf 59' lang='lat' dir='ltr'><strong>secanto</strong></span> <span class='ocrx_word' id='word_1_958' title='bbox 2926 5663 3015 5715; x_wconf 86' lang='lat' dir='ltr'><strong>isto</strong></span> <span class='ocrx_word' id='word_1_959' title='bbox 3037 5661 3262 5737; x_wconf 48' lang='lat' dir='ltr'><strong>ﬂoreres,</strong></span> <span class='ocrx_word' id='word_1_960' title='bbox 3278 5667 3325 5713; x_wconf 86' lang='lat' dir='ltr'><strong>et</strong></span> <span class='ocrx_word' id='word_1_961' title='bbox 3358 5661 3412 5715; x_wconf 74' lang='lat' dir='ltr'><strong>in</strong></span> 
     </span>
    </p>
   </div>
   <div class='ocr_carea' id='block_1_119' title="bbox 1821 5726 3411 5856">
    <p class='ocr_par' dir='ltr' id='par_1_119' title="bbox 1821 5726 3411 5856">
     <span class='ocr_line' id='line_1_119' title="bbox 1821 5726 3411 5799; baseline 0.001 -18"><span class='ocrx_word' id='word_1_962' title='bbox 1821 5730 1984 5794; x_wconf 81' lang='lat' dir='ltr'><strong>futuro</strong></span> <span class='ocrx_word' id='word_1_963' title='bbox 2006 5736 2166 5789; x_wconf 82' lang='lat' dir='ltr'><strong>postea</strong></span> <span class='ocrx_word' id='word_1_964' title='bbox 2204 5728 2257 5780; x_wconf 81' lang='lat' dir='ltr'><strong>in</strong></span> <span class='ocrx_word' id='word_1_965' title='bbox 2292 5726 2482 5793; x_wconf 79' lang='lat' dir='ltr'><strong>inferno</strong></span> <span class='ocrx_word' id='word_1_966' title='bbox 2511 5727 2784 5781; x_wconf 64' lang='lat' dir='ltr'><strong>ndserrime</strong></span> <span class='ocrx_word' id='word_1_967' title='bbox 2816 5726 3149 5793; x_wconf 63' lang='lat' dir='ltr'><strong>torquereiis?</strong></span> <span class='ocrx_word' id='word_1_968' title='bbox 3330 5737 3411 5793; x_wconf 60' lang='lat' dir='ltr'><strong>at;</strong></span> 
     </span>
     <span class='ocr_line' id='line_1_120' title="bbox 1822 5791 2833 5856; baseline -0.001 -13"><span class='ocrx_word' id='word_1_969' title='bbox 1822 5792 1939 5843; x_wconf 77' lang='lat' dir='ltr'><strong>ntali</strong></span> <span class='ocrx_word' id='word_1_970' title='bbox 1958 5791 2147 5856; x_wconf 78' lang='lat' dir='ltr'><strong>ﬂorent.</strong></span> <span class='ocrx_word' id='word_1_971' title='bbox 2169 5798 2267 5844; x_wconf 80' lang='lat' dir='ltr'><strong>etc.</strong></span> <span class='ocrx_word' id='word_1_972' title='bbox 2830 5808 2833 5813; x_wconf 95' lang='grc'>·</span> 
     </span>
    </p>
   </div>
   <div class='ocr_carea' id='block_1_120' title="bbox 3470 740 3482 949">
    <p class='ocr_par' dir='ltr' id='par_1_120' title="bbox 3470 740 3482 949">
     <span class='ocr_line' id='line_1_121' title="bbox 3470 740 3482 949; baseline 0 0"><span class='ocrx_word' id='word_1_973' title='bbox 3470 740 3482 949; x_wconf 63' lang='grc' dir='ltr'><strong>ι</strong></span> 
     </span>
    </p>
   </div>
  </div>
