3950 6432
565 381 666 440 £9!

565 591 868 662 colligatur,
915 605 1074 661 quam
1111 587 1436 660 ingrediatur
1476 587 1528 642 in
1576 585 1847 641 horreum.
1878 581 2156 652 Quomodo

568 693 747 736 autem
797 681 918 742 hoc,
957 679 1167 746 fratres,
1205 678 1446 734 die-unus
1491 674 1768 732 attendite.
1814 673 1991 731 Gratia
2032 687 2156 731 cum

569 773 833 842 (πωροι-ἱππ
861 771 1118 834 triturari,
1151 771 1290 825 inter
1321 770 1500 840 paleas
1523 769 1631 840 jam
1661 783 1721 824 se
1759 782 1865 822 non
1892 775 2111 837 tangunt
2138 781 2156 831 ;

571 867 640 919 ita
668 864 818 934 quasi
847 877 906 919 se
948 879 1054 918 non
1085 871 1367 924 noverunt,
1409 863 1533 932 qu‘a
1578 859 1863 915 intercedit
1886 857 2062 928 palea.
2091 858 2159 914 Et

569 958 896 1026 quicumque
944 955 1154 1027 longius
1205 954 1433 1010 attendit
1473 969 1676 1019 arcam,
1729 954 1933 1024 paleam
1987 951 2158 1007 solam

571 1056 720 1115 putat
747 1063 759 1098 :
793 1045 894 1100 nisi
926 1046 1234 1118 diligentius
1278 1047 1566 1109 intueatur.
1615 1045 1715 1100 nisi
1748 1058 1961 1100 manum
1989 1043 2157 1115 porri.

568 1151 678 1206 gat.
705 1139 806 1192 nisi
835 1139 1027 1207 spiritu
1054 1139 1184 1199 oris.
1217 1137 1269 1192 id
1293 1146 1397 1201 est,
1430 1135 1557 1192 flatu
1584 1146 1843 1208 purgante
1866 1135 2157 1197 discernat.

569 1228 789 1283 difficile
839 1228 1078 1298 pervenit
1133 1227 1199 1282 ad
1241 1228 1618 1284 discretionem
1667 1242 1976 1298 granorum.
2022 1225 2163 1296 Ergo

568 1319 858 1391 aliquando
885 1329 940 1374 et
981 1321 1094 1388 ipsa
1123 1334 1287 1390 grana
1331 1320 1402 1374 ila
1431 1327 1577 1382 sunt,
1609 1318 1759 1389 quasi
1807 1317 2051 1388 scjuncta
2092 1315 2162 1370 ab

573 1412 826 1476 invicem.
858 1421 913 1466 et
951 1428 1057 1467 non
1096 1427 1156 1468 se
1191 1413 1480 1483 tangentia,
1519 1424 1577 1467 ut
1621 1420 1768 1481 putet
1795 1412 2163 1483 unusquisque

572 1521 696 1560 eum
719 1504 1024 1576 profecerit,
1054 1504 1194 1575 quod
1220 1506 1365 1560 solus
1393 1506 1481 1560 sit.
1511 1505 1634 1560 Ilmc
1654 1505 1922 1576 cogitatio,
1951 1504 2160 1570 fratres,

575 1597 749 1654 Eliam
782 1599 1023 1665 tentavit,
1067 1608 1268 1654 tantum
1313 1599 1483 1654 virum
1513 1598 1602 1668 (lll
1634 1598 1760 1670 Reg.
1799 1613 1912 1663 xu,
1949 1598 2041 1668 10)
2066 1616 2080 1663 ;
2109 1607 2164 1654 et

575 1687 710 1743 dixit
738 1688 804 1742 ad
835 1688 1023 1757 Deum,
1053 1689 1189 1745 sicut
1219 1691 1379 1745 etiam
1419 1689 1708 1761 Apostolus
1733 1699 2118 1747 commemorat
2146 1706 2160 1744 :

574 1778 865 1850 Prophetas
906 1790 1018 1834 (nos
1059 1781 1368 1848 occiderunt,
1401 1780 1587 1836 altaria
1625 1791 1712 1835 tua
1751 1780 2088 1848 su/I‘odernnt,
2119 1789 2166 1835 et

573 1887 667 1943 ego
696 1872 915 1926 remansi
940 1873 1096 1939 solus,
1126 1881 1173 1927 et
1196 1883 1428 1943 quierunt
1448 1873 1673 1927 animam
1699 1889 1880 1926 meam.
1905 1871 2011 1927 Sed
2041 1871 2167 1942 quid

572 1964 691 2018 dicit
715 1963 791 2019 illi
815 1980 1113 2035 responsum
1135 1965 1402 2018 divinum?
1427 1963 1628 2035 Reliqui
1653 1963 1777 2017 milii
1795 1975 1983 2034 septem
2004 1963 2166 2017 millia

574 2057 815 2122 virorum,
840 2057 929 2128 qui
949 2073 1050 2111 non
1075 2069 1404 2112 curvaverant
1425 2074 1588 2130 genua
1610 2067 1727 2112 ante
1741 2057 1874 2111 Baal
1893 2057 2070 2126 (Rom.
2089 2071 2162 2122 st,

572 2147 762 2219 5e”).
790 2147 906 2203 Non
931 2147 1066 2203 dixit
1089 2148 1167 2203 ci:
1187 2147 1363 2204 IIabes
1389 2149 1523 2203 alios
1548 2149 1685 2204 duos
1713 2157 1805 2203 aut
1830 2158 1940 2203 tres
1965 2148 2168 2202 similes

579 2240 696 2296 tibi.
727 2239 866 2304 Noli,
911 2239 1102 2310 inquit,
1143 2249 1328 2310 putare
1356 2248 1408 2294 te
1452 2240 1647 2295 solum.
1693 2240 1829 2305 Alia,
1863 2239 2052 2309 inquit,
2082 2253 2166 2293 se-

575 2342 726 2403 ptem
754 2333 914 2388 millia
954 2342 1099 2400 sunt,
1127 2340 1180 2388 ct
1204 2333 1375 2389 solum
1407 2341 1460 2388 te
1491 2333 1674 2402 putas!
1706 2332 1884 2402 Itaque
1914 2332 2015 2387 hoc
2042 2331 2166 2387 bre-

573 2426 714 2481 viter
740 2424 1097 2496 prmeipimus,
1129 2432 1186 2479 ut
1225 2424 1405 2480 dicere
1441 2438 1730 2494 «cperam.
1773 2422 2015 2478 lutendat
2052 2437 2165 2477 me-

575 2530 698 2572 cum
730 2516 962 2572 fraterna
985 2514 1252 2572 Sanctitas
1278 2515 1489 2583 Vestra,
1530 2523 1587 2571 et
1626 2513 1766 2570 adsit
1804 2513 2168 2568 misericordia

575 2607 673 2663 Dei
701 2608 754 2663 in
781 2607 1032 2664 cordibus
1056 2607 1274 2673 nostris,
1305 2615 1363 2660 ut
1403 2607 1482 2662 sic
1505 2621 1534 2660 a
1557 2605 1708 2661 vobis
1735 2603 2081 2674 intelligatur,
2113 2612 2169 2658 ut

575 2698 882 2763 fructilicet,
906 2698 1034 2755 etin
1056 2698 1211 2754 vobis
1225 2707 1494 2769 operetur.
1520 2696 1712 2752 Audite
1729 2694 1992 2752 breviter:
2012 2693 2168 2762 Quis-

575 2794 698 2864 quis
735 2793 911 2849 adhttc
956 2792 1130 2848 malus
1172 2800 1274 2858 est,
1321 2806 1426 2846 non
1471 2799 1621 2860 putet
1663 2789 1930 2845 neminem
1971 2789 2168 2844 bonum

575 2899 698 2941 esse
728 2884 1005 2956 :quisquis
1029 2883 1202 2939 bonus
1234 2892 1337 2949 est,
1368 2897 1473 2937 non
1499 2889 1649 2951 putet
1679 2896 1737 2936 se
1766 2880 1939 2936 solum
1971 2880 2170 2934 bonum

575 2991 718 3035 esse.
759 2975 978 3034 Tenetis
1025 2975 1167 3032 hoc?
1200 2975 1341 3031 Ecce
1377 2984 1584 3046 repeto,
1616 2974 1792 3030 videte
1837 2975 1959 3044 quia
2003 2973 2167 3029 dico:

575 3069 832 3138 Quisquis
861 3067 1032 3123 malus
1057 3075 1160 3134 est,
1204 3067 1539 3136 interrogans
1567 3065 1952 3120 conscientiam
1993 3078 2166 3131 suam,

578 3170 636 3216 et
659 3160 798 3215 male
821 3160 923 3216 sibi
951 3160 1285 3226 renuntians,
1318 3173 1424 3213 non
1459 3157 1745 3213 arbitretur
1776 3157 2041 3212 neminem
2073 3158 2170 3212 bo-

580 3269 709 3308 num
736 3267 857 3308 esse
883 3269 898 3306 :
926 3252 1166 3322 quisquis
1202 3251 1374 3307 bonus
1398 3259 1501 3316 est,
1534 3265 1642 3306 non
1670 3249 1957 3306 arbitretur
1984 3265 2042 3305 se
2071 3263 2163 3304 so-

578 3344 690 3400 lum
745 3345 942 3400 bonum
993 3357 1146 3409 esse;
1199 3352 1254 3398 et
1304 3357 1410 3397 non
1460 3343 1642 3397 timeat
1687 3342 1861 3398 bonus
1910 3341 1961 3395 in
2016 3355 2171 3396 com-

579 3438 841 3492 mixtione
879 3436 1163 3503 malorum,
1213 3435 1335 3505 quia
1363 3434 1539 3490 veniet
1577 3443 1787 3504 tempus
1817 3443 1875 3489 ut
1917 3433 2040 3489 inde
2081 3448 2170 3489 se-

585 3538 861 3598 gregetur.
896 3527 976 3582 Ad
1007 3525 1109 3582 hoc
1135 3526 1277 3583 enim
1308 3526 1468 3582 hodie
1495 3527 1844 3589 cantavimus,
1880 3523 1962 3581 Ne
1988 3527 2172 3597 perdas

581 3636 698 3675 cum
731 3619 900 3690 impiis
928 3622 1151 3673 animam
1181 3636 1362 3684 meam,
1392 3629 1439 3673 et
1467 3634 1581 3673 cum
1617 3618 1737 3672 ciris
1761 3617 2064 3686 sanguinum
2092 3618 2172 3672 vi-

582 3723 688 3768 tam
722 3727 904 3766 meam.
935 3710 1072 3780 Quid
1099 3711 1239 3765 enim
1268 3721 1369 3776 est,
1403 3708 1485 3764 Ne
1507 3726 1623 3764 cum
1652 3710 1820 3780 impiis
1849 3709 2032 3780 perdas
2053 3710 2078 3764 ἶ)
2096 3709 2174 3766 Ne

586 3804 744 3857 simul
776 3803 988 3873 perdas.
1023 3801 1198 3868 Quare
1242 3802 1394 3856 timet
1431 3817 1499 3856 ne
1540 3799 1697 3854 simul
1739 3798 1964 3870 perdat?
2005 3799 2174 3856 Video

582 3895 725 3950 enim
755 3893 953 3948 dictum
991 3892 1118 3956 Deo,
1151 3892 1271 3962 quia
1297 3892 1456 3947 modo
1480 3891 1640 3946 Stmul
1671 3906 1768 3944 nos
1795 3891 2012 3960 pateris,
2037 3905 2174 3961 quos

581 3985 779 4058 pateris
807 3984 990 4049 simul,
1027 3983 1132 4038 noli
1171 3983 1393 4053 perdere
1415 3982 1593 4037 simul.
1623 3982 1691 4037 Et
1717 3981 1818 4037 hoc
1847 3980 2007 4037 habet
2032 3991 2176 4037 totus

582 4077 843 4148 psalmus,
882 4090 1043 4147 quem
1073 4075 1193 4130 volo
1229 4074 1462 4130 breviter
1501 4088 1626 4130 cum
1660 4072 1958 4130 Sanctitate
1985 4073 2173 4131 Vestra

581 4169 942 4234 considerare,
971 4167 1092 4238 quia
1125 4165 1297 4222 brevis
1329 4175 1430 4222 est.

654 4260 709 4314 6.
753 4257 904 4331 [vers.
944 4256 1024 4330 I.]
1061 4255 1252 4310 Judiea
1280 4273 1379 4324 me,
1420 4256 1639 4310 Domine
1665 4273 1684 4310 :
1708 4257 1932 4312 molesta
1969 4264 2091 4311 vota
2120 4266 2174 4312 et

582 4351 737 4423 quasi
777 4349 1074 4419 periculosa
1118 4349 1300 4418 Optat‘
1346 4347 1468 4412 sibi,
1509 4357 1567 4403 ut
1595 4347 1886 4417 iudicetur.
1927 4347 2063 4416 Quid
2091 4357 2176 4404 est

581 4441 807 4514 iudicari
833 4440 976 4511 quod
1005 4441 1195 4510 optat?
1236 4439 1472 4494 Discerni
1514 4455 1574 4494 se
1603 4447 1808 4509 optata
1851 4439 2027 4495 malis.
2055 4441 2176 4496 Alio

584 4535 709 4589 loco
733 4532 1010 4588 evidenter
1035 4530 1168 4586 dicit
1191 4529 1261 4586 de
1303 4530 1420 4601 ipso
1443 4530 1644 4602 judicio
1669 4530 2006 4588 discretionis
2035 4550 2048 4587 :
2075 4530 2176 4586 Ju-

583 4627 700 4681 dica
729 4641 830 4691 me,
859 4623 1097 4687 Domine,
1142 4632 1189 4678 et
1229 4623 1460 4679 discerne
1486 4641 1692 4679 causam
1737 4642 1902 4681 meam
1938 4628 2001 4682 de
2031 4638 2177 4699 gente

584 4734 690 4772 non
726 4725 904 4772 sancta
934 4716 1108 4788 (Psal.
1139 4731 1272 4782 xui,
1304 4717 1382 4787 1).
1419 4717 1663 4774 Ostendit
1688 4719 1814 4789 quid
1840 4719 2051 4788 dixerit,
2077 4719 2178 4776 Ju-

585 4811 700 4863 dica
725 4825 744 4864 :
774 4823 842 4863 ne
870 4816 1118 4880 tauquam
1147 4808 1262 4864 sine
1282 4807 1484 4878 judicio
1515 4809 1666 4880 (quia
1692 4809 1852 4866 modo
1881 4820 1938 4868 et
1971 4812 2096 4868 boui
2123 4823 2178 4870 et

585 4901 710 4956 mali
743 4900 942 4956 intrant
982 4899 1035 4955 in
1077 4899 1396 4972 Ecclesium)
1439 4911 1496 4956 et
1537 4899 1662 4957 boni
1700 4910 1758 4959 et
1799 4904 1922 4958 mali
1959 4915 2084 4960 eant
2123 4908 2175 4962 in

586 4995 762 5064 ignem
799 5001 1080 5048 internum.
1127 4992 1320 5047 Jndica
1361 5009 1460 5060 me,
1510 4993 1750 5051 Domine.
1795 4995 2008 5064 Quare?
2039 4997 2179 5064 Quo-

585 5087 724 5140 niam
773 5099 866 5156 ego
907 5084 961 5138 in
999 5085 1286 5139 innocentia
1333 5101 1446 5140 mea
1473 5086 1746 5152 ambulavi,
1787 5097 1831 5141 et
1873 5089 1927 5142 in
1958 5087 2177 5145 Domino

583 5195 795 5246 sperans
835 5194 937 5233 non
976 5178 1230 5233 movebar.
1261 5177 1398 5246 Quid
1439 5187 1543 5244 est,
1571 5179 1626 5234 in
1667 5177 1888 5235 Domino
1926 5182 2178 5250 sperans?

587 5272 678 5326 Ille
719 5272 864 5326 enim
915 5270 1107 5325 titubat
1150 5270 1288 5326 inter
1330 5270 1519 5336 malos,
1565 5272 1654 5342 qui
1708 5287 1814 5328 non
1856 5273 1910 5327 in
1951 5273 2180 5330 Domino

586 5371 802 5432 sperat;
847 5361 976 5416 hinc
1034 5359 1231 5416 factum
1277 5369 1360 5416 est
1415 5370 1473 5416 ut
1522 5361 1807 5418 schismata
1863 5363 2176 5434 Iicrent(a).

546 5492 557 5526 ι
587 5453 1012 5523 'I‘rcpidaverunt
1051 5453 1191 5508 inter
1225 5454 1414 5516 malos,
1443 5469 1565 5512 cum
1605 5454 1704 5525 ipsi
1736 5455 1946 5525 pejores
1975 5464 2177 5523 essent,

588 5557 640 5600 et
675 5547 823 5618 quasi
855 5546 1058 5602 nollent
1082 5561 1204 5603 esse
1230 5545 1356 5602 boni
1382 5547 1522 5602 inter
1543 5545 1736 5601 malos.
1769 5545 1814 5602 0
1843 5548 1888 5601 si
1914 5546 2180 5602 frumenta

519 5631 556 5655 ν
589 5651 788 5702 essent.
818 5655 984 5713 usque
1009 5640 1076 5695 ad
1105 5650 1316 5713 tempus
1343 5641 1704 5699 ventilationis
1734 5640 1938 5712 paleam
1969 5641 2023 5697 in
2054 5655 2180 5697 area

655 5772 675 5837 ξ
700 5749 921 5837 ριοιοὶιιιιο
943 5778 1075 5833 Mss,
1093 5779 1220 5825 orat.

652 5832 730 5896 (α)
750 5832 919 5890 conus
936 5832 1222 5889 Donatista.

1765 375 1826 433 S.
1865 366 2233 432 AUGUSTINI
2271 367 2578 430 EPISCOPI

566 512 697 554 res:
725 511 797 554 ne
849 505 1047 569 prmter
1089 509 1270 552 aream
1316 493 1588 560 inventus,
1639 489 1788 562 prius
1839 490 1909 545 ab
1967 488 2154 544 avibus
2199 509 2226 570 λ

3747 381 3827 438 191

2267 487 2578 546 tolerarent.
2619 489 2726 547 Sed
2751 492 2875 562 quia
2921 491 3069 564 palea
3108 502 3281 558 erant,
3317 490 3474 546 ﬂavit
3503 501 3687 549 ventus
3721 508 3819 554 ante

2267 581 2436 652 ipsam
2477 583 2901 648 ventilationcm,
2947 595 3000 640 et
3045 584 3220 655 rapuit
3251 583 3325 640 de
3372 599 3500 640 area
3532 586 3742 656 paleam.
3781 599 3822 645 et

2267 674 2488 744 proiecit
2514 676 2564 729 in
2593 677 2796 746 spinas.
2824 675 2894 731 Et
2919 676 3066 748 palea
3093 675 3310 746 quidem
3339 676 3472 731 inde
3495 677 3713 748 proiecta
3729 693 3817 736 est:
3848 719 3853 736 ς

2265 763 2360 821 sed
2391 767 2646 837 nttmquid
2673 767 2814 838 quod
2858 769 3114 822 remansit
3154 768 3492 823 frumentum
3535 769 3698 824 solum
3733 775 3824 827 est?

2265 855 2382 913 Non
2413 857 2555 913 volat
2583 868 2706 914 ante
2737 858 3131 914 ventilationem
3160 858 3260 914 nisi
3294 860 3478 928 palea,
3511 871 3735 915 remanet
3755 878 3824 915 au-

2267 957 2377 1004 tem
2419 960 2471 1004 et
2499 948 2820 1006 frumentum
2863 960 2918 1006 et
2947 951 3134 1021 palea;
3181 951 3544 1006 ventilabitut'
3567 966 3687 1006 vero
3709 953 3825 1021 palea

2267 1058 2388 1098 cum
2433 1043 2640 1098 venerit
2686 1051 2898 1112 tempus
2938 1044 3322 1098 ventilationis.
3377 1041 3499 1097 lloe
3545 1042 3675 1097 dixit
3713 1043 3822 1098 istc:

2268 1134 2336 1190 In
2364 1135 2650 1190 innocentia
2679 1151 2788 1190 mea
2811 1133 3083 1202 ambulavi,
3109 1143 3156 1189 et
3185 1134 3237 1189 in
3264 1133 3499 1189 Domino
3529 1150 3728 1204 sperans
3751 1151 3824 1188 non

2267 1229 2517 1283 merebor.
2560 1228 2616 1284 Si
2653 1230 2794 1284 enim
2822 1242 3106 1299 speravero
3145 1228 3198 1283 in
3229 1227 3480 1293 hotnine,
3509 1229 3712 1283 visurus
3739 1244 3824 1282 sum

2269 1318 2495 1375 fortasse
2538 1320 2714 1389 ipsum
2751 1319 3021 1376 hominem
3058 1320 3346 1390 aliquando
3392 1321 3537 1375 male
3576 1320 3822 1385 viventem,

2268 1425 2370 1467 nec
2410 1425 2506 1466 cas
2536 1413 2648 1466 vias
2676 1419 2970 1476 tenentem,
2999 1427 3133 1482 quas
3160 1411 3246 1466 vel
3275 1410 3476 1466 didicit
3515 1411 3599 1465 τρι
3628 1410 3762 1467 docet
3785 1413 3823 1466 in
3904 1447 3905 1482 1

2271 1501 2506 1558 Ecclesia
2550 1503 2736 1570 bonas,
2782 1503 2875 1558 sed
2918 1519 3052 1574 qttas
3091 1503 3306 1558 diabolo
3356 1503 3591 1557 docente
3635 1513 3824 1560 sectatus

2268 1602 2385 1659 est;
2414 1603 2468 1650 et
2495 1595 2617 1665 quia
2662 1609 2788 1666 spes
2822 1610 2939 1652 mea
2973 1595 3028 1651 in
3055 1595 3271 1651 homine
3304 1595 3436 1659 erit,
3469 1595 3719 1650 titubante
3751 1596 3822 1649 ιιο.

2269 1685 2413 1742 mine
2449 1686 2693 1742 titubabit
2739 1701 2865 1757 spes
2902 1702 3042 1751 mea,
3089 1695 3145 1742 et
3183 1686 3418 1742 etdente
3460 1686 3674 1742 homine
3703 1688 3821 1743 cadet

2269 1791 2394 1847 spes
2443 1792 2604 1833 mea:
2637 1778 2761 1850 quia
2807 1793 2938 1834 vero
2977 1779 3029 1834 in
3071 1777 3296 1834 Domino
3337 1791 3543 1848 spero,
3597 1792 3697 1832 non
3739 1793 3823 1832 mo-

2269 1869 2454 1925 vehor.

2339 1961 2394 2016 7.
2435 1957 2585 2035 [oers.
2614 1959 2696 2036 2.]
2735 1961 3005 2034 Sequitur,
3037 1960 3206 2016 Proba
3242 1978 3346 2027 me,
3379 1960 3622 2026 Domine,
3661 1967 3702 2014 et
3723 1967 3824 2014 lenis

2270 2073 2386 2120 me;
2412 2073 2502 2112 ure
2525 2073 2671 2112 renes
2704 2074 2840 2112 meos
2865 2067 2910 2112 et
2949 2073 3040 2112 cor
3073 2073 3259 2111 meum.
3290 2055 3438 2125 Quid
3468 2063 3571 2122 est,
3600 2069 3685 2108 ure
3714 2069 3822 2107 rem

2270 2166 2406 2205 meos
2432 2161 2480 2204 et
2507 2167 2597 2205 cor
2624 2151 2827 2205 meum?
2855 2150 2958 2207 Ure
2984 2149 3375 2206 delectationes
3402 2164 3576 2212 meas,
3600 2163 3687 2205 ure
3709 2149 3822 2218 cogi-

2273 2243 2502 2298 tationes
2528 2257 2674 2299 meas
2707 2243 2837 2315 (cor
2862 2258 2959 2314 pro
2983 2243 3426 2314 cogitationibus,
3471 2256 3628 2299 renes
3647 2257 3729 2312 pro
3751 2244 3818 2296 de-

2271 2333 2647 2390 lectationibus
2700 2333 2900 2407 posuit)
2957 2349 3023 2389 ne
3071 2334 3268 2405 aliquid
3318 2333 3452 2389 mali
3501 2336 3734 2404 cogitem.
3775 2345 3821 2385 ne

2271 2424 2467 2496 aliquid
2518 2425 2639 2480 mali
2686 2440 2772 2480 me
2814 2423 3064 2481 delectet.
3106 2423 3258 2481 Unde
3305 2435 3494 2480 autem
3545 2439 3663 2479 ures
3703 2435 3820 2478 renes

2272 2514 2460 2570 meos?
2489 2513 2613 2586 Igne
2638 2516 2787 2571 verbi
2821 2517 2918 2570 tui.
2949 2513 3102 2572 Unde
3132 2530 3256 2571 ures
3283 2530 3385 2571 cor
3431 2514 3651 2572 meum?
3673 2512 3820 2569 Calor:

2273 2609 2495 2680 spiritus
2523 2610 2620 2663 tui.
2666 2609 2742 2664 De
2781 2623 2890 2680 quo
2917 2609 3097 2665 calore
3126 2608 3252 2664 alibi
3280 2607 3490 2664 dicitur
3513 2625 3527 2663 :
3554 2606 3617 2661 Et
3653 2622 3738 2661 non
3769 2614 3819 2659 est

2272 2702 2358 2771 qui
2401 2717 2455 2756 se
2491 2701 2766 2756 abscondat
2801 2718 2834 2754 a
2859 2702 3032 2756 calore
3071 2699 3380 2773 ejus(l’sal.
3414 2715 3567 2766 svtu,
3594 2699 3646 2768 7)
3675 2696 3820 2754 :ctde

2272 2808 2380 2864 quo
2423 2794 2543 2863 igne
2583 2793 2842 2850 Dominus
2868 2792 2997 2850 dicit
3027 2811 3041 2847 :
3069 2791 3252 2865 Ignem
3284 2793 3405 2848 aeni
3447 2792 3640 2847 mittere
3673 2789 3720 2844 in
3748 2797 3818 2842 ter-

2272 2904 2384 2942 ram
2415 2887 2566 2959 (Luc.
2600 2904 2692 2952 ιιι,
2727 2887 2843 2961 49).

2345 2980 2400 3035 8.
2433 2976 2594 3052 [vers.
2625 2978 2713 3053 5.]
2755 2979 2898 3050 Ergo
2926 2978 3202 3050 sequitur,
3233 2977 3497 3045 Quoniam
3527 2974 3816 3032 misericordis

2275 3080 2363 3124 tua
2385 3080 2503 3124 ante
2526 3069 2700 3124 oculos
2739 3086 2874 3124 meos
2903 3079 3009 3137 est,
3039 3082 3084 3124 et
3110 3071 3402 3140 complacui
3429 3072 3485 3125 in
3516 3069 3708 3124 veritate
3729 3075 3817 3119 tu:

2276 3159 2381 3216 hoc
2405 3170 2505 3226 est,
2537 3177 2643 3216 non
2675 3161 2726 3216 in
2755 3159 2970 3216 homine
2994 3161 3317 3231 complacui,
3346 3161 3444 3218 sed
3471 3162 3609 3216 intus
3629 3155 3817 3224 compla-

2275 3255 2361 3309 cui
2391 3253 2505 3322 tibi,
2538 3255 2627 3310 ubi
2657 3263 2710 3309 tu
2735 3253 2920 3320 vides;
2946 3264 3003 3308 et
3030 3269 3138 3309 non
3166 3255 3330 3312 timeo
3359 3254 3408 3310 si
3438 3253 3728 3324 displiceam
3750 3244 3816 3301 ubi

2276 3347 2520 3403 homines
2564 3347 2781 3416 vident,
2836 3347 2974 3402 sicut
3015 3348 3089 3403 ait
3131 3347 3457 3419 Apostolus,
3513 3345 3651 3416 Opus
3691 3350 3815 3396 autem

2275 3455 2422 3493 suum
2454 3439 2628 3509 probet
2658 3439 3016 3510 unusquisque,
3064 3448 3111 3493 ct
3139 3448 3256 3494 tunc
3292 3440 3349 3495 in
3378 3435 3641 3504 semetipso
3666 3441 3815 3488 tantum

2276 3531 2472 3586 habebit
2499 3531 2738 3602 gloriam,
2768 3541 2814 3586 et
2845 3547 2946 3585 non
2974 3532 3028 3586 in
3053 3532 3214 3586 altero
3244 3529 3390 3603 (Gal.
3420 3547 3495 3595 Vl,
3525 3529 3601 3600 ι).

2347 3625 2399 3680 9.
2435 3622 2599 3698 [vers.
2623 3624 2679 3690 4,
2700 3623 2790 3698 5.]
2825 3623 2946 3679 Non
2990 3625 3131 3690 sedi,
3160 3625 3365 3695 inquit,
3395 3639 3510 3678 cum
3544 3618 3735 3674 concilio
3753 3629 3814 3667 ra-

2275 3717 2469 3771 nilatis.
2519 3716 2633 3772 lloc
2661 3716 2786 3786 quid
2817 3725 2936 3783 est,
2980 3715 3102 3770 Non
3143 3716 3250 3770 sedi
3273 3758 3285 3780 ,
3332 3715 3574 3771 intendat
3601 3711 3815 3766 Sanctitas

2277 3807 2489 3864 Vestra.
2509 3808 2789 3874 Quomodo
2807 3809 2948 3864 videt
2965 3809 3128 3875 Deus,
3149 3807 3280 3863 dicit
3300 3825 3403 3862 non
3425 3807 3549 3861 sedi.
3572 3795 3812 3871 Aliquando

2284 3917 2390 3957 non
2418 3917 2476 3958 es
2499 3902 2552 3958 in
2582 3903 2831 3968 concilio,
2855 3912 2910 3957 et
2938 3903 3008 3958 ibi
3036 3902 3212 3959 sedes.
3234 3900 3401 3958 Verbi
3430 3899 3612 3972 gratia,
3636 3899 3679 3950 iu
3704 3893 3813 3946 thea-

2278 4003 2362 4050 tro
2408 4011 2514 4050 non
2565 3995 2757 4059 sedes,
2805 3994 2899 4050 sed
2945 3994 3146 4065 cogitas
3195 3994 3487 4058 theatriea,
3520 3999 3686 4046 contra
3725 3994 3811 4051 qum

2279 4087 2479 4143 dictum
2507 4096 2620 4154 est,
2657 4087 2760 4141 Ure
2789 4103 2929 4141 renes
2951 4102 3127 4141 meos:
3157 4087 3227 4142 ibi
3258 4086 3418 4143 sedes
3447 4082 3641 4146 corde,
3666 4088 3810 4147 quatu-

2277 4180 2360 4234 vis
2387 4195 2492 4234 non
2520 4179 2594 4234 sis
2623 4179 2694 4233 ibi
2727 4193 2974 4248 corpore.
3006 4178 3286 4248 Contingat
3327 4187 3506 4233 autem
3536 4185 3589 4229 ut
3630 4161 3809 4227 tenearis

2280 4271 2349 4326 ab
2372 4273 2573 4342 aliquo,
2601 4282 2655 4326 et
2684 4271 2754 4327 ibi
2779 4269 3075 4342 eolligcris,
3102 4277 3192 4325 aut
3217 4271 3435 4341 aliquod
3463 4267 3677 4324 oflieiutn
3699 4257 3808 4328 pium

2282 4364 2438 4418 faciat
2487 4373 2538 4418 te
2582 4363 2653 4418 ibi
2692 4363 2900 4418 sedere.
2942 4362 3223 4428 Quomodo
3261 4372 3440 4432 potest
3482 4361 3578 4414 hoc
3602 4342 3807 4410 evenire?

2279 4454 2552 4525 Contingit
2577 4470 2647 4511 ex
2667 4455 2844 4510 officio
2867 4455 3076 4524 pictatis
3098 4464 3157 4509 ut
3184 4469 3342 4511 servo
3363 4455 3457 4510 Dei
3487 4451 3553 4507 :it
3575 4440 3807 4504 necessitas

2282 4548 2335 4602 in
2375 4546 2768 4617 amphitheatro
2797 4561 2953 4611 esse;
2986 4545 3216 4601 liberare
3240 4545 3451 4600 volebat
3490 4537 3657 4597 nescio
3688 4537 3804 4600 quem

2280 4640 2648 4712 gladiatorem,
2685 4638 2796 4693 fieri
2838 4647 3018 4708 posset
3067 4647 3123 4692 ut
3160 4637 3392 4703 sederet,
3438 4643 3490 4690 et
3535 4623 3805 4696 exspectaui

2280 4733 2453 4789 donec
2495 4732 2582 4786 ille
2612 4733 2784 4786 exiret
2831 4744 2987 4800 quem
3033 4731 3261 4785 liberare
3288 4727 3546 4798 cupiebat.
3588 4720 3801 4774 Eeccuou

2281 4824 2424 4881 sedit
2462 4824 2513 4880 in
2549 4823 2776 4878 concilio
2803 4822 3055 4877 vanitatis
3075 4863 3088 4888 ,
3120 4820 3360 4891 quamvis
3398 4817 3501 4872 illic
3528 4819 3725 4880 corpore
3744 4813 3798 4853 se-

2281 4916 2410 4972 dere
2439 4915 2729 4972 videretur.
2761 4914 2898 4982 Quid
2924 4923 3006 4967 est
3035 4912 3266 4967 sedere?
3295 4905 3602 4966 Consentire
3621 4913 3722 4953 cum
3748 4891 3800 4991 lus

2281 5011 2372 5081 qui
2401 5010 2468 5065 ibi
2495 5009 2682 5064 sedent
2713 5025 2725 5059 :
2758 4980 2902 5077 quod
2937 5007 2979 5060 si
3010 5019 3250 5077 praesens
3273 5019 3379 5058 non
3411 4996 3622 5058 feceris,
3651 5003 3733 5084 uolt
3755 4980 3800 5032 illi

2280 5080 2465 5157 sedisti
2496 5119 2509 5153 :
2539 5103 2582 5154 si
2609 5099 2802 5152 absens
2830 5097 3050 5164 feceris,
3091 5095 3276 5152 sedisti
3313 5095 3404 5149 ibi.
3445 5091 3505 5146 Et
3542 5100 3643 5141 cuin
3673 5080 3799 5142 inith

2283 5192 2566 5266 gerentibus
2591 5208 2690 5246 non
2717 5190 2932 5244 introibo
2963 5189 3062 5261 (a).
3096 5188 3228 5243 Odia
3255 5187 3406 5242 habni
3438 5170 3799 5252 congregationi?u

2348 5397 2420 5460 (a)
2445 5405 2540 5446 non
2565 5401 2913 5445 commemorat
2954 5392 3002 5442 id
3034 5390 3160 5455 qttod
3187 5389 3310 5441 forte
3330 5383 3513 5438 nonnisi
3538 5363 3798 5464 ιιοςεςοηίῖἓῖἷί

2358 5459 2557 5477 ι.--.ι--..
2600 5455 2853 5477 -..n...:..--...
2917 5456 2997 5477 ..t.:
3023 5454 3275 5477 “multa...
3298 5451 3474 5477 οιυιηυη
3493 5454 3592 5477 num
3607 5426 3797 5477 (XIJIOHUS

2281 5461 2334 5510 in
2351 5445 2575 5530 :Carthag.
2595 5455 2854 5530 collatione
2877 5491 2892 5512 ,
2917 5456 3000 5503 ubi
3023 5445 3276 5503 obtulisti:
3298 5445 3795 5530 sixlerp‘cl‘t‘tf‘ll

2284 5498 2852 5594 Masinissae;
2865 5498 3294 5594 ξρηεεξεειωρμφ
3316 5498 3794 5594 .i19t'“°‘l‘.f-‘i."il’.‘.’lfl'i‘$

2285 5565 2687 5648 ﬁrmissimi
2702 5565 2991 5641 respopsuln
3017 5575 3136 5636 fuit,
3163 5577 3193 5637 i;
3212 5589 3294 5626 sos
3311 5565 3427 5644 ergo
3441 5605 3457 5629 ν
3496 5565 3598 5648 (tu?
3617 5565 3732 5646 simf"
3749 5565 3794 5591 ¹¹¹’

2291 5648 2444 5664 __-___g
2470 5649 2598 5664 μη...
2648 5653 2876 5664 “mu-..”
2896 5642 2942 5664 ι..
2965 5639 3078 5664 :n...t
3132 5644 3178 5664 ,πα
3194 5650 3299 5664 λιι...
3321 5645 3479 5664 .mmm
3492 5612 3794 5664 nummi/«ww

2285 5624 3104 5720 Etesijésatﬁeca'sgéigtina;
3125 5624 3304 5720 λέξεωνε
3321 5624 3769 5720 templatim

2287 5683 2877 5788 nas:
2897 5683 3309 5788 δεῖδᾱξοεξεῖεί

2290 5747 3379 5830 BEh'ié'ééﬁﬂiii'ﬁéréjndwnin'ési.
3419 5751 3527 5807 vide
3553 5747 3631 5800 lib.
3669 5747 3730 5790 ω.

2288 5825 2832 5896 ωωροὲιοουειιῖ,
2853 5839 2899 5880 c.
2920 5825 2973 5880 5.
