3950 6406
52 2464 155 2507 +n-

121 362 249 422 193

122 477 505 548 malignorum.
532 473 739 531 Videtis
774 473 899 547 quia
925 474 1067 531 intus
1088 481 1191 530 est.
1220 473 1419 530 Etcum
1449 476 1617 546 impiis
1638 491 1740 530 non

122 569 351 624 sedebo.

212 660 309 716 10.
341 656 507 732 [rers.
532 655 625 732 6.]
651 655 854 713 Lauabo
885 656 938 711 in
974 657 1316 713 innocentibus
1344 674 1527 712 manus
1564 672 1743 712 meas:

126 768 251 807 non
282 767 422 822 aqua
472 752 574 807 ista
604 750 817 806 visibili.
854 749 1027 806 Lavas
1052 766 1262 816 manus,
1294 750 1507 821 quando
1535 750 1621 819 pie
1646 765 1743 805 co-

127 846 283 915 gitas
310 844 380 899 de
406 842 659 914 operibus
686 841 789 898 iiiis
812 881 830 909 ,
860 850 917 897 et
963 841 1277 897 innocenter
1308 842 1326 875 ⁸
1351 857 1534 898 coram
1574 842 1745 897 oculis

135 938 241 991 Dei
277 954 294 991 :
328 937 449 1006 quia
479 944 641 991 estet
665 935 833 992 altare
858 948 1038 990 coram
1066 934 1235 989 oculis
1263 935 1373 1000 Dei,
1404 950 1509 1005 quo
1540 934 1741 1007 ingrcs-

128 1042 237 1082 siis
276 1037 365 1084 est
391 1027 661 1089 sacerdos,
710 1026 800 1097 qui
844 1042 942 1097 pro
984 1026 1139 1082 nobis
1177 1040 1237 1083 se
1282 1027 1486 1098 primus
1530 1027 1742 1083 obtulit.

131 1119 241 1176 Est
279 1121 501 1176 cmlestc
538 1119 729 1184 altare,
758 1125 814 1174 et
854 1133 960 1174 non
1003 1117 1345 1189 amplectitur
1378 1118 1510 1174 illud
1553 1119 1741 1185 altare,

133 1212 252 1267 nisi
305 1212 395 1283 qni
442 1211 582 1266 lavat
625 1224 814 1266 manus
866 1210 919 1265 in
973 1209 1363 1266 innocentibus.
1413 1209 1545 1266 Nam
1592 1210 1743 1265 multi

135 1306 325 1362 altare
356 1305 455 1360 hoc
484 1312 705 1376 tangunt
730 1302 953 1374 indigni,
984 1313 1041 1358 et
1077 1304 1272 1359 tolerat
1301 1304 1441 1359 Deus
1465 1303 1571 1374 pati
1608 1303 1746 1377 inju-

138 1397 289 1451 riani
315 1397 382 1452 ad
412 1406 622 1468 tempus
645 1404 976 1451 sacramenta
1005 1410 1123 1450 sua.
1161 1394 1271 1451 Sed
1308 1395 1594 1467 numquid,
1635 1394 1745 1450 fra-

145 1500 273 1549 tres
297 1489 419 1556 inci,
449 1489 718 1562 quomodo
744 1498 868 1545 sunt
892 1489 1125 1559 parietes
1150 1489 1272 1555 isti,
1300 1488 1379 1545 sic
1403 1488 1505 1544 erit
1530 1489 1748 1545 Jerusa-

150 1583 272 1641 lem
310 1582 580 1642 cmlestis?
630 1581 746 1639 Non
794 1583 1064 1652 quomodo
1114 1582 1369 1652 reciperis
1416 1596 1539 1636 cum
1592 1582 1746 1638 malis

157 1675 301 1730 intra
330 1673 556 1744 parietes
584 1673 717 1730 istos
742 1672 1015 1739 ecclesiae,
1044 1675 1113 1729 ita
1141 1673 1421 1744 recipieris
1444 1688 1564 1729 cum
1592 1673 1746 1729 malis

168 1767 228 1822 in
252 1767 411 1821 sinuin
441 1764 667 1822 Abraha:
695 1782 709 1820 :
742 1779 847 1820 non
871 1780 1000 1836 ergo
1024 1765 1247 1830 timeas,
1276 1766 1390 1819 lava
1421 1779 1629 1820 manus.
1671 1762 1742 1819 Et

180 1858 473 1915 circuiiidabo
510 1860 671 1914 altare
705 1858 915 1913 Domini
949 1875 970 1914 :
1001 1858 1089 1913 ubi
1129 1858 1289 1914 oll'crs
1330 1868 1451 1914 vola
1492 1858 1740 1925 Domino,

184 1951 260 2005 ubi
288 1964 464 2020 preces
490 1949 698 2017 fundis,
725 1950 814 2005 ubi
854 1950 1179 2006 conscientia
1227 1960 1311 2005 tua
1347 1966 1475 2020 pura
1505 1959 1622 2018 est,
1653 1949 1746 2006 ubi

182 2044 302 2101 dicis
325 2044 429 2098 Deo
458 2044 549 2114 qui
579 2043 690 2108 sis;
730 2050 786 2099 et
812 2044 857 2097 si
888 2043 1086 2114 aliquid
1126 2054 1209 2099 est
1250 2044 1303 2097 in
1333 2052 1384 2099 te
1427 2042 1565 2099 forte
1601 2042 1747 2114 quod

182 2134 437 2201 displiceat
459 2135 568 2189 Deo
588 2175 604 2199 ,
633 2144 780 2189 curat
806 2134 893 2189 ille
921 2136 1005 2191 cui
1031 2133 1323 2190 confiteris.
1354 2133 1497 2190 Lava
1526 2148 1655 2206 ergo
1692 2134 1747 2189 in

177 2225 530 2282 innocentibus
558 2239 747 2281 manus
773 2234 909 2291 tuas,
940 2233 994 2281 et
1019 2224 1288 2281 circumda
1314 2226 1482 2282 altare
1509 2224 1743 2291 Domini,

188 2327 236 2372 ut
256 2318 428 2372 audias
452 2334 636 2376 vocem
665 2319 857 2376 laudis.

244 2410 323 2465 Il.
351 2408 510 2483 [uers.
533 2408 626 2483 7.]
656 2409 766 2465 lloc
787 2411 928 2466 enim
958 2411 1216 2481 sequitur,
1249 2410 1317 2468 Ut
1344 2411 1552 2467 audiam
1578 2425 1747 2467 uocem

183 2504 353 2571 laudis,
395 2514 439 2559 ct
479 2521 711 2559 enarrem
757 2504 988 2559 universa
1031 2504 1284 2559 mirabilia
1312 2515 1417 2559 tua.
1466 2504 1605 2573 Quid
1640 2513 1746 2569 est,

183 2594 245 2651 Ut
276 2598 471 2652 audiam
498 2614 665 2652 vocem
693 2597 903 2652 laudis?
941 2597 1009 2654 Ut
1051 2597 1339 2667 intelligam
1360 2639 1376 2665 ,
1414 2597 1603 2668 inquit.
1635 2596 1748 2653 lloc

177 2701 252 2750 est
289 2693 423 2748 enim
471 2692 656 2753 audire
702 2706 883 2747 coram
930 2690 1070 2755 Deo,
1120 2706 1226 2747 non
1273 2691 1542 2761 quomodo
1585 2704 1749 2746 sonos

179 2784 316 2853 istos,
364 2801 497 2857 quos
544 2784 695 2839 multi
743 2784 1000 2849 audiunt,
1049 2792 1107 2839 et
1154 2783 1304 2839 multi
1355 2800 1460 2839 non
1504 2784 1746 2841 audiunt.

180 2876 333 2942 Quam
362 2878 507 2933 niultl
537 2877 604 2932 ad
636 2892 734 2932 nos
760 2876 1038 2932 audientes
1066 2886 1209 2943 sunt,
1237 2886 1292 2932 et
1314 2877 1380 2932 ad
1408 2877 1574 2932 Deum
1599 2877 1747 2934 surdi

178 2969 328 3025 sunt!
361 2969 527 3036 Quam
557 2969 707 3024 inulti
749 2968 1006 3024 habentes
1032 2983 1228 3033 aures,
1254 2984 1359 3023 non
1404 2969 1601 3023 habent
1628 2968 1748 3024 illas

175 3076 317 3118 aures
334 3062 397 3117 de
421 3062 613 3132 quibus
640 3062 765 3117 dicit
788 3060 948 3119 Jesus
974 3078 987 3115 :
1017 3060 1113 3128 Qui
1141 3061 1288 3116 habet
1312 3078 1461 3117 aures
1484 3062 1746 3128 audiendi,

178 3155 332 3208 audiat
357 3153 569 3224 (blattli.
600 3170 717 3217 xui,
746 3152 841 3223 9)!
893 3152 1033 3220 Ergo
1069 3151 1197 3223 quid
1240 3160 1321 3207 cst
1347 3152 1531 3208 audire
1560 3167 1749 3208 vocem

180 3245 373 3302 laudis?
405 3247 582 3302 Dicam
615 3247 661 3300 si
694 3254 909 3316 potero,
939 3243 1224 3314 adiuvante
1252 3243 1615 3299 misericordia
1647 3244 1750 3299 Do-

183 3337 328 3400 mini,
366 3347 421 3393 et
460 3337 790 3392 orationibus
828 3336 1041 3391 vestris.
1085 3335 1283 3390 Audire
1323 3350 1511 3391 vocem
1554 3334 1747 3401 laudis,

184 3437 254 3483 est
279 3428 563 3499 intelligere
604 3428 746 3483 intus
770 3468 785 3492 ,
818 3428 941 3496 quia
969 3425 1221 3496 quidquid
1254 3426 1306 3479 in
1340 3435 1391 3481 le
1422 3424 1545 3479 mali
1571 3435 1655 3482 est
1681 3425 1749 3481 de

187 3523 417 3592 peccatis,
444 3533 589 3578 tuum
616 3529 730 3585 est;
760 3519 1013 3589 quidquid
1038 3518 1160 3573 boni
1184 3517 1234 3572 in
1260 3517 1747 3587 jusﬁlieationilms,

186 3610 264 3668 Dei
290 3622 383 3668 est.
428 3614 500 3669 Ita
535 3612 656 3667 andi
687 3625 871 3667 vocem
917 3609 1114 3671 laudis,
1148 3617 1205 3662 ut
1247 3622 1350 3662 non
1385 3619 1437 3663 te
1476 3605 1668 3662 laudes
1695 3615 1754 3664 ct

185 3685 369 3771 q’iAmdo
394 3705 565 3761 bonus
589 3720 647 3762 es
678 3721 692 3759 :
726 3718 845 3757 nam
876 3702 1142 3756 laudando
1174 3710 1226 3756 te
1266 3701 1465 3756 bonum
1488 3743 1502 3767 ,
1532 3700 1596 3754 iis
1637 3716 1749 3753 ina-

186 3794 286 3861 lus;
314 3795 502 3851 bonum
527 3795 669 3851 enim
701 3803 751 3849 te
776 3792 978 3848 fecerat
1007 3792 1297 3859 humilitas,
1324 3793 1521 3847 malum
1548 3802 1600 3847 te
1623 3790 1752 3845 facit

186 3888 428 3954 superbia.
458 3884 764 3941 Conversus
790 3900 909 3940 eras
932 3894 992 3939 ut
1020 3884 1412 3951 illuininareris,
1445 3893 1500 3938 et
1527 3899 1751 3939 convcr-

189 3978 317 4033 sioue
346 3990 426 4035 tua
457 3979 627 4035 factus
654 3994 712 4034 es
748 3978 1041 4033 luminosus
1060 4019 1074 4041 ,
1105 3978 1269 4031 laetus
1300 3977 1595 4032 illustratus
1623 3992 1752 4033 con-

187 4070 425 4126 versione.
463 4070 569 4126 Sed
611 4086 717 4139 quo
738 4070 798 4121 "t
843 4069 1096 4138 numquid
1126 4068 1191 4122 ad
1225 4068 1318 4124 te?
1361 4068 1416 4125 Si
1451 4068 1518 4123 ad
1549 4077 1600 4124 te
1623 4083 1753 4123 con-

189 4174 348 4218 versus
374 4178 560 4234 posses
588 4160 911 4225 illuminari,
940 4175 1209 4228 nunquam
1240 4172 1424 4229 posses
1462 4158 1748 4222 tenebrari,

190 4251 294 4322 quia
314 4262 477 4308 tecum
507 4268 721 4323 semper
746 4267 914 4307 esses.
941 4252 1115 4318 Quare
1144 4251 1472 4306 illiiininatus
1493 4250 1591 4306 es?
1618 4251 1749 4318 Quia

189 4345 470 4401 convenisti
516 4354 567 4399 te
609 4344 674 4398 ad
721 4342 867 4397 aliud
907 4342 1050 4412 quod
1097 4352 1149 4395 tn
1183 4356 1286 4396 non
1316 4356 1458 4397 eras.
1503 4341 1638 4410 Quid
1668 4349 1753 4396 est

193 4434 311 4490 aliud
338 4437 473 4507 quod
502 4446 557 4491 tu
589 4452 694 4490 non
733 4434 896 4490 cras?
939 4434 1081 4489 Deus
1111 4433 1289 4489 lumen
1316 4442 1417 4487 est.
1456 4431 1572 4488 Non
1608 4433 1752 4488 enim

196 4534 241 4580 ιιι
266 4528 428 4584 lumen
459 4543 615 4591 eras,
646 4525 768 4598 quia
798 4535 1045 4596 peccator
1077 4541 1216 4581 eras.
1261 4525 1397 4581 Dicit
1431 4526 1574 4580 enim
1606 4526 1753 4596 Apo-

194 4620 340 4676 stolas
362 4623 437 4677 eis
459 4637 596 4693 quos
620 4621 732 4675 vult
757 4620 943 4675 audire
962 4634 1148 4673 vocem
1173 4619 1343 4673 laudis
1368 4636 1380 4672 :
1408 4617 1596 4674 Fuistis
1619 4618 1751 4673 enim

198 4713 446 4785 aliquando
476 4714 708 4777 tenebrat,
736 4727 867 4765 nunc
896 4720 1065 4775 autem
1090 4712 1180 4764 lux
1204 4709 1416 4781 (Ep/tes.
1438 4726 1489 4773 ν,
1508 4709 1587 4778 8).
1614 4708 1753 4777 Quid

189 4815 277 4871 eet,
305 4803 489 4861 Fuistis
516 4804 791 4874 aliquando
815 4803 1061 4867 tenebrte,
1103 4802 1204 4856 nisi
1233 4812 1438 4857 veteres
1469 4801 1755 4856 homines?

190 4896 328 4952 Nunc
354 4908 517 4951 autem
548 4899 636 4951 lux
660 4912 679 4950 :
710 4911 812 4950 non
841 4895 958 4951 sine
983 4909 1141 4949 causa
1169 4894 1258 4948 lux
1285 4892 1437 4960 estis,
1467 4893 1555 4963 qui
1584 4893 1756 4949 fuistis

178 4988 475 5061 jamdudum
517 4989 778 5054 tenebrm,
804 4988 902 5042 nisi
931 4988 952 5018 ³
979 4989 1099 5057 quia
1141 4986 1419 5041 illinniuati
1459 4989 1605 5042 estis.
1638 4987 1756 5044 Noli

180 5092 359 5156 putare
383 5082 609 5153 teipsuni
641 5096 760 5136 esse
788 5082 962 5135 lucem
992 5098 1005 5134 :
1039 5080 1123 5133 illa
1150 5089 1233 5134 est
1262 5079 1371 5140 lux,
1398 5095 1518 5151 qua:
1557 5079 1755 5134 illumi-

176 5185 265 5233 nat
303 5189 515 5229 onmem
567 5173 837 5228 hominem
882 5170 1182 5227 venientem
1224 5171 1276 5225 in
1322 5170 1461 5225 hunc
1504 5170 1758 5241 mundum

178 5266 353 5340 (Jomi.
378 5282 416 5331 ι,
438 5266 526 5336 9);
556 5274 611 5320 ιιι
638 5273 814 5319 autem
843 5279 936 5333 per
960 5263 1208 5335 teipsum,
1239 5278 1332 5332 per
1361 5262 1550 5316 malam
1575 5263 1760 5316 volun-

134 5352 371 5447 jtatem,
403 5374 497 5428 per
522 5356 857 5412 aversionem
891 5365 1032 5410 tuam
1073 5355 1381 5411 teiichratus
1418 5369 1558 5419 eras,
1600 5354 1761 5410 modo

180 5457 341 5511 luces.
367 5450 472 5507 Sed
498 5450 726 5519 subjecit
760 5449 977 5515 statim,
1011 5464 1076 5504 ne
1102 5449 1437 5519 superhirent
1467 5446 1541 5499 illi
1569 5447 1761 5516 quibus

180 5548 376 5604 dictum
400 5552 518 5611 est,
548 5541 704 5597 Nunc
731 5550 896 5595 autem
925 5541 1034 5605 lux,
1076 5549 1131 5595 et
1164 5540 1384 5604 addidit,
1426 5540 1478 5594 in
1516 5537 1757 5594 Domino.

242 5724 264 5788 ε
285 5728 362 5788 η’.
386 5730 444 5776 et
460 5723 679 5788 quoque
698 5727 830 5788 ltus,
844 5717 1071 5788 innocens
1085 5731 1152 5769 es.

240 5778 495 5838 “lein:
516 5778 1642 5845 stédd.,sedaquo?numquidate.’siate,
1662 5786 1760 5833 etc.

243 5866 267 5900 s
287 5859 425 5917 αι,
444 5861 611 5915 quae.
632 5859 727 5898 mss
747 5857 878 5905 man,
904 5852 997 5895 etc.
1036 5845 1199 5900 Abest,
1222 5857 1389 5905 quare,
1413 5855 1441 5891 a
1465 5850 1567 5891 Mss.

1592 6030 1624 6043 ο.

1267 357 1670 417 ENARRATIO
1710 356 1775 414 IN
1816 356 2138 418 PSALMUM
2175 360 2346 420 XXV.

3336 369 3444 428 19‘

1851 474 1938 531 Sic
1967 478 2110 531 enim
2138 474 2246 541 ait,
2288 476 2481 533 Fuistis
2509 478 2785 550 aliquando
2810 479 3058 546 tenebris,
3098 497 3238 538 nunc
3275 494 3446 541 autem

1853 565 1945 621 tua:
1973 567 2027 621 in
2051 564 2297 624 Domino.
2330 568 2471 640 Ergo
2511 570 2555 625 si
2598 580 2792 641 praeter
2820 571 3102 628 Dominum
3123 615 3140 639 ,
3179 590 3279 632 nec
3306 578 3396 632 lux
3427 594 3444 632 :

1850 658 1895 712 si
1924 666 2105 713 autem
2136 658 2257 714 ideo
2284 660 2397 726 lux,
2424 663 2547 731 quia
2577 663 2633 718 in
2664 663 2886 720 Domino
2911 682 2925 731 ;
2958 665 3082 737 quid
3112 668 3275 724 habes
3300 670 3444 739 quod

1849 765 1959 806 non
2002 752 2306 824 accepisti?
2359 752 2417 809 Si
2471 763 2647 810 autem
2698 758 2981 826 accepisti,
3028 759 3154 830 quid
3200 761 3447 832 gloriaris

1849 842 2001 913 quasi
2038 858 2145 899 non
2172 845 2490 917 acceperis?
2531 845 2644 901 Hoc
2667 848 2810 903 enim
2850 848 2965 919 ipse
3000 852 3289 920 Apostolus
3311 853 3448 910 dixit

1850 934 1958 988 alio
1987 934 2105 991 loco
2132 935 2440 992 hominibus
2467 939 2914 1009 superbientibus,
2940 949 2995 997 et
3018 944 3316 1000 volentibus
3344 946 3446 1002 sibi

1850 1023 2086 1082 tribuere
2111 1028 2253 1096 quod
2284 1028 2374 1083 Dei
2420 1038 2522 1095 est,
2566 1038 2621 1085 et
2647 1029 2715 1085 de
2746 1031 2884 1086 bono
2923 1032 3001 1088 sic
3034 1034 3249 1105 gloriari
3292 1039 3447 1107 quasi

1848 1117 1918 1174 de
1942 1134 2061 1184 suo,
2092 1118 2194 1176 hoc
2217 1120 2296 1177 cis
2326 1120 2454 1176 dicit
2485 1141 2499 1178 :
2526 1121 2665 1189 Quid
2687 1125 2819 1177 enim
2849 1125 2999 1180 habes
3023 1128 3159 1197 quod
3181 1146 3280 1184 non
3305 1148 3447 1186 accc-

1850 1209 1970 1281 pisti
1985 1211 2011 1265 ?
2040 1210 2105 1266 Si
2130 1222 2296 1266 autem
2317 1212 2573 1283 accepisti,
2598 1215 2720 1283 quid
2747 1216 2983 1287 gloriaris
3010 1220 3153 1288 quasi
3179 1237 3278 1275 non
3302 1238 3447 1277 accc-

1851 1301 1984 1370 peris
2006 1300 2047 1370 (l
2073 1299 2191 1357 Cor.
2216 1319 2290 1365 iv,
2317 1303 2420 1374 7)?
2449 1304 2550 1374 Qui
2577 1304 2725 1361 dedit
2749 1307 2955 1375 humili,
2978 1310 3151 1365 aufert
3176 1313 3442 1382 superbo:

1848 1395 1973 1463 quia
1998 1396 2088 1465 qui
2119 1395 2283 1461 dedit,
2310 1406 2486 1466 potest
2511 1398 2738 1454 auferre.
2770 1399 2849 1454 Ad
2881 1400 2983 1457 hoc
3011 1404 3154 1457 enim
3189 1407 3442 1473 pertinet,

1851 1484 2044 1541 fratres
2064 1530 2080 1553 ,
2107 1488 2152 1543 si
2185 1497 2360 1543 tamen
2389 1491 2609 1560 exposui
2644 1491 2786 1562 quod
2813 1493 2990 1559 volui,
3019 1496 3239 1564 exposui
3265 1508 3444 1552 autem

1851 1584 2108 1647 quantum
2134 1579 2303 1648 potui,
2327 1580 2427 1635 etsi
2455 1596 2561 1635 non
2602 1591 2855 1651 quantum
2885 1585 3059 1652 volui,
3096 1586 3161 1641 ad
3194 1586 3295 1643 hoc
3323 1604 3446 1658 per-

1850 1669 1986 1724 tinet
2012 1670 2154 1740 qiiod
2186 1670 2280 1736 ait,
2310 1670 2510 1726 Luvabo
2535 1672 2588 1728 in
2616 1676 2961 1731 innocentibus
2988 1694 3169 1733 manus
3198 1696 3334 1734 meas
3357 1722 3372 1745 ,
3399 1691 3446 1735 et

1850 1762 2173 1817 circumdabo
2219 1763 2383 1819 altare
2421 1776 2596 1831 tuum,
2636 1765 2873 1835 Domine,
2921 1779 2975 1822 ut
3022 1771 3230 1824 audiam
3276 1789 3447 1826 uocem

1802 1878 1805 1881 ·
1851 1854 2020 1909 laudis
2064 1866 2209 1911 tute:
2244 1856 2295 1911 id
2338 1866 2440 1922 est,
2484 1873 2548 1912 ex
2596 1858 2713 1928 ipso
2761 1860 2900 1915 bono
2944 1876 3064 1916 meo
3105 1879 3209 1918 non
3252 1864 3319 1919 de
3358 1878 3451 1923 mo

1851 1961 2171 2018 priesuinam
2192 1991 2207 2017 ,
2252 1949 2344 2005 sed
2372 1950 2440 2005 de
2480 1960 2531 2007 te
2557 1952 2647 2022 qui
2679 1953 2893 2019 dedisti,
2935 1970 3003 2011 ne
3048 1957 3252 2014 laudari
3284 1959 3443 2015 velim

1850 2038 1920 2095 de
1948 2056 2034 2096 me
2062 2041 2115 2095 in
2141 2057 2256 2108 me,
2288 2042 2381 2098 sed
2413 2042 2480 2098 de
2508 2053 2559 2100 te
2586 2045 2636 2099 in
2668 2054 2738 2100 te.
2790 2045 2914 2101 Ideo
2943 2049 3216 2118 sequitur,
3249 2050 3317 2106 Ut
3346 2068 3445 2105 au-

1852 2130 1991 2184 diam
2030 2146 2196 2185 uocem
2237 2132 2406 2185 laudis
2434 2142 2535 2188 tua:
2552 2174 2567 2198 ,
2596 2144 2642 2188 et
2671 2151 2901 2191 enarrem
2931 2138 3166 2193 universa
3192 2140 3447 2197 mirabilia

1852 2231 1987 2276 tua:
2014 2237 2120 2276 non
2147 2238 2288 2288 mea,
2318 2222 2411 2278 sed
2442 2233 2550 2278 tua.

1925 2313 2017 2369 12.
2042 2313 2203 2386 [verm
2227 2314 2281 2381 8,
2304 2314 2399 2387 9.]
2429 2315 2492 2370 Et
2517 2316 2621 2387 jam
2642 2316 2839 2385 videte,
2870 2316 3084 2387 fratres,
3106 2321 3283 2378 videte
3299 2338 3446 2379 ama-

1854 2414 2023 2461 torem
2054 2406 2201 2459 illum
2231 2405 2325 2459 Dei
2357 2406 2426 2462 de
2450 2407 2558 2462 Deo
2587 2421 3018 2477 praesumentem,
3045 2413 3274 2481 positum
3306 2415 3445 2471 inter

1850 2496 2044 2562 malos,
2098 2506 2375 2567 rogantem
2427 2498 2593 2553 Deum
2648 2507 2705 2553 ut
2752 2515 2857 2556 non
2905 2503 3284 2573 comperdatur
3322 2519 3444 2560 cum

1850 2590 2043 2655 malis,
2075 2590 2197 2661 quia
2227 2606 2333 2646 non
2374 2601 2517 2646 errat
2550 2592 2689 2647 Dens
2728 2593 2781 2649 in
2820 2593 3131 2663 iudicando.
3176 2596 3255 2651 Tu
3300 2597 3443 2653 enim

1852 2696 1973 2737 cum
1999 2682 2199 2737 videris
2227 2682 2470 2739 homines
2501 2684 2552 2739 in
2594 2700 2755 2739 unum
2787 2685 2962 2741 locum
3000 2688 3225 2744 intrasse
3246 2732 3261 2756 ,
3292 2699 3446 2760 putas

1851 2771 2093 2841 ejusdem
2123 2773 2296 2829 meriti
2335 2789 2497 2830 esse:
2532 2775 2673 2831 Deus
2704 2787 2878 2833 autem
2915 2796 3018 2832 non
3064 2780 3298 2847 fallitur,
3329 2784 3440 2840 noli

1852 2867 2063 2922 timere.
2105 2865 2185 2921 Tu
2224 2866 2496 2936 jiiilicante
2523 2879 2682 2923 vento
2721 2870 2983 2927 discernis
3014 2874 3221 2944 paleam
3263 2890 3293 2929 a
3334 2874 3447 2930 fru-

1852 2968 2035 3014 mento
2062 2976 2074 3013 :
2107 2968 2326 3015 ventum
2358 2960 2438 3014 vis
2471 2958 2602 3016 llare
2635 2962 2763 3028 tibi,
2801 2972 2855 3018 et
2896 2975 2950 3019 tu
2993 2981 3098 3020 non
3129 2980 3189 3022 es
3230 2978 3441 3035 ventus,

1853 3051 1949 3107 sed
1974 3060 2129 3121 optas
2155 3051 2248 3106 tibi
2278 3051 2408 3106 ﬂare
2428 3063 2645 3108 ventum
2671 3071 2685 3108 :
2708 3063 2760 3109 et
2780 3070 2900 3110 cum
2923 3057 3221 3112 ventilabro
3242 3067 3449 3113 utrum-

1854 3156 1959 3212 que
1987 3141 2315 3207 excusseris,
2337 3152 2528 3198 ventus
2554 3142 2669 3198 leve
2698 3145 2850 3207 tollit,
2876 3161 3034 3216 grave
3063 3157 3261 3204 manet.
3289 3150 3449 3219 Qua:-

1853 3232 1929 3288 ris
1958 3234 1971 3264 ¹
1999 3248 2129 3303 ergo
2173 3244 2387 3289 ventum
2433 3234 2497 3289 ad
2544 3234 2883 3305 iudicandam
2931 3254 3132 3294 aream.
3178 3240 3447 3313 Numquid

1854 3323 1996 3379 Deus
2038 3324 2231 3395 quaerit
2272 3324 2500 3381 alterum
2531 3328 2620 3396 qui
2662 3341 2843 3384 secum
2867 3327 3103 3399 jiidieet,
3152 3346 3218 3387 ne
3262 3334 3449 3402 perdat

1853 3431 1971 3471 cum
2004 3416 2158 3471 malis
2189 3414 2401 3471 bonos?
2440 3416 2556 3473 Non
2590 3418 2767 3489 itaque
2809 3421 3035 3487 timeas;
3076 3437 3298 3478 securus
3328 3434 3447 3480 esto

1852 3509 2046 3571 bonus,
2075 3507 2235 3564 etiam
2266 3510 2317 3565 in
2345 3510 2521 3564 medio
2555 3511 2851 3577 malorum;
2896 3522 2951 3569 et
2992 3514 3080 3569 dic
3112 3532 3231 3586 qua:
3269 3516 3443 3584 anilis,

1852 3598 2109 3665 Domine,
2165 3600 2320 3655 dilexi
2371 3601 2599 3657 decorem
2650 3604 2830 3659 donius
2883 3615 3003 3660 llttL’.
3068 3607 3269 3664 Domus
3323 3610 3442 3677 Dei,
3501 3638 3537 3645 κ

1855 3692 2090 3749 Ecclesia
2118 3702 2234 3756 est;
2280 3694 2455 3750 adhuc
2498 3695 2657 3751 habet
2697 3698 2866 3753 malos
2888 3740 2903 3761 ,
2933 3698 3025 3753 sed
3055 3699 3217 3757 ιιι-σοι’
3253 3701 3446 3759 domus

1856 3784 1949 3840 Dei
1982 3784 2035 3840 in
2067 3784 2221 3839 bonis
2249 3794 2331 3841 cst
2350 3826 2365 3849 ,
2397 3786 2451 3841 in
2481 3788 2680 3842 sanctis
2707 3797 2788 3843 est
2816 3805 2828 3841 :
2867 3790 3037 3857 ipsum
3066 3790 3313 3848 decorem
3344 3793 3447 3848 do-

1854 3892 1974 3932 mus
2016 3885 2119 3931 tua:
2163 3876 2344 3932 dilexi.
2396 3876 2461 3931 Et
2510 3878 2675 3932 locum
2717 3880 3040 3936 habitationis
3086 3884 3265 3954 gloria:
3315 3894 3439 3940 (itte.

1854 3967 1990 4036 Quid
2021 3976 2106 4023 est
2136 3966 2238 4022 hoc
2263 3968 2286 4022 ?
2326 3967 2394 4022 Et
2430 3968 2533 4023 hoc
2559 3970 2755 4037 dicam,
2785 3974 2853 4026 ad
2902 3974 3047 4028 illum
3076 3991 3292 4030 sensum
3326 3992 3449 4046 per-

1855 4061 1988 4115 tinet
2008 4059 2397 4116 subobscuram
2424 4062 2749 4133 aliquantiiin
2776 4081 2789 4117 :
2817 4064 3034 4135 adjuvet
3055 4083 3138 4122 me
3166 4068 3443 4139 Dominus,

1854 4161 1913 4209 et
1936 4152 2158 4207 intentio
2184 4152 2363 4209 cordis
2389 4155 2549 4209 vestri
2580 4154 2648 4209 ah
2686 4154 2876 4212 eodem
2910 4157 3137 4214 Domino
3169 4159 3443 4231 inspirata.

1854 4245 1995 4315 Quid
2020 4246 2114 4313 ait,
2144 4246 2310 4301 locum
2338 4245 2658 4302 habitationis
2697 4250 2872 4319 gloriiu
2910 4252 3051 4306 tutu?
3096 4252 3237 4307 Dixit
3274 4255 3443 4323 prius,

1855 4338 2085 4393 decorem
2108 4338 2288 4393 domus
2318 4347 2418 4393 tua:
2438 4355 2457 4392 :
2486 4348 2542 4394 et
2571 4340 2795 4411 exponit
2822 4343 2947 4413 quid
2973 4344 3042 4398 sit
3067 4344 3230 4400 (Iecur
3256 4347 3446 4403 donius

1859 4430 1975 4498 Dei,
2001 4430 2189 4496 Locus,
2218 4432 2407 4504 inquit,
2436 4433 2758 4489 habitationis
2786 4437 2963 4507 gloria:
2993 4448 3111 4493 tua'.
3149 4439 3264 4495 Non
3292 4441 3445 4496 Suffi-

1857 4526 1929 4581 cit
1954 4526 2153 4591 diccre,
2183 4526 2357 4582 Locus
2383 4528 2725 4583 habitationis
2759 4529 2883 4594 Dei,
2919 4531 3012 4586 sed
3034 4573 3049 4596 ,
3082 4533 3251 4588 Locus
3292 4535 3446 4591 habi-

1864 4618 2079 4674 tationis
2122 4618 2305 4690 glori-.13
2356 4620 2467 4674 Dei.
2518 4619 2649 4688 Quae
2688 4630 2769 4677 est
2813 4622 2982 4693 gloria
3030 4625 3167 4679 Dei?
3225 4625 3298 4681 De
3343 4644 3447 4698 qua

1862 4710 2019 4782 paulo
2046 4719 2169 4766 ante
2194 4710 2462 4775 diccham,
2492 4720 2552 4764 ut
2592 4721 2645 4766 et
2686 4713 2773 4781 qui
2804 4714 2860 4766 lit
2900 4712 3089 4776 bonus,
3124 4731 3228 4769 non
3270 4717 3320 4770 in
3366 4732 3447 4780 se.

1859 4804 1951 4859 sed
1979 4803 2033 4858 in
2059 4803 2284 4859 Domino
2309 4803 2566 4873 glorietur
2591 4802 2701 4874 (id.
2728 4820 2763 4865 i,
2793 4804 2908 4877 5|).
2932 4805 3133 4862 Omnes
3158 4808 3298 4861 enim
3330 4823 3453 4873 Dt‘r-

1860 4903 2139 4960 caverunt,
2168 4903 2222 4948 et
2255 4902 2414 4963 egent
2438 4894 2603 4963 gloria
2635 4894 2724 4948 Dei
2756 4892 2931 4967 (Rom.
2962 4912 3037 4962 ni,
3068 4897 3196 4967 ‘25).
3248 4901 3302 4954 In
3329 4901 3451 4969 qni—

1862 4986 1961 5041 bus
1990 5000 2117 5057 ergo
2141 4984 2220 5040 sic
2247 4983 2448 5039 habitat
2480 4984 2751 5049 Dominus,
2781 4995 2836 5039 iit
2857 4995 2910 5041 et
2934 4987 3001 5042 de
3024 4988 3175 5044 bonis
3196 4991 3307 5045 suis
3335 4991 3451 5061 ipse

1862 5077 2207 5149 gloriﬁectur,
2232 5086 2292 5131 nt
2318 5093 2422 5132 non
2455 5077 2554 5131 sihi
2586 5077 2751 5133 velint
2781 5079 3035 5143 tribucre,
3066 5092 3113 5136 et
3147 5084 3296 5153 quasi
3330 5100 3453 5152 pro-

1866 5170 2037 5241 prium
2064 5168 2338 5224 vindicare
2376 5167 2515 5238 quod
2542 5168 2610 5223 ab
2644 5168 2736 5223 illo
2760 5181 3105 5241 acceperunt,
3146 5173 3244 5242 ipsi
3288 5173 3452 5243 perti-

1865 5271 1996 5318 nent
2023 5261 2089 5317 ad
2116 5262 2363 5317 decorem
2389 5260 2581 5318 domus
2613 5262 2727 5318 Dei.
2754 5262 2863 5320 Nec
2891 5264 3123 5320 discerni
3155 5265 3273 5319 iltos
3293 5283 3340 5318 vi
3360 5266 3454 5323 lfet

1866 5353 2160 5423 Scriptura,
2200 5352 2301 5407 nisi
2326 5353 2449 5422 quia
2474 5363 2598 5407 sunt
2622 5353 2834 5424 quidam
2861 5356 2952 5426 qui
2995 5357 3192 5411 donum
3233 5358 3326 5412 Dei
3358 5358 3451 5410 ha-

1866 5447 1997 5503 bent
2024 5444 2238 5516 quidem
2263 5486 2278 5507 ,
2312 5455 2367 5501 et
2396 5445 2587 5501 nolunt
2616 5445 2668 5500 in
2706 5446 2816 5502 Deo
2854 5448 3100 5516 gloriari,
3132 5448 3227 5503 sed
3268 5449 3318 5502 in
3345 5464 3405 5505 se
3433 5466 3449 5505 :

1866 5537 2067 5595 habent
2089 5536 2306 5608 quidem
2332 5536 2530 5595 donum
2560 5537 2677 5603 Dei,
2703 5537 2797 5593 sed
2827 5553 2934 5594 non
2965 5537 3235 5609 pertinent
3257 5538 3324 5596 ad
3351 5541 3449 5597 do-

1932 5718 1951 5751 ι
1973 5717 2124 5787 editio
2145 5725 2245 5767 Am.
2266 5714 2465 5787 Quando
2483 5727 2600 5781 ergo
2619 5713 2806 5787 tu;th
2826 5715 2896 5766 ad
2906 5714 3234 5787 judicaadum
3254 5730 3421 5771 aream
3433 5732 3456 5782 ;

1867 5778 2102 5845 numquid
2120 5788 2266 5839 Deus,
2283 5777 2387 5831 etc.
2406 5784 2479 5828 Er.
2505 5777 2703 5840 οἱιωιάο
2719 5789 2837 5840 ergo
2856 5777 2997 5829 vestit.
3012 5784 3181 5829 AtMss.
3195 5793 3306 5830 eum
3320 5777 3454 5845 Levi,

1870 5843 2052 5903 otiaris
2080 5854 2194 5905 ergo
2228 5849 2436 5899 sentina,
2461 5848 2554 5890 etc.
