3950 6402
173 365 282 436 ιω

172 489 300 554 luce
327 483 546 568 quidem
573 503 655 550 est
683 479 894 560 tiennis't
929 478 1047 564 Dei,
1075 483 1169 549 sed
1198 489 1395 551 elausis
1422 491 1608 548 Oculis.
1641 478 1775 550 Male

168 585 408 644 vivendo
435 583 576 641 enim
620 579 800 642 videre
839 601 944 641 non
980 574 1092 640 vult
1115 591 1261 651 eum,
1292 575 1343 639 iit
1385 573 1536 656 cuius
1567 577 1782 641 nomine

170 687 435 751 tanquam
458 694 633 736 cra-cus
651 690 732 734 est
752 677 804 732 in
826 673 1025 735 lumine
1045 678 1386 745 constitutus,
1410 669 1553 734 nulla
1580 667 1783 734 visione

171 775 293 830 veri
324 771 546 829 luminis
571 763 857 830 anltuatus.

579 1009 663 1097 ΙΝ
702 1011 1086 1085 PSALMUM
1127 1009 1344 1083 XXVI

728 1200 1128 1268 ENARRATlO
1157 1202 1200 1266 l.

504 1364 617 1436 Ipsi
647 1363 842 1431 David,
871 1366 1168 1437 priusquam
1205 1364 1452 1424 “uitietur.

245 1523 301 1578 1.
335 1521 507 1596 (vero.
539 1521 617 1598 L]
662 1521 788 1578 Tiro
815 1520 1014 1578 Christi
1047 1522 1299 1593 loquitur,
1331 1537 1452 1578 eum
1477 1520 1687 1580 accedit
1708 1521 1777 1580 ad

169 1613 364 1670 ﬁdem.
393 1615 645 1671 Dominus
669 1615 974 1672 illuntiuatio
995 1632 1105 1670 mea
1124 1625 1170 1669 et
1189 1615 1428 1671 salutaris
1451 1631 1611 1680 meus,
1632 1631 1778 1685 quem

176 1707 417 1766 timebo?
456 1708 713 1764 Dominus
737 1707 867 1764 mihi
898 1717 952 1764 et
977 1708 1219 1769 natitiatn
1246 1707 1327 1762 sui
1349 1715 1403 1764 et
1429 1707 1659 1764 salutem
1685 1706 1780 1762 da-

174 1797 278 1866 bit,
311 1799 436 1873 quis
462 1814 548 1858 me
589 1797 797 1856 auferet
818 1798 911 1855 ei?
943 1788 1189 1854 Dominus
1217 1807 1466 1864 protector
1490 1802 1604 1853 vita
1633 1813 1774 1864 mete,

179 1909 214 1949 tt
237 1909 339 1958 quo
381 1891 642 1964 trepidabo
659 1893 686 1946 7
715 1892 971 1950 Dominus
997 1893 1220 1964 repellet
1257 1908 1444 1949 omnes
1473 1893 1702 1966 impetus
1723 1901 1779 1948 et

187 1983 406 2040 insidias
430 1985 600 2042 hostis
621 1986 748 2051 mei,
785 2000 813 2038 a
845 1985 992 2042 nullo
1021 1985 1312 2053 trepidabo.

263 2075 314 2136 ἢ.
338 2073 484 2149 (vers.
515 2074 598 2149 2.]
623 2074 758 2131 Dum
796 2076 1208 2148 apprOpiuquant
1231 2093 1386 2149 super
1424 2092 1504 2132 me
1523 2087 1774 2142 nocentes,

211 2176 258 2223 ttt
281 2168 420 2224 edant
453 2184 635 2224 carnes
678 2184 815 2222 meas
845 2183 866 2222 ι
903 2166 1030 2222 dum
1060 2167 1317 2224 accedunt
1349 2167 1415 2222 ad
1454 2182 1780 2237 cognoscen-

216 2258 321 2316 dtttu
344 2274 426 2316 me
451 2267 726 2326 nocentes,
758 2267 813 2314 et
840 2258 1223 2324 insultaudum,
1246 2267 1314 2315 ut
1340 2275 1401 2315 se
1430 2259 1558 2314 tttilti
1587 2261 1777 2331 puere-

218 2361 317 2410 tant
339 2352 556 2408 mutanti
585 2353 602 2384 ¹
631 2365 719 2407 mo
747 2351 803 2406 in
847 2352 1070 2416 inclitis;
1101 2361 1157 2407 ut
1184 2350 1447 2408 maledico
1484 2351 1645 2408 dente
1672 2367 1778 2412 non

218 2461 287 2501 me
321 2453 634 2501 consumant
657 2482 673 2512 ,
703 2442 799 2499 sed
841 2444 1018 2514 potius
1061 2445 1293 2500 carnalia
1331 2443 1597 2500 desideria
1635 2459 1774 2501 mea.

217 2535 298 2602 Qui
331 2536 569 2592 tributarii
599 2551 679 2592 me
705 2535 898 2591 inimici
925 2536 1020 2590 nm'
1046 2552 1065 2591 :
1103 2551 1209 2593 non
1235 2536 1410 2592 solum
1449 2535 1540 2607 qui
1569 2552 1653 2591 me
1680 2536 1779 2591 tri-

217 2627 373 2686 bulaut
410 2628 584 2684 amico
611 2627 792 2682 animo
834 2628 1310 2698 reprehendentes.
1347 2638 1405 2684 ot
1441 2643 1473 2684 a
1505 2629 1778 2700 proposito

215 2732 437 2778 revocare
467 2719 729 2785 volentes,
763 2718 860 2778 sed
901 2719 1061 2776 etiam
1093 2719 1293 2776 inimici
1321 2720 1449 2776 moi.
1483 2719 1595 2790 Ipsi
1633 2720 1780 2789 inﬁr-

217 2811 314 2864 mati
337 2820 465 2877 sunt,
490 2818 536 2865 et
558 2810 846 2866 ceciderunt
872 2829 892 2865 :
921 2811 1046 2866 dum
1069 2826 1198 2882 ergo
1226 2810 1277 2866 id
1303 2821 1464 2882 agunt
1489 2811 1664 2868 studio
1685 2813 1780 2870 de-

217 2901 436 2959 fendendi
461 2903 781 2962 sententiam
805 2919 956 2959 suam
981 2945 996 2972 ,
1025 2903 1221 2958 intirmi
1254 2903 1378 2958 facti
1420 2914 1544 2959 sunt
1566 2902 1632 2958 ad
1661 2917 1777 2958 erc-

216 2983 356 3052 tlenda
399 2989 651 3062 meliora;
682 3003 739 3053 et
768 2985 988 3052 verbum
1037 2987 1264 3064 salutis,
1309 3007 1406 3068 per
1451 2991 1594 3070 quod
1643 2987 1778 3053 iacio

217 3077 328 3158 quod
351 3087 426 3143 eis
450 3077 717 3158 displicet,
745 3077 926 3144 odisse
953 3097 1251 3158 coeperunt.

269 3170 315 3235 3.
339 3169 485 3255 [rem
513 3167 594 3254 3.]
626 3169 688 3236 Si
714 3169 992 3236 consistant
1027 3169 1296 3236 adversum
1325 3197 1404 3235 me
1428 3190 1597 3238 castra
1617 3223 1633 3249 ,
1676 3197 1778 3237 non

215 3261 374 3339 timebit
399 3289 486 3328 cor
506 3289 675 3336 meum
700 3289 719 3328 :
744 3271 1002 3329 adversus
1025 3288 1112 3332 me
1134 3282 1310 3329 autem
1334 3273 1377 3329 si
1408 3265 1780 3330 contradicen-

214 3353 318 3424 tittm
345 3365 658 3440 conspirans
688 3358 969 3424 multitudo
993 3366 1274 3434 consistat,
1318 3381 1422 3424 non
1455 3355 1657 3423 timebit
1683 3382 1778 3422 cor

212 3473 380 3526 meum,
423 3466 483 3515 ut
523 3451 576 3516 in
607 3473 793 3516 eorum
824 3465 1004 3532 partes
1045 3453 1412 3530 transfugiant.
1449 3449 1510 3514 Si
1547 3459 1777 3529 instugat

210 3545 253 3606 in
281 3567 350 3605 me
376 3537 582 3616 bellum,
610 3541 664 3604 in
704 3551 800 3603 hac
834 3565 925 3622 ego
958 3547 1168 3623 sperabo
1199 3565 1218 3604 :
1247 3539 1291 3604 si
1335 3558 1585 3620 exsurgat
1611 3549 1659 3604 in
1689 3565 1776 3610 me

208 3631 480 3710 persecutio
507 3632 671 3713 hujus
695 3633 900 3710 smculi,
933 3634 987 3698 in
1015 3637 1137 3713 bac,
1169 3654 1331 3714 qttam
1358 3635 1534 3716 cogito
1563 3641 1776 3715 petitio-

209 3746 333 3802 nem,
363 3724 516 3805 figam
547 3748 698 3804 spem
729 3747 926 3788 meam.

266 3823 316 3882 4.
340 3825 489 3902 {rem
519 3811 601 3902 4.]
641 3813 808 3884 Unam
834 3818 956 3898 petii
984 3841 1017 3879 a
1049 3813 1286 3891 Domino,
1325 3823 1454 3880 hanc
1482 3825 1731 3900 requiram
1753 3845 1773 3882 :

204 3932 342 3976 unam
380 3919 520 3980 enim
555 3918 867 3994 petitionem
900 3918 1027 3992 petii
1072 3933 1104 3974 a
1152 3915 1400 3985 Domino,
1433 3917 1570 3974 hanc
1597 3922 1774 3991 requi-

203 4024 318 4068 ram.
353 4009 416 4070 Ut
458 4013 734 4069 inhabilem
776 4003 831 4070 in
867 4006 1018 4076 domo
1062 4005 1271 4067 Domini
1298 4028 1470 4068 omnes
1499 4005 1607 4068 dies
1651 4014 1771 4070 vita:

202 4119 350 4161 mea:
373 4116 428 4163 nt
449 4097 706 4179 quamdiu
733 4105 789 4169 in
814 4099 914 4161 ltac
933 4093 1042 4164 vita
1068 4121 1209 4173 sum,
1240 4097 1399 4162 nulla:
1425 4099 1772 4166 adversitates

201 4208 278 4251 me
298 4192 574 4254 excludant
602 4193 672 4253 de
715 4211 940 4260 numero
967 4212 1154 4262 eorum
1198 4200 1287 4268 qui
1318 4198 1570 4254 unitatem
1599 4207 1653 4253 et
1683 4215 1773 4255 ve-

199 4285 389 4346 ritatem
419 4282 703 4346 dominica:
746 4283 869 4346 fidei
901 4303 999 4362 per
1040 4285 1224 4344 orbem
1273 4298 1532 4344 terrarum
1565 4300 1768 4347 tenent.

199 4377 264 4434 Ut
289 4383 592 4454 contemplor
616 4375 1000 4437 delectationem
1031 4373 1235 4439 Domini
1264 4396 1282 4435 .'
1312 4397 1378 4437 eo
1406 4380 1510 4436 line
1547 4382 1768 4452 scilicet,

143 4537 146 4540 _
199 4473 254 4525 ut
277 4470 327 4526 ιη
353 4471 452 4529 lide
472 4467 842 4545 perseveranti
871 4479 1124 4544 appareat
1149 4469 1277 4526 milii
1305 4471 1514 4543 species
1537 4469 1769 4530 delecta-

183 4553 328 4633 bills,
356 4577 511 4638 quam
540 4561 677 4623 faeie
715 4559 781 4621 ad
809 4557 996 4621 t‘aclem
1041 4562 1391 4634 contemplor.
1425 4557 1492 4620 Et
1536 4573 1772 4639 prategar

179 4650 420 4731 tetuplnm
465 4659 575 4732 ejus
602 4674 620 4714 :
650 4668 705 4716 et
745 4655 996 4729 absorpta
1039 4661 1212 4714 morte
1255 4653 1306 4711 ln
1336 4655 1632 4724 victorlam,
1664 4656 1768 4714 im-

177 4741 499 4809 mortalitate
522 4748 732 4819 induar,
765 4741 990 4808 effectus
1017 4743 1271 4821 templum
1293 4747 1430 4820 ejus.

250 4841 306 4899 5.
337 4832 485 4918 (vos.
529 4831 610 4920 5.]
643 4841 897 4912 Quoniam
940 4839 1204 4898 abscondit
1249 4853 1327 4897 me
1353 4843 1404 4898 in
1447 4837 1768 4902 tabernaculo

172 4927 344 4993 tuoin
375 4935 456 4994 die
495 4931 748 4993 malorum
791 4945 1017 5004 meorum
1052 4927 1344 5008 :qu‘oniam
1374 4933 1653 4994 abscondit
1682 4947 1769 4997 me

117 4990 133 5061 δ
165 5021 225 5086 la
273 5027 673 5102 diSpensatione
703 5001 962 5085 locarnatl
997 4990 1154 5084 Verbi
1187 5029 1266 5084 Sui
1295 5027 1347 5085 in
1383 5035 1622 5102 tempore
1649 5037 1766 5090 ten-

159 5119 456 5188 tationum,
485 5111 676 5193 quibus
698 5117 939 5175 mortalis
959 5111 1064 5175 vita
1095 5129 1215 5177 mea
1245 5117 1507 5192 subiacet.
1534 5114 1767 5186 Protexi:

155 5227 251 5271 me
296 5211 350 5269 in
376 5203 670 5270 abscondito
700 5201 1013 5268 tabo-nocuit
1051 5203 1132 5268 sul
1160 5225 1178 5268 ε
1209 5216 1438 5284 protexit
1461 5229 1570 5283 me,
1601 5215 1766 5274 corde

151 5304 479 5365 cadentem
507 5297 575 5361 ad
599 5297 856 5378 jttStitlam
881 5299 1058 5376 (Rom.
1085 5319 1141 5372 κ,
1176 5303 1289 5379 10).

235 5400 297 5457 ο.
317 5395 468 5475 [σω.
493 5387 576 5480 6.]
602 5391 668 5453 In
691 5407 832 5468 petra
856 5397 1093 5480 exaltavit
1114 5409 1192 5452 me
1213 5413 1232 5452 :
1259 5406 1314 5455 et
1342 5403 1400 5454 ut
1423 5396 1761 5457 manifestum

152 5485 333 5552 etiam
365 5483 518 5549 ﬂeret
544 5479 610 5546 ad
641 5483 866 5546 salutem
886 5531 902 5556 ,
934 5479 1078 5562 quod
1107 5485 1342 5561 credidi,
1388 5489 1439 5547 ln
1468 5501 1562 5548 sua
1593 5489 1754 5549 llrmi-

163 5577 280 5643 tate
301 5575 325 5620 ³
354 5575 482 5642 kclt
511 5580 748 5641 eminere
771 5569 1159 5640 confessionem
1184 5593 1382 5655 meatu,
1406 5575 1475 5640 Et
1496 5599 1628 5640 nunc
1653 5601 1764 5642 ecce

225 5805 248 5842 ι
271 5812 342 5856 tta
361 5810 468 5856 atss.
499 5801 704 5864 Atedd.,
725 5801 919 5856 animi
940 5814 1032 5864 tuo.
1091 5860 1097 5864 μ

225 5814 248 5842 ι
271 5814 342 5856 ita
361 5814 468 5856 atss.
499 5814 554 5854 Αι
571 5814 704 5864 eam,
725 5814 918 5856 mtuant
1021 5839 1032 5853 .
1093 5860 1097 5862 _

223 5867 246 5904 ⁸
273 5869 350 5919 sic
372 5875 446 5916 Er.
475 5873 528 5916 et
547 5872 652 5915 uss.
683 5872 738 5916 Αι
760 5873 890 5926 ιον..
915 5814 1210 5930 ινπηὴεαιε.

1285 360 1680 433 ΕΝΑιιιξΑτιο
1719 367 1786 432 1N
1823 361 2142 436 PSALMUM
2174 361 2362 436 XXVI.

3363 377 3467 448 l93

1888 483 2128 556 exultavit
2163 506 2315 566 caput
2359 515 2523 554 meum
2550 515 2701 572 super
2725 489 2953 558 inimicos
2981 518 3116 558 meos
3139 513 3159 560 :
3183 504 3308 577 quid
3340 499 3466 561 mihi

1885 596 2062 641 servat
2107 587 2157 642 in
2189 583 2345 644 linem
2371 632 2385 652 ,
2419 589 2630 662 quando
2658 602 2712 649 et
2748 611 2888 651 nunc
2925 613 3044 651 cum
3085 613 3279 669 corpus
3323 617 3468 655 mor-

1898 687 2042 735 tuum
2060 690 2372 751 estpropter
2387 693 2659 752 peccatum
2690 685 2864 757 (Rom.
2891 705 3003 751 vttt,
3028 690 3134 756 l0).
3158 692 3328 746 sentio
3346 709 3469 748 ecce

1886 781 2121 828 mentem
2158 789 2329 830 meam
2357 776 2559 832 servire
2600 778 2699 849 legi
2742 781 2872 848 Dei,
2905 797 3001 838 nec
3044 779 3162 839 duci
3203 784 3467 855 captivam

1884 862 1986 919 sub
2013 864 2305 924 rebellante
2323 868 2438 940 lege
2474 871 2671 941 peccati
2708 869 2816 943 (ld.
2842 889 2933 935 vn.
2967 865 3057 941 ἐξ,
3093 873 3252 944 cla)?
3274 873 3468 933 Circui-

1882 959 1932 1013 υἱ
1946 1000 1961 1025 ,
1989 970 2036 1014 et
2059 961 2314 1017 immolavi
2333 965 2384 1018 in
2411 963 2734 1020 tabernaculo
2755 967 2862 1034 eius
2884 969 3096 1023 hostium
3108 970 3430 1042 jubitationis
3449 989 3468 1028 :

1882 1045 2214 1109 considerari
2244 1056 2431 1112 orbem
2471 1058 2776 1113 credentem
2811 1059 2862 1116 in
2890 1053 3196 1126 Christum;
3239 1073 3293 1119 et
3321 1062 3371 1118 in
3403 1082 3468 1121 eo

1883 1143 2024 1214 quod
2077 1161 2174 1215 pro
2219 1148 2371 1202 nobis
2420 1150 2780 1220 temporaliter
2822 1139 2961 1206 Dens
3004 1152 3310 1210 humiliatus
3353 1167 3466 1224 est,

1880 1236 2119 1305 gaudens
2161 1237 2367 1294 laudavi
2409 1255 2529 1296 eum
2564 1259 2578 1295 :
2631 1243 2720 1298 tali
2751 1243 2893 1299 enim
2937 1243 3108 1301 ltostia
3151 1245 3464 1304 deleetatnr.

1883 1326 2106 1382 Cantabo
2136 1339 2183 1384 et
2217 1331 2434 1402 psallam
2462 1331 2682 1390 Domino
2705 1351 2725 1389 :
2749 1335 2911 1393 corde
2938 1345 3096 1410 atque
3135 1347 3297 1410 opere
3326 1337 3466 1398 lacta-

1881 1420 1984 1477 bor
2008 1423 2059 1477 itt
2088 1423 2331 1480 Domino.

1955 1513 2006 1568 7.
2039 1513 2187 1587 [verm
2222 1515 2298 1592 7.]
2339 1517 2570 1588 Exaudi,
2619 1521 2868 1591 Domine,
2915 1541 3084 1582 vocem
3130 1543 3328 1595 meum,
3372 1546 3468 1599 qua

1882 1606 2098 1662 clamavi
2131 1610 2200 1664 ad
2235 1620 2283 1665 te
2306 1627 2325 1666 :
2351 1613 2572 1682 exaudi,
2607 1615 2860 1683 Domine,
2897 1634 3080 1675 meum
3125 1621 3428 1677 interiorem
3449 1664 3465 1690 ,

1881 1715 2040 1772 quam
2075 1702 2125 1758 in
2157 1719 2316 1761 aures
2345 1714 2464 1764 tuas
2500 1706 2621 1766 furti
2665 1710 2958 1768 intentione
2995 1713 3185 1769 direxi.
3230 1714 3468 1771 Miserere

1883 1792 2014 1860 utet“,
2053 1802 2102 1850 et
2143 1796 2330 1852 exaudi
2376 1815 2455 1854 me
2481 1815 2501 1854 :
2548 1797 2803 1860 miserere
2848 1805 2988 1872 mei,
3033 1813 3090 1860 et
3139 1807 3330 1862 exaudi
3380 1824 3467 1864 me

1881 1898 1934 1938 tn
1960 1899 2042 1939 Cit.

1954 1977 2009 2032 8.
2039 1976 2187 2051 [rem
2221 1980 2299 2054 8.]
2339 1981 2454 2036 Tibi
2491 1983 2620 2037 dixit
2659 2001 2747 2039 cor
2781 2003 2946 2040 meum
2973 2003 2992 2042 :
3026 1988 3246 2056 Qna’sivi
3277 1989 3466 2044 rultunt

1882 2077 2045 2124 (nutu.
2075 2071 2189 2126 Non
2221 2074 2361 2128 enim
2392 2075 2692 2131 ltotttittlbus
2719 2085 2804 2133 nte
2834 2081 3130 2143 ostentavi;
3162 2080 3256 2135 sed
3295 2081 3344 2134 itt
3377 2097 3465 2138 se-

1881 2174 2030 2219 creto
2057 2165 2140 2219 ubi
2169 2169 2314 2221 solus
2342 2169 2529 2236 audis,
2575 2169 2666 2226 tibi
2693 2171 2829 2226 dixit
2856 2188 2951 2229 cor
2980 2189 3154 2228 meum
3189 2193 3202 2230 :
3235 2175 3467 2242 Qnmsivi

1854 2262 1858 2264 ’
1883 2270 1987 2308 non
2013 2272 2042 2310 a
2066 2266 2117 2312 te
2139 2257 2350 2327 aliquod
2382 2268 2528 2314 extra
2554 2271 2604 2316 te
2629 2262 2923 2329 przrtniutn,
2954 2264 3047 2318 sed
3073 2265 3268 2319 vultum
3294 2277 3464 2323 tuum.

1892 2333 2096 2402 Vultum
2130 2357 2302 2414 tttttnt,
2353 2347 2597 2415 Domine,
2640 2354 2932 2422 requiram:
2975 2347 3098 2409 huic
3143 2356 3465 2426 inquisitioni

1881 2445 2290 2512 perseveranter
2329 2443 2570 2510 inslalto;
2620 2455 2726 2500 non
2767 2435 2906 2502 enim
2953 2447 3057 2502 t'ilt':
3100 2447 3328 2517 aliqttltl,
3373 2451 3466 2506 sed

1881 2536 2084 2592 Vultum
2119 2543 2299 2604 litum,
2343 2529 2596 2605 Demitto,
2643 2541 2910 2608 requiram
2933 2583 2948 2607 ,
2981 2541 3036 2596 t'tl
3061 2541 3225 2613 gratis
3253 2555 3302 2600 te
3342 2543 3468 2601 tllll~

1879 2643 2019 2700 gain,
2054 2623 2174 2697 quia
2209 2629 2495 2699 pretioéius
2523 2627 2720 2701 aliquid
2750 2645 2852 2686 non
2883 2633 3114 2690 llit'cui'o.

1951 2717 2004 2777 9.
2038 2713 2190 2796 ['t'ers.
2223 2713 2303 2796 9.]
2331 2711 2413 2778 Ne
2432 2732 2631 2779 avertas
2680 2721 2870 2780 vultum
2900 2731 3038 2782 luunt
3065 2747 3096 2784 α
3123 2740 3201 2785 nte
3240 2741 3259 2787 ἓ
3286 2741 3343 2788 ttt
3391 2731 3472 2789 ltt-

1881 2815 2089 2869 veniant
2118 2815 2260 2886 quod
2298 2829 2499 2890 qna-ro.
2546 2809 2630 2874 Ne
2658 2815 2875 2874 declines
2916 2824 2967 2878 iu
2997 2821 3074 2878 ira
3111 2844 3141 2879 (ι
3166 2841 3307 2881 servo
3338 2837 3422 2883 tuo
3450 2845 3470 2884 :

1882 2915 1949 2963 ne
1981 2913 2030 2962 te
2057 2923 2339 2979 qtncrcns,
2385 2910 2435 2964 in
2479 2900 2622 2966 aliud
2668 2903 2954 2968 incurram.
3001 2913 3136 2986 Quid
3183 2918 3325 2974 enim
3371 2919 3470 2978 ltac

1880 3003 2037 3070 pinna
2081 3001 2296 3072 gravius
2333 3001 2529 3058 amanti
2575 3011 2631 3060 et.
2665 3008 2923 3075 (μω-νωιιὶ
2972 3011 3246 3068 veritatem
3290 3009 3468 3069 vultus

1883 3082 1998 3147 lui?
2025 3091 2244 3164 Adjutor
2271 3111 2408 3148 meus
2435 3101 2538 3150 esto
2562 3113 2582 3150 :
2611 3097 2824 3168 quando
2859 3089 2996 3156 lianc
3037 3097 3334 3172 inveniam,
3368 3107 3466 3161 nisi

1884 3195 1938 3239 tn
1965 3183 2219 3254 adiuves?
2253 3177 2335 3242 Ne
2364 3185 2682 3260 derelinquas
2723 3209 2831 3258 me,
2874 3210 3030 3263 neque
3067 3194 3314 3267 despicias
3353 3217 3465 3266 me,

1879 3275 2022 3330 Deus
2050 3271 2291 3332 salutaris
2320 3294 2456 3333 meus
2481 3296 2498 3333 :
2529 3296 2699 3354 neque
2727 3293 3040 3342 eontentnas
3061 3279 3199 3358 quod
3229 3287 3467 3347 mortalis

1882 3377 2139 3424 mternum
2177 3369 2337 3425 audet
2376 3367 2675 3444 inquirere;
2710 3377 2765 3429 tu
2804 3373 2947 3432 enim
2989 3373 3127 3434 Deus
3155 3395 3313 3436 sanas
3350 3381 3466 3456 pla-

1881 3476 1999 3538 gam
2033 3462 2230 3534 peccati
2260 3463 2384 3518 mei.

1954 3551 2040 3609 10.
2075 3547 2226 3628 [υενε.
2260 3547 2373 3629 10]
2407 3547 2660 3623 Quoniam
2694 3570 2838 3630 pater
2888 3577 3027 3617 meus
3065 3561 3113 3617 el
3157 3567 3315 3618 mater
3356 3575 3466 3622 mea

1880 3633 2252 3716 dercliqnerunt
2295 3663 2410 3702 me:
2435 3645 2687 3719 quoniam
2733 3668 2952 3721 regnum
2995 3653 3174 3709 smculi
3213 3654 3372 3730 ltujtts
3412 3666 3466 3715 et

1878 3735 2064 3790 civitas
2091 3735 2269 3792 smculi
2303 3731 2479 3810 ltujus,
2512 3755 2577 3795 ex
2617 3737 2809 3812 quibus
2841 3746 3203 3815 temporaliter
3227 3756 3283 3802 et
3318 3763 3463 3804 utor-

1879 3824 2059 3882 taliter
2087 3841 2245 3884 natus
2273 3845 2390 3885 sum
2411 3872 2428 3899 ,
2459 3829 2860 3903 dereliqucrunt
2889 3851 2973 3889 me
3010 3849 3335 3906 qumretttettt
3377 3843 3427 3896 le
3446 3883 3462 3908 ,

1879 3927 1935 3974 et
1983 3917 2379 3998 despicientem
2417 3939 2534 3994 qua:
2585 3917 2997 3994 promittebant,
3044 3943 3164 3982 cum
3219 3928 3270 3983 id
3323 3932 3465 4000 quod

1877 4029 2061 4085 quarm
2089 4012 2215 4067 dare
2257 4025 2640 4084 non-spossent.
2690 4013 2940 4072 Dominus
2985 4028 3153 4072 autem
3191 4021 3464 4091 assumpsit

1877 4119 1996 4159 me:
2031 4101 2282 4160 Dominus
2305 4096 2413 4172 uti
2437 4123 2519 4174 tu,
2556 4108 2646 4179 qui
2686 4117 2862 4180 potest
2904 4107 3016 4179 ipse
3043 4105 3172 4167 dare
3209 4106 3338 4166 milii
3366 4128 3457 4181 se,

1874 4197 2162 4267 assitmpsit
2191 4213 2295 4253 me.

1949 4291 2035 4347 Η.
2067 4289 2218 4364 [vers.
2253 4283 2364 4366 4L]
2395 4283 2578 4364 Legem
2632 4287 2758 4350 mihi
2808 4291 3086 4363 constitue,
3119 4289 3362 4362 Domine,
3408 4293 3462 4352 in

1876 4383 1956 4437 via
1985 4393 2112 4439 tua:
2140 4383 2206 4438 ad
2239 4391 2289 4438 te
2328 4368 2486 4455 igitur
2526 4384 2793 4454 tendenti,
2832 4395 2888 4441 et
2931 4396 3128 4442 tantam
3171 4389 3459 4458 professio-

1877 4493 1998 4538 nem
2024 4475 2364 4547 pervcniendi
2393 4475 2459 4531 ad
2495 4477 2811 4548 sapientiam
2839 4493 2871 4532 a
2904 4478 3093 4534 timore
3120 4479 3387 4535 incltoanti
3417 4479 3456 4550 ¹,

1875 4569 2045 4641 legem
2073 4569 2202 4625 mihi
2251 4571 2544 4638 constitue,
2573 4567 2828 4641 Domine,
2862 4565 2915 4628 in
2947 4572 3026 4628 via
3057 4581 3141 4628 ttta
3163 4617 3178 4638 ,
3211 4583 3276 4630 ne
3301 4571 3458 4631 abcr-
3499 4617 3502 4619 »

1875 4663 2078 4719 ranlcm
2107 4661 2386 4735 disciplina
2419 4674 2505 4719 tua
2543 4662 2776 4720 deserat.
2805 4655 2872 4720 Et
2898 4657 3060 4738 dirige
3086 4682 3164 4722 me
3192 4665 3244 4720 in
3283 4666 3459 4722 semita

1873 4764 2011 4810 recta
2047 4765 2251 4826 propter
2279 4753 2507 4810 inimicos
2535 4773 2669 4811 meos
2693 4771 2712 4811 :
2736 4765 2790 4812 et
2822 4749 2990 4830 dirige
3028 4773 3114 4814 me
3158 4759 3210 4814 in
3243 4759 3460 4814 rectitu-

1875 4837 1999 4906 dine
2027 4848 2388 4919 angustiarum
2434 4841 2583 4920 ejus;
2617 4865 2722 4904 non
2753 4845 2893 4903 enim
2932 4841 3184 4906 inclmare
3221 4839 3418 4908 sufficit
3449 4894 3464 4920 ,

1875 4955 1994 4997 cum
2028 4940 2256 5006 inimici,
2289 4939 2459 4995 donec
2487 4940 2849 5012 perveniatur,
2880 4957 2984 4996 non
3017 4923 3310 5013 quiescant.

1945 5033 2033 5088 12.
2061 5025 2209 5105 [vers.
2242 5025 2354 5105 12.]
2386 5023 2469 5087 Ne
2496 5031 2764 5087 tradideris
2794 5050 2872 5088 me
2899 5025 2951 5089 in
2988 5035 3183 5090 animos
3211 5029 3458 5091 tribulati-

1874 5127 1999 5180 tium
2023 5143 2100 5180 me
2130 5142 2149 5178 :
2176 5141 2244 5179 ne
2289 5125 2432 5180 siuas
2478 5127 2792 5182 triltulantes
2837 5143 2921 5180 me
2966 5128 3146 5183 satiari
3192 5128 3260 5184 de
3300 5129 3455 5183 malis

1872 5215 2024 5274 meis.
2059 5216 2309 5282 Quoniam
2347 5217 2727 5273 insurrexerunt
2754 5218 2877 5272 mitti
2916 5227 3061 5273 testes
3087 5218 3246 5290 iniqui
3272 5235 3290 5272 :
3316 5231 3448 5288 qttoo

1871 5305 2011 5366 niam
2043 5307 2447 5364 insurrexerunt
2491 5307 2542 5364 in
2587 5326 2673 5365 tne
2700 5308 2829 5364 falsa
2860 5299 2925 5364 de
2972 5325 3056 5366 nte
3099 5308 3356 5372 dicentes,
3387 5308 3452 5361 ad

1870 5401 2220 5458 atnovendmn
2249 5400 2684 5457 ct-reroetmdum
2715 5411 2802 5457 me
2825 5401 2919 5456 abs
2946 5408 3019 5468 te,
3049 5399 3200 5471 quasi
3228 5401 3450 5470 gloriam

1867 5494 1937 5552 ab
1978 5491 2279 5550 hominibus
2307 5508 2564 5564 quierant.
2609 5489 2678 5546 Et
2720 5491 2926 5547 mentita
2965 5497 3038 5548 est
3072 5483 3308 5564 iniquitas
3335 5489 3449 5547 sibi.

1930 5741 1946 5772 ⁸
1973 5738 2086 5802 add.
2113 5745 2164 5802 et
2181 5735 2403 5802 plerique
2422 5736 2550 5802 Mss,
2575 5737 2620 5788 et
2642 5735 2710 5802 ad
2726 5737 2909 5802 εαῃιαηι
2924 5724 3271 5802 professionem
3288 5749 3448 5802 nenec

1864 5799 2031 5861 nienti,
2057 5800 2123 5851 ad
2143 5791 2423 5859 stipient'iatn
2447 5811 2485 5861 αθ
2500 5791 2669 5849 timere
2690 5791 2951 5861 ittcltoatttl.
2975 5791 3067 5848 κὸς
3079 5797 3218 5861 Juxta
3238 5791 3449 5853 (adibat.

1865 5872 1970 5927 313.,
2016 5857 2060 5915 et
2085 5857 2264 5913 tantum
2286 5860 2625 5928 professionem
2644 5857 2970 5925 ρενυεηὶεηάί,
2999 5857 3094 5912 etc;

3477 4940 3487 5001 ξ
