3950 6406
599 330 708 393 I99

598 446 784 517 Itaque
813 438 1064 511 iniquitas
1089 433 1366 492 mendacio
1391 444 1490 486 suo
1526 430 1785 487 delectata
1811 436 1914 484 est.
1945 427 2078 484 Nam
2105 442 2194 485 me

603 553 710 593 non
738 535 924 600 movit,
953 531 1037 588 cui
1073 544 1138 584 ex
1167 526 1268 581 hoc
1307 523 1569 595 promissa
1593 530 1677 578 est
1704 535 1913 577 merces
1941 521 2114 591 major
2139 519 2195 574 in

604 630 780 687 cmlis.

677 719 763 774 13.
793 714 942 790 [vers.
988 709 1100 784 15.]
1127 705 1288 765 Credo
1337 707 1505 761 videre
1543 706 1674 760 bona
1700 702 1929 769 Domini,
1966 702 2021 756 in
2062 710 2196 756 terra

601 811 866 867 viventium
897 822 916 862 :
942 814 996 861 et
1022 802 1274 874 quoniam
1299 799 1416 854 h:cc
1443 798 1590 870 prior
1615 811 1804 867 passus
1823 805 1907 851 est
1935 793 2194 850 Dominus

601 917 786 968 meus;
835 900 878 953 si
919 911 1020 968 ego
1061 908 1276 967 quoque
1323 892 1528 962 linguas
1572 888 1912 944 morientium
1957 887 1972 917 ⁸
2004 891 2193 941 conte-

600 1008 776 1049 mnam
813 990 909 1056 (Os
934 988 1076 1044 cnim
1103 984 1242 1056 quod
1272 983 1524 1039 mentitur
1552 979 1746 1036 occidit
1774 979 2005 1032 animam
2033 975 2190 1050 [Sap.

602 1102 640 1144 ι.
676 1084 810 1158 11]),
839 1081 989 1136 rrcdo
1033 1079 1198 1134 uidere
1229 1078 1359 1132 bona
1389 1075 1596 1130 Domini
1622 1073 1676 1128 in
1720 1083 1856 1127 terra
1884 1070 2150 1126 viventium
2172 1110 2190 1136 ,

597 1178 688 1235 ubi
721 1178 897 1232 nullus
921 1183 1004 1231 est
1042 1171 1256 1227 falsitati
1288 1170 1458 1225 locus.

673 1270 760 1324 14.
811 1265 962 1340 [rers.
999 1261 1111 1336 14]
1149 1261 1357 1317 Sustine
1392 1257 1692 1322 Dominum,
1723 1254 1935 1310 uiriliter
1971 1269 2070 1326 age
2101 1266 2121 1306 :
2147 1259 2196 1306 et

599 1363 908 1430 confortetur
931 1373 1016 1410 cor
1031 1363 1195 1420 tuum,
1225 1361 1271 1407 et
1296 1352 1486 1406 sustine
1515 1349 1810 1404 Dominum.
1841 1345 1950 1402 Sed
1981 1343 2195 1416 quando

601 1452 743 1510 istud
769 1451 908 1506 erit?
935 1449 1172 1504 Arduum
1203 1454 1287 1502 est
1329 1443 1564 1511 mortali,
1600 1441 1807 1498 tardum
1838 1449 1921 1496 est
1944 1437 2144 1494 amanti
2177 1453 2192 1492 :

601 1545 696 1602 sed
724 1544 844 1598 audi
871 1560 974 1596 non
1002 1540 1238 1596 fallacem
1263 1553 1448 1593 vocem
1473 1535 1702 1591 dicentis
1732 1553 1744 1589 :
1781 1533 1988 1589 Sustine
2018 1530 2193 1587 Domi-

602 1655 746 1694 nunt.
778 1637 967 1692 Tolcra
1010 1634 1273 1689 ustionem
1320 1645 1509 1686 renum
1555 1628 1801 1692 viriliter,
1848 1635 1902 1682 et
1933 1625 2198 1680 ustionem

601 1723 783 1786 cordis
814 1728 1018 1784 fortiter
1049 1746 1062 1782 :
1092 1741 1197 1781 non
1247 1724 1340 1779 tibi
1372 1731 1620 1794 negatum
1667 1729 1841 1791 putes,
1871 1718 2014 1789 quod
2056 1732 2195 1773 non-

600 1820 728 1876 dum
757 1820 974 1890 accipis.
1019 1817 1096 1873 Ne
1125 1815 1497 1886 desperatione
1525 1813 1766 1880 deﬁcias,
1797 1811 1917 1867 vide
1959 1810 2084 1882 quia
2109 1809 2197 1866 di-

598 1921 744 1968 ctum
772 1917 855 1966 est
883 1926 897 1964 :
929 1907 1138 1964 Sustine
1165 1906 1458 1960 Dominum.

1127 2035 1524 2093 ENARRATIO
1562 2033 1626 2090 11.

1111 2185 1281 2225 81211Νο
1318 2186 1387 2224 Δί)
1424 2181 1650 2224 Ριειιειι.

677 2314 728 2368 Ι.
757 2309 1014 2366 Dominus
1033 2307 1173 2363 Deus
1195 2317 1378 2362 noster
1402 2305 1677 2375 alloquens
1695 2312 1750 2358 et
1768 2303 2055 2358 consolans
2075 2315 2196 2369 nos,

614 2402 856 2475 profecto
883 2414 1018 2470 quos
1061 2398 1276 2468 respicit
1312 2411 1376 2452 ex
1404 2395 1549 2465 justo
1576 2393 1778 2464 judicio
1805 2407 1904 2448 suo
1933 2394 1985 2448 in
2004 2392 2202 2448 sudore

610 2496 788 2550 vultus
809 2493 973 2548 nostri
1003 2506 1195 2562 panem
1222 2489 1545 2544 manducare
1571 2485 1724 2557 (Gen.
1753 2501 1832 2552 ιιι,
1868 2484 1978 2554 l9),
2012 2501 2076 2540 ex
2105 2499 2202 2540 no-

613 2587 696 2642 bis
731 2585 884 2641 nobis
913 2582 1056 2654 loqui
1083 2581 1348 2652 dignatur,
1378 2588 1437 2634 ut
1463 2577 1709 2633 ostendat
1743 2577 1864 2646 quia
1895 2591 1998 2630 non
2027 2575 2198 2630 solum

603 2688 687 2736 est
735 2677 979 2734 conditor
1031 2683 1232 2740 noster,
1284 2671 1379 2728 sed
1428 2681 1484 2728 et
1528 2671 1815 2725 habitator.
1863 2669 2038 2724 Voces
2083 2669 2199 2724 istze

601 2768 820 2832 Psalmi,
870 2781 1002 2838 quas
1025 2765 1347 2829 audivimus,
1376 2771 1432 2819 et
1476 2777 1544 2819 ex
1577 2769 1728 2833 parte
1771 2761 2123 2826 cantavimus,
2151 2760 2201 2816 si

602 2861 843 2916 dicamus
873 2857 1015 2930 quod
1061 2867 1257 2913 nostrae
1302 2859 1430 2922 sint,
1481 2855 1776 2912 verendum
1807 2865 1892 2910 est
1935 2853 2200 2925 quemad-

599 2954 818 3011 modum
869 2967 1056 3008 verum
1102 2950 1344 3005 dicamus
1387 2966 1403 3003 :
1450 2957 1573 3004 sunt
1625 2946 1769 3003 enim
1819 2961 1978 3003 voces
2027 2947 2196 3018 magis

599 3045 829 3114 Spiritus
857 3043 948 3097 Dei
973 3057 1131 3112 quam
1153 3049 1371 3096 nostrse.
1397 3039 1628 3093 Rursum
1650 3038 1696 3092 si
1725 3037 1965 3093 dicamus
1987 3046 2198 3092 nostras

601 3150 709 3192 non
736 3149 876 3197 esse,
922 3132 1158 3202 proiecto
1187 3129 1498 3185 mentimur.
1545 3127 1660 3182 Non
1691 3129 1834 3182 enim
1861 3137 1944 3183 est
1972 3129 2199 3197 gemitus

602 3227 706 3285 nisi
736 3226 1084 3281 laborantium
1112 3230 1239 3278 :aut
1262 3219 1437 3276 omnis
1463 3219 1562 3274 ista
1590 3233 1712 3281 vox,
1737 3233 1855 3288 qua:
1885 3218 1971 3274 hic
1997 3219 2195 3286 sonuit,

603 3318 760 3391 plena
810 3314 1012 3369 doloris
1056 3322 1110 3368 et
1157 3311 1535 3383 lacrymarum,
1583 3316 1760 3378 potest
1788 3324 1908 3364 esse
1952 3309 2068 3378 ejus
2106 3309 2197 3380 qui

605 3423 876 3482 nunquam
921 3413 1097 3477 potest
1139 3418 1259 3459 esse
1302 3402 1484 3457 miser.
1534 3401 1792 3455 Dominus
1836 3415 1963 3471 ergo
1993 3400 2200 3456 miseri-

605 3517 749 3567 cors,
794 3515 892 3554 nos
921 3497 1100 3553 miseri
1132 3515 1146 3550 :
1180 3496 1488 3552 misericors
1518 3493 1658 3563 loqui
1689 3491 1935 3564 dignatus
1966 3493 2198 3561 miseris,

605 3594 854 3664 dignatur
874 3590 1034 3645 etiam
1055 3588 1127 3642 uti
1152 3587 1202 3641 in
1227 3585 1355 3655 ipsis
1379 3599 1512 3640 voce
1534 3584 1872 3639 miserorum.
1901 3582 1974 3637 lla
1994 3593 2201 3638 utrum-

605 3699 710 3756 que
753 3696 937 3738 verum
979 3687 1080 3745 (⁸51,
1121 3688 1175 3733 et
1204 3685 1440 3733 ROSU'illll
1467 3689 1587 3731 esse
1633 3689 1842 3740 vocem,
1885 3685 1939 3731 et
1966 3684 2200 3729 nostram

605 3791 713 3832 non
744 3789 903 3838 esse;
943 3781 998 3828 et
1022 3770 1250 3840 Spiritus
1282 3768 1373 3822 Dei
1418 3782 1537 3822 esse
1569 3781 1780 3831 vocem,
1810 3776 1865 3821 et
1895 3767 2062 3836 ipsius
2089 3780 2196 3820 non

605 3881 745 3923 esse.
773 3865 1001 3935 Spiritus
1045 3862 1135 3916 Dei
1181 3877 1285 3915 vox
1329 3866 1433 3923 est,
1465 3858 1587 3929 quia
1620 3858 1719 3912 ista
1765 3857 1864 3913 nisi
1911 3857 2002 3912 illo
2034 3856 2199 3927 inspi-

603 3969 760 4017 rante
788 3973 892 4012 non
920 3956 1221 4010 diceremus
1250 3970 1262 4005 :
1293 3951 1458 4022 ipsius
1485 3962 1662 4006 autem
1695 3966 1797 4003 non
1829 3956 1933 4015 est,
1962 3948 2086 4019 quia
2109 3948 2198 4004 ille

605 4067 706 4109 nec
728 4051 892 4105 miser
909 4057 1010 4107 est.
1042 4061 1141 4102 nec
1174 4046 1396 4100 laborat.
1431 4043 1550 4099 lstzn
1576 4053 1751 4097 autem
1785 4058 1942 4096 voces
1969 4042 2200 4097 misero-

603 4160 724 4201 rum
757 4151 812 4198 et
857 4140 1209 4196 laborantium
1236 4144 1382 4192 sunt.
1416 4136 1618 4189 Rursus
1664 4143 1860 4189 nostrae
1904 4141 2049 4201 sunt,
2078 4134 2200 4204 quia

606 4249 764 4290 voces
794 4241 917 4286 sunt
961 4230 1255 4286 indicantes
1301 4226 1571 4282 miseriam
1602 4234 1837 4280 nostram
1869 4243 1883 4277 :
1916 4226 2043 4278 item
2093 4238 2198 4278 non

606 4336 732 4382 sunt
771 4334 1000 4388 nostrre,
1033 4321 1151 4391 quia
1184 4335 1246 4374 ex
1296 4317 1438 4372 dono
1479 4316 1595 4386 ejus
1641 4315 1724 4370 vel
1769 4330 1986 4384 gemere
2016 4329 2197 4384 mere-

607 4435 745 4474 mur.

675 4512 731 4566 2.
782 4509 933 4584 [βενε.
985 4505 1060 4580 1.]
1111 4504 1350 4560 Psalmus
1395 4503 1560 4558 David
1602 4503 1894 4573 priusquam
1945 4501 2196 4557 (iniretur.

526 4632 528 4634 τ
608 4607 721 4663 lloc
747 4604 906 4660 habet
928 4601 1111 4656 titulus
1137 4599 1331 4654 Psalml
1354 4600 1374 4629 ’
1406 4615 1418 4650 :
1449 4595 1686 4654 Psatmus
1712 4595 1876 4651 David
1903 4596 2197 4668 priusquam

609 4699 859 4758 (iniretur,
892 4695 994 4750 hoc
1022 4701 1124 4757 est,
1176 4689 1483 4761 priusquam
1531 4698 1834 4760 ungerctur.
1884 4687 2089 4745 Unctus
2116 4694 2202 4743 est

610 4793 754 4849 enim
782 4789 870 4844 ille
899 4797 956 4841 ut
985 4802 1076 4841 rex
1108 4784 1152 4854 (l
1188 4782 1310 4854 Reg.
1343 4798 1452 4846 xvr,
1487 4783 1600 4853 15).
1631 4781 1697 4837 Et
1722 4781 1868 4836 solus
1897 4781 1917 4812 ³
1947 4789 2072 4834 tunc
2100 4795 2200 4834 un-

609 4883 829 4953 gehatur
873 4895 988 4942 rex,
1039 4885 1094 4932 et
1143 4873 1438 4932 sacerdos:
1471 4872 1590 4928 dua:
1644 4873 1758 4927 ista:
1823 4872 1913 4926 illo
1962 4882 2202 4942 tempore

611 4987 781 5032 unette
822 4985 1080 5045 persona).
1123 4969 1180 5023 lo
1224 4967 1429 5023 duabus
1473 4966 1716 5038 personis
1759 4965 2198 5038 praeﬁgurabatur

675 5204 688 5234 ε
719 5198 868 5249 ιῐᾱὶιῑο
888 5203 1022 5252 Lov.,
1045 5192 1115 5246 sic
1137 5205 1234 5259 ego
1246 5202 1430 5255 quoque
1451 5190 1894 5259 {dissentientibus
1914 5188 2113 5259 caeteris
2135 5185 2198 5236 li-

607 5265 728 5314 bris.
765 5267 817 5310 Et
838 5273 946 5309 mox
979 5249 1089 5308 eum
1122 5249 1447 5306 editioae't-Zr.
1473 5253 1703 5308 habebat,
1744 5249 1929 5313 linguas
1967 5249 2197 5314 mentien-

607 5311 746 5376 tium.
771 5321 862 5371 Sed
899 5319 1066 5369 verius
1094 5324 1222 5374 Mss”
1255 5313 1574 5366 moientium.
1612 5325 1708 5377 qua
1730 5311 1849 5377 voce
1873 5326 1962 5377 per
1985 5311 2198 5377 antithe-

625 5373 701 5436 sim
739 5384 798 5433 ad
836 5379 1247 5444 riventium,_usus
1283 5377 1436 5444 fuisse
1478 5373 1768 5444 Attgtistiuus
1802 5373 2088 5444 intelligitur
2133 5383 2198 5422 ex

615 5433 707 5500 illis
730 5447 896 5495 verbis
920 5458 932 5493 :
959 5450 1022 5493 Os
1046 5433 1172 5491 enim
1194 5439 1322 5504 quod
1345 5433 1573 5504 mentum"
1592 5434 1767 5504 occidit
1790 5433 2018 5484 annnam.

681 5511 703 5542 ι
731 5514 780 5555 ι.ι
828 5507 939 5556 ωδ.
985 5497 1341 5554 deerant'hzec
1379 5501 1556 5563 verba,
1599 5497 1671 5547 rel
1711 5507 2197 5563 gemeremeremur.

616 5554 839 5623 Psahmts
866 5554 1030 5617 David
1073 5564 1354 5624 priusquam
1405 5554 1642 5612 (iniretur.
1698 5554 1797 5624 Ι)ος
1845 5556 1981 5608 habet
2037 5554 2202 5609 titulus

615 5630 793 5684 Psalmi
823 5644 838 5680 :
855 5641 973 5692 quae
995 5623 1650 5692 undecimhlss._auctoritate
1672 5623 2012 5692 restituuntur.

680 5678 796 5741 il"sit:
815 5678 957 5741 t’ﬁic.
981 5689 1167 5746 codex,
1197 5693 1250 5749 et
1282 5688 1500 5749 quinque
1519 5682 1679 5734 Gallic.
1712 5689 1818 5732 Mss.
1839 5681 1956 5749 βόα.
1981 5691 2102 5730 vero
2122 5678 2200 5730 fe-

615 5754 820 5864 r823?“
856 5756 1114 5863 (acuunt
1136 5743 1265 5799 enim
1284 5743 1366 5799 ille
1399 5743 1449 5796 u't
1487 5759 1578 5796 rea:
1600 5751 1646 5796 et
1678 5743 1919 5795 sacerdos.
1952 5751 2076 5793 Tunc
2109 5754 2200 5792 un-

618 5831 674 5864 ae
707 5832 734 5864 (ι
758 5828 830 5864 ur.
853 5827 883 5863 e

618 5820 830 5883 ρωπίαν,
853 5820 946 5863 etc.

1801 316 1859 373 S.
1899 312 2264 374 AUGUSTINI
2307 316 2612 380 EPISCOPI
3773 329 3854 389 200

2300 435 2510 492 futurus
2539 452 2676 492 unus
2717 451 2814 494 rex
2840 444 2895 493 et
2922 436 3194 505 sacerdos,
3225 446 3464 510 utroque
3504 453 3713 496 munere
3749 459 3851 501 unus

2297 528 2562 597 Christus,
2591 538 2647 586 et
2677 530 2799 587 ideo
2825 530 3071 586 Christus
3115 545 3146 585 a
3187 529 3508 587 chrismate.
3558 530 3667 588 Non
3708 535 3843 592 solum

2295 629 2473 676 autem
2501 631 2660 690 caput
2689 630 2928 676 nostrum
2955 630 3170 676 unctum
3200 631 3306 690 cst,
3357 621 3456 678 sed
3489 631 3546 676 et
3565 636 3742 693 corpus
3765 625 3851 694 cjns

2297 724 2395 764 nos
2421 710 2542 781 ipsi.
2573 710 2688 767 Rex
2716 720 2892 768 autem
2920 721 3022 779 est,
3054 712 3177 783 quia
3219 729 3320 769 nos
3346 713 3491 784 regit
3516 721 3572 769 et
3595 713 3762 782 ducit;
3788 733 3852 773 sa-

2296 801 2635 874 certlos,quia
2678 819 2775 874 pro
2814 803 2970 859 nobis
3015 804 3315 875 interpellat
3350 803 3551 878 (Rom.
3575 808 3837 877 vnt,'5't).E

2298 893 2515 964 quidem
2573 895 2727 950 solus
2794 895 2886 952 ille
2935 896 3186 952 sacerdos
3243 897 3366 952 talis
3425 897 3634 964 extitit,
3690 910 3738 953 ut
3773 903 3854 971 ipse

2297 994 2442 1041 esset
2483 986 2643 1042 etiam
2676 986 3016 1043 sacriﬁcium.
3060 988 3399 1044 Sacriﬁcium
3431 987 3626 1044 obtulit
3660 990 3757 1046 Deo
3777 1010 3854 1050 non

2297 1078 2442 1133 aliud
2483 1094 2640 1150 quam
2671 1081 2925 1150 seipsnm.
2972 1079 3088 1135 Non
3130 1081 3274 1138 enim
3307 1083 3586 1139 inveniret
3629 1095 3855 1154 prrcterse

2299 1170 2703 1227 mundissimam
2747 1173 3062 1231 rationalem
3108 1173 3406 1240 victimam.
3456 1186 3705 1248 tanquam
3729 1195 3854 1250 agnus

2299 1263 2671 1322 immaculatus
2715 1264 2831 1320 fuso
2877 1267 3136 1336 sanguine
3163 1282 3262 1323 suo
3305 1268 3586 1325 redimens
3625 1287 3731 1335 nos,
3755 1289 3854 1329 con.

2299 1369 2590 1427 corporans
2614 1371 2712 1412 nos
2736 1357 2859 1424 sibi,
2891 1359 3090 1414 faciens
3115 1374 3214 1415 nos
3237 1360 3485 1416 membra
3509 1377 3626 1425 sua,
3649 1373 3702 1417 ιιι
3720 1364 3762 1417 in
3787 1365 3850 1420 illo

2299 1455 2355 1502 et
2396 1462 2493 1502 nos
2522 1446 2765 1503 Christus
2804 1462 3066 1506 essemus.
3099 1450 3224 1507 Ideo
3253 1451 3318 1507 ad
3348 1467 3545 1508 omnes
3575 1451 3853 1510 Christianos

2299 1537 2532 1606 pertinet
2573 1538 2754 1595 unctio
2787 1558 2802 1595 :
2834 1540 3101 1611 prioribus
3129 1550 3307 1598 autem
3341 1543 3554 1600 Veteris
3579 1543 3852 1601 Testatncnti

2298 1628 2630 1698 temporibus
2673 1630 2738 1686 ad
2781 1631 2916 1688 duas
2941 1633 3083 1689 solas
3126 1649 3389 1705 personas
3421 1637 3732 1706 pertinebat.
3761 1637 3851 1694 Inde

2299 1729 2478 1776 autem
2517 1731 2738 1792 apparet
2776 1721 2972 1780 Christi
3002 1738 3196 1796 corpus
3241 1742 3340 1780 nos
3369 1742 3518 1796 esse,
3549 1728 3668 1798 quia
3707 1744 3850 1784 omnes
3912 1773 3913 1776 η

2299 1809 2547 1880 ungimur
2575 1827 2589 1864 :
2617 1819 2671 1865 et
2694 1826 2879 1867 omnes
2919 1813 2972 1868 in
3019 1814 3110 1869 illo
3139 1823 3194 1871 et
3218 1815 3421 1871 Christi
3451 1826 3507 1873 et
3532 1816 3758 1874 Christus
3790 1834 3851 1873 διι-
3912 1839 3913 1880 t

2299 1917 2442 1969 mus,
2471 1902 2592 1972 quia
2623 1902 3016 1972 quodammodo
3047 1913 3189 1962 totus
3229 1906 3486 1963 Christus
3516 1917 3671 1977 caput
3695 1918 3742 1964 et
3763 1923 3849 1963 cor-

2299 2007 2401 2064 pus
2429 2001 2529 2048 est.
2558 1991 2749 2049 Uncﬁo
2795 1995 2894 2050 ista
2926 1996 3162 2065 perﬁciet
3207 2013 3305 2052 nos
3330 1999 3684 2069 spiritualiter
3708 2000 3753 2055 in
3788 1999 3848 2053 illa

2298 2083 2430 2148 vita,
2459 2099 2577 2154 qua:
2600 2083 2752 2139 nobis
2779 2085 3120 2154 promittitur.
3152 2084 3249 2142 Est
3272 2097 3457 2144 autem
3486 2088 3603 2146 hmo
3631 2104 3724 2145 vos
3745 2089 3847 2144 desi-

2300 2173 2536 2230 derantis
2585 2175 2729 2230 illam
2778 2177 2976 2242 vitam;
3006 2186 3088 2232 est
3127 2193 3228 2233 vox
3269 2179 3524 2251 quaedam
3555 2179 3849 2237 desiderantis

2301 2267 2523 2336 gratiam
2565 2265 2683 2333 Dei,
2731 2283 2848 2338 qum
2875 2266 2928 2322 in
2974 2269 3129 2324 nobis
3175 2270 3227 2325 in
3261 2270 3370 2326 ﬁne
3402 2271 3847 2342 perﬁcietur:ideo

2301 2357 2501 2412 dictum
2529 2367 2632 2424 cst,
2666 2356 2972 2430 Priusquam
2998 2360 3247 2415 (iniretur.
3275 2360 3548 2434 Ungimur
3573 2364 3707 2419 enim
3732 2361 3847 2418 modo

2303 2450 2355 2504 in
2387 2459 2742 2516 sacramento,
2765 2460 2820 2507 ct
2847 2462 3184 2509 sacramento
3211 2453 3328 2524 ipso
3351 2455 3714 2528 prteﬁguratur
3733 2454 3845 2526 quid-

2304 2540 2428 2595 dam
2457 2541 2599 2611 quod
2629 2541 2787 2597 futuri
2815 2559 3019 2599 sumus.
3052 2544 3120 2600 Et
3147 2545 3275 2601 illud
3307 2548 3497 2603 nescio
3517 2548 3640 2619 quid
3669 2547 3844 2604 futurum

2303 2632 2571 2690 ineffabile
2608 2634 2916 2692 desiderare
2941 2636 3220 2705 debemus,
3260 2647 3317 2694 et
3361 2639 3416 2694 in
3448 2648 3760 2696 sacramento
3780 2654 3842 2708 ge-

2302 2740 2478 2793 mere,
2512 2734 2569 2781 ut
2609 2724 2664 2781 in
2693 2741 2755 2782 ca
2785 2742 2845 2783 re
2885 2726 3210 2799 gaudeamus
3237 2744 3360 2800 qua:
3391 2740 3718 2788 sacramento
3742 2744 3842 2802 prte-

2303 2827 2650 2875 monstratur.

2374 2933 2428 2988 5.
2455 2933 2591 2989 Ecce
2619 2933 2744 3004 quid
2773 2933 2904 2991 dicit
2931 2953 2945 2991 :
2972 2934 3223 2992 Dominus
3242 2937 3558 2994 illuminatio
3585 2953 3706 3004 mea,
3729 2946 3766 2992 et
3783 2953 3842 2992 sa-

2304 3024 2484 3080 lutaris
2510 3042 2669 3086 meus.
2691 3043 2838 3098 quem
2858 3027 3037 3082 timebo
3054 3029 3080 3083 ?
3104 3029 3192 3084 ille
3219 3045 3306 3086 me
3335 3031 3625 3097 illuminat,
3649 3028 3841 3086 recedant

2305 3116 2577 3183 tenebrat;
2610 3115 2699 3173 ille
2719 3133 2805 3172 me
2826 3119 3014 3184 salvat,
3038 3120 3250 3176 recedat
3276 3121 3597 3188 inﬁrmitas;
3622 3121 3841 3176 ambulans

2303 3208 2356 3264 in
2386 3210 2584 3265 lumine
2615 3210 2818 3278 ﬁrmus,
2848 3227 3005 3282 quem
3044 3212 3282 3268 timebo?
3307 3213 3427 3269 Non
3448 3215 3591 3272 enim
3621 3213 3756 3269 talem
3779 3224 3836 3265 sa-

2303 3300 2465 3356 lutem
2487 3300 2578 3356 dat
2603 3302 2764 3370 Deus,
2792 3318 2911 3374 qua:
2938 3305 3006 3358 ab
3030 3305 3209 3376 aliquo
3237 3307 3409 3376 possit
3438 3303 3726 3377 extorqueri
3745 3320 3757 3368 ;
3777 3309 3839 3354 aut

2306 3392 2408 3447 tale
2435 3393 2610 3448 lumen
2629 3401 2731 3458 est,
2750 3395 2892 3465 quod
2913 3395 2982 3450 ab
3010 3396 3186 3467 aliquo
3205 3399 3377 3467 possit
3401 3396 3740 3454 obtcnebrari.
3766 3393 3838 3447 Do.

2305 3487 2480 3540 minus
2507 3485 2829 3551 illuminans,
2861 3501 2957 3544 nos
2995 3488 3316 3556 illuminati;
3366 3491 3620 3546 Dominus
3646 3488 3837 3546 salvatus.

2307 3593 2404 3633 nos
2425 3577 2612 3634 salvati
2637 3597 2650 3634 :
2673 3580 2717 3634 si
2743 3595 2872 3650 ergo
2898 3580 2984 3636 ille
3011 3580 3338 3649 illuminans,
3375 3599 3476 3638 nos
3502 3577 3756 3638 illuminati
3774 3591 3784 3640 ;
3804 3581 3840 3628 et

2307 3671 2396 3726 ille
2424 3671 2656 3737 salvans,
2689 3687 2787 3728 nos
2827 3673 3050 3740 salvati;
3095 3683 3290 3745 printer
3320 3675 3501 3746 ipsum
3541 3689 3634 3730 nos
3660 3668 3838 3727 tenebrat

2306 3774 2360 3820 et
2386 3764 2684 3820 inlirmitas.
2714 3765 2981 3822 [labentes
3013 3777 3191 3822 autem
3213 3771 3268 3822 in
3297 3768 3417 3838 ipso
3442 3782 3590 3839 spem
3615 3774 3783 3821 certam
3801 3764 3838 3813 et

2309 3856 2465 3911 ﬁxam
2494 3867 2546 3912 et
2577 3871 2782 3922 veram,
2813 3873 2970 3928 quem
3000 3858 3350 3914 timebimus?
3396 3860 3646 3916 Dominus
3685 3848 3836 3910 illumi-

2305 3949 2449 4004 natio
2477 3957 2585 4014 tua,
2619 3949 2872 4004 Dominus
2915 3950 3163 4006 salutaris
3213 3960 3354 4007 tuus.
3403 3951 3583 4008 Inveni
3626 3943 3834 4020 potentio-

2304 4059 2440 4110 rem,
2463 4053 2518 4100 et
2543 4043 2688 4099 time.
2720 4043 2800 4098 Ad
2824 4045 3246 4114 potentissimum
3273 4047 3537 4113 omnium,
3557 4043 3620 4100 ad
3647 4039 3836 4108 omnipo'

2307 4144 2527 4204 tentem,
2557 4137 2636 4193 sic
2678 4137 2941 4208 pertineo,
2987 4147 3044 4194 ut
3077 4146 3135 4195 et
3172 4139 3438 4196 illuminet
3481 4154 3584 4206 me,
3626 4144 3676 4192 et
3710 4131 3834 4187 saltet

2305 4246 2412 4296 me,
2455 4243 2556 4286 nec
2585 4230 2746 4285 timeo
2783 4230 3008 4301 aliquem
3040 4241 3234 4301 praeter
3274 4233 3470 4305 ipsum.
3503 4230 3729 4286 Dominus
3750 4236 3833 4294 pro-

2307 4329 2460 4376 tector
2487 4321 2601 4378 vita:
2629 4337 2771 4390 mea',
2800 4339 2832 4376 ιι
2858 4339 2958 4393 quo
2987 4325 3247 4397 trepidabo
3266 4326 3292 4380 .9

2376 4437 2431 4497 4.
2464 4433 2610 4509 [ven
2643 4434 2723 4509 2.]
2749 4434 2889 4490 Dum
2915 4440 3327 4509 appropinquant
3353 4458 3508 4512 super
3532 4454 3607 4494 me
3631 4437 3828 4490 noceam.

2302 4535 2358 4580 ut
2382 4527 2533 4581 edant
2557 4543 2736 4582 carnes
2760 4543 2897 4582 meas
2923 4543 2942 4583 :
2964 4530 3050 4600 qui
3071 4529 3313 4586 tribulam
3334 4549 3415 4587 me
3438 4529 3623 4586 inimici
3646 4524 3744 4588 mei,
3763 4515 3830 4589 ἱρά

2303 4617 2548 4687 inﬁrmati
2585 4626 2723 4683 sunt,
2766 4627 2814 4672 et
2841 4618 3148 4674 ceciderunt.
3183 4619 3362 4692 Itaque
3398 4637 3500 4694 ego
3519 4618 3636 4690 quid
3660 4609 3826 4670 timebo.

2305 4717 2398 4765 aut
2421 4724 2577 4781 quem
2605 4709 2841 4764 timebo?
2867 4725 2968 4782 ego
2993 4726 3152 4782 quem
3175 4714 3469 4784 trepidabo.
3515 4719 3601 4765 aut
3623 4703 3732 4778 quid
3754 4709 3826 4784 tref

2306 4800 2540 4871 pidabo?
2564 4799 2668 4868 Qui
2699 4815 2786 4857 me
2815 4813 3224 4873 persequuntur,
3262 4783 3372 4875 ipsi
3412 4803 3736 4859 inﬁrmantur,
3758 4783 3824 4857 illSi

2303 4892 2516 4948 cadunt.
2550 4890 2725 4971 Quare
2752 4901 2929 4949 autem
2971 4899 3400 4966 persequuntur?
3432 4894 3500 4952 Ut
3537 4892 3675 4947 edant
3696 4891 3825 4939 conm

2306 5000 2462 5039 meas.
2492 4968 2622 5053 Quae
2652 4992 2776 5039 sunt
2797 4991 2988 5041 carnes
3015 5001 3148 5042 mea:
3168 4987 3192 5041 ?
3215 4987 3468 5045 Carnalcs
3507 4984 3706 5040 all‘ectus
3734 4968 3822 5028 mei.

2307 5075 2538 5132 Sa‘eviant
2581 5077 2966 5147 persequendo,
2996 5078 3129 5135 nihil
3160 5080 3211 5135 in
3239 5096 3326 5137 me
3362 5081 3584 5137 moritur
3606 5070 3696 5130 nisi
3719 5075 3822 5122 mors

2261 5205 2266 5212 ο
2308 5170 2433 5224 tale.
2464 5168 2578 5226 Erit
2602 5169 2654 5224 in
2683 5185 2769 5225 me
2783 5169 2998 5241 aliquid,
3027 5187 3132 5243 quo
3158 5183 3467 5243 perseeutor
3495 5164 3819 5242 pervenirenon

2309 5261 2497 5332 possit,
2537 5261 2624 5316 ubi
2672 5261 2917 5320 habitat‘
2948 5264 3088 5320 Deus
3128 5281 3300 5323 meus.
3342 5265 3642 5324 Manducent
3681 5256 3820 5309 σπι-ηεξ

2312 5369 2458 5407 meas
2489 5369 2502 5406 :
2536 5353 2696 5409 finitis
2721 5353 2974 5410 carnibus
3000 5357 3217 5427 spiritus
3249 5373 3362 5423 cro,
3392 5367 3447 5415 et
3470 5346 3742 5426 spiritualis.
3774 5332 3818 5390 Et

2307 5446 2522 5514 quidem
2538 5454 2737 5503 tantam
2760 5448 2986 5506 salutem
3013 5449 3139 5506 mihi
3166 5452 3422 5522 promittit
3442 5445 3674 5505 Dominus
3689 5440 3813 5491 metu.

2309 5549 2370 5596 ut
2391 5540 2550 5597 etiam
2589 5538 2754 5597 modo
2781 5540 2880 5598 ista
2921 5555 3050 5599 caro
3073 5545 3336 5615 mortalis,
3378 5556 3492 5615 qua:
3519 5535 3704 5594 videtur
3731 5530 3814 5596 ρθτί

3619 5789 3648 5802 ’⁸
3670 5796 3678 5806 ο

2373 5805 2388 5834 ⁵
2427 5803 2602 5865 Regius
2626 5808 2675 5854 et
2699 5801 2842 5853 valic.
2869 5803 3289 5863 Mss.,ibihabitat.
3619 5790 3678 5806 ’Μ
3737 5841 3750 5860 ε
