3950 6454
199 355 275 417 £0!

186 468 587 528 mitti‘mauibus
629 461 1080 536 persequentium,
1113 474 1218 515 non
1263 467 1444 530 pereat
1475 459 1527 514 in
1569 467 1726 513 teter.

177 581 316 629 unm;
340 563 428 618 sed
456 561 592 632 quod
633 561 1058 615 demonstratum
1085 565 1166 610 est
1196 554 1248 608 in
1292 551 1464 622 capite
1489 565 1611 607 meo
1639 565 1726 605 re-

165 667 412 728 surgente,
444 656 544 710 hoc
579 651 757 709 omnia
783 649 1021 706 membra
1067 654 1312 716 sperent.
1347 643 1513 713 Quem
1547 641 1730 697 timeat

156 751 316 806 anima
333 761 471 809 mea,
501 760 660 817 qualn
704 739 966 799 inhabitat
988 737 1171 794 Deus?
1200 735 1368 804 Quem
1400 735 1582 789 timeat
1603 745 1730 786 caro

151 856 279 909 mea,
309 853 429 894 cum
454 833 804 906 corruptibile
846 831 948 888 hoc
975 828 1206 886 induerit
1233 823 1731 894 incorruptionem?

148 933 310 990 Vultis
335 945 493 987 nosse
516 929 642 1002 quia
667 941 858 984 carnes
888 923 963 979 illi
991 921 1333 982 manducant,
1357 921 1444 990 qtti
1475 932 1570 975 n0s
1606 931 1730 988 per-

144 1031 445 1095 sequuntur.
479 1035 582 1076 nec
624 1019 724 1090 ipsi
766 1023 942 1072 autem
969 1012 1117 1069 carui
1161 1020 1358 1066 nostra:
1389 1007 1730 1064 metuendum

145 1117 269 1172 est?
297 1115 594 1170 Semiuatur
630 1126 816 1180 corpus
861 1108 1102 1172 animate,
1151 1111 1321 1174 surget
1360 1117 1546 1172 corpus
1581 1099 1736 1170 spiri.

149 1209 275 1264 tante
298 1208 339 1279 (l
361 1204 478 1263 Cor.
512 1218 608 1270 xv,
634 1200 748 1274 Η).
779 1201 984 1270 Quanta
1012 1207 1188 1252 autem
1212 1193 1402 1248 fiducia
1428 1191 1587 1246 debet
1610 1203 1734 1246 esse

152 1299 200 1354 in
229 1316 292 1355 eo
315 1297 404 1367 qui
443 1295 598 1353 novit
640 1292 823 1349 dicere
852 1308 867 1346 :
900 1289 1148 1344 Dominus
1192 1284 1495 1340 illuminatio
1526 1297 1656 1345 utea,
1687 1287 1736 1334 et

157 1392 378 1450 salutaris
406 1405 568 1453 meus,
608 1402 753 1456 quens
796 1382 1018 1439 timebo?
1057 1379 1307 1434 Dontiuus
1347 1382 1596 1446 protector
1624 1373 1740 1427 rita:

164 1500 293 1548 nuc,
322 1500 354 1537 a
373 1497 470 1552 quo
491 1477 797 1551 trepidabo?
836 1474 1135 1546 l‘rotegitur
1159 1473 1452 1543 imperator
1478 1469 1697 1523 scutatis
1720 1507 1737 1532 ,

166 1585 216 1632 et
257 1590 358 1629 non
401 1572 590 1634 timet;
642 1569 937 1638 protegitur
964 1580 994 1618 a
1026 1562 1340 1618 mortalibus
1381 1554 1653 1624 mortalis,
1687 1565 1742 1610 et

168 1681 371 1723 securus
393 1671 477 1718 est
502 1679 517 1716 :
550 1660 848 1734 protegitur
873 1654 1115 1714 mortalis
1141 1654 1211 1711 ab
1240 1649 1552 1716 immortali,
1596 1659 1651 1705 ct
1675 1648 1741 1704 ti-

170 1759 323 1819 mebit
355 1766 407 1812 et
433 1752 759 1824 trepidabit?

232 1850 285 1909 5.
323 1845 470 1922 [τινα.
501 1842 581 1918 5.]
610 1843 820 1912 Quanta
847 1849 1027 1897 autem
1072 1836 1262 1893 fiducia
1290 1833 1484 1892 debeat
1526 1847 1647 1889 esse
1691 1831 1744 1888 in

169 1956 233 2000 eo
272 1939 358 2012 qui
404 1939 502 1993 ista
532 1934 683 2001 dicit,
713 1932 896 1990 audite
924 1949 938 1985 :
968 1930 1031 1987 Si
1074 1929 1351 1984 consistant
1378 1925 1644 1981 adversum
1669 1939 1748 1977 me

167 2043 345 2097 castra,
371 2048 472 2086 non
494 2028 684 2084 timebit
710 2043 799 2082 cor
823 2040 1008 2080 meum.
1034 2021 1220 2078 Castra
1247 2019 1448 2074 munita
1475 2027 1618 2083 sunt,
1652 2015 1748 2072 scd

165 2123 285 2198 quid
325 2119 580 2178 munitius
611 2117 765 2174 Deo?
797 2116 858 2173 Si
897 2119 1135 2185 exsurgat
1177 2111 1232 2165 in
1257 2124 1336 2164 me
1372 2107 1581 2164 bellum.
1612 2104 1749 2174 Quid

169 2195 288 2270 mihi
313 2212 435 2268 facit
469 2209 704 2266 bellum?
734 2207 916 2262 Potest
943 2203 1072 2260 mihi
1112 2200 1324 2257 auferre
1353 2214 1502 2270 spem
1535 2195 1753 2254 meatu?

168 2315 334 2379 petest
362 2303 494 2359 tnihi
523 2304 735 2357 auferre
762 2299 904 2372 quod
933 2297 1024 2353 dat
1049 2292 1444 2364 Omnipotens?
1471 2290 1622 2348 Sient
1646 2306 1752 2344 non

174 2395 392 2452 Vincitur
416 2393 509 2464 qui
532 2391 645 2456 dat,
669 2391 749 2446 sic
777 2405 882 2443 non
907 2386 1149 2442 aufertur
1176 2383 1318 2455 quod
1338 2381 1448 2437 dat.
1476 2380 1533 2437 Si
1555 2378 1755 2436 auferri

173 2495 334 2560 ptitest
357 2484 570 2549 datum,
597 2480 822 2536 \‘lttClltll‘
845 2478 1018 2534 dstor.
1049 2477 1188 2548 Ergo
1213 2490 1311 2530 nec
1340 2472 1452 2544 ipsa
1476 2487 1597 2544 qua:
1626 2481 1759 2526 tent-

176 2577 417 2650 poralitcr
440 2573 754 2644 accipimus,
785 2569 998 2625 auferre
1033 2566 1190 2623 nobis
1213 2564 1495 2636 quisquam
1537 2570 1756 2632 potest,

177 2671 354 2726 fratres
383 2666 510 2732 mei,
542 2665 643 2721 ttisi
673 2663 820 2719 solus
847 2663 935 2717 ille
979 2659 1068 2730 qtti
1099 2658 1265 2715 dedit.
1297 2654 1604 2727 Spiritualia
1640 2669 1760 2725 qua:

182 2759 352 2825 donat,
383 2773 490 2814 non
521 2756 752 2822 auferet,
782 2753 882 2809 nisi
912 2761 967 2808 tu
993 2747 1264 2806 dimiseris
1284 2749 1304 2781 ’
1331 2745 1606 2803 :carnalia
1634 2759 1762 2800 vero

186 2859 238 2908 et
261 2848 564 2921 temporalia
596 2847 708 2918 ipse
733 2845 942 2906 aufert;
970 2841 1093 2913 quia
1131 2848 1187 2895 et
1222 2836 1463 2909 quisquis
1499 2834 1635 2890 alius
1662 2849 1763 2890 au-

191 2941 300 3010 fert,
336 2944 451 3013 ipso
485 2940 720 2996 donante
749 2942 1089 3008 potestatem,
1117 2930 1313 2986 aufert.
1342 2927 1598 2984 Novimns
1624 2925 1758 2991 hoc,

194 3044 242 3091 et
260 3034 472 3106 legimus
499 3033 551 3087 in
574 3031 711 3086 libro
735 3028 858 3096 Job,
883 3027 1006 3100 quia
1030 3040 1130 3082 nec
1155 3025 1242 3080 ille
1264 3023 1354 3094 qui
1381 3020 1590 3077 videtur
1612 3017 1766 3090 quasi

199 3125 458 3181 maximam
486 3123 683 3178 habere
711 3128 1026 3192 potestatem
1049 3117 1115 3170 ad
1144 3128 1354 3185 tempus
1381 3111 1646 3175 diabolus,
1670 3123 1766 3179 po-

203 3222 290 3273 test
322 3212 510 3285 aliquid
550 3209 652 3267 nisi
699 3209 990 3282 permissus
1019 3203 1138 3278 (Job
1169 3203 1232 3275 ι).
1265 3201 1485 3272 Accepit
1527 3209 1766 3272 potesta-

206 3314 297 3362 tem
321 3305 371 3361 in
399 3305 599 3376 intima,
646 3309 703 3359 et
738 3300 917 3357 amisit
953 3298 1185 3354 maxima
1211 3305 1266 3351 et
1289 3309 1517 3349 smmna.
1566 3292 1630 3348 lit
1661 3305 1768 3346 non

207 3397 387 3454 estista
429 3403 665 3468 potestas
705 3391 844 3455 irati,
877 3389 970 3446 sed
1018 3402 1172 3460 ptena
1217 3385 1473 3441 damnati.
1506 3382 1614 3438 Nec
1651 3381 1770 3450 ipse

210 3504 318 3562 ergo
348 3499 515 3560 potest
545 3487 747 3542 habere
773 3483 1003 3554 aliquam
1044 3488 1384 3553 potestatem,
1417 3475 1518 3531 nisi
1546 3473 1772 3546 permis-

212 3592 302 3634 sus.
333 3581 392 3636 Et
417 3580 468 3636 in
511 3579 600 3634 illo
624 3576 761 3632 libro
790 3573 954 3630 habes
979 3586 1136 3642 quem
1162 3565 1601 3632 commemoravi,
1634 3572 1689 3620 et
1716 3565 1768 3619 in

214 3669 470 3744 Evangelia
499 3669 755 3726 Dominus
779 3666 910 3728 dicit
935 3681 952 3721 :
986 3662 1102 3718 [Ine
1145 3670 1287 3716 nocte
1316 3658 1584 3731 postulavit
1626 3667 1770 3711 sata-

215 3779 308 3830 nas,
333 3773 384 3818 ut
406 3780 489 3819 ros
512 3763 754 3817 rribraret
782 3757 803 3790 ³
828 3758 958 3812 sicut
985 3754 1227 3820 triticum,
1262 3762 1310 3806 et
1335 3767 1427 3822 ego
1465 3747 1638 3822 rogavi
1679 3762 1771 3817 pro

215 3864 270 3919 te,
295 3852 451 3921 Petro,
475 3870 538 3909 ne
560 3852 762 3921 deﬁciat
787 3849 915 3920 ﬁdes
935 3857 1021 3902 tua
1042 3844 1194 3916 (Luc.
1227 3857 1363 3908 χχιι,
1394 3843 1505 3908 51).
1543 3840 1770 3921 Ρειιιιίῑτ

215 3947 322 4004 titur
340 3958 511 4004 autem
537 3952 631 4001 aut
650 3943 716 3998 ad
743 3955 954 4015 poenam
995 3948 1254 4002 nostram,
1281 3945 1370 3989 attt
1404 3933 1470 3988 ad
1501 3909 1792 4003 probatio?r

212 4053 336 4096 nem.
367 4041 504 4112 Ergo
532 4038 656 4111 quia
694 4036 848 4092 nobis
877 4047 1036 4090 nemo
1063 4037 1238 4104 potest
1260 4025 1474 4083 auferre
1512 4024 1652 4096 quod
1684 4023 1776 4078 dat

213 4130 352 4200 Dens,
385 4148 490 4189 non
515 4132 797 4186 timeamus
822 4127 924 4184 nisi
956 4125 1121 4180 Deum
1154 4139 1169 4178 :
1196 4119 1451 4193 quidquid
1489 4117 1632 4173 aliud
1663 4115 1775 4174 fre-

213 4226 402 4294 mucrit,
429 4223 686 4298 quidquid
707 4220 852 4277 aliud
880 4216 1200 4292 superbicrit
1240 4213 1497 4271 adversus
1526 4227 1645 4280 uos,
1668 4225 1775 4266 non

213 4317 374 4374 timeat
407 4332 504 4373 cor
544 4325 804 4372 nostrum.

272 4411 320 4467 6.
349 4410 498 4484 [νινε.
528 4406 609 4482 4.]
641 4407 703 4463 Si
739 4412 978 4476 exsurgat
1020 4403 1073 4457 in
1115 4417 1195 4455 nte
1233 4399 1439 4463 bellum,
1485 4397 1540 4452 in
1567 4396 1664 4451 hac
1690 4412 1781 4468 ego

211 4504 423 4574 sperabo.
447 4501 506 4557 la
527 4500 674 4572 qua?
703 4497 890 4562 Unam,
917 4495 1109 4566 inquit,
1138 4493 1257 4564 petii
1283 4509 1315 4546 a
1337 4491 1577 4545 Domino.
1606 4488 1785 4545 Femi-

215 4595 328 4652 nino
348 4585 543 4666 genere
570 4590 854 4664 appellavit
878 4587 1143 4660 quoddam
1166 4583 1504 4646 beneficium,
1533 4591 1785 4652 tanquam

215 4681 418 4752 diceret,
449 4684 618 4742 Unam
663 4681 994 4753 petitionem.
1028 4677 1097 4732 Et
1141 4672 1409 4745 quomodo
1438 4672 1672 4727 solemus
1701 4671 1784 4725 lo-

217 4786 420 4848 quentes
432 4777 632 4840 dicere,
659 4773 807 4829 verbi
832 4769 1022 4844 gratia,
1050 4768 1189 4822 Duas
1210 4765 1408 4830 habes;
1433 4777 1538 4817 non
1559 4760 1787 4817 diciums

211 4871 441 4938 Duo,hoc
451 4884 599 4925 more
609 4865 857 4938 loquendi
870 4879 964 4920 usa
981 4871 1061 4917 cst
1071 4858 1342 4928 Scriptura
1359 4873 1373 4910 :
1391 4854 1579 4920 Unam,
1595 4854 1784 4924 inquit,

205 4963 376 5037 petiia
403 4961 642 5025 Domino,
687 4958 820 5013 natu:
864 4955 1137 5026 requiram.
1170 4949 1459 5005 Videamus
1486 4945 1613 5017 quid
1659 4947 1791 5017 petit

199 5057 294 5132 qui
336 5054 465 5112 nihil
493 5054 665 5108 timet.
711 5052 894 5121 Magna
922 5044 1182 5103 securitas
1224 5040 1423 5098 cordis.
1456 5038 1630 5094 Vultis
1659 5038 1792 5094 nihil

197 5129 432 5208 timere?
460 5146 610 5204 llane
625 5158 788 5200 uuam
814 5141 998 5213 petite,
1024 5151 1184 5210 quam
1214 5148 1374 5191 unam
1397 5131 1528 5202 petit
1546 5130 1633 5200 qtti
1661 5129 1792 5185 nihil

195 5244 373 5308 timet,
406 5249 497 5295 aut
520 5251 682 5310 quam
712 5234 844 5306 petit
871 5241 929 5288 ut
954 5229 1086 5286 nihil
1117 5225 1344 5284 timeat?
1376 5222 1564 5287 Unam,
1598 5221 1788 5291 inquit,

193 5333 323 5408 petii
346 5348 379 5384 a
405 5329 645 5394 Domino,
677 5328 811 5382 Itane
835 5321 1106 5396 requiram.
1155 5316 1268 5374 lloc
1295 5315 1381 5372 hic
1408 5313 1581 5385 agitur
1617 5313 1686 5368 ab
1713 5312 1794 5370 eis

191 5405 293 5498 qui
318 5423 458 5480 bene
480 5421 774 5477 ambulant.
803 5414 942 5485 Quid
970 5421 1052 5470 est
1079 5412 1179 5468 hoc
1199 5411 1225 5465 ?
1261 5424 1380 5481 quzc
1407 5415 1488 5498 est
1520 5407 1608 5498 illa
1647 5405 1796 5460 una?

195 5497 279 5574 Ut
305 5514 583 5572 iukabitem
621 5512 676 5567 in
716 5511 868 5565 domo
906 5505 1114 5562 Domini
1152 5517 1326 5559 omnes
1361 5497 1468 5553 dies
1495 5497 1610 5553 vita:
1648 5512 1793 5554 mete.

272 5660 897 5732 ίρυὶικιιιεδιδετςρετίηῑί-
1046 5722 1057 5732 .
1259 5718 1275 5732 .

273 5733 296 5764 ³
312 5715 779 5791 ﬂammarant
800 5715 1098 5778 deserueris.
1122 5722 1207 5775 Alii
1243 5718 1370 5784 duo,
1392 5717 1488 5772 nisi
1517 5719 1573 5770 tu
1608 5715 1799 5771 desines

192 5790 526 5916 ﬂii.“
547 5861 674 5911 \tss.,
692 5858 742 5902 ut
758 5863 837 5902 eos
859 5855 1070 5902 vexaret.
1095 5848 1181 5898 Alll
1200 5847 1396 5908 decem,
1419 5854 1598 5899 vexare
1624 5851 1721 5894 vos.

454 5937 678 5998 Ssa'cr.
734 5938 777 5994 Δ
789 5950 1003 5996 causr.
1051 5931 1156 5993 IV.

1235 343 1637 404 ENARilATlO
1673 338 1741 400 lN
1780 341 2103 403 PSALMUM
2140 341 2326 403 XXVI.

3304 348 3417 407 202

1827 455 1954 514 fla-c
1979 468 2060 516 est
2087 473 2194 516 una
2222 478 2236 513 :
2263 460 2454 518 domus
2476 461 2620 526 enim
2648 475 2712 518 ea
2739 460 2932 517 dicitur
2950 460 3037 518 ubi
3065 476 3278 534 srmper
3302 478 3419 520 ma-

1831 550 2092 606 nebimus.
2141 551 2196 606 In
2244 552 2342 608 ista
2391 553 2816 623 peregrinatione
2844 555 3039 610 dicitur
3078 555 3288 628 domus,
3319 555 3418 613 sed

1830 643 2044 714 proprie
2070 639 2467 700 tabernaculutit
2495 647 2791 717 appellatur
2822 665 2836 702 :
2868 647 3264 704 tabernaculum
3293 663 3420 718 per-

1831 735 2206 805 egrinantium.
2226 746 2275 791 et
2299 735 2690 807 quodannnudo
2708 739 3070 804 militantium,
3092 749 3147 796 et
3166 740 3424 796 adversus

1833 830 2040 883 hostem
2089 828 2432 900 pugnantium
2462 837 2564 883 est.
2609 829 2831 896 Quando
2859 846 2988 902 ergo
3026 823 3424 888 tabernaculum

1832 927 1917 973 est
1957 918 2010 973 in
2062 917 2162 975 hac
2206 919 2335 986 vita,
2367 919 2707 976 manifestum
2733 931 2816 977 est
2855 923 2976 993 quia
3006 933 3090 980 est
3131 933 3186 980 et
3210 923 3426 981 hostis:
3471 959 3475 993 ς

1835 1027 1957 1067 nam
1988 1012 2147 1068 simul
2192 1012 2390 1069 habere
2431 1013 2787 1080 tabernacula,
2828 991 2931 1070 hoc
2971 1027 3052 1072 est
3081 1032 3201 1072 esse
3240 1027 3430 1074 contu-
3468 991 3477 1071 ,ί

1835 1105 2083 1160 bernalcs
2106 1121 2122 1170 ;
2149 1113 2203 1160 et
2226 1105 2392 1160 nostis
2415 1104 2516 1160 hoc
2538 1120 2732 1162 nomen
2760 1120 2879 1160 esse
2900 1106 3260 1162 militantium.
3284 1108 3422 1178 Ergs
3468 1080 3487 1127 ί

1839 1195 1924 1252 hic
1955 1196 2379 1262 tabernaculum,
2414 1196 2483 1252 ibi
2524 1195 2735 1250 domus.
2765 1195 2870 1252 Sed
2899 1205 2955 1252 et
2981 1196 3080 1252 hoc
3110 1196 3418 1253 tabernacu-

1837 1287 1946 1342 lum
1969 1287 2236 1343 interdum
2258 1303 2352 1357 per
2369 1275 2683 1344 abusionem
2707 1287 2993 1360 vicinitatis
3007 1288 3199 1344 dicitur
3214 1287 3421 1355 domus,
3474 1265 3491 1336 ἐ.

1838 1389 1892 1437 et
1920 1379 2112 1436 domus
2140 1381 2749 1452 aliquando‘secundum
2775 1363 3023 1436 eumdem
3055 1381 3271 1437 modum
3299 1381 3406 1438 dici
3472 1379 3502 1408 ”

1841 1481 1927 1528 tur
1955 1474 2368 1530 tabernaculum
2401 1493 2415 1531 :
2449 1475 2663 1546 proprie
2704 1484 2882 1532 tamen
2929 1475 3018 1531 illa
3062 1475 3282 1542 domus,
3332 1475 3428 1533 hoc

1842 1566 2264 1623 tabernaculum.

1913 1659 1968 1714 7.
1999 1657 2135 1725 Quid
2178 1669 2355 1715 autem
2399 1661 2567 1716 acturi
2595 1660 2762 1717 simus
2811 1661 2866 1716 in
2912 1660 3001 1717 illa
3042 1660 3225 1729 domo,
3271 1660 3438 1718 habes

1841 1748 2119 1805 evidenter
2136 1750 2465 1819 expressisse
2490 1751 2653 1807 alium
2683 1751 2940 1822 psalmum
2971 1770 2985 1808 :
3009 1750 3158 1808 Beati
3183 1753 3272 1823 qui
3295 1751 3443 1807 habi-

1845 1849 1954 1896 tant
1979 1841 2032 1896 in
2073 1842 2224 1897 domo
2266 1851 2374 1910 tim,
2402 1845 2456 1898 in
2502 1844 2690 1899 sweula
2732 1845 3036 1899 steculorum
3073 1845 3352 1900 laudabunt
3396 1852 3446 1900 te

1849 1931 2022 2005 (Psal.
2043 1949 2264 2000 Lxxxnt,
2285 1935 2363 2006 5).
2385 1933 2496 1989 llac
2525 1935 2644 2001 iste,
2664 1934 2708 1990 si
2727 1935 3010 1991 dicendum
3029 1945 3134 2003 est,
3153 1937 3446 2008 cupiditate

1848 2025 2066 2089 ardens,
2096 2034 2148 2079 et
2174 2042 2357 2082 amore
2383 2027 2488 2082 isto
2513 2037 2768 2093 aestuans,
2816 2027 3084 2085 desiderat
3109 2045 3297 2086 omnes
3321 2029 3442 2086 dies

1851 2117 1974 2172 vita:
1998 2133 2108 2198 sua:
2137 2118 2190 2172 in
2215 2117 2378 2174 domo
2406 2118 2612 2175 Domini
2647 2119 2887 2175 habitare
2915 2137 2928 2173 :
2958 2119 3011 2174 in
3039 2120 3202 2176 domo
3233 2120 3446 2176 Domini

1852 2221 2041 2263 otnnes
2065 2207 2182 2262 dies
2220 2208 2344 2264 vita:
2373 2225 2507 2276 suae,
2535 2224 2640 2264 non
2670 2210 2818 2280 quasi
2848 2208 3129 2277 finiendos,
3163 2211 3257 2266 sed
3285 2220 3449 2267 teter.

1853 2313 1973 2354 nos.
1999 2297 2088 2353 Sic
2108 2299 2248 2354 enim
2275 2297 2521 2354 dicuntur
2542 2300 2677 2366 dies,
2701 2300 2970 2371 quomodo
2995 2303 3142 2365 anni,
3166 2301 3234 2357 de
3255 2301 3449 2372 quibus

1856 2389 2056 2444 dictum
2099 2400 2201 2455 est,
2251 2400 2298 2443 et
2347 2391 2471 2445 anui
2511 2391 2585 2444 tui
2633 2408 2734 2445 non
2763 2392 2997 2462 deﬁcient
3026 2390 3195 2462 (Psal.
3222 2407 3303 2461 et,
3331 2391 3453 2463 28).

1856 2479 1988 2536 Nam
2015 2480 2128 2536 dies
2155 2482 2276 2536 vita:
2298 2489 2512 2536 :ctcrntc
2534 2498 2670 2536 utms
2694 2482 2810 2538 dies
2839 2492 2916 2538 est
2947 2484 3065 2538 sine
3089 2496 3305 2538 occasu.
3337 2481 3454 2539 lloc

1859 2590 1989 2646 ergo
2017 2573 2148 2628 dixit
2177 2573 2242 2628 ad
2273 2574 2576 2644 Dominum,
2603 2574 2898 2644 Concupivi
2929 2577 2945 2608 ⁸
2971 2575 3126 2637 hanc,
3156 2574 3327 2631 Unam
3362 2591 3456 2646 pe-

1860 2667 1942 2730 tii,
1975 2666 2122 2722 lianc
2163 2667 2452 2738 requiram.
2487 2667 2549 2722 Et
2581 2667 2730 2738 quasi
2775 2668 3075 2724 diceremus
3114 2668 3184 2732 ei,
3217 2667 3285 2722 Et
3327 2667 3456 2739 quid

1863 2755 1933 2812 ibi
1980 2756 2212 2811 facturus
2235 2757 2338 2812 es?
2362 2771 2480 2826 quzc
2511 2756 2580 2810 ibi
2621 2756 2908 2812 delectatio
2938 2766 3026 2812 tua
3050 2757 3075 2810 ?
3101 2757 3240 2827 quod
3266 2771 3459 2812 avoca-

1864 2857 2100 2902 mentum
2127 2847 2344 2902 cordis?
2385 2864 2504 2917 qua:
2535 2847 2636 2902 illa:
2665 2847 2895 2915 deliciae,
2941 2849 3081 2904 unde
3107 2849 3295 2920 gaudia
3326 2865 3457 2919 sup-

1863 2939 2090 3010 petent?
2139 2937 2254 2994 Non
2301 2939 2442 2994 enim
2492 2939 2563 2993 ibi
2618 2940 2953 3009 perdurabis,
3006 2940 3108 2996 nisi
3157 2938 3284 2995 felix
3327 2940 3457 2996 eris.

1865 3031 2114 3087 Felicitas
2157 3039 2333 3086 autem
2385 3031 2472 3086 illa
2504 3033 2645 3087 unde
2677 3033 2973 3089 succedet?
3005 3033 3272 3090 Habemus
3315 3035 3461 3090 enim

1868 3125 1953 3180 hic
1984 3124 2263 3180 felicitates
2292 3124 2530 3180 diversas
2549 3125 2760 3196 generis
2786 3125 3022 3190 humani,
3047 3134 3101 3180 et
3130 3126 3294 3181 miser
3312 3127 3462 3197 quis-

1865 3231 1973 3287 que
1991 3215 2186 3270 dicitur
2205 3214 2420 3286 quando
2451 3215 2524 3270 illi
2549 3213 2880 3286 subtrahitur
2903 3215 3049 3286 quod
3073 3225 3235 3271 amat.
3265 3217 3464 3272 Amant

1867 3321 1997 3378 ergo
2025 3305 2269 3362 homines
2296 3305 2532 3362 diversas
2561 3321 2646 3360 res
2671 3322 2686 3372 ;
2715 3315 2770 3360 et
2796 3305 3010 3376 quando
3056 3307 3282 3377 quisque
3316 3307 3462 3377 quod

1869 3407 2011 3453 amat
2040 3397 2236 3452 habere
2264 3397 2490 3463 videtur,
2525 3395 2650 3451 felix
2686 3405 2923 3452 vocatur.
2961 3395 3101 3451 Vere
3125 3405 3301 3452 atttem
3332 3397 3461 3454 felix
3497 3405 3524 3463 ιξθ

1870 3498 1974 3556 est,
2006 3504 2111 3544 non
2131 3488 2176 3542 si
2204 3486 2255 3542 id
2283 3486 2475 3542 habeat
2499 3486 2639 3557 quod
2668 3496 2849 3552 amat;
2881 3487 2974 3544 sed
3003 3487 3046 3542 si
3073 3487 3122 3541 id
3153 3496 3296 3542 amet
3317 3487 3465 3559 quod
3502 3455 3522 3510 ᾗ

1870 3579 2155 3636 amandum
2184 3588 2284 3635 est.
2317 3578 2464 3634 Multi
2494 3579 2635 3632 enim
2661 3578 2840 3633 miseri
2864 3577 3032 3649 magis
3055 3577 3300 3635 habendo
3321 3577 3468 3650 quod

1872 3668 2073 3733 amant,
2104 3687 2261 3741 quam
2291 3667 2524 3726 carendo
2556 3687 2570 3724 :
2599 3669 2826 3724 amando
2851 3669 2994 3725 enim
3025 3684 3110 3724 res
3141 3669 3330 3725 noxias
3361 3669 3466 3724 mi—

1872 3767 2001 3831 seri,
2035 3761 2280 3819 habcndo
2325 3772 2451 3817 sunt
2493 3760 2824 3817 miseriores.
2867 3760 2934 3815 Et
2976 3759 3235 3832 propitius
3280 3761 3422 3816 Deus
3449 3798 3467 3826 ,

1873 3874 1994 3915 eum
2046 3856 2185 3912 male
2229 3868 2500 3922 amamus,
2557 3864 2713 3924 negat
2770 3852 2910 3925 quod
2954 3867 3196 3907 amamus
3243 3869 3257 3906 :
3303 3852 3472 3908 iratus

1874 3959 2050 4004 autem
2080 3947 2172 4002 dat
2197 3945 2394 4001 amanti
2433 3943 2574 4013 quod
2603 3944 2740 4000 male
2777 3953 2940 3998 amat.
2990 3943 3166 3998 llabes
3192 3942 3472 3998 evidenter

1876 4039 2140 4095 dicentem
2182 4031 2796 4106 ApostoluntzTradittit
2843 4032 2959 4086 illos
3003 4031 3140 4086 Deus
3180 4033 3235 4086 in
3276 4048 3471 4087 concu-

1879 4131 2172 4205 piscentiam
2191 4128 2356 4184 cordis
2374 4143 2548 4182 eorum
2576 4126 2750 4197 (Rom.
2781 4141 2819 4190 ι,
2846 4123 2961 4196 ει).
2991 4123 3149 4178 Dedit
3169 4139 3296 4194 ergo
3324 4123 3470 4193 quod

1878 4224 2150 4288 amabant,
2193 4220 2287 4276 sed
2341 4217 2664 4275 damnando.
2717 4215 2896 4272 llabcs
2927 4230 3134 4271 rursum
3184 4223 3470 4288 negantem

1880 4313 2101 4387 petitum
2134 4331 2146 4367 :
2179 4310 2401 4382 PrOpter
2421 4308 2558 4381 quod
2579 4319 2652 4363 ter
2674 4307 2945 4363 Dominum
2974 4306 3168 4377 rogavi,
3195 4307 3384 4376 inquit,
3409 4315 3470 4364 ut

1880 4411 2102 4478 auferret
2128 4420 2241 4458 eum
2267 4421 2300 4457 a
2327 4418 2406 4457 me
2433 4401 2729 4473 (stimulum
2756 4398 3002 4454 videlicet
3021 4399 3240 4470 carnis),
3263 4409 3311 4453 et
3340 4400 3473 4454 dixit

1883 4498 2008 4553 mihi
2039 4496 2280 4567 :Suﬁicit
2305 4494 2391 4549 tibi
2419 4492 2583 4564 gratia
2612 4506 2764 4555 mea;
2803 4507 2921 4543 nam
2966 4490 3120 4544 uirtus
3153 4490 3206 4544 in
3253 4490 3475 4558 inﬁrmi-

1885 4602 1986 4648 tate
2007 4591 2265 4660 per/icilur
2303 4586 2373 4658 (Il
2403 4585 2519 4640 Cor.
2553 4601 2658 4653 xu,
2688 4584 2722 4640 8
2747 4592 2793 4637 ct
2822 4581 2902 4651 9).
2937 4581 3076 4637 Ecce
3104 4581 3224 4637 illos
3244 4581 3390 4638 dedit
3419 4582 3476 4638 in

1886 4683 2370 4756 concupiscentiam
2395 4677 2572 4734 cordis
2600 4690 2822 4741 eorum;
2855 4675 3020 4730 Paulo
3043 4675 3287 4742 apostolo
3315 4689 3480 4745 nega-

1887 4778 1963 4832 vit
1999 4773 2140 4847 quod
2179 4772 2393 4828 orarit:
2426 4769 2530 4825 illis
2574 4767 2722 4823 dedit
2761 4765 2830 4821 ad
2873 4765 3271 4820 damnationem
3304 4807 3321 4832 ,
3353 4764 3481 4821 huic

1891 4869 2100 4940 negavit
2128 4865 2194 4920 ad
2222 4863 2524 4921 sanitatem.
2569 4860 2702 4915 Cum
2743 4854 3000 4912 autemid
3043 4871 3287 4913 amamus
3331 4855 3476 4926 quod

1889 4962 2003 5016 vult
2030 4961 2166 5014 Dens
2188 4965 2246 5012 ut
2271 4967 2531 5018 amemus,
2557 4949 2742 5024 procul
2763 4948 2925 5004 dubio
2947 4947 3168 5004 daturus
3194 4958 3270 5003 est
3302 4947 3479 5004 nobis.

1891 5052 2018 5109 ll.ce
2039 5060 2122 5106 est
2149 5049 2233 5104 illa
2273 5061 2399 5112 una,
2427 5060 2545 5117 quze
2587 5043 2747 5100 debet
2787 5041 2975 5108 amari,
3005 5051 3061 5097 ut
3097 5041 3398 5097 habitemus
3424 5041 3481 5096 in

1893 5143 2054 5200 domo
2088 5137 2299 5198 Domini
2329 5152 2425 5211 per
2445 5152 2632 5192 omnes
2657 5133 2771 5191 dies
2798 5135 2920 5192 vita:
2949 5143 3167 5189 nostrze.

1965 5257 2019 5313 8.
2061 5255 2126 5311 Et
2154 5254 2277 5326 quia
2309 5253 2361 5310 in
2390 5251 2508 5309 istis
2534 5250 2759 5307 terrenis
2792 5247 3226 5311 habitationibus,
3258 5245 3486 5301 diversis

1896 5347 2099 5404 deliciis
2123 5356 2179 5402 et
2204 5344 2561 5416 voluptatibus
2595 5343 2838 5398 homines
2863 5341 3214 5402 obiectantur,
3243 5347 3294 5392 et
3320 5352 3487 5392 unus-

1897 5439 2120 5512 quisque
2161 5437 2215 5493 in
2256 5452 2321 5493 ea
2350 5437 2462 5492 vult
2497 5435 2657 5490 domo
2689 5433 2959 5500 habitare,
3004 5430 3094 5484 tibi
3145 5445 3250 5484 non
3290 5427 3487 5484 habeat

1896 5530 2041 5604 quod
2077 5529 2313 5587 offendat
2351 5529 2609 5593 animum,
2640 5536 2695 5581 et
2737 5525 2930 5582 habeat
2972 5521 3134 5578 multa
3173 5537 3292 5590 qua:
3332 5520 3483 5576 dele-

1897 5635 2082 5690 ctent;
2122 5623 2168 5680 si
2207 5629 2388 5680 autem
2437 5621 2815 5677 subtrahantur
2851 5631 2914 5674 ea
2955 5631 3074 5687 qttze
3112 5615 3486 5682 delectabant,

1897 5719 2017 5776 vult
2039 5718 2202 5774 homo
2225 5715 2596 5784 undecumque
2623 5713 2850 5784 migrare
2874 5727 2888 5764 :
2917 5701 3306 5780 interrogemus
3332 5708 3488 5782 quasi

1965 5837 1983 5871 ι
2008 5839 2108 5886 Duo
2127 5838 2237 5884 uss.
2260 5831 2406 5882 vatio.
2434 5835 2487 5882 et
2506 5834 2644 5891 neg.,
2667 5838 2700 5878 α
2714 5823 2918 5880 Dentato
2935 5818 3205 5890 concupiui.

3040 5905 3288 5992 (Sept)
