3950 6450
59 437 232 508 ’9.03
429 511 437 518 _
912 505 968 510 ..

115 563 233 622 rius
258 552 429 625 templi
444 529 584 609 .‘.Et
612 545 738 624 quid
778 525 863 626 est
897 545 1043 605 hoc?
1073 526 1406 625 quoilsolus
1445 543 1698 600 sacerdos

121 649 357 711 intmbat.
389 645 458 716 Et
497 637 634 700 forte
676 644 790 714 ipse
827 643 1077 698 sacerdos
1104 648 1190 698 est
1216 639 1583 694 absconditum
1617 647 1698 691 ta-

124 738 388 805 bernaculi
419 735 532 794 Dei.
564 737 783 806 Accepit
810 735 950 791 enim
981 734 1050 792 de
1079 735 1182 789 isto
1209 732 1556 788 tabernaculo
1583 745 1703 785 ear-

61 820 64 822 .
129 851 274 900 nem,
301 843 354 890 ct
382 832 504 887 fecit
533 830 685 887 nobis
711 830 1078 900 absco;~.dituin
1113 827 1436 888 tabernaculi
1458 827 1479 860 ⁹
1500 845 1514 882 :
1537 837 1589 894 ut
1619 833 1702 880 ta-

129 925 452 990 bernaculum
476 924 595 997 eius
618 923 721 980 alia
747 922 986 981 membra
1009 922 1175 992 ipsius
1195 920 1476 976 credentes
1502 920 1553 974 in
1578 933 1700 973 cum

64 1000 68 1008 I
130 1025 249 1086 sint,
277 1017 640 1086 absconditum
675 1025 851 1072 autem
888 1014 1210 1071 tabernaculi
1244 1015 1356 1086 ipse
1395 1012 1482 1067 sit.
1511 1008 1706 1064 Μογιιά

136 1115 256 1174 enim
292 1113 424 1177 estis,
455 1113 524 1166 ait
556 1111 866 1181 Apostolus,
893 1121 938 1164 et
965 1111 1065 1164 vita
1093 1120 1252 1166 ucstra
1292 1106 1590 1166 abscondita
1613 1112 1704 1162 ἐει

131 1185 237 1270 eum
261 1189 448 1256 Christo
477 1203 529 1255 iu
561 1201 666 1254 Deo
693 1187 910 1274 (lioloss.
940 1217 1016 1267 ttt,
1040 1200 1118 1273 5).

209 1297 281 1350 ll.
305 1291 466 1366 Vlcera.
499 1290 578 1365 6.]
609 1295 688 1346 Au
731 1292 808 1344 vis
847 1306 1003 1346 nosse
1042 1290 1163 1363 quia
1207 1288 1328 1346 inde
1353 1285 1519 1344 dicit?
1548 1288 1706 1345 Petra

148 1401 312 1456 nempe
331 1395 406 1439 est
427 1384 667 1438 Christus
685 1381 726 1453 (I
745 1381 861 1437 Cor.
891 1398 944 1445 x,
965 1383 1043 1454 4).
1061 1375 1257 1436 Audite
1277 1380 1404 1452 quid
1432 1381 1702 1452 sequitur:

149 1480 368 1550 Quoniam
393 1476 654 1532 abscondit
684 1492 763 1529 nte
789 1477 840 1530 iu
869 1474 1192 1532 tabernaculo
1218 1491 1332 1535 suo,
1357 1475 1409 1528 iu
1435 1473 1516 1527 die
1546 1473 1708 1528 malo-

149 1588 241 1626 rum
260 1587 471 1624 meorum
497 1584 515 1622 :
537 1567 755 1638 protexit
781 1584 859 1620 me
879 1569 931 1621 iu
955 1567 1246 1622 abscondito
1273 1565 1581 1620 tabernaculi
1605 1565 1706 1622 sui.

150 1661 408 1732 Qua-rebus
429 1657 551 1726 quid
573 1659 643 1712 sit
663 1657 1030 1713 abseondituui
1053 1656 1401 1724 tabernaculi,
1423 1657 1544 1712 audi
1567 1655 1709 1728 quod

149 1755 358 1824 sequitur
385 1770 398 1804 :
425 1748 491 1805 lu
523 1761 667 1820 petra
692 1751 930 1806 exultavit
959 1767 1052 1806 me.
1081 1751 1219 1821 Ergo
1247 1750 1298 1804 in
1325 1745 1540 1804 Christo
1564 1748 1710 1804 exal-

151 1848 257 1903 tavit
281 1862 379 1900 rue.
406 1847 537 1913 Quia
570 1846 622 1900 in
652 1844 868 1916 pulvere
889 1844 1176 1898 humiliasti
1206 1852 1278 1912 te,
1303 1842 1354 1897 in
1384 1851 1531 1914 petra
1561 1842 1708 1898 exal-

154 1943 257 1995 tavit
301 1951 367 1994 te.
411 1939 514 2000 Sed
561 1938 809 1993 Christus
850 1953 1061 1992 sursum
1093 1944 1196 2003 est,
1230 1944 1285 1992 tu
1323 1945 1500 1991 autem
1538 1933 1712 1990 adhuc

153 2033 391 2088 deorsum.
433 2032 571 2088 Audi
620 2031 895 2103 sequentia
928 2050 942 2086 :
975 2029 1038 2085 Et
1093 2046 1227 2086 nunc
1275 2029 1515 2086 exultavit
1559 2037 1714 2101 caput

71 2183 78 2190 ,
154 2143 293 2188 meum
313 2142 461 2196 super
487 2125 722 2186 inimicos
748 2141 903 2181 uicos.
933 2122 998 2178 Et
1020 2140 1172 2189 nunc,
1195 2132 1479 2194 antequam
1500 2122 1710 2177 veniam

153 2218 205 2269 ad
241 2218 371 2273 illam
417 2218 657 2284 domum,
697 2217 784 2275 ubi
818 2216 940 2270 volo
966 2215 1216 2272 habitare
1255 2232 1348 2288 per
1382 2230 1570 2272 omnes
1595 2215 1712 2272 dies

155 2312 257 2362 vita:
285 2326 429 2374 nime,
456 2320 741 2380 antequam
769 2310 979 2368 veniam
1020 2308 1086 2364 ad
1128 2309 1271 2365 illam
1303 2308 1711 2382 contemplatio-

153 2416 257 2454 ιιιηιι
290 2401 510 2466 Domini,
535 2399 603 2457 Et
635 2417 770 2456 nunc
797 2401 1035 2458 exultat-it
1063 2411 1216 2472 caput
1244 2418 1409 2455 meum
1429 2417 1583 2470 super
1609 2400 1712 2454 iui-

153 2496 289 2548 uu'cos
322 2510 467 2554 meos.
493 2495 691 2556 Adhuc
715 2495 900 2565 patior
941 2495 1182 2562 inimicos
1216 2495 1457 2565 corporis
1490 2493 1709 2563 Christi,

149 2583 305 2642 adimc
331 2603 428 2644 non
467 2601 583 2642 sum
614 2588 880 2644 exaltatus
917 2603 1080 2656 super
1119 2586 1395 2654 inimicos;
1427 2587 1522 2644 sed
1559 2594 1714 2660 caput

151 2693 296 2736 meum
329 2679 564 2738 exaltari:
602 2695 753 2750 super
795 2679 1026 2748 inimicos
1062 2696 1218 2735 meos.
1247 2678 1365 2736 .lam
1407 2688 1572 2750 .eaput
1615 2694 1712 2734 no-

146 2777 301 2824 strum
321 2769 562 2826 Christus
593 2771 642 2823 in
671 2755 812 2834 eon
835 2779 938 2837 est,
964 2769 1137 2826 adhuc
1164 2771 1363 2824 inimici
1395 2769 1561 2825 nostri
1579 2784 1708 2840 pos-

148 2868 264 2916 sunt
285 2862 334 2920 in
361 2877 457 2917 nus
479 2861 668 2918 sirvire
692 2879 705 2914 :
731 2861 966 2922 nondum
993 2876 1178 2917 sumus
1206 2862 1421 2918 exaltati
1460 2871 1622 2933 Super
1648 2861 1710 2916 ilo

147 2950 253 3016 los;
277 2952 369 3012 sed
401 2964 556 3023 caput
595 2961 838 3013 nostrum
860 2953 974 3024 jam
1007 2953 1076 3009 ibi
1102 2964 1208 3010 est.
1233 2953 1386 3010 Unde
1413 2955 1514 3009 hoc
1537 2954 1708 3010 dixit:

142 3040 311 3111 Struit,
341 3046 516 3113 Saule,
538 3045 660 3116 quid
683 3063 760 3108 me
784 3047 1092 3118 persequeris
1117 3045 1252 3118 (Act.
1273 3061 1348 3111 tx,
1370 3047 1466 3118 ω
1483 3046 1556 3104 Se
1580 3047 1713 3103 dixit

149 3136 196 3190 in
215 3139 366 3192 nobis
394 3156 512 3194 esse
543 3139 626 3193 hie
655 3139 907 3212 deorsum
928 3158 942 3193 :
961 3154 1091 3209 ergo
1118 3150 1172 3195 et
1193 3155 1291 3196 nos
1325 3140 1380 3196 in
1411 3141 1503 3196 illo
1528 3155 1712 3200 sumus

141 3226 208 3284 ibi
226 3244 446 3296 sursum,
465 3229 586 3300 Quia
612 3240 658 3286 et
683 3247 820 3290 nunc
837 3231 1072 3294 exultavit
1093 3241 1244 3302 caput
1257 3247 1430 3294 meum
1445 3248 1598 3304 super
1615 3232 1713 3286 iui-

139 3320 283 3376 micos
311 3339 460 3378 uicos.
487 3323 624 3377 Ecce
652 3323 806 3390 quale
828 3325 1025 3394 pignus
1056 3322 1334 3390 habemus,
1363 3322 1504 3388 unde
1531 3333 1586 3379 et
1614 3338 1714 3380 nos

139 3412 236 3468 ﬁde
274 3422 321 3468 et
363 3429 458 3485 spe
485 3424 540 3470 et
567 3413 828 3470 charitate
855 3431 976 3472 cum
1005 3415 1179 3485 capite
1213 3427 1397 3471 nostro
1431 3431 1616 3473 sumus
1657 3417 1711 3474 in

129 3505 269 3562 telo
291 3507 340 3562 in
370 3518 631 3563 aeternum
658 3526 671 3561 :
698 3508 820 3580 quia
843 3518 899 3570 et
927 3509 1098 3579 ipsmn
1130 3509 1423 3577 divinitate,
1452 3509 1709 3576 bonitate,

139 3596 328 3656 unitate
353 3599 627 3655 nobiscum
653 3609 733 3654 est
766 3601 818 3656 iu
846 3608 985 3656 terra
1015 3616 1181 3672 usque
1209 3600 1260 3656 iu
1291 3603 1711 3668 consummatio~

133 3701 253 3746 netu
273 3691 450 3748 seculi
483 3689 695 3760 (Matth.
721 3707 909 3758 xxviii,
934 3691 1050 3762 £0).

209 3777 294 3836 £2.
315 3782 608 3856 .Cirrumivi,
646 3795 696 3840 et
731 3785 987 3846 immolavi
1014 3786 1079 3842 iu
1111 3786 1440 3845 tabernaculo
1479 3789 1589 3860 ejus
1614 3789 1710 3845 lio-

129 3875 276 3930 .stiaiu
297 3878 614 3949 jubilatiouis
647 3893 667 3934 :
718 3879 1056 3934 imtuolamus
1087 3879 1315 3935 luistiam
1357 3881 1709 3950 juhilationis,

137 3969 464 4036 isnmolamus
511 3973 738 4027 hostiam
778 3972 1004 4041 laetitiae,
1051 3971 1276 4027 hostiam
1322 3974 1709 4044 gratulatio..is,

135 4061 657 4139 bostiamgratiarnm
687 4065 936 4133 actionis,
970 4080 1089 4135 qua:
1119 4065 1298 4120 verbis
1325 4066 1583 4134 explicari
1605 4082 1710 4120 non

141 4167 329 4226 νείκει.
355 4158 704 4213 btttttolamus
731 4169 930 4222 autem,
965 4155 1096 4213 ubi?
1133 4158 1186 4213 lu
1229 4158 1345 4227 ipso
1375 4158 1714 4214 tabernaculo

134 4245 267 4317 ejus,
333 4249 382 4304 in
430 4260 611 4304 salicta
661 4249 920 4305 Ecclesia.
978 4249 1113 4317 Quid
1163 4264 1294 4319 ergo
1343 4250 1712 4307 immolantus?

134 4338 656 4404 Abundantissinuim
677 4353 732 4397 et
748 4343 1100 4398 inenarrabile
1120 4343 1388 4413 gaudium,
1417 4345 1575 4401 nullis
1596 4361 1716 4401 ver-

133 4431 237 4498 bis,
293 4451 422 4494 voce
473 4435 783 4491 iueﬂ'ahili'.
833 4435 959 4492 lla'c
1011 4445 1094 4492 cst
1147 4435 1317 4492 hostia
1360 4438 1711 4506 jnbilationis.

133 4523 540 4598 Unrlequa-sita,
584 4527 724 4584 unde
755 4529 967 4584 inventa
999 4529 1117 4584 est?
1152 4529 1565 4594 (lii-cumeundo,
1595 4530 1712 4587 Cir-

131 4621 328 4686 cmnioi,
358 4622 546 4693 inquit.
571 4632 617 4678 et
647 4623 903 4678 immolavi
930 4623 983 4676 in
1011 4623 1334 4678 tabernaculo
1359 4625 1468 4696 ejus
1497 4625 1713 4680 hostium

136 4708 458 4777 iubilationis.
507 4712 808 4768 Circumeat
857 4713 1067 4769 animus
1113 4723 1235 4770 tuns
1284 4732 1379 4785 per
1412 4717 1712 4774 universam

136 4813 423 4859 creaturam
455 4823 470 4860 :
501 4805 731 4874 und'qne
756 4803 847 4860 tibi
875 4806 1126 4861 clamabit
1153 4815 1392 4861 creatura
1423 4825 1436 4862 :
1472 4809 1610 4864 Deus
1629 4826 1716 4866 me

59 4890 276 4964 1....fecit.
303 4896 563 4969 Quidquid
591 4907 643 4952 te
672 4897 948 4953 delectarit
975 4899 1026 4952 in
1057 4906 1171 4952 arte
1187 4897 1230 4960 ⁸,
1270 4900 1531 4956 artiﬁcem
1563 4917 1711 4956 com-

139 4987 376 5052 mendat;
402 4989 676 5055 magisque
701 4988 745 5042 si
774 4988 1069 5044 eircmneas
1101 4990 1370 5052 universa.
1401 4991 1715 5048 considera-

144 5074 212 5131 tio
251 5080 478 5150 concipit
532 5080 750 5136 artiﬁcis
802 5081 1032 5136 laudem.
1088 5081 1245 5136 Vides
1289 5082 1478 5150 enatos,
1524 5100 1714 5155 magna

136 5183 293 5240 Opera
339 5173 430 5230 hei
478 5182 622 5228 snm.
657 5171 814 5229 Vides
862 5181 1081 5238 ternuit,
1135 5174 1275 5229 Dens
1305 5177 1716 5232 tecitseminam

138 5275 398 5330 numeros,
445 5263 778 5320 diversitates
817 5265 1136 5335 germinum,
1179 5267 1571 5324 multitudinem
1597 5270 1715 5324 ani-

192 5477 209 5512 s
237 5473 372 5545 κρύη
393 5470 646 5526 interioris
677 5470 858 5536 templi.
896 5471 1120 5540 Plerique
1148 5479 1311 5524 autem
1347 5482 1472 5538 Mss,
1515 5474 1718 5536 interius

323 5595 540 5672 nonmﬂli
550 5604 669 5672 Hes.
679 5602 841 5672 μίξιν.
850 5634 862 5657 ,
883 5603 933 5672 μς
945 5595 1064 5672 [εί-μ
1089 5611 1173 5648 nos
1186 5662 1197 5672 _
1206 5597 1534 5672 uberoud’itrm
1559 5607 1576 5651 t
1590 5600 1716 5672 εῖδει·-

125 5660 372 5734 nondum.
413 5668 546 5720 tm.,
588 5666 638 5709 et
670 5659 781 5722 fecit
815 5659 962 5710 trabis
989 5660 1316 5712 absconditum
1357 5663 1719 5715 tabernaculum

126 5738 310 5852 “iis;
327 5792 407 5852 ιβ’.
425 5791 479 5836 et
500 5790 607 5834 uss.
623 5790 688 5852 at
707 5789 838 5852 me“
851 5781 988 5835 milia
1008 5798 1119 5852 recc
1140 5785 1342 5852 emittite.

954 5849 1098 5934 tete
1121 5845 1256 5916 ιπάέιε
1283 5850 1530 5934 mem
1621 5852 1720 5908 σίτ-

124 5923 342 5974 cumeat,
363 5907 573 5963 tinicersi
592 5907 926 5972 conﬁdcratio,
951 5907 1045 5962 etc.

1199 392 1700 486 manuarium
1737 421 2060 484 ΡεΑιΜωί
2094 425 2287 485 xxvr.

3285 441 3398 505 206

1807 541 2051 596 malium.
2079 541 2313 598 Circumi
2342 541 2516 600 adlmc
2546 543 2714 603 cm‘los
2736 563 2903 621 usque
2930 551 2995 606 ad
3019 559 3235 619 terram,
3264 557 3400 616 nihil

1806 633 2110 704 relinquas:
2142 635 2374 707 undique
2406 638 2496 692 tibi
2523 641 2699 695 omnia
2747 655 2997 700 resonant
3027 649 3396 717 conditorem;

1807 737 1863 784 et
1909 729 2036 799 ipsa:
2081 729 2288 800 species
2335 743 2718 797 creaturarum,
2782 753 2940 793 voces
2979 748 3104 793 sunt
3156 742 3397 810 quzedam

1808 829 2102 876 creatorcu‘i
2126 821 2474 878 laudantium.
2496 825 2626 894 Quis
2645 838 2819 883 autem
2844 831 3073 900 explicet
3099 835 3398 889 universam

1808 924 2107 969 creaturam
2133 914 2157 971 ?
2199 917 2315 986 quis
2351 917 2492 972 illam
2527 921 2752 988 explicet
2785 923 3070 980 taudibus?
3099 927 3218 998 quis
3243 929 3404 999 digne

1807 1002 1990 1064 laudet
2017 1007 2210 1061 malum
2238 1019 2291 1064 et
2323 1021 2537 1076 terram,
2581 1029 2749 1078 utare,
2785 1027 2838 1069 et
2863 1018 3037 1070 onmia
3069 1035 3187 1088 qua:
3233 1020 3284 1073 in
3325 1023 3404 1075 eis

1809 1096 1974 1151 sunt?
2003 1096 2065 1151 Et
2093 1098 2190 1152 ista
2218 1100 2430 1169 quidem
2463 1102 2708 1156 visibilia.
2752 1103 2880 1171 Quis
2900 1106 3058 1176 digne
3084 1108 3260 1165 laudet
3291 1114 3405 1164 An-

1807 1187 1977 1261 gelos,
2005 1188 2193 1254 Sedes,
2227 1190 2642 1261 Dominatiunes,
2691 1196 3042 1267 Principatus,
3073 1209 3128 1254 et
3160 1194 3431 1280 Potesta

1813 1281 1936 1337 tes?
1979 1279 2110 1351 Quis
2135 1281 2292 1353 digne
2321 1283 2502 1339 laudet
2532 1285 2633 1342 hoc
2670 1287 2842 1358 ipsum
2872 1290 3012 1360 quod
3059 1292 3110 1345 in
3141 1293 3293 1347 nobis
3322 1280 3430 1355 vi.ll

1810 1385 1918 1445 get,
1949 1385 2201 1448 vegetans
2229 1392 2445 1450 corpus,
2482 1394 2704 1436 movens
2734 1383 2996 1450 membra,
3030 1400 3219 1440 sensus
3248 1403 3404 1442 exse-

1812 1468 1998 1536 rcns’,
2038 1479 2092 1524 et
2119 1473 2371 1527 memoria
2396 1480 2502 1529 tam
2532 1473 2696 1529 multa
2725 1477 3108 1545 complectens,
3136 1479 3407 1538 intellectu

1813 1565 1920 1614 tam
1965 1559 2129 1614 multa
2176 1561 2509 1632 discernens,
2557 1563 2676 1636 quis
2717 1564 2876 1640 digne
2911 1566 3132 1623 laudet?
3166 1571 3236 1624 At
3271 1571 3315 1625 si
3351 1572 3407 1626 in

1813 1650 1929 1706 istis
1974 1654 2233 1710 creaturis
2285 1655 2377 1712 Dei
2427 1659 2505 1713 sic
2557 1658 2762 1715 laborat
2805 1663 3070 1720 humanus
3105 1676 3304 1737 sermo,
3352 1665 3407 1722 in

1812 1754 2055 1801 creatore
2083 1747 2206 1816 quid
2235 1749 2362 1818 agit,
2394 1751 2493 1806 nisi
2518 1753 2630 1808 sola
2658 1763 2821 1810 restet
2845 1770 3095 1813 sermone
3120 1755 3409 1817 deﬁciente

1807 1837 2090 1911 jubilatio?
2137 1843 2428 1914 Circumivi,
2468 1857 2516 1902 et
2555 1848 2810 1904 immolavi
2852 1851 2904 1906 in
2939 1853 3263 1910 tabernaculo
3294 1856 3407 1927 ejus

1815 1933 2028 1989 hostium
2045 1935 2389 2005 jubilatiouis.

1889 2026 1976 2081 l5.
2021 2027 2114 2082 Est
2155 2037 2208 2084 et
2249 2030 2387 2085 alius
2412 2045 2621 2100 sensus,
2664 2033 2754 2109 qui
2781 2033 2909 2090 mihi
2939 2035 3150 2092 videtur
3174 2037 3240 2093 ad
3279 2053 3408 2096 cou-

1817 2117 2105 2173 textinnem
2128 2119 2320 2175 Psalmi
2353 2124 2520 2193 magis
2541 2125 2830 2196 pertinere.
2862 2127 2994 2195 Quia
3027 2129 3170 2184 enim
3200 2130 3410 2187 dixerat

1816 2207 1870 2262 in
1897 2217 2048 2280 petra
2090 2226 2150 2267 se
2193 2213 2504 2280 exaltatum,
2553 2215 2694 2287 quod
2724 2226 2808 2288 est
2835 2215 3111 2284 Christus;
3151 2231 3206 2276 et
3251 2230 3412 2291 caput

1817 2314 1969 2355 suum
1998 2303 2290 2360 exaltatum
2317 2320 2480 2378 super
2505 2306 2750 2364 inimicos
2775 2324 2926 2377 suos,
2976 2311 3118 2382 quod
3145 2322 3228 2368 est
3252 2312 3410 2369 Chri-

1809 2403 1933 2460 ,ειυς
1961 2409 1975 2448 :
2005 2395 2165 2451 etiam
2192 2412 2271 2465 se,
2316 2399 2404 2470 qui
2437 2401 2487 2454 in
2515 2409 2667 2476 petra
2695 2403 2959 2458 exaltatus
2993 2413 3095 2473 est,
3141 2407 3193 2462 in
3218 2407 3412 2464 eodem

1816 2483 1991 2554 capite
2035 2502 2132 2540 suo
2167 2488 2456 2544 exaltatum
2503 2489 2721 2562 intelligi
2758 2493 2924 2548 voluit
2962 2509 3124 2566 super
3168 2497 3413 2554 inimicos

1816 2587 1965 2643 suos,
2006 2575 2245 2634 referens
2277 2579 2376 2635 hoc
2416 2580 2483 2634 ad
2527 2581 2784 2638 honorem
2829 2585 3102 2653 Ecclesize,
3140 2589 3224 2642 eui
3252 2590 3414 2645 cessit

1817 2663 2153 2724 inimicorum
2185 2672 2485 2740 persecutio
2513 2689 2527 2725 :
2558 2682 2611 2728 et
2642 2663 2764 2750 quia
2795 2674 2895 2731 hoe
2934 2692 3030 2748 per
3069 2678 3226 2735 tidem
3267 2680 3413 2735 orbis

1818 2766 2078 2814 terrarqu
2103 2760 2305 2817 factum
2335 2775 2437 2831 est,
2471 2763 2758 2837 Circamivi,
2796 2768 2984 2840 inquit,
3016 2780 3063 2824 et
3084 2772 3341 2827 immolavi
3359 2775 3414 2830 in

1818 2849 2138 2905 tabernacqu
2161 2853 2273 2924 ejus
2305 2854 2523 2909 hostiam
2546 2857 2871 2927 jubilationis
2895 2877 2915 2914 :
2949 2860 3000 2916 id
3030 2873 3130 2927 est,
3160 2865 3411 2920 conside-

1817 2942 1931 3002 ravi
1963 2942 2118 2998 ﬁdem
2145 2945 2294 3002 orbis
2340 2955 2625 3016 terrarum,
2666 2933 2854 3022 iniqua
2887 2953 3174 3011 exaltatum
3204 2966 3288 3013 est
3324 2973 3414 3013 ca-

1813 3042 1913 3114 put
1939 3050 2137 3098 meum,
2178 3053 2343 3109 super
2384 3054 2478 3098 eos
2508 3041 2598 3112 qui
2628 3058 2714 3097 me
2749 3047 3242 3115 persequebantur;
3275 3060 3328 3104 et
3359 3051 3413 3105 in

1817 3124 1934 3197 ipso
1958 3127 2298 3185 tabernaculo
2319 3129 2454 3206 ejus,
2482 3132 2533 3188 id
2563 3143 2644 3191 est
2671 3134 2723 3190 in
2757 3133 2994 3192 Ecclesia
3023 3147 3134 3196 toto
3153 3141 3285 3198 urbe
3311 3142 3414 3198 dif-

1815 3217 1954 3286 fusa,
1983 3220 2324 3280 inerrabiliter
2352 3224 2561 3281 laudavi
2589 3228 2892 3285 Dominum.

1891 3312 1979 3368 M.
2023 3312 2174 3387 [cei-3.
2207 3314 2285 3391 7.]
2316 3315 2542 3372 Cantabo
2579 3331 2625 3374 et
2643 3321 2870 3392 psallunt
2910 3322 3131 3380 Domino
3173 3345 3187 3381 :
3237 3331 3415 3386 securi

1817 3403 2034 3471 erimus,
2083 3417 2138 3491 et
2183 3410 2357 3464 securi
2399 3413 2752 3482 cantabimus,
2808 3425 2862 3471 et
2900 3419 3073 3473 securi
3102 3421 3411 3491 psallemns,

1815 3511 1936 3550 cum
1958 3485 2438 3576 contemplabimur
2453 3501 2861 3562 delectationem
2893 3485 3120 3574 Domini,
3145 3520 3206 3566 et
3231 3485 3413 3582 prole;

1806 3604 2004 3662 .gemur
2033 3593 2288 3662 templum
2321 3595 2460 3666 ejus,
2515 3596 2568 3651 in
2615 3598 2701 3653 illa
2740 3599 3158 3671 incorruptione,
3202 3607 3416 3676 quando

1815 3681 2186 3739 absorbebitnr
2211 3701 2355 3740 mors
2381 3687 2432 3750 in
2459 3687 2736 3746 victoriam
2767 3691 2814 3761 (Ι
2850 3692 2968 3748 Cor.
2996 3710 3089 3760 xv,
3121 3696 3234 3766 54).
3257 3698 3414 3758 Modo

1815 3775 1981 3846 quid?
2007 3776 2135 3845 Quia
2156 3778 2264 3847 jam
2283 3779 2424 3835 dicta
2448 3783 2776 3852 suntgaudia
2804 3785 2912 3845 illa,
2940 3802 3058 3856 quae
3075 3786 3413 3856 habebimus,

1815 3881 1938 3922 cum
1970 3870 2330 3937 acceperimus
2361 3873 2678 3930 illamunam
2709 3863 3042 3946 petitionem.
3063 3879 3223 3936 Modo
3248 3884 3420 3952 quid?

1817 3957 2044 4027 Exaudi,
2071 3956 2308 4030 Domine,
2340 3980 2505 4019 vocem
2526 3984 2688 4022 meam
2715 3983 2735 4022 :
2767 3985 3045 4039 gemamus
3071 3973 3252 4041 modo,
3285 3992 3414 4034 ore-

1816 4065 1937 4104 mus
1964 4051 2139 4108 modo.
2179 4052 2420 4110 Gemitus
2459 4071 2564 4111 non
2605 4067 2688 4113 est
2730 4059 2830 4114 nisi
2875 4061 3214 4130 miserorum,
3242 4067 3416 4122 oratio

1817 4157 1926 4198 non
1957 4153 2040 4199 est
2083 4145 2180 4200 nisi
2215 4147 2580 4218 indigentium.
2629 4150 2875 4208 Transict
2914 4157 3118 4221 oratio,
3161 4160 3416 4216 succedet

1819 4234 2089 4300 laudatio;
2129 4239 2351 4295 transiet
2378 4239 2554 4307 ﬁctus,
2599 4244 3146 4317 succcdetgandium.
3193 4249 3414 4307 Interim

1819 4327 1999 4395 modo,
2033 4331 2246 4400 quando
2273 4332 2325 4388 in
2353 4333 2541 4390 diebus
2569 4336 2830 4392 malorum
2868 4352 3173 4395 nostrorum
3205 4357 3413 4410 sumus,

1821 4436 1925 4476 non
1953 4431 2130 4477 cesset
2156 4423 2326 4478 oratio
2349 4436 2532 4481 nostra
2571 4428 2637 4484 ad
2667 4429 2851 4491 Deum.
2885 4447 2916 4486 a
2945 4448 3051 4501 quo
3076 4449 3238 4487 unam
3267 4435 3413 4490 illam

1821 4522 2090 4583 pommus;
2144 4527 2198 4570 ct
2223 4517 2292 4572 ab
2318 4518 2428 4588 ipsa
2454 4520 2709 4588 petitione
2739 4539 2845 4578 non
2885 4524 3210 4590 desinamus,
3241 4528 3416 4584 donec

1819 4605 1888 4660 ad
1942 4621 2060 4662 eam
2111 4607 2201 4662 illo
2256 4608 2488 4666 donante
2530 4627 2595 4668 ac
2645 4615 2969 4684 perducente
3018 4621 3414 4685 perveniamus.

1821 4695 2048 4762 Exaudi,
2081 4697 2314 4769 Domine,
2346 4719 2515 4758 vocem
2543 4722 2727 4772 meam,
2755 4724 2856 4778 qua
2881 4709 3098 4764 clamavi
3121 4711 3190 4764 ad
3209 4721 3288 4777 te;
3317 4715 3416 4767 mi-

1817 4804 1983 4844 serere
2003 4791 2118 4856 mei,
2144 4802 2190 4846 et
2217 4793 2405 4848 exaudi
2428 4812 2506 4850 me
2529 4813 2550 4852 :
2601 4814 2760 4853 unam
2802 4800 2944 4854 illam
2978 4804 3126 4870 petit,
3173 4814 3279 4860 tam
3315 4807 3413 4861 diu

1821 4896 2038 4952 rogans,
2079 4883 2234 4951 ﬁcus,
2274 4902 2517 4956 gemens,
2566 4905 2672 4944 non
2706 4891 2836 4959 petit
2861 4894 2959 4947 nisi
2990 4912 3166 4950 unam.
3215 4898 3417 4954 Finivit

1819 4987 2008 5030 omnes
2033 4975 2371 5045 cupiditates,
2399 4981 2657 5035 remansit
2686 4982 2774 5037 illa
2806 5000 2905 5037 una
2932 5003 3090 5056 quam
3121 4990 3270 5056 petit.

1896 5065 1981 5120 15.
2027 5064 2175 5137 [verm
2201 5065 2279 5139 8.]
2324 5068 2456 5122 Audi
2484 5071 2603 5138 quia
2650 5071 2786 5128 hanc
2817 5078 2946 5144 petit
2975 5095 2988 5131 :
3037 5079 3149 5133 Titii
3173 5082 3302 5134 dixit
3329 5099 3416 5135 cor

1819 5172 2007 5222 uicum,
2041 5157 2262 5224 Quaesivi
2279 5160 2470 5214 uultum
2491 5171 2650 5217 tuum.
2686 5165 2795 5221 Hoc
2818 5177 2902 5223 est
2931 5186 3058 5240 ergo
3081 5172 3224 5241 quod
3254 5177 3412 5243 paulo

1812 5258 1944 5306 ante
1963 5250 2134 5304 dixit:
2179 5251 2246 5306 Ut
2285 5255 2595 5326 contempler
2628 5257 3004 5316 delectationem
3035 5261 3256 5316 Domini.
3299 5264 3416 5319 Tibi

1820 5340 1950 5396 dixit
1969 5358 2057 5396 eor
2081 5359 2266 5410 meum,
2300 5345 2521 5409 Qttazsiui
2545 5348 2737 5402 vultum
2768 5360 2930 5405 tuum.
2961 5352 3015 5408 Si
3043 5355 3288 5422 gaudium
3320 5370 3416 5409 no-

1819 5441 1990 5488 atrum
2039 5432 2093 5487 in
2137 5434 2239 5489 isto
2277 5436 2393 5490 sole
2436 5445 2597 5500 esset,
2644 5456 2754 5494 non
2793 5457 2890 5496 cor
2917 5453 3156 5497 nostrqu
3186 5443 3410 5514 diceret,

1825 5525 2044 5592 chsivi
2083 5526 2273 5582 eulmm
2301 5539 2480 5594 tutan;
2509 5531 2601 5586 sed
2640 5535 2777 5589 oeuli
2807 5537 3047 5604 corporis
3087 5539 3277 5592 nostri.
3310 5539 3416 5593 Cor

1821 5629 2062 5674 nostrum
2111 5621 2192 5675 cui
2221 5619 2370 5687 dicit,
2424 5622 2645 5689 Quiesivi
2673 5625 2863 5680 vultum
2909 5637 3069 5690 tuum,
3121 5630 3221 5683 nisi
3249 5631 3296 5684 ei
3325 5633 3415 5700 qui

1822 5713 2055 5783 pertinet
2087 5711 2153 5767 ad
2200 5714 2411 5768 oculum
2465 5715 2681 5770 cordis?
2732 5717 2925 5774 Lucem
2974 5720 3128 5775 istam
3171 5734 3417 5793 qu.erunt

1819 5807 1960 5866 oculi
2000 5807 2198 5873 carnis,
2245 5807 2416 5862 lucem
2443 5807 2584 5864 illam
2610 5823 2860 5882 quaerunt
2886 5814 3026 5871 oeuli
3061 5815 3262 5874 cordis.
3309 5816 3414 5874 Sed

1889 5919 1907 5953 ι
1929 5925 2003 5970 Stc
2018 5919 2069 5969 in
2091 5923 2196 5970 Mss.
2222 5926 2278 5970 Αι
2290 5919 2339 5969 iu
2355 5919 2484 5983 Edd.,
2512 5933 2650 5975 sensu
2667 5934 2916 5978 exercens.
