3950 6440
617 400 722 459 107

593 515 703 570 .vis
727 512 870 568 illam
914 508 1108 571 lucem,
1154 518 1275 575 qua:
1301 501 1512 557 videtur
1535 497 1706 554 oculis
1730 495 1932 562 cordis,
1980 493 2164 549 videre
2194 511 2211 549 :

593 597 596 628 ἶ
624 605 749 676 quia
769 603 878 673 ipsa
903 602 989 656 lus
1009 598 1148 654 Deus
1177 604 1278 652 est.
1303 592 1441 649 Deus
1461 592 1595 647 enim
1619 591 1710 645 lux
1733 598 1827 654 est,
1856 587 1929 642 ait
1952 584 2208 651 Joannes,

623 707 672 752 et
687 693 899 751 tenebrat
919 695 969 745 in
992 706 1050 745 eo
1074 704 1174 744 non
1195 697 1310 741 sunt
1333 685 1454 740 ulla:
1465 683 1505 758 (l
1530 680 1687 737 Joan.
1713 697 1751 748 ι,
1777 681 1855 751 5).
1875 678 1965 734 Vis
1985 693 2114 750 ergo
2129 678 2210 733 vi-

621 788 752 845 dere
773 787 914 842 illam
941 783 1147 839 lucem?
1172 779 1366 836 Munda
1384 778 1620 840 oculum,
1649 774 1790 831 unde
1813 773 2019 829 videtur
2038 790 2049 824 :
2071 770 2214 826 Beati

620 879 762 936 enim
780 876 968 931 mundo
982 874 1151 937 corde,
1171 872 1289 941 quia
1311 869 1408 939 ipsi
1424 867 1585 922 Deum
1595 866 1825 921 uidebunt
1841 862 2056 934 (Matth.
2074 860 2212 933 v,8).

690 969 780 1027 16.
813 967 966 1041 iners.
994 964 1076 1039 9.]
1112 963 1224 1018 Tibi
1256 962 1381 1016 dixit
1413 975 1502 1015 cor
1544 975 1730 1024 meum,
1767 955 1986 1025 Quarsivi
2018 954 2214 1009 vultum

617 1074 780 1127 tuum,
797 1063 989 1116 cultum
1010 1070 1169 1120 tuum,
1188 1056 1421 1118 Domine,
1446 1052 1904 1124 requirummnam
1925 1047 2049 1118 petii
2066 1063 2096 1100 ει
2121 1045 2214 1101 Do-

615 1155 783 1220 mino,
802 1152 938 1207 hanc
949 1149 1236 1220 requiram,
1252 1147 1489 1202 vultuum
1505 1151 1674 1209 tuum,
1694 1141 1811 1197 Non
1828 1149 2022 1195 avertas
2033 1137 2216 1211 facient

617 1253 759 1300 tuam
785 1261 817 1298 a
848 1259 945 1297 me.
968 1239 1248 1309 Quomodo
1278 1253 1337 1294 se
1366 1237 1479 1292 fixit
1498 1237 1550 1292 in
1570 1237 1670 1291 ista
1686 1250 1786 1289 una
1805 1233 2059 1304 petitione
2083 1231 2098 1285 !
2127 1229 2216 1285 Vis

617 1335 944 1406 impetrare?
983 1331 1138 1388 Aliud
1169 1331 1276 1388 noli
1313 1341 1493 1401 petere
1529 1347 1542 1384 :
1574 1329 1664 1384 uni
1700 1326 1905 1391 snflicc,
1955 1325 2078 1396 quia
2111 1337 2216 1379 una

585 1429 713 1516 I,tibi
731 1429 977 1484 sufficiet.
1000 1426 1111 1480 Tibi
1128 1426 1357 1481 dixitcor
1374 1439 1558 1488 meum,
1584 1419 1804 1487 Qtttesivi
1826 1419 2018 1474 vultum
2039 1427 2214 1480 tuum;
2249 1418 2251 1420 ’

588 1506 813 1574 Ἑπιιίιωιι
867 1529 1039 1584 tuum,
1081 1515 1316 1580 Domine,
1359 1513 1608 1584 requirant
1664 1509 1745 1564 Ne
1783 1517 1979 1564 avertas
2035 1506 2217 1574 facient

617 1621 761 1665 tuam
812 1627 845 1664 a
897 1624 1014 1663 nte:
1066 1625 1130 1663 ne
1153 1606 1376 1661 declines
1416 1606 1468 1658 in
1505 1607 1584 1658 ira
1625 1620 1657 1656 a
1683 1619 1825 1657 serra
1863 1610 1969 1654 tuo.
2015 1598 2216 1669 Magni-

618 1701 742 1766 fice,
771 1699 898 1755 nihil
943 1699 1046 1755 diei
1085 1698 1316 1754 divinius
1343 1705 1537 1767 potest.
1569 1694 1818 1750 Sentinnt
1847 1691 1948 1748 hoc
1976 1691 2066 1762 qui
2091 1705 2216 1746 vere

619 1803 824 1850 amant.
857 1793 1007 1848 Alitis
1037 1792 1198 1847 vellet
1233 1791 1419 1845 beatus
1453 1797 1507 1844 et
1533 1787 1847 1842 immortalis
1875 1799 1997 1839 esse
2025 1783 2077 1837 itt
2109 1781 2213 1848 Itis,

615 1901 751 1957 quas
781 1885 974 1955 diligit,
1023 1893 1355 1938 terrenarum
1383 1876 1941 1948 concupiscentiarum
1971 1873 2218 1943 volupta-

531 1993 546 2000 ν
616 1976 763 2031 tibus
793 1993 806 2028 :
839 1984 891 2030 et
919 1973 1058 2028 farto
1089 1983 1369 2044 propterea
1405 1971 1569 2026 Deum
1597 1967 1819 2031 coleret,
1849 1975 1904 2021 ct
1933 1973 2135 2030 oraret,
2158 1971 2219 2018 ut

619 2067 713 2123 diu
742 2065 829 2121 hic
856 2066 1060 2120 viveret
1105 2064 1156 2119 in
1185 2062 1393 2119 deliciis
1434 2062 1567 2124 suis,
1597 2068 1646 2116 et
1693 2073 1799 2113 non
1833 2055 1901 2113 ab
1925 2071 1992 2113 eo
2016 2054 2216 2128 aliquid

617 2161 822 2230 periret
842 2156 984 2229 quod
1009 2165 1219 2230 terrena
1250 2153 1490 2226 possidet
1521 2150 1807 2222 cupiditas,
1863 2164 1962 2203 nec
2001 2163 2214 2213 aurum,

618 2264 722 2303 nec
747 2256 1052 2315 argentum,
1081 2261 1179 2300 nec
1201 2245 1246 2299 si
1268 2241 1397 2315 quid
1421 2242 1740 2312 pra-diorum
1770 2238 2066 2294 oblectaret
2091 2253 2220 2292 ocu-

616 2337 701 2395 los
727 2339 865 2409 ejus.
899 2353 998 2392 nec
1025 2336 1182 2390 amici
1214 2342 1570 2397 numerentur,
1601 2348 1700 2387 nec
1727 2331 1846 2399 lilii,
1871 2345 1972 2386 nec
1996 2328 2214 2399 conjuv,

615 2445 719 2486 nec
740 2429 962 2485 clientes
991 2445 1006 2493 ;
1039 2427 1090 2482 in
1122 2426 1206 2482 his
1231 2426 1435 2480 deliciis
1467 2425 1633 2480 vellet
1657 2437 1868 2494 semper
1888 2422 2088 2476 vivere.
2108 2419 2217 2477 Sed

617 2522 743 2592 quia
799 2536 904 2575 non
949 2527 1125 2590 potest
1151 2533 1386 2588 semper,
1435 2517 1583 2573 novit
1630 2516 1773 2571 enim
1816 2529 1876 2570 se
1903 2514 2212 2578 mortalem;

615 2613 756 2670 forte
795 2612 861 2668 ad
891 2612 992 2667 hoc
1018 2612 1146 2666 colit
1174 2611 1362 2675 Deum,
1393 2618 1448 2664 et
1473 2609 1540 2664 ad
1569 2607 1669 2663 hoc
1695 2617 1811 2662 orat
1830 2607 2022 2672 Deum,
2056 2614 2112 2661 et
2146 2604 2215 2660 ad

613 2702 720 2760 hoc
763 2703 929 2774 gemit
958 2703 1087 2767 Deo,
1143 2711 1202 2756 ut
1241 2701 1341 2755 ista
1369 2699 1441 2755 illi
1468 2699 1646 2754 omnia
1689 2714 1856 2768 usque
1885 2697 2212 2752 insenectu-

617 2803 731 2849 tem
755 2794 772 2825 ⁸
801 2801 1106 2862 suppetant.
1155 2791 1223 2846 Et
1247 2791 1293 2846 si
1318 2789 1524 2845 diceret
1550 2789 1598 2845 ei
1642 2789 1802 2857 Deus,
1833 2787 1971 2842 Ecce
2000 2785 2138 2842 lacio
2164 2796 2216 2841 te

613 2883 670 2942 in
716 2883 800 2938 his
831 2882 1226 2947 immortalem;
1275 2895 1374 2952 pro
1415 2895 1609 2951 magno
1636 2871 1778 2935 banc
1822 2879 2109 2950 acciperet,
2160 2887 2214 2934 et

613 2974 974 3030 exsultatione
1023 2973 1333 3044 gaudiorum
1379 2973 1674 3043 gratulatus
1721 2987 1825 3026 non
1872 2987 1932 3026 se
1975 2979 2210 3041 caperet.

613 3065 738 3123 Non
756 3066 868 3120 vult
894 3065 997 3120 hoc
1018 3064 1140 3130 istc,
1160 3063 1250 3135 qui
1272 3075 1430 3118 unam
1455 3063 1606 3134 petiit
1630 3077 1661 3117 a
1689 3061 1936 3115 Domino.
1959 3059 2064 3116 Sed
2085 3059 2213 3132 quid

615 3157 776 3211 vult?
818 3154 1182 3225 Contemplari
1212 3153 1626 3210 delectationem
1658 3151 1863 3206 Domini
1901 3168 1996 3225 per
2022 3167 2213 3207 omnes

614 3246 737 3304 dies
762 3246 884 3303 vita:
914 3261 1047 3301 sum.
1088 3245 1400 3315 Rursusque
1429 3244 1566 3298 alius
1600 3243 1689 3314 qui
1719 3242 1819 3298 hoc
1847 3242 2008 3297 modo
2033 3253 2086 3297 et
2113 3241 2214 3298 hac

616 3353 780 3396 causa
810 3338 1013 3393 coleret
1045 3337 1237 3399 Deum,
1286 3336 1331 3391 si
1363 3335 1448 3390 illa
1476 3335 1576 3390 sibi
1602 3334 1910 3405 temporalia
1937 3333 2210 3399 adessent,

614 3429 810 3488 iratum
843 3429 1008 3483 Deum
1041 3443 1147 3482 non
1177 3427 1411 3493 timeret,
1438 3427 1540 3481 nisi
1570 3442 1638 3482 ne
1667 3426 1795 3482 illud
1821 3426 2075 3482 auferret.
2106 3426 2211 3484 Iste

613 3539 726 3580 non
754 3533 974 3594 propter
1002 3521 1104 3577 hoc
1130 3521 1284 3576 timet
1328 3521 1550 3587 iratum;
1590 3519 2016 3591 quandoquidem
2051 3528 2107 3576 ct
2140 3519 2212 3577 de

615 3615 848 3673 inimicis
875 3615 986 3670 suis
1009 3613 1162 3677 dixit,
1187 3611 1256 3669 Ut
1283 3611 1442 3668 edant
1470 3625 1660 3667 carnes
1686 3626 1854 3667 meas.
1886 3610 2039 3668 Unde
2059 3611 2212 3667 timet

613 3706 807 3764 iratum
830 3707 856 3761 ἰ
884 3704 962 3761 Ne
998 3704 1205 3760 auferat
1227 3703 1369 3774 quod
1395 3703 1614 3759 amavit.
1645 3701 1784 3771 Quid
1809 3701 2047 3758 amavit?
2075 3700 2206 3758 Vul-

616 3811 728 3855 tum
758 3800 948 3853 tuum.‘
980 3795 1104 3852 ldco
1131 3798 1272 3852 hanc
1295 3804 1442 3865 putat
1470 3795 1604 3850 iram
1635 3794 1866 3860 Domini,
1916 3795 1962 3850 si
2001 3801 2210 3849 avertat

612 3889 801 3947 abillo
844 3888 1047 3944 vultmn
1084 3903 1261 3943 suum.
1302 3885 1548 3954 Domine,
1599 3901 1662 3941 ne
1705 3885 1922 3940 declines
1963 3885 2020 3940 in
2065 3885 2144 3938 ira
2174 3899 2209 3938 α

611 3998 755 4039 servo
802 3991 907 4036 tuo.
964 3981 1151 4036 Posset
1199 3979 1274 4034 illi
1317 3978 1455 4034 forte
1500 3977 1814 4048 responderi
1859 3977 1962 4033 hoc
1997 3975 2202 4032 modo:

611 4075 751 4145 Quid
782 4075 957 4140 times,
990 4089 1061 4129 nc
1085 4072 1320 4129 declinet
1343 4087 1372 4126 a
1401 4080 1452 4127 te
1483 4070 1534 4126 in
1567 4071 1683 4126 ira?
1713 4070 1877 4140 Magis
1902 4070 1948 4125 si
1975 4085 2007 4125 a
2032 4079 2083 4124 te
2110 4068 2206 4124 de-

563 4190 566 4192 τ
611 4156 970 4224 ειίιιτινειίιιιι
998 4164 1096 4228 ira,
1131 4179 1239 4220 non
1271 4163 1324 4217 in
1351 4170 1403 4218 te
1429 4161 1722 4217 vindicabit
1755 4180 1768 4216 :
1811 4161 1856 4215 si
1883 4161 2124 4216 incurras
2149 4159 2204 4216 in

615 4248 764 4312 illum
812 4250 1041 4316 iratum,
1091 4252 1381 4308 vindicabit
1423 4252 1474 4307 in
1518 4261 1587 4307 te.
1620 4250 1754 4320 Opta
1783 4266 1909 4321 ergo
1947 4251 2122 4322 potius
2148 4259 2207 4307 ut

613 4345 847 4400 declinet
874 4360 903 4398 a
929 4351 980 4400 te
1009 4344 1061 4396 in
1094 4343 1193 4398 ira.
1223 4340 1363 4406 Non,
1389 4342 1572 4412 inquit.
1601 4339 1758 4397 Novit
1779 4342 1922 4397 enim
1953 4342 2079 4413 quid
2109 4341 2206 4398 de-

619 4419 882 4482 siderat'.
909 4419 1014 4473 -lra
1041 4419 1158 4488 ejus
1192 4435 1301 4473 non
1343 4429 1427 4475 est
1477 4419 1576 4473 nisi
1622 4420 1830 4473 aversio
1870 4422 2041 4476 vultus
2065 4425 2202 4491 ejus.

622 4513 761 4582 Quid
787 4513 830 4566 si
858 4521 908 4566 te
945 4511 1102 4566 l‘acict
1146 4511 1200 4566 itt
1243 4509 1448 4566 deliciis
1475 4511 1590 4567 istis
1616 4519 1671 4567 et
1697 4512 1962 4583 voluptate
1984 4514 2206 4586 gaudio-

620 4619 742 4661 rum
771 4613 1106 4658 terrenortnn
1134 4601 1527 4656 immortalem?
1571 4602 1879 4675 licSpondet
1898 4615 2105 4662 amator
2125 4615 2206 4664 ta-

621 4696 691 4752 lis
725 4739 738 4752 .
769 4695 940 4760 Nolo;
967 4695 1221 4766 quidquid
1254 4695 1384 4750 ntihi
1411 4698 1763 4767 prmterillum
1785 4711 1888 4768 est,
1916 4701 2074 4759 dulce
2096 4718 2204 4760 non

619 4797 706 4848 est
737 4807 750 4843 :
783 4789 1036 4861 quidquid
1065 4789 1194 4844 mihi
1217 4789 1327 4844 vult
1351 4790 1478 4846 dare
1509 4791 1762 4846 Dominus
1803 4809 1975 4862 meus,
2001 4795 2207 4852 auferat
2242 4831 2248 4836 π

624 4888 814 4946 totum,
846 4889 900 4934 et
947 4893 1007 4935 se
1033 4879 1162 4934 mihi
1188 4880 1300 4937 det.
1332 4878 1418 4934 Ne
1440 4880 1657 4938 declines
1684 4882 1734 4935 in
1761 4883 1839 4936 ira
1861 4901 1893 4936 α
1926 4899 2066 4939 servo
2095 4894 2204 4941 tuo.

621 4969 784 5029 Forte
816 4972 886 5026 ab
925 4971 1190 5044 aliquibus
1219 4971 1470 5036 declinat,
1513 4989 1620 5028 non
1656 4973 1710 5027 in
1738 4972 1851 5040 ira;
1879 4975 2146 5044 quomodo
2172 4993 2203 5034 a

619 5063 936 5135 quibusdam
965 5063 1056 5134 qui
1081 5064 1155 5118 illi
1187 5064 1404 5119 dicunt:
1440 5067 1614 5118 Averte
1641 5065 1823 5134 facient
1853 5075 1992 5120 tuum
2028 5085 2059 5122 a
2084 5087 2202 5140 pec-

619 5165 748 5210 catis
760 5157 882 5210 meis
903 5153 1070 5225 (l’sal.
1089 5170 1139 5220 ι,
1158 5155 1180 5209 1
1196 5155 1213 5208 l
1227 5153 1268 5226 ).
1283 5154 1506 5222 Quando
1524 5170 1553 5208 a
1568 5154 1798 5224 peccatis
1811 5156 1913 5211 tuis
1927 5160 2114 5214 avertit
2128 5161 2204 5218 fa-

617 5247 757 5304 ciem
775 5261 947 5308 suam,
969 5260 1074 5299 non
1093 5245 1144 5298 in
1164 5245 1236 5298 ira
1256 5260 1285 5298 a
1305 5253 1354 5300 te
1369 5245 1617 5300 declinat.
1638 5247 1996 5320 Avertatergo
2015 5247 2203 5306 faciem

617 5353 771 5396 suam
797 5353 828 5393 a
843 5336 1219 5408 peccatistuis:
1237 5336 1331 5392 sed
1351 5351 1455 5390 non
1475 5346 1680 5392 avertat
1705 5336 1892 5395 faciem
1914 5354 2061 5394 suam
2077 5355 2108 5395 a
2127 5351 2201 5399 te.

692 5431 782 5485 l7.
828 5428 1046 5500 Adjutor
1085 5443 1225 5482 nteus
1271 5440 1397 5496 esto,
1449 5443 1512 5481 ne
1555 5427 1871 5500 derelinquas
1912 5447 2009 5486 me.
2065 5429 2204 5490 Ecce

681 5563 699 5595 ⁸
725 5561 859 5621 add,
875 5555 1022 5623 usque
1043 5557 1096 5623 in
1115 5557 1276 5623 ﬁnem.
1296 5565 1496 5623 At}!s_s.,
1519 5558 1568 5611 in
1590 5567 1892 5613 senectutem.

678 5626 701 5657 ¹
724 5618 856 5683 t.ov.,
881 5618 1174 5684 ut'decl-t'tiet
1207 5627 1319 5684 at:
1352 5618 1404 5672 ιιι
1423 5618 1526 5681 ea,
1569 5637 1660 5674 non
1689 5625 1911 5675 accedat.
1937 5625 2061 5684 Quid
2083 5625 2203 5680 ravit

615 5684 789 5739 enim?
829 5682 945 5753 quid
981 5683 1348 5753 desideratlatr
1373 5719 1387 5744 ,
1404 5690 1462 5753 ιιι
1487 5683 1689 5735 declinet
1724 5700 1755 5737 tt
1789 5693 1836 5753 te
1858 5686 1908 5737 in
1931 5682 2021 5747 ira,
2050 5688 2202 5753 inira

614 5760 709 5798 non
731 5744 946 5810 accedat.
973 5744 1093 5806 Quid
1115 5744 1241 5810 norit
1261 5744 1427 5810 enim?
1448 5753 1553 5810 Mss.
1587 5761 1705 5810 vero
1726 5749 1806 5810 qui
1821 5749 1916 5798 .‘atn
1939 5764 1950 5798 :
1976 5744 2024 5800 tit
2049 5751 2199 5802 decli-

615 5817 694 5860 net
715 5815 812 5870 alte
847 5808 898 5859 iu
919 5807 1022 5866 ira,
1057 5819 1151 5858 non
1181 5806 1235 5857 in
1257 5807 1350 5858 ira.
1389 5807 1512 5870 quid
1547 5809 1675 5862 norit
1694 5806 1858 5861 enim?
1883 5811 1966 5861 Alii
2001 5812 2199 5867 domum

619 5884 726 5921 eam
751 5868 1007 5922 lectionem
1033 5871 1282 5928 exhibent,
1312 5868 1454 5934 quam
1478 5872 1526 5921 in
1550 5878 1689 5933 textu
1713 5874 1893 5924 damus.

1873 382 1932 440 ὃ.
1974 369 2347 470 ,κυϐυδτιιιι
2389 372 2698 472 εΡιδεοΡι

2327 491 2470 547 enim
2496 491 2549 548 in
2578 491 2664 548 via
2691 505 2845 558 sum;
2876 489 3040 564 petivi
3057 505 3089 549 a
3117 500 3173 550 te
3191 506 3382 564 unam,
3412 492 3642 552 habitare
3667 497 3713 555 in
3733 499 3856 559 domo

2327 591 2418 639 tua
2441 597 2536 654 per
2554 597 2744 640 omnes
2766 582 2884 641 dies
2908 585 3032 641 vita:
3058 601 3212 654 mete,
3233 588 3584 659 contemplari
3605 589 3860 651 delectatio-

2323 689 2448 730 nem
2499 684 2666 744 tuam,
2723 677 2930 748 ιιι-οιθεί
2978 678 3237 749 templum
3289 675 3523 748 tuum";
3575 681 3700 739 hanc
3738 688 3859 757 petivi

2322 779 2484 820 unam
2514 782 2530 821 :
2561 765 2656 822 sed
2682 775 2743 823 ut
2764 766 2832 822 ad
2857 767 3004 824 illam
3029 769 3362 842 perveniam,
3397 771 3450 826 in
3477 771 3560 827 via
3594 789 3721 829 sunt.
3742 776 3861 835 Forte

2321 857 2473 915 dices
2524 860 2700 915 mihi:
2757 861 2940 919 Nitcre
2957 863 3002 929 ³.
3055 863 3322 930 ambula;
3369 865 3594 920 liberum
3636 868 3858 928 arbitrium

2323 952 2417 1008 tibi
2445 951 2592 1021 dedi,
2623 952 2913 1010 voluntatis
2940 965 3044 1011 tua:
3070 971 3164 1020 es;
3187 969 3520 1026 prosequere
3547 956 3698 1023 viam,
3721 977 3860 1030 qut-re

2321 1060 2511 1118 pacem
2541 1055 2599 1102 et
2631 1061 2860 1118 sequere
2887 1063 3006 1104 eam
3030 1046 3200 1118 (Psal.
3233 1063 3432 1114 xsxm,
3473 1049 3603 1120 l5);
3633 1051 3728 1106 noli
3751 1069 3776 1105 a
3803 1053 3861 1111 vis

2313 1138 2617 1205 'declinare,
2631 1139 2741 1195 noli
2765 1141 2834 1195 ibi
2855 1154 3160 1204 remanere,
3177 1139 3287 1196 noli
3309 1149 3455 1196 retro
3472 1140 3752 1210 reSpicere;
3773 1160 3861 1212 μετα

2322 1245 2510 1287 severa
2557 1231 2612 1288 in
2651 1231 2996 1298 ambulando,
3049 1233 3301 1302 quoniam
3351 1233 3443 1304 qui
3493 1238 3861 1302 perseveraverit
3920 1241 3921 1304 ι

2323 1336 2491 1392 usque
2528 1321 2582 1377 in
2607 1323 2788 1388 liuent,
2819 1323 2904 1378 hic
2927 1323 3109 1380 salvus
3137 1324 3238 1378 erit
3262 1322 3481 1394 (Matth.
3507 1340 3559 1391 ιι,
3582 1324 3668 1391 εξ,
3692 1335 3732 1382 et
3752 1342 3860 1395 xm,

2323 1414 2440 1484 15).
2463 1413 2583 1470 Jam
2611 1426 2668 1470 ιιι
2707 1425 2930 1486 accepto
2970 1414 3140 1472 libero
3169 1416 3415 1480 arbitrio,
3471 1419 3616 1487 quasi
3641 1421 3861 1488 pra-sontis

2322 1505 2464 1561 unde
2490 1506 2731 1562 ambules
2757 1506 2838 1579 (a)
2880 1524 2894 1562 :
2927 1506 3035 1562 noli
3061 1506 3130 1564 de
3158 1516 3210 1563 te
3232 1521 3558 1578 prtesumere
3577 1524 3593 1572 ;
3615 1508 3656 1564 si
3685 1517 3731 1564 te
3750 1508 3861 1564 derc-

2322 1597 2557 1668 liquerit.
2580 1597 2631 1652 in
2655 1597 2766 1666 ipsa
2785 1597 2868 1652 via
2888 1596 3128 1664 delicies,
3150 1599 3334 1664 cades,
3358 1598 3651 1665 aberrabis,
3673 1614 3860 1655 remane-

2324 1687 2429 1746 bis.
2465 1688 2561 1743 Dic
2591 1703 2720 1759 ergo
2745 1688 2820 1744 illi
2849 1706 2864 1742 :
2909 1687 3250 1744 Voluntatetn
3293 1687 3516 1759 quidem
3544 1689 3747 1744 liberam
3768 1691 3859 1746 mihi

2321 1780 2541 1849 dedisti,
2587 1780 2682 1838 sed
2733 1782 2852 1838 sine
2887 1791 2939 1838 te
2994 1782 3126 1837 nihil
3159 1789 3244 1837 est
3285 1783 3418 1837 mihi
3457 1791 3675 1838 conatus
3713 1799 3858 1838 meus:

2322 1873 2542 1946 Adjutor
2580 1890 2720 1928 meus
2757 1884 2886 1940 esto,
2927 1890 2991 1928 ne
3011 1874 3332 1942 derelinquas
3357 1889 3469 1938 me;
3495 1891 3647 1944 neque
3668 1875 3861 1946 despiciat

2324 1981 2426 2030 me,
2458 1963 2594 2019 Deus
2618 1965 2860 2020 salutaris
2891 1981 3052 2020 meus.
3097 1965 3178 2021 Tu
3203 1965 3350 2020 enim
3379 1963 3600 2036 adjuvas
3622 1966 3707 2037 qui
3725 1965 3860 2022 condio

2321 2054 2474 2122 disti,
2495 2064 2551 2109 ttt
2580 2071 2685 2111 non
2709 2055 2915 2111 deseris
2940 2056 3028 2127 qui
3058 2055 3276 2113 creasti.

2395 2147 2483 2203 18.
2533 2144 2686 2220 [verm
2726 2145 2840 2219 10.]
2881 2146 3136 2212 Quoniam
3177 2157 3322 2218 pater
3357 2164 3498 2203 meus
3543 2158 3589 2204 et
3619 2157 3760 2204 mater
3785 2164 3859 2202 utea

2321 2237 2696 2302 dereliqtterunt
2712 2253 2811 2291 me.
2845 2236 2992 2294 Fecit
3019 2253 3080 2294 se
3104 2227 3390 2310 parvulum
3416 2240 3525 2296 Deo
3552 2255 3566 2294 :
3595 2239 3753 2309 ipsum
3771 2239 3856 2294 fecit

2321 2338 2550 2399 patrem,
2583 2320 2756 2399 ipsum
2781 2328 2906 2385 iecit
2930 2339 3177 2386 matrem.
3206 2330 3368 2387 l‘atcr
3383 2339 3488 2397 est,
3515 2331 3633 2402 quia
3657 2329 3855 2394 condidit,

2322 2421 2449 2492 quia
2480 2430 2654 2489 vocat,
2685 2422 2809 2493 quia
2831 2421 3006 2490 jubet,
3029 2423 3154 2494 quia
3177 2423 3318 2494 regit
3346 2442 3360 2480 :
3391 2432 3579 2491 mater,
3600 2424 3712 2494 quia
3739 2421 3853 2485 fovet,

2320 2514 2444 2585 quia
2483 2515 2668 2576 ntttrit,
2697 2516 2820 2584 quia
2847 2515 3030 2583 lactat,
3070 2517 3200 2588 quia
3221 2517 3487 2573 continet.
3523 2515 3672 2572 Pater
3702 2527 3856 2572 ttttttset

2319 2615 2482 2661 mater
2505 2623 2616 2662 mea
2638 2605 3021 2679 dereliqtteruttt
3041 2622 3153 2672 me;
3179 2604 3432 2664 Dominus
3459 2617 3624 2662 autent
3645 2603 3856 2676 assumpsit

2320 2713 2418 2764 me,
2437 2707 2492 2754 et
2516 2697 2810 2770 regendum
2831 2707 2886 2755 et
2904 2699 3268 2756 nutriendum.
3294 2699 3544 2756 Mortales
3557 2706 3777 2771 parentes
3791 2711 3854 2766 ge-

2319 2800 2573 2856 nuerunt,
2605 2791 2699 2846 lilti
2725 2799 3120 2856 successerunt,
3147 2790 3406 2847 mortales
3423 2790 3738 2852 mortalibus,
3755 2795 3796 2841 et
3811 2783 3854 2839 ad

2320 2879 2423 2935 hoc
2447 2865 2558 2936 nati
2583 2891 2707 2936 sunt
2741 2883 2830 2953 qui
2862 2883 3234 2948 succederent,
3268 2892 3331 2938 ut
3359 2885 3448 2953 qtti
3487 2889 3763 2955 genuerunt
3791 2877 3854 2933 de-

2317 2970 2607 3026 cederent:
2646 2987 2752 3027 non
2799 2972 3023 3032 decedet
3061 2973 3154 3045 qui
3197 2989 3286 3030 me
3331 2977 3553 3039 creavit,
3590 2989 3684 3046 ego
3715 2971 3772 3028 ab
3794 2969 3854 3024 illo

2319 3077 2425 3117 non
2453 3061 2721 3117 recedam.
2769 3061 2926 3119 Pater
2959 3080 3100 3119 meus
3141 3075 3189 3119 et
3214 3075 3377 3121 mater
3407 3082 3517 3120 mea
3548 3065 3854 3134 dereliqumttl

2316 3167 2398 3206 me
2421 3167 2442 3205 :
2473 3149 2723 3208 Dominus
2741 3161 2908 3207 autem
2935 3156 3211 3226 assumpsit
3241 3172 3342 3212 nte.
3377 3155 3630 3228 Exceptis
3655 3154 3790 3210 etiam
3809 3149 3854 3204 il«

2318 3243 2387 3298 lis
2412 3243 2624 3298 duobus
2652 3245 2980 3315 parentibus,
3021 3245 3091 3302 de
3115 3262 3347 3318 quorum
3374 3263 3534 3304 carne
3574 3247 3674 3302 nati
3697 3251 3850 3304 somni.

2317 3341 2470 3404 patre
2497 3335 2757 3400 masculo,
2811 3343 2868 3390 ct
2912 3345 3082 3393 matre
3109 3337 3331 3406 femina,
3385 3349 3632 3410 tanquam
3658 3334 3796 3391 Adam
3816 3337 3852 3385 et

2317 3425 2460 3492 Eva;
2490 3426 2732 3496 exceptis
2759 3427 2860 3483 illis
2887 3426 3095 3486 duobus
3143 3431 3480 3501 parentibus,
3531 3430 3764 3486 habemus
3793 3421 3850 3477 ltic

2315 3519 2476 3574 alium
2507 3528 2735 3590 patrem,
2765 3530 2820 3576 ct
2850 3521 3007 3578 aliam
3031 3533 3277 3592 matrem,
3301 3526 3388 3582 vel
3415 3525 3586 3598 potius
3605 3521 3849 3578 habuimus.

2318 3612 2475 3669 Pater
2505 3613 2799 3670 secundum
2823 3615 3076 3670 SiDClIlum
3106 3615 3355 3676 diabolus
3381 3628 3483 3686 est,
3529 3625 3584 3674 et
3624 3615 3711 3670 fuit
3735 3608 3846 3666 nobis

2314 3711 2468 3773 pater
2493 3717 2615 3758 cum
2663 3718 2908 3760 essemus
2931 3704 3216 3772 infideles;
3265 3723 3392 3765 nam
3443 3705 3727 3763 infidelibus
3761 3696 3849 3755 dicit

2316 3791 2575 3850 Dominus
2603 3812 2618 3849 :
2659 3793 2757 3850 Vos
2776 3811 2808 3849 a
2828 3804 2971 3867 patre
2991 3795 3191 3851 diabolo
3209 3798 3332 3854 estis
3362 3798 3540 3872 (lectu.
3569 3812 3677 3864 vm,
3701 3791 3794 3862 44).
3811 3787 3846 3842 Si
3905 3827 3908 3866 ς

2313 3886 2405 3942 ille
2453 3897 2608 3960 pater
2646 3888 2887 3946 omnium
2927 3887 3237 3960 impiorum,
3271 3891 3369 3961 qui
3410 3900 3657 3960 operatur
3694 3885 3743 3942 in
3765 3879 3852 3937 filiis

2312 3978 2622 4036 diffidentia:
2642 3979 2859 4052 (Epltes.
2885 3996 2940 4046 ιι,
2959 3981 3041 4053 2),
3069 3990 3243 4038 mater
3265 3999 3396 4052 qua:
3422 3983 3541 4040 est?
3563 3973 3853 4049 Estquzetlam

2311 4069 2520 4137 civitas,
2547 4087 2665 4142 qum
2695 4072 2981 4144 Babylonia
3000 4049 3204 4130 dicitur
3233 4091 3246 4127 :
3278 4049 3475 4132 cit-itas
3517 4077 3632 4138 ista,
3673 4067 3852 4126 societas
3875 4049 3898 4134 ’τι

2313 4171 2399 4219 est
2421 4166 2658 4220 omnium
2688 4165 3019 4236 perditorum
3046 4167 3115 4224 ab
3142 4167 3348 4224 oriente
3384 4185 3550 4240 usque
3574 4168 3624 4223 in'
3660 4158 3852 4219 occiden-

2313 4264 2455 4321 ωιηῖ
2499 4257 2610 4326 ipsa
2645 4256 2805 4314 habet
2842 4275 3064 4331 regnum
3097 4267 3401 4320 terrenum.
3445 4257 3729 4319 Secundum
3754 4252 3853 4306 hanc

2311 4347 2583 4405 civitatem
2612 4347 2911 4418 respublica
2937 4349 3013 4423 (ὁ)
3042 4352 3286 4423 quredam
3317 4353 3536 4419 dicitur,
3565 4365 3709 4422 quam
3734 4337 3850 4399 modo
3905 4337 3908 4390 Ξ

2314 4431 2505 4486 videtis
2543 4446 2823 4489 senescere
2863 4444 2920 4490 et
2960 4437 3121 4492 minui
3153 4456 3168 4494 :
3221 4441 3335 4495 lucc
3387 4444 3552 4514 prima
3599 4441 3688 4494 fuit
3721 4445 3848 4492 malet

2313 4530 2516 4587 nostra,
2549 4523 2600 4577 in
2620 4523 2717 4578 hac
2743 4524 2850 4579 nati
2873 4539 3078 4582 sumus.
3109 4529 3474 4602 Cognovjmus
3489 4535 3646 4587 anum-
3667 4537 3843 4600 palrcm,

2313 4611 2517 4678 Deum;
2552 4613 2862 4685 reliquimus
2891 4616 3179 4675 diabolum.
3205 4622 3435 4692 Quando
3456 4625 3595 4680 enim
3625 4618 3844 4675 audetac'

2310 4701 2503 4758 cedere
2537 4702 2603 4758 ad
2630 4719 2745 4771 eos,
2773 4718 2910 4777 quos
2946 4707 3037 4765 ille
3059 4715 3294 4782 suscepit
3324 4719 3413 4784 qtti
3441 4724 3648 4784 superat
3672 4701 3843 4766 omnia?

2310 4793 2670 4866 Cognovimtts
2687 4797 2844 4854 aliain
2866 4800 3110 4867 matrem,
3140 4802 3434 4863 Jerusalem
3460 4809 3734 4864 cmlestetn,
3756 4809 3842 4868 quaz

2309 4893 2393 4943 est
2411 4896 2593 4944 sancta
2616 4888 2870 4956 Ecclesia,
2889 4892 3040 4962 cujus
3057 4895 3230 4965 portio
3248 4889 3611 4970 peregrinatur
3633 4895 3680 4949 in
3705 4899 3839 4946 terra:

2312 4977 2622 5049 reliquimus
2662 4979 3027 5053 Babyloniam.
3066 4985 3223 5041 I’atcr
3248 5005 3384 5044 meus
3419 5001 3467 5044 et
3498 4978 3842 5043 materntcadt'

2309 5069 2614 5139 reliquerunt
2651 5085 2886 5126 nte:non
2921 5073 3116 5132 habent
3136 5076 3245 5148 jam
3277 5081 3419 5150 quod
3443 5081 3568 5136 mihi
3604 5077 3838 5149 prxstcnt;

2309 5159 2434 5230 quia
2463 5168 2520 5216 et
2557 5159 2772 5228 quando
2790 5161 2920 5218 mihi
2949 5177 3201 5234 prwstare
3232 5171 3558 5236 videbantur,
3589 5178 3641 5225 tu
3663 5166 3838 5238 prasta-

2309 5247 2425 5316 bas,
2455 5257 2512 5306 et
2537 5249 2645 5307 illis
2671 5250 3015 5324 imputabant.

2376 5445 2549 5522 iga"
2573 5448 2759 5522 ποετ
2789 5462 2825 5501 α
2846 5451 3040 5522 templa
3068 5458 3169 5503 tuo.
3192 5460 3254 5506 Αι
3285 5461 3414 5516 Μεδ.,
3445 5449 3623 5518 protegi
3655 5437 3839 5504 templum

2308 5512 2479 5558 tuum:
2501 5512 2778 5560 conciti..ius
2798 5514 2857 5562 ad
2879 5512 3147 5565 sutieriora.

2376 5572 2396 5642 ξ
2420 5571 2614 5642 sisti-es
2632 5579 2734 5642 uss.
2760 5575 2845 5624 Alii
2868 5566 3101 5642 quiaque.
3121 5584 3272 5630 utere.
3295 5577 3425 5642 add,
3451 5587 3585 5634 vero.
3609 5574 3656 5620 ⁸³⁸
3676 5566 3819 5642 ξῖί¹³ἷ²ἠς

2599 5633 2682 5744 ilcit
2705 5635 2829 5686 forte
2850 5631 2909 5687 ad
2933 5631 3376 5703 t‘clagiierroreut,
3415 5631 3651 5690 invectum
3679 5632 3724 5680 in
3750 5631 3839 5672 Αιη·

2367 5707 2411 5741 ιιι
2429 5705 2508 5743 an.
2532 5705 2586 5743 41
2599 5705 2616 5743 Ι
2629 5733 2637 5742 .

2372 5742 2733 5825 (inuitum-imm
2764 5759 3112 5824 rempublicam
3145 5772 3301 5825 notat.
3349 5764 3698 5825 ωηεεοθζιὲἓω,
3717 5742 3838 5825 ῩῨᾸΫΞ

2713 5831 2746 5874 ι
2765 5809 3524 5882 temwié'ia'éuiiffutﬁ'ﬁ.‘
3536 5809 3640 5872 105
3656 5820 3705 5866 α
3718 5809 3839 5870 ⁸³9⁸³

2335 5891 2446 5928 ἓΓυΙδ
2461 5891 2540 5928 an.

2648 6027 2680 6035 ..
2699 6011 2754 6033 ἀν’.
