  <div class='ocr_page' id='page_1' title='image "/cluster/home/n/w/nwhite01/storage/ocr_20150623/36/uva.x000827105/112.png"; bbox 0 0 3950 6402; ppageno 0'>
   <div class='ocr_carea' id='block_1_1' title="bbox 165 557 1677 637">
    <p class='ocr_par' dir='ltr' id='par_1_1' title="bbox 165 557 1677 637">
     <span class='ocr_line' id='line_1_1' title="bbox 165 557 1677 637; baseline -0.011 -9"><span class='ocrx_word' id='word_1_1' title='bbox 165 572 247 628; x_wconf 83' lang='lat' dir='ltr'><strong>i9.</strong></span> <span class='ocrx_word' id='word_1_2' title='bbox 286 570 329 626; x_wconf 82' lang='grc' dir='ltr'><strong>Δ</strong></span> <span class='ocrx_word' id='word_1_3' title='bbox 360 579 466 637; x_wconf 87' lang='lat' dir='ltr'><strong>quo</strong></span> <span class='ocrx_word' id='word_1_4' title='bbox 490 566 634 624; x_wconf 88' lang='lat' dir='ltr'><strong>enim</strong></span> <span class='ocrx_word' id='word_1_5' title='bbox 672 564 831 622; x_wconf 89' lang='lat' dir='ltr'><strong>etiam</strong></span> <span class='ocrx_word' id='word_1_6' title='bbox 860 560 1157 619; x_wconf 81' lang='lat' dir='ltr'><strong>secundum</strong></span> <span class='ocrx_word' id='word_1_7' title='bbox 1198 557 1456 614; x_wconf 87' lang='lat' dir='ltr'><strong>mundum</strong></span> <span class='ocrx_word' id='word_1_8' title='bbox 1516 558 1677 614; x_wconf 86' lang='lat' dir='ltr'><strong>istum</strong></span> 
     </span>
    </p>
   </div>
   <div class='ocr_carea' id='block_1_2' title="bbox 98 648 1679 738">
    <p class='ocr_par' dir='ltr' id='par_1_2' title="bbox 98 648 1679 738">
     <span class='ocr_line' id='line_1_2' title="bbox 98 648 1679 738; baseline -0.011 -18"><span class='ocrx_word' id='word_1_9' title='bbox 98 682 179 738; x_wconf 70' lang='lat' dir='ltr'><strong>pri</strong></span> <span class='ocrx_word' id='word_1_10' title='bbox 197 670 366 718; x_wconf 84' lang='lat' dir='ltr'><strong>statur</strong></span> <span class='ocrx_word' id='word_1_11' title='bbox 390 658 623 723; x_wconf 92' lang='lat' dir='ltr'><strong>homini,</strong></span> <span class='ocrx_word' id='word_1_12' title='bbox 652 657 754 713; x_wconf 86' lang='lat' dir='ltr'><strong>nisi</strong></span> <span class='ocrx_word' id='word_1_13' title='bbox 782 672 812 710; x_wconf 90' lang='lat' dir='ltr'><strong>a</strong></span> <span class='ocrx_word' id='word_1_14' title='bbox 840 652 994 712; x_wconf 70' lang='lat' dir='ltr'><strong>Deo?</strong></span> <span class='ocrx_word' id='word_1_15' title='bbox 1019 654 1125 709; x_wconf 81' lang='lat' dir='ltr'><strong>Aut</strong></span> <span class='ocrx_word' id='word_1_16' title='bbox 1151 651 1278 723; x_wconf 91' lang='lat' dir='ltr'><strong>quid</strong></span> <span class='ocrx_word' id='word_1_17' title='bbox 1306 652 1549 706; x_wconf 84' lang='lat' dir='ltr'><strong>aufertur</strong></span> <span class='ocrx_word' id='word_1_18' title='bbox 1580 648 1679 705; x_wconf 83' lang='lat' dir='ltr'><strong>ho-</strong></span> 
     </span>
    </p>
   </div>
   <div class='ocr_carea' id='block_1_3' title="bbox 100 740 1677 820">
    <p class='ocr_par' dir='ltr' id='par_1_3' title="bbox 100 740 1677 820">
     <span class='ocr_line' id='line_1_3' title="bbox 100 740 1677 820; baseline -0.011 -7"><span class='ocrx_word' id='word_1_19' title='bbox 100 756 215 814; x_wconf 83' lang='lat' dir='ltr'><strong>mini</strong></span> <span class='ocrx_word' id='word_1_20' title='bbox 242 797 257 820; x_wconf 92' lang='lat'><strong>,</strong></span> <span class='ocrx_word' id='word_1_21' title='bbox 284 753 388 809; x_wconf 86' lang='lat' dir='ltr'><strong>nisi</strong></span> <span class='ocrx_word' id='word_1_22' title='bbox 418 751 504 804; x_wconf 89' lang='lat' dir='ltr'><strong>ille</strong></span> <span class='ocrx_word' id='word_1_23' title='bbox 529 749 787 819; x_wconf 82' lang='lat' dir='ltr'><strong>jusserit,</strong></span> <span class='ocrx_word' id='word_1_24' title='bbox 816 756 908 801; x_wconf 90' lang='lat' dir='ltr'><strong>aut</strong></span> <span class='ocrx_word' id='word_1_25' title='bbox 933 744 1273 818; x_wconf 85' lang='lat' dir='ltr'><strong>permiserit,</strong></span> <span class='ocrx_word' id='word_1_26' title='bbox 1302 742 1393 814; x_wconf 88' lang='lat' dir='ltr'><strong>qui</strong></span> <span class='ocrx_word' id='word_1_27' title='bbox 1415 740 1677 797; x_wconf 79' lang='lat' dir='ltr'><strong>donavit?</strong></span> 
     </span>
    </p>
   </div>
   <div class='ocr_carea' id='block_1_4' title="bbox 104 836 1676 918">
    <p class='ocr_par' dir='ltr' id='par_1_4' title="bbox 104 836 1676 918">
     <span class='ocr_line' id='line_1_4' title="bbox 104 836 1676 918; baseline -0.011 -14"><span class='ocrx_word' id='word_1_28' title='bbox 104 848 195 904; x_wconf 85' lang='lat' dir='ltr'><strong>Sed</strong></span> <span class='ocrx_word' id='word_1_29' title='bbox 214 852 398 918; x_wconf 86' lang='lat' dir='ltr'><strong>putant</strong></span> <span class='ocrx_word' id='word_1_30' title='bbox 420 843 535 897; x_wconf 84' lang='lat' dir='ltr'><strong>vani</strong></span> <span class='ocrx_word' id='word_1_31' title='bbox 555 841 821 903; x_wconf 80' lang='lat' dir='ltr'><strong>homines,</strong></span> <span class='ocrx_word' id='word_1_32' title='bbox 838 838 978 910; x_wconf 89' lang='lat' dir='ltr'><strong>qttod</strong></span> <span class='ocrx_word' id='word_1_33' title='bbox 991 836 1095 892; x_wconf 84' lang='lat' dir='ltr'><strong>hoc</strong></span> <span class='ocrx_word' id='word_1_34' title='bbox 1108 836 1280 892; x_wconf 73' lang='lat' dir='ltr'><strong>dmino</strong></span> <span class='ocrx_word' id='word_1_35' title='bbox 1288 850 1384 890; x_wconf 88' lang='lat' dir='ltr'><strong>nes</strong></span> <span class='ocrx_word' id='word_1_36' title='bbox 1399 842 1676 907; x_wconf 71' lang='lat' dir='ltr'><strong>pnestent,</strong></span> 
     </span>
    </p>
   </div>
   <div class='ocr_carea' id='block_1_5' title="bbox 102 924 1676 1011">
    <p class='ocr_par' dir='ltr' id='par_1_5' title="bbox 102 924 1676 1011">
     <span class='ocr_line' id='line_1_5' title="bbox 102 924 1676 1011; baseline -0.008 -20"><span class='ocrx_word' id='word_1_37' title='bbox 102 954 223 1011; x_wconf 81' lang='lat' dir='ltr'><strong>quos</strong></span> <span class='ocrx_word' id='word_1_38' title='bbox 244 936 480 999; x_wconf 88' lang='lat' dir='ltr'><strong>adorant;</strong></span> <span class='ocrx_word' id='word_1_39' title='bbox 498 939 552 989; x_wconf 91' lang='lat' dir='ltr'><strong>et</strong></span> <span class='ocrx_word' id='word_1_40' title='bbox 577 929 862 1000; x_wconf 80' lang='lat' dir='ltr'><strong>aliquando</strong></span> <span class='ocrx_word' id='word_1_41' title='bbox 880 928 1063 984; x_wconf 87' lang='lat' dir='ltr'><strong>dicunt</strong></span> <span class='ocrx_word' id='word_1_42' title='bbox 1091 928 1228 983; x_wconf 88' lang='lat' dir='ltr'><strong>sibi:</strong></span> <span class='ocrx_word' id='word_1_43' title='bbox 1252 927 1393 982; x_wconf 87' lang='lat' dir='ltr'><strong>Deus</strong></span> <span class='ocrx_word' id='word_1_44' title='bbox 1419 926 1486 980; x_wconf 89' lang='lat' dir='ltr'><strong>ad</strong></span> <span class='ocrx_word' id='word_1_45' title='bbox 1514 924 1676 979; x_wconf 86' lang='lat' dir='ltr'><strong>vitam</strong></span> 
     </span>
    </p>
   </div>
   <div class='ocr_carea' id='block_1_6' title="bbox 104 1016 1674 1088">
    <p class='ocr_par' dir='ltr' id='par_1_6' title="bbox 104 1016 1674 1088">
     <span class='ocr_line' id='line_1_6' title="bbox 104 1016 1674 1088; baseline -0.011 -2"><span class='ocrx_word' id='word_1_46' title='bbox 104 1042 337 1086; x_wconf 63' lang='lat' dir='ltr'><strong>aiternam</strong></span> <span class='ocrx_word' id='word_1_47' title='bbox 360 1024 692 1082; x_wconf 85' lang='lat' dir='ltr'><strong>necessarius</strong></span> <span class='ocrx_word' id='word_1_48' title='bbox 712 1032 830 1088; x_wconf 89' lang='lat' dir='ltr'><strong>est,</strong></span> <span class='ocrx_word' id='word_1_49' title='bbox 859 1021 926 1077; x_wconf 90' lang='lat' dir='ltr'><strong>ad</strong></span> <span class='ocrx_word' id='word_1_50' title='bbox 954 1021 1100 1076; x_wconf 81' lang='lat' dir='ltr'><strong>illam</strong></span> <span class='ocrx_word' id='word_1_51' title='bbox 1128 1020 1290 1074; x_wconf 87' lang='lat' dir='ltr'><strong>vitam</strong></span> <span class='ocrx_word' id='word_1_52' title='bbox 1318 1016 1674 1088; x_wconf 87' lang='lat' dir='ltr'><strong>spiritualem;</strong></span> 
     </span>
    </p>
   </div>
   <div class='ocr_carea' id='block_1_7' title="bbox 105 1108 1679 1193">
    <p class='ocr_par' dir='ltr' id='par_1_7' title="bbox 105 1108 1679 1193">
     <span class='ocr_line' id='line_1_7' title="bbox 105 1108 1679 1193; baseline -0.01 -16"><span class='ocrx_word' id='word_1_53' title='bbox 105 1128 378 1193; x_wconf 70' lang='lat' dir='ltr'><strong>potestates</strong></span> <span class='ocrx_word' id='word_1_54' title='bbox 417 1125 590 1171; x_wconf 89' lang='lat' dir='ltr'><strong>autem</strong></span> <span class='ocrx_word' id='word_1_55' title='bbox 621 1115 738 1169; x_wconf 72' lang='lat' dir='ltr'><strong>ista:</strong></span> <span class='ocrx_word' id='word_1_56' title='bbox 774 1112 978 1169; x_wconf 90' lang='lat' dir='ltr'><strong>debent</strong></span> <span class='ocrx_word' id='word_1_57' title='bbox 1018 1126 1050 1167; x_wconf 92' lang='lat' dir='ltr'><strong>a</strong></span> <span class='ocrx_word' id='word_1_58' title='bbox 1092 1109 1251 1166; x_wconf 90' lang='lat' dir='ltr'><strong>nobis</strong></span> <span class='ocrx_word' id='word_1_59' title='bbox 1285 1108 1387 1164; x_wconf 90' lang='lat' dir='ltr'><strong>coli</strong></span> <span class='ocrx_word' id='word_1_60' title='bbox 1413 1150 1431 1176; x_wconf 93' lang='lat'><strong>,</strong></span> <span class='ocrx_word' id='word_1_61' title='bbox 1458 1117 1679 1178; x_wconf 76' lang='lat' dir='ltr'><strong>propter</strong></span> 
     </span>
    </p>
   </div>
   <div class='ocr_carea' id='block_1_8' title="bbox 105 1196 1677 1280">
    <p class='ocr_par' dir='ltr' id='par_1_8' title="bbox 105 1196 1677 1280">
     <span class='ocr_line' id='line_1_8' title="bbox 105 1196 1677 1280; baseline -0.01 -12"><span class='ocrx_word' id='word_1_62' title='bbox 105 1214 187 1269; x_wconf 86' lang='lat' dir='ltr'><strong>ista</strong></span> <span class='ocrx_word' id='word_1_63' title='bbox 208 1196 530 1280; x_wconf 82' lang='lat' dir='ltr'><strong>temporalia.</strong></span> <span class='ocrx_word' id='word_1_64' title='bbox 553 1207 599 1262; x_wconf 88' lang='grc'>0</span> <span class='ocrx_word' id='word_1_65' title='bbox 615 1204 844 1261; x_wconf 86' lang='lat' dir='ltr'><strong>inanitas</strong></span> <span class='ocrx_word' id='word_1_66' title='bbox 868 1203 1082 1275; x_wconf 75' lang='lat' dir='ltr'><strong>generis</strong></span> <span class='ocrx_word' id='word_1_67' title='bbox 1101 1200 1319 1257; x_wconf 80' lang='lat' dir='ltr'><strong>humani</strong></span> <span class='ocrx_word' id='word_1_68' title='bbox 1339 1201 1353 1255; x_wconf 89' lang='lat'><strong>!</strong></span> <span class='ocrx_word' id='word_1_69' title='bbox 1374 1199 1502 1255; x_wconf 82' lang='lat' dir='ltr'><strong>Plus</strong></span> <span class='ocrx_word' id='word_1_70' title='bbox 1525 1212 1677 1253; x_wconf 87' lang='lat' dir='ltr'><strong>amas</strong></span> 
     </span>
    </p>
   </div>
   <div class='ocr_carea' id='block_1_9' title="bbox 106 1292 1677 1373">
    <p class='ocr_par' dir='ltr' id='par_1_9' title="bbox 106 1292 1677 1373">
     <span class='ocr_line' id='line_1_9' title="bbox 106 1292 1677 1373; baseline -0.009 -12"><span class='ocrx_word' id='word_1_71' title='bbox 106 1321 181 1362; x_wconf 77' lang='lat' dir='ltr'><strong>eos</strong></span> <span class='ocrx_word' id='word_1_72' title='bbox 205 1318 287 1359; x_wconf 87' lang='lat' dir='ltr'><strong>res</strong></span> <span class='ocrx_word' id='word_1_73' title='bbox 324 1310 546 1373; x_wconf 84' lang='lat' dir='ltr'><strong>propter</strong></span> <span class='ocrx_word' id='word_1_74' title='bbox 582 1314 715 1371; x_wconf 90' lang='lat' dir='ltr'><strong>quas</strong></span> <span class='ocrx_word' id='word_1_75' title='bbox 759 1298 892 1353; x_wconf 91' lang='lat' dir='ltr'><strong>istos</strong></span> <span class='ocrx_word' id='word_1_76' title='bbox 911 1296 994 1351; x_wconf 84' lang='lat' dir='ltr'><strong>vis</strong></span> <span class='ocrx_word' id='word_1_77' title='bbox 1037 1295 1218 1351; x_wconf 89' lang='lat' dir='ltr'><strong>colere</strong></span> <span class='ocrx_word' id='word_1_78' title='bbox 1246 1311 1260 1350; x_wconf 89' lang='lat'><strong>:</strong></span> <span class='ocrx_word' id='word_1_79' title='bbox 1293 1292 1531 1365; x_wconf 87' lang='lat' dir='ltr'><strong>profecto</strong></span> <span class='ocrx_word' id='word_1_80' title='bbox 1557 1292 1677 1362; x_wconf 89' lang='lat' dir='ltr'><strong>plus</strong></span> 
     </span>
    </p>
   </div>
   <div class='ocr_carea' id='block_1_10' title="bbox 105 1383 1677 1459">
    <p class='ocr_par' dir='ltr' id='par_1_10' title="bbox 105 1383 1677 1459">
     <span class='ocr_line' id='line_1_10' title="bbox 105 1383 1677 1459; baseline -0.008 -8"><span class='ocrx_word' id='word_1_81' title='bbox 105 1396 247 1451; x_wconf 82' lang='lat' dir='ltr'><strong>habes</strong></span> <span class='ocrx_word' id='word_1_82' title='bbox 291 1394 422 1448; x_wconf 89' lang='lat' dir='ltr'><strong>istos</strong></span> <span class='ocrx_word' id='word_1_83' title='bbox 449 1391 662 1459; x_wconf 86' lang='lat' dir='ltr'><strong>colere,</strong></span> <span class='ocrx_word' id='word_1_84' title='bbox 697 1399 756 1446; x_wconf 92' lang='lat' dir='ltr'><strong>ut</strong></span> <span class='ocrx_word' id='word_1_85' title='bbox 816 1403 924 1444; x_wconf 91' lang='lat' dir='ltr'><strong>non</strong></span> <span class='ocrx_word' id='word_1_86' title='bbox 974 1387 1149 1443; x_wconf 85' lang='lat' dir='ltr'><strong>dicam</strong></span> <span class='ocrx_word' id='word_1_87' title='bbox 1199 1386 1362 1458; x_wconf 87' lang='lat' dir='ltr'><strong>plus,</strong></span> <span class='ocrx_word' id='word_1_88' title='bbox 1390 1392 1537 1441; x_wconf 89' lang='lat' dir='ltr'><strong>certe</strong></span> <span class='ocrx_word' id='word_1_89' title='bbox 1590 1383 1677 1439; x_wconf 97' lang='lat' dir='ltr'><strong>vel</strong></span> 
     </span>
    </p>
   </div>
   <div class='ocr_carea' id='block_1_11' title="bbox 106 1475 1678 1544">
    <p class='ocr_par' dir='ltr' id='par_1_11' title="bbox 106 1475 1678 1544">
     <span class='ocr_line' id='line_1_11' title="bbox 106 1475 1678 1544; baseline -0.01 0"><span class='ocrx_word' id='word_1_90' title='bbox 106 1498 303 1544; x_wconf 80' lang='lat' dir='ltr'><strong>tantum.</strong></span> <span class='ocrx_word' id='word_1_91' title='bbox 347 1484 466 1540; x_wconf 86' lang='lat' dir='ltr'><strong>Non</strong></span> <span class='ocrx_word' id='word_1_92' title='bbox 508 1483 620 1537; x_wconf 88' lang='lat' dir='ltr'><strong>vult</strong></span> <span class='ocrx_word' id='word_1_93' title='bbox 669 1490 847 1537; x_wconf 87' lang='lat' dir='ltr'><strong>autem</strong></span> <span class='ocrx_word' id='word_1_94' title='bbox 892 1480 1035 1535; x_wconf 87' lang='lat' dir='ltr'><strong>Deus</strong></span> <span class='ocrx_word' id='word_1_95' title='bbox 1080 1478 1186 1534; x_wconf 92' lang='lat' dir='ltr'><strong>coli</strong></span> <span class='ocrx_word' id='word_1_96' title='bbox 1230 1491 1352 1533; x_wconf 91' lang='lat' dir='ltr'><strong>cum</strong></span> <span class='ocrx_word' id='word_1_97' title='bbox 1397 1475 1503 1531; x_wconf 92' lang='lat' dir='ltr'><strong>illis</strong></span> <span class='ocrx_word' id='word_1_98' title='bbox 1529 1516 1547 1541; x_wconf 93' lang='lat'><strong>,</strong></span> <span class='ocrx_word' id='word_1_99' title='bbox 1577 1489 1678 1530; x_wconf 92' lang='lat' dir='ltr'><strong>nec</strong></span> 
     </span>
    </p>
   </div>
   <div class='ocr_carea' id='block_1_12' title="bbox 105 1568 1675 1648">
    <p class='ocr_par' dir='ltr' id='par_1_12' title="bbox 105 1568 1675 1648">
     <span class='ocr_line' id='line_1_12' title="bbox 105 1568 1675 1648; baseline -0.008 -14"><span class='ocrx_word' id='word_1_100' title='bbox 105 1580 143 1634; x_wconf 87' lang='lat' dir='ltr'><strong>si</strong></span> <span class='ocrx_word' id='word_1_101' title='bbox 170 1580 272 1648; x_wconf 89' lang='lat' dir='ltr'><strong>ipse</strong></span> <span class='ocrx_word' id='word_1_102' title='bbox 306 1576 517 1631; x_wconf 91' lang='lat' dir='ltr'><strong>colatur</strong></span> <span class='ocrx_word' id='word_1_103' title='bbox 544 1573 713 1630; x_wconf 84' lang='lat' dir='ltr'><strong>multo</strong></span> <span class='ocrx_word' id='word_1_104' title='bbox 748 1572 1013 1644; x_wconf 84' lang='lat' dir='ltr'><strong>amplius,</strong></span> <span class='ocrx_word' id='word_1_105' title='bbox 1054 1578 1110 1625; x_wconf 92' lang='lat' dir='ltr'><strong>et</strong></span> <span class='ocrx_word' id='word_1_106' title='bbox 1155 1570 1229 1623; x_wconf 90' lang='lat' dir='ltr'><strong>illi</strong></span> <span class='ocrx_word' id='word_1_107' title='bbox 1275 1568 1445 1623; x_wconf 91' lang='lat' dir='ltr'><strong>multo</strong></span> <span class='ocrx_word' id='word_1_108' title='bbox 1478 1568 1675 1622; x_wconf 81' lang='lat' dir='ltr'><strong>minus.</strong></span> 
     </span>
    </p>
   </div>
   <div class='ocr_carea' id='block_1_13' title="bbox 106 1657 1680 1738">
    <p class='ocr_par' dir='ltr' id='par_1_13' title="bbox 106 1657 1680 1738">
     <span class='ocr_line' id='line_1_13' title="bbox 106 1657 1680 1738; baseline -0.008 -14"><span class='ocrx_word' id='word_1_109' title='bbox 106 1667 221 1737; x_wconf 81' lang='lat' dir='ltr'><strong>Quid</strong></span> <span class='ocrx_word' id='word_1_110' title='bbox 248 1681 397 1738; x_wconf 83' lang='lat' dir='ltr'><strong>ergo,</strong></span> <span class='ocrx_word' id='word_1_111' title='bbox 416 1665 649 1736; x_wconf 84' lang='lat' dir='ltr'><strong>inquies,</strong></span> <span class='ocrx_word' id='word_1_112' title='bbox 667 1672 722 1719; x_wconf 92' lang='lat' dir='ltr'><strong>et</strong></span> <span class='ocrx_word' id='word_1_113' title='bbox 746 1663 830 1718; x_wconf 88' lang='lat' dir='ltr'><strong>isti</strong></span> <span class='ocrx_word' id='word_1_114' title='bbox 852 1677 957 1719; x_wconf 90' lang='lat' dir='ltr'><strong>non</strong></span> <span class='ocrx_word' id='word_1_115' title='bbox 984 1670 1108 1717; x_wconf 92' lang='lat' dir='ltr'><strong>sunt</strong></span> <span class='ocrx_word' id='word_1_116' title='bbox 1127 1659 1412 1716; x_wconf 78' lang='lat' dir='ltr'><strong>necessarii</strong></span> <span class='ocrx_word' id='word_1_117' title='bbox 1435 1658 1502 1714; x_wconf 89' lang='lat' dir='ltr'><strong>ad</strong></span> <span class='ocrx_word' id='word_1_118' title='bbox 1525 1657 1680 1714; x_wconf 77' lang='lat' dir='ltr'><strong>tunc?</strong></span> 
     </span>
    </p>
   </div>
   <div class='ocr_carea' id='block_1_14' title="bbox 103 1751 1678 1815">
    <p class='ocr_par' dir='ltr' id='par_1_14' title="bbox 103 1751 1678 1815">
     <span class='ocr_line' id='line_1_14' title="bbox 103 1751 1678 1815; baseline -0.006 0"><span class='ocrx_word' id='word_1_119' title='bbox 103 1758 221 1815; x_wconf 76' lang='lat' dir='ltr'><strong>Non.</strong></span> <span class='ocrx_word' id='word_1_120' title='bbox 238 1757 648 1815; x_wconf 87' lang='lat' dir='ltr'><strong>Sedtimendum</strong></span> <span class='ocrx_word' id='word_1_121' title='bbox 671 1764 754 1811; x_wconf 85' lang='lat' dir='ltr'><strong>est</strong></span> <span class='ocrx_word' id='word_1_122' title='bbox 775 1770 843 1811; x_wconf 89' lang='lat' dir='ltr'><strong>ne</strong></span> <span class='ocrx_word' id='word_1_123' title='bbox 866 1754 983 1810; x_wconf 83' lang='lat' dir='ltr'><strong>irati</strong></span> <span class='ocrx_word' id='word_1_124' title='bbox 1002 1762 1248 1810; x_wconf 85' lang='lat' dir='ltr'><strong>noceant.</strong></span> <span class='ocrx_word' id='word_1_125' title='bbox 1268 1752 1384 1810; x_wconf 82' lang='lat' dir='ltr'><strong>Non</strong></span> <span class='ocrx_word' id='word_1_126' title='bbox 1412 1751 1678 1808; x_wconf 88' lang='lat' dir='ltr'><strong>nocebunt</strong></span> 
     </span>
    </p>
   </div>
   <div class='ocr_carea' id='block_1_15' title="bbox 107 1847 1679 1923">
    <p class='ocr_par' dir='ltr' id='par_1_15' title="bbox 107 1847 1679 1923">
     <span class='ocr_line' id='line_1_15' title="bbox 107 1847 1679 1923; baseline -0.005 -14"><span class='ocrx_word' id='word_1_127' title='bbox 107 1853 192 1909; x_wconf 88' lang='lat' dir='ltr'><strong>nisi</strong></span> <span class='ocrx_word' id='word_1_128' title='bbox 216 1853 300 1909; x_wconf 88' lang='lat' dir='ltr'><strong>ille</strong></span> <span class='ocrx_word' id='word_1_129' title='bbox 325 1851 623 1923; x_wconf 90' lang='lat' dir='ltr'><strong>permittat.</strong></span> <span class='ocrx_word' id='word_1_130' title='bbox 646 1848 737 1904; x_wconf 87' lang='lat' dir='ltr'><strong>lsti</strong></span> <span class='ocrx_word' id='word_1_131' title='bbox 763 1863 979 1920; x_wconf 86' lang='lat' dir='ltr'><strong>semper</strong></span> <span class='ocrx_word' id='word_1_132' title='bbox 1000 1847 1204 1903; x_wconf 88' lang='lat' dir='ltr'><strong>habent</strong></span> <span class='ocrx_word' id='word_1_133' title='bbox 1226 1847 1551 1902; x_wconf 84' lang='lat' dir='ltr'><strong>voluntatem</strong></span> <span class='ocrx_word' id='word_1_134' title='bbox 1581 1860 1679 1901; x_wconf 80' lang='lat' dir='ltr'><strong>no-</strong></span> 
     </span>
    </p>
   </div>
   <div class='ocr_carea' id='block_1_16' title="bbox 108 1937 1678 2013">
    <p class='ocr_par' dir='ltr' id='par_1_16' title="bbox 108 1937 1678 2013">
     <span class='ocr_line' id='line_1_16' title="bbox 108 1937 1678 2013; baseline -0.007 -11"><span class='ocrx_word' id='word_1_135' title='bbox 108 1945 257 2010; x_wconf 75' lang='lat' dir='ltr'><strong>crudi,</strong></span> <span class='ocrx_word' id='word_1_136' title='bbox 281 1959 377 1998; x_wconf 90' lang='lat' dir='ltr'><strong>nec</strong></span> <span class='ocrx_word' id='word_1_137' title='bbox 400 1943 447 1998; x_wconf 91' lang='lat' dir='ltr'><strong>si</strong></span> <span class='ocrx_word' id='word_1_138' title='bbox 471 1943 770 2013; x_wconf 84' lang='lat' dir='ltr'><strong>placentur,</strong></span> <span class='ocrx_word' id='word_1_139' title='bbox 791 1955 891 1997; x_wconf 89' lang='lat' dir='ltr'><strong>nec</strong></span> <span class='ocrx_word' id='word_1_140' title='bbox 917 1940 965 1995; x_wconf 89' lang='lat' dir='ltr'><strong>si</strong></span> <span class='ocrx_word' id='word_1_141' title='bbox 996 1951 1272 2010; x_wconf 80' lang='lat' dir='ltr'><strong>rogentur,</strong></span> <span class='ocrx_word' id='word_1_142' title='bbox 1300 1937 1555 1994; x_wconf 89' lang='lat' dir='ltr'><strong>desinunt</strong></span> <span class='ocrx_word' id='word_1_143' title='bbox 1578 1952 1678 1992; x_wconf 82' lang='lat' dir='ltr'><strong>no-</strong></span> 
     </span>
    </p>
   </div>
   <div class='ocr_carea' id='block_1_17' title="bbox 109 2030 1677 2100">
    <p class='ocr_par' dir='ltr' id='par_1_17' title="bbox 109 2030 1677 2100">
     <span class='ocr_line' id='line_1_17' title="bbox 109 2030 1677 2100; baseline -0.004 -9"><span class='ocrx_word' id='word_1_144' title='bbox 109 2051 211 2091; x_wconf 79' lang='lat' dir='ltr'><strong>rrre</strong></span> <span class='ocrx_word' id='word_1_145' title='bbox 231 2035 361 2090; x_wconf 81' lang='lat' dir='ltr'><strong>velle</strong></span> <span class='ocrx_word' id='word_1_146' title='bbox 389 2051 402 2087; x_wconf 90' lang='lat'><strong>:</strong></span> <span class='ocrx_word' id='word_1_147' title='bbox 439 2034 542 2087; x_wconf 90' lang='lat' dir='ltr'><strong>hoc</strong></span> <span class='ocrx_word' id='word_1_148' title='bbox 570 2033 711 2087; x_wconf 83' lang='lat' dir='ltr'><strong>cuitu</strong></span> <span class='ocrx_word' id='word_1_149' title='bbox 745 2031 1136 2087; x_wconf 71' lang='lat' dir='ltr'><strong>malevolentiae</strong></span> <span class='ocrx_word' id='word_1_150' title='bbox 1167 2030 1378 2085; x_wconf 91' lang='lat' dir='ltr'><strong>illorum</strong></span> <span class='ocrx_word' id='word_1_151' title='bbox 1405 2031 1677 2100; x_wconf 89' lang='lat' dir='ltr'><strong>proprium</strong></span> 
     </span>
    </p>
   </div>
   <div class='ocr_carea' id='block_1_18' title="bbox 112 2116 1680 2197">
    <p class='ocr_par' dir='ltr' id='par_1_18' title="bbox 112 2116 1680 2197">
     <span class='ocr_line' id='line_1_18' title="bbox 112 2116 1680 2197; baseline -0.005 -13"><span class='ocrx_word' id='word_1_152' title='bbox 112 2138 194 2184; x_wconf 87' lang='lat' dir='ltr'><strong>est.</strong></span> <span class='ocrx_word' id='word_1_153' title='bbox 220 2127 351 2197; x_wconf 84' lang='lat' dir='ltr'><strong>Ergo</strong></span> <span class='ocrx_word' id='word_1_154' title='bbox 376 2126 507 2197; x_wconf 90' lang='lat' dir='ltr'><strong>quid</strong></span> <span class='ocrx_word' id='word_1_155' title='bbox 532 2116 695 2181; x_wconf 85' lang='lat' dir='ltr'><strong>facies</strong></span> <span class='ocrx_word' id='word_1_156' title='bbox 722 2139 818 2179; x_wconf 91' lang='lat' dir='ltr'><strong>eos</strong></span> <span class='ocrx_word' id='word_1_157' title='bbox 845 2122 1092 2185; x_wconf 87' lang='lat' dir='ltr'><strong>colendo,</strong></span> <span class='ocrx_word' id='word_1_158' title='bbox 1117 2122 1218 2177; x_wconf 89' lang='lat' dir='ltr'><strong>nisi</strong></span> <span class='ocrx_word' id='word_1_159' title='bbox 1247 2130 1306 2176; x_wconf 93' lang='lat' dir='ltr'><strong>ut</strong></span> <span class='ocrx_word' id='word_1_160' title='bbox 1336 2123 1483 2176; x_wconf 90' lang='lat' dir='ltr'><strong>illum</strong></span> <span class='ocrx_word' id='word_1_161' title='bbox 1510 2120 1680 2176; x_wconf 83' lang='lat' dir='ltr'><strong>oll&#39;en-</strong></span> 
     </span>
    </p>
   </div>
   <div class='ocr_carea' id='block_1_19' title="bbox 110 2211 1680 2290">
    <p class='ocr_par' dir='ltr' id='par_1_19' title="bbox 110 2211 1680 2290">
     <span class='ocr_line' id='line_1_19' title="bbox 110 2211 1680 2290; baseline -0.005 -15"><span class='ocrx_word' id='word_1_162' title='bbox 110 2219 189 2275; x_wconf 80' lang='lat' dir='ltr'><strong>das</strong></span> <span class='ocrx_word' id='word_1_163' title='bbox 207 2261 221 2287; x_wconf 91' lang='lat'><strong>,</strong></span> <span class='ocrx_word' id='word_1_164' title='bbox 245 2234 347 2290; x_wconf 91' lang='lat' dir='ltr'><strong>quo</strong></span> <span class='ocrx_word' id='word_1_165' title='bbox 378 2218 594 2273; x_wconf 74' lang='lat' dir='ltr'><strong>oll‘euso</strong></span> <span class='ocrx_word' id='word_1_166' title='bbox 622 2216 674 2271; x_wconf 91' lang='lat' dir='ltr'><strong>in</strong></span> <span class='ocrx_word' id='word_1_167' title='bbox 704 2216 927 2271; x_wconf 87' lang='lat' dir='ltr'><strong>istorum</strong></span> <span class='ocrx_word' id='word_1_168' title='bbox 957 2222 1272 2286; x_wconf 86' lang='lat' dir='ltr'><strong>potestatem</strong></span> <span class='ocrx_word' id='word_1_169' title='bbox 1302 2211 1517 2269; x_wconf 88' lang='lat' dir='ltr'><strong>daberis</strong></span> <span class='ocrx_word' id='word_1_170' title='bbox 1540 2212 1556 2245; x_wconf 82' lang='grc'>⁸</span> <span class='ocrx_word' id='word_1_171' title='bbox 1584 2229 1599 2267; x_wconf 90' lang='lat'><strong>:</strong></span> <span class='ocrx_word' id='word_1_172' title='bbox 1623 2219 1680 2267; x_wconf 92' lang='lat' dir='ltr'><strong>ut</strong></span> 
     </span>
    </p>
   </div>
   <div class='ocr_carea' id='block_1_20' title="bbox 113 2296 1682 2383">
    <p class='ocr_par' dir='ltr' id='par_1_20' title="bbox 113 2296 1682 2383">
     <span class='ocr_line' id='line_1_20' title="bbox 113 2296 1682 2383; baseline -0.006 -15"><span class='ocrx_word' id='word_1_173' title='bbox 113 2314 185 2383; x_wconf 82' lang='lat' dir='ltr'><strong>qui</strong></span> <span class='ocrx_word' id='word_1_174' title='bbox 210 2312 295 2367; x_wconf 84' lang='lat' dir='ltr'><strong>tibi</strong></span> <span class='ocrx_word' id='word_1_175' title='bbox 321 2311 451 2366; x_wconf 83' lang='lat' dir='ltr'><strong>nihil</strong></span> <span class='ocrx_word' id='word_1_176' title='bbox 483 2320 699 2379; x_wconf 86' lang='lat' dir='ltr'><strong>possent</strong></span> <span class='ocrx_word' id='word_1_177' title='bbox 728 2309 903 2364; x_wconf 87' lang='lat' dir='ltr'><strong>facere</strong></span> <span class='ocrx_word' id='word_1_178' title='bbox 933 2308 1025 2364; x_wconf 90' lang='lat' dir='ltr'><strong>illo</strong></span> <span class='ocrx_word' id='word_1_179' title='bbox 1051 2296 1277 2379; x_wconf 84' lang='lat' dir='ltr'><strong>placato,</strong></span> <span class='ocrx_word' id='word_1_180' title='bbox 1311 2306 1503 2361; x_wconf 81' lang='lat' dir='ltr'><strong>faciant</strong></span> <span class='ocrx_word' id='word_1_181' title='bbox 1524 2302 1682 2377; x_wconf 89' lang='lat' dir='ltr'><strong>quid-</strong></span> 
     </span>
    </p>
   </div>
   <div class='ocr_carea' id='block_1_21' title="bbox 110 2399 1681 2476">
    <p class='ocr_par' dir='ltr' id='par_1_21' title="bbox 110 2399 1681 2476">
     <span class='ocr_line' id='line_1_21' title="bbox 110 2399 1681 2476; baseline -0.004 -17"><span class='ocrx_word' id='word_1_182' title='bbox 110 2407 215 2476; x_wconf 85' lang='lat' dir='ltr'><strong>quid</strong></span> <span class='ocrx_word' id='word_1_183' title='bbox 233 2405 410 2460; x_wconf 87' lang='lat' dir='ltr'><strong>volunt</strong></span> <span class='ocrx_word' id='word_1_184' title='bbox 431 2404 534 2459; x_wconf 91' lang='lat' dir='ltr'><strong>illo</strong></span> <span class='ocrx_word' id='word_1_185' title='bbox 556 2403 713 2458; x_wconf 88' lang='lat' dir='ltr'><strong>irato.</strong></span> <span class='ocrx_word' id='word_1_186' title='bbox 738 2401 804 2457; x_wconf 80' lang='lat' dir='ltr'><strong>Et</strong></span> <span class='ocrx_word' id='word_1_187' title='bbox 827 2411 882 2455; x_wconf 93' lang='lat' dir='ltr'><strong>ut</strong></span> <span class='ocrx_word' id='word_1_188' title='bbox 912 2401 1125 2456; x_wconf 85' lang='lat' dir='ltr'><strong>noveris</strong></span> <span class='ocrx_word' id='word_1_189' title='bbox 1144 2416 1303 2470; x_wconf 89' lang='lat' dir='ltr'><strong>quam</strong></span> <span class='ocrx_word' id='word_1_190' title='bbox 1336 2399 1526 2455; x_wconf 88' lang='lat' dir='ltr'><strong>frustra</strong></span> <span class='ocrx_word' id='word_1_191' title='bbox 1551 2401 1681 2453; x_wconf 85' lang='lat' dir='ltr'><strong>istos</strong></span> 
     </span>
    </p>
   </div>
   <div class='ocr_carea' id='block_1_22' title="bbox 113 2492 1677 2566">
    <p class='ocr_par' dir='ltr' id='par_1_22' title="bbox 113 2492 1677 2566">
     <span class='ocr_line' id='line_1_22' title="bbox 113 2492 1677 2566; baseline 0 -15"><span class='ocrx_word' id='word_1_192' title='bbox 113 2496 252 2562; x_wconf 79' lang='lat' dir='ltr'><strong>colas,</strong></span> <span class='ocrx_word' id='word_1_193' title='bbox 272 2497 419 2566; x_wconf 89' lang='lat' dir='ltr'><strong>quasi</strong></span> <span class='ocrx_word' id='word_1_194' title='bbox 450 2504 674 2565; x_wconf 79' lang='lat' dir='ltr'><strong>propter</strong></span> <span class='ocrx_word' id='word_1_195' title='bbox 692 2493 1003 2563; x_wconf 86' lang='lat' dir='ltr'><strong>temporalia</strong></span> <span class='ocrx_word' id='word_1_196' title='bbox 1029 2493 1268 2564; x_wconf 90' lang='lat' dir='ltr'><strong>quisquis</strong></span> <span class='ocrx_word' id='word_1_197' title='bbox 1298 2492 1412 2547; x_wconf 45' lang='lat' dir='ltr'><strong>huic</strong></span> <span class='ocrx_word' id='word_1_198' title='bbox 1437 2492 1677 2563; x_wconf 77' lang='lat' dir='ltr'><strong>cogitas:</strong></span> 
     </span>
    </p>
   </div>
   <div class='ocr_carea' id='block_1_23' title="bbox 113 2581 1677 2659">
    <p class='ocr_par' dir='ltr' id='par_1_23' title="bbox 113 2581 1677 2659">
     <span class='ocr_line' id='line_1_23' title="bbox 113 2581 1677 2659; baseline -0.003 -18"><span class='ocrx_word' id='word_1_199' title='bbox 113 2602 273 2644; x_wconf 79' lang='lat' dir='ltr'><strong>omnes</strong></span> <span class='ocrx_word' id='word_1_200' title='bbox 306 2588 393 2659; x_wconf 90' lang='lat' dir='ltr'><strong>qui</strong></span> <span class='ocrx_word' id='word_1_201' title='bbox 430 2588 623 2642; x_wconf 86' lang='lat' dir='ltr'><strong>colunt</strong></span> <span class='ocrx_word' id='word_1_202' title='bbox 666 2581 1005 2655; x_wconf 55' lang='lat' dir='ltr'><strong>Neptunuuﬁ,</strong></span> <span class='ocrx_word' id='word_1_203' title='bbox 1037 2599 1142 2639; x_wconf 87' lang='lat' dir='ltr'><strong>non</strong></span> <span class='ocrx_word' id='word_1_204' title='bbox 1186 2583 1631 2655; x_wconf 86' lang='lat' dir='ltr'><strong>naufragaverunt</strong></span> <span class='ocrx_word' id='word_1_205' title='bbox 1660 2598 1677 2648; x_wconf 90' lang='lat'><strong>;</strong></span> 
     </span>
    </p>
   </div>
   <div class='ocr_carea' id='block_1_24' title="bbox 112 2676 1681 2749">
    <p class='ocr_par' dir='ltr' id='par_1_24' title="bbox 112 2676 1681 2749">
     <span class='ocr_line' id='line_1_24' title="bbox 112 2676 1681 2749; baseline -0.003 -15"><span class='ocrx_word' id='word_1_206' title='bbox 112 2690 185 2734; x_wconf 79' lang='lat' dir='ltr'><strong>aut</strong></span> <span class='ocrx_word' id='word_1_207' title='bbox 216 2694 392 2733; x_wconf 86' lang='lat' dir='ltr'><strong>omnes</strong></span> <span class='ocrx_word' id='word_1_208' title='bbox 433 2679 533 2749; x_wconf 83' lang='lat' dir='ltr'><strong>qui</strong></span> <span class='ocrx_word' id='word_1_209' title='bbox 579 2678 948 2748; x_wconf 83' lang='lat' dir='ltr'><strong>blaSpliemant</strong></span> <span class='ocrx_word' id='word_1_210' title='bbox 992 2676 1331 2747; x_wconf 77' lang='lat' dir='ltr'><strong>Neptunum,</strong></span> <span class='ocrx_word' id='word_1_211' title='bbox 1360 2676 1427 2729; x_wconf 89' lang='lat' dir='ltr'><strong>ad</strong></span> <span class='ocrx_word' id='word_1_212' title='bbox 1471 2686 1681 2744; x_wconf 87' lang='lat' dir='ltr'><strong>portum</strong></span> 
     </span>
    </p>
   </div>
   <div class='ocr_carea' id='block_1_25' title="bbox 113 2765 1680 2841">
    <p class='ocr_par' dir='ltr' id='par_1_25' title="bbox 113 2765 1680 2841">
     <span class='ocr_line' id='line_1_25' title="bbox 113 2765 1680 2841; baseline -0.003 -16"><span class='ocrx_word' id='word_1_213' title='bbox 113 2785 199 2825; x_wconf 85' lang='lat' dir='ltr'><strong>non</strong></span> <span class='ocrx_word' id='word_1_214' title='bbox 224 2768 618 2841; x_wconf 86' lang='lat' dir='ltr'><strong>pervenerunt?</strong></span> <span class='ocrx_word' id='word_1_215' title='bbox 645 2783 834 2824; x_wconf 85' lang='lat' dir='ltr'><strong>otnues</strong></span> <span class='ocrx_word' id='word_1_216' title='bbox 860 2768 1114 2822; x_wconf 87' lang='lat' dir='ltr'><strong>mulieres</strong></span> <span class='ocrx_word' id='word_1_217' title='bbox 1133 2767 1376 2822; x_wconf 89' lang='lat' dir='ltr'><strong>colentes</strong></span> <span class='ocrx_word' id='word_1_218' title='bbox 1392 2765 1680 2832; x_wconf 75' lang='lat' dir='ltr'><strong>iunonem,</strong></span> 
     </span>
    </p>
   </div>
   <div class='ocr_carea' id='block_1_26' title="bbox 113 2858 1680 2933">
    <p class='ocr_par' dir='ltr' id='par_1_26' title="bbox 113 2858 1680 2933">
     <span class='ocr_line' id='line_1_26' title="bbox 113 2858 1680 2933; baseline -0.002 -16"><span class='ocrx_word' id='word_1_219' title='bbox 113 2860 224 2917; x_wconf 83' lang='lat' dir='ltr'><strong>bene</strong></span> <span class='ocrx_word' id='word_1_220' title='bbox 242 2870 589 2933; x_wconf 87' lang='lat' dir='ltr'><strong>pepererunt;</strong></span> <span class='ocrx_word' id='word_1_221' title='bbox 612 2870 702 2915; x_wconf 92' lang='lat' dir='ltr'><strong>aut</strong></span> <span class='ocrx_word' id='word_1_222' title='bbox 729 2875 917 2914; x_wconf 88' lang='lat' dir='ltr'><strong>omnes</strong></span> <span class='ocrx_word' id='word_1_223' title='bbox 943 2859 1370 2929; x_wconf 77' lang='lat' dir='ltr'><strong>hlasphemantes</strong></span> <span class='ocrx_word' id='word_1_224' title='bbox 1393 2858 1680 2925; x_wconf 84' lang='lat' dir='ltr'><strong>Junonetn,</strong></span> 
     </span>
    </p>
   </div>
   <div class='ocr_carea' id='block_1_27' title="bbox 112 2946 1680 3025">
    <p class='ocr_par' dir='ltr' id='par_1_27' title="bbox 112 2946 1680 3025">
     <span class='ocr_line' id='line_1_27' title="bbox 112 2946 1680 3025; baseline -0.003 -18"><span class='ocrx_word' id='word_1_225' title='bbox 112 2954 230 3009; x_wconf 82' lang='lat' dir='ltr'><strong>male</strong></span> <span class='ocrx_word' id='word_1_226' title='bbox 272 2952 644 3025; x_wconf 70' lang='lat' dir='ltr'><strong>pepererunt?</strong></span> <span class='ocrx_word' id='word_1_227' title='bbox 685 2950 819 3006; x_wconf 92' lang='lat' dir='ltr'><strong>lliuc</strong></span> <span class='ocrx_word' id='word_1_228' title='bbox 863 2950 1121 3020; x_wconf 84' lang='lat' dir='ltr'><strong>intelligat</strong></span> <span class='ocrx_word' id='word_1_229' title='bbox 1160 2946 1405 3004; x_wconf 76' lang='lat' dir='ltr'><strong>Charitas</strong></span> <span class='ocrx_word' id='word_1_230' title='bbox 1461 2948 1680 3014; x_wconf 68' lang='lat' dir='ltr'><strong>Vestra,</strong></span> 
     </span>
    </p>
   </div>
   <div class='ocr_carea' id='block_1_28' title="bbox 115 3036 1682 3115">
    <p class='ocr_par' dir='ltr' id='par_1_28' title="bbox 115 3036 1682 3115">
     <span class='ocr_line' id='line_1_28' title="bbox 115 3036 1682 3115; baseline -0.004 -14"><span class='ocrx_word' id='word_1_231' title='bbox 115 3047 404 3106; x_wconf 76' lang='lat' dir='ltr'><strong>inaucsssse</strong></span> <span class='ocrx_word' id='word_1_232' title='bbox 432 3046 712 3111; x_wconf 77' lang='lat' dir='ltr'><strong>homines,</strong></span> <span class='ocrx_word' id='word_1_233' title='bbox 740 3044 829 3115; x_wconf 85' lang='lat' dir='ltr'><strong>qui</strong></span> <span class='ocrx_word' id='word_1_234' title='bbox 858 3036 987 3099; x_wconf 87' lang='lat' dir='ltr'><strong>istos</strong></span> <span class='ocrx_word' id='word_1_235' title='bbox 1010 3040 1204 3098; x_wconf 84' lang='lat' dir='ltr'><strong>volunt</strong></span> <span class='ocrx_word' id='word_1_236' title='bbox 1234 3040 1413 3097; x_wconf 84' lang='lat' dir='ltr'><strong>eolere</strong></span> <span class='ocrx_word' id='word_1_237' title='bbox 1440 3040 1523 3096; x_wconf 85' lang='lat' dir='ltr'><strong>vel</strong></span> <span class='ocrx_word' id='word_1_238' title='bbox 1555 3055 1682 3111; x_wconf 89' lang='lat' dir='ltr'><strong>pro-</strong></span> 
     </span>
    </p>
   </div>
   <div class='ocr_carea' id='block_1_29' title="bbox 112 3130 1679 3206">
    <p class='ocr_par' dir='ltr' id='par_1_29' title="bbox 112 3130 1679 3206">
     <span class='ocr_line' id='line_1_29' title="bbox 112 3130 1679 3206; baseline -0.001 -17"><span class='ocrx_word' id='word_1_239' title='bbox 112 3146 209 3206; x_wconf 84' lang='lat' dir='ltr'><strong>pter</strong></span> <span class='ocrx_word' id='word_1_240' title='bbox 230 3138 321 3192; x_wconf 84' lang='lat' dir='ltr'><strong>ista</strong></span> <span class='ocrx_word' id='word_1_241' title='bbox 350 3147 601 3193; x_wconf 85' lang='lat' dir='ltr'><strong>terrena.</strong></span> <span class='ocrx_word' id='word_1_242' title='bbox 629 3133 760 3191; x_wconf 83' lang='lat' dir='ltr'><strong>Nam</strong></span> <span class='ocrx_word' id='word_1_243' title='bbox 791 3134 836 3189; x_wconf 91' lang='lat' dir='ltr'><strong>si</strong></span> <span class='ocrx_word' id='word_1_244' title='bbox 862 3142 1082 3205; x_wconf 88' lang='lat' dir='ltr'><strong>propter</strong></span> <span class='ocrx_word' id='word_1_245' title='bbox 1107 3133 1204 3188; x_wconf 91' lang='lat' dir='ltr'><strong>ista</strong></span> <span class='ocrx_word' id='word_1_246' title='bbox 1234 3141 1443 3188; x_wconf 83' lang='lat' dir='ltr'><strong>terrena</strong></span> <span class='ocrx_word' id='word_1_247' title='bbox 1469 3130 1679 3187; x_wconf 81' lang='lat' dir='ltr'><strong>colendi</strong></span> 
     </span>
    </p>
   </div>
   <div class='ocr_carea' id='block_1_30' title="bbox 114 3222 1679 3291">
    <p class='ocr_par' dir='ltr' id='par_1_30' title="bbox 114 3222 1679 3291">
     <span class='ocr_line' id='line_1_30' title="bbox 114 3222 1679 3291; baseline -0.004 -8"><span class='ocrx_word' id='word_1_248' title='bbox 114 3236 262 3283; x_wconf 78' lang='lat' dir='ltr'><strong>essent</strong></span> <span class='ocrx_word' id='word_1_249' title='bbox 284 3270 297 3291; x_wconf 91' lang='lat'><strong><em>.</em></strong></span> <span class='ocrx_word' id='word_1_250' title='bbox 324 3228 422 3283; x_wconf 89' lang='lat' dir='ltr'><strong>soli</strong></span> <span class='ocrx_word' id='word_1_251' title='bbox 472 3227 710 3282; x_wconf 89' lang='lat' dir='ltr'><strong>cultores</strong></span> <span class='ocrx_word' id='word_1_252' title='bbox 740 3226 951 3280; x_wconf 87' lang='lat' dir='ltr'><strong>illorum</strong></span> <span class='ocrx_word' id='word_1_253' title='bbox 980 3223 1205 3279; x_wconf 85' lang='lat' dir='ltr'><strong>terrenis</strong></span> <span class='ocrx_word' id='word_1_254' title='bbox 1233 3222 1479 3277; x_wconf 89' lang='lat' dir='ltr'><strong>omnibus</strong></span> <span class='ocrx_word' id='word_1_255' title='bbox 1505 3222 1679 3277; x_wconf 79' lang='lat' dir='ltr'><strong>abun-</strong></span> 
     </span>
    </p>
   </div>
   <div class='ocr_carea' id='block_1_31' title="bbox 113 3311 1687 3389">
    <p class='ocr_par' dir='ltr' id='par_1_31' title="bbox 113 3311 1687 3389">
     <span class='ocr_line' id='line_1_31' title="bbox 113 3311 1687 3389; baseline -0.002 -18"><span class='ocrx_word' id='word_1_256' title='bbox 113 3317 288 3375; x_wconf 82' lang='lat' dir='ltr'><strong>darent.</strong></span> <span class='ocrx_word' id='word_1_257' title='bbox 309 3319 471 3388; x_wconf 75' lang='lat' dir='ltr'><strong>Quod</strong></span> <span class='ocrx_word' id='word_1_258' title='bbox 498 3317 712 3389; x_wconf 84' lang='lat' dir='ltr'><strong>quidem</strong></span> <span class='ocrx_word' id='word_1_259' title='bbox 740 3318 783 3369; x_wconf 92' lang='lat' dir='ltr'><strong>si</strong></span> <span class='ocrx_word' id='word_1_260' title='bbox 806 3325 974 3379; x_wconf 86' lang='lat' dir='ltr'><strong>esset,</strong></span> <span class='ocrx_word' id='word_1_261' title='bbox 993 3314 1176 3386; x_wconf 83' lang='lat' dir='ltr'><strong>fugere</strong></span> <span class='ocrx_word' id='word_1_262' title='bbox 1200 3327 1298 3368; x_wconf 85' lang='lat' dir='ltr'><strong>nos</strong></span> <span class='ocrx_word' id='word_1_263' title='bbox 1320 3312 1441 3368; x_wconf 82' lang='lat' dir='ltr'><strong>talia</strong></span> <span class='ocrx_word' id='word_1_264' title='bbox 1464 3311 1603 3368; x_wconf 88' lang='lat' dir='ltr'><strong>dona</strong></span> <span class='ocrx_word' id='word_1_265' title='bbox 1628 3320 1687 3369; x_wconf 89' lang='lat' dir='ltr'><strong>et</strong></span> 
     </span>
    </p>
   </div>
   <div class='ocr_carea' id='block_1_32' title="bbox 114 3405 1685 3484">
    <p class='ocr_par' dir='ltr' id='par_1_32' title="bbox 114 3405 1685 3484">
     <span class='ocr_line' id='line_1_32' title="bbox 114 3405 1685 3484; baseline -0.003 -17"><span class='ocrx_word' id='word_1_266' title='bbox 114 3426 242 3469; x_wconf 81' lang='lat' dir='ltr'><strong>tinam</strong></span> <span class='ocrx_word' id='word_1_267' title='bbox 268 3424 451 3484; x_wconf 84' lang='lat' dir='ltr'><strong>petere</strong></span> <span class='ocrx_word' id='word_1_268' title='bbox 481 3430 509 3466; x_wconf 92' lang='lat' dir='ltr'><strong>a</strong></span> <span class='ocrx_word' id='word_1_269' title='bbox 530 3411 769 3467; x_wconf 89' lang='lat' dir='ltr'><strong>Domino</strong></span> <span class='ocrx_word' id='word_1_270' title='bbox 793 3409 1133 3464; x_wconf 88' lang='lat' dir='ltr'><strong>deberemus.</strong></span> <span class='ocrx_word' id='word_1_271' title='bbox 1168 3407 1281 3463; x_wconf 91' lang='lat' dir='ltr'><strong>lluc</strong></span> <span class='ocrx_word' id='word_1_272' title='bbox 1305 3405 1529 3473; x_wconf 89' lang='lat' dir='ltr'><strong>accedit,</strong></span> <span class='ocrx_word' id='word_1_273' title='bbox 1561 3406 1685 3476; x_wconf 84' lang='lat' dir='ltr'><strong>quia</strong></span> 
     </span>
    </p>
   </div>
   <div class='ocr_carea' id='block_1_33' title="bbox 115 3497 1687 3573">
    <p class='ocr_par' dir='ltr' id='par_1_33' title="bbox 115 3497 1687 3573">
     <span class='ocr_line' id='line_1_33' title="bbox 115 3497 1687 3573; baseline -0.006 -14"><span class='ocrx_word' id='word_1_274' title='bbox 115 3513 158 3559; x_wconf 82' lang='lat' dir='ltr'><strong>ct</strong></span> <span class='ocrx_word' id='word_1_275' title='bbox 179 3506 261 3560; x_wconf 81' lang='lat' dir='ltr'><strong>ista</strong></span> <span class='ocrx_word' id='word_1_276' title='bbox 287 3507 370 3561; x_wconf 88' lang='lat' dir='ltr'><strong>ille</strong></span> <span class='ocrx_word' id='word_1_277' title='bbox 396 3505 534 3567; x_wconf 76' lang='lat' dir='ltr'><strong>dat,</strong></span> <span class='ocrx_word' id='word_1_278' title='bbox 568 3503 658 3573; x_wconf 91' lang='lat' dir='ltr'><strong>qui</strong></span> <span class='ocrx_word' id='word_1_279' title='bbox 687 3500 977 3557; x_wconf 75' lang='lat' dir='ltr'><strong>offenditur</strong></span> <span class='ocrx_word' id='word_1_280' title='bbox 996 3513 1117 3555; x_wconf 89' lang='lat' dir='ltr'><strong>cum</strong></span> <span class='ocrx_word' id='word_1_281' title='bbox 1146 3497 1229 3553; x_wconf 88' lang='lat' dir='ltr'><strong>isti</strong></span> <span class='ocrx_word' id='word_1_282' title='bbox 1254 3498 1517 3553; x_wconf 87' lang='lat' dir='ltr'><strong>coluntur.</strong></span> <span class='ocrx_word' id='word_1_283' title='bbox 1546 3497 1687 3567; x_wconf 78' lang='lat' dir='ltr'><strong>Ergo</strong></span> 
     </span>
    </p>
   </div>
   <div class='ocr_carea' id='block_1_34' title="bbox 116 3582 1688 3668">
    <p class='ocr_par' dir='ltr' id='par_1_34' title="bbox 116 3582 1688 3668">
     <span class='ocr_line' id='line_1_34' title="bbox 116 3582 1688 3668; baseline -0.004 -18"><span class='ocrx_word' id='word_1_284' title='bbox 116 3596 341 3668; x_wconf 84' lang='lat' dir='ltr'><strong>relinquat</strong></span> <span class='ocrx_word' id='word_1_285' title='bbox 366 3613 482 3654; x_wconf 72' lang='lat' dir='ltr'><strong>nos</strong></span> <span class='ocrx_word' id='word_1_286' title='bbox 505 3604 655 3665; x_wconf 84' lang='lat' dir='ltr'><strong>pater</strong></span> <span class='ocrx_word' id='word_1_287' title='bbox 672 3603 876 3659; x_wconf 87' lang='lat' dir='ltr'><strong>noster,</strong></span> <span class='ocrx_word' id='word_1_288' title='bbox 899 3602 957 3648; x_wconf 93' lang='lat' dir='ltr'><strong>et</strong></span> <span class='ocrx_word' id='word_1_289' title='bbox 982 3582 1152 3645; x_wconf 86' lang='lat' dir='ltr'><strong>mater</strong></span> <span class='ocrx_word' id='word_1_290' title='bbox 1172 3599 1355 3644; x_wconf 89' lang='lat' dir='ltr'><strong>nostra</strong></span> <span class='ocrx_word' id='word_1_291' title='bbox 1382 3606 1395 3642; x_wconf 88' lang='lat'><strong>:</strong></span> <span class='ocrx_word' id='word_1_292' title='bbox 1421 3590 1688 3659; x_wconf 79' lang='lat' dir='ltr'><strong>relinquat</strong></span> 
     </span>
    </p>
   </div>
   <div class='ocr_carea' id='block_1_35' title="bbox 115 3682 1685 3756">
    <p class='ocr_par' dir='ltr' id='par_1_35' title="bbox 115 3682 1685 3756">
     <span class='ocr_line' id='line_1_35' title="bbox 115 3682 1685 3756; baseline -0.003 -16"><span class='ocrx_word' id='word_1_293' title='bbox 115 3686 340 3755; x_wconf 84' lang='lat' dir='ltr'><strong>diabolus,</strong></span> <span class='ocrx_word' id='word_1_294' title='bbox 359 3690 637 3756; x_wconf 71' lang='lat' dir='ltr'><strong>relinquat</strong></span> <span class='ocrx_word' id='word_1_295' title='bbox 661 3685 896 3756; x_wconf 78' lang='lat' dir='ltr'><strong>Babylon</strong></span> <span class='ocrx_word' id='word_1_296' title='bbox 919 3683 1107 3738; x_wconf 91' lang='lat' dir='ltr'><strong>civitas</strong></span> <span class='ocrx_word' id='word_1_297' title='bbox 1131 3699 1143 3736; x_wconf 91' lang='lat'><strong>:</strong></span> <span class='ocrx_word' id='word_1_298' title='bbox 1172 3682 1428 3735; x_wconf 83' lang='lat' dir='ltr'><strong>Dominus</strong></span> <span class='ocrx_word' id='word_1_299' title='bbox 1446 3694 1544 3735; x_wconf 88' lang='lat' dir='ltr'><strong>nos</strong></span> <span class='ocrx_word' id='word_1_300' title='bbox 1568 3696 1685 3735; x_wconf 91' lang='lat' dir='ltr'><strong>sns-</strong></span> 
     </span>
    </p>
   </div>
   <div class='ocr_carea' id='block_1_36' title="bbox 114 3771 1684 3850">
    <p class='ocr_par' dir='ltr' id='par_1_36' title="bbox 114 3771 1684 3850">
     <span class='ocr_line' id='line_1_36' title="bbox 114 3771 1684 3850; baseline -0.007 -14"><span class='ocrx_word' id='word_1_301' title='bbox 114 3780 244 3850; x_wconf 81' lang='lat' dir='ltr'><strong>cipiat</strong></span> <span class='ocrx_word' id='word_1_302' title='bbox 264 3779 627 3839; x_wconf 71' lang='lat' dir='ltr'><strong>consolandos</strong></span> <span class='ocrx_word' id='word_1_303' title='bbox 652 3773 1437 3849; x_wconf 78' lang='lat' dir='ltr'><strong>tempora!ibus,beatilic:uulos</strong></span> <span class='ocrx_word' id='word_1_304' title='bbox 1448 3771 1684 3827; x_wconf 80' lang='lat' dir='ltr'><strong>:eternis.</strong></span> 
     </span>
    </p>
   </div>
   <div class='ocr_carea' id='block_1_37' title="bbox 123 3865 1689 3943">
    <p class='ocr_par' dir='ltr' id='par_1_37' title="bbox 123 3865 1689 3943">
     <span class='ocr_line' id='line_1_37' title="bbox 123 3865 1689 3943; baseline -0.004 -20"><span class='ocrx_word' id='word_1_305' title='bbox 123 3869 334 3935; x_wconf 78' lang='lat' dir='ltr'><strong>Quoniam</strong></span> <span class='ocrx_word' id='word_1_306' title='bbox 360 3882 513 3943; x_wconf 66' lang='lat' dir='ltr'><strong>pater</strong></span> <span class='ocrx_word' id='word_1_307' title='bbox 550 3886 689 3924; x_wconf 81' lang='lat' dir='ltr'><strong>meus</strong></span> <span class='ocrx_word' id='word_1_308' title='bbox 714 3878 763 3923; x_wconf 86' lang='lat' dir='ltr'><strong>et</strong></span> <span class='ocrx_word' id='word_1_309' title='bbox 807 3877 964 3921; x_wconf 68' lang='lat' dir='ltr'><strong>niatrr</strong></span> <span class='ocrx_word' id='word_1_310' title='bbox 999 3880 1108 3920; x_wconf 85' lang='lat' dir='ltr'><strong>mea</strong></span> <span class='ocrx_word' id='word_1_311' title='bbox 1154 3865 1522 3935; x_wconf 74' lang='lat' dir='ltr'><strong>deretiquerunt</strong></span> <span class='ocrx_word' id='word_1_312' title='bbox 1565 3878 1644 3918; x_wconf 82' lang='lat' dir='ltr'><strong>nte</strong></span> <span class='ocrx_word' id='word_1_313' title='bbox 1668 3878 1689 3918; x_wconf 90' lang='lat'><strong><em>:</em></strong></span> 
     </span>
    </p>
   </div>
   <div class='ocr_carea' id='block_1_38' title="bbox 124 3960 954 4029">
    <p class='ocr_par' dir='ltr' id='par_1_38' title="bbox 124 3960 954 4029">
     <span class='ocr_line' id='line_1_38' title="bbox 124 3960 954 4029; baseline -0.006 -10"><span class='ocrx_word' id='word_1_314' title='bbox 124 3960 337 4020; x_wconf 81' lang='lat' dir='ltr'><strong>Dominus</strong></span> <span class='ocrx_word' id='word_1_315' title='bbox 362 3976 535 4019; x_wconf 80' lang='lat' dir='ltr'><strong>autem</strong></span> <span class='ocrx_word' id='word_1_316' title='bbox 561 3960 830 4029; x_wconf 83' lang='lat' dir='ltr'><strong>assumpsit</strong></span> <span class='ocrx_word' id='word_1_317' title='bbox 854 3974 954 4014; x_wconf 81' lang='lat' dir='ltr'><strong>nte.</strong></span> 
     </span>
    </p>
   </div>
   <div class='ocr_carea' id='block_1_39' title="bbox 179 4045 1689 4133">
    <p class='ocr_par' dir='ltr' id='par_1_39' title="bbox 179 4045 1689 4133">
     <span class='ocr_line' id='line_1_39' title="bbox 179 4045 1689 4133; baseline -0.006 -23"><span class='ocrx_word' id='word_1_318' title='bbox 179 4056 254 4112; x_wconf 76' lang='lat'><strong>20.</strong></span> <span class='ocrx_word' id='word_1_319' title='bbox 292 4057 462 4133; x_wconf 70' lang='lat' dir='ltr'><strong>(vers.</strong></span> <span class='ocrx_word' id='word_1_320' title='bbox 519 4054 665 4128; x_wconf 73' lang='lat' dir='ltr'><strong>1L]</strong></span> <span class='ocrx_word' id='word_1_321' title='bbox 708 4052 825 4109; x_wconf 70' lang='lat' dir='ltr'><strong>iam</strong></span> <span class='ocrx_word' id='word_1_322' title='bbox 872 4065 1002 4124; x_wconf 84' lang='lat' dir='ltr'><strong>ergo</strong></span> <span class='ocrx_word' id='word_1_323' title='bbox 1045 4056 1352 4119; x_wconf 87' lang='lat' dir='ltr'><strong>assumptus</strong></span> <span class='ocrx_word' id='word_1_324' title='bbox 1384 4056 1468 4103; x_wconf 85' lang='lat' dir='ltr'><strong>est</strong></span> <span class='ocrx_word' id='word_1_325' title='bbox 1510 4061 1541 4101; x_wconf 89' lang='lat' dir='ltr'><strong>a</strong></span> <span class='ocrx_word' id='word_1_326' title='bbox 1579 4045 1689 4102; x_wconf 84' lang='lat' dir='ltr'><strong>Do-</strong></span> 
     </span>
    </p>
   </div>
   <div class='ocr_carea' id='block_1_40' title="bbox 124 4138 1687 4215">
    <p class='ocr_par' dir='ltr' id='par_1_40' title="bbox 124 4138 1687 4215">
     <span class='ocr_line' id='line_1_40' title="bbox 124 4138 1687 4215; baseline -0.005 -14"><span class='ocrx_word' id='word_1_327' title='bbox 124 4147 498 4215; x_wconf 83' lang='lat' dir='ltr'><strong>mino,deserta</strong></span> <span class='ocrx_word' id='word_1_328' title='bbox 546 4148 634 4203; x_wconf 90' lang='lat' dir='ltr'><strong>illa</strong></span> <span class='ocrx_word' id='word_1_329' title='bbox 672 4147 888 4202; x_wconf 84' lang='lat' dir='ltr'><strong>civitate</strong></span> <span class='ocrx_word' id='word_1_330' title='bbox 927 4155 982 4200; x_wconf 91' lang='lat' dir='ltr'><strong>et</strong></span> <span class='ocrx_word' id='word_1_331' title='bbox 1026 4151 1236 4200; x_wconf 83' lang='lat' dir='ltr'><strong>rectore</strong></span> <span class='ocrx_word' id='word_1_332' title='bbox 1278 4140 1398 4211; x_wconf 82' lang='lat' dir='ltr'><strong>ejus</strong></span> <span class='ocrx_word' id='word_1_333' title='bbox 1438 4138 1687 4204; x_wconf 81' lang='lat' dir='ltr'><strong>diabolo,</strong></span> 
     </span>
    </p>
   </div>
   <div class='ocr_carea' id='block_1_41' title="bbox 125 4233 1690 4313">
    <p class='ocr_par' dir='ltr' id='par_1_41' title="bbox 125 4233 1690 4313">
     <span class='ocr_line' id='line_1_41' title="bbox 125 4233 1690 4313; baseline -0.005 -19"><span class='ocrx_word' id='word_1_334' title='bbox 125 4242 223 4309; x_wconf 77' lang='lat' dir='ltr'><strong>quia</strong></span> <span class='ocrx_word' id='word_1_335' title='bbox 239 4253 405 4299; x_wconf 87' lang='lat' dir='ltr'><strong>rector</strong></span> <span class='ocrx_word' id='word_1_336' title='bbox 428 4242 719 4313; x_wconf 89' lang='lat' dir='ltr'><strong>impiorum</strong></span> <span class='ocrx_word' id='word_1_337' title='bbox 745 4237 989 4293; x_wconf 52' lang='lat' dir='ltr'><strong>diabolus</strong></span> <span class='ocrx_word' id='word_1_338' title='bbox 1008 4247 1116 4301; x_wconf 89' lang='lat' dir='ltr'><strong>est,</strong></span> <span class='ocrx_word' id='word_1_339' title='bbox 1138 4243 1315 4291; x_wconf 85' lang='lat' dir='ltr'><strong>rector</strong></span> <span class='ocrx_word' id='word_1_340' title='bbox 1334 4233 1517 4289; x_wconf 90' lang='lat' dir='ltr'><strong>mundi</strong></span> <span class='ocrx_word' id='word_1_341' title='bbox 1540 4243 1690 4288; x_wconf 88' lang='lat' dir='ltr'><strong>tene-</strong></span> 
     </span>
    </p>
   </div>
   <div class='ocr_carea' id='block_1_42' title="bbox 130 4326 1684 4400">
    <p class='ocr_par' dir='ltr' id='par_1_42' title="bbox 130 4326 1684 4400">
     <span class='ocr_line' id='line_1_42' title="bbox 130 4326 1684 4400; baseline -0.006 -15"><span class='ocrx_word' id='word_1_342' title='bbox 130 4327 315 4388; x_wconf 81' lang='lat' dir='ltr'><strong>brarum</strong></span> <span class='ocrx_word' id='word_1_343' title='bbox 356 4333 572 4390; x_wconf 87' lang='lat' dir='ltr'><strong>harum.</strong></span> <span class='ocrx_word' id='word_1_344' title='bbox 615 4331 848 4400; x_wconf 84' lang='lat' dir='ltr'><strong>Quarum</strong></span> <span class='ocrx_word' id='word_1_345' title='bbox 890 4326 1271 4383; x_wconf 80' lang='lat' dir='ltr'><strong>tenebrarum?</strong></span> <span class='ocrx_word' id='word_1_346' title='bbox 1304 4326 1684 4389; x_wconf 85' lang='lat' dir='ltr'><strong>Peccatorum,</strong></span> 
     </span>
    </p>
   </div>
   <div class='ocr_carea' id='block_1_43' title="bbox 127 4415 1685 4491">
    <p class='ocr_par' dir='ltr' id='par_1_43' title="bbox 127 4415 1685 4491">
     <span class='ocr_line' id='line_1_43' title="bbox 127 4415 1685 4491; baseline -0.002 -18"><span class='ocrx_word' id='word_1_347' title='bbox 127 4420 410 4481; x_wconf 81' lang='lat' dir='ltr'><strong>infidelium.</strong></span> <span class='ocrx_word' id='word_1_348' title='bbox 454 4420 617 4480; x_wconf 86' lang='lat' dir='ltr'><strong>Unde</strong></span> <span class='ocrx_word' id='word_1_349' title='bbox 649 4422 760 4491; x_wconf 85' lang='lat' dir='ltr'><strong>jam</strong></span> <span class='ocrx_word' id='word_1_350' title='bbox 798 4419 1145 4490; x_wconf 85' lang='lat' dir='ltr'><strong>credentibus</strong></span> <span class='ocrx_word' id='word_1_351' title='bbox 1179 4415 1310 4473; x_wconf 86' lang='lat' dir='ltr'><strong>dicit</strong></span> <span class='ocrx_word' id='word_1_352' title='bbox 1355 4417 1685 4485; x_wconf 76' lang='lat' dir='ltr'><strong>Apostolus:</strong></span> 
     </span>
    </p>
   </div>
   <div class='ocr_carea' id='block_1_44' title="bbox 127 4507 1689 4589">
    <p class='ocr_par' dir='ltr' id='par_1_44' title="bbox 127 4507 1689 4589">
     <span class='ocr_line' id='line_1_44' title="bbox 127 4507 1689 4589; baseline -0.003 -23"><span class='ocrx_word' id='word_1_353' title='bbox 127 4510 293 4571; x_wconf 79' lang='lat' dir='ltr'><strong>Fuistis</strong></span> <span class='ocrx_word' id='word_1_354' title='bbox 315 4516 592 4589; x_wconf 79' lang='lat' dir='ltr'><strong>aliquando</strong></span> <span class='ocrx_word' id='word_1_355' title='bbox 622 4517 837 4569; x_wconf 69' lang='lat' dir='ltr'><strong>tenebrat</strong></span> <span class='ocrx_word' id='word_1_356' title='bbox 854 4556 870 4580; x_wconf 92' lang='lat'><strong>,</strong></span> <span class='ocrx_word' id='word_1_357' title='bbox 894 4528 1030 4567; x_wconf 86' lang='lat' dir='ltr'><strong>nunc</strong></span> <span class='ocrx_word' id='word_1_358' title='bbox 1066 4520 1235 4566; x_wconf 83' lang='lat' dir='ltr'><strong>autem</strong></span> <span class='ocrx_word' id='word_1_359' title='bbox 1272 4510 1363 4565; x_wconf 76' lang='lat' dir='ltr'><strong>tua:</strong></span> <span class='ocrx_word' id='word_1_360' title='bbox 1388 4509 1441 4564; x_wconf 85' lang='lat' dir='ltr'><strong>in</strong></span> <span class='ocrx_word' id='word_1_361' title='bbox 1469 4507 1689 4562; x_wconf 89' lang='lat' dir='ltr'><strong>Domino</strong></span> 
     </span>
    </p>
   </div>
   <div class='ocr_carea' id='block_1_45' title="bbox 131 4599 1690 4683">
    <p class='ocr_par' dir='ltr' id='par_1_45' title="bbox 131 4599 1690 4683">
     <span class='ocr_line' id='line_1_45' title="bbox 131 4599 1690 4683; baseline -0.004 -23"><span class='ocrx_word' id='word_1_362' title='bbox 131 4602 318 4677; x_wconf 78' lang='lat' dir='ltr'><strong>(Ephes.</strong></span> <span class='ocrx_word' id='word_1_363' title='bbox 339 4626 395 4665; x_wconf 75' lang='grc' dir='ltr'><strong>ν.</strong></span> <span class='ocrx_word' id='word_1_364' title='bbox 414 4609 492 4683; x_wconf 85' lang='lat'><strong>8).</strong></span> <span class='ocrx_word' id='word_1_365' title='bbox 514 4607 656 4680; x_wconf 75' lang='lat' dir='ltr'><strong>Ergo</strong></span> <span class='ocrx_word' id='word_1_366' title='bbox 667 4607 776 4678; x_wconf 81' lang='lat' dir='ltr'><strong>jam</strong></span> <span class='ocrx_word' id='word_1_367' title='bbox 798 4605 1029 4675; x_wconf 88' lang='lat' dir='ltr'><strong>suscepti</strong></span> <span class='ocrx_word' id='word_1_368' title='bbox 1050 4604 1118 4660; x_wconf 91' lang='lat' dir='ltr'><strong>ab</strong></span> <span class='ocrx_word' id='word_1_369' title='bbox 1138 4603 1253 4668; x_wconf 91' lang='lat' dir='ltr'><strong>illo,</strong></span> <span class='ocrx_word' id='word_1_370' title='bbox 1268 4601 1393 4672; x_wconf 86' lang='lat' dir='ltr'><strong>quid</strong></span> <span class='ocrx_word' id='word_1_371' title='bbox 1415 4599 1690 4657; x_wconf 85' lang='lat' dir='ltr'><strong>dicamus?</strong></span> 
     </span>
    </p>
   </div>
   <div class='ocr_carea' id='block_1_46' title="bbox 130 4693 1691 4768">
    <p class='ocr_par' dir='ltr' id='par_1_46' title="bbox 130 4693 1691 4768">
     <span class='ocr_line' id='line_1_46' title="bbox 130 4693 1691 4768; baseline -0.002 -18"><span class='ocrx_word' id='word_1_372' title='bbox 130 4693 286 4768; x_wconf 75' lang='lat' dir='ltr'><strong>Lrgem</strong></span> <span class='ocrx_word' id='word_1_373' title='bbox 328 4701 449 4755; x_wconf 81' lang='lat' dir='ltr'><strong>milii</strong></span> <span class='ocrx_word' id='word_1_374' title='bbox 477 4700 726 4754; x_wconf 77' lang='lat' dir='ltr'><strong>constitue</strong></span> <span class='ocrx_word' id='word_1_375' title='bbox 748 4739 763 4762; x_wconf 92' lang='lat'><strong>,</strong></span> <span class='ocrx_word' id='word_1_376' title='bbox 791 4696 1007 4751; x_wconf 88' lang='lat' dir='ltr'><strong>Domine</strong></span> <span class='ocrx_word' id='word_1_377' title='bbox 1027 4736 1043 4762; x_wconf 95' lang='lat'><strong>,</strong></span> <span class='ocrx_word' id='word_1_378' title='bbox 1064 4696 1118 4750; x_wconf 87' lang='lat' dir='ltr'><strong>in</strong></span> <span class='ocrx_word' id='word_1_379' title='bbox 1162 4694 1242 4748; x_wconf 78' lang='lat' dir='ltr'><strong>via</strong></span> <span class='ocrx_word' id='word_1_380' title='bbox 1272 4703 1376 4747; x_wconf 86' lang='lat' dir='ltr'><strong>tua.</strong></span> <span class='ocrx_word' id='word_1_381' title='bbox 1423 4694 1598 4748; x_wconf 85' lang='lat' dir='ltr'><strong>Ausus</strong></span> <span class='ocrx_word' id='word_1_382' title='bbox 1631 4707 1691 4747; x_wconf 89' lang='lat' dir='ltr'><strong>es</strong></span> 
     </span>
    </p>
   </div>
   <div class='ocr_carea' id='block_1_47' title="bbox 131 4780 1689 4862">
    <p class='ocr_par' dir='ltr' id='par_1_47' title="bbox 131 4780 1689 4862">
     <span class='ocr_line' id='line_1_47' title="bbox 131 4780 1689 4862; baseline -0.004 -20"><span class='ocrx_word' id='word_1_383' title='bbox 131 4798 286 4855; x_wconf 73' lang='lat' dir='ltr'><strong>petere</strong></span> <span class='ocrx_word' id='word_1_384' title='bbox 312 4791 522 4862; x_wconf 81' lang='lat' dir='ltr'><strong>legem?</strong></span> <span class='ocrx_word' id='word_1_385' title='bbox 548 4788 685 4858; x_wconf 81' lang='lat' dir='ltr'><strong>Quid</strong></span> <span class='ocrx_word' id='word_1_386' title='bbox 716 4788 759 4843; x_wconf 91' lang='lat' dir='ltr'><strong>si</strong></span> <span class='ocrx_word' id='word_1_387' title='bbox 791 4787 884 4841; x_wconf 90' lang='lat' dir='ltr'><strong>tibi</strong></span> <span class='ocrx_word' id='word_1_388' title='bbox 905 4786 1045 4841; x_wconf 88' lang='lat' dir='ltr'><strong>dicat</strong></span> <span class='ocrx_word' id='word_1_389' title='bbox 1079 4802 1093 4838; x_wconf 90' lang='lat'><strong>:</strong></span> <span class='ocrx_word' id='word_1_390' title='bbox 1130 4782 1378 4853; x_wconf 85' lang='lat' dir='ltr'><strong>lmplebis</strong></span> <span class='ocrx_word' id='word_1_391' title='bbox 1407 4780 1618 4853; x_wconf 83' lang='lat' dir='ltr'><strong>legem?</strong></span> <span class='ocrx_word' id='word_1_392' title='bbox 1645 4781 1689 4835; x_wconf 91' lang='lat' dir='ltr'><strong>si</strong></span> 
     </span>
    </p>
   </div>
   <div class='ocr_carea' id='block_1_48' title="bbox 132 4871 1690 4953">
    <p class='ocr_par' dir='ltr' id='par_1_48' title="bbox 132 4871 1690 4953">
     <span class='ocr_line' id='line_1_48' title="bbox 132 4871 1690 4953; baseline -0.001 -23"><span class='ocrx_word' id='word_1_393' title='bbox 132 4875 303 4935; x_wconf 84' lang='lat' dir='ltr'><strong>dedero</strong></span> <span class='ocrx_word' id='word_1_394' title='bbox 328 4881 523 4953; x_wconf 82' lang='lat' dir='ltr'><strong>legem,</strong></span> <span class='ocrx_word' id='word_1_395' title='bbox 546 4879 790 4951; x_wconf 86' lang='lat' dir='ltr'><strong>implehis</strong></span> <span class='ocrx_word' id='word_1_396' title='bbox 815 4892 956 4933; x_wconf 86' lang='lat' dir='ltr'><strong>eam.</strong></span> <span class='ocrx_word' id='word_1_397' title='bbox 980 4875 1095 4932; x_wconf 84' lang='lat' dir='ltr'><strong>Non</strong></span> <span class='ocrx_word' id='word_1_398' title='bbox 1125 4874 1341 4929; x_wconf 87' lang='lat' dir='ltr'><strong>auderet</strong></span> <span class='ocrx_word' id='word_1_399' title='bbox 1368 4883 1566 4943; x_wconf 82' lang='lat' dir='ltr'><strong>petere,</strong></span> <span class='ocrx_word' id='word_1_400' title='bbox 1589 4871 1690 4929; x_wconf 89' lang='lat' dir='ltr'><strong>nisi</strong></span> 
     </span>
    </p>
   </div>
   <div class='ocr_carea' id='block_1_49' title="bbox 133 4962 1694 5037">
    <p class='ocr_par' dir='ltr' id='par_1_49' title="bbox 133 4962 1694 5037">
     <span class='ocr_line' id='line_1_49' title="bbox 133 4962 1694 5037; baseline -0.004 -14"><span class='ocrx_word' id='word_1_401' title='bbox 133 4968 280 5035; x_wconf 80' lang='lat' dir='ltr'><strong>primo</strong></span> <span class='ocrx_word' id='word_1_402' title='bbox 290 4969 489 5027; x_wconf 88' lang='lat' dir='ltr'><strong>diceret</strong></span> <span class='ocrx_word' id='word_1_403' title='bbox 509 4990 521 5024; x_wconf 92' lang='lat'>:</span> <span class='ocrx_word' id='word_1_404' title='bbox 544 4969 792 5024; x_wconf 90' lang='lat' dir='ltr'><strong>Dominus</strong></span> <span class='ocrx_word' id='word_1_405' title='bbox 806 4978 973 5023; x_wconf 82' lang='lat' dir='ltr'><strong>autent</strong></span> <span class='ocrx_word' id='word_1_406' title='bbox 985 4966 1201 5037; x_wconf 87' lang='lat' dir='ltr'><strong>suscepit</strong></span> <span class='ocrx_word' id='word_1_407' title='bbox 1223 4980 1319 5018; x_wconf 90' lang='lat' dir='ltr'><strong>me.</strong></span> <span class='ocrx_word' id='word_1_408' title='bbox 1337 4962 1453 5019; x_wconf 70' lang='lat' dir='ltr'><strong>Non</strong></span> <span class='ocrx_word' id='word_1_409' title='bbox 1472 4962 1694 5018; x_wconf 86' lang='lat' dir='ltr'><strong>auderet</strong></span> 
     </span>
    </p>
   </div>
   <div class='ocr_carea' id='block_1_50' title="bbox 135 5053 1691 5134">
    <p class='ocr_par' dir='ltr' id='par_1_50' title="bbox 135 5053 1691 5134">
     <span class='ocr_line' id='line_1_50' title="bbox 135 5053 1691 5134; baseline -0.004 -20"><span class='ocrx_word' id='word_1_410' title='bbox 135 5070 312 5129; x_wconf 84' lang='lat' dir='ltr'><strong>petere,</strong></span> <span class='ocrx_word' id='word_1_411' title='bbox 328 5065 424 5118; x_wconf 89' lang='lat' dir='ltr'><strong>nisi</strong></span> <span class='ocrx_word' id='word_1_412' title='bbox 444 5064 616 5134; x_wconf 86' lang='lat' dir='ltr'><strong>primo</strong></span> <span class='ocrx_word' id='word_1_413' title='bbox 629 5060 864 5118; x_wconf 88' lang='lat' dir='ltr'><strong>diceret:</strong></span> <span class='ocrx_word' id='word_1_414' title='bbox 884 5059 1098 5130; x_wconf 83' lang='lat' dir='ltr'><strong>Adjutor</strong></span> <span class='ocrx_word' id='word_1_415' title='bbox 1113 5072 1248 5110; x_wconf 73' lang='lat' dir='ltr'><strong>meus</strong></span> <span class='ocrx_word' id='word_1_416' title='bbox 1273 5065 1397 5109; x_wconf 81' lang='lat' dir='ltr'><strong>esto.</strong></span> <span class='ocrx_word' id='word_1_417' title='bbox 1419 5053 1555 5123; x_wconf 79' lang='lat' dir='ltr'><strong>Ergo</strong></span> <span class='ocrx_word' id='word_1_418' title='bbox 1572 5053 1615 5107; x_wconf 84' lang='lat' dir='ltr'><strong>si</strong></span> <span class='ocrx_word' id='word_1_419' title='bbox 1636 5064 1691 5108; x_wconf 93' lang='lat' dir='ltr'><strong>tu</strong></span> 
     </span>
    </p>
   </div>
   <div class='ocr_carea' id='block_1_51' title="bbox 138 5146 1690 5224">
    <p class='ocr_par' dir='ltr' id='par_1_51' title="bbox 138 5146 1690 5224">
     <span class='ocr_line' id='line_1_51' title="bbox 138 5146 1690 5224; baseline -0.005 -18"><span class='ocrx_word' id='word_1_420' title='bbox 138 5152 349 5223; x_wconf 74' lang='lat' dir='ltr'><strong>adiuvas.</strong></span> <span class='ocrx_word' id='word_1_421' title='bbox 375 5157 420 5213; x_wconf 89' lang='lat' dir='ltr'><strong>si</strong></span> <span class='ocrx_word' id='word_1_422' title='bbox 449 5167 505 5213; x_wconf 92' lang='lat' dir='ltr'><strong>tu</strong></span> <span class='ocrx_word' id='word_1_423' title='bbox 530 5154 775 5224; x_wconf 86' lang='lat' dir='ltr'><strong>suscipis,</strong></span> <span class='ocrx_word' id='word_1_424' title='bbox 801 5152 875 5207; x_wconf 78' lang='lat' dir='ltr'><strong>da‘</strong></span> <span class='ocrx_word' id='word_1_425' title='bbox 896 5151 1065 5221; x_wconf 80' lang='lat' dir='ltr'><strong>legem</strong></span> <span class='ocrx_word' id='word_1_426' title='bbox 1099 5168 1114 5205; x_wconf 88' lang='lat'><strong>:</strong></span> <span class='ocrx_word' id='word_1_427' title='bbox 1144 5148 1326 5219; x_wconf 85' lang='lat' dir='ltr'><strong>Legem</strong></span> <span class='ocrx_word' id='word_1_428' title='bbox 1355 5146 1479 5200; x_wconf 77' lang='lat' dir='ltr'><strong>milii</strong></span> <span class='ocrx_word' id='word_1_429' title='bbox 1502 5146 1690 5200; x_wconf 82' lang='lat' dir='ltr'><strong>consti-</strong></span> 
     </span>
    </p>
   </div>
   <div class='ocr_carea' id='block_1_52' title="bbox 138 5238 1690 5317">
    <p class='ocr_par' dir='ltr' id='par_1_52' title="bbox 138 5238 1690 5317">
     <span class='ocr_line' id='line_1_52' title="bbox 138 5238 1690 5317; baseline -0.004 -18"><span class='ocrx_word' id='word_1_430' title='bbox 138 5253 227 5312; x_wconf 75' lang='lat' dir='ltr'><strong>tue,</strong></span> <span class='ocrx_word' id='word_1_431' title='bbox 254 5246 475 5315; x_wconf 83' lang='lat' dir='ltr'><strong>Domine,</strong></span> <span class='ocrx_word' id='word_1_432' title='bbox 501 5252 555 5304; x_wconf 87' lang='lat' dir='ltr'><strong>in</strong></span> <span class='ocrx_word' id='word_1_433' title='bbox 582 5250 661 5304; x_wconf 83' lang='lat' dir='ltr'><strong>via</strong></span> <span class='ocrx_word' id='word_1_434' title='bbox 680 5259 786 5302; x_wconf 87' lang='lat' dir='ltr'><strong>tua.</strong></span> <span class='ocrx_word' id='word_1_435' title='bbox 822 5246 963 5317; x_wconf 84' lang='lat' dir='ltr'><strong>Ergo</strong></span> <span class='ocrx_word' id='word_1_436' title='bbox 993 5246 1163 5315; x_wconf 81' lang='lat' dir='ltr'><strong>legem</strong></span> <span class='ocrx_word' id='word_1_437' title='bbox 1193 5243 1321 5299; x_wconf 88' lang='lat' dir='ltr'><strong>mihi</strong></span> <span class='ocrx_word' id='word_1_438' title='bbox 1345 5242 1609 5297; x_wconf 90' lang='lat' dir='ltr'><strong>constitue</strong></span> <span class='ocrx_word' id='word_1_439' title='bbox 1637 5238 1690 5293; x_wconf 91' lang='lat' dir='ltr'><strong>in</strong></span> 
     </span>
    </p>
   </div>
   <div class='ocr_carea' id='block_1_53' title="bbox 140 5331 1689 5415">
    <p class='ocr_par' dir='ltr' id='par_1_53' title="bbox 140 5331 1689 5415">
     <span class='ocr_line' id='line_1_53' title="bbox 140 5331 1689 5415; baseline -0.006 -19"><span class='ocrx_word' id='word_1_440' title='bbox 140 5335 325 5395; x_wconf 85' lang='lat' dir='ltr'><strong>Christo</strong></span> <span class='ocrx_word' id='word_1_441' title='bbox 353 5352 459 5399; x_wconf 91' lang='lat' dir='ltr'><strong>tuo.</strong></span> <span class='ocrx_word' id='word_1_442' title='bbox 480 5341 595 5415; x_wconf 88' lang='lat' dir='ltr'><strong>Ipsa</strong></span> <span class='ocrx_word' id='word_1_443' title='bbox 623 5341 765 5397; x_wconf 89' lang='lat' dir='ltr'><strong>enim</strong></span> <span class='ocrx_word' id='word_1_444' title='bbox 795 5339 877 5393; x_wconf 84' lang='lat' dir='ltr'><strong>via</strong></span> <span class='ocrx_word' id='word_1_445' title='bbox 909 5339 1083 5392; x_wconf 76' lang='lat' dir='ltr'><strong>locuta</strong></span> <span class='ocrx_word' id='word_1_446' title='bbox 1108 5345 1191 5391; x_wconf 91' lang='lat' dir='ltr'><strong>est</strong></span> <span class='ocrx_word' id='word_1_447' title='bbox 1218 5335 1368 5388; x_wconf 87' lang='lat' dir='ltr'><strong>nobis</strong></span> <span class='ocrx_word' id='word_1_448' title='bbox 1389 5377 1404 5402; x_wconf 93' lang='lat'><strong>,</strong></span> <span class='ocrx_word' id='word_1_449' title='bbox 1433 5342 1488 5387; x_wconf 94' lang='lat' dir='ltr'><strong>et</strong></span> <span class='ocrx_word' id='word_1_450' title='bbox 1511 5331 1645 5386; x_wconf 77' lang='lat' dir='ltr'><strong>dixit</strong></span> <span class='ocrx_word' id='word_1_451' title='bbox 1675 5348 1689 5385; x_wconf 87' lang='lat'><strong>:</strong></span> 
     </span>
    </p>
   </div>
   <div class='ocr_carea' id='block_1_54' title="bbox 141 5421 1693 5500">
    <p class='ocr_par' dir='ltr' id='par_1_54' title="bbox 141 5421 1693 5500">
     <span class='ocr_line' id='line_1_54' title="bbox 141 5421 1693 5500; baseline -0.001 -21"><span class='ocrx_word' id='word_1_452' title='bbox 141 5421 238 5498; x_wconf 82' lang='lat' dir='ltr'><strong>Ego</strong></span> <span class='ocrx_word' id='word_1_453' title='bbox 275 5446 380 5486; x_wconf 83' lang='lat' dir='ltr'><strong>sum</strong></span> <span class='ocrx_word' id='word_1_454' title='bbox 418 5432 531 5496; x_wconf 76' lang='lat' dir='ltr'><strong>ria,</strong></span> <span class='ocrx_word' id='word_1_455' title='bbox 563 5433 747 5485; x_wconf 68' lang='lat' dir='ltr'><strong>raritas</strong></span> <span class='ocrx_word' id='word_1_456' title='bbox 788 5438 836 5484; x_wconf 83' lang='lat' dir='ltr'><strong>et</strong></span> <span class='ocrx_word' id='word_1_457' title='bbox 878 5428 977 5481; x_wconf 79' lang='lat' dir='ltr'><strong>vita</strong></span> <span class='ocrx_word' id='word_1_458' title='bbox 1004 5425 1182 5500; x_wconf 81' lang='lat' dir='ltr'><strong>(Joan.</strong></span> <span class='ocrx_word' id='word_1_459' title='bbox 1222 5439 1310 5479; x_wconf 80' lang='lat' dir='ltr'><strong>xiv</strong></span> <span class='ocrx_word' id='word_1_460' title='bbox 1339 5465 1355 5489; x_wconf 95' lang='lat'><strong>,</strong></span> <span class='ocrx_word' id='word_1_461' title='bbox 1384 5422 1461 5489; x_wconf 82' lang='lat'><strong>6).</strong></span> <span class='ocrx_word' id='word_1_462' title='bbox 1491 5423 1599 5478; x_wconf 80' lang='lat' dir='ltr'><strong>Lex</strong></span> <span class='ocrx_word' id='word_1_463' title='bbox 1640 5421 1693 5478; x_wconf 89' lang='lat' dir='ltr'><strong>in</strong></span> 
     </span>
    </p>
   </div>
   <div class='ocr_carea' id='block_1_55' title="bbox 142 5514 1693 5588">
    <p class='ocr_par' dir='ltr' id='par_1_55' title="bbox 142 5514 1693 5588">
     <span class='ocr_line' id='line_1_55' title="bbox 142 5514 1693 5588; baseline -0.001 -19"><span class='ocrx_word' id='word_1_464' title='bbox 142 5514 350 5588; x_wconf 80' lang='lat' dir='ltr'><strong>Christo,</strong></span> <span class='ocrx_word' id='word_1_465' title='bbox 375 5521 457 5577; x_wconf 76' lang='lat' dir='ltr'><strong>lex</strong></span> <span class='ocrx_word' id='word_1_466' title='bbox 487 5538 606 5579; x_wconf 91' lang='lat' dir='ltr'><strong>cum</strong></span> <span class='ocrx_word' id='word_1_467' title='bbox 636 5519 999 5576; x_wconf 87' lang='lat' dir='ltr'><strong>misericordia</strong></span> <span class='ocrx_word' id='word_1_468' title='bbox 1023 5527 1125 5572; x_wconf 90' lang='lat' dir='ltr'><strong>est.</strong></span> <span class='ocrx_word' id='word_1_469' title='bbox 1155 5517 1270 5588; x_wconf 86' lang='lat' dir='ltr'><strong>ipsa</strong></span> <span class='ocrx_word' id='word_1_470' title='bbox 1300 5525 1382 5571; x_wconf 91' lang='lat' dir='ltr'><strong>est</strong></span> <span class='ocrx_word' id='word_1_471' title='bbox 1407 5515 1693 5587; x_wconf 85' lang='lat' dir='ltr'><strong>sapientia,</strong></span> 
     </span>
    </p>
   </div>
   <div class='ocr_carea' id='block_1_56' title="bbox 145 5603 1698 5684">
    <p class='ocr_par' dir='ltr' id='par_1_56' title="bbox 145 5603 1698 5684">
     <span class='ocr_line' id='line_1_56' title="bbox 145 5603 1698 5684; baseline -0.005 -17"><span class='ocrx_word' id='word_1_472' title='bbox 145 5603 204 5661; x_wconf 72' lang='lat' dir='ltr'><strong>de</strong></span> <span class='ocrx_word' id='word_1_473' title='bbox 223 5623 318 5680; x_wconf 81' lang='lat' dir='ltr'><strong>qua</strong></span> <span class='ocrx_word' id='word_1_474' title='bbox 343 5612 591 5684; x_wconf 82' lang='lat' dir='ltr'><strong>scriptum</strong></span> <span class='ocrx_word' id='word_1_475' title='bbox 616 5620 700 5671; x_wconf 85' lang='lat' dir='ltr'><strong>est</strong></span> <span class='ocrx_word' id='word_1_476' title='bbox 730 5630 745 5669; x_wconf 87' lang='lat'><strong>:</strong></span> <span class='ocrx_word' id='word_1_477' title='bbox 777 5609 967 5682; x_wconf 78' lang='lat' dir='ltr'><strong>Legem</strong></span> <span class='ocrx_word' id='word_1_478' title='bbox 1002 5618 1169 5666; x_wconf 80' lang='lat' dir='ltr'><strong>autent</strong></span> <span class='ocrx_word' id='word_1_479' title='bbox 1211 5617 1259 5664; x_wconf 86' lang='lat' dir='ltr'><strong>et</strong></span> <span class='ocrx_word' id='word_1_480' title='bbox 1299 5607 1698 5663; x_wconf 79' lang='lat' dir='ltr'><strong>misericordiam</strong></span> 
     </span>
    </p>
   </div>
   <div class='ocr_carea' id='block_1_57' title="bbox 168 5820 1701 5923">
    <p class='ocr_par' dir='ltr' id='par_1_57' title="bbox 168 5820 1701 5923">
     <span class='ocr_line' id='line_1_57' title="bbox 168 5820 1701 5923; baseline -0.007 -12"><span class='ocrx_word' id='word_1_481' title='bbox 528 5853 701 5910; x_wconf 78' lang='lat' dir='ltr'><strong>codex.</strong></span> <span class='ocrx_word' id='word_1_482' title='bbox 719 5851 769 5903; x_wconf 87' lang='lat' dir='ltr'><strong>in</strong></span> <span class='ocrx_word' id='word_1_483' title='bbox 784 5842 986 5923; x_wconf 74' lang='lat' dir='ltr'><strong>istorum</strong></span> <span class='ocrx_word' id='word_1_484' title='bbox 1006 5854 1283 5921; x_wconf 77' lang='lat' dir='ltr'><strong>potestatem</strong></span> <span class='ocrx_word' id='word_1_485' title='bbox 1321 5848 1513 5902; x_wconf 79' lang='lat' dir='ltr'><strong>laberis.</strong></span> <span class='ocrx_word' id='word_1_486' title='bbox 1527 5847 1701 5903; x_wconf 77' lang='lat' dir='ltr'><strong>Plures</strong></span> 
     </span>
    </p>
   </div>
   <div class='ocr_carea' id='block_1_58' title="bbox 156 5902 1092 5979">
    <p class='ocr_par' dir='ltr' id='par_1_58' title="bbox 156 5902 1092 5979">
     <span class='ocr_line' id='line_1_58' title="bbox 156 5902 1092 5979; baseline 0.002 -19"><span class='ocrx_word' id='word_1_487' title='bbox 156 5902 347 5973; x_wconf 61' lang='lat' dir='ltr'><strong>diu,</strong></span> <span class='ocrx_word' id='word_1_488' title='bbox 366 5910 415 5962; x_wconf 80' lang='lat' dir='ltr'><strong>in</strong></span> <span class='ocrx_word' id='word_1_489' title='bbox 433 5902 862 5979; x_wconf 53' lang='grc' dir='ltr'><strong>ἱάοτῖτῖῥῦιέέιᾶλε</strong></span> <span class='ocrx_word' id='word_1_490' title='bbox 886 5902 1092 5963; x_wconf 60' lang='lat' dir='ltr'><strong>ltattcris.</strong></span> 
     </span>
    </p>
   </div>
   <div class='ocr_carea' id='block_1_59' title="bbox 1172 392 2267 503">
    <p class='ocr_par' dir='ltr' id='par_1_59' title="bbox 1172 392 2267 503">
     <span class='ocr_line' id='line_1_59' title="bbox 1172 392 2267 503; baseline 0.002 -2"><span class='ocrx_word' id='word_1_491' title='bbox 1172 392 1571 501; x_wconf 67' lang='lat' dir='ltr'><strong>manuario</strong></span> <span class='ocrx_word' id='word_1_492' title='bbox 1606 436 1675 496; x_wconf 80' lang='lat' dir='ltr'><strong>IN</strong></span> <span class='ocrx_word' id='word_1_493' title='bbox 1712 436 2038 501; x_wconf 60' lang='lat' dir='ltr'><strong>essenon</strong></span> <span class='ocrx_word' id='word_1_494' title='bbox 2077 442 2267 503; x_wconf 68' lang='grc' dir='ltr'>χχιι.</span> 
     </span>
    </p>
   </div>
   <div class='ocr_carea' id='block_1_60' title="bbox 3265 446 3375 507">
    <p class='ocr_par' dir='ltr' id='par_1_60' title="bbox 3265 446 3375 507">
     <span class='ocr_line' id='line_1_60' title="bbox 3265 446 3375 507; baseline 0.027 -3"><span class='ocrx_word' id='word_1_495' title='bbox 3265 446 3375 507; x_wconf 65' lang='lat' dir='ltr'><strong>ill)</strong></span> 
     </span>
    </p>
   </div>
   <div class='ocr_carea' id='block_1_61' title="bbox 1784 522 3537 637">
    <p class='ocr_par' dir='ltr' id='par_1_61' title="bbox 1784 522 3537 637">
     <span class='ocr_line' id='line_1_61' title="bbox 1784 522 3537 637; baseline 0.005 -25"><span class='ocrx_word' id='word_1_496' title='bbox 1784 558 1837 612; x_wconf 84' lang='lat' dir='ltr'><strong>in</strong></span> <span class='ocrx_word' id='word_1_497' title='bbox 1863 559 2039 631; x_wconf 81' lang='lat' dir='ltr'><strong>lingua</strong></span> <span class='ocrx_word' id='word_1_498' title='bbox 2070 570 2233 629; x_wconf 83' lang='lat' dir='ltr'><strong>portat</strong></span> <span class='ocrx_word' id='word_1_499' title='bbox 2261 559 2440 633; x_wconf 82' lang='lat' dir='ltr'><strong>(Prov.</strong></span> <span class='ocrx_word' id='word_1_500' title='bbox 2468 574 2630 628; x_wconf 67' lang='lat' dir='ltr'><strong>XXXI,</strong></span> <span class='ocrx_word' id='word_1_501' title='bbox 2655 561 2769 630; x_wconf 82' lang='grc'><strong>9-6).</strong></span> <span class='ocrx_word' id='word_1_502' title='bbox 2799 561 2932 618; x_wconf 82' lang='lat' dir='ltr'><strong>Etsi</strong></span> <span class='ocrx_word' id='word_1_503' title='bbox 2958 522 3245 619; x_wconf 83' lang='lat' dir='ltr'><strong>oll‘enderis</strong></span> <span class='ocrx_word' id='word_1_504' title='bbox 3273 564 3389 637; x_wconf 82' lang='lat' dir='ltr'><strong>ali-_</strong></span> <span class='ocrx_word' id='word_1_505' title='bbox 3413 566 3437 637; x_wconf 49' lang='grc' dir='ltr'><strong>ἶ</strong></span> <span class='ocrx_word' id='word_1_506' title='bbox 3526 619 3537 627; x_wconf 82' lang='grc'><em>,</em></span> 
     </span>
    </p>
   </div>
   <div class='ocr_carea' id='block_1_62' title="bbox 1784 650 3427 728">
    <p class='ocr_par' dir='ltr' id='par_1_62' title="bbox 1784 650 3427 728">
     <span class='ocr_line' id='line_1_62' title="bbox 1784 650 3427 728; baseline 0.007 -26"><span class='ocrx_word' id='word_1_507' title='bbox 1784 650 1910 720; x_wconf 88' lang='lat' dir='ltr'><strong>quid</strong></span> <span class='ocrx_word' id='word_1_508' title='bbox 1948 652 2000 706; x_wconf 90' lang='lat' dir='ltr'><strong>in</strong></span> <span class='ocrx_word' id='word_1_509' title='bbox 2040 653 2155 723; x_wconf 87' lang='lat' dir='ltr'><strong>lege</strong></span> <span class='ocrx_word' id='word_1_510' title='bbox 2180 694 2196 720; x_wconf 95' lang='lat'><strong>,</strong></span> <span class='ocrx_word' id='word_1_511' title='bbox 2230 653 2321 709; x_wconf 92' lang='lat' dir='ltr'><strong>ille</strong></span> <span class='ocrx_word' id='word_1_512' title='bbox 2347 653 2437 723; x_wconf 91' lang='lat' dir='ltr'><strong>qui</strong></span> <span class='ocrx_word' id='word_1_513' title='bbox 2468 670 2564 724; x_wconf 90' lang='lat' dir='ltr'><strong>pro</strong></span> <span class='ocrx_word' id='word_1_514' title='bbox 2594 665 2646 711; x_wconf 91' lang='lat' dir='ltr'><strong>te</strong></span> <span class='ocrx_word' id='word_1_515' title='bbox 2686 655 2820 710; x_wconf 91' lang='lat' dir='ltr'><strong>fudit</strong></span> <span class='ocrx_word' id='word_1_516' title='bbox 2852 656 3164 728; x_wconf 81' lang='lat' dir='ltr'><strong>sanguinem</strong></span> <span class='ocrx_word' id='word_1_517' title='bbox 3192 672 3373 723; x_wconf 88' lang='lat' dir='ltr'><strong>suum,</strong></span> <span class='ocrx_word' id='word_1_518' title='bbox 3418 662 3427 713; x_wconf 85' lang='lat'><strong>.&#39;</strong></span> 
     </span>
    </p>
   </div>
   <div class='ocr_carea' id='block_1_63' title="bbox 1784 741 3380 814">
    <p class='ocr_par' dir='ltr' id='par_1_63' title="bbox 1784 741 3380 814">
     <span class='ocr_line' id='line_1_63' title="bbox 1784 741 3380 814; baseline 0.006 -19"><span class='ocrx_word' id='word_1_519' title='bbox 1784 741 2057 798; x_wconf 84' lang='lat' dir='ltr'><strong>conﬁtenti</strong></span> <span class='ocrx_word' id='word_1_520' title='bbox 2105 744 2330 814; x_wconf 83' lang='lat' dir='ltr'><strong>ignoscit</strong></span> <span class='ocrx_word' id='word_1_521' title='bbox 2359 744 2452 799; x_wconf 92' lang='lat' dir='ltr'><strong>tibi</strong></span> <span class='ocrx_word' id='word_1_522' title='bbox 2482 763 2496 801; x_wconf 86' lang='lat'><strong>:</strong></span> <span class='ocrx_word' id='word_1_523' title='bbox 2528 754 2584 801; x_wconf 92' lang='lat' dir='ltr'><strong>tu</strong></span> <span class='ocrx_word' id='word_1_524' title='bbox 2616 754 2819 802; x_wconf 83' lang='lat' dir='ltr'><strong>tantum</strong></span> <span class='ocrx_word' id='word_1_525' title='bbox 2858 748 2997 802; x_wconf 87' lang='lat' dir='ltr'><strong>viam</strong></span> <span class='ocrx_word' id='word_1_526' title='bbox 3027 747 3134 803; x_wconf 90' lang='lat' dir='ltr'><strong>noli</strong></span> <span class='ocrx_word' id='word_1_527' title='bbox 3160 747 3380 805; x_wconf 78' lang='lat' dir='ltr'><strong>desere-</strong></span> 
     </span>
    </p>
   </div>
   <div class='ocr_carea' id='block_1_64' title="bbox 1785 834 3380 913">
    <p class='ocr_par' dir='ltr' id='par_1_64' title="bbox 1785 834 3380 913">
     <span class='ocr_line' id='line_1_64' title="bbox 1785 834 3380 913; baseline 0.004 -23"><span class='ocrx_word' id='word_1_528' title='bbox 1785 848 1878 899; x_wconf 87' lang='lat' dir='ltr'><strong>re;</strong></span> <span class='ocrx_word' id='word_1_529' title='bbox 1905 834 1994 891; x_wconf 90' lang='lat' dir='ltr'><strong>dic</strong></span> <span class='ocrx_word' id='word_1_530' title='bbox 2046 836 2469 909; x_wconf 78' lang='lat' dir='ltr'><strong>illi,Suseeptor</strong></span> <span class='ocrx_word' id='word_1_531' title='bbox 2518 852 2669 894; x_wconf 92' lang='lat' dir='ltr'><strong>meus</strong></span> <span class='ocrx_word' id='word_1_532' title='bbox 2719 849 2835 893; x_wconf 91' lang='lat' dir='ltr'><strong>esto</strong></span> <span class='ocrx_word' id='word_1_533' title='bbox 2858 880 2876 906; x_wconf 96' lang='lat'><strong>,</strong></span> <span class='ocrx_word' id='word_1_534' title='bbox 2908 839 2974 894; x_wconf 86' lang='lat' dir='ltr'><strong>Et</strong></span> <span class='ocrx_word' id='word_1_535' title='bbox 3012 841 3175 913; x_wconf 78' lang='lat' dir='ltr'><strong>dirige</strong></span> <span class='ocrx_word' id='word_1_536' title='bbox 3200 858 3281 896; x_wconf 84' lang='lat' dir='ltr'><strong>me</strong></span> <span class='ocrx_word' id='word_1_537' title='bbox 3322 840 3380 898; x_wconf 79' lang='lat' dir='ltr'><strong>in</strong></span> 
     </span>
    </p>
   </div>
   <div class='ocr_carea' id='block_1_65' title="bbox 1785 928 3381 1003">
    <p class='ocr_par' dir='ltr' id='par_1_65' title="bbox 1785 928 3381 1003">
     <span class='ocr_line' id='line_1_65' title="bbox 1785 928 3381 1003; baseline 0.004 -20"><span class='ocrx_word' id='word_1_538' title='bbox 1785 928 1962 983; x_wconf 80' lang='lat' dir='ltr'><strong>semita</strong></span> <span class='ocrx_word' id='word_1_539' title='bbox 1986 939 2121 983; x_wconf 71' lang='lat' dir='ltr'><strong>recta</strong></span> <span class='ocrx_word' id='word_1_540' title='bbox 2148 940 2353 1000; x_wconf 82' lang='lat' dir='ltr'><strong>propter</strong></span> <span class='ocrx_word' id='word_1_541' title='bbox 2390 930 2618 985; x_wconf 85' lang='lat' dir='ltr'><strong>inimicos</strong></span> <span class='ocrx_word' id='word_1_542' title='bbox 2644 946 2798 986; x_wconf 86' lang='lat' dir='ltr'><strong>meos.</strong></span> <span class='ocrx_word' id='word_1_543' title='bbox 2823 932 3019 1003; x_wconf 80' lang='lat' dir='ltr'><strong>Legem</strong></span> <span class='ocrx_word' id='word_1_544' title='bbox 3047 933 3114 989; x_wconf 87' lang='lat' dir='ltr'><strong>da</strong></span> <span class='ocrx_word' id='word_1_545' title='bbox 3140 974 3156 999; x_wconf 94' lang='lat'><strong>,</strong></span> <span class='ocrx_word' id='word_1_546' title='bbox 3187 932 3280 989; x_wconf 88' lang='lat' dir='ltr'><strong>sed</strong></span> <span class='ocrx_word' id='word_1_547' title='bbox 3308 947 3381 990; x_wconf 80' lang='lat' dir='ltr'><strong>ne</strong></span> 
     </span>
    </p>
   </div>
   <div class='ocr_carea' id='block_1_66' title="bbox 1784 1020 3379 1095">
    <p class='ocr_par' dir='ltr' id='par_1_66' title="bbox 1784 1020 3379 1095">
     <span class='ocr_line' id='line_1_66' title="bbox 1784 1020 3379 1095; baseline 0.004 -20"><span class='ocrx_word' id='word_1_548' title='bbox 1784 1020 1995 1076; x_wconf 81' lang='lat' dir='ltr'><strong>auferas</strong></span> <span class='ocrx_word' id='word_1_549' title='bbox 2015 1021 2456 1088; x_wconf 87' lang='lat' dir='ltr'><strong>misericordiam;</strong></span> <span class='ocrx_word' id='word_1_550' title='bbox 2486 1024 2574 1095; x_wconf 90' lang='lat' dir='ltr'><strong>qui</strong></span> <span class='ocrx_word' id='word_1_551' title='bbox 2601 1023 2739 1078; x_wconf 80' lang='lat' dir='ltr'><strong>dixit</strong></span> <span class='ocrx_word' id='word_1_552' title='bbox 2764 1025 2816 1080; x_wconf 91' lang='lat' dir='ltr'><strong>in</strong></span> <span class='ocrx_word' id='word_1_553' title='bbox 2846 1025 2953 1080; x_wconf 90' lang='lat' dir='ltr'><strong>alio</strong></span> <span class='ocrx_word' id='word_1_554' title='bbox 2979 1026 3215 1095; x_wconf 88' lang='lat' dir='ltr'><strong>psalmo:</strong></span> <span class='ocrx_word' id='word_1_555' title='bbox 3236 1024 3379 1082; x_wconf 85' lang='lat' dir='ltr'><strong>Nam</strong></span> 
     </span>
    </p>
   </div>
   <div class='ocr_carea' id='block_1_67' title="bbox 1783 1113 3375 1190">
    <p class='ocr_par' dir='ltr' id='par_1_67' title="bbox 1783 1113 3375 1190">
     <span class='ocr_line' id='line_1_67' title="bbox 1783 1113 3375 1190; baseline 0.004 -22"><span class='ocrx_word' id='word_1_556' title='bbox 1783 1120 1833 1168; x_wconf 77' lang='lat' dir='ltr'><strong>et</strong></span> <span class='ocrx_word' id='word_1_557' title='bbox 1854 1113 2250 1168; x_wconf 85' lang='lat' dir='ltr'><strong>misericordiam</strong></span> <span class='ocrx_word' id='word_1_558' title='bbox 2273 1114 2445 1179; x_wconf 88' lang='lat' dir='ltr'><strong>dabit,</strong></span> <span class='ocrx_word' id='word_1_559' title='bbox 2470 1116 2559 1184; x_wconf 85' lang='lat' dir='ltr'><strong>qui</strong></span> <span class='ocrx_word' id='word_1_560' title='bbox 2588 1116 2745 1187; x_wconf 86' lang='lat' dir='ltr'><strong>legem</strong></span> <span class='ocrx_word' id='word_1_561' title='bbox 2772 1116 2909 1171; x_wconf 75' lang='lat' dir='ltr'><strong>dedit</strong></span> <span class='ocrx_word' id='word_1_562' title='bbox 2932 1117 3101 1190; x_wconf 85' lang='lat' dir='ltr'><strong>(Psal.</strong></span> <span class='ocrx_word' id='word_1_563' title='bbox 3127 1135 3331 1175; x_wconf 70' lang='lat' dir='ltr'><strong>cxxxm</strong></span> <span class='ocrx_word' id='word_1_564' title='bbox 3355 1159 3375 1188; x_wconf 88' lang='lat'><strong>,</strong></span> 
     </span>
    </p>
   </div>
   <div class='ocr_carea' id='block_1_68' title="bbox 1784 1203 3373 1281">
    <p class='ocr_par' dir='ltr' id='par_1_68' title="bbox 1784 1203 3373 1281">
     <span class='ocr_line' id='line_1_68' title="bbox 1784 1203 3373 1281; baseline 0.004 -20"><span class='ocrx_word' id='word_1_565' title='bbox 1784 1203 1873 1278; x_wconf 90' lang='lat'><strong>8).</strong></span> <span class='ocrx_word' id='word_1_566' title='bbox 1899 1205 2071 1277; x_wconf 85' lang='lat' dir='ltr'><strong>Ergo,</strong></span> <span class='ocrx_word' id='word_1_567' title='bbox 2104 1205 2287 1279; x_wconf 80' lang='lat' dir='ltr'><strong>Legem</strong></span> <span class='ocrx_word' id='word_1_568' title='bbox 2315 1207 2439 1262; x_wconf 80' lang='lat' dir='ltr'><strong>mihi</strong></span> <span class='ocrx_word' id='word_1_569' title='bbox 2463 1210 2713 1263; x_wconf 79' lang='lat' dir='ltr'><strong>constitue</strong></span> <span class='ocrx_word' id='word_1_570' title='bbox 2732 1250 2748 1275; x_wconf 92' lang='lat'><strong>,</strong></span> <span class='ocrx_word' id='word_1_571' title='bbox 2781 1210 3000 1265; x_wconf 87' lang='lat' dir='ltr'><strong>Domine</strong></span> <span class='ocrx_word' id='word_1_572' title='bbox 3020 1253 3036 1277; x_wconf 90' lang='lat'><strong>,</strong></span> <span class='ocrx_word' id='word_1_573' title='bbox 3059 1212 3112 1266; x_wconf 89' lang='lat' dir='ltr'><strong>in</strong></span> <span class='ocrx_word' id='word_1_574' title='bbox 3140 1213 3221 1267; x_wconf 78' lang='lat' dir='ltr'><strong>ria</strong></span> <span class='ocrx_word' id='word_1_575' title='bbox 3250 1224 3337 1268; x_wconf 89' lang='lat' dir='ltr'><strong>tua</strong></span> <span class='ocrx_word' id='word_1_576' title='bbox 3355 1255 3373 1281; x_wconf 91' lang='lat'><strong>,</strong></span> 
     </span>
    </p>
   </div>
   <div class='ocr_carea' id='block_1_69' title="bbox 1784 1295 3444 1376">
    <p class='ocr_par' dir='ltr' id='par_1_69' title="bbox 1784 1295 3444 1376">
     <span class='ocr_line' id='line_1_69' title="bbox 1784 1295 3444 1376; baseline 0.006 -25"><span class='ocrx_word' id='word_1_577' title='bbox 1784 1295 1888 1353; x_wconf 91' lang='lat' dir='ltr'><strong>hoc</strong></span> <span class='ocrx_word' id='word_1_578' title='bbox 1925 1298 1991 1352; x_wconf 90' lang='lat' dir='ltr'><strong>ad</strong></span> <span class='ocrx_word' id='word_1_579' title='bbox 2032 1307 2353 1369; x_wconf 78' lang='lat' dir='ltr'><strong>praeceptum</strong></span> <span class='ocrx_word' id='word_1_580' title='bbox 2382 1301 2654 1370; x_wconf 87' lang='lat' dir='ltr'><strong>pertinet:</strong></span> <span class='ocrx_word' id='word_1_581' title='bbox 2684 1303 2750 1357; x_wconf 87' lang='lat' dir='ltr'><strong>ad</strong></span> <span class='ocrx_word' id='word_1_582' title='bbox 2786 1303 3207 1359; x_wconf 89' lang='lat' dir='ltr'><strong>miscricordiam</strong></span> <span class='ocrx_word' id='word_1_583' title='bbox 3247 1305 3377 1376; x_wconf 90' lang='lat' dir='ltr'><strong>quid</strong></span> <span class='ocrx_word' id='word_1_584' title='bbox 3439 1330 3444 1335; x_wconf 84' lang='lat'><strong>-</strong></span> 
     </span>
    </p>
   </div>
   <div class='ocr_carea' id='block_1_70' title="bbox 1784 1384 3439 1468">
    <p class='ocr_par' dir='ltr' id='par_1_70' title="bbox 1784 1384 3439 1468">
     <span class='ocr_line' id='line_1_70' title="bbox 1784 1384 3439 1468; baseline 0.005 -23"><span class='ocrx_word' id='word_1_585' title='bbox 1784 1391 2048 1461; x_wconf 83' lang='lat' dir='ltr'><strong>pertinet?</strong></span> <span class='ocrx_word' id='word_1_586' title='bbox 2076 1391 2143 1446; x_wconf 88' lang='lat' dir='ltr'><strong>Et</strong></span> <span class='ocrx_word' id='word_1_587' title='bbox 2168 1394 2330 1465; x_wconf 85' lang='lat' dir='ltr'><strong>dirige</strong></span> <span class='ocrx_word' id='word_1_588' title='bbox 2356 1409 2453 1461; x_wconf 85' lang='lat' dir='ltr'><strong>me,</strong></span> <span class='ocrx_word' id='word_1_589' title='bbox 2483 1392 2674 1465; x_wconf 87' lang='lat' dir='ltr'><strong>inquit,</strong></span> <span class='ocrx_word' id='word_1_590' title='bbox 2702 1396 2757 1450; x_wconf 86' lang='lat' dir='ltr'><strong>in</strong></span> <span class='ocrx_word' id='word_1_591' title='bbox 2785 1397 2962 1451; x_wconf 78' lang='lat' dir='ltr'><strong>semita</strong></span> <span class='ocrx_word' id='word_1_592' title='bbox 2988 1408 3141 1463; x_wconf 87' lang='lat' dir='ltr'><strong>recta,</strong></span> <span class='ocrx_word' id='word_1_593' title='bbox 3171 1407 3379 1468; x_wconf 81' lang='lat' dir='ltr'><strong>propter</strong></span> <span class='ocrx_word' id='word_1_594' title='bbox 3430 1384 3439 1406; x_wconf 60' lang='grc'><em>³</em></span> 
     </span>
    </p>
   </div>
   <div class='ocr_carea' id='block_1_71' title="bbox 1784 1499 2196 1539">
    <p class='ocr_par' dir='ltr' id='par_1_71' title="bbox 1784 1499 2196 1539">
     <span class='ocr_line' id='line_1_71' title="bbox 1784 1499 2196 1539; baseline 0.005 -4"><span class='ocrx_word' id='word_1_595' title='bbox 1784 1499 2016 1539; x_wconf 82' lang='lat' dir='ltr'><strong>mmucos</strong></span> <span class='ocrx_word' id='word_1_596' title='bbox 2039 1500 2175 1539; x_wconf 82' lang='lat' dir='ltr'><strong>meos</strong></span> <span class='ocrx_word' id='word_1_597' title='bbox 2184 1524 2196 1537; x_wconf 88' lang='lat'><strong>.</strong></span> 
     </span>
    </p>
   </div>
   <div class='ocr_carea' id='block_1_72' title="bbox 1854 1571 3377 1650">
    <p class='ocr_par' dir='ltr' id='par_1_72' title="bbox 1854 1571 3377 1650">
     <span class='ocr_line' id='line_1_72' title="bbox 1854 1571 3377 1650; baseline 0.007 -23"><span class='ocrx_word' id='word_1_598' title='bbox 1854 1573 1946 1629; x_wconf 74' lang='lat'><strong>2|.</strong></span> <span class='ocrx_word' id='word_1_599' title='bbox 1988 1571 2137 1648; x_wconf 85' lang='lat' dir='ltr'><strong>[rers.</strong></span> <span class='ocrx_word' id='word_1_600' title='bbox 2170 1573 2284 1650; x_wconf 69' lang='lat'><strong>12.]</strong></span> <span class='ocrx_word' id='word_1_601' title='bbox 2314 1575 2395 1632; x_wconf 84' lang='lat' dir='ltr'><strong>Ne</strong></span> <span class='ocrx_word' id='word_1_602' title='bbox 2417 1578 2686 1633; x_wconf 85' lang='lat' dir='ltr'><strong>tradideris</strong></span> <span class='ocrx_word' id='word_1_603' title='bbox 2710 1595 2790 1634; x_wconf 88' lang='lat' dir='ltr'><strong>me</strong></span> <span class='ocrx_word' id='word_1_604' title='bbox 2826 1582 2881 1635; x_wconf 89' lang='lat' dir='ltr'><strong>in</strong></span> <span class='ocrx_word' id='word_1_605' title='bbox 2905 1582 3101 1636; x_wconf 82' lang='lat' dir='ltr'><strong>animos</strong></span> <span class='ocrx_word' id='word_1_606' title='bbox 3128 1582 3377 1637; x_wconf 74' lang='lat' dir='ltr'><strong>tribulati-</strong></span> 
     </span>
    </p>
   </div>
   <div class='ocr_carea' id='block_1_73' title="bbox 1785 1666 3377 1734">
    <p class='ocr_par' dir='ltr' id='par_1_73' title="bbox 1785 1666 3377 1734">
     <span class='ocr_line' id='line_1_73' title="bbox 1785 1666 3377 1734; baseline 0.004 -13"><span class='ocrx_word' id='word_1_607' title='bbox 1785 1667 1909 1721; x_wconf 88' lang='lat' dir='ltr'><strong>tium</strong></span> <span class='ocrx_word' id='word_1_608' title='bbox 1937 1683 2016 1721; x_wconf 85' lang='lat' dir='ltr'><strong>me</strong></span> <span class='ocrx_word' id='word_1_609' title='bbox 2043 1684 2064 1722; x_wconf 91' lang='lat'><strong><em>:</em></strong></span> <span class='ocrx_word' id='word_1_610' title='bbox 2093 1666 2146 1723; x_wconf 90' lang='lat' dir='ltr'><strong>id</strong></span> <span class='ocrx_word' id='word_1_611' title='bbox 2175 1679 2286 1734; x_wconf 91' lang='lat' dir='ltr'><strong>est,</strong></span> <span class='ocrx_word' id='word_1_612' title='bbox 2319 1685 2386 1725; x_wconf 89' lang='lat' dir='ltr'><strong>ne</strong></span> <span class='ocrx_word' id='word_1_613' title='bbox 2414 1672 2743 1726; x_wconf 84' lang='lat' dir='ltr'><strong>consentiam</strong></span> <span class='ocrx_word' id='word_1_614' title='bbox 2776 1672 3151 1729; x_wconf 87' lang='lat' dir='ltr'><strong>tribulautibus</strong></span> <span class='ocrx_word' id='word_1_615' title='bbox 3182 1689 3288 1729; x_wconf 90' lang='lat' dir='ltr'><strong>me.</strong></span> <span class='ocrx_word' id='word_1_616' title='bbox 3320 1673 3377 1731; x_wconf 91' lang='lat' dir='ltr'><strong>Si</strong></span> 
     </span>
    </p>
   </div>
   <div class='ocr_carea' id='block_1_74' title="bbox 1784 1759 3380 1838">
    <p class='ocr_par' dir='ltr' id='par_1_74' title="bbox 1784 1759 3380 1838">
     <span class='ocr_line' id='line_1_74' title="bbox 1784 1759 3380 1838; baseline 0.008 -27"><span class='ocrx_word' id='word_1_617' title='bbox 1784 1759 1926 1813; x_wconf 90' lang='lat' dir='ltr'><strong>enim</strong></span> <span class='ocrx_word' id='word_1_618' title='bbox 1955 1762 2294 1817; x_wconf 90' lang='lat' dir='ltr'><strong>consenseris</strong></span> <span class='ocrx_word' id='word_1_619' title='bbox 2318 1762 2587 1817; x_wconf 88' lang='lat' dir='ltr'><strong>tribulanti</strong></span> <span class='ocrx_word' id='word_1_620' title='bbox 2614 1773 2665 1818; x_wconf 91' lang='lat' dir='ltr'><strong>te</strong></span> <span class='ocrx_word' id='word_1_621' title='bbox 2692 1764 2743 1817; x_wconf 92' lang='lat' dir='ltr'><strong>in</strong></span> <span class='ocrx_word' id='word_1_622' title='bbox 2771 1765 3002 1819; x_wconf 88' lang='lat' dir='ltr'><strong>animam</strong></span> <span class='ocrx_word' id='word_1_623' title='bbox 3033 1766 3218 1836; x_wconf 86' lang='lat' dir='ltr'><strong>ipsius,</strong></span> <span class='ocrx_word' id='word_1_624' title='bbox 3245 1781 3380 1838; x_wconf 62' lang='lat' dir='ltr'><strong>quov</strong></span> 
     </span>
    </p>
   </div>
   <div class='ocr_carea' id='block_1_75' title="bbox 1785 1842 3381 1927">
    <p class='ocr_par' dir='ltr' id='par_1_75' title="bbox 1785 1842 3381 1927">
     <span class='ocr_line' id='line_1_75' title="bbox 1785 1842 3381 1927; baseline 0.006 -22"><span class='ocrx_word' id='word_1_625' title='bbox 1785 1848 2074 1906; x_wconf 80' lang='lat' dir='ltr'><strong>dummodo</strong></span> <span class='ocrx_word' id='word_1_626' title='bbox 2101 1842 2204 1906; x_wconf 80' lang='lat' dir='ltr'><strong>nun</strong></span> <span class='ocrx_word' id='word_1_627' title='bbox 2231 1852 2511 1909; x_wconf 67' lang='lat' dir='ltr'><strong>(levor-abit</strong></span> <span class='ocrx_word' id='word_1_628' title='bbox 2534 1870 2748 1910; x_wconf 85' lang='lat' dir='ltr'><strong>carnem</strong></span> <span class='ocrx_word' id='word_1_629' title='bbox 2772 1896 2789 1921; x_wconf 91' lang='lat'><strong>,</strong></span> <span class='ocrx_word' id='word_1_630' title='bbox 2822 1856 2916 1911; x_wconf 85' lang='lat' dir='ltr'><strong>sed</strong></span> <span class='ocrx_word' id='word_1_631' title='bbox 2943 1858 3215 1915; x_wconf 81' lang='lat' dir='ltr'><strong>voluntate</strong></span> <span class='ocrx_word' id='word_1_632' title='bbox 3259 1876 3381 1927; x_wconf 83' lang='lat' dir='ltr'><strong>per--</strong></span> 
     </span>
    </p>
   </div>
   <div class='ocr_carea' id='block_1_76' title="bbox 1785 1936 3449 2006">
    <p class='ocr_par' dir='ltr' id='par_1_76' title="bbox 1785 1936 3449 2006">
     <span class='ocr_line' id='line_1_76' title="bbox 1785 1936 3449 2006; baseline 0.005 -8"><span class='ocrx_word' id='word_1_633' title='bbox 1785 1958 1938 1998; x_wconf 84' lang='lat' dir='ltr'><strong>versa</strong></span> <span class='ocrx_word' id='word_1_634' title='bbox 1980 1945 2214 2000; x_wconf 89' lang='lat' dir='ltr'><strong>animam</strong></span> <span class='ocrx_word' id='word_1_635' title='bbox 2246 1955 2390 2001; x_wconf 90' lang='lat' dir='ltr'><strong>tuam</strong></span> <span class='ocrx_word' id='word_1_636' title='bbox 2430 1947 2787 2003; x_wconf 87' lang='lat' dir='ltr'><strong>manducabit.</strong></span> <span class='ocrx_word' id='word_1_637' title='bbox 2821 1947 2902 2001; x_wconf 84' lang='lat' dir='ltr'><strong>Ne</strong></span> <span class='ocrx_word' id='word_1_638' title='bbox 2925 1949 3194 2002; x_wconf 73' lang='lat' dir='ltr'><strong>tradideris</strong></span> <span class='ocrx_word' id='word_1_639' title='bbox 3221 1967 3291 2003; x_wconf 75' lang='grc' dir='ltr'><strong>ιη(</strong></span> <span class='ocrx_word' id='word_1_640' title='bbox 3317 1936 3449 2006; x_wconf 63' lang='lat' dir='ltr'><strong>[IL</strong></span> 
     </span>
    </p>
   </div>
   <div class='ocr_carea' id='block_1_77' title="bbox 1783 2024 3381 2111">
    <p class='ocr_par' dir='ltr' id='par_1_77' title="bbox 1783 2024 3381 2111">
     <span class='ocr_line' id='line_1_77' title="bbox 1783 2024 3381 2111; baseline 0.006 -23"><span class='ocrx_word' id='word_1_641' title='bbox 1783 2035 1982 2089; x_wconf 82' lang='lat' dir='ltr'><strong>animas</strong></span> <span class='ocrx_word' id='word_1_642' title='bbox 2002 2035 2354 2091; x_wconf 82' lang='lat' dir='ltr'><strong>tribulantium</strong></span> <span class='ocrx_word' id='word_1_643' title='bbox 2375 2054 2472 2092; x_wconf 85' lang='lat' dir='ltr'><strong>me.</strong></span> <span class='ocrx_word' id='word_1_644' title='bbox 2494 2024 2688 2103; x_wconf 88' lang='lat' dir='ltr'><strong>Trade,</strong></span> <span class='ocrx_word' id='word_1_645' title='bbox 2714 2040 2757 2094; x_wconf 89' lang='lat' dir='ltr'><strong>si</strong></span> <span class='ocrx_word' id='word_1_646' title='bbox 2779 2038 2878 2094; x_wconf 86' lang='lat' dir='ltr'><strong>hoc</strong></span> <span class='ocrx_word' id='word_1_647' title='bbox 2895 2040 3088 2111; x_wconf 83' lang='lat' dir='ltr'><strong>placet.</strong></span> <span class='ocrx_word' id='word_1_648' title='bbox 3110 2045 3161 2095; x_wconf 93' lang='lat' dir='ltr'><strong>in</strong></span> <span class='ocrx_word' id='word_1_649' title='bbox 3189 2056 3381 2096; x_wconf 82' lang='lat' dir='ltr'><strong>manus</strong></span> 
     </span>
    </p>
   </div>
   <div class='ocr_carea' id='block_1_78' title="bbox 1786 2123 3407 2204">
    <p class='ocr_par' dir='ltr' id='par_1_78' title="bbox 1786 2123 3407 2204">
     <span class='ocr_line' id='line_1_78' title="bbox 1786 2123 3407 2204; baseline 0.005 -22"><span class='ocrx_word' id='word_1_650' title='bbox 1786 2126 2175 2183; x_wconf 86' lang='lat' dir='ltr'><strong>tribulautium.</strong></span> <span class='ocrx_word' id='word_1_651' title='bbox 2198 2128 2449 2184; x_wconf 74' lang='lat' dir='ltr'><strong>Dixerunt</strong></span> <span class='ocrx_word' id='word_1_652' title='bbox 2479 2130 2621 2185; x_wconf 90' lang='lat' dir='ltr'><strong>enim</strong></span> <span class='ocrx_word' id='word_1_653' title='bbox 2652 2130 2753 2185; x_wconf 88' lang='lat' dir='ltr'><strong>hoc</strong></span> <span class='ocrx_word' id='word_1_654' title='bbox 2780 2132 2857 2185; x_wconf 90' lang='lat' dir='ltr'><strong>illi</strong></span> <span class='ocrx_word' id='word_1_655' title='bbox 2888 2144 3172 2204; x_wconf 81' lang='lat' dir='ltr'><strong>martyres,</strong></span> <span class='ocrx_word' id='word_1_656' title='bbox 3191 2144 3248 2190; x_wconf 93' lang='lat' dir='ltr'><strong>et</strong></span> <span class='ocrx_word' id='word_1_657' title='bbox 3272 2123 3407 2190; x_wconf 58' lang='grc' dir='ltr'><strong>ιταέ</strong></span> 
     </span>
    </p>
   </div>
   <div class='ocr_carea' id='block_1_79' title="bbox 1783 2217 3381 2291">
    <p class='ocr_par' dir='ltr' id='par_1_79' title="bbox 1783 2217 3381 2291">
     <span class='ocr_line' id='line_1_79' title="bbox 1783 2217 3381 2291; baseline 0.003 -18"><span class='ocrx_word' id='word_1_658' title='bbox 1783 2217 1922 2273; x_wconf 85' lang='lat' dir='ltr'><strong>didit</strong></span> <span class='ocrx_word' id='word_1_659' title='bbox 1946 2234 2073 2274; x_wconf 84' lang='lat' dir='ltr'><strong>suos</strong></span> <span class='ocrx_word' id='word_1_660' title='bbox 2108 2220 2160 2274; x_wconf 91' lang='lat' dir='ltr'><strong>in</strong></span> <span class='ocrx_word' id='word_1_661' title='bbox 2191 2237 2378 2275; x_wconf 87' lang='lat' dir='ltr'><strong>manus</strong></span> <span class='ocrx_word' id='word_1_662' title='bbox 2402 2221 2793 2276; x_wconf 88' lang='lat' dir='ltr'><strong>tribulantium.</strong></span> <span class='ocrx_word' id='word_1_663' title='bbox 2824 2223 2930 2277; x_wconf 85' lang='lat' dir='ltr'><strong>Sed</strong></span> <span class='ocrx_word' id='word_1_664' title='bbox 2960 2224 3084 2291; x_wconf 88' lang='lat' dir='ltr'><strong>quid</strong></span> <span class='ocrx_word' id='word_1_665' title='bbox 3124 2224 3381 2280; x_wconf 72' lang='lat' dir='ltr'><strong>tradidit?</strong></span> 
     </span>
    </p>
   </div>
   <div class='ocr_carea' id='block_1_80' title="bbox 1784 2307 3383 2380">
    <p class='ocr_par' dir='ltr' id='par_1_80' title="bbox 1784 2307 3383 2380">
     <span class='ocr_line' id='line_1_80' title="bbox 1784 2307 3383 2380; baseline 0.004 -16"><span class='ocrx_word' id='word_1_666' title='bbox 1784 2307 2035 2365; x_wconf 86' lang='lat' dir='ltr'><strong>Carnem.</strong></span> <span class='ocrx_word' id='word_1_667' title='bbox 2063 2310 2216 2378; x_wconf 84' lang='lat' dir='ltr'><strong>Quod</strong></span> <span class='ocrx_word' id='word_1_668' title='bbox 2243 2312 2436 2367; x_wconf 89' lang='lat' dir='ltr'><strong>dicitur</strong></span> <span class='ocrx_word' id='word_1_669' title='bbox 2465 2312 2516 2367; x_wconf 89' lang='lat' dir='ltr'><strong>in</strong></span> <span class='ocrx_word' id='word_1_670' title='bbox 2548 2312 2684 2368; x_wconf 89' lang='lat' dir='ltr'><strong>libro</strong></span> <span class='ocrx_word' id='word_1_671' title='bbox 2706 2312 2841 2380; x_wconf 85' lang='lat' dir='ltr'><strong>Job,</strong></span> <span class='ocrx_word' id='word_1_672' title='bbox 2876 2312 3035 2369; x_wconf 87' lang='lat' dir='ltr'><strong>Terra</strong></span> <span class='ocrx_word' id='word_1_673' title='bbox 3070 2314 3260 2370; x_wconf 87' lang='lat' dir='ltr'><strong>tradita</strong></span> <span class='ocrx_word' id='word_1_674' title='bbox 3306 2327 3383 2370; x_wconf 83' lang='lat' dir='ltr'><strong>est</strong></span> 
     </span>
    </p>
   </div>
   <div class='ocr_carea' id='block_1_81' title="bbox 1784 2400 3382 2474">
    <p class='ocr_par' dir='ltr' id='par_1_81' title="bbox 1784 2400 3382 2474">
     <span class='ocr_line' id='line_1_81' title="bbox 1784 2400 3382 2474; baseline 0.003 -19"><span class='ocrx_word' id='word_1_675' title='bbox 1784 2401 1838 2455; x_wconf 88' lang='lat' dir='ltr'><strong>in</strong></span> <span class='ocrx_word' id='word_1_676' title='bbox 1866 2417 2048 2456; x_wconf 86' lang='lat' dir='ltr'><strong>manus</strong></span> <span class='ocrx_word' id='word_1_677' title='bbox 2071 2402 2212 2473; x_wconf 84' lang='lat' dir='ltr'><strong>impii</strong></span> <span class='ocrx_word' id='word_1_678' title='bbox 2244 2400 2366 2474; x_wconf 86' lang='lat' dir='ltr'><strong>(Job</strong></span> <span class='ocrx_word' id='word_1_679' title='bbox 2416 2419 2490 2467; x_wconf 77' lang='lat' dir='ltr'><strong>ix,</strong></span> <span class='ocrx_word' id='word_1_680' title='bbox 2518 2402 2611 2473; x_wconf 64' lang='grc'><strong>24)</strong></span> <span class='ocrx_word' id='word_1_681' title='bbox 2641 2419 2658 2455; x_wconf 84' lang='lat'><strong>:</strong></span> <span class='ocrx_word' id='word_1_682' title='bbox 2684 2418 2810 2458; x_wconf 89' lang='lat' dir='ltr'><strong>caro</strong></span> <span class='ocrx_word' id='word_1_683' title='bbox 2838 2404 3026 2459; x_wconf 87' lang='lat' dir='ltr'><strong>tradita</strong></span> <span class='ocrx_word' id='word_1_684' title='bbox 3071 2414 3154 2460; x_wconf 67' lang='lat' dir='ltr'><strong>est</strong></span> <span class='ocrx_word' id='word_1_685' title='bbox 3185 2407 3237 2459; x_wconf 92' lang='lat' dir='ltr'><strong>in</strong></span> <span class='ocrx_word' id='word_1_686' title='bbox 3266 2422 3382 2460; x_wconf 79' lang='lat' dir='ltr'><strong>ma-</strong></span> 
     </span>
    </p>
   </div>
   <div class='ocr_carea' id='block_1_82' title="bbox 1787 2491 3382 2563">
    <p class='ocr_par' dir='ltr' id='par_1_82' title="bbox 1787 2491 3382 2563">
     <span class='ocr_line' id='line_1_82' title="bbox 1787 2491 3382 2563; baseline 0.002 -15"><span class='ocrx_word' id='word_1_687' title='bbox 1787 2507 1889 2549; x_wconf 88' lang='lat' dir='ltr'><strong>nus</strong></span> <span class='ocrx_word' id='word_1_688' title='bbox 1905 2494 2286 2563; x_wconf 88' lang='lat' dir='ltr'><strong>persecutoris.</strong></span> <span class='ocrx_word' id='word_1_689' title='bbox 2309 2491 2390 2548; x_wconf 84' lang='lat' dir='ltr'><strong>Ne</strong></span> <span class='ocrx_word' id='word_1_690' title='bbox 2404 2494 2678 2549; x_wconf 80' lang='lat' dir='ltr'><strong>tradideris</strong></span> <span class='ocrx_word' id='word_1_691' title='bbox 2702 2512 2800 2561; x_wconf 89' lang='lat' dir='ltr'><strong>me,</strong></span> <span class='ocrx_word' id='word_1_692' title='bbox 2822 2511 2926 2550; x_wconf 89' lang='lat' dir='ltr'><strong>non</strong></span> <span class='ocrx_word' id='word_1_693' title='bbox 2950 2511 3163 2551; x_wconf 87' lang='lat' dir='ltr'><strong>carnem</strong></span> <span class='ocrx_word' id='word_1_694' title='bbox 3184 2512 3382 2560; x_wconf 85' lang='lat' dir='ltr'><strong>meam.</strong></span> 
     </span>
    </p>
   </div>
   <div class='ocr_carea' id='block_1_83' title="bbox 1786 2586 3385 2658">
    <p class='ocr_par' dir='ltr' id='par_1_83' title="bbox 1786 2586 3385 2658">
     <span class='ocr_line' id='line_1_83' title="bbox 1786 2586 3385 2658; baseline 0.003 -17"><span class='ocrx_word' id='word_1_695' title='bbox 1786 2586 1882 2642; x_wconf 87' lang='lat' dir='ltr'><strong>sed</strong></span> <span class='ocrx_word' id='word_1_696' title='bbox 1913 2601 2021 2642; x_wconf 88' lang='lat' dir='ltr'><strong>me.</strong></span> <span class='ocrx_word' id='word_1_697' title='bbox 2053 2586 2243 2641; x_wconf 78' lang='lat' dir='ltr'><strong>Anima</strong></span> <span class='ocrx_word' id='word_1_698' title='bbox 2289 2586 2383 2642; x_wconf 88' lang='lat' dir='ltr'><strong>tibi</strong></span> <span class='ocrx_word' id='word_1_699' title='bbox 2431 2586 2651 2653; x_wconf 85' lang='lat' dir='ltr'><strong>loquor,</strong></span> <span class='ocrx_word' id='word_1_700' title='bbox 2676 2602 2828 2641; x_wconf 90' lang='lat' dir='ltr'><strong>mens</strong></span> <span class='ocrx_word' id='word_1_701' title='bbox 2871 2587 2967 2642; x_wconf 89' lang='lat' dir='ltr'><strong>tibi</strong></span> <span class='ocrx_word' id='word_1_702' title='bbox 3016 2588 3242 2658; x_wconf 89' lang='lat' dir='ltr'><strong>loquor;</strong></span> <span class='ocrx_word' id='word_1_703' title='bbox 3274 2603 3385 2647; x_wconf 83' lang='lat' dir='ltr'><strong>non</strong></span> 
     </span>
    </p>
   </div>
   <div class='ocr_carea' id='block_1_84' title="bbox 1787 2663 3382 2745">
    <p class='ocr_par' dir='ltr' id='par_1_84' title="bbox 1787 2663 3382 2745">
     <span class='ocr_line' id='line_1_84' title="bbox 1787 2663 3382 2745; baseline 0.003 -14"><span class='ocrx_word' id='word_1_704' title='bbox 1787 2678 1909 2732; x_wconf 87' lang='lat' dir='ltr'><strong>dico</strong></span> <span class='ocrx_word' id='word_1_705' title='bbox 1932 2720 1948 2745; x_wconf 93' lang='lat'><strong>,</strong></span> <span class='ocrx_word' id='word_1_706' title='bbox 1978 2676 2097 2732; x_wconf 82' lang='grc' dir='ltr'><strong>Νυιί</strong></span> <span class='ocrx_word' id='word_1_707' title='bbox 2130 2678 2339 2733; x_wconf 89' lang='lat' dir='ltr'><strong>tradere</strong></span> <span class='ocrx_word' id='word_1_708' title='bbox 2367 2663 2581 2731; x_wconf 83' lang='lat' dir='ltr'><strong>carnem</strong></span> <span class='ocrx_word' id='word_1_709' title='bbox 2614 2694 2786 2733; x_wconf 90' lang='lat' dir='ltr'><strong>meam</strong></span> <span class='ocrx_word' id='word_1_710' title='bbox 2815 2679 2866 2732; x_wconf 91' lang='lat' dir='ltr'><strong>in</strong></span> <span class='ocrx_word' id='word_1_711' title='bbox 2896 2695 3083 2735; x_wconf 88' lang='lat' dir='ltr'><strong>manus</strong></span> <span class='ocrx_word' id='word_1_712' title='bbox 3117 2679 3382 2736; x_wconf 82' lang='lat' dir='ltr'><strong>tribulan-</strong></span> 
     </span>
    </p>
   </div>
   <div class='ocr_carea' id='block_1_85' title="bbox 1788 2767 3384 2832">
    <p class='ocr_par' dir='ltr' id='par_1_85' title="bbox 1788 2767 3384 2832">
     <span class='ocr_line' id='line_1_85' title="bbox 1788 2767 3384 2832; baseline 0.004 -11"><span class='ocrx_word' id='word_1_713' title='bbox 1788 2767 1920 2822; x_wconf 90' lang='lat' dir='ltr'><strong>tium</strong></span> <span class='ocrx_word' id='word_1_714' title='bbox 1944 2782 2062 2831; x_wconf 90' lang='lat' dir='ltr'><strong>me;</strong></span> <span class='ocrx_word' id='word_1_715' title='bbox 2094 2768 2185 2822; x_wconf 78' lang='lat' dir='ltr'><strong>sed</strong></span> <span class='ocrx_word' id='word_1_716' title='bbox 2206 2807 2223 2832; x_wconf 90' lang='lat'><strong>,</strong></span> <span class='ocrx_word' id='word_1_717' title='bbox 2253 2767 2377 2821; x_wconf 78' lang='lat' dir='ltr'><strong>Noti</strong></span> <span class='ocrx_word' id='word_1_718' title='bbox 2399 2784 2477 2821; x_wconf 86' lang='lat' dir='ltr'><strong>me</strong></span> <span class='ocrx_word' id='word_1_719' title='bbox 2502 2769 2701 2823; x_wconf 86' lang='lat' dir='ltr'><strong>tradere</strong></span> <span class='ocrx_word' id='word_1_720' title='bbox 2722 2771 2775 2825; x_wconf 89' lang='lat' dir='ltr'><strong>in</strong></span> <span class='ocrx_word' id='word_1_721' title='bbox 2804 2772 3001 2826; x_wconf 87' lang='lat' dir='ltr'><strong>animas</strong></span> <span class='ocrx_word' id='word_1_722' title='bbox 3029 2772 3384 2828; x_wconf 83' lang='lat' dir='ltr'><strong>tribulantium</strong></span> 
     </span>
    </p>
   </div>
   <div class='ocr_carea' id='block_1_86' title="bbox 1788 2860 3387 2930">
    <p class='ocr_par' dir='ltr' id='par_1_86' title="bbox 1788 2860 3387 2930">
     <span class='ocr_line' id='line_1_86' title="bbox 1788 2860 3387 2930; baseline 0.003 -16"><span class='ocrx_word' id='word_1_723' title='bbox 1788 2876 1887 2915; x_wconf 81' lang='lat' dir='ltr'><strong>nte.</strong></span> <span class='ocrx_word' id='word_1_724' title='bbox 1919 2861 1982 2914; x_wconf 80' lang='lat' dir='ltr'><strong>Et</strong></span> <span class='ocrx_word' id='word_1_725' title='bbox 2008 2860 2277 2930; x_wconf 91' lang='lat' dir='ltr'><strong>quomodo</strong></span> <span class='ocrx_word' id='word_1_726' title='bbox 2303 2860 2582 2914; x_wconf 87' lang='lat' dir='ltr'><strong>traduntur</strong></span> <span class='ocrx_word' id='word_1_727' title='bbox 2616 2862 2859 2915; x_wconf 85' lang='lat' dir='ltr'><strong>homines</strong></span> <span class='ocrx_word' id='word_1_728' title='bbox 2900 2861 2951 2916; x_wconf 91' lang='lat' dir='ltr'><strong>in</strong></span> <span class='ocrx_word' id='word_1_729' title='bbox 2981 2863 3184 2917; x_wconf 87' lang='lat' dir='ltr'><strong>animas</strong></span> <span class='ocrx_word' id='word_1_730' title='bbox 3217 2864 3387 2919; x_wconf 80' lang='lat' dir='ltr'><strong>tribu-</strong></span> 
     </span>
    </p>
   </div>
   <div class='ocr_carea' id='block_1_87' title="bbox 1791 2952 3382 3027">
    <p class='ocr_par' dir='ltr' id='par_1_87' title="bbox 1791 2952 3382 3027">
     <span class='ocr_line' id='line_1_87' title="bbox 1791 2952 3382 3027; baseline 0.004 -21"><span class='ocrx_word' id='word_1_731' title='bbox 1791 2954 2012 3008; x_wconf 87' lang='lat' dir='ltr'><strong>lantium</strong></span> <span class='ocrx_word' id='word_1_732' title='bbox 2038 2952 2136 3007; x_wconf 86' lang='lat' dir='ltr'><strong>se?</strong></span> <span class='ocrx_word' id='word_1_733' title='bbox 2166 2952 2419 3021; x_wconf 82' lang='lat' dir='ltr'><strong>Quoniam</strong></span> <span class='ocrx_word' id='word_1_734' title='bbox 2444 2954 2824 3008; x_wconf 71' lang='lat' dir='ltr'><strong>insurrexerunt</strong></span> <span class='ocrx_word' id='word_1_735' title='bbox 2852 2955 2905 3008; x_wconf 85' lang='lat' dir='ltr'><strong>in</strong></span> <span class='ocrx_word' id='word_1_736' title='bbox 2930 2971 3009 3009; x_wconf 85' lang='lat' dir='ltr'><strong>me</strong></span> <span class='ocrx_word' id='word_1_737' title='bbox 3038 2966 3182 3011; x_wconf 80' lang='lat' dir='ltr'><strong>testes</strong></span> <span class='ocrx_word' id='word_1_738' title='bbox 3201 2957 3382 3027; x_wconf 82' lang='lat' dir='ltr'><strong>iniqui.</strong></span> 
     </span>
    </p>
   </div>
   <div class='ocr_carea' id='block_1_88' title="bbox 1789 3046 3385 3119">
    <p class='ocr_par' dir='ltr' id='par_1_88' title="bbox 1789 3046 3385 3119">
     <span class='ocr_line' id='line_1_88' title="bbox 1789 3046 3385 3119; baseline 0 -14"><span class='ocrx_word' id='word_1_739' title='bbox 1789 3050 1907 3105; x_wconf 82' lang='lat' dir='ltr'><strong>Jam</strong></span> <span class='ocrx_word' id='word_1_740' title='bbox 1937 3048 2058 3119; x_wconf 86' lang='lat' dir='ltr'><strong>quia</strong></span> <span class='ocrx_word' id='word_1_741' title='bbox 2088 3057 2249 3104; x_wconf 82' lang='lat' dir='ltr'><strong>testes</strong></span> <span class='ocrx_word' id='word_1_742' title='bbox 2278 3046 2440 3117; x_wconf 90' lang='lat' dir='ltr'><strong>iniqui</strong></span> <span class='ocrx_word' id='word_1_743' title='bbox 2467 3057 2621 3113; x_wconf 89' lang='lat' dir='ltr'><strong>sunt,</strong></span> <span class='ocrx_word' id='word_1_744' title='bbox 2650 3057 2704 3102; x_wconf 93' lang='lat' dir='ltr'><strong>et</strong></span> <span class='ocrx_word' id='word_1_745' title='bbox 2730 3048 2894 3103; x_wconf 86' lang='lat' dir='ltr'><strong>multa</strong></span> <span class='ocrx_word' id='word_1_746' title='bbox 2923 3049 3058 3103; x_wconf 90' lang='lat' dir='ltr'><strong>mala</strong></span> <span class='ocrx_word' id='word_1_747' title='bbox 3094 3050 3145 3105; x_wconf 93' lang='lat' dir='ltr'><strong>in</strong></span> <span class='ocrx_word' id='word_1_748' title='bbox 3176 3064 3263 3104; x_wconf 89' lang='lat' dir='ltr'><strong>me</strong></span> <span class='ocrx_word' id='word_1_749' title='bbox 3296 3048 3385 3105; x_wconf 80' lang='lat' dir='ltr'><strong>di-</strong></span> 
     </span>
    </p>
   </div>
   <div class='ocr_carea' id='block_1_89' title="bbox 1791 3139 3386 3209">
    <p class='ocr_par' dir='ltr' id='par_1_89' title="bbox 1791 3139 3386 3209">
     <span class='ocr_line' id='line_1_89' title="bbox 1791 3139 3386 3209; baseline 0.002 -13"><span class='ocrx_word' id='word_1_750' title='bbox 1791 3150 1939 3209; x_wconf 90' lang='lat' dir='ltr'><strong>cunt,</strong></span> <span class='ocrx_word' id='word_1_751' title='bbox 1967 3151 2022 3197; x_wconf 93' lang='lat' dir='ltr'><strong>et</strong></span> <span class='ocrx_word' id='word_1_752' title='bbox 2049 3144 2099 3197; x_wconf 91' lang='lat' dir='ltr'><strong>in</strong></span> <span class='ocrx_word' id='word_1_753' title='bbox 2132 3142 2311 3197; x_wconf 90' lang='lat' dir='ltr'><strong>multis</strong></span> <span class='ocrx_word' id='word_1_754' title='bbox 2338 3140 2465 3195; x_wconf 84' lang='lat' dir='ltr'><strong>mihi</strong></span> <span class='ocrx_word' id='word_1_755' title='bbox 2488 3139 2797 3206; x_wconf 86' lang='lat' dir='ltr'><strong>detrahunt;</strong></span> <span class='ocrx_word' id='word_1_756' title='bbox 2827 3142 2871 3195; x_wconf 83' lang='lat' dir='ltr'><strong>si</strong></span> <span class='ocrx_word' id='word_1_757' title='bbox 2904 3143 3126 3197; x_wconf 90' lang='lat' dir='ltr'><strong>traditus</strong></span> <span class='ocrx_word' id='word_1_758' title='bbox 3154 3142 3305 3197; x_wconf 89' lang='lat' dir='ltr'><strong>fuero</strong></span> <span class='ocrx_word' id='word_1_759' title='bbox 3329 3143 3386 3199; x_wconf 91' lang='lat' dir='ltr'><strong>in</strong></span> 
     </span>
    </p>
   </div>
   <div class='ocr_carea' id='block_1_90' title="bbox 1791 3232 3382 3304">
    <p class='ocr_par' dir='ltr' id='par_1_90' title="bbox 1791 3232 3382 3304">
     <span class='ocr_line' id='line_1_90' title="bbox 1791 3232 3382 3304; baseline 0.003 -18"><span class='ocrx_word' id='word_1_760' title='bbox 1791 3233 1997 3287; x_wconf 70' lang='lat' dir='ltr'><strong>animas</strong></span> <span class='ocrx_word' id='word_1_761' title='bbox 2026 3248 2232 3294; x_wconf 87' lang='lat' dir='ltr'><strong>eorum,</strong></span> <span class='ocrx_word' id='word_1_762' title='bbox 2261 3232 2490 3287; x_wconf 92' lang='lat' dir='ltr'><strong>mentiar</strong></span> <span class='ocrx_word' id='word_1_763' title='bbox 2516 3240 2568 3287; x_wconf 91' lang='lat' dir='ltr'><strong>et</strong></span> <span class='ocrx_word' id='word_1_764' title='bbox 2591 3246 2692 3304; x_wconf 82' lang='lat' dir='ltr'><strong>ego</strong></span> <span class='ocrx_word' id='word_1_765' title='bbox 2711 3273 2724 3295; x_wconf 87' lang='lat'><strong><em>.</em></strong></span> <span class='ocrx_word' id='word_1_766' title='bbox 2747 3242 2803 3288; x_wconf 93' lang='lat' dir='ltr'><strong>et</strong></span> <span class='ocrx_word' id='word_1_767' title='bbox 2828 3248 2924 3288; x_wconf 90' lang='lat' dir='ltr'><strong>ero</strong></span> <span class='ocrx_word' id='word_1_768' title='bbox 2951 3234 3127 3289; x_wconf 88' lang='lat' dir='ltr'><strong>socius</strong></span> <span class='ocrx_word' id='word_1_769' title='bbox 3154 3250 3341 3290; x_wconf 89' lang='lat' dir='ltr'><strong>eorum</strong></span> <span class='ocrx_word' id='word_1_770' title='bbox 3362 3276 3382 3303; x_wconf 84' lang='lat'><strong>,</strong></span> 
     </span>
    </p>
   </div>
   <div class='ocr_carea' id='block_1_91' title="bbox 1791 3323 3386 3395">
    <p class='ocr_par' dir='ltr' id='par_1_91' title="bbox 1791 3323 3386 3395">
     <span class='ocr_line' id='line_1_91' title="bbox 1791 3323 3386 3395; baseline 0.002 -17"><span class='ocrx_word' id='word_1_771' title='bbox 1791 3340 1898 3378; x_wconf 90' lang='lat' dir='ltr'><strong>non</strong></span> <span class='ocrx_word' id='word_1_772' title='bbox 1930 3324 2194 3393; x_wconf 89' lang='lat' dir='ltr'><strong>particeps</strong></span> <span class='ocrx_word' id='word_1_773' title='bbox 2217 3323 2454 3379; x_wconf 83' lang='lat' dir='ltr'><strong>veritatis</strong></span> <span class='ocrx_word' id='word_1_774' title='bbox 2481 3332 2604 3389; x_wconf 81' lang='lat' dir='ltr'><strong>tuae,</strong></span> <span class='ocrx_word' id='word_1_775' title='bbox 2628 3323 2722 3378; x_wconf 92' lang='lat' dir='ltr'><strong>sed</strong></span> <span class='ocrx_word' id='word_1_776' title='bbox 2750 3326 3140 3395; x_wconf 89' lang='lat' dir='ltr'><strong>comparticeps</strong></span> <span class='ocrx_word' id='word_1_777' title='bbox 3167 3326 3386 3381; x_wconf 86' lang='lat' dir='ltr'><strong>menda-</strong></span> 
     </span>
    </p>
   </div>
   <div class='ocr_carea' id='block_1_92' title="bbox 1794 3417 3387 3491">
    <p class='ocr_par' dir='ltr' id='par_1_92' title="bbox 1794 3417 3387 3491">
     <span class='ocr_line' id='line_1_92' title="bbox 1794 3417 3387 3491; baseline -0.001 -15"><span class='ocrx_word' id='word_1_778' title='bbox 1794 3422 1864 3476; x_wconf 90' lang='lat' dir='ltr'><strong>cii</strong></span> <span class='ocrx_word' id='word_1_779' title='bbox 1894 3421 2155 3475; x_wconf 86' lang='lat' dir='ltr'><strong>adversus</strong></span> <span class='ocrx_word' id='word_1_780' title='bbox 2183 3428 2236 3475; x_wconf 90' lang='lat' dir='ltr'><strong>te</strong></span> <span class='ocrx_word' id='word_1_781' title='bbox 2267 3434 2281 3473; x_wconf 91' lang='lat'><strong>:</strong></span> <span class='ocrx_word' id='word_1_782' title='bbox 2312 3417 2721 3474; x_wconf 73' lang='lat' dir='ltr'><strong>Exsurrexerunt</strong></span> <span class='ocrx_word' id='word_1_783' title='bbox 2762 3420 2885 3473; x_wconf 72' lang='lat' dir='ltr'><strong>milii</strong></span> <span class='ocrx_word' id='word_1_784' title='bbox 2928 3430 3075 3475; x_wconf 78' lang='lat' dir='ltr'><strong>testes</strong></span> <span class='ocrx_word' id='word_1_785' title='bbox 3117 3422 3311 3491; x_wconf 84' lang='lat' dir='ltr'><strong>iniqui;</strong></span> <span class='ocrx_word' id='word_1_786' title='bbox 3336 3430 3387 3476; x_wconf 77' lang='lat' dir='ltr'><strong>et</strong></span> 
     </span>
    </p>
   </div>
   <div class='ocr_carea' id='block_1_93' title="bbox 1794 3508 3387 3583">
    <p class='ocr_par' dir='ltr' id='par_1_93' title="bbox 1794 3508 3387 3583">
     <span class='ocr_line' id='line_1_93' title="bbox 1794 3508 3387 3583; baseline 0.003 -20"><span class='ocrx_word' id='word_1_787' title='bbox 1794 3511 2001 3565; x_wconf 87' lang='lat' dir='ltr'><strong>mentita</strong></span> <span class='ocrx_word' id='word_1_788' title='bbox 2024 3518 2095 3565; x_wconf 87' lang='lat' dir='ltr'><strong>est</strong></span> <span class='ocrx_word' id='word_1_789' title='bbox 2122 3509 2362 3577; x_wconf 86' lang='lat' dir='ltr'><strong>iniquitas</strong></span> <span class='ocrx_word' id='word_1_790' title='bbox 2390 3508 2503 3563; x_wconf 86' lang='lat' dir='ltr'><strong>sibi.</strong></span> <span class='ocrx_word' id='word_1_791' title='bbox 2537 3509 2647 3564; x_wconf 81' lang='lat' dir='ltr'><strong>Sibi</strong></span> <span class='ocrx_word' id='word_1_792' title='bbox 2678 3551 2693 3578; x_wconf 91' lang='lat'><strong>,</strong></span> <span class='ocrx_word' id='word_1_793' title='bbox 2719 3525 2825 3564; x_wconf 91' lang='lat' dir='ltr'><strong>non</strong></span> <span class='ocrx_word' id='word_1_794' title='bbox 2852 3510 2980 3565; x_wconf 85' lang='lat' dir='ltr'><strong>milii</strong></span> <span class='ocrx_word' id='word_1_795' title='bbox 3008 3528 3020 3564; x_wconf 91' lang='lat'><strong>:</strong></span> <span class='ocrx_word' id='word_1_796' title='bbox 3045 3512 3143 3566; x_wconf 90' lang='lat' dir='ltr'><strong>sibi</strong></span> <span class='ocrx_word' id='word_1_797' title='bbox 3171 3526 3387 3583; x_wconf 83' lang='lat' dir='ltr'><strong>semper</strong></span> 
     </span>
    </p>
   </div>
   <div class='ocr_carea' id='block_1_94' title="bbox 1794 3600 3387 3664">
    <p class='ocr_par' dir='ltr' id='par_1_94' title="bbox 1794 3600 3387 3664">
     <span class='ocr_line' id='line_1_94' title="bbox 1794 3600 3387 3664; baseline 0.002 -6"><span class='ocrx_word' id='word_1_798' title='bbox 1794 3601 2101 3664; x_wconf 85' lang='lat' dir='ltr'><strong>mentiatur,</strong></span> <span class='ocrx_word' id='word_1_799' title='bbox 2121 3600 2249 3655; x_wconf 92' lang='lat' dir='ltr'><strong>mihi</strong></span> <span class='ocrx_word' id='word_1_800' title='bbox 2269 3610 2447 3655; x_wconf 84' lang='lat' dir='ltr'><strong>autem</strong></span> <span class='ocrx_word' id='word_1_801' title='bbox 2466 3617 2569 3656; x_wconf 92' lang='lat' dir='ltr'><strong>non</strong></span> <span class='ocrx_word' id='word_1_802' title='bbox 2593 3602 2900 3658; x_wconf 86' lang='lat' dir='ltr'><strong>mentiatur.</strong></span> <span class='ocrx_word' id='word_1_803' title='bbox 2920 3603 2975 3660; x_wconf 90' lang='lat' dir='ltr'><strong>Si</strong></span> <span class='ocrx_word' id='word_1_804' title='bbox 3000 3604 3279 3660; x_wconf 86' lang='lat' dir='ltr'><strong>tradideris</strong></span> <span class='ocrx_word' id='word_1_805' title='bbox 3296 3621 3387 3661; x_wconf 83' lang='lat' dir='ltr'><strong>me</strong></span> 
     </span>
    </p>
   </div>
   <div class='ocr_carea' id='block_1_95' title="bbox 1795 3693 3429 3777">
    <p class='ocr_par' dir='ltr' id='par_1_95' title="bbox 1795 3693 3429 3777">
     <span class='ocr_line' id='line_1_95' title="bbox 1795 3693 3429 3777; baseline 0.002 -28"><span class='ocrx_word' id='word_1_806' title='bbox 1795 3695 1847 3749; x_wconf 90' lang='lat' dir='ltr'><strong>in</strong></span> <span class='ocrx_word' id='word_1_807' title='bbox 1895 3695 2102 3749; x_wconf 75' lang='lat' dir='ltr'><strong>animas</strong></span> <span class='ocrx_word' id='word_1_808' title='bbox 2148 3693 2512 3749; x_wconf 84' lang='lat' dir='ltr'><strong>tribulantium</strong></span> <span class='ocrx_word' id='word_1_809' title='bbox 2555 3708 2642 3749; x_wconf 91' lang='lat' dir='ltr'><strong>me</strong></span> <span class='ocrx_word' id='word_1_810' title='bbox 2670 3735 2685 3759; x_wconf 92' lang='lat'><strong>,</strong></span> <span class='ocrx_word' id='word_1_811' title='bbox 2715 3694 2766 3748; x_wconf 92' lang='lat' dir='ltr'><strong>id</strong></span> <span class='ocrx_word' id='word_1_812' title='bbox 2814 3702 2939 3762; x_wconf 89' lang='lat' dir='ltr'><strong>est,</strong></span> <span class='ocrx_word' id='word_1_813' title='bbox 2968 3696 3012 3750; x_wconf 88' lang='lat' dir='ltr'><strong>si</strong></span> <span class='ocrx_word' id='word_1_814' title='bbox 3060 3710 3386 3768; x_wconf 70' lang='lat' dir='ltr'><strong>consensere</strong></span> <span class='ocrx_word' id='word_1_815' title='bbox 3420 3726 3429 3777; x_wconf 58' lang='grc' dir='ltr'><strong>ε</strong></span> 
     </span>
    </p>
   </div>
   <div class='ocr_carea' id='block_1_96' title="bbox 1792 3787 3387 3857">
    <p class='ocr_par' dir='ltr' id='par_1_96' title="bbox 1792 3787 3387 3857">
     <span class='ocr_line' id='line_1_96' title="bbox 1792 3787 3387 3857; baseline 0.003 -17"><span class='ocrx_word' id='word_1_816' title='bbox 1792 3787 2154 3842; x_wconf 77' lang='lat' dir='ltr'><strong>voluntatibus</strong></span> <span class='ocrx_word' id='word_1_817' title='bbox 2204 3801 2429 3848; x_wconf 77' lang='lat' dir='ltr'><strong>eorum:</strong></span> <span class='ocrx_word' id='word_1_818' title='bbox 2479 3787 2590 3857; x_wconf 87' lang='lat' dir='ltr'><strong>jam</strong></span> <span class='ocrx_word' id='word_1_819' title='bbox 2656 3802 2763 3842; x_wconf 88' lang='lat' dir='ltr'><strong>non</strong></span> <span class='ocrx_word' id='word_1_820' title='bbox 2832 3788 2932 3844; x_wconf 91' lang='lat' dir='ltr'><strong>sibi</strong></span> <span class='ocrx_word' id='word_1_821' title='bbox 3000 3790 3221 3845; x_wconf 90' lang='lat' dir='ltr'><strong>mentita</strong></span> <span class='ocrx_word' id='word_1_822' title='bbox 3281 3790 3387 3847; x_wconf 88' lang='lat' dir='ltr'><strong>erit</strong></span> 
     </span>
    </p>
   </div>
   <div class='ocr_carea' id='block_1_97' title="bbox 1794 3875 3384 3950">
    <p class='ocr_par' dir='ltr' id='par_1_97' title="bbox 1794 3875 3384 3950">
     <span class='ocr_line' id='line_1_97' title="bbox 1794 3875 3384 3950; baseline 0.003 -18"><span class='ocrx_word' id='word_1_823' title='bbox 1794 3875 2045 3946; x_wconf 84' lang='lat' dir='ltr'><strong>iniquitas</strong></span> <span class='ocrx_word' id='word_1_824' title='bbox 2073 3916 2087 3937; x_wconf 91' lang='lat'><strong><em>.</em></strong></span> <span class='ocrx_word' id='word_1_825' title='bbox 2116 3877 2209 3932; x_wconf 87' lang='lat' dir='ltr'><strong>sed</strong></span> <span class='ocrx_word' id='word_1_826' title='bbox 2254 3888 2306 3931; x_wconf 89' lang='lat' dir='ltr'><strong>et</strong></span> <span class='ocrx_word' id='word_1_827' title='bbox 2351 3877 2480 3933; x_wconf 88' lang='lat' dir='ltr'><strong>mihi</strong></span> <span class='ocrx_word' id='word_1_828' title='bbox 2514 3878 2604 3933; x_wconf 87' lang='lat' dir='ltr'><strong>:si</strong></span> <span class='ocrx_word' id='word_1_829' title='bbox 2642 3887 2822 3934; x_wconf 87' lang='lat' dir='ltr'><strong>autem</strong></span> <span class='ocrx_word' id='word_1_830' title='bbox 2861 3880 3082 3934; x_wconf 67' lang='lat' dir='ltr'><strong>saeviant</strong></span> <span class='ocrx_word' id='word_1_831' title='bbox 3122 3890 3384 3950; x_wconf 87' lang='lat' dir='ltr'><strong>quantum</strong></span> 
     </span>
    </p>
   </div>
   <div class='ocr_carea' id='block_1_98' title="bbox 1688 3971 3383 4040">
    <p class='ocr_par' dir='ltr' id='par_1_98' title="bbox 1688 3971 3383 4040">
     <span class='ocr_line' id='line_1_98' title="bbox 1688 3971 3383 4040; baseline 0.003 -17"><span class='ocrx_word' id='word_1_832' title='bbox 1688 4000 1701 4009; x_wconf 72' lang='grc' dir='ltr'><strong>ι</strong></span> <span class='ocrx_word' id='word_1_833' title='bbox 1792 3971 2078 4033; x_wconf 82' lang='lat' dir='ltr'><strong>voluerint,</strong></span> <span class='ocrx_word' id='word_1_834' title='bbox 2108 3980 2164 4025; x_wconf 93' lang='lat' dir='ltr'><strong>et</strong></span> <span class='ocrx_word' id='word_1_835' title='bbox 2209 3980 2472 4025; x_wconf 90' lang='lat' dir='ltr'><strong>conentur</strong></span> <span class='ocrx_word' id='word_1_836' title='bbox 2520 3971 2781 4040; x_wconf 88' lang='lat' dir='ltr'><strong>impedire</strong></span> <span class='ocrx_word' id='word_1_837' title='bbox 2818 3987 3006 4027; x_wconf 91' lang='lat' dir='ltr'><strong>cursus</strong></span> <span class='ocrx_word' id='word_1_838' title='bbox 3057 3987 3245 4039; x_wconf 90' lang='lat' dir='ltr'><strong>meos,</strong></span> <span class='ocrx_word' id='word_1_839' title='bbox 3276 3988 3383 4028; x_wconf 92' lang='lat' dir='ltr'><strong>non</strong></span> 
     </span>
    </p>
   </div>
   <div class='ocr_carea' id='block_1_99' title="bbox 1794 4060 3386 4127">
    <p class='ocr_par' dir='ltr' id='par_1_99' title="bbox 1794 4060 3386 4127">
     <span class='ocr_line' id='line_1_99' title="bbox 1794 4060 3386 4127; baseline 0.002 -11"><span class='ocrx_word' id='word_1_840' title='bbox 1794 4070 1972 4116; x_wconf 88' lang='lat' dir='ltr'><strong>tamen</strong></span> <span class='ocrx_word' id='word_1_841' title='bbox 2005 4071 2059 4114; x_wconf 90' lang='lat' dir='ltr'><strong>tu</strong></span> <span class='ocrx_word' id='word_1_842' title='bbox 2088 4076 2172 4114; x_wconf 90' lang='lat' dir='ltr'><strong>me</strong></span> <span class='ocrx_word' id='word_1_843' title='bbox 2197 4060 2292 4115; x_wconf 85' lang='lat' dir='ltr'><strong>des</strong></span> <span class='ocrx_word' id='word_1_844' title='bbox 2315 4062 2367 4113; x_wconf 90' lang='lat' dir='ltr'><strong>in</strong></span> <span class='ocrx_word' id='word_1_845' title='bbox 2394 4062 2599 4114; x_wconf 90' lang='lat' dir='ltr'><strong>animas</strong></span> <span class='ocrx_word' id='word_1_846' title='bbox 2620 4076 2832 4127; x_wconf 88' lang='lat' dir='ltr'><strong>eorum;</strong></span> <span class='ocrx_word' id='word_1_847' title='bbox 2861 4075 2965 4116; x_wconf 88' lang='lat' dir='ltr'><strong>non</strong></span> <span class='ocrx_word' id='word_1_848' title='bbox 2994 4062 3386 4119; x_wconf 89' lang='lat' dir='ltr'><strong>consentiendo</strong></span> 
     </span>
    </p>
   </div>
   <div class='ocr_carea' id='block_1_100' title="bbox 1794 4152 3382 4225">
    <p class='ocr_par' dir='ltr' id='par_1_100' title="bbox 1794 4152 3382 4225">
     <span class='ocr_line' id='line_1_100' title="bbox 1794 4152 3382 4225; baseline 0.003 -19"><span class='ocrx_word' id='word_1_849' title='bbox 1794 4152 2152 4209; x_wconf 80' lang='lat' dir='ltr'><strong>voluntatibus</strong></span> <span class='ocrx_word' id='word_1_850' title='bbox 2176 4168 2361 4208; x_wconf 89' lang='lat' dir='ltr'><strong>eorum</strong></span> <span class='ocrx_word' id='word_1_851' title='bbox 2378 4193 2393 4218; x_wconf 96' lang='lat'><strong>,</strong></span> <span class='ocrx_word' id='word_1_852' title='bbox 2422 4153 2712 4208; x_wconf 89' lang='lat' dir='ltr'><strong>remancbo</strong></span> <span class='ocrx_word' id='word_1_853' title='bbox 2737 4167 2870 4225; x_wconf 82' lang='lat' dir='ltr'><strong>ego,</strong></span> <span class='ocrx_word' id='word_1_854' title='bbox 2899 4161 2953 4207; x_wconf 88' lang='lat' dir='ltr'><strong>et</strong></span> <span class='ocrx_word' id='word_1_855' title='bbox 2976 4154 3299 4223; x_wconf 88' lang='lat' dir='ltr'><strong>permanebo</strong></span> <span class='ocrx_word' id='word_1_856' title='bbox 3326 4155 3382 4210; x_wconf 89' lang='lat' dir='ltr'><strong>in</strong></span> 
     </span>
    </p>
   </div>
   <div class='ocr_carea' id='block_1_101' title="bbox 1794 4244 3378 4316">
    <p class='ocr_par' dir='ltr' id='par_1_101' title="bbox 1794 4244 3378 4316">
     <span class='ocr_line' id='line_1_101' title="bbox 1794 4244 3378 4316; baseline -0.002 -16"><span class='ocrx_word' id='word_1_857' title='bbox 1794 4246 2015 4301; x_wconf 81' lang='lat' dir='ltr'><strong>veritate</strong></span> <span class='ocrx_word' id='word_1_858' title='bbox 2033 4258 2142 4311; x_wconf 89' lang='lat' dir='ltr'><strong>tua,</strong></span> <span class='ocrx_word' id='word_1_859' title='bbox 2173 4254 2225 4299; x_wconf 90' lang='lat' dir='ltr'><strong>et</strong></span> <span class='ocrx_word' id='word_1_860' title='bbox 2244 4245 2814 4316; x_wconf 86' lang='lat' dir='ltr'><strong>mentieturiniqnitas,</strong></span> <span class='ocrx_word' id='word_1_861' title='bbox 2832 4260 2938 4299; x_wconf 91' lang='lat' dir='ltr'><strong>non</strong></span> <span class='ocrx_word' id='word_1_862' title='bbox 2956 4244 3107 4308; x_wconf 90' lang='lat' dir='ltr'><strong>mihi,</strong></span> <span class='ocrx_word' id='word_1_863' title='bbox 3136 4244 3230 4299; x_wconf 87' lang='lat' dir='ltr'><strong>sed</strong></span> <span class='ocrx_word' id='word_1_864' title='bbox 3256 4245 3378 4301; x_wconf 86' lang='lat' dir='ltr'><strong>sibi.</strong></span> 
     </span>
    </p>
   </div>
   <div class='ocr_carea' id='block_1_102' title="bbox 1862 4333 3383 4409">
    <p class='ocr_par' dir='ltr' id='par_1_102' title="bbox 1862 4333 3383 4409">
     <span class='ocr_line' id='line_1_102' title="bbox 1862 4333 3383 4409; baseline -0.001 -18"><span class='ocrx_word' id='word_1_865' title='bbox 1862 4337 1953 4391; x_wconf 64' lang='grc' dir='ltr'><strong>ἓξ.</strong></span> <span class='ocrx_word' id='word_1_866' title='bbox 1984 4334 2152 4409; x_wconf 69' lang='grc' dir='ltr'><strong>[εει-ι.</strong></span> <span class='ocrx_word' id='word_1_867' title='bbox 2186 4333 2311 4408; x_wconf 79' lang='grc'><strong>15.]</strong></span> <span class='ocrx_word' id='word_1_868' title='bbox 2340 4335 2496 4391; x_wconf 83' lang='lat' dir='ltr'><strong>lledit</strong></span> <span class='ocrx_word' id='word_1_869' title='bbox 2534 4336 2599 4390; x_wconf 89' lang='lat' dir='ltr'><strong>ad</strong></span> <span class='ocrx_word' id='word_1_870' title='bbox 2650 4336 2792 4391; x_wconf 89' lang='lat' dir='ltr'><strong>illam</strong></span> <span class='ocrx_word' id='word_1_871' title='bbox 2824 4351 2981 4390; x_wconf 87' lang='lat' dir='ltr'><strong>unam</strong></span> <span class='ocrx_word' id='word_1_872' title='bbox 3009 4345 3129 4406; x_wconf 87' lang='lat' dir='ltr'><strong>post</strong></span> <span class='ocrx_word' id='word_1_873' title='bbox 3159 4337 3256 4391; x_wconf 87' lang='lat' dir='ltr'><strong>ista</strong></span> <span class='ocrx_word' id='word_1_874' title='bbox 3285 4352 3383 4407; x_wconf 87' lang='lat' dir='ltr'><strong>pe-</strong></span> 
     </span>
    </p>
   </div>
   <div class='ocr_carea' id='block_1_103' title="bbox 1794 4429 3387 4499">
    <p class='ocr_par' dir='ltr' id='par_1_103' title="bbox 1794 4429 3387 4499">
     <span class='ocr_line' id='line_1_103' title="bbox 1794 4429 3387 4499; baseline 0.002 -13"><span class='ocrx_word' id='word_1_875' title='bbox 1794 4429 1956 4486; x_wconf 84' lang='lat' dir='ltr'><strong>ricula</strong></span> <span class='ocrx_word' id='word_1_876' title='bbox 1981 4472 1997 4496; x_wconf 89' lang='lat'><strong>,</strong></span> <span class='ocrx_word' id='word_1_877' title='bbox 2031 4438 2149 4499; x_wconf 89' lang='lat' dir='ltr'><strong>post</strong></span> <span class='ocrx_word' id='word_1_878' title='bbox 2184 4429 2395 4484; x_wconf 84' lang='lat' dir='ltr'><strong>labores</strong></span> <span class='ocrx_word' id='word_1_879' title='bbox 2416 4470 2431 4493; x_wconf 93' lang='lat'><strong>,</strong></span> <span class='ocrx_word' id='word_1_880' title='bbox 2460 4440 2581 4497; x_wconf 89' lang='lat' dir='ltr'><strong>post</strong></span> <span class='ocrx_word' id='word_1_881' title='bbox 2620 4429 2959 4484; x_wconf 79' lang='lat' dir='ltr'><strong>difficultates</strong></span> <span class='ocrx_word' id='word_1_882' title='bbox 2978 4472 2994 4497; x_wconf 90' lang='lat'><strong>,</strong></span> <span class='ocrx_word' id='word_1_883' title='bbox 3024 4432 3161 4485; x_wconf 87' lang='lat' dir='ltr'><strong>inter</strong></span> <span class='ocrx_word' id='word_1_884' title='bbox 3195 4446 3387 4489; x_wconf 76' lang='lat' dir='ltr'><strong>manus</strong></span> 
     </span>
    </p>
   </div>
   <div class='ocr_carea' id='block_1_104' title="bbox 1796 4518 3385 4595">
    <p class='ocr_par' dir='ltr' id='par_1_104' title="bbox 1796 4518 3385 4595">
     <span class='ocr_line' id='line_1_104' title="bbox 1796 4518 3385 4595; baseline 0.002 -18"><span class='ocrx_word' id='word_1_885' title='bbox 1796 4522 2226 4595; x_wconf 85' lang='lat' dir='ltr'><strong>persequentium</strong></span> <span class='ocrx_word' id='word_1_886' title='bbox 2279 4531 2332 4576; x_wconf 93' lang='lat' dir='ltr'><strong>et</strong></span> <span class='ocrx_word' id='word_1_887' title='bbox 2376 4522 2737 4576; x_wconf 87' lang='lat' dir='ltr'><strong>trilmlantiutn</strong></span> <span class='ocrx_word' id='word_1_888' title='bbox 2778 4518 3063 4590; x_wconf 58' lang='lat' dir='ltr'><strong>testuans,’</strong></span> <span class='ocrx_word' id='word_1_889' title='bbox 3094 4524 3385 4590; x_wconf 84' lang='lat' dir='ltr'><strong>anhelans,</strong></span> 
     </span>
    </p>
   </div>
   <div class='ocr_carea' id='block_1_105' title="bbox 1795 4613 3390 4685">
    <p class='ocr_par' dir='ltr' id='par_1_105' title="bbox 1795 4613 3390 4685">
     <span class='ocr_line' id='line_1_105' title="bbox 1795 4613 3390 4685; baseline 0.001 -16"><span class='ocrx_word' id='word_1_890' title='bbox 1795 4613 2045 4669; x_wconf 88' lang='lat' dir='ltr'><strong>laborans</strong></span> <span class='ocrx_word' id='word_1_891' title='bbox 2069 4654 2085 4678; x_wconf 91' lang='lat'><strong>,</strong></span> <span class='ocrx_word' id='word_1_892' title='bbox 2114 4620 2170 4669; x_wconf 89' lang='lat' dir='ltr'><strong>et</strong></span> <span class='ocrx_word' id='word_1_893' title='bbox 2218 4613 2404 4667; x_wconf 86' lang='lat' dir='ltr'><strong>firmus</strong></span> <span class='ocrx_word' id='word_1_894' title='bbox 2445 4622 2499 4667; x_wconf 89' lang='lat' dir='ltr'><strong>et</strong></span> <span class='ocrx_word' id='word_1_895' title='bbox 2534 4622 2714 4667; x_wconf 88' lang='lat' dir='ltr'><strong>ccrtus</strong></span> <span class='ocrx_word' id='word_1_896' title='bbox 2762 4614 2853 4668; x_wconf 90' lang='lat' dir='ltr'><strong>illo</strong></span> <span class='ocrx_word' id='word_1_897' title='bbox 2899 4615 3219 4685; x_wconf 84' lang='lat' dir='ltr'><strong>suscipiente</strong></span> <span class='ocrx_word' id='word_1_898' title='bbox 3248 4658 3263 4682; x_wconf 92' lang='lat'><strong>,</strong></span> <span class='ocrx_word' id='word_1_899' title='bbox 3296 4616 3390 4671; x_wconf 87' lang='lat' dir='ltr'><strong>illo</strong></span> 
     </span>
    </p>
   </div>
   <div class='ocr_carea' id='block_1_106' title="bbox 1791 4692 3384 4775">
    <p class='ocr_par' dir='ltr' id='par_1_106' title="bbox 1791 4692 3384 4775">
     <span class='ocr_line' id='line_1_106' title="bbox 1791 4692 3384 4775; baseline 0.004 -20"><span class='ocrx_word' id='word_1_900' title='bbox 1791 4706 2031 4774; x_wconf 82' lang='lat' dir='ltr'><strong>juvantc,</strong></span> <span class='ocrx_word' id='word_1_901' title='bbox 2066 4704 2158 4758; x_wconf 92' lang='lat' dir='ltr'><strong>illo</strong></span> <span class='ocrx_word' id='word_1_902' title='bbox 2183 4704 2432 4767; x_wconf 84' lang='lat' dir='ltr'><strong>ducente,</strong></span> <span class='ocrx_word' id='word_1_903' title='bbox 2466 4704 2559 4757; x_wconf 90' lang='lat' dir='ltr'><strong>illo</strong></span> <span class='ocrx_word' id='word_1_904' title='bbox 2589 4712 2826 4775; x_wconf 84' lang='lat' dir='ltr'><strong>regente.</strong></span> <span class='ocrx_word' id='word_1_905' title='bbox 2855 4703 3057 4759; x_wconf 89' lang='lat' dir='ltr'><strong>Tamen</strong></span> <span class='ocrx_word' id='word_1_906' title='bbox 3086 4716 3208 4775; x_wconf 85' lang='lat' dir='ltr'><strong>post</strong></span> <span class='ocrx_word' id='word_1_907' title='bbox 3232 4692 3384 4762; x_wconf 90' lang='lat' dir='ltr'><strong>illum</strong></span> 
     </span>
    </p>
   </div>
   <div class='ocr_carea' id='block_1_107' title="bbox 1795 4796 3389 4871">
    <p class='ocr_par' dir='ltr' id='par_1_107' title="bbox 1795 4796 3389 4871">
     <span class='ocr_line' id='line_1_107' title="bbox 1795 4796 3389 4871; baseline 0.003 -18"><span class='ocrx_word' id='word_1_908' title='bbox 1795 4798 2071 4854; x_wconf 72' lang='lat' dir='ltr'><strong>cirt-uitum</strong></span> <span class='ocrx_word' id='word_1_909' title='bbox 2092 4806 2145 4854; x_wconf 89' lang='lat' dir='ltr'><strong>et</strong></span> <span class='ocrx_word' id='word_1_910' title='bbox 2160 4796 2552 4868; x_wconf 84' lang='lat' dir='ltr'><strong>jubilationem,</strong></span> <span class='ocrx_word' id='word_1_911' title='bbox 2570 4798 2844 4852; x_wconf 77' lang='lat' dir='ltr'><strong>exsultans</strong></span> <span class='ocrx_word' id='word_1_912' title='bbox 2859 4799 3072 4869; x_wconf 86' lang='lat' dir='ltr'><strong>gaudio,</strong></span> <span class='ocrx_word' id='word_1_913' title='bbox 3092 4808 3145 4855; x_wconf 90' lang='lat' dir='ltr'><strong>et</strong></span> <span class='ocrx_word' id='word_1_914' title='bbox 3162 4815 3389 4871; x_wconf 85' lang='lat' dir='ltr'><strong>gemens</strong></span> 
     </span>
    </p>
   </div>
   <div class='ocr_carea' id='block_1_108' title="bbox 1797 4889 3390 4959">
    <p class='ocr_par' dir='ltr' id='par_1_108' title="bbox 1797 4889 3390 4959">
     <span class='ocr_line' id='line_1_108' title="bbox 1797 4889 3390 4959; baseline 0.003 -15"><span class='ocrx_word' id='word_1_915' title='bbox 1797 4891 1848 4945; x_wconf 90' lang='lat' dir='ltr'><strong>in</strong></span> <span class='ocrx_word' id='word_1_916' title='bbox 1886 4890 2156 4945; x_wconf 87' lang='lat' dir='ltr'><strong>laboribus</strong></span> <span class='ocrx_word' id='word_1_917' title='bbox 2176 4931 2193 4955; x_wconf 90' lang='lat'><strong>,</strong></span> <span class='ocrx_word' id='word_1_918' title='bbox 2220 4889 2505 4959; x_wconf 86' lang='lat' dir='ltr'><strong>suspiravit</strong></span> <span class='ocrx_word' id='word_1_919' title='bbox 2546 4890 2612 4944; x_wconf 89' lang='lat' dir='ltr'><strong>ad</strong></span> <span class='ocrx_word' id='word_1_920' title='bbox 2640 4898 2960 4957; x_wconf 83' lang='lat' dir='ltr'><strong>extremum,</strong></span> <span class='ocrx_word' id='word_1_921' title='bbox 2992 4902 3045 4947; x_wconf 86' lang='lat' dir='ltr'><strong>et</strong></span> <span class='ocrx_word' id='word_1_922' title='bbox 3079 4893 3152 4947; x_wconf 89' lang='lat' dir='ltr'><strong>ait</strong></span> <span class='ocrx_word' id='word_1_923' title='bbox 3183 4911 3197 4948; x_wconf 90' lang='lat'><strong>:</strong></span> <span class='ocrx_word' id='word_1_924' title='bbox 3224 4894 3390 4951; x_wconf 83' lang='lat' dir='ltr'><strong>Credo</strong></span> 
     </span>
    </p>
   </div>
   <div class='ocr_carea' id='block_1_109' title="bbox 1797 4980 3387 5039">
    <p class='ocr_par' dir='ltr' id='par_1_109' title="bbox 1797 4980 3387 5039">
     <span class='ocr_line' id='line_1_109' title="bbox 1797 4980 3387 5039; baseline 0 -2"><span class='ocrx_word' id='word_1_925' title='bbox 1797 4982 1963 5037; x_wconf 80' lang='lat' dir='ltr'><strong>videre</strong></span> <span class='ocrx_word' id='word_1_926' title='bbox 1984 4980 2115 5035; x_wconf 85' lang='lat' dir='ltr'><strong>bona</strong></span> <span class='ocrx_word' id='word_1_927' title='bbox 2144 4980 2349 5035; x_wconf 86' lang='lat' dir='ltr'><strong>Domini</strong></span> <span class='ocrx_word' id='word_1_928' title='bbox 2376 4981 2425 5035; x_wconf 89' lang='lat' dir='ltr'><strong>in</strong></span> <span class='ocrx_word' id='word_1_929' title='bbox 2458 4990 2591 5034; x_wconf 85' lang='lat' dir='ltr'><strong>terra</strong></span> <span class='ocrx_word' id='word_1_930' title='bbox 2620 4980 2909 5036; x_wconf 74' lang='lat' dir='ltr'><strong>viventium.</strong></span> <span class='ocrx_word' id='word_1_931' title='bbox 2941 4980 2987 5037; x_wconf 91' lang='grc' dir='ltr'><strong>Ο</strong></span> <span class='ocrx_word' id='word_1_932' title='bbox 3010 4981 3149 5036; x_wconf 89' lang='lat' dir='ltr'><strong>bona</strong></span> <span class='ocrx_word' id='word_1_933' title='bbox 3176 4982 3387 5039; x_wconf 91' lang='lat' dir='ltr'><strong>Domini</strong></span> 
     </span>
    </p>
   </div>
   <div class='ocr_carea' id='block_1_110' title="bbox 1796 5072 3386 5144">
    <p class='ocr_par' dir='ltr' id='par_1_110' title="bbox 1796 5072 3386 5144">
     <span class='ocr_line' id='line_1_110' title="bbox 1796 5072 3386 5144; baseline 0 -16"><span class='ocrx_word' id='word_1_934' title='bbox 1796 5073 1968 5128; x_wconf 89' lang='lat' dir='ltr'><strong>dulcia</strong></span> <span class='ocrx_word' id='word_1_935' title='bbox 1994 5115 2010 5138; x_wconf 86' lang='lat'><strong>,</strong></span> <span class='ocrx_word' id='word_1_936' title='bbox 2035 5072 2349 5127; x_wconf 88' lang='lat' dir='ltr'><strong>immortalia</strong></span> <span class='ocrx_word' id='word_1_937' title='bbox 2370 5113 2384 5132; x_wconf 84' lang='lat'><strong>,</strong></span> <span class='ocrx_word' id='word_1_938' title='bbox 2416 5072 2847 5140; x_wconf 90' lang='lat' dir='ltr'><strong>incomparabilia</strong></span> <span class='ocrx_word' id='word_1_939' title='bbox 2870 5114 2884 5138; x_wconf 93' lang='lat'><strong>,</strong></span> <span class='ocrx_word' id='word_1_940' title='bbox 2916 5074 3240 5144; x_wconf 81' lang='lat' dir='ltr'><strong>sempiterna</strong></span> <span class='ocrx_word' id='word_1_941' title='bbox 3260 5114 3276 5139; x_wconf 94' lang='lat'><strong>,</strong></span> <span class='ocrx_word' id='word_1_942' title='bbox 3301 5075 3386 5129; x_wconf 89' lang='lat' dir='ltr'><strong>in-</strong></span> 
     </span>
    </p>
   </div>
   <div class='ocr_carea' id='block_1_111' title="bbox 1796 5156 3389 5234">
    <p class='ocr_par' dir='ltr' id='par_1_111' title="bbox 1796 5156 3389 5234">
     <span class='ocr_line' id='line_1_111' title="bbox 1796 5156 3389 5234; baseline 0.001 -16"><span class='ocrx_word' id='word_1_943' title='bbox 1796 5156 2226 5219; x_wconf 82' lang='lat' dir='ltr'><strong>commutabilia!</strong></span> <span class='ocrx_word' id='word_1_944' title='bbox 2260 5162 2326 5217; x_wconf 82' lang='lat' dir='ltr'><strong>Et</strong></span> <span class='ocrx_word' id='word_1_945' title='bbox 2350 5162 2564 5234; x_wconf 89' lang='lat' dir='ltr'><strong>quando</strong></span> <span class='ocrx_word' id='word_1_946' title='bbox 2588 5177 2683 5217; x_wconf 90' lang='lat' dir='ltr'><strong>vos</strong></span> <span class='ocrx_word' id='word_1_947' title='bbox 2713 5161 2909 5218; x_wconf 85' lang='lat' dir='ltr'><strong>videbo</strong></span> <span class='ocrx_word' id='word_1_948' title='bbox 2928 5205 2943 5230; x_wconf 93' lang='lat'><strong>,</strong></span> <span class='ocrx_word' id='word_1_949' title='bbox 2970 5164 3106 5219; x_wconf 88' lang='lat' dir='ltr'><strong>bona</strong></span> <span class='ocrx_word' id='word_1_950' title='bbox 3139 5165 3389 5219; x_wconf 78' lang='lat' dir='ltr'><strong>Domini?</strong></span> 
     </span>
    </p>
   </div>
   <div class='ocr_carea' id='block_1_112' title="bbox 1797 5254 3388 5331">
    <p class='ocr_par' dir='ltr' id='par_1_112' title="bbox 1797 5254 3388 5331">
     <span class='ocr_line' id='line_1_112' title="bbox 1797 5254 3388 5331; baseline -0.001 -19"><span class='ocrx_word' id='word_1_951' title='bbox 1797 5255 1973 5312; x_wconf 89' lang='lat' dir='ltr'><strong>Credo</strong></span> <span class='ocrx_word' id='word_1_952' title='bbox 2014 5254 2230 5322; x_wconf 85' lang='lat' dir='ltr'><strong>videre,</strong></span> <span class='ocrx_word' id='word_1_953' title='bbox 2261 5254 2353 5331; x_wconf 87' lang='lat' dir='ltr'><strong>sed</strong></span> <span class='ocrx_word' id='word_1_954' title='bbox 2400 5270 2504 5310; x_wconf 90' lang='lat' dir='ltr'><strong>non</strong></span> <span class='ocrx_word' id='word_1_955' title='bbox 2550 5256 2601 5309; x_wconf 92' lang='lat' dir='ltr'><strong>in</strong></span> <span class='ocrx_word' id='word_1_956' title='bbox 2651 5264 2790 5311; x_wconf 86' lang='lat' dir='ltr'><strong>terra</strong></span> <span class='ocrx_word' id='word_1_957' title='bbox 2832 5256 3194 5311; x_wconf 90' lang='lat' dir='ltr'><strong>morientium.</strong></span> <span class='ocrx_word' id='word_1_958' title='bbox 3224 5254 3388 5311; x_wconf 79' lang='lat' dir='ltr'><strong>Credo</strong></span> 
     </span>
    </p>
   </div>
   <div class='ocr_carea' id='block_1_113' title="bbox 1798 5345 3389 5403">
    <p class='ocr_par' dir='ltr' id='par_1_113' title="bbox 1798 5345 3389 5403">
     <span class='ocr_line' id='line_1_113' title="bbox 1798 5345 3389 5403; baseline -0.001 0"><span class='ocrx_word' id='word_1_959' title='bbox 1798 5348 1965 5403; x_wconf 73' lang='lat' dir='ltr'><strong>ridere</strong></span> <span class='ocrx_word' id='word_1_960' title='bbox 1989 5346 2119 5401; x_wconf 89' lang='lat' dir='ltr'><strong>bona</strong></span> <span class='ocrx_word' id='word_1_961' title='bbox 2156 5345 2365 5400; x_wconf 90' lang='lat' dir='ltr'><strong>Domini</strong></span> <span class='ocrx_word' id='word_1_962' title='bbox 2389 5348 2441 5400; x_wconf 89' lang='lat' dir='ltr'><strong>in</strong></span> <span class='ocrx_word' id='word_1_963' title='bbox 2476 5357 2609 5401; x_wconf 87' lang='lat' dir='ltr'><strong>terra</strong></span> <span class='ocrx_word' id='word_1_964' title='bbox 2638 5347 2927 5402; x_wconf 80' lang='lat' dir='ltr'><strong>viventium.</strong></span> <span class='ocrx_word' id='word_1_965' title='bbox 2951 5347 3117 5401; x_wconf 80' lang='lat' dir='ltr'><strong>Eruet</strong></span> <span class='ocrx_word' id='word_1_966' title='bbox 3154 5363 3242 5403; x_wconf 90' lang='lat' dir='ltr'><strong>me</strong></span> <span class='ocrx_word' id='word_1_967' title='bbox 3281 5347 3389 5402; x_wconf 89' lang='lat' dir='ltr'><strong>Do-</strong></span> 
     </span>
    </p>
   </div>
   <div class='ocr_carea' id='block_1_114' title="bbox 1800 5440 3391 5513">
    <p class='ocr_par' dir='ltr' id='par_1_114' title="bbox 1800 5440 3391 5513">
     <span class='ocr_line' id='line_1_114' title="bbox 1800 5440 3391 5513; baseline 0 -16"><span class='ocrx_word' id='word_1_968' title='bbox 1800 5444 1977 5497; x_wconf 89' lang='lat' dir='ltr'><strong>minus</strong></span> <span class='ocrx_word' id='word_1_969' title='bbox 2013 5455 2043 5495; x_wconf 90' lang='lat' dir='ltr'><strong>a</strong></span> <span class='ocrx_word' id='word_1_970' title='bbox 2089 5449 2227 5495; x_wconf 87' lang='lat' dir='ltr'><strong>terra</strong></span> <span class='ocrx_word' id='word_1_971' title='bbox 2260 5441 2599 5495; x_wconf 89' lang='lat' dir='ltr'><strong>morientium</strong></span> <span class='ocrx_word' id='word_1_972' title='bbox 2622 5481 2637 5505; x_wconf 89' lang='lat'><strong>,</strong></span> <span class='ocrx_word' id='word_1_973' title='bbox 2664 5441 2754 5511; x_wconf 89' lang='lat' dir='ltr'><strong>qui</strong></span> <span class='ocrx_word' id='word_1_974' title='bbox 2785 5449 3001 5511; x_wconf 88' lang='lat' dir='ltr'><strong>propter</strong></span> <span class='ocrx_word' id='word_1_975' title='bbox 3029 5454 3116 5495; x_wconf 92' lang='lat' dir='ltr'><strong>me</strong></span> <span class='ocrx_word' id='word_1_976' title='bbox 3142 5440 3391 5513; x_wconf 81' lang='lat' dir='ltr'><strong>dignatus</strong></span> 
     </span>
    </p>
   </div>
   <div class='ocr_carea' id='block_1_115' title="bbox 1800 5531 3391 5601">
    <p class='ocr_par' dir='ltr' id='par_1_115' title="bbox 1800 5531 3391 5601">
     <span class='ocr_line' id='line_1_115' title="bbox 1800 5531 3391 5601; baseline -0.003 -9"><span class='ocrx_word' id='word_1_977' title='bbox 1800 5543 1883 5592; x_wconf 90' lang='lat' dir='ltr'><strong>est</strong></span> <span class='ocrx_word' id='word_1_978' title='bbox 1908 5533 2177 5601; x_wconf 86' lang='lat' dir='ltr'><strong>suscipere</strong></span> <span class='ocrx_word' id='word_1_979' title='bbox 2198 5541 2393 5588; x_wconf 73' lang='lat' dir='ltr'><strong>terram</strong></span> <span class='ocrx_word' id='word_1_980' title='bbox 2411 5532 2749 5587; x_wconf 89' lang='lat' dir='ltr'><strong>morientium</strong></span> <span class='ocrx_word' id='word_1_981' title='bbox 2770 5573 2785 5599; x_wconf 89' lang='lat'><strong>,</strong></span> <span class='ocrx_word' id='word_1_982' title='bbox 2808 5540 2861 5587; x_wconf 91' lang='lat' dir='ltr'><strong>et</strong></span> <span class='ocrx_word' id='word_1_983' title='bbox 2885 5532 3019 5586; x_wconf 90' lang='lat' dir='ltr'><strong>mori</strong></span> <span class='ocrx_word' id='word_1_984' title='bbox 3042 5531 3180 5587; x_wconf 89' lang='lat' dir='ltr'><strong>inter</strong></span> <span class='ocrx_word' id='word_1_985' title='bbox 3199 5546 3391 5588; x_wconf 88' lang='lat' dir='ltr'><strong>manus</strong></span> 
     </span>
    </p>
   </div>
   <div class='ocr_carea' id='block_1_116' title="bbox 1803 5624 3387 5693">
    <p class='ocr_par' dir='ltr' id='par_1_116' title="bbox 1803 5624 3387 5693">
     <span class='ocr_line' id='line_1_116' title="bbox 1803 5624 3387 5693; baseline -0.004 -9"><span class='ocrx_word' id='word_1_986' title='bbox 1803 5626 2164 5693; x_wconf 87' lang='lat' dir='ltr'><strong>morientium;</strong></span> <span class='ocrx_word' id='word_1_987' title='bbox 2187 5636 2338 5681; x_wconf 90' lang='lat' dir='ltr'><strong>eruet</strong></span> <span class='ocrx_word' id='word_1_988' title='bbox 2360 5642 2444 5680; x_wconf 89' lang='lat' dir='ltr'><strong>me</strong></span> <span class='ocrx_word' id='word_1_989' title='bbox 2468 5624 2720 5680; x_wconf 90' lang='lat' dir='ltr'><strong>Dominus</strong></span> <span class='ocrx_word' id='word_1_990' title='bbox 2743 5625 2810 5679; x_wconf 89' lang='lat' dir='ltr'><strong>de</strong></span> <span class='ocrx_word' id='word_1_991' title='bbox 2837 5634 2977 5679; x_wconf 89' lang='lat' dir='ltr'><strong>terra</strong></span> <span class='ocrx_word' id='word_1_992' title='bbox 3004 5625 3343 5680; x_wconf 80' lang='lat' dir='ltr'><strong>morientium</strong></span> <span class='ocrx_word' id='word_1_993' title='bbox 3372 5642 3387 5678; x_wconf 91' lang='lat'><strong>:</strong></span> 
     </span>
    </p>
   </div>
   <div class='ocr_carea' id='block_1_117' title="bbox 1802 5714 3394 5787">
    <p class='ocr_par' dir='ltr' id='par_1_117' title="bbox 1802 5714 3394 5787">
     <span class='ocr_line' id='line_1_117' title="bbox 1802 5714 3394 5787; baseline -0.004 -12"><span class='ocrx_word' id='word_1_994' title='bbox 1802 5716 1965 5775; x_wconf 78' lang='lat' dir='ltr'><strong>Credo</strong></span> <span class='ocrx_word' id='word_1_995' title='bbox 1993 5716 2159 5773; x_wconf 75' lang='lat' dir='ltr'><strong>videre</strong></span> <span class='ocrx_word' id='word_1_996' title='bbox 2192 5715 2324 5773; x_wconf 81' lang='lat' dir='ltr'><strong>bona</strong></span> <span class='ocrx_word' id='word_1_997' title='bbox 2365 5714 2572 5770; x_wconf 87' lang='lat' dir='ltr'><strong>Domini</strong></span> <span class='ocrx_word' id='word_1_998' title='bbox 2613 5717 2665 5769; x_wconf 86' lang='lat' dir='ltr'><strong>in</strong></span> <span class='ocrx_word' id='word_1_999' title='bbox 2703 5725 2837 5769; x_wconf 85' lang='lat' dir='ltr'><strong>terra</strong></span> <span class='ocrx_word' id='word_1_1000' title='bbox 2880 5715 3166 5769; x_wconf 79' lang='lat' dir='ltr'><strong>viventium.</strong></span> <span class='ocrx_word' id='word_1_1001' title='bbox 3208 5715 3394 5787; x_wconf 82' lang='lat' dir='ltr'><strong>Suspi-</strong></span> 
     </span>
    </p>
   </div>
   <div class='ocr_carea' id='block_1_118' title="bbox 1803 5805 3394 5877">
    <p class='ocr_par' dir='ltr' id='par_1_118' title="bbox 1803 5805 3394 5877">
     <span class='ocr_line' id='line_1_118' title="bbox 1803 5805 3394 5877; baseline -0.004 -10"><span class='ocrx_word' id='word_1_1002' title='bbox 1803 5823 1929 5867; x_wconf 85' lang='lat' dir='ltr'><strong>rans</strong></span> <span class='ocrx_word' id='word_1_1003' title='bbox 1953 5808 2107 5875; x_wconf 86' lang='lat' dir='ltr'><strong>dixit,</strong></span> <span class='ocrx_word' id='word_1_1004' title='bbox 2134 5806 2382 5865; x_wconf 87' lang='lat' dir='ltr'><strong>laborans</strong></span> <span class='ocrx_word' id='word_1_1005' title='bbox 2407 5806 2574 5874; x_wconf 79' lang='lat' dir='ltr'><strong>dixit,</strong></span> <span class='ocrx_word' id='word_1_1006' title='bbox 2610 5805 2915 5877; x_wconf 88' lang='lat' dir='ltr'><strong>periclitans</strong></span> <span class='ocrx_word' id='word_1_1007' title='bbox 2943 5805 3076 5861; x_wconf 75' lang='lat' dir='ltr'><strong>dixit</strong></span> <span class='ocrx_word' id='word_1_1008' title='bbox 3105 5807 3245 5862; x_wconf 89' lang='lat' dir='ltr'><strong>inter</strong></span> <span class='ocrx_word' id='word_1_1009' title='bbox 3278 5822 3394 5861; x_wconf 85' lang='lat' dir='ltr'><strong>ma—</strong></span> 
     </span>
    </p>
   </div>
   <div class='ocr_carea' id='block_1_119' title="bbox 1807 5898 3394 5976">
    <p class='ocr_par' dir='ltr' id='par_1_119' title="bbox 1807 5898 3394 5976">
     <span class='ocr_line' id='line_1_119' title="bbox 1807 5898 3394 5976; baseline -0.003 -17"><span class='ocrx_word' id='word_1_1010' title='bbox 1807 5918 1965 5974; x_wconf 77' lang='lat' dir='ltr'><strong>gnam</strong></span> <span class='ocrx_word' id='word_1_1011' title='bbox 1995 5901 2204 5957; x_wconf 78' lang='lat' dir='ltr'><strong>turbam</strong></span> <span class='ocrx_word' id='word_1_1012' title='bbox 2227 5898 2578 5955; x_wconf 87' lang='lat' dir='ltr'><strong>tentationum</strong></span> <span class='ocrx_word' id='word_1_1013' title='bbox 2611 5917 2625 5951; x_wconf 92' lang='lat'><strong>:</strong></span> <span class='ocrx_word' id='word_1_1014' title='bbox 2650 5898 2747 5957; x_wconf 82' lang='lat' dir='ltr'><strong>sed</strong></span> <span class='ocrx_word' id='word_1_1015' title='bbox 2772 5908 2947 5957; x_wconf 83' lang='lat' dir='ltr'><strong>tamen</strong></span> <span class='ocrx_word' id='word_1_1016' title='bbox 2975 5915 3197 5976; x_wconf 80' lang='lat' dir='ltr'><strong>sperans</strong></span> <span class='ocrx_word' id='word_1_1017' title='bbox 3224 5908 3394 5961; x_wconf 71' lang='lat' dir='ltr'><strong>totum</strong></span> 
     </span>
    </p>
   </div>
   <div class='ocr_carea' id='block_1_120' title="bbox 3146 6060 3183 6079">
    <p class='ocr_par' dir='ltr' id='par_1_120' title="bbox 3146 6060 3183 6079">
     <span class='ocr_line' id='line_1_120' title="bbox 3146 6060 3183 6079; baseline 0 -6"><span class='ocrx_word' id='word_1_1018' title='bbox 3146 6060 3183 6079; x_wconf 60' lang='grc' dir='ltr'><strong>,Ἀ</strong></span> 
     </span>
    </p>
   </div>
  </div>
