3950 6404
2143 275 2192 284 ...ν-

1786 383 1846 441 S.
1886 381 2258 443 Αυσυετιιιι
2294 382 2602 445 Ειηεεορι

552 399 653 460 ιιι

555 517 625 573 de
649 511 1010 571 misericordia
1039 509 1175 580 ejus,
1205 507 1292 564 cui
1316 505 1450 563 dixit
1476 521 1490 560 :
1520 501 1704 576 Legem
1729 499 1852 555 mihi
1875 498 2143 566 constitue,

553 607 789 663 Domine.

627 697 717 754 25.
760 695 924 770 [vers
960 689 1097 765 14.]
1131 690 1201 747 Et
1235 687 1363 762 quid
1403 687 1489 744 ille
1529 685 1690 753 dicit,
1719 683 1810 756 qui
1850 683 2021 755 legem
2066 682 2170 738 illi'

553 789 826 848 constituit
842 786 865 840 'l
883 785 1171 841 Audiamus
1194 791 1448 840 ctvoccm
1469 779 1674 834 Domini
1702 777 1934 846 desuper
1950 775 2146 830 exhor-

554 882 715 939 tantis
743 879 860 944 nos,
890 875 1217 934 conseiantis
1246 889 1364 938 nos;
1395 873 1536 927 illius
1562 886 1770 936 vacem,
1789 884 1946 940 quem
1975 867 2140 922 habe-

550 989 670 1030 mus
696 989 793 1043 pro
824 969 973 1043 patre
998 981 1052 1025 et
1083 979 1253 1025 matre
1281 967 1367 1039 qui
1398 981 1494 1021 nos
1535 964 1966 1035 dereliquerout,
1999 962 2142 1015 illius

550 1080 736 1120 vocem
762 1064 1055 1118 audiamus.
1085 1059 1296 1116 Audivit
1316 1059 1456 1114 enim
1488 1056 1715 1126 gemitus
1751 1061 1981 1116 ttostros,
2013 1053 2158 1107 vidit

549 1157 777 1228 suspiria
807 1167 987 1211 nostra
1008 1196 1023 1221 ,
1054 1153 1274 1208 intuitus
1301 1159 1382 1207 cst
1415 1147 1736 1205 d't'rsideri'u'm
1769 1155 2010 1201 nostrum
2043 1187 2057 1209 ,
2089 1153 2143 1199 et

550 1266 713 1305 unam
749 1248 1056 1319 petitionem
1102 1249 1336 1300 nostram
1363 1287 1379 1312 ,
1405 1239 1562 1298 unam
1606 1239 2013 1311 postulationem
2051 1245 2144 1308 per

547 1342 863 1398 advocatum
913 1339 1179 1395 Christum
1214 1333 1773 1404 libentet-accepit;et
1801 1333 1970 1386 donec
2020 1347 2142 1401 per-

547 1449 772 1506 agamus
797 1434 950 1488 istam
974 1429 1469 1504 peregrinationem,
1487 1439 1587 1498 (pia
1606 1425 1866 1480 dilaturus
1891 1429 1973 1478 est
1995 1466 2009 1485 ,
2038 1437 2141 1476 non

551 1527 827 1581 ablaturus
853 1523 992 1596 quod
1022 1522 1302 1596 promisit,
1332 1520 1466 1574 dixit
1489 1519 1642 1572 nobis
1677 1535 1688 1571 :
1725 1517 1931 1572 Sustine
1959 1514 2141 1568 Domi-

550 1635 694 1673 num.
723 1617 836 1672 Non
865 1615 1150 1672 sustinebis
1179 1613 1521 1677 mendacem,
1550 1617 1653 1664 non
1687 1626 1807 1665 eum
1834 1609 1920 1678 qui
1948 1608 2142 1690 poterit

549 1707 682 1774 falli,
711 1722 817 1762 non
837 1721 956 1762 eum
985 1707 1072 1776 qui
1097 1719 1202 1762 non
1227 1713 1309 1758 est
1331 1703 1643 1757 inventurus
1664 1699 1803 1770 quod
1825 1699 1933 1753 det.
1959 1691 2145 1753 Omni-

549 1808 742 1870 potens
783 1797 1058 1866 promisit,
1107 1807 1284 1850 certus
1329 1792 1572 1865 promisit
1600 1834 1614 1855 ,
1653 1806 1807 1845 verax
1857 1790 2140 1860 promisit,

550 1889 760 1945 Sustine
788 1887 1099 1954 Dominum,
1132 1887 1340 1942 viriliter
1368 1887 1482 1956 age.
1518 1879 1635 1940 Noli
1667 1881 1883 1937 diSSolvi
1920 1900 1933 1935 :
1964 1895 2029 1935 ne
2068 1881 2143 1935 sis

548 1979 690 2037 inter
737 1995 831 2035 eos
885 1979 1075 2050 quibus
1124 1979 1349 2039 dicitur,
1411 1975 1498 2031 Va:
1542 1961 1630 2043 bis
1679 1975 1764 2044 qui
1816 1973 2158 2044 perdiderunt

547 2070 897 2128 sustinentia»:
914 2069 1096 2144 (Eccli.
1115 2086 1171 2135 tt,
1191 2067 1310 2139 16)!
1340 2067 1549 2125 Sustine
1574 2059 1871 2129 Dominum,
1896 2064 2144 2119 onmilms

547 2165 705 2222 nobis
729 2164 956 2232 dicitur,
988 2174 1042 2219 et
1073 2164 1159 2218 uni
1188 2162 1390 2218 homini
1419 2151 1634 2215 dicitur.
1670 2149 1818 2216 Uitu‘s
1854 2173 2040 2211 sumus
2087 2155 2141 2212 in

549 2258 783 2323 Christo,
815 2272 1011 2327 corpus
1037 2255 1233 2313 Christi
1262 2270 1447 2311 Sumus
1469 2295 1486 2320 ,
1515 2252 1793 2324 qui‘unam
1819 2240 1962 2304 illam
1995 2249 2140 2306 desi-

547 2351 832 2416 deramus,
857 2349 946 2420 qui
970 2365 1126 2403 unam
1154 2348 1295 2402 illam
1328 2345 1579 2418 petimus,
1604 2344 1692 2415 qui
1721 2346 1771 2397 in
1815 2339 1916 2397 illis
1955 2341 2154 2397 diebus‘

548 2442 812 2496 malorum
841 2450 1144 2495 nostrorum
1168 2437 1565 2509 ingemiscim'u's
1585 2479 1599 2502 ,
1631 2434 1723 2506 qui
1745 2423 2024 2490 credimus
2045 2436 2152 2490 nos

547 2533 733 2590 videre
759 2534 894 2588 bona
929 2532 1137 2587 Domini
1168 2532 1220 2586 in
1253 2540 1395 2586 terra
1423 2529 1747 2594 viventium;
1780 2516 1932 2583 nobis
1968 2526 2144 2582 omni-

546 2625 776 2697 bus,qui
804 2642 936 2680 unus
959 2625 1009 2678 iu
1034 2641 1139 2678 uno
1164 2639 1367 2687 sumus,
1385 2621 1598 2689 dicitur,
1619 2619 1828 2674 Sustine
1847 2605 2140 2686 Dominum,

548 2717 762 2773 viriliter
785 2734 909 2788 age;
930 2726 975 2771 et
997 2715 1304 2786 confortetur
1339 2731 1425 2768 cor
1451 2724 1624 2778 tuum,
1648 2723 1693 2767 et
1743 2713 1932 2767 sustine
1964 2711 2141 2767 Domi-

549 2811 693 2865 num.
725 2807 860 2879 Quid
886 2807 1024 2864 aliud
1050 2808 1140 2862 tibi
1168 2807 1330 2872 dicat,
1361 2822 1517 2876 quam
1556 2817 1611 2860 ut
1640 2799 1742 2861 lioc
1770 2815 1974 2877 repetat
1999 2804 2141 2876 quod

548 2901 779 2957 audisti?
797 2900 1005 2957 Sustine
1035 2899 1328 2963 Dominum,
1358 2897 1566 2952 viriliter
1591 2914 1706 2968 age.
1734 2895 1870 2966 Ergo
1897 2896 1984 2966 qui
2019 2899 2142 2966 per"-

549 2991 685 3048 didit
708 2991 1100 3054 sustinentium,
1130 2988 1466 3044 elfemiuatus
1495 2989 1597 3051 est,
1626 2987 1854 3057 perdidit
1879 2987 2137 3054 vigorem.

550 3083 664 3138 lloc
693 3082 813 3148 viri,
846 3081 946 3136 hoc
973 3079 1186 3136 femina:
1213 3079 1450 3141 audiant,
1478 3079 1599 3147 quia
1630 3078 1680 3131 in
1711 3092 1816 3130 uno
1839 3078 1952 3130 viro
1980 3077 2060 3130 vir
2086 3081 2148 3132 et'

548 3173 766 3228 femina.
807 3163 952 3226 Talis
997 3173 1050 3226 in
1098 3170 1309 3226 Christo
1353 3184 1450 3224 nec
1493 3167 1762 3222 masculus
1806 3182 1902 3221 nec
1945 3159 2139 3222 ft-miua

549 3272 633 3319 est
665 3261 855 3334 (Colat.
881 3278 971 3330 ιιι,
1001 3257 1117 3333 28).
1148 3259 1355 3316 Sustine
1383 3259 1675 3324 Dominum,
1699 3259 1909 3312 viriliter
1932 3274 2026 3328 age
2047 3274 2066 3323 ,'
2092 3269 2139 3313 et

547 3359 859 3426 confortctur
886 3371 973 3407 cor
1001 3363 1143 3406 tuum
1165 3394 1179 3417 ,
1208 3360 1254 3405 et
1280 3352 1469 3406 sustine
1496 3349 1786 3405 Dominum.
1814 3341 2140 3405 Sustiuendo

555 3439 838 3504 Dominum
887 3444 1106 3500 habebis
1155 3449 1275 3499 cum
1305 3485 1321 3510 ,
1352 3442 1573 3497 habebis
1620 3447 1777 3512 quem
1830 3441 2136 3496 sustinebis.

553 3538 712 3596 Aliud
740 3537 981 3596 desidera
1007 3580 1022 3606 ,
1053 3537 1100 3594 si
1126 3536 1319 3607 majus,
1350 3534 1394 3591 si
1423 3534 1636 3602 melius,
1664 3535 1710 3590 si
1739 3533 1954 3590 suavius
1983 3533 2139 3589 inve—

548 3647 714 3688 neris.

936 3840 1018 3904 1N
1060 3838 1439 3920 PSALMUM
1481 3835 1728 3899 xxvu

1139 3957 1564 4018 ENABRATIO.

1114 4070 1288 4146 Ipsius
1315 4072 1332 4105 ⁸
1357 4071 1541 4125 David.

621 4218 678 4274 l.
709 4214 878 4288 [rem
927 4213 983 4278 1,
1009 4209 1091 4284 2.]
1122 4211 1291 4282 ipsius
1331 4207 1640 4264 mediatoris
1677 4221 1782 4260 vox
1825 4215 1946 4274 est,
1977 4222 2137 4262 manu

549 4307 706 4367 fortis
743 4307 793 4361 in
837 4305 1086 4361 conﬂictu
1120 4303 1398 4374 passionis.
1435 4301 1563 4368 Qtne
1597 4309 1773 4353 autem
1800 4298 2008 4352 videtur
2038 4317 2138 4369 op-

548 4414 665 4460 tare
693 4400 939 4462 inimicis,
965 4414 1068 4453 non
1090 4395 1472 4450 malemlentia:
1490 4401 1668 4446 votum
1692 4402 1772 4448 cst
1798 4434 1814 4457 ,
1845 4392 1937 4446 sed
1968 4409 2138 4448 enun-

551 4496 699 4550 tiatio
729 4509 900 4565 pinna:
928 4491 1140 4545 illorum
1170 4505 1183 4542 :
1214 4489 1349 4542 sicut
1371 4489 1424 4540 in
1448 4485 1734 4555 Evangrlio
1754 4469 2054 4540 civitatibus
2084 4485 2136 4540 in

547 4587 740 4658 quibus
780 4583 1032 4639 tniracula
1065 4595 1186 4634 cum
1217 4579 1449 4642 fecisset,
1485 4592 1656 4646 neque
1685 4575 2038 4640 credidissent
2064 4576 2135 4640 ei,

549 4695 656 4735 non
687 4673 1056 4730 malevolentia
1090 4679 1236 4741 optat
1265 4687 1382 4740 qua:
1408 4668 1553 4733 dicit,
1586 4667 1679 4724 scd
1702 4667 1827 4739 qttid
1857 4668 1936 4722 eis
1963 4667 2136 4721 immi-

550 4778 675 4824 ncat
697 4765 935 4836 praedicit
960 4761 1172 4831 (Matth.
1206 4777 1281 4823 XI,
1309 4760 1402 4832 ΞΟ)
1414 4802 1425 4814 .

618 4860 674 4914 2.
714 4847 797 4911 At!
831 4867 910 4923 te,
955 4855 1201 4919 Domine,
1229 4853 1441 4908 clamavi
1467 4895 1482 4918 ,
1513 4850 1652 4906 Deus
1682 4849 1818 4906 nmis
1851 4866 1912 4904 ne
1932 4849 2083 4904 sileas
2107 4867 2139 4904 tt

546 4970 627 5010 nte
650 4969 670 5008 :
690 4951 756 5006 ad
790 4962 839 5005 te
859 4991 874 5014 ,
911 4949 1129 5003 Domine
1153 4990 1168 5014 ,
1195 4947 1415 5003 clamavi
1438 4988 1453 5010 ,
1488 4946 1624 5000 Deus
1651 4959 1800 4999 meus
1829 4959 1894 4996 tte
1919 4957 2138 5013 separes

548 5046 804 5102 UlliL’llCl"
843 5041 997 5096 \ierbi
1031 5041 1102 5094 tui
1141 5040 1208 5094 ab
1237 5056 1302 5095 eo
1330 5039 1470 5109 quod
1499 5037 1658 5090 homo
1683 5051 1822 5090 smn.
1856 5034 2138 5105 Net/nando

547 5137 699 5191 sileas
739 5151 771 5187 a
807 5150 885 5187 me
920 5148 938 5187 :
973 5141 1018 5186 et
1062 5149 1145 5186 ero
1181 5131 1360 5186 similis
1401 5127 1812 5183 descendentibus
1842 5129 1893 5180 iu
1927 5126 2092 5181 lacum
2117 5143 2136 5182 :

548 5243 614 5283 ex
658 5241 724 5283 eo
762 5226 904 5282 cnim
935 5225 1076 5295 quod
1107 5225 1378 5279 mlernitas
1408 5221 1565 5276 Verbi
1600 5219 1672 5274 tui
1703 5236 1806 5274 non
1838 5222 2138 5277 intermittit

549 5320 702 5373 unire
737 5333 794 5374 se
826 5317 954 5372 mihi
981 5358 994 5380 ,
1028 5320 1082 5371 lit
1113 5325 1168 5370 ut
1199 5330 1305 5370 non
1333 5313 1431 5367 sim
1463 5312 1581 5366 talis
1611 5311 1773 5367 bOmo
1802 5313 1988 5382 quales
2014 5324 2139 5369 sunt

547 5410 724 5465 ueteri
751 5451 766 5475 ,
795 5409 884 5480 qui
917 5416 1205 5462 nascuntur
1231 5408 1281 5459 in
1310 5402 1624 5475 profundam
1657 5403 1924 5458 miseriam
1956 5405 2136 5458 sa~culi

548 5502 727 5573 hujus,
772 5503 855 5556 ubi
905 5511 1153 5568 tanquam
1189 5497 1366 5561 sileas,
1405 5510 1512 5550 non
1541 5496 1874 5566 cognoscitur
1909 5494 2134 5550 Verbum

549 5604 718 5653 tuum.
749 5592 954 5648 Exaudi
980 5593 1000 5622 ’
1028 5606 1193 5644 vocem
1232 5590 1597 5658 deprecationis
1635 5605 1779 5656 metu,
1808 5589 1928 5643 dum
1955 5605 2043 5643 oro
2069 5590 2137 5644 ad

613 5751 633 5820 ξ
655 5751 730 5820 sic
751 5755 858 5820 Mss.
877 5749 1020 5820 juxta
1033 5751 1164 5820 lxx.
1192 5752 1392 5820 stt.ov.,
1433 5744 1648 5820 psalmus
1792 5737 1958 5820 David.
2029 5808 2055 5820 Α.

611 5814 634 5847 ⁸
656 5817 730 5862 ste
766 5810 979 5875 pOIiOres
1149 5811 1326 5875 omisso
1364 5816 1471 5875 post
1505 5810 1697 5875 exaudi
1729 5810 1880 5863 verbo
1914 5810 2138 5873 Danaae.

547 5875 678 5943 qltod
691 5869 834 5929 abest
852 5886 882 5928 ε
902 5879 1030 5930 LXX.
1053 5871 1286 5942 [Εεαιιαὶι
1307 5869 1542 5937 Dandae].

2237 5871 2363 5923 LXX.

2254 510 2340 564 te;
2361 501 2479 554 dum
2501 500 2687 555 extollo
2707 516 2888 555 manus
2907 517 3045 555 meas
3063 503 3132 556 ad
3150 504 3395 572 templum
3413 515 3642 562 sanctum
3660 517 3812 572 tuum:

2254 592 2380 648 dum
2404 595 2707 663 cruciligor,
2730 593 2796 647 ad
2817 605 3001 648 eerum
3023 591 3270 664 salutem,
3291 594 3384 669 qui
3405 593 3682 658 et’edemes
3701 605 3809 664 ﬂuat

2255 685 2510 755 templum
2545 696 2788 739 sanetum
2821 694 2988 740 tuum.

2323 776 2376 832 '5.
2419 775 2567 850 [vers.
2601 769 2682 850 5.]
2717 775 2798 831 Ne
2814 779 2968 832 siinul
2988 781 3162 836 trahas
3189 777 3338 836 “cum
3369 761 3831 853 pacatorilt'tts‘ani-i

2252 871 2386 922 utam
2428 877 2606 933 nteant,
2651 879 2698 924 et
2731 887 2845 923 cunt
2875 859 3544 943 operantibusiniquitatem
3570 895 3632 932 ne
3663 883 3812 950 perdas

2251 978 2332 1015 nte
2360 978 2381 1017 :
2404 980 2520 1015 cum
2559 961 2636 1018 Itis
2664 965 2750 1034 qui
2786 965 3062 1034 loquuntur
3089 971 3266 1036 paceni
3304 980 3422 1023 cum
3456 979 3688 1040 proximo
3721 983 3832 1030 suo.’

2250 1054 2383 1110 Cum
2425 1053 2618 1126 bisqui
2652 1053 2780 1111 mihi
2820 1055 3001 1111 dicunt
3038 1075 3054 1113 :
3090 1050 3293 1114 Scimus
3322 1061 3445 1128 quia
3470 1081 3502 1116 α
3533 1060 3637 1118 Deo
3669 1067 3813 1122 venisti

2251 1149 2497 1214 magister
2520 1150 2544 1217 (
2558 1147 2715 1204 Joan.
2748 1166 2823 1210 ιιι.
2852 1149 2887 1205 2
2908 1149 2947 1223 ).
2985 1150 3127 1206 Multi
3155 1159 3320 1207 autem
3350 1158 3407 1208 in
3441 1156 3673 1214 cordibus
3693 1162 3812 1215 suis:

2251 1239 2390 1293 mala
2420 1247 2597 1294 autem
2628 1242 2918 1311 loquuntur
2946 1242 2998 1296 in
3025 1244 3273 1298 eortlibus
3303 1245 3437 1299 suis.

2319 1335 2378 1389 4.
2417 1333 2562 1408 [vers.
2585 1329 2665 1407 ιιι
2709 1336 2786 1390 Da
2816 1338 2919 1392 illis
2956 1336 3226 1392 secundum
3266 1355 3425 1410 opera
3454 1342 3677 1412 ipsorum
3717 1345 3814 1400 :da

2250 1423 2354 1480 illis
2394 1427 2684 1481 secundum
2730 1443 2892 1497 opem
2934 1425 3192 1496 ipset-um.
3221 1431 3343 1500 qula
3379 1429 3483 1486 bne
3509 1432 3702 1502 jllrllllll
3726 1444 3807 1491 est.

2250 1514 2318 1570 Et
2360 1518 2636 1571 secundum
2678 1519 3039 1590 malignitatem
3081 1517 3464 1588 alfcctationnm
3508 1521 3544 1569 ¹-
3571 1525 3815 1594 ipsorum:

2253 1609 2389 1664 mala
2431 1611 2574 1665 enim
2617 1610 2966 1676 affect:mtcs,
3002 1613 3134 1668 bona
3181 1614 3425 1670 invenire
3467 1633 3572 1670 non
3608 1629 3810 1685 pns~unt.

2251 1699 2542 1759 Secundum
2575 1722 2729 1775 opera
2759 1722 2995 1759 manuum
3024 1723 3194 1760 eorum
3217 1706 3285 1761 da
3313 1711 3386 1762 eis
3416 1726 3435 1762 .'
3459 1711 3696 1780 quamvis
3721 1712 3812 1765 aliis

2248 1791 2568 1850 ad'saltttcm
2601 1795 2769 1851 valeat
2795 1795 2934 1865 quod
2963 1796 3216 1859 fret-runt,
3249 1799 3547 1853 sumundum
3575 1817 3721 1866 opera
3749 1814 3807 1856 Ia-

2249 1901 2370 1940 men
2413 1873 2738 1941 voluntatum
2773 1886 2980 1940 illorum
3008 1883 3072 1940 da
3103 1887 3201 1941 eis.
3249 1879 3430 1942 Il‘etltle
3468 1891 3808 1946 retributionem

2249 1994 2422 2034 eorum
2449 1979 2570 2046 ipsis
2599 1994 2618 2033 .'
2639 1980 2758 2049 quia
2786 1993 2882 2048 pro
2910 1973 3128 2033 veritate
3152 1995 3310 2049 qttam
3333 1980 3626 2036 audiebant
3647 2024 3661 2043 .
3688 1975 3807 2037 volit-

2248 2081 2406 2126 cruut
2431 2069 2688 2126 fallaciatn
2715 2069 3047 2134 retribuere;
3077 2063 3279 2127 fallacia
3306 2071 3545 2144 ipsorum
3573 2075 3707 2145 ipsos
3727 2067 3807 2130 fal-

2250 2161 2341 2218 lat.

2318 2249 2372 2308 5.
2406 2252 2554 2326 (vers.
2580 2249 2660 2326 5.]
2696 2245 2944 2319 Quoniam
2971 2261 3068 2308 non
3090 2245 3447 2310 intellexerunt
3472 2256 3523 2310 in
3549 2271 3696 2326 opera
3722 2251 3807 2311 Do-

2248 2346 2375 2401 mitti
2401 2363 2415 2401 :
2442 2356 2493 2402 et
2519 2346 2659 2402 unde
2685 2345 3023 2402 manili-suun
3048 2357 3131 2403 est
3159 2346 3259 2402 hoc
3282 2349 3365 2403 eis
3390 2348 3684 2405 accidisse?
3706 2343 3814 2404 llius

2247 2439 2472 2503 scilicet,
2497 2442 2733 2512 quoniam
2749 2459 2847 2493 non
2864 2439 3215 2495 intellexerunt
3232 2438 3282 2494 in
3300 2458 3458 2512 Opera
3476 2440 3677 2496 Dontini
3690 2459 3707 2496 :
3719 2442 3820 2497 htcc“

2249 2530 2362 2601 ipsa
2405 2531 2650 2586 nimirum
2677 2531 2785 2601 jam
2825 2531 3103 2587 retributio
3132 2531 3265 2598 fuit,
3299 2541 3360 2587 ιιι
3390 2550 3551 2602 quem
3579 2532 3804 2588 malevolo

2246 2625 2426 2678 animo
2453 2623 2722 2679 hominem
2748 2631 3107 2682 tentaret-unt.
3135 2640 3237 2678 non
3259 2631 3646 2696 Cognosccrcnt
3672 2625 3805 2679 Dirum

2246 2731 2353 2788 quo
2375 2714 2396 2748 ³
2416 2715 2639 2772 consilio
2668 2717 2997 2772 iucarnatum
3024 2717 3180 2772 l‘ater
3199 2716 3368 2775 misit.
3398 2715 3464 2772 Et
3483 2717 3536 2772 in
3557 2734 3701 2786 opera
3722 2716 3823 2769 ma-'

2247 2827 2402 2865 unum
2429 2809 2537 2881 ejus
2560 2827 2579 2864 :
2605 2826 2704 2866 nec
2725 2821 3065 2866 moverentur
3089 2810 3217 2881 ipsis
3245 2809 3546 2866 visibilibus
3570 2811 3803 2882 operibus,

2245 2909 2365 2973 qua:
2411 2912 2652 2975 porrecta
2688 2914 2811 2958 sunt
2847 2917 3015 2974 usque
3053 2903 3118 2957 ad
3150 2904 3336 2959 oculos
3366 2920 3576 2961 eorum.
3608 2901 3806 2958 Destrues

2245 2985 2398 3064 illos,
2424 3005 2470 3048 et
2511 3011 2609 3048 non
2641 2989 2922 3063 crdi/icabis‘
2951 3011 3036 3049 eos
3074 3011 3094 3049 :
3135 2993 3262 3049 nihil
3295 2995 3427 3049 mihi
3459 3005 3706 3060 noceant,
3729 2993 3804 3048 sed

2246 3101 2345 3141 nec
2385 3096 2644 3142 conantes
2675 3102 2861 3142 rursus
2896 3086 3158 3142 adversus
3189 3077 3490 3144 Ecclesium
3528 3077 3694 3144 meam
3717 3083 3803 3141 eri-

2244 3194 2375 3252 gere
2399 3180 2668 3234 machinas
2696 3179 2888 3251 aliquid
2919 3181 3147 3236 valeant.
3259 3254 3265 3258 1

2317 3271 2370 3327 6.
2401 3263 2695 3326 Benedictus
2725 3269 2973 3326 Dominus
2989 3311 3008 3339 ,
3029 3254 3268 3344 quoniam
3286 3253 3477 3327 scandi
3481 3274 3546 3327 vit
3564 3256 3716 3328 t-ocetu
3731 3263 3801 3323 de.

2246 3365 2548 3436 precationis
2578 3381 2718 3420 mete.

2316 3457 2371 3511 7.
2403 3455 2552 3530 [vers
2578 3455 2655 3531 7.]
2683 3457 2925 3512 Dominus
2946 3459 3149 3528 adjutor-
3169 3474 3309 3514 mens
3327 3469 3376 3515 et
3397 3471 3645 3531 protector
3660 3469 3801 3512 metu:

2246 3547 2504 3604 Dominus
2530 3549 2789 3618 adiuvans
2819 3561 2960 3606 tanta
2993 3551 3279 3620 patientem
3303 3594 3320 3619 ,
3360 3563 3416 3609 ct
3446 3551 3800 3609 immortalitate

2245 3639 2530 3712 protegens
2568 3655 2957 3714 resurgentem.
3003 3635 3068 3698 In
3111 3644 3222 3715 ipso
3261 3647 3482 3714 speravit
3513 3661 3599 3699 cor
3631 3658 3802 3704 uicum,

2243 3739 2292 3786 et
2319 3731 2523 3800 adiutus
2549 3749 2680 3788 sum.
2709 3719 2775 3786 Et
2801 3733 3026 3802 reﬂoruit
3049 3743 3179 3788 caro‘
3201 3750 3310 3787 utea
3327 3735 3413 3789 :id
3433 3744 3533 3798 est,
3567 3743 3617 3788 et
3643 3746 3798 3788 resur-

2243 3821 2382 3877 rexit
2404 3838 2531 3878 caro
2558 3839 2695 3880 mea.
2728 3813 2789 3878 Et
2809 3841 2874 3879 ex
2897 3824 3151 3880 voluntate
3171 3842 3280 3879 mea
3299 3825 3576 3896 conﬁtebor
3597 3819 3700 3878 illi:
3719 3827 3796 3875 uu-

2243 3901 2311 3968 de
2336 3914 2445 3983 jam
2475 3926 2792 3988 consumpto
2818 3918 3004 3973 mortis
3035 3926 3199 3981 metu,
3229 3935 3334 3973 non
3370 3919 3574 3974 timoris
3600 3911 3796 3972 accessio

2243 4013 2355 4062 tate
2382 4008 2482 4063 sub
2507 4008 2688 4080 Lege,
2719 4009 2813 4065 scd
2847 4011 3009 4066 libera
3049 4011 3322 4067 voluntate
3347 4029 3467 4068 cum
3501 3999 3635 4082 Lege
3656 3995 3796 4065 conli-

2245 4099 2499 4156 tebuntur
2528 4103 2600 4156 illi
2622 4143 2638 4166 ,
2669 4107 2758 4173 qui
2787 4103 3012 4162 credunt
3041 4099 3091 4159 in
3122 4120 3208 4162 me
3232 4121 3249 4172 ;
3276 4099 3328 4161 in
3359 4107 3552 4179 quibus
3578 4104 3690 4176 quia
3714 4113 3794 4172 ego

2243 4207 2384 4257 srnu,
2413 4209 2512 4263 ego
2537 4194 2854 4251 con'litebor.

2315 4284 2367 4340 8.
2402 4283 2551 4356 [rem
2575 4283 2654 4358 8.]
2697 4281 2943 4342 Dominus
2967 4281 3212 4357 fortitudo
3239 4281 3398 4361 plebis
3425 4306 3532 4345 sua:
3555 4304 3574 4344 :
3599 4302 3692 4343 non
3719 4269 3789 4338 illa

2231 4377 2395 4447 .plcbs
2434 4380 2683 4446 ignorans
2705 4379 2967 4450 justitiam
3001 4382 3088 4437 llei
3113 4423 3131 4447 ,
3159 4393 3214 4437 ct
3238 4400 3388 4438 suam
3419 4384 3596 4439 volens
3621 4375 3789 4436 consti-

2244 4478 2393 4526 tuere
2413 4469 2590 4542 (Rom.
2615 4488 2672 4537 ιι,
2692 4472 2769 4546 5).
2801 4472 2915 4528 Non
2938 4474 3079 4529 enim
3107 4491 3200 4543 per
3217 4491 3275 4530 se
3297 4475 3486 4532 fortem
3509 4491 3566 4532 se
3589 4469 3790 4544 potavit;

2242 4565 2362 4633 quia
2396 4563 2647 4618 Dominus
2674 4563 2928 4621 fortitudo
2952 4566 3120 4636 plebis
3149 4583 3282 4634 sua‘,
3313 4568 3364 4623 in
3397 4568 3550 4637 hujus
3573 4566 3683 4620 vita:
3703 4557 3784 4615 dil-

2244 4656 2565 4712 licnltatihus
2593 4672 2712 4711 cum
2739 4657 2951 4712 diabolo
2973 4658 3297 4716 dimicantis.
3325 4651 3392 4714 Et
3417 4657 3656 4732 protector
3677 4651 3790 4707 salu-

2241 4750 2424 4804 tarium
2446 4749 2632 4804 Christi
2654 4751 2734 4805 sui
2758 4760 2832 4805 est
2855 4765 2874 4804 :
2895 4761 2950 4806 ut
2972 4767 3089 4808 eam
3118 4753 3319 4808 salvam
3349 4754 3534 4810 factam
3559 4765 3646 4821 per
3660 4742 3787 4804 Chri-

2241 4851 2380 4897 stum
2409 4858 2585 4903 sinon.
2617 4854 2734 4914 post
2755 4844 3114 4902 lortittuliuem
3139 4847 3404 4917 bellicam,
3430 4841 3786 4904 immortalttate

2242 4937 2388 5006 pacis
2414 4937 2478 4991 ad
2510 4936 2754 4992 ultimum
2785 4947 3044 5011 protegat.

2313 5031 2364 5086 9.
2409 5029 2427 5103 Ῐ
2434 5049 2555 5087 vers.
2585 5031 2664 5105 9.]
2705 5032 2916 5088 Salvum
2940 5037 3026 5103 [ac
3053 5035 3298 5107 populum
3323 5045 3465 5090 tuum
3483 5034 3525 5097 ⁸.
3548 5041 3592 5087 ct
3615 5021 3794 5084 benedic-

2240 5123 2580 5178 Ittrreditatem
2611 5135 2769 5179 tuam.
2804 5125 3088 5196 interpello
3117 5127 3277 5198 igitur
3297 5171 3314 5189 .
3355 5137 3622 5200 postquam
3648 5117 3779 5200 reﬂof

2241 5214 2349 5269 ruit
2371 5229 2500 5275 caro
2531 5230 2644 5270 mea
2663 5257 2680 5278 ,
2710 5216 2831 5285 quia
2857 5181 3058 5282 dixisti,
3081 5181 3295 5272 etiam
3319 5181 3472 5282 arare,
3491 5181 3550 5270 ’τι
3568 5212 3685 5268 dabo
3712 5181 3811 5256 tibi‘

2240 5319 2409 5378 gentes
2434 5307 2770 5362 [nereditatem
2790 5317 2926 5361 tuam
2948 5307 3118 5377 (l’sol.
3139 5326 3195 5373 ll,
3210 5309 3266 5382 8)
3290 5328 3306 5376 ;
3331 5310 3536 5366 Salvum
3555 5305 3631 5374 {ac
3645 5309 3780 5372 ν⁰1⁸¹⁵⁴

2241 5399 2346 5453 lttm
2374 5410 2516 5452 tuum
2536 5441 2550 5464 ,
2591 5411 2639 5454 et
2670 5400 2873 5454 benedic
2899 5402 3236 5456 limeditatem
3263 5413 3398 5457 tuam
3438 5419 3458 5455 :
3491 5397 3606 5470 quia
3632 5386 3778 5447 ttlllllia

2241 5506 2358 5546 mea
2388 5503 2474 5544 tua
2501 5500 2622 5546 sunt
2649 5492 2824 5564 (Joan.
2858 5508 2984 5558 xvu,
3017 5493 3127 5564 ιο).
3156 5493 3223 5550 Et
3251 5511 3364 5567 rege
3387 5494 3500 5548 illos
3523 5531 3539 5558 ,
3563 5497 3606 5542 et
3627 5474 3776 5540 extum

2305 5625 2320 5691 ξ
2349 5624 2480 5691 Frltl.,
2505 5625 2690 5691 iratius.
2711 5624 2878 5676 Melius
2899 5625 3082 5691 aliquot
3106 5633 3226 5691 vss,
3251 5627 3430 5680 iratius.

2303 5689 2417 5755 {sic
2440 5686 2653 5738 melioris
2669 5698 2794 5740 uota:
2815 5697 2921 5738 Mss.
2948 5686 3303 5755 [tifret'tiomtnn]

2303 5750 2325 5813 ἓ
2349 5756 2495 5813 met
2519 5757 2648 5806 t.ov.,
2672 5763 2830 5813 aiam.
2856 5750 3028 5802 enses
3056 5763 3181 5813 .uss.,
3206 5750 3313 5809 auo.

2298 5810 2478 5882 LW.
2519 5801 2911 5875 meum.
2937 5801 3057 5878 vos,
3078 5801 3313 5882 suae.
3343 5815 3483 5871 abest
3511 5823 3541 5868 ι
3566 5813 3666 5867 ιω.
3682 5801 3774 5882 su
