3950 6418
145 376 253 443 943
971 441 985 450 τ

146 489 261 544 illos
290 499 435 554 usque
461 482 511 535 in
546 480 785 539 sarculum
814 493 836 533 :
861 485 914 532 et
940 491 1065 549 rege
1092 474 1210 530 illos
1238 474 1291 530 in
1321 474 1419 529 hac
1445 473 1725 547 temporali

152 580 279 643 vita,
313 588 362 631 et
388 578 435 628 in
464 585 717 630 aeternam
748 570 869 627 hinc
896 568 1023 625 tolle
1055 567 1193 622 illos.

160 700 1704 725 _____________.________.__..

523 783 606 846 IN
650 779 1028 844 PSALMUM
1072 777 1348 842 XXVIII

704 898 1126 956 ENARRATIO.

392 1008 636 1070 Psalmus
662 1012 760 1084 ipsi
802 1009 966 1065 Dacia
991 1052 1006 1075 ,
1042 1006 1485 1064 consummationii

782 1094 1110 1159 tabernaculi.

221 1212 274 1281 1.
314 1217 458 1296 [rem
488 1206 540 1285 1,
568 1216 653 1295 2.]
691 1218 933 1275 Psalmus
958 1214 1057 1293 ipsi
1089 1213 1365 1271 mediatori
1396 1228 1552 1269 manu
1582 1211 1726 1277 forti,

150 1316 484 1392 perfectionis
525 1315 780 1373 Ecclesia:
823 1315 873 1369 in
921 1314 1021 1368 hoc
1060 1311 1259 1368 sarculo
1283 1350 1298 1377 ,
1342 1309 1431 1364 ubi
1469 1309 1728 1364 adversus

152 1410 410 1469 diabolum
439 1408 801 1481 temporaliter
826 1406 1103 1464 militatur.

219 1504 272 1560 9..
316 1500 568 1579 Propheta
598 1500 829 1573 loquitur
856 1516 869 1551 :
900 1496 1088 1566 Alfene
1118 1494 1355 1559 Domino,
1383 1493 1476 1563 ﬁlii
1509 1489 1623 1557 Dei,
1650 1496 1730 1562 af-

158 1597 277 1669 ferte
302 1592 511 1649 Domino
540 1592 673 1663 ﬁlios
701 1591 914 1645 arietum
937 1605 955 1642 :
978 1588 1160 1642 alit-rte
1192 1585 1417 1642 Domino
1443 1584 1727 1652 vusmetip-

159 1701 263 1752 sos,
290 1699 417 1759 quos
446 1698 539 1757 per
566 1682 911 1757 Evangelium
939 1679 1103 1735 duces
1132 1694 1352 1750 gregum
1380 1677 1615 1749 Apostoli
1640 1693 1731 1748 ge-

160 1786 392 1835 nuerunt.
414 1775 604 1845 Alerte
629 1775 845 1831 Domino
864 1773 1079 1845 gloriam
1098 1782 1145 1825 et
1162 1772 1399 1828 honorem
1417 1786 1437 1824 :
1458 1784 1728 1840 perapera

160 1882 326 1927 vestra
361 1868 613 1925 Dominus
644 1867 965 1938 glorilicctur
988 1875 1041 1920 et
1069 1865 1374 1919 honoratur.
1406 1860 1597 1930 Alferte
1624 1859 1730 1916 Do-

162 1964 288 2018 mino
308 1962 513 2037 gloriam
540 1959 732 2015 nomini
758 1959 868 2030 ejus
889 1973 909 2012 :
926 1957 1159 2029 gloriose
1189 1972 1283 2027 per
1307 1954 1491 2010 orbem
1521 1953 1727 2008 innote-

163 2063 285 2109 seat.
325 2052 540 2109 Adorale
584 2050 855 2104 Dominttm
884 2051 937 2103 in
966 2049 1085 2105 aula
1109 2058 1282 2103 sancta
1308 2049 1416 2117 ejus
1452 2062 1471 2099 :
1511 2045 1730 2101 adorato

167 2144 424 2203 Dominum
455 2146 504 2199 in
532 2144 750 2200 dilatato
773 2151 828 2198 et
852 2143 1184 2197 sattctilicato
1210 2140 1373 2195 corde
1400 2148 1609 2205 vestro;
1636 2152 1731 2195 vos

168 2240 294 2299 enim
318 2238 441 2293 estis
466 2238 668 2310 regium
699 2244 939 2292 sanetum
968 2233 1332 2289 habitaculum
1359 2231 1498 2303 ejus.

231 2332 275 2389 5v
315 2330 458 2405 [ινα-ι.
487 2328 567 2403 5.]
615 2327 726 2384 Vox
753 2327 961 2384 Domini
988 2344 1141 2399 super
1164 2342 1322 2401 aquas
1350 2340 1369 2380 :
1397 2340 1496 2379 vox
1534 2310 1731 2379 Christi

170 2435 314 2494 super
339 2422 575 2499 populos.
611 2419 752 2475 Deus
788 2420 1063 2492 majestatis
1094 2419 1310 2473 intonuit
1338 2435 1357 2472 :
1388 2416 1526 2471 Deus
1562 2415 1727 2484 maje-

174 2518 307 2573 statis
341 2516 403 2572 de
430 2515 570 2573 nube
599 2515 775 2571 carnis
807 2514 1111 2573 terribiliter
1140 2512 1502 2584 ptenitentiam
1534 2508 1728 2582 pradi-

175 2611 314 2664 cavit.
338 2606 581 2665 Dominus
604 2622 757 2675 super
779 2623 935 2675 aquas
958 2606 1143 2661 multas
1168 2621 1189 2659 :
1214 2605 1325 2677 ipse
1356 2603 1611 2661 Dominus
1636 2603 1730 2665 Je-

175 2714 252 2759 sus
288 2711 460 2772 postea
503 2716 661 2772 quam
705 2715 891 2759 vocem
937 2698 1116 2755 emisit
1160 2713 1325 2767 super
1368 2698 1631 2770 papulos,
1677 2707 1730 2755 ct

176 2793 432 2863 perterruit
458 2807 572 2856 eos.
596 2794 863 2847 convertit
888 2790 943 2847 in
972 2806 1053 2857 se,
1080 2798 1134 2846 et
1161 2790 1415 2844 habitavit
1442 2790 1495 2845 in
1522 2790 1622 2845 eis.

231 2885 282 2945 4.
309 2883 453 2960 [τετε.
474 2883 555 2958 ι]
594 2882 705 2945 Vox
728 2883 937 2945 Domini
962 2885 1014 2941 in
1040 2884 1220 2943 virtute
1241 2899 1260 2941 :
1279 2900 1379 2941 vox
1403 2884 1607 2941 Domini
1621 2885 1728 2954 jam

175 2975 222 3035 ia
255 2976 389 3048 ipsis,
419 2986 663 3049 potentes
701 2976 897 3033 iaciens
920 2992 1037 3035 eos.
1068 2972 1184 3031 Var
1218 2975 1424 3032 Domini
1456 2977 1509 3032 in
1537 2977 1734 3049 magni.

176 3068 349 3139 ﬂuentia
372 3086 394 3126 :
422 3085 524 3126 vox
551 3069 762 3131 inimiui
790 3084 981 3141 magna
1009 3068 1210 3126 iaciens
1236 3068 1289 3123 in
1314 3068 1413 3126 eis.

234 3161 281 3220 5.
317 3159 459 3235 [verm
478 3159 563 3235 5.]
602 3159 710 3219 Vox
732 3160 942 3219 Domini
962 3170 1224 3219 conterens
1250 3161 1427 3216 cedros
1454 3176 1475 3217 :
1496 3176 1601 3217 vox
1628 3161 1729 3217 Do.

179 3255 287 3329 {nini
317 3257 634 3317 contritione
658 3255 840 3312 cordis
874 3255 1163 3315 humilians
1188 3255 1473 3326 superbos.
1503 3252 1732 3310 Conteret

181 3342 394 3404 Bantinos
410 3348 589 3403 cedros
612 3345 792 3402 Libani
816 3362 835 3403 :
856 3355 1094 3402 conteret
1117 3361 1215 3417 per
1234 3345 1597 3417 tmaitentiam
1625 3346 1732 3399 Du-

180 3439 329 3499 miutts
361 3441 531 3501 clauis
565 3440 736 3497 nitore
774 3449 1003 3496 terrena:
1031 3438 1320 3495 nobilitatis
1342 3479 1361 3506 ,
1391 3454 1512 3495 cum
1541 3436 1607 3493 ad
1634 3452 1731 3495 eos

181 3533 551 3591 oculundeudos
572 3532 825 3605 ignobilia
852 3531 1012 3603 hujus
1035 3531 1216 3587 mundi
1240 3531 1460 3602 elegerit
1480 3531 1524 3604 (Ι
1549 3530 1668 3589 Cor.
1691 3546 1732 3599 t,

182 3622 290 3699 28).
317 3626 367 3683 in
388 3628 587 3700 quibus
608 3627 860 3687 ostendat
887 3626 1216 3683 divinitatem
1246 3640 1420 3685 suam.

236 3722 280 3777 6.
298 3718 549 3795 [ομνια]
569 3720 636 3779 Et
652 3722 962 3781 aluminum
984 3738 1070 3777 eos
1096 3731 1332 3792 tanquam
1354 3722 1563 3777 vitulum
1583 3720 1736 3777 Liba-

181 3811 238 3868 ni.
263 3812 324 3871 Et
346 3822 615 3883 amputata
638 3815 870 3885 superba
897 3814 1213 3869 celsitudine
1246 3816 1477 3881 illorum,
1505 3814 1739 3886 deponet

178 3920 253 3964 ws
272 3908 333 3964 ad
356 3908 709 3964 imitoth
737 3908 1048 3963 humilitatis
1075 3920 1186 3963 Sua:
1208 3950 1223 3973 ,
1248 3909 1341 3979 qui
1369 3918 1621 3978 tanquam
1654 3910 1733 3963 vis-

178 3999 294 4056 tdtn
320 4017 416 4072 per
442 4001 613 4071 ipsam
638 4000 799 4070 hujus
820 4002 1001 4055 διειρηιὶ
1026 4001 1358 4057 nobilitatem
1377 4002 1446 4057 ad
1470 4002 1735 4056 victimam

175 4088 341 4147 deum
368 4102 455 4149 est
484 4110 499 4144 :
532 4094 806 4148 Auiti-runt
836 4093 972 4147 enim
1011 4110 1150 4165 reges
1182 4103 1330 4149 terrae
1352 4135 1368 4158 ,
1404 4106 1453 4149 et
1488 4096 1738 4165 principes

175 4190 481 4240 ﬂeuerunt
521 4186 578 4239 in
623 4202 779 4239 unum
817 4185 1056 4241 adtersus
1096 4186 1368 4241 Dominum
1411 4198 1459 4242 et
1496 4190 1739 4245 adversus

176 4274 402 4334 Christum
426 4281 541 4352 ejus
568 4278 745 4347 (Pati.
780 4294 838 4344 tt,
863 4278 944 4348 2).
977 4278 1042 4333 Et
1070 4281 1278 4334 dilectus
1305 4282 1433 4335 sicut
1460 4282 1597 4351 ﬁlius
1621 4283 1736 4335 uni-

176 4374 379 4429 corniam
419 4389 439 4429 :
474 4389 603 4429 nam
646 4383 703 4427 et
747 4372 862 4443 ipso
904 4374 1127 4427 dilectus
1169 4386 1329 4445 atque
1364 4377 1554 4429 unicus
1595 4373 1734 4430 Patri

177 4469 439 4521 exinanivit
468 4482 532 4523 se
564 4466 836 4522 nobilitate
860 4480 991 4529 sua;
1019 4478 1073 4519 et
1094 4466 1267 4522 factm
1294 4477 1371 4522 est
1403 4468 1583 4530 homo,
1600 4469 1737 4522 sicut

175 4554 293 4613 llius
310 4558 614 4615 Iudaeorum
630 4557 992 4626 ignorantium
1010 4557 1268 4625 justitiam
1290 4558 1383 4613 Dei
1406 4560 1424 4627 (
1436 4559 1579 4613 Itoni.
1602 4572 1655 4616 κ.
1678 4558 1737 4630 3)

168 4662 216 4709 et
247 4654 470 4724 superbe
494 4652 805 4725 iactantiam
838 4660 1093 4722 tauquam
1128 4650 1454 4722 Singularctn
1475 4651 1734 4723 justitiam

163 4754 322 4803 Mm.

226 4839 276 4895 7.
314 4838 467 4913 [δίη.
494 4834 573 4909 7.]
609 4834 948 4891 Vm‘Domini
967 4834 1281 4905 prta-idemis
1300 4836 1560 4905 ﬂammam
1582 4835 1734 4907 ignis.

156 4931 266 4989 Vox
295 4931 502 4987 [taurini
526 4944 625 5000 per
646 4930 891 4984 ardorem
914 4928 1389 4983 concitatissimum
1416 4944 1739 5000 persequun-

153 5026 282 5081 tium
318 5036 381 5078 se
419 5022 536 5077 sine
572 5022 680 5076 ulla
706 5036 806 5077 sua
838 5020 1055 5075 laesione
1085 5022 1428 5082 transeuntis.
1475 5021 1560 5075 vel
1600 5021 1736 5076 divi-

152 5114 325 5172 dentis
365 5113 626 5169 l‘ttrettteut
671 5111 996 5167 iracundiam
1041 5124 1437 5181 PCI'M'CIIHII'IIIII
1479 5129 1734 5182 suorum,

152 5202 215 5264 ut
236 5206 319 5262 alii
345 5206 603 5269 diei-rent,
635 5204 895 5275 Numquid
920 5205 1055 5260 forte
1077 5206 1187 5274 ipse
1206 5214 1292 5259 est
1311 5204 1589 5265 Christus:
1615 5208 1731 5272 alii,

153 5299 287 5359 Non.
314 5300 409 5355 sed
434 5299 637 5354 Seducit
671 5298 920 5367 populum
962 5296 1141 5369 (Jonn.
1174 5314 1241 5352 vtt
1266 5338 1281 5361 ,
1317 5298 1406 5370 12)
1435 5316 1448 5352 :
1474 5313 1633 5371 atque
1666 5300 1734 5355 ita

155 5394 485 5466 pra'cidentis
522 5392 767 5447 insanum
815 5393 1096 5447 tttmoltum
1139 5407 1325 5447 eorum
1352 5434 1366 5454 .
1411 5402 1467 5446 ut
1506 5396 1640 5449 alios
1680 5397 1732 5450 iu

154 5484 460 5541 comitatem
497 5498 650 5539 suam
684 5482 955 5554 ‘tmjiceret
985 5526 1001 5552 ,
1043 5483 1176 5540 alios
1212 5484 1265 5540 in
1302 5475 1505 5541 iualitia
1546 5503 1732 5541 eorum

155 5580 491 5649 relinqueret.

223 5673 275 5731 8.
315 5672 467 5747 (rm.
497 5674 577 5746 8.]
624 5669 737 5727 V01:
766 5669 970 5725 Domini
995 5672 1347 5727 commorantis
1372 5672 1692 5727 solitudinem
1717 5689 1737 5731 :

156 5779 252 5822 vox
291 5764 499 5822 Domini
528 5765 915 5821 commoventis
940 5764 1007 5819 ad
1036 5763 1194 5819 ﬁdem
1225 5763 1426 5821 Gentes
1464 5766 1733 5836 quondam

156 5859 266 5917 sine
291 5859 744 5929 specuum-Deo
766 5858 828 5915 in
856 5857 960 5915 hoc
989 5858 1192 5916 nume
1218 5857 1451 5928 (Epiros.
1478 5873 1551 5925 tt,
1584 5858 1729 5930 12‘);

1231 354 1629 414 ENARRATIO
1664 354 1733 415 IN
1771 355 2093 419 PSALMUM
2132 355 2324 414 XXIX.

3306 363 3415 429 21‘

1836 473 1925 528 ubi
1942 474 2116 528 nullus
2135 474 2413 546 propheta,
2442 475 2616 532 nullus
2642 478 2785 533 verbi
2818 479 2909 537 Dei
2941 482 3273 551 prmdicator,
3301 488 3420 541 vel-

1837 566 1910 620 uti
1942 566 2118 621 nullus
2170 568 2329 620 homo
2359 567 2702 625 habitaverat.
2734 572 2801 626 Et
2821 578 3142 632 comntovebit
3169 577 3418 639 Dominus

1836 658 2087 713 desertum
2111 658 2272 714 Gades
2294 676 2312 714 :
2332 671 2383 715 et
2408 671 2531 717 tunc
2553 664 2809 721 celebrari
2831 667 2989 723 faciet
3012 669 3271 727 Dominus
3293 686 3419 730 san-

1834 760 1978 805 ctum
2021 752 2238 805 verbum
2280 751 2669 826 Scripturarum
2709 773 2956 827 suarum,
2986 763 3130 834 quod
3161 778 3192 818 a
3218 762 3421 823 Judanis

1835 858 1943 899 non
1974 844 2390 916 intelligentibus
2417 846 2780 906 deserebatur.

1906 933 1958 990 9.
2001 934 2151 1008 [rers.
2196 934 2274 1010 9.]
2324 935 2433 992 Vox
2469 936 2677 995 Domini
2714 944 3015 1013 perﬁcientis
3052 963 3223 1004 cervos
3263 964 3284 1003 :
3314 964 3422 1009 vox

1836 1025 1982 1083 enim
2016 1028 2224 1089 Domini
2255 1031 2423 1099 primo
2451 1034 2651 1102 perlicit
2676 1046 3012 1106 superaturos
3034 1048 3085 1095 et
3113 1040 3424 1110 repulsores

1838 1132 2224 1175 venenosarum
2268 1122 2584 1191 linguarum.
2618 1125 2680 1179 Et
2719 1129 2951 1184 reuelabit
2988 1129 3141 1186 silvas
3168 1148 3187 1187 :
3211 1142 3269 1188 et
3297 1144 3424 1190 tunc

1833 1209 1913 1265 eis
1953 1212 2205 1269 revelabit
2242 1218 2536 1283 Opacitates
2572 1216 2872 1274 divinorum
2912 1220 3165 1277 librorum
3206 1233 3261 1280 et
3298 1240 3420 1281 utn-

1835 1301 2048 1359 bracula
2096 1308 2505 1378 mysteriorum,
2549 1310 2633 1364 ubi
2673 1326 2793 1365 cum
2836 1312 3077 1370 libertate
3117 1327 3419 1386 pascantur.

1835 1390 1901 1449 Et
1929 1397 1978 1449 in
2010 1400 2195 1471 templo
2222 1400 2331 1470 ejus
2358 1403 2701 1472 unusquisque
2722 1405 2841 1459 dicit
2866 1407 3080 1478 gloriam
3108 1423 3128 1463 :
3152 1416 3206 1463 et
3231 1410 3282 1464 iu
3308 1408 3420 1466 Ec-

1833 1487 1992 1543 clesia
2019 1491 2134 1557 ejus
2160 1494 2333 1546 omnis
2356 1495 2404 1547 iu
2429 1510 2575 1566 spent
2599 1507 2851 1553 :rtcruam
2877 1511 3219 1572 regeneratus
3238 1505 3419 1561 laudat

1835 1576 2001 1633 Deum
2044 1596 2140 1653 pro
2174 1598 2273 1639 suo
2311 1586 2537 1663 quisque
2564 1586 2707 1645 dono
2730 1631 2746 1658 ,
2777 1590 2918 1661 quod
2952 1607 2981 1646 a
3011 1602 3196 1651 sancto
3221 1595 3425 1669 Spiritu

1834 1675 2058 1745 accepit.

1908 1765 1994 1820 1t).
2051 1763 2201 1840 iners.
2246 1767 2359 1841 10.]
2410 1768 2660 1828 Dominus
2697 1773 2940 1831 diluvium
2982 1778 3278 1836 inhabitat:
3312 1781 3423 1839 Do-

1835 1856 2010 1911 minus
2039 1873 2165 1928 ergo
2206 1860 2436 1933 primunt
2476 1862 2736 1921 inhabitat
2764 1866 3016 1923 diluvium
3063 1870 3220 1942 hujus
3246 1875 3429 1934 smculi

1836 1945 1890 2001 in
1918 1948 2114 2001 sanctis
2140 1950 2250 2005 suis
2276 1992 2290 2010 .
2322 1960 2570 2022 tanquam
2600 1956 2651 2010 in
2682 1973 2802 2012 arca
2829 2000 2845 2025 ,
2873 1959 2943 2013 ita
2974 1960 3026 2014 in
3057 1961 3298 2019 Ecclesia
3326 1981 3427 2022 cu-

1833 2039 2064 2094 stoditis.
2096 2039 2163 2096 Et
2185 2043 2371 2099 sedebit
2397 2044 2643 2103 Dominus
2663 2066 2753 2104 rex
2777 2052 2829 2105 in
2849 2062 3090 2109 retentum
3113 2071 3132 2108 :
3152 2065 3207 2113 et
3228 2057 3422 2115 deinde

1832 2131 2037 2189 sedebit
2067 2150 2295 2205 regnans
2325 2137 2374 2191 in
2401 2138 2479 2194 eis
2509 2140 2560 2193 in
2592 2150 2871 2200 arteroum.

1914 2226 1935 2280 1
1955 2233 2001 2279 t.
2043 2224 2193 2297 [rers.
2227 2225 2337 2302 11.]
2380 2228 2625 2285 Dominus
2652 2232 2880 2288 uirtutem
2911 2239 3100 2308 populo
3127 2255 3219 2294 suo
3243 2240 3429 2300 dabit:

1834 2314 1957 2385 quia
1985 2316 2238 2372 Dominus
2256 2319 2503 2374 virtutem
2528 2323 2721 2391 populo
2742 2338 2839 2377 suo
2856 2335 3040 2382 contra
3060 2327 3217 2398 ltujus
3238 2331 3425 2388 mundi

1839 2410 2099 2478 procellas
2126 2420 2181 2467 et
2207 2412 2442 2468 turbines
2468 2412 2738 2470 dimicanti
2764 2416 2930 2484 dabit,
2965 2420 3087 2489 quia
3115 2437 3297 2489 pacem
3322 2424 3428 2481 illis

1835 2499 1888 2553 iu
1922 2499 2022 2557 hoc
2051 2501 2248 2557 mutulo
2276 2520 2379 2559 non
2407 2506 2668 2575 promisit.
2702 2505 2949 2565 Dominus
2970 2509 3225 2568 benedicet
3253 2531 3422 2585 popu-

1837 2590 1942 2644 lum
1972 2609 2117 2646 snum
2147 2593 2199 2647 in
2226 2611 2349 2664 pace
2370 2611 2390 2649 :
2414 2605 2468 2651 et
2498 2596 2635 2651 idem
2671 2598 2924 2654 Dominus
2952 2600 3228 2658 benedicet
3259 2619 3428 2676 popu-

1835 2680 1944 2737 lum
1964 2699 2139 2748 suum,
2166 2686 2215 2740 in
2238 2687 2414 2758 seipso
2436 2688 2507 2742 illi
2535 2706 2715 2758 pacem
2743 2702 2997 2760 prtestans
3017 2710 3033 2759 ;
3055 2696 3325 2764 quoniam,
3351 2698 3425 2755 in-

1834 2777 1968 2848 quit,
2006 2776 2191 2832 Pacem
2210 2797 2369 2835 meant
2403 2782 2469 2836 do
2486 2781 2639 2845 vobis.
2665 2801 2841 2855 pacent
2863 2801 3025 2841 meam
3039 2787 3264 2858 relinquo
3283 2789 3422 2845 vobis

1834 2865 2012 2936 (Jouu.
2048 2883 2162 2932 XIV,
2188 2868 2304 2940 9.7).

1842 2998 3419 3026 Μή

2237 3078 2319 3141 IN
2360 3078 2740 3143 PSALMUM
2782 3082 3003 3146 XXIX

2370 3200 2771 3260 ENARRATIO
2810 3204 2851 3259 l.

1844 3308 1909 3366 In
1929 3312 2081 3383 ﬁnem
2104 3311 2343 3370 Psalmus
2362 3313 2557 3370 Cantici
2572 3315 2898 3372 dedicationis
2916 3318 3095 3375 domus
3113 3321 3215 3392 ipsi
3233 3320 3424 3381 David.

1932 3424 1983 3479 1.
2025 3421 2174 3498 [rem
2203 3424 2281 3500 1.]
2318 3424 2375 3482 In
2405 3427 2561 3483 linem
2591 3427 2827 3484 Psalmus
2860 3430 3053 3486 la-tilize
3080 3437 3430 3494 resurrectio~

1862 3515 1944 3572 nis
1973 3526 2130 3585 atque
2158 3517 2210 3572 in
2237 3517 2586 3575 immortalem
2614 3531 2806 3575 statum
2832 3525 3139 3582 mutat'onis
3162 3536 3319 3597 atque
3346 3529 3429 3582 itt-

1841 3608 2138 3665 novationis
2166 3612 2443 3682 corporis.
2487 3629 2591 3667 non
2624 3622 2826 3668 tantum
2867 3616 3072 3672 Domini
3099 3659 3113 3683 ,
3147 3620 3239 3673 sed
3269 3622 3431 3678 etiam

1842 3700 2003 3756 totius
2034 3702 2303 3763 Ecclesi;t-.
2332 3702 2461 3759 Nam
2493 3703 2544 3758 in
2573 3707 2836 3776 superiori
2877 3710 3078 3777 psalmo
3116 3711 3429 3768 tabernacu-

1841 3791 1949 3853 lum
1977 3806 2401 3852 cousununatunt
2430 3810 2531 3861 ρει,
2560 3800 2644 3852 ubi
2675 3801 2972 3856 habitamus
2998 3804 3114 3857 belli
3142 3812 3423 3877 tempore:

1841 3901 1982 3942 nunc
2011 3899 2186 3945 autem
2213 3889 2403 3947 domus
2429 3890 2724 3959 dedicatur,
2753 3909 2873 3965 que
2901 3896 2952 3949 in
2983 3899 3304 3967 sempiterna
3331 3916 3430 3974 pavo

1840 3995 1905 4037 ce
1933 3984 2284 4053 permanebit.

1912 4071 1965 4126 2.
2010 4072 2158 4143 {rem
2189 4071 2270 4146 2.]
2310 4072 2552 4129 Christus
2587 4076 2763 4145 itaque
2796 4086 2935 4131 totos
2962 4078 3196 4150 loquitur
3226 4100 3240 4138 :
3268 4080 3431 4141 Ercan

1843 4164 1957 4220 tabo
1981 4174 2050 4230 te,
2084 4163 2316 4229 Domine,
2347 4166 2584 4233 quoniam
2608 4169 2867 4239 suscepisti
2904 4186 2981 4223 me
3008 4187 3025 4225 .'
3048 4173 3425 4231 sublimitatem

1844 4263 1984 4311 tuam
2020 4257 2261 4319 laudabo,
2298 4257 2519 4315 llomine
2544 4299 2559 4324 ,
2589 4263 2839 4329 quoniam
2872 4265 3149 4331 suscepisti
3179 4282 3283 4323 me.
3320 4266 3431 4327 Nec

1833 4349 2131 4421 jucumlusti
2157 4352 2383 4406 inimicos
2408 4368 2541 4407 meos
2577 4370 2727 4424 super
2769 4371 2847 4408 me
2869 4371 2887 4407 :
2917 4372 3013 4410 nec
3036 4372 3131 4414 eos
3156 4361 3243 4429 qui
3272 4360 3430 4423 toties

1842 4441 2002 4497 variis
2040 4457 2134 4511 per
2169 4445 2351 4498 orbem
2395 4446 2851 4511 persecutionibus
2880 4464 2965 4503 me
3002 4451 3306 4522 Opprimere
3332 4468 3429 4510 co-

1842 4535 1949 4588 nati
1979 4543 2102 4587 sunt
2123 4576 2137 4598 ,
2162 4534 2463 4603 jurundasti
2493 4552 2655 4606 super
2680 4554 2786 4595 me.

1914 4628 1967 4683 5.
2009 4625 2158 4699 [να-ε.
2189 4626 2267 4700 5.]
2310 4626 2522 4683 Domine
2560 4628 2698 4687 Dens
2733 4648 2899 4699 meus,
2930 4634 3143 4689 clamavi
3167 4637 3235 4690 ad
3271 4645 3356 4706 te,
3381 4645 3433 4694 et

1841 4720 2035 4776 sonasti
2076 4737 2155 4775 me
2179 4736 2198 4776 :
2224 4721 2442 4777 homine
2484 4722 2621 4778 Deus
2658 4739 2811 4781 meus
2837 4767 2851 4787 .
2890 4726 3113 4782 elatnati
3151 4728 3216 4783 ad
3257 4738 3310 4786 te
3333 4770 3349 4794 ,
3377 4737 3434 4786 et

1842 4826 2040 4883 corpus
2065 4813 2385 4868 uuu'talitate
2414 4815 2649 4871 saucium
2677 4826 2732 4872 et
2758 4833 2959 4886 a-grutn
2987 4818 3095 4887 jstm
3126 4836 3230 4873 non
3254 4835 3402 4891 gero.

1911 4907 1966 4963 ι.
2002 4905 2173 4979 [νει-ε.
2196 4908 2246 4962 4.
2334 4906 2550 4964 Domine
2570 4949 2587 4976 ,
2614 4910 2856 4969 reduxisti
2880 4912 2942 4964 ub
2982 4912 3157 4984 inferis
3204 4915 3434 4974 animum

1841 5016 2038 5066 meam,
2079 5002 2271 5056 salvum
2314 5003 2476 5073 fecisti
2516 5020 2593 5058 me
2628 5021 2659 5058 n
2687 5005 3095 5060 descemtrutibus
3141 5007 3193 5059 in
3221 5008 3435 5064 lacum:

1842 5090 2046 5146 Salvum
2090 5090 2256 5145 fecisti
2300 5108 2383 5146 me
2409 5106 2438 5146 a
2487 5093 2792 5148 conditione
2839 5095 3111 5163 profunda:
3139 5097 3428 5165 c:rcitatis,

1842 5190 2003 5250 atque
2032 5182 2198 5236 inﬁmi
2228 5182 2335 5236 litui
2361 5185 2721 5253 retruptibiiis
2749 5187 2944 5241 carnis.

1912 5272 1966 5330 5.
2009 5270 2028 5347 [
2058 5288 2185 5329 vers.
2213 5274 2267 5329 5.
2295 5270 2315 5347 ]
2358 5272 2571 5330 Psallite
2600 5274 2815 5330 Domino
2864 5279 3026 5331 sancti
3074 5278 3186 5345 ejus
3207 5275 3433 5333 :exsul-

1844 5374 1915 5421 tat
1970 5366 2234 5436 Propheta
2289 5369 2461 5424 latura
2510 5368 2605 5423 ista
2666 5384 2914 5430 (uu'tteus.
2959 5380 3011 5423 et
3056 5369 3241 5433 dieit',
3283 5367 3434 5425 Ρωι.

1845 5458 1931 5513 lite
1972 5459 2188 5515 Domino
2221 5463 2384 5515 sancti
2425 5463 2555 5531 ejus.
2590 5460 2656 5517 Et
2682 5461 2995 5527 conﬁtemini
3026 5462 3274 5517 memoria:
3314 5475 3433 5515 sorr

1842 5553 2029 5607 (litatis
2075 5554 2182 5624 ejus
2222 5568 2242 5608 :
2271 5564 2320 5607 et
2354 5554 2678 5609 enulitetuiui
2710 5554 2757 5608 ei
2795 5554 2932 5620 quod
2981 5553 3293 5618 sanctitatis,
3326 5566 3434 5619 qua

1842 5658 1938 5696 vos
1969 5645 2337 5702 satu-tilieavit.
2369 5661 2470 5699 non
2510 5653 2595 5701 est
2618 5645 2835 5711 oblitus,
2858 5661 2978 5700 eum
3006 5653 3173 5700 totum
3195 5643 3297 5702 hoc
3320 5656 3438 5707 uno

1841 5734 1990 5792 dium
2014 5747 2221 5808 tempus
2239 5736 2504 5793 desiderio
2530 5745 2707 5791 vestro
2728 5736 2944 5807 longum
2970 5744 3131 5795 esset.

1908 5872 1926 5904 ⁸
1951 5874 2057 5923 ιω.
2079 5882 2258 5932 magno
2276 5880 2538 5926 muscoso,
2554 5866 2828 5921 Exsultet...
2844 5873 2892 5920 et
2915 5866 3065 5921 dicat.
