3950 6436
522 380 651 455 ius"

594 509 650 566 6.
691 505 712 583 [
730 524 858 564 vers.
883 507 936 563 6.
960 506 983 581 ]
1001 507 1249 574 Quoniam
1274 507 1351 561 ira
1368 507 1422 559 in
1438 503 1788 576 indignatione
1809 506 1920 577 ejus
1943 520 2113 577 :quo-

472 654 477 658 .
523 598 669 655 niam
699 598 981 654 vindicavit
1010 599 1062 653 in
1080 611 1174 653 vos
1195 598 1422 667 primum
1452 604 1749 667 peccatum,
1773 596 1913 668 quod
1942 608 2114 654 morte

523 689 780 747 solvistis.
807 686 875 742 Et
903 688 1003 742 vita
1029 688 1080 743 in
1106 686 1361 742 voluntate
1387 688 1498 757 ejus
1525 700 1546 741 :
1564 695 1618 741 et
1646 686 1805 742 vitam
1833 698 2111 755 aaternam,

523 782 593 837 ad
620 796 777 852 quam
822 778 995 836 redire
1022 778 1183 834 nullis
1228 777 1424 834 vestris
1461 777 1666 832 viribus
1690 777 1918 849 possetis
1942 818 1958 845 ,
1989 780 2112 849 quia

519 873 688 929 voluit
730 870 894 927 dedit.
933 868 1149 941 Vespere
1176 869 1517 925 demorabitur
1538 870 1691 941 fletus
1736 867 1812 943 (a)
1843 886 1859 923 :
1891 884 2115 941 vespero

516 971 714 1042 coepit,
747 968 836 1024 ubi
878 966 1153 1039 sapientia:
1180 966 1360 1023 lumen
1396 964 1622 1021 recessit
1660 977 1692 1019 a
1730 973 1983 1036 peccante
2013 963 2112 1019 bo-

517 1063 682 1129 mine,
715 1060 929 1133 quando
970 1067 1145 1115 morte
1193 1057 1473 1114 damnatus
1499 1064 1617 1122 est;
1647 1056 1716 1111 ah
1742 1055 1859 1128 ipso
1888 1045 2113 1126 vespere

516 1168 696 1209 moras
718 1151 932 1207 habebit
963 1150 1118 1205 lletus
1140 1189 1156 1216 ,
1181 1147 1433 1220 quamdiu
1460 1147 1515 1203 in
1543 1145 1816 1202 laboribus
1857 1153 1914 1202 et
1941 1154 2112 1201 tenta-

517 1246 753 1302 tionibus
776 1244 1001 1316 populus
1024 1242 1115 1298 Dei
1135 1248 1407 1313 exspectat
1425 1240 1565 1296 diem
1590 1238 1817 1295 Domini.
1841 1235 1909 1292 Et
1925 1237 1978 1293 in
2000 1254 2110 1292 ma-

514 1337 733 1391 tutinum
769 1333 1038 1390 exsultatio
1060 1348 1080 1389 :
1104 1348 1270 1404 usque
1294 1331 1347 1387 in
1377 1332 1711 1395 matutinum,
1735 1345 1841 1401 quo
1865 1329 2107 1385 exsulta-

516 1429 593 1484 tio
617 1425 1029 1484 resurrectionis
1059 1424 1235 1480 l'utura
1255 1434 1358 1490 est,
1388 1437 1509 1496 qua:
1527 1421 1581 1479 iu
1610 1422 1871 1479 matutina
1898 1421 2107 1477 Domini

513 1520 915 1579 resurrectione
939 1516 1252 1589 pradloruit.

587 1616 643 1670 7.
684 1614 705 1688 [
733 1630 860 1670 vers.
893 1615 946 1669 7.
976 1610 996 1687 ]
1027 1611 1137 1685 Ego
1177 1619 1345 1666 autem
1377 1609 1487 1665 diari
1521 1609 1576 1664 in
1617 1607 1928 1664 abundantia
1957 1623 2103 1675 mea,

515 1708 643 1765 Non
679 1708 909 1763 movebor
947 1708 1001 1762 in
1037 1716 1282 1761 tetermtm
1308 1720 1331 1760 :
1355 1717 1455 1776 ego
1497 1712 1676 1758 autent
1717 1702 1808 1757 ille
1843 1699 2103 1772 populus,

512 1802 605 1874 qui
635 1800 704 1857 ab
736 1788 894 1856 initio
932 1797 1207 1870 quttcbar,
1235 1797 1344 1852 dixi
1372 1798 1425 1853 in
1475 1809 1592 1852 mea
1620 1792 1967 1858 abundantia,
1993 1792 2104 1861 jam

514 1894 711 1949 nullam
760 1893 964 1963 patiens
1009 1899 1303 1963 egestatem
1361 1907 1377 1945 :
1434 1887 1558 1945 Non
1598 1887 1830 1943 merebor
1866 1886 1921 1941 in
1954 1894 2106 1942 teter-

511 2002 655 2041 num.
1203 2031 1217 2045 ~.
2044 1968 2049 1973 -

582 2077 636 2133 8.
679 2074 700 2150 [
725 2091 853 2131 vers.
879 2071 958 2151 8.]
987 2073 1222 2143 Domine,
1251 2077 1304 2131 in
1333 2074 1588 2131 voluntate
1605 2081 1693 2126 tua
1717 2070 1996 2144 prtestitisti
2016 2071 2107 2125 de-

510 2170 622 2226 cori
663 2186 774 2225 meo
805 2172 1032 2224 virtutem
1059 2183 1079 2225 :
1107 2166 1203 2224 sed
1247 2169 1386 2224 banc
1409 2165 1806 2230 abundantiam,
1841 2162 2098 2236 Domine,

513 2277 624 2318 non
651 2276 715 2317 ex
742 2277 826 2317 me
854 2261 981 2317 mihi
1010 2275 1152 2329 esse,
1179 2259 1353 2317 sed'iu
1381 2260 1654 2314 voluntate
1680 2266 1768 2313 tua
1794 2256 2106 2327 praestitisse

511 2362 569 2410 te
593 2352 772 2409 decori
798 2368 918 2408 meo
946 2352 1192 2408 virtutem
1217 2368 1284 2407 ex
1310 2366 1377 2406 co
1401 2349 1599 2414 didici,
1642 2349 1875 2404 Arertisti
1895 2358 2063 2403 autem
2083 2350 2102 2382 ί

510 2447 697 2519 faciem
740 2455 878 2502 tuam
920 2462 953 2500 a
991 2461 1103 2510 me,
1132 2456 1182 2501 et
1226 2444 1393 2516 [actus
1420 2459 1531 2498 sum
1566 2440 1928 2505 conturbatus;
1961 2439 2104 2511 quod

510 2532 752 2594 avertisti
779 2536 1063 2608 aliquando
1091 2552 1120 2590 a
1151 2542 1408 2607 peccante
1446 2535 1632 2590 faciem
1660 2542 1824 2594 tuam,
1855 2540 1909 2586 ct
1935 2530 2105 2587 factus

508 2647 631 2689 sum
660 2631 1039 2696 conturbatus,
1069 2627 1354 2685 recedente
1383 2640 1415 2682 a
1458 2640 1545 2681 me
1582 2621 1971 2680 illuminatione
2011 2634 2107 2677 no-

509 2722 642 2779 titiae
668 2730 791 2778 tuas.

580 2816 636 2872 9.
678 2813 846 2890 [θένε.
872 2814 925 2871 9.
951 2811 972 2888 ]
998 2813 1079 2868 Ad
1111 2820 1188 2879 te,
1216 2809 1460 2876 Domine,
1486 2806 1717 2864 clamabo
1734 2844 1751 2873 ,
1777 2815 1825 2861 et
1848 2803 1917 2859 ad
1939 2802 2103 2859 Deum

508 2926 675 2965 meum
693 2907 997 2980 deprecabor
1023 2921 1043 2962 :
1070 2904 1212 2977 quod
1235 2913 1445 2974 tempus
1480 2899 1900 2957 conturbationis
1926 2907 1979 2953 et
2000 2898 2102 2953 nti-

507 3001 664 3057 seriaa
694 3014 828 3053 mea:
867 2999 1108 3054 recolens
1130 3037 1145 3061 ,
1173 3007 1227 3051 et
1256 3005 1502 3066 tanquam
1552 2992 1605 3046 in
1652 3005 1718 3046 eo
1745 2990 2101 3056 constitutus,

508 3092 671 3148 audio
697 3104 883 3147 vocem
918 3088 1251 3159 primogeniti
1280 3082 1580 3154 tui,capitls
1609 3081 1712 3138 mei
1742 3096 1840 3152 pro
1870 3095 1956 3136 me
1984 3094 2103 3134 mo-

509 3183 686 3250 rituri,
712 3191 768 3239 et
789 3181 1015 3238 dicentis
1038 3164 1155 3235 {Ad
1171 3188 1237 3245 te,
1258 3176 1490 3240 Domine,
1511 3171 1764 3240 clamabo,
1789 3180 1837 3226 et
1855 3169 1925 3225 ad
1940 3169 2105 3226 Deum

418 3338 419 3341 η
508 3293 679 3333 meum
707 3274 1033 3346 deprecabor.

583 3368 671 3424 10.
714 3365 883 3441 [ucrs.
914 3363 1046 3438 τοι]
1077 3363 1205 3431 Qua!
1226 3360 1420 3417 utilitas
1451 3359 1506 3413 in
1532 3357 1781 3429 sanguine
1802 3371 1917 3411 meo
1938 3397 1956 3422 ,
1980 3354 2102 3410 dum

510 3460 758 3516 descendo
797 3459 852 3512 in
891 3453 1310 3525 corruptionem?
1354 3465 1474 3522 qute
1503 3449 1704 3506 utilitas
1743 3450 1796 3504 in
1843 3447 2103 3505 effusione

510 3552 783 3623 sanguinis
800 3550 926 3614 mei,
945 3549 1069 3603 dum
1093 3544 1358 3602 descendo
1391 3543 1444 3598 in
1473 3540 1912 3609 corruptionem?
1936 3538 2105 3594 Num-

512 3642 638 3715 quid
657 3640 974 3711 conﬁtebitur
997 3638 1087 3694 tibi
1106 3636 1310 3709 putris?
1336 3634 1392 3691 Si
1413 3633 1556 3689 enim
1586 3648 1693 3688 non
1720 3633 1900 3689 statim
1920 3644 2103 3687 resur-

512 3742 733 3807 rexcro,
765 3742 1185 3801 corruptumque
1213 3727 1367 3783 fuerit
1392 3740 1589 3798 corpus
1620 3740 1828 3788 meum,
1855 3722 2104 3789 numquid

513 3827 836 3896 confitebitur
862 3824 950 3878 tibi
981 3821 1175 3893 pulvis,
1203 3818 1255 3874 id
1281 3828 1364 3875 est
1406 3817 1559 3873 turba
1590 3816 1871 3888 impiorum
1897 3856 1914 3881 ,
1942 3829 2102 3887 quam

514 3914 635 3976 mea
660 3914 1063 3974 resurrectione
1101 3909 1443 3983 justiﬁcabo?
1471 3910 1572 3965 Aut
1605 3908 1926 3964 annuutiabit
1967 3907 2103 3963 reri-

512 4021 666 4089 tatem
709 4009 888 4064 tumn?
916 4018 1007 4061 aut
1046 4004 1381 4063 anuuutiabit
1410 4002 1476 4059 ad
1514 4002 1739 4058 salutem
1783 4011 2102 4059 emterorum

510 4104 789 4162 veritatem
818 4097 995 4154 tuam?

538 4198 543 4219 ⁵
588 4195 676 4248 Η.
718 4190 892 4264 [vers.
927 4183 1050 4259 ll.]
1081 4183 1284 4242 Audiuit
1321 4182 1611 4246 Dominus,
1663 4191 1711 4237 ct
1757 4183 1990 4238 misertus
2030 4190 2106 4238 est

514 4278 641 4340 mihi
661 4302 679 4349 ;
727 4282 974 4336 Dominus
1008 4281 1170 4349 fartus
1213 4288 1285 4333 est
1323 4278 1530 4346 adjutor
1575 4282 1717 4329 meus
1756 4290 1777 4329 :
1815 4288 1915 4328 nec
1956 4273 2106 4330 dedit

513 4370 755 4431 sanctum
783 4376 934 4427 suum
964 4370 1144 4425 videre
1169 4368 1565 4438 corruptionem
1595 4369 1614 4435 (
1649 4362 1793 4419 Psal.
1820 4379 1925 4428 sv,
1966 4363 2101 4435 10).

589 4467 676 4522 19..
718 4464 888 4537 [rem
921 4461 1008 4519 l2.
1036 4460 1059 4536 ]
1093 4459 1391 4517 Convertisti
1420 4457 1681 4528 planctum
1709 4472 1874 4511 meum
1894 4455 1946 4511 in
1974 4472 2106 4527 gou-

517 4562 656 4617 dium
687 4559 809 4613 mihi
833 4574 850 4613 :
873 4572 1031 4628 quem
1061 4553 1466 4626 primogenitum
1495 4566 1524 4604 a
1556 4549 1780 4604 mortuis
1820 4556 2104 4604 consecuta

520 4651 781 4715 Ecclesia,
814 4634 954 4704 nunc
993 4648 1046 4725 in
1084 4646 1419 4701 dedicatione
1439 4641 1632 4696 domus
1662 4648 1767 4695 tute
1790 4638 1943 4705 dico,
1970 4637 2106 4696 Con-

517 4745 706 4800 tmtisti
746 4732 1007 4811 planctum
1027 4735 1222 4817 .mcum
1265 4736 1318 4789 in
1360 4734 1604 4805 gaudium
1638 4733 1782 4786 mihi.
1803 4729 2109 4788 Conscidt'sti

517 4852 718 4889 succum
763 4848 926 4886 meum
946 4871 962 4896 ,
1009 4840 1054 4885 et
1083 4826 1390 4900 prrecina'isti
1429 4841 1509 4879 me
1549 4824 1724 4878 latitia
1755 4839 1774 4878 :
1799 4822 2105 4880 conscidisti

518 4927 873 4982 vclamentum
905 4932 1241 4992 peccatorum
1266 4931 1543 4983 meorum,
1575 4914 1841 4970 tristitiam
1873 4914 2110 4970 murtali-

516 5019 641 5073 tatis
689 5032 855 5082 mete;
883 5028 937 5070 et
982 5013 1191 5069 cinxisti
1238 5024 1326 5065 me
1372 5008 1513 5063 stola
1567 5007 1766 5079 prima,
1818 5006 2106 5063 itnmortali

520 5109 726 5165 lattitia.

483 5256 493 5264 ,
592 5201 680 5255 15.
722 5196 742 5272 [
773 5213 901 5254 vers.
948 5192 1076 5269 l3.]
1119 5192 1186 5249 Ut
1225 5198 1389 5247 cantet
1426 5190 1516 5247 tibi
1549 5190 1713 5261 gloria
1743 5205 1889 5254 mea,
1929 5199 1977 5244 ct
2005 5204 2108 5246 non

518 5307 833 5362 compungar
865 5303 885 5342 :
910 5297 966 5340 ut
988 5287 1096 5358 jam
1121 5300 1227 5341 non
1255 5284 1486 5356 plangat,
1514 5282 1607 5339 sed
1632 5291 1809 5338 cantet
1839 5280 1932 5338 tibi
1957 5321 1971 5347 ,
2001 5296 2107 5338 non

520 5383 821 5444 humilitas,
866 5379 1165 5455 sedgloria
1213 5392 1366 5442 mea,
1409 5378 1530 5448 quia
1563 5376 1670 5448 iam
1712 5374 1776 5432 ex
1815 5375 2110 5432 humilitate

517 5476 763 5534 esaltasti
794 5488 907 5538 uie;
938 5482 989 5528 et
1031 5486 1135 5527 non
1165 5484 1490 5542 compuugar
1512 5466 1836 5526 conscientia
1868 5469 2066 5539 peccati
2090 5510 2106 5534 ,

522 5568 717 5624 timore
747 5566 957 5630 mortis,
989 5562 1399 5633 timurcjudicii.
1442 5560 1657 5616 Domine
1688 5559 1829 5616 Deus
1853 5576 2026 5626 meus,
2056 5560 2108 5613 in

525 5671 767 5717 cternum
794 5656 1070 5728 conﬁtebor
1089 5657 1174 5713 tibi
1195 5673 1208 5711 :
1226 5666 1279 5712 et
1298 5656 1410 5712 haec
1425 5665 1506 5711 est
1532 5654 1701 5727 gloria
1723 5666 1863 5720 mea,
1889 5650 2112 5707 Domine

586 5816 605 5878 ε
628 5815 703 5866 Sic
723 5820 828 5878 Mss.
851 5810 1071 5878 [iurique
1091 5813 1234 5878 juxta
1252 5817 1379 5878 LXX.
1403 5806 1427 5872 ί
1450 5804 1647 5878 mergis-ti
1667 5803 1878 5878 [aciem].

583 5863 762 5936 (al—De
785 5863 1027 5939 haéparte
1049 5863 1181 5957 vers.
1204 5874 1238 5925 6
1255 5874 1369 5924 vide
1391 5863 1528 5921 ἔων.
1546 5863 1712 5919 ερεάι.
1735 5863 1864 5921 ινιιιζ
1887 5878 1938 5917 n.
1962 5863 2038 5918 to.

1747 391 1810 449 8.
1849 392 2219 454 AUGUSTINI
2261 394 2567 454 EPISCOPI
3702 401 3788 462 216

2223 508 2365 565 Deus
2393 500 2566 576 mens,
2596 510 2728 567 utin
2757 519 3013 569 :eternum
3036 511 3296 570 conﬁtear
3318 512 3412 571 tibi
3431 556 3451 581 ,
3493 515 3637 588 quod
3664 515 3782 582 nihi‘

2218 599 2349 657 mihi
2379 616 2447 656 es
2477 616 2583 667 me,
2602 602 2697 658 sed
2720 604 2896 660 omnia
2915 605 3051 674 bona
3078 620 3144 662 ex
3168 613 3242 674 te,
3264 606 3434 677 quies
3461 605 3607 665 Deus
3624 611 3782 667 omnia

2220 692 2274 748 in
2300 693 2548 751 omnibus
2577 693 2639 768 (ι
2666 694 2787 752 Cor.
2817 712 2908 763 xv,
2933 695 3024 753 28.
3048 696 3069 769 )

2751 784 3155 846 ENAItRATIO
3191 787 3258 846 ll.

2714 894 2890 938 settle
2927 897 2997 938 so
3034 869 3303 939 repetunt.

2291 971 2343 1028 1.
2389 970 2503 1029 lloc
2541 980 2688 1030 certe
2732 975 3060 1031 cautavimus
3088 991 3103 1030 :
3133 973 3383 1030 Eaaltabo
3422 984 3508 1042 te,
3555 973 3785 1043 Domine,

2215 1064 2453 1135 quoniam
2494 1065 2759 1136 suscepisti
2793 1082 2903 1135 me,
2934 1082 3025 1122 nec
3062 1067 3365 1139 jucundnsti
3391 1067 3628 1123 inimicos
3671 1086 3788 1126 meos

2214 1170 2370 1226 super
2393 1170 2488 1209 me.
2517 1155 2573 1211 Si
2605 1157 2914 1214 noverimus
2953 1155 3023 1213 de
3046 1158 3338 1230 Scripturis
3364 1161 3571 1215 sanctis
3592 1161 3679 1230 qui
3696 1160 3787 1218 sint

2214 1244 2415 1302 inimici
2446 1248 2636 1313 nostri,
2679 1248 3051 1320 cognoscimus
3076 1248 3233 1321 hujus
3259 1250 3454 1307 cantici
3488 1251 3785 1310 veritatem:

2212 1337 2260 1394 si
2286 1349 2462 1394 autem
2490 1354 2588 1395 nos
2613 1340 2761 1396 fallat
2784 1341 2960 1399 carnis
2980 1343 3288 1415 prudentia,
3307 1351 3367 1399 ut
3390 1360 3499 1400 non
3519 1357 3791 1412 cognosca.

2213 1446 2332 1487 mus
2359 1431 2614 1488 adversus
2636 1448 2772 1504 quos
2793 1435 2946 1491 nobis
2965 1436 3035 1491 sit
3049 1435 3376 1502 colluctatio,
3393 1435 3450 1492 in
3482 1436 3604 1509 ipso
3622 1437 3787 1510 psalmi

2214 1523 2372 1595 hujus
2397 1525 2620 1582 exordio
2640 1527 2940 1584 invenimus
2965 1530 3317 1601 quaestionem
3342 1570 3359 1597 ,
3381 1542 3549 1602 quam
3596 1530 3787 1587 solvere

2211 1633 2318 1674 non
2340 1634 2643 1689 possmuus.
2673 1618 2839 1691 Cujtts
2863 1620 3005 1678 enim
3034 1633 3280 1692 puunnus
3306 1636 3498 1679 vocem
3528 1637 3650 1680 esse
3688 1625 3787 1680 lau-

2212 1709 2392 1765 dantis
2409 1711 2574 1767 Deum
2591 1721 2644 1767 et
2665 1714 2868 1783 gratias
2890 1714 3099 1785 agentis
3114 1723 3169 1769 et
3191 1714 3511 1771 exsultantis
3538 1725 3694 1785 atque
3716 1714 3786 1769 di-

2209 1801 2381 1857 centis
2411 1819 2425 1857 :
2455 1799 2705 1858 Exaltabo
2734 1813 2802 1869 te,
2832 1802 3045 1859 Domine
3063 1844 3082 1871 ,
3108 1806 3347 1877 quoniam
3389 1804 3657 1875 suscepisti
3687 1820 3785 1871 me,

2209 1910 2303 1949 nec
2321 1894 2623 1967 jucundasti
2650 1895 2880 1952 inimicos
2910 1912 3045 1952 meos
3082 1912 3235 1966 super
3270 1896 3396 1953 me!
3423 1896 3611 1953 Primo
3634 1897 3785 1966 ipsum

2210 1984 2493 2042 Dominum
2524 1986 2947 2055 considercums,
2965 1989 3056 2061 qui
3079 1988 3371 2045 secundum
3394 1988 3449 2044 id
3478 1988 3622 2060 quod
3644 1987 3786 2045 homo

2209 2088 2332 2133 esse
2345 2075 2595 2148 dignatus
2610 2090 2686 2134 est
2696 2121 2710 2143 ,
2726 2079 2900 2149 potuit
2914 2080 2958 2134 si
2966 2080 3014 2134 hi
3040 2093 3134 2149 per
3154 2079 3551 2150 prascedentem
3569 2081 3782 2153 prophe-

2212 2166 2338 2222 tiam
2363 2182 2467 2223 non
2496 2168 2784 2240 incongrue
2806 2168 2967 2225 verba
2992 2170 3091 2226 ista
3116 2181 3368 2241 cceptare
3395 2186 3411 2226 :
3443 2182 3513 2227 ex
3539 2186 3645 2243 quo
3661 2170 3784 2227 enim

2210 2256 2374 2314 homo
2400 2297 2418 2325 ,
2448 2272 2514 2315 ex
2545 2258 2647 2314 hoc
2675 2267 2730 2315 ct
2757 2256 3030 2325 inﬁrmus;
3061 2275 3129 2317 ex
3157 2277 3263 2331 quo
3290 2260 3544 2319 iniit-mus
3562 2303 3580 2328 ,
3609 2276 3671 2318 ex
3698 2260 3784 2318 hoc

2209 2355 2265 2404 et
2290 2362 2472 2404 orans.
2503 2348 2635 2406 Nam
2663 2349 2805 2422 quod
2836 2350 2997 2408 modo
3024 2352 3325 2408 audivimus
3347 2393 3363 2418 ,
3398 2367 3527 2411 cum
3562 2353 3782 2424 Evange-

2209 2440 2339 2497 lium
2383 2439 2684 2514 legeretur,
2732 2441 3181 2514 quemadmodum
3227 2446 3389 2502 ctiam
3438 2447 3494 2501 iu
3536 2445 3780 2503 desertum

2208 2533 2492 2589 secesserit
2519 2549 2549 2589 a
2577 2533 2850 2605 discipulis
2871 2532 2985 2590 suis
3007 2575 3023 2600 ,
3049 2551 3157 2607 quo
3179 2549 3302 2591 cum
3327 2545 3457 2591 sunt
3490 2537 3781 2604 consecuti,

2207 2630 2265 2679 et
2310 2623 2629 2680 invenerunt
2677 2639 2799 2681 eum
2845 2641 2862 2681 :
2910 2626 3171 2682 secedens
3209 2635 3386 2683 autem
3413 2627 3490 2683 ibi
3513 2628 3781 2694 orabat,ct

2206 2712 2408 2769 dictum
2434 2724 2518 2770 est
2544 2729 2573 2769 a
2596 2714 2872 2788 discipulis
2897 2716 2986 2788 qui
3015 2731 3139 2772 eum
3168 2717 3490 2775 invenerunt
3512 2761 3529 2786 ,
3559 2719 3783 2789 Qum:

2207 2813 2256 2861 te
2279 2806 2508 2861 homines
2520 2822 2541 2871 ;
2564 2815 2618 2861 at
2645 2807 2736 2862 ille
2758 2807 3033 2879 reapoudit
3055 2824 3076 2863 :
3105 2808 3297 2864 Eamus
3315 2820 3365 2864 et
3382 2811 3438 2864 in
3469 2810 3577 2865 alia
3591 2809 3697 2866 loca
3714 2819 3781 2864 at-

2206 2912 2304 2967 que
2325 2897 2533 2953 castella
2559 2898 2841 2969 protulit-are
2855 2917 2877 2967 ;
2901 2899 2972 2955 ad
2998 2902 3093 2956 Itoc
3115 2902 3249 2956 enim
3276 2902 3390 2957 ι·εηί
3414 2902 3438 2976 (
3464 2901 3628 2957 Marci
3652 2919 3684 2969 ι,
3700 2902 3776 2969 '55.

2206 2987 2298 3054 37,
2331 2987 2467 3060 38).
2516 2989 2574 3045 Si
2616 2988 2947 3049 divinitatem
2979 2992 3185 3049 Domini
3236 2994 3405 3049 nostri
3451 2993 3581 3052 Jesu
3606 2991 3779 3051 Christi

2206 3079 2518 3137 consideres
2539 3122 2556 3149 ,
2587 3082 2708 3154 quis
2750 3083 2909 3139 orat?
2948 3084 3015 3138 ad
3056 3098 3214 3158 quem
3259 3085 3416 3142 orat?
3443 3103 3611 3158 quare
3636 3083 3777 3140 orat?

2206 3170 2338 3227 Orat
2366 3172 2542 3229 Dens?
2570 3184 2688 3229 orat
2711 3174 2778 3230 ad
2815 3175 3073 3249 aequalem
3093 3176 3119 3230 ι
3144 3176 3374 3233 Causam
3399 3189 3583 3234 autem
3613 3173 3776 3233 orandi

2206 3280 2366 3337 quam
2397 3265 2594 3335 habet,
2644 3281 2858 3339 semper
2904 3268 3123 3335 beatus,
3170 3283 3386 3343 seraper
3410 3271 3772 3343 omnipotens,

2205 3372 2422 3428 semper
2442 3358 2908 3427 incommutabilis,
2939 3370 3192 3427 mtemus,
3211 3371 3266 3418 et
3288 3361 3428 3418 Patri
3461 3358 3776 3419 coartemus?

2206 3445 2480 3506 lntuentcs
2497 3464 2626 3516 ergo
2646 3449 2787 3521 quod
2812 3466 2906 3520 per
2927 3450 3376 3525 Joannem.quasi
3397 3450 3772 3524 per’quamdam

2205 3539 2403 3596 nubem
2434 3553 2606 3605 suam,
2639 3541 2753 3612 ipse
2783 3540 3032 3608 intonuit,
3057 3542 3246 3599 dicens
3277 3559 3292 3597 :
3319 3541 3387 3597 In
3414 3544 3663 3613 principio
3682 3547 3775 3596 erat

2215 3626 2452 3695 Verbum,
2474 3640 2523 3685 et
2557 3629 2773 3688 Verbum
2799 3640 2908 3687 erat
2930 3635 3071 3705 apud
3096 3631 3280 3699 Deum,
3305 3643 3352 3689 et
3372 3632 3514 3691 Deus
3535 3642 3639 3690 erat
3671 3629 3774 3687 Ver-

2205 3721 2325 3777 bum
2348 3762 2364 3785 ,
2398 3723 2495 3777 hac
2535 3733 2642 3777 erat
2673 3723 2727 3778 in
2766 3724 3017 3795 principio
3057 3726 3198 3797 apud
3230 3723 3394 3780 Deum
3438 3740 3462 3780 :
3500 3724 3662 3780 omnia
3698 3735 3775 3791 per

2206 3811 2372 3885 ipsum
2392 3814 2530 3884 {acta
2551 3824 2688 3883 sunt,
2719 3824 2763 3870 et
2791 3815 3026 3886 sineipso
3053 3819 3247 3888 factum
3270 3824 3343 3872 est
3366 3816 3499 3872 nihil
3522 3830 3547 3874 :
3567 3813 3693 3887 quod
3703 3813 3779 3883 [διά

2206 3915 2342 3960 ctum
2367 3916 2439 3962 est
2467 3907 2521 3961 in
2540 3906 2631 3961 illo
2649 3907 2748 3965 vita
2770 3907 2848 3962 est
2870 3908 2910 3972 ¹,
2929 3918 2976 3962 et
3003 3907 3106 3963 vita
3117 3916 3224 3963 erat
3239 3907 3333 3964 ista:
3344 3907 3627 3973 hominum,
3639 3913 3681 3960 et
3697 3901 3772 3956 lus

2204 3997 2260 4053 in
2288 3997 2501 4052 tenebris
2532 3996 2661 4054 lucet
2675 4039 2691 4065 ,
2721 4007 2770 4053 ct
2805 3997 3020 4054 tenebras
3042 4015 3153 4053 eam
3180 4014 3280 4054 non
3306 3995 3772 4069 comprehendant

2209 4085 2403 4161 (Joan.
2434 4101 2488 4152 ι,
2516 4088 2651 4160 1-5)
2680 4104 2695 4142 :
2728 4087 2832 4143 huc
2865 4102 3035 4161 usque
3059 4087 3334 4156 dicentes,
3358 4104 3466 4143 non
3499 4085 3771 4145 iuvcttimtﬂ

2207 4180 2504 4236 orationem
2529 4219 2546 4244 ,
2579 4194 2678 4236 uec
2703 4194 2919 4236 causam
2967 4180 3195 4247 orandi,
3220 4194 3321 4236 nec
3349 4178 3527 4237 locum
3566 4172 3733 4235 orandi
3750 4211 3766 4240 ι

2208 4286 2309 4330 nec
2346 4270 2597 4329 affectum
2635 4270 2845 4328 orandi.
2894 4269 3001 4328 Sed
3031 4272 3279 4343 quoniam
3305 4270 3467 4343 paulo
3493 4277 3607 4345 post
3627 4264 3765 4329 dicit,

2208 4361 2278 4419 Et
2307 4362 2523 4418 Verbum
2546 4379 2665 4418 euro
2690 4364 2878 4433 factum
2901 4374 2997 4429 est,
3027 4373 3072 4417 ct
3096 4363 3338 4420 habitavit
3361 4363 3414 4418 in
3434 4364 3576 4419 nobis
3599 4357 3762 4431 (Ιιίιιοο

2210 4455 2280 4514 id
2303 4455 2363 4527 );
2391 4453 2556 4511 habes
2574 4454 2908 4525 maiestatem
2936 4454 3002 4510 ad
3031 4469 3190 4527 quam
3217 4468 3341 4512 ores
3362 4495 3380 4519 ,
3408 4453 3572 4511 habes
3598 4451 3762 4506 buma-

2208 4548 2429 4605 nitatem
2483 4563 2603 4619 qme
2643 4562 2741 4618 pro
2790 4556 2842 4603 te
2889 4556 3028 4605 oret.
3073 4548 3206 4604 Nam
3247 4547 3349 4604 hoc
3389 4547 3586 4604 dictum
3613 4552 3683 4600 est
3708 4537 3765 4593 ab

2209 4639 2490 4711 Apostolo,
2521 4637 2681 4693 etiam
2720 4646 2842 4709 post
2885 4638 3331 4696 resurrectionem
3376 4636 3581 4695 Domini
3620 4626 3764 4691 nostri

2209 4730 2338 4788 Jesu
2367 4730 2560 4787 Christi
2589 4747 2602 4783 :
2634 4730 2733 4796 Qui
2761 4731 2931 4797 sedet,
2953 4728 3157 4801 inquit,
3197 4730 3268 4784 ad
3285 4730 3542 4786 dexteram
3567 4726 3671 4789 Dei,
3693 4718 3765 4793 qui

2209 4821 2667 4893 etiaminterpcllat
2693 4839 2786 4894 pro
2811 4822 2953 4876 nobis
2983 4823 3001 4893 (
3033 4820 3181 4877 Rom.
3209 4837 3323 4890 \‘lll,
3353 4822 3422 4879 35
3444 4821 3670 4893 )._Quate
3695 4815 3762 4869 in-

2212 4915 2456 4986 tet-pellat
2481 4930 2579 4986 pro
2620 4913 2810 4970 nobis?
2835 4914 2969 4982 Quia
2996 4913 3257 4970 mediator
3275 4928 3398 4970 esse
3419 4914 3653 4986 digmtus
3675 4911 3758 4961 est-

2211 5006 2351 5075 Quid
2399 5015 2481 5062 est
2527 5005 2872 5062 mediatorum
2922 5020 3043 5062 esse
3073 5006 3212 5063 inter
3241 5005 3410 5063 Deum
3456 5017 3509 5063 et
3552 5000 3761 5060 homines

2192 5100 2234 5170 '(
2264 5097 2440 5153 lTint.
2470 5112 2540 5163 ιι,
2585 5098 2619 5153 5
2648 5097 2705 5169 )?
2737 5097 2853 5153 Non
2880 5099 3019 5153 inter
3042 5097 3254 5155 Patrem
3297 5106 3349 5154 et
3381 5097 3645 5154 homines.
3683 5084 3759 5144 sed

2213 5193 2355 5249 inter
2372 5192 2535 5248 Deum
2561 5191 2899 5249 cthomiues.
2918 5190 3053 5258 Quid
3069 5202 3153 5247 est
3178 5189 3358 5247 Deus?
3375 5191 3600 5254 Pateret
3622 5181 3759 5240 Filius

2213 5293 2268 5341 et
2290 5283 2518 5355 Spiritus
2542 5291 2775 5340 sanctus.
2798 5282 2933 5352 Quid
2965 5292 3087 5337 sunt
3125 5281 3410 5338 homines?
3452 5282 3752 5338 l’eccawmo

2215 5376 2401 5447 impii,
2434 5374 2707 5432 mortales.
2735 5373 2882 5431 Inter
2908 5374 3048 5440 illam
3076 5373 3391 5441 Trinitatem
3427 5384 3481 5430 et
3522 5365 3756 5428 hominum

2216 5470 2576 5526 inﬁrmitatem
2593 5469 2657 5524 ρι’
2672 5467 3026 5539 iniquitatem,
3045 5466 3307 5525 mediator
3326 5466 3495 5523 {actus
3507 5471 3585 5520 est
3603 5459 3753 5516 homo:

2217 5575 2322 5617 non
2352 5559 2582 5631 iniquus,
2612 5559 2706 5615 sed
2733 5570 2906 5615 tamen
2935 5558 3210 5627 iullrmus;
3250 5568 3308 5615 ut
3341 5575 3405 5615 ex
3431 5573 3496 5616 eo
3520 5548 3646 5626 quod
3670 5554 3751 5602 no.1

2217 5653 2428 5726 iniquus
2452 5695 2466 5720 ,
2495 5652 2744 5722 iungeret
2774 5660 2825 5707 te
2865 5651 3009 5718 Deo;
3031 5666 3096 5708 es
3122 5666 3189 5707 eo
3215 5651 3357 5723 quod
3380 5652 3627 5707 inﬁrmus.
3653 5646 3754 5709 μὀ*

2217 5750 2495 5820 pinquaret
2556 5744 2648 5800 tibi
2698 5763 2712 5796 :
2759 5754 2917 5816 atque
2968 5745 3036 5800 ita
3069 5783 3085 5809 ,
3147 5754 3204 5798 ιιι
3246 5744 3385 5815 inter
3430 5738 3672 5797 hominem
3710 5727 3752 5780 ει

2285 5864 2301 5895 ι
2327 5860 2458 5921 ΗΜ..
2480 5860 2534 5911 in
2552 5857 2639 5911 illo
2658 5859 2754 5911 vita
2771 5863 2897 5910 erat.
2915 5858 3223 5923 Antiquior”
3240 5862 3372 5916 κει..
3389 5857 3580 5909 διεσω-
