  <div class='ocr_page' id='page_1' title='image "/cluster/home/n/w/nwhite01/storage/ocr_20150623/36/uva.x000827105/116.png"; bbox 0 0 3950 6422; ppageno 0'>
   <div class='ocr_carea' id='block_1_1' title="bbox 189 364 1747 432">
    <p class='ocr_par' dir='ltr' id='par_1_1' title="bbox 189 364 1733 432">
     <span class='ocr_line' id='line_1_1' title="bbox 189 364 1733 432; baseline 0.001 -10"><span class='ocrx_word' id='word_1_1' title='bbox 189 364 275 423; x_wconf 73' lang='grc' dir='ltr'><strong>2ιῖ</strong></span> <span class='ocrx_word' id='word_1_2' title='bbox 1228 369 1629 432; x_wconf 71' lang='lat' dir='ltr'><strong>ENARRATIO</strong></span> <span class='ocrx_word' id='word_1_3' title='bbox 1664 366 1733 425; x_wconf 78' lang='lat' dir='ltr'><strong>IN</strong></span> 
     </span>
    </p>
   </div>
   <div class='ocr_carea' id='block_1_2' title="bbox 1853 364 2330 432">
    <p class='ocr_par' dir='ltr' id='par_1_2' title="bbox 1853 366 2330 432">
     <span class='ocr_line' id='line_1_2' title="bbox 1853 366 2330 432; baseline 0.013 -8"><span class='ocrx_word' id='word_1_4' title='bbox 1853 366 2097 430; x_wconf 61' lang='grc' dir='ltr'><strong>ΜΔίωί</strong></span> <span class='ocrx_word' id='word_1_5' title='bbox 2135 370 2330 432; x_wconf 73' lang='lat' dir='ltr'><strong>XXIX.</strong></span> 
     </span>
    </p>
   </div>
   <div class='ocr_carea' id='block_1_3' title="bbox 186 492 1747 563">
    <p class='ocr_par' dir='ltr' id='par_1_3' title="bbox 186 492 1747 563">
     <span class='ocr_line' id='line_1_3' title="bbox 186 492 1747 563; baseline -0.007 -10"><span class='ocrx_word' id='word_1_6' title='bbox 186 501 334 561; x_wconf 77' lang='lat' dir='ltr'><strong>Deum</strong></span> <span class='ocrx_word' id='word_1_7' title='bbox 372 496 641 553; x_wconf 88' lang='lat' dir='ltr'><strong>mediator</strong></span> <span class='ocrx_word' id='word_1_8' title='bbox 666 495 961 563; x_wconf 85' lang='lat' dir='ltr'><strong>existeret,</strong></span> <span class='ocrx_word' id='word_1_9' title='bbox 995 492 1212 549; x_wconf 77' lang='lat' dir='ltr'><strong><em>Verbum</em></strong></span> <span class='ocrx_word' id='word_1_10' title='bbox 1244 507 1366 546; x_wconf 86' lang='lat' dir='ltr'><strong>caro</strong></span> <span class='ocrx_word' id='word_1_11' title='bbox 1407 492 1598 561; x_wconf 75' lang='lat' dir='ltr'><strong>factum</strong></span> <span class='ocrx_word' id='word_1_12' title='bbox 1643 498 1747 553; x_wconf 86' lang='lat' dir='ltr'><strong>est,</strong></span> 
     </span>
    </p>
   </div>
   <div class='ocr_carea' id='block_1_4' title="bbox 185 578 1753 651">
    <p class='ocr_par' dir='ltr' id='par_1_4' title="bbox 185 578 1753 651">
     <span class='ocr_line' id='line_1_4' title="bbox 185 578 1753 651; baseline -0.011 0"><span class='ocrx_word' id='word_1_13' title='bbox 185 592 231 651; x_wconf 86' lang='lat' dir='ltr'><strong>id</strong></span> <span class='ocrx_word' id='word_1_14' title='bbox 252 600 345 651; x_wconf 77' lang='lat' dir='ltr'><strong>est.</strong></span> <span class='ocrx_word' id='word_1_15' title='bbox 368 589 602 645; x_wconf 80' lang='lat' dir='ltr'><strong>Verbum</strong></span> <span class='ocrx_word' id='word_1_16' title='bbox 631 591 792 643; x_wconf 90' lang='lat' dir='ltr'><strong>homo</strong></span> <span class='ocrx_word' id='word_1_17' title='bbox 812 585 1007 641; x_wconf 74' lang='lat' dir='ltr'><strong>factum</strong></span> <span class='ocrx_word' id='word_1_18' title='bbox 1028 594 1131 641; x_wconf 88' lang='lat' dir='ltr'><strong>est.</strong></span> <span class='ocrx_word' id='word_1_19' title='bbox 1157 582 1383 639; x_wconf 81' lang='lat' dir='ltr'><strong>Nomine</strong></span> <span class='ocrx_word' id='word_1_20' title='bbox 1406 582 1548 637; x_wconf 92' lang='lat' dir='ltr'><strong>enim</strong></span> <span class='ocrx_word' id='word_1_21' title='bbox 1575 578 1753 636; x_wconf 87' lang='lat' dir='ltr'><strong>carnis</strong></span> 
     </span>
    </p>
   </div>
   <div class='ocr_carea' id='block_1_5' title="bbox 184 672 1753 753">
    <p class='ocr_par' dir='ltr' id='par_1_5' title="bbox 184 672 1753 753">
     <span class='ocr_line' id='line_1_5' title="bbox 184 672 1753 753; baseline -0.009 -14"><span class='ocrx_word' id='word_1_22' title='bbox 184 680 413 753; x_wconf 78' lang='lat' dir='ltr'><strong>appellati</strong></span> <span class='ocrx_word' id='word_1_23' title='bbox 439 689 559 735; x_wconf 89' lang='lat' dir='ltr'><strong>sunt</strong></span> <span class='ocrx_word' id='word_1_24' title='bbox 583 679 849 734; x_wconf 88' lang='lat' dir='ltr'><strong>homines.</strong></span> <span class='ocrx_word' id='word_1_25' title='bbox 870 675 998 733; x_wconf 90' lang='lat' dir='ltr'><strong>lude</strong></span> <span class='ocrx_word' id='word_1_26' title='bbox 1015 686 1098 733; x_wconf 88' lang='lat' dir='ltr'><strong>est</strong></span> <span class='ocrx_word' id='word_1_27' title='bbox 1115 692 1131 727; x_wconf 85' lang='lat'><strong>:</strong></span> <span class='ocrx_word' id='word_1_28' title='bbox 1148 673 1217 730; x_wconf 82' lang='lat' dir='ltr'><strong>Et</strong></span> <span class='ocrx_word' id='word_1_29' title='bbox 1244 672 1426 729; x_wconf 74' lang='lat' dir='ltr'><strong>videbit</strong></span> <span class='ocrx_word' id='word_1_30' title='bbox 1444 672 1608 727; x_wconf 87' lang='lat' dir='ltr'><strong>omnis</strong></span> <span class='ocrx_word' id='word_1_31' title='bbox 1632 686 1753 726; x_wconf 88' lang='lat' dir='ltr'><strong>caro</strong></span> 
     </span>
    </p>
   </div>
   <div class='ocr_carea' id='block_1_6' title="bbox 180 764 1748 842">
    <p class='ocr_par' dir='ltr' id='par_1_6' title="bbox 180 764 1748 842">
     <span class='ocr_line' id='line_1_6' title="bbox 180 764 1748 842; baseline -0.007 -14"><span class='ocrx_word' id='word_1_32' title='bbox 180 774 387 828; x_wconf 80' lang='lat' dir='ltr'><strong>salutare</strong></span> <span class='ocrx_word' id='word_1_33' title='bbox 433 769 527 824; x_wconf 74' lang='lat' dir='ltr'><strong>Dei</strong></span> <span class='ocrx_word' id='word_1_34' title='bbox 554 768 724 842; x_wconf 79' lang='lat' dir='ltr'><strong>(Luc.</strong></span> <span class='ocrx_word' id='word_1_35' title='bbox 753 785 807 824; x_wconf 86' lang='grc' dir='ltr'><strong>ιιι</strong></span> <span class='ocrx_word' id='word_1_36' title='bbox 829 809 847 835; x_wconf 89' lang='lat'><strong>,</strong></span> <span class='ocrx_word' id='word_1_37' title='bbox 876 768 968 840; x_wconf 83' lang='lat'><strong>6).</strong></span> <span class='ocrx_word' id='word_1_38' title='bbox 1020 765 1209 824; x_wconf 82' lang='lat' dir='ltr'><strong>Omnis</strong></span> <span class='ocrx_word' id='word_1_39' title='bbox 1249 776 1377 820; x_wconf 85' lang='lat' dir='ltr'><strong>caro</strong></span> <span class='ocrx_word' id='word_1_40' title='bbox 1403 764 1601 819; x_wconf 89' lang='lat' dir='ltr'><strong>dictum</strong></span> <span class='ocrx_word' id='word_1_41' title='bbox 1626 770 1709 817; x_wconf 85' lang='lat' dir='ltr'><strong>est</strong></span> <span class='ocrx_word' id='word_1_42' title='bbox 1729 801 1748 829; x_wconf 93' lang='lat'><strong>,</strong></span> 
     </span>
    </p>
   </div>
   <div class='ocr_carea' id='block_1_7' title="bbox 176 854 1753 931">
    <p class='ocr_par' dir='ltr' id='par_1_7' title="bbox 176 854 1753 931">
     <span class='ocr_line' id='line_1_7' title="bbox 176 854 1753 931; baseline -0.009 -10"><span class='ocrx_word' id='word_1_43' title='bbox 176 880 353 921; x_wconf 86' lang='lat' dir='ltr'><strong>omnes</strong></span> <span class='ocrx_word' id='word_1_44' title='bbox 378 863 639 918; x_wconf 81' lang='lat' dir='ltr'><strong>homines.</strong></span> <span class='ocrx_word' id='word_1_45' title='bbox 667 861 734 917; x_wconf 77' lang='lat' dir='ltr'><strong>Et</strong></span> <span class='ocrx_word' id='word_1_46' title='bbox 754 860 1043 931; x_wconf 75' lang='lat' dir='ltr'><strong>Apostolus</strong></span> <span class='ocrx_word' id='word_1_47' title='bbox 1071 876 1087 915; x_wconf 92' lang='lat'><strong>:</strong></span> <span class='ocrx_word' id='word_1_48' title='bbox 1112 856 1236 913; x_wconf 83' lang='lat' dir='ltr'><strong>Non</strong></span> <span class='ocrx_word' id='word_1_49' title='bbox 1257 865 1328 913; x_wconf 89' lang='lat' dir='ltr'><strong>est</strong></span> <span class='ocrx_word' id='word_1_50' title='bbox 1346 855 1490 912; x_wconf 86' lang='lat' dir='ltr'><strong>nobis</strong></span> <span class='ocrx_word' id='word_1_51' title='bbox 1508 854 1753 909; x_wconf 82' lang='lat' dir='ltr'><strong>collucta-</strong></span> 
     </span>
    </p>
   </div>
   <div class='ocr_carea' id='block_1_8' title="bbox 175 944 1750 1022">
    <p class='ocr_par' dir='ltr' id='par_1_8' title="bbox 175 944 1750 1022">
     <span class='ocr_line' id='line_1_8' title="bbox 175 944 1750 1022; baseline -0.005 -12"><span class='ocrx_word' id='word_1_52' title='bbox 175 956 243 1010; x_wconf 85' lang='lat' dir='ltr'><strong>tio</strong></span> <span class='ocrx_word' id='word_1_53' title='bbox 263 954 497 1009; x_wconf 82' lang='lat' dir='ltr'><strong>adrersus</strong></span> <span class='ocrx_word' id='word_1_54' title='bbox 519 968 724 1007; x_wconf 87' lang='lat' dir='ltr'><strong>carnem</strong></span> <span class='ocrx_word' id='word_1_55' title='bbox 752 961 799 1007; x_wconf 88' lang='lat' dir='ltr'><strong>et</strong></span> <span class='ocrx_word' id='word_1_56' title='bbox 828 951 1125 1022; x_wconf 81' lang='lat' dir='ltr'><strong>sanguinem</strong></span> <span class='ocrx_word' id='word_1_57' title='bbox 1155 948 1231 1020; x_wconf 91' lang='lat' dir='ltr'><strong>(id</strong></span> <span class='ocrx_word' id='word_1_58' title='bbox 1256 956 1340 1004; x_wconf 87' lang='lat' dir='ltr'><strong>est</strong></span> <span class='ocrx_word' id='word_1_59' title='bbox 1367 945 1623 1003; x_wconf 87' lang='lat' dir='ltr'><strong>adversus</strong></span> <span class='ocrx_word' id='word_1_60' title='bbox 1649 944 1750 1002; x_wconf 81' lang='lat' dir='ltr'><strong>lto-</strong></span> 
     </span>
    </p>
   </div>
   <div class='ocr_carea' id='block_1_9' title="bbox 172 1042 1751 1115">
    <p class='ocr_par' dir='ltr' id='par_1_9' title="bbox 172 1042 1751 1115">
     <span class='ocr_line' id='line_1_9' title="bbox 172 1042 1751 1115; baseline -0.005 -13"><span class='ocrx_word' id='word_1_61' title='bbox 172 1046 389 1115; x_wconf 77' lang='lat' dir='ltr'><strong>mines),</strong></span> <span class='ocrx_word' id='word_1_62' title='bbox 433 1047 522 1098; x_wconf 82' lang='lat' dir='ltr'><strong>sed</strong></span> <span class='ocrx_word' id='word_1_63' title='bbox 548 1043 791 1097; x_wconf 82' lang='lat' dir='ltr'><strong>adversus</strong></span> <span class='ocrx_word' id='word_1_64' title='bbox 814 1042 1068 1113; x_wconf 81' lang='lat' dir='ltr'><strong>principes</strong></span> <span class='ocrx_word' id='word_1_65' title='bbox 1099 1050 1147 1095; x_wconf 90' lang='lat' dir='ltr'><strong>et</strong></span> <span class='ocrx_word' id='word_1_66' title='bbox 1173 1048 1439 1111; x_wconf 79' lang='lat' dir='ltr'><strong>potestates</strong></span> <span class='ocrx_word' id='word_1_67' title='bbox 1466 1047 1514 1094; x_wconf 85' lang='lat' dir='ltr'><strong>et</strong></span> <span class='ocrx_word' id='word_1_68' title='bbox 1535 1047 1751 1094; x_wconf 76' lang='lat' dir='ltr'><strong>rectores</strong></span> 
     </span>
    </p>
   </div>
   <div class='ocr_carea' id='block_1_10' title="bbox 168 1131 1749 1206">
    <p class='ocr_par' dir='ltr' id='par_1_10' title="bbox 168 1131 1749 1206">
     <span class='ocr_line' id='line_1_10' title="bbox 168 1131 1749 1206; baseline -0.004 -12"><span class='ocrx_word' id='word_1_69' title='bbox 168 1139 338 1194; x_wconf 80' lang='lat' dir='ltr'><strong>mandi</strong></span> <span class='ocrx_word' id='word_1_70' title='bbox 368 1137 682 1191; x_wconf 83' lang='lat' dir='ltr'><strong>tenebrarum</strong></span> <span class='ocrx_word' id='word_1_71' title='bbox 707 1134 887 1190; x_wconf 73' lang='lat' dir='ltr'><strong>Irarum</strong></span> <span class='ocrx_word' id='word_1_72' title='bbox 911 1133 930 1206; x_wconf 94' lang='lat'><strong>(</strong></span> <span class='ocrx_word' id='word_1_73' title='bbox 960 1133 1152 1205; x_wconf 78' lang='lat' dir='ltr'><strong>Epltes.</strong></span> <span class='ocrx_word' id='word_1_74' title='bbox 1181 1148 1232 1188; x_wconf 65' lang='grc' dir='ltr'>τι</span> <span class='ocrx_word' id='word_1_75' title='bbox 1252 1174 1269 1201; x_wconf 85' lang='grc'><em>,</em></span> <span class='ocrx_word' id='word_1_76' title='bbox 1300 1132 1370 1187; x_wconf 71' lang='grc'><strong>12</strong></span> <span class='ocrx_word' id='word_1_77' title='bbox 1396 1131 1542 1204; x_wconf 81' lang='lat' dir='ltr'><strong>):de</strong></span> <span class='ocrx_word' id='word_1_78' title='bbox 1556 1131 1749 1201; x_wconf 83' lang='lat' dir='ltr'><strong>quibus</strong></span> 
     </span>
    </p>
   </div>
   <div class='ocr_carea' id='block_1_11' title="bbox 163 1223 1745 1297">
    <p class='ocr_par' dir='ltr' id='par_1_11' title="bbox 163 1223 1745 1297">
     <span class='ocr_line' id='line_1_11' title="bbox 163 1223 1745 1297; baseline -0.004 -13"><span class='ocrx_word' id='word_1_79' title='bbox 163 1231 215 1284; x_wconf 92' lang='lat' dir='ltr'><strong>in</strong></span> <span class='ocrx_word' id='word_1_80' title='bbox 242 1227 717 1297; x_wconf 83' lang='lat' dir='ltr'><strong>consequentibus,</strong></span> <span class='ocrx_word' id='word_1_81' title='bbox 760 1225 807 1280; x_wconf 90' lang='lat' dir='ltr'><strong>si</strong></span> <span class='ocrx_word' id='word_1_82' title='bbox 842 1225 1096 1281; x_wconf 87' lang='lat' dir='ltr'><strong>Dominus</strong></span> <span class='ocrx_word' id='word_1_83' title='bbox 1115 1223 1377 1295; x_wconf 86' lang='lat' dir='ltr'><strong>adjuverit</strong></span> <span class='ocrx_word' id='word_1_84' title='bbox 1397 1263 1414 1289; x_wconf 92' lang='lat'><strong>,</strong></span> <span class='ocrx_word' id='word_1_85' title='bbox 1447 1223 1745 1293; x_wconf 83' lang='lat' dir='ltr'><strong>loquemur.</strong></span> 
     </span>
    </p>
   </div>
   <div class='ocr_carea' id='block_1_12' title="bbox 158 1314 1746 1384">
    <p class='ocr_par' dir='ltr' id='par_1_12' title="bbox 158 1314 1746 1384">
     <span class='ocr_line' id='line_1_12' title="bbox 158 1314 1746 1384; baseline -0.006 -7"><span class='ocrx_word' id='word_1_86' title='bbox 158 1321 395 1379; x_wconf 82' lang='lat' dir='ltr'><strong>Pertinet</strong></span> <span class='ocrx_word' id='word_1_87' title='bbox 421 1318 565 1375; x_wconf 89' lang='lat' dir='ltr'><strong>enim</strong></span> <span class='ocrx_word' id='word_1_88' title='bbox 595 1320 693 1374; x_wconf 90' lang='lat' dir='ltr'><strong>ista</strong></span> <span class='ocrx_word' id='word_1_89' title='bbox 715 1317 987 1373; x_wconf 72' lang='lat' dir='ltr'><strong>distinctio</strong></span> <span class='ocrx_word' id='word_1_90' title='bbox 1012 1317 1080 1371; x_wconf 88' lang='lat' dir='ltr'><strong>ad</strong></span> <span class='ocrx_word' id='word_1_91' title='bbox 1106 1316 1495 1384; x_wconf 87' lang='lat' dir='ltr'><strong>expositionem</strong></span> <span class='ocrx_word' id='word_1_92' title='bbox 1527 1314 1746 1381; x_wconf 83' lang='lat' dir='ltr'><strong>Psalmi,</strong></span> 
     </span>
    </p>
   </div>
   <div class='ocr_carea' id='block_1_13' title="bbox 154 1405 1746 1481">
    <p class='ocr_par' dir='ltr' id='par_1_13' title="bbox 154 1405 1746 1481">
     <span class='ocr_line' id='line_1_13' title="bbox 154 1405 1746 1481; baseline -0.004 -14"><span class='ocrx_word' id='word_1_93' title='bbox 154 1427 320 1481; x_wconf 85' lang='lat' dir='ltr'><strong>quem</strong></span> <span class='ocrx_word' id='word_1_94' title='bbox 341 1409 392 1465; x_wconf 90' lang='lat' dir='ltr'><strong>io</strong></span> <span class='ocrx_word' id='word_1_95' title='bbox 421 1410 638 1467; x_wconf 88' lang='lat' dir='ltr'><strong>nomine</strong></span> <span class='ocrx_word' id='word_1_96' title='bbox 677 1409 882 1466; x_wconf 86' lang='lat' dir='ltr'><strong>Domini</strong></span> <span class='ocrx_word' id='word_1_97' title='bbox 908 1408 1243 1480; x_wconf 71' lang='lat' dir='ltr'><strong>suscepimus</strong></span> <span class='ocrx_word' id='word_1_98' title='bbox 1271 1406 1504 1463; x_wconf 84' lang='lat' dir='ltr'><strong>enodare</strong></span> <span class='ocrx_word' id='word_1_99' title='bbox 1532 1405 1746 1461; x_wconf 85' lang='lat' dir='ltr'><strong>Sancti-</strong></span> 
     </span>
    </p>
   </div>
   <div class='ocr_carea' id='block_1_14' title="bbox 149 1497 1747 1567">
    <p class='ocr_par' dir='ltr' id='par_1_14' title="bbox 149 1497 1747 1567">
     <span class='ocr_line' id='line_1_14' title="bbox 149 1497 1747 1567; baseline -0.003 -11"><span class='ocrx_word' id='word_1_100' title='bbox 149 1503 247 1556; x_wconf 86' lang='lat' dir='ltr'><strong>tati</strong></span> <span class='ocrx_word' id='word_1_101' title='bbox 283 1501 504 1557; x_wconf 73' lang='lat' dir='ltr'><strong>Vesim&#39;.</strong></span> <span class='ocrx_word' id='word_1_102' title='bbox 536 1502 736 1557; x_wconf 81' lang='lat' dir='ltr'><strong>&#39;I‘amen</strong></span> <span class='ocrx_word' id='word_1_103' title='bbox 769 1501 836 1556; x_wconf 88' lang='lat' dir='ltr'><strong>ad</strong></span> <span class='ocrx_word' id='word_1_104' title='bbox 869 1502 971 1557; x_wconf 90' lang='lat' dir='ltr'><strong>hoc</strong></span> <span class='ocrx_word' id='word_1_105' title='bbox 998 1499 1108 1555; x_wconf 85' lang='lat' dir='ltr'><strong>dixi</strong></span> <span class='ocrx_word' id='word_1_106' title='bbox 1142 1501 1256 1555; x_wconf 85' lang='lat' dir='ltr'><strong>haec</strong></span> <span class='ocrx_word' id='word_1_107' title='bbox 1278 1497 1543 1567; x_wconf 86' lang='lat' dir='ltr'><strong>exempla,</strong></span> <span class='ocrx_word' id='word_1_108' title='bbox 1569 1507 1627 1552; x_wconf 86' lang='grc' dir='ltr'><strong>ιιι</strong></span> <span class='ocrx_word' id='word_1_109' title='bbox 1650 1512 1747 1552; x_wconf 78' lang='lat' dir='ltr'><strong>no-</strong></span> 
     </span>
    </p>
   </div>
   <div class='ocr_carea' id='block_1_15' title="bbox 142 1587 1746 1662">
    <p class='ocr_par' dir='ltr' id='par_1_15' title="bbox 142 1587 1746 1662">
     <span class='ocr_line' id='line_1_15' title="bbox 142 1587 1746 1662; baseline -0.003 -14"><span class='ocrx_word' id='word_1_110' title='bbox 142 1594 340 1650; x_wconf 77' lang='lat' dir='ltr'><strong>veritis</strong></span> <span class='ocrx_word' id='word_1_111' title='bbox 377 1608 596 1648; x_wconf 89' lang='lat' dir='ltr'><strong>carnem</strong></span> <span class='ocrx_word' id='word_1_112' title='bbox 650 1592 943 1662; x_wconf 87' lang='lat' dir='ltr'><strong>appellatos</strong></span> <span class='ocrx_word' id='word_1_113' title='bbox 990 1605 1111 1647; x_wconf 87' lang='lat' dir='ltr'><strong>esse</strong></span> <span class='ocrx_word' id='word_1_114' title='bbox 1154 1590 1440 1655; x_wconf 81' lang='lat' dir='ltr'><strong>homines;</strong></span> <span class='ocrx_word' id='word_1_115' title='bbox 1496 1596 1555 1643; x_wconf 87' lang='lat' dir='ltr'><strong>ut</strong></span> <span class='ocrx_word' id='word_1_116' title='bbox 1603 1587 1746 1659; x_wconf 89' lang='lat' dir='ltr'><strong>quod</strong></span> 
     </span>
    </p>
   </div>
   <div class='ocr_carea' id='block_1_16' title="bbox 140 1677 1747 1753">
    <p class='ocr_par' dir='ltr' id='par_1_16' title="bbox 140 1677 1747 1753">
     <span class='ocr_line' id='line_1_16' title="bbox 140 1677 1747 1753; baseline -0.005 -12"><span class='ocrx_word' id='word_1_117' title='bbox 140 1685 355 1742; x_wconf 87' lang='lat' dir='ltr'><strong>dictum</strong></span> <span class='ocrx_word' id='word_1_118' title='bbox 386 1694 503 1749; x_wconf 86' lang='lat' dir='ltr'><strong>est,</strong></span> <span class='ocrx_word' id='word_1_119' title='bbox 536 1683 601 1738; x_wconf 83' lang='lat' dir='ltr'><strong>Et</strong></span> <span class='ocrx_word' id='word_1_120' title='bbox 657 1682 872 1738; x_wconf 64' lang='lat' dir='ltr'><strong>Verbum</strong></span> <span class='ocrx_word' id='word_1_121' title='bbox 908 1699 1030 1739; x_wconf 84' lang='lat' dir='ltr'><strong>caro</strong></span> <span class='ocrx_word' id='word_1_122' title='bbox 1067 1682 1260 1753; x_wconf 78' lang='lat' dir='ltr'><strong>factum</strong></span> <span class='ocrx_word' id='word_1_123' title='bbox 1306 1691 1410 1747; x_wconf 83' lang='lat' dir='ltr'><strong>est,</strong></span> <span class='ocrx_word' id='word_1_124' title='bbox 1439 1677 1747 1751; x_wconf 70' lang='lat' dir='ltr'><strong>intelligetis</strong></span> 
     </span>
    </p>
   </div>
   <div class='ocr_carea' id='block_1_17' title="bbox 138 1776 1255 1845">
    <p class='ocr_par' dir='ltr' id='par_1_17' title="bbox 138 1776 1255 1845">
     <span class='ocr_line' id='line_1_17' title="bbox 138 1776 1255 1845; baseline -0.006 -9"><span class='ocrx_word' id='word_1_125' title='bbox 138 1780 376 1845; x_wconf 89' lang='lat' dir='ltr'><strong>dictum,</strong></span> <span class='ocrx_word' id='word_1_126' title='bbox 402 1789 458 1834; x_wconf 90' lang='lat' dir='ltr'><strong>et</strong></span> <span class='ocrx_word' id='word_1_127' title='bbox 486 1777 721 1835; x_wconf 89' lang='lat' dir='ltr'><strong>Verbum</strong></span> <span class='ocrx_word' id='word_1_128' title='bbox 749 1776 910 1833; x_wconf 90' lang='lat' dir='ltr'><strong>homo</strong></span> <span class='ocrx_word' id='word_1_129' title='bbox 936 1776 1131 1833; x_wconf 82' lang='lat' dir='ltr'><strong>factum</strong></span> <span class='ocrx_word' id='word_1_130' title='bbox 1152 1784 1255 1833; x_wconf 91' lang='lat' dir='ltr'><strong>est.</strong></span> 
     </span>
    </p>
   </div>
   <div class='ocr_carea' id='block_1_18' title="bbox 212 1863 1746 1943">
    <p class='ocr_par' dir='ltr' id='par_1_18' title="bbox 212 1863 1746 1943">
     <span class='ocr_line' id='line_1_18' title="bbox 212 1863 1746 1943; baseline -0.004 -15"><span class='ocrx_word' id='word_1_131' title='bbox 212 1873 275 1929; x_wconf 76' lang='lat'><strong>2.</strong></span> <span class='ocrx_word' id='word_1_132' title='bbox 320 1873 503 1943; x_wconf 74' lang='lat' dir='ltr'><strong>Neque</strong></span> <span class='ocrx_word' id='word_1_133' title='bbox 547 1872 665 1929; x_wconf 91' lang='lat' dir='ltr'><strong>sine</strong></span> <span class='ocrx_word' id='word_1_134' title='bbox 709 1885 870 1926; x_wconf 88' lang='lat' dir='ltr'><strong>causa</strong></span> <span class='ocrx_word' id='word_1_135' title='bbox 915 1868 1016 1925; x_wconf 92' lang='lat' dir='ltr'><strong>hoe</strong></span> <span class='ocrx_word' id='word_1_136' title='bbox 1059 1868 1190 1925; x_wconf 93' lang='lat' dir='ltr'><strong>dixi.</strong></span> <span class='ocrx_word' id='word_1_137' title='bbox 1221 1866 1440 1923; x_wconf 86' lang='lat' dir='ltr'><strong>Noverit</strong></span> <span class='ocrx_word' id='word_1_138' title='bbox 1480 1863 1746 1922; x_wconf 78' lang='lat' dir='ltr'><strong>Sanctitas</strong></span> 
     </span>
    </p>
   </div>
   <div class='ocr_carea' id='block_1_19' title="bbox 140 1960 1745 2034">
    <p class='ocr_par' dir='ltr' id='par_1_19' title="bbox 140 1960 1745 2034">
     <span class='ocr_line' id='line_1_19' title="bbox 140 1960 1745 2034; baseline -0.003 -13"><span class='ocrx_word' id='word_1_139' title='bbox 140 1965 345 2023; x_wconf 79' lang='lat' dir='ltr'><strong>Vestra</strong></span> <span class='ocrx_word' id='word_1_140' title='bbox 372 1967 541 2021; x_wconf 79' lang='lat' dir='ltr'><strong>fuisse</strong></span> <span class='ocrx_word' id='word_1_141' title='bbox 563 1965 849 2034; x_wconf 90' lang='lat' dir='ltr'><strong>quamdam</strong></span> <span class='ocrx_word' id='word_1_142' title='bbox 882 1963 1130 2021; x_wconf 78' lang='lat' dir='ltr'><strong>lia-resim</strong></span> <span class='ocrx_word' id='word_1_143' title='bbox 1154 2004 1170 2029; x_wconf 93' lang='lat'><strong>,</strong></span> <span class='ocrx_word' id='word_1_144' title='bbox 1196 1962 1278 2017; x_wconf 88' lang='lat' dir='ltr'><strong>vel</strong></span> <span class='ocrx_word' id='word_1_145' title='bbox 1302 1961 1478 2017; x_wconf 90' lang='lat' dir='ltr'><strong>adhuc</strong></span> <span class='ocrx_word' id='word_1_146' title='bbox 1503 1960 1745 2016; x_wconf 76' lang='lat' dir='ltr'><strong>fortassis</strong></span> 
     </span>
    </p>
   </div>
   <div class='ocr_carea' id='block_1_20' title="bbox 140 2053 1743 2131">
    <p class='ocr_par' dir='ltr' id='par_1_20' title="bbox 140 2053 1743 2131">
     <span class='ocr_line' id='line_1_20' title="bbox 140 2053 1743 2131; baseline -0.005 -15"><span class='ocrx_word' id='word_1_147' title='bbox 140 2061 339 2117; x_wconf 85' lang='lat' dir='ltr'><strong>haberi</strong></span> <span class='ocrx_word' id='word_1_148' title='bbox 375 2060 630 2131; x_wconf 90' lang='lat' dir='ltr'><strong>reliquias</strong></span> <span class='ocrx_word' id='word_1_149' title='bbox 655 2057 1007 2129; x_wconf 89' lang='lat' dir='ltr'><strong>quorumdam</strong></span> <span class='ocrx_word' id='word_1_150' title='bbox 1049 2056 1140 2127; x_wconf 87' lang='lat' dir='ltr'><strong>qui</strong></span> <span class='ocrx_word' id='word_1_151' title='bbox 1169 2055 1296 2111; x_wconf 84' lang='lat' dir='ltr'><strong>dicti</strong></span> <span class='ocrx_word' id='word_1_152' title='bbox 1323 2064 1449 2110; x_wconf 90' lang='lat' dir='ltr'><strong>sunt</strong></span> <span class='ocrx_word' id='word_1_153' title='bbox 1469 2053 1743 2125; x_wconf 81' lang='lat' dir='ltr'><strong>Apollina-</strong></span> 
     </span>
    </p>
   </div>
   <div class='ocr_carea' id='block_1_21' title="bbox 144 2145 1742 2221">
    <p class='ocr_par' dir='ltr' id='par_1_21' title="bbox 144 2145 1742 2221">
     <span class='ocr_line' id='line_1_21' title="bbox 144 2145 1742 2221; baseline -0.004 -14"><span class='ocrx_word' id='word_1_154' title='bbox 144 2152 318 2207; x_wconf 75' lang='lat' dir='ltr'><strong>ristzn.</strong></span> <span class='ocrx_word' id='word_1_155' title='bbox 345 2151 525 2217; x_wconf 77' lang='lat' dir='ltr'><strong>Aliqui</strong></span> <span class='ocrx_word' id='word_1_156' title='bbox 556 2151 699 2206; x_wconf 90' lang='lat' dir='ltr'><strong>enim</strong></span> <span class='ocrx_word' id='word_1_157' title='bbox 726 2150 962 2221; x_wconf 88' lang='lat' dir='ltr'><strong>ipsorum</strong></span> <span class='ocrx_word' id='word_1_158' title='bbox 988 2147 1243 2203; x_wconf 85' lang='lat' dir='ltr'><strong>dixerunt</strong></span> <span class='ocrx_word' id='word_1_159' title='bbox 1264 2145 1561 2212; x_wconf 91' lang='lat' dir='ltr'><strong>hominem,</strong></span> <span class='ocrx_word' id='word_1_160' title='bbox 1584 2160 1742 2215; x_wconf 86' lang='lat' dir='ltr'><strong>quem</strong></span> 
     </span>
    </p>
   </div>
   <div class='ocr_carea' id='block_1_22' title="bbox 145 2237 1743 2312">
    <p class='ocr_par' dir='ltr' id='par_1_22' title="bbox 145 2237 1743 2312">
     <span class='ocr_line' id='line_1_22' title="bbox 145 2237 1743 2312; baseline -0.005 -13"><span class='ocrx_word' id='word_1_161' title='bbox 145 2243 385 2312; x_wconf 67' lang='lat' dir='ltr'><strong>auset&#39;pit</strong></span> <span class='ocrx_word' id='word_1_162' title='bbox 431 2239 703 2312; x_wconf 78' lang='lat' dir='ltr'><strong>Sapientia</strong></span> <span class='ocrx_word' id='word_1_163' title='bbox 757 2240 854 2295; x_wconf 90' lang='lat' dir='ltr'><strong>Dei</strong></span> <span class='ocrx_word' id='word_1_164' title='bbox 899 2240 919 2310; x_wconf 92' lang='lat'><strong>(</strong></span> <span class='ocrx_word' id='word_1_165' title='bbox 951 2249 1004 2294; x_wconf 90' lang='lat' dir='ltr'><strong>et</strong></span> <span class='ocrx_word' id='word_1_166' title='bbox 1051 2238 1105 2293; x_wconf 93' lang='lat' dir='ltr'><strong>in</strong></span> <span class='ocrx_word' id='word_1_167' title='bbox 1133 2253 1239 2308; x_wconf 90' lang='lat' dir='ltr'><strong>quo</strong></span> <span class='ocrx_word' id='word_1_168' title='bbox 1264 2237 1528 2307; x_wconf 75' lang='lat' dir='ltr'><strong>expressit</strong></span> <span class='ocrx_word' id='word_1_169' title='bbox 1557 2251 1743 2307; x_wconf 85' lang='lat' dir='ltr'><strong>perso-</strong></span> 
     </span>
    </p>
   </div>
   <div class='ocr_carea' id='block_1_23' title="bbox 152 2326 1747 2399">
    <p class='ocr_par' dir='ltr' id='par_1_23' title="bbox 152 2326 1747 2399">
     <span class='ocr_line' id='line_1_23' title="bbox 152 2326 1747 2399; baseline -0.003 -10"><span class='ocrx_word' id='word_1_170' title='bbox 152 2349 278 2391; x_wconf 88' lang='lat' dir='ltr'><strong>nam</strong></span> <span class='ocrx_word' id='word_1_171' title='bbox 306 2349 478 2399; x_wconf 88' lang='lat' dir='ltr'><strong>suam,</strong></span> <span class='ocrx_word' id='word_1_172' title='bbox 502 2348 608 2388; x_wconf 92' lang='lat' dir='ltr'><strong>non</strong></span> <span class='ocrx_word' id='word_1_173' title='bbox 631 2333 769 2389; x_wconf 89' lang='lat' dir='ltr'><strong>sicut</strong></span> <span class='ocrx_word' id='word_1_174' title='bbox 796 2332 847 2389; x_wconf 93' lang='lat' dir='ltr'><strong>in</strong></span> <span class='ocrx_word' id='word_1_175' title='bbox 870 2331 1082 2387; x_wconf 65' lang='lat' dir='ltr'><strong>ceteris</strong></span> <span class='ocrx_word' id='word_1_176' title='bbox 1100 2332 1116 2363; x_wconf 78' lang='grc' dir='ltr'>ί</span> <span class='ocrx_word' id='word_1_177' title='bbox 1137 2330 1462 2396; x_wconf 87' lang='lat' dir='ltr'><strong>hominibus,</strong></span> <span class='ocrx_word' id='word_1_178' title='bbox 1482 2326 1579 2386; x_wconf 90' lang='lat' dir='ltr'><strong>sed</strong></span> <span class='ocrx_word' id='word_1_179' title='bbox 1605 2330 1747 2385; x_wconf 88' lang='lat' dir='ltr'><strong>sicut</strong></span> 
     </span>
    </p>
   </div>
   <div class='ocr_carea' id='block_1_24' title="bbox 154 2419 1744 2495">
    <p class='ocr_par' dir='ltr' id='par_1_24' title="bbox 154 2419 1744 2495">
     <span class='ocr_line' id='line_1_24' title="bbox 154 2419 1744 2495; baseline -0.003 -15"><span class='ocrx_word' id='word_1_180' title='bbox 154 2425 350 2481; x_wconf 85' lang='lat' dir='ltr'><strong>dictum</strong></span> <span class='ocrx_word' id='word_1_181' title='bbox 376 2432 460 2481; x_wconf 85' lang='lat' dir='ltr'><strong>est</strong></span> <span class='ocrx_word' id='word_1_182' title='bbox 488 2425 540 2479; x_wconf 90' lang='lat' dir='ltr'><strong>iu</strong></span> <span class='ocrx_word' id='word_1_183' title='bbox 573 2424 778 2495; x_wconf 85' lang='lat' dir='ltr'><strong>psalmo</strong></span> <span class='ocrx_word' id='word_1_184' title='bbox 799 2465 816 2489; x_wconf 92' lang='lat'><strong>,</strong></span> <span class='ocrx_word' id='word_1_185' title='bbox 848 2422 1005 2479; x_wconf 75' lang='lat' dir='ltr'><strong>Unxit</strong></span> <span class='ocrx_word' id='word_1_186' title='bbox 1049 2432 1098 2477; x_wconf 84' lang='lat' dir='ltr'><strong>te</strong></span> <span class='ocrx_word' id='word_1_187' title='bbox 1138 2420 1297 2487; x_wconf 83' lang='lat' dir='ltr'><strong>Deus,</strong></span> <span class='ocrx_word' id='word_1_188' title='bbox 1323 2419 1463 2476; x_wconf 85' lang='lat' dir='ltr'><strong>Deus</strong></span> <span class='ocrx_word' id='word_1_189' title='bbox 1490 2430 1609 2476; x_wconf 81' lang='lat' dir='ltr'><strong>tuus</strong></span> <span class='ocrx_word' id='word_1_190' title='bbox 1632 2422 1744 2478; x_wconf 84' lang='lat' dir='ltr'><strong>oleo</strong></span> 
     </span>
    </p>
   </div>
   <div class='ocr_carea' id='block_1_25' title="bbox 159 2512 1740 2591">
    <p class='ocr_par' dir='ltr' id='par_1_25' title="bbox 159 2512 1740 2591">
     <span class='ocr_line' id='line_1_25' title="bbox 159 2512 1740 2591; baseline -0.003 -16"><span class='ocrx_word' id='word_1_191' title='bbox 159 2518 499 2575; x_wconf 59' lang='lat' dir='ltr'><strong>«saltationis</strong></span> <span class='ocrx_word' id='word_1_192' title='bbox 527 2535 637 2591; x_wconf 77' lang='lat' dir='ltr'><strong>pra:</strong></span> <span class='ocrx_word' id='word_1_193' title='bbox 671 2516 1002 2589; x_wconf 74' lang='lat' dir='ltr'><strong>participibus</strong></span> <span class='ocrx_word' id='word_1_194' title='bbox 1042 2516 1140 2570; x_wconf 84' lang='lat' dir='ltr'><strong>tuis</strong></span> <span class='ocrx_word' id='word_1_195' title='bbox 1191 2513 1213 2588; x_wconf 94' lang='lat'><strong>[</strong></span> <span class='ocrx_word' id='word_1_196' title='bbox 1247 2513 1391 2571; x_wconf 80' lang='lat' dir='ltr'><strong>Psal.</strong></span> <span class='ocrx_word' id='word_1_197' title='bbox 1439 2530 1584 2577; x_wconf 82' lang='lat' dir='ltr'><strong>xuv,</strong></span> <span class='ocrx_word' id='word_1_198' title='bbox 1617 2512 1693 2587; x_wconf 89' lang='lat'><strong>8]</strong></span> <span class='ocrx_word' id='word_1_199' title='bbox 1722 2556 1740 2581; x_wconf 90' lang='lat'><strong>,</strong></span> 
     </span>
    </p>
   </div>
   <div class='ocr_carea' id='block_1_26' title="bbox 161 2607 1747 2681">
    <p class='ocr_par' dir='ltr' id='par_1_26' title="bbox 161 2607 1747 2681">
     <span class='ocr_line' id='line_1_26' title="bbox 161 2607 1747 2681; baseline -0.003 -16"><span class='ocrx_word' id='word_1_200' title='bbox 161 2610 214 2667; x_wconf 91' lang='lat' dir='ltr'><strong>id</strong></span> <span class='ocrx_word' id='word_1_201' title='bbox 256 2620 340 2667; x_wconf 85' lang='lat' dir='ltr'><strong>est</strong></span> <span class='ocrx_word' id='word_1_202' title='bbox 381 2611 611 2681; x_wconf 81' lang='lat' dir='ltr'><strong>amplius</strong></span> <span class='ocrx_word' id='word_1_203' title='bbox 674 2623 834 2681; x_wconf 88' lang='lat' dir='ltr'><strong>quam</strong></span> <span class='ocrx_word' id='word_1_204' title='bbox 874 2607 1159 2679; x_wconf 76' lang='lat' dir='ltr'><strong>participes</strong></span> <span class='ocrx_word' id='word_1_205' title='bbox 1199 2616 1318 2661; x_wconf 91' lang='lat' dir='ltr'><strong>tuos</strong></span> <span class='ocrx_word' id='word_1_206' title='bbox 1364 2623 1379 2660; x_wconf 90' lang='lat'><strong>:</strong></span> <span class='ocrx_word' id='word_1_207' title='bbox 1422 2620 1491 2660; x_wconf 89' lang='lat' dir='ltr'><strong>ne</strong></span> <span class='ocrx_word' id='word_1_208' title='bbox 1529 2613 1747 2676; x_wconf 82' lang='lat' dir='ltr'><strong>putetur</strong></span> 
     </span>
    </p>
   </div>
   <div class='ocr_carea' id='block_1_27' title="bbox 166 2695 1743 2769">
    <p class='ocr_par' dir='ltr' id='par_1_27' title="bbox 166 2695 1743 2769">
     <span class='ocr_line' id='line_1_27' title="bbox 166 2695 1743 2769; baseline -0.004 -12"><span class='ocrx_word' id='word_1_209' title='bbox 166 2700 241 2757; x_wconf 86' lang='lat' dir='ltr'><strong>sic</strong></span> <span class='ocrx_word' id='word_1_210' title='bbox 292 2710 480 2757; x_wconf 89' lang='lat' dir='ltr'><strong>unctus</strong></span> <span class='ocrx_word' id='word_1_211' title='bbox 540 2699 788 2756; x_wconf 83' lang='lat' dir='ltr'><strong>Christus</strong></span> <span class='ocrx_word' id='word_1_212' title='bbox 857 2697 1126 2769; x_wconf 87' lang='lat' dir='ltr'><strong>quomodo</strong></span> <span class='ocrx_word' id='word_1_213' title='bbox 1188 2695 1368 2753; x_wconf 68' lang='lat' dir='ltr'><strong>caueri</strong></span> <span class='ocrx_word' id='word_1_214' title='bbox 1438 2696 1682 2751; x_wconf 86' lang='lat' dir='ltr'><strong>homines</strong></span> <span class='ocrx_word' id='word_1_215' title='bbox 1723 2735 1743 2760; x_wconf 95' lang='lat'><strong>,</strong></span> 
     </span>
    </p>
   </div>
   <div class='ocr_carea' id='block_1_28' title="bbox 170 2788 1748 2865">
    <p class='ocr_par' dir='ltr' id='par_1_28' title="bbox 170 2788 1748 2865">
     <span class='ocr_line' id='line_1_28' title="bbox 170 2788 1748 2865; baseline -0.004 -15"><span class='ocrx_word' id='word_1_216' title='bbox 170 2796 424 2865; x_wconf 85' lang='lat' dir='ltr'><strong>quomodo</strong></span> <span class='ocrx_word' id='word_1_217' title='bbox 465 2795 646 2850; x_wconf 75' lang='lat' dir='ltr'><strong>czetcri</strong></span> <span class='ocrx_word' id='word_1_218' title='bbox 681 2792 812 2863; x_wconf 80' lang='lat' dir='ltr'><strong>justi</strong></span> <span class='ocrx_word' id='word_1_219' title='bbox 844 2835 861 2859; x_wconf 88' lang='lat'><strong>,</strong></span> <span class='ocrx_word' id='word_1_220' title='bbox 891 2789 1163 2863; x_wconf 89' lang='lat' dir='ltr'><strong>quomodo</strong></span> <span class='ocrx_word' id='word_1_221' title='bbox 1213 2788 1535 2845; x_wconf 79' lang='lat' dir='ltr'><strong>Patriarehte</strong></span> <span class='ocrx_word' id='word_1_222' title='bbox 1565 2828 1582 2853; x_wconf 87' lang='lat'><strong>,</strong></span> <span class='ocrx_word' id='word_1_223' title='bbox 1614 2788 1748 2845; x_wconf 81' lang='lat' dir='ltr'><strong>Pro-</strong></span> 
     </span>
    </p>
   </div>
   <div class='ocr_carea' id='block_1_29' title="bbox 175 2878 1745 2959">
    <p class='ocr_par' dir='ltr' id='par_1_29' title="bbox 175 2878 1745 2959">
     <span class='ocr_line' id='line_1_29' title="bbox 175 2878 1745 2959; baseline -0.004 -16"><span class='ocrx_word' id='word_1_224' title='bbox 175 2888 367 2958; x_wconf 76' lang='lat' dir='ltr'><strong>phette,</strong></span> <span class='ocrx_word' id='word_1_225' title='bbox 412 2885 690 2959; x_wconf 74' lang='lat' dir='ltr'><strong>Apostoli,</strong></span> <span class='ocrx_word' id='word_1_226' title='bbox 738 2895 793 2940; x_wconf 89' lang='lat' dir='ltr'><strong>et</strong></span> <span class='ocrx_word' id='word_1_227' title='bbox 849 2883 1107 2955; x_wconf 80' lang='lat' dir='ltr'><strong>Martyres</strong></span> <span class='ocrx_word' id='word_1_228' title='bbox 1140 2920 1160 2947; x_wconf 88' lang='lat'><strong>,</strong></span> <span class='ocrx_word' id='word_1_229' title='bbox 1222 2888 1277 2935; x_wconf 89' lang='grc' dir='ltr'><strong>ει</strong></span> <span class='ocrx_word' id='word_1_230' title='bbox 1328 2878 1583 2951; x_wconf 88' lang='lat' dir='ltr'><strong>quidquid</strong></span> <span class='ocrx_word' id='word_1_231' title='bbox 1626 2894 1745 2936; x_wconf 84' lang='lat' dir='ltr'><strong>ma-</strong></span> 
     </span>
    </p>
   </div>
   <div class='ocr_carea' id='block_1_30' title="bbox 173 2970 1746 3049">
    <p class='ocr_par' dir='ltr' id='par_1_30' title="bbox 173 2970 1746 3049">
     <span class='ocr_line' id='line_1_30' title="bbox 173 2970 1746 3049; baseline -0.005 -16"><span class='ocrx_word' id='word_1_232' title='bbox 173 2992 320 3049; x_wconf 78' lang='lat' dir='ltr'><strong>gnum</strong></span> <span class='ocrx_word' id='word_1_233' title='bbox 368 2988 446 3035; x_wconf 85' lang='lat' dir='ltr'><strong>est</strong></span> <span class='ocrx_word' id='word_1_234' title='bbox 496 2979 551 3033; x_wconf 88' lang='lat' dir='ltr'><strong>in</strong></span> <span class='ocrx_word' id='word_1_235' title='bbox 579 2992 777 3049; x_wconf 82' lang='lat' dir='ltr'><strong>genere</strong></span> <span class='ocrx_word' id='word_1_236' title='bbox 811 2975 1065 3031; x_wconf 87' lang='lat' dir='ltr'><strong>lutmano.</strong></span> <span class='ocrx_word' id='word_1_237' title='bbox 1113 2970 1337 3042; x_wconf 82' lang='lat' dir='ltr'><strong>Quando</strong></span> <span class='ocrx_word' id='word_1_238' title='bbox 1372 2971 1588 3041; x_wconf 81' lang='lat' dir='ltr'><strong>quidem</strong></span> <span class='ocrx_word' id='word_1_239' title='bbox 1614 2970 1746 3026; x_wconf 89' lang='lat' dir='ltr'><strong>nihil</strong></span> 
     </span>
    </p>
   </div>
   <div class='ocr_carea' id='block_1_31' title="bbox 177 3060 1745 3139">
    <p class='ocr_par' dir='ltr' id='par_1_31' title="bbox 177 3060 1745 3139">
     <span class='ocr_line' id='line_1_31' title="bbox 177 3060 1745 3139; baseline -0.004 -16"><span class='ocrx_word' id='word_1_240' title='bbox 177 3068 330 3139; x_wconf 74' lang='lat' dir='ltr'><strong>maius</strong></span> <span class='ocrx_word' id='word_1_241' title='bbox 369 3069 567 3124; x_wconf 72' lang='lat' dir='ltr'><strong>exstitit</strong></span> <span class='ocrx_word' id='word_1_242' title='bbox 597 3070 651 3123; x_wconf 90' lang='lat' dir='ltr'><strong>in</strong></span> <span class='ocrx_word' id='word_1_243' title='bbox 693 3081 890 3139; x_wconf 78' lang='lat' dir='ltr'><strong>genere</strong></span> <span class='ocrx_word' id='word_1_244' title='bbox 918 3065 1151 3120; x_wconf 88' lang='lat' dir='ltr'><strong>humano</strong></span> <span class='ocrx_word' id='word_1_245' title='bbox 1174 3077 1334 3134; x_wconf 85' lang='lat' dir='ltr'><strong>quam</strong></span> <span class='ocrx_word' id='word_1_246' title='bbox 1373 3060 1745 3118; x_wconf 79' lang='lat' dir='ltr'><strong>JoannesBa-</strong></span> 
     </span>
    </p>
   </div>
   <div class='ocr_carea' id='block_1_32' title="bbox 182 3151 1741 3231">
    <p class='ocr_par' dir='ltr' id='par_1_32' title="bbox 182 3151 1741 3231">
     <span class='ocr_line' id='line_1_32' title="bbox 182 3151 1741 3231; baseline -0.004 -16"><span class='ocrx_word' id='word_1_247' title='bbox 182 3161 353 3230; x_wconf 82' lang='lat' dir='ltr'><strong>ptista;</strong></span> <span class='ocrx_word' id='word_1_248' title='bbox 400 3176 511 3231; x_wconf 13' lang='lat' dir='ltr'><strong>nec,</strong></span> <span class='ocrx_word' id='word_1_249' title='bbox 546 3160 599 3215; x_wconf 90' lang='lat' dir='ltr'><strong>in</strong></span> <span class='ocrx_word' id='word_1_250' title='bbox 643 3157 784 3214; x_wconf 90' lang='lat' dir='ltr'><strong>natis</strong></span> <span class='ocrx_word' id='word_1_251' title='bbox 820 3156 1104 3212; x_wconf 89' lang='lat' dir='ltr'><strong>mulierum</strong></span> <span class='ocrx_word' id='word_1_252' title='bbox 1147 3154 1452 3214; x_wconf 82' lang='lat' dir='ltr'><strong>exsurrexit</strong></span> <span class='ocrx_word' id='word_1_253' title='bbox 1504 3151 1741 3226; x_wconf 78' lang='lat' dir='ltr'><strong>[Matt/t.</strong></span> 
     </span>
    </p>
   </div>
   <div class='ocr_carea' id='block_1_33' title="bbox 182 3242 1757 3325">
    <p class='ocr_par' dir='ltr' id='par_1_33' title="bbox 182 3242 1757 3325">
     <span class='ocr_line' id='line_1_33' title="bbox 182 3242 1757 3325; baseline -0.004 -20"><span class='ocrx_word' id='word_1_254' title='bbox 182 3252 315 3315; x_wconf 67' lang='lat' dir='ltr'><strong>at.“</strong></span> <span class='ocrx_word' id='word_1_255' title='bbox 339 3250 379 3325; x_wconf 91' lang='lat'><strong>].</strong></span> <span class='ocrx_word' id='word_1_256' title='bbox 405 3251 460 3306; x_wconf 85' lang='lat' dir='ltr'><strong>Si</strong></span> <span class='ocrx_word' id='word_1_257' title='bbox 486 3249 685 3322; x_wconf 77' lang='lat' dir='ltr'><strong>qumris</strong></span> <span class='ocrx_word' id='word_1_258' title='bbox 711 3247 1080 3305; x_wconf 87' lang='lat' dir='ltr'><strong>excellentiam</strong></span> <span class='ocrx_word' id='word_1_259' title='bbox 1101 3244 1357 3310; x_wconf 84' lang='lat' dir='ltr'><strong>hominis,</strong></span> <span class='ocrx_word' id='word_1_260' title='bbox 1378 3242 1612 3301; x_wconf 80' lang='lat' dir='ltr'><strong>Joannes</strong></span> <span class='ocrx_word' id='word_1_261' title='bbox 1640 3244 1757 3305; x_wconf 46' lang='lat' dir='ltr'><strong>Bas</strong></span> 
     </span>
    </p>
   </div>
   <div class='ocr_carea' id='block_1_34' title="bbox 188 3335 1746 3413">
    <p class='ocr_par' dir='ltr' id='par_1_34' title="bbox 188 3335 1746 3413">
     <span class='ocr_line' id='line_1_34' title="bbox 188 3335 1746 3413; baseline -0.004 -14"><span class='ocrx_word' id='word_1_262' title='bbox 188 3345 321 3413; x_wconf 85' lang='lat' dir='ltr'><strong>ptista</strong></span> <span class='ocrx_word' id='word_1_263' title='bbox 349 3353 448 3399; x_wconf 90' lang='lat' dir='ltr'><strong>est.</strong></span> <span class='ocrx_word' id='word_1_264' title='bbox 490 3344 588 3399; x_wconf 87' lang='lat' dir='ltr'><strong>Cui</strong></span> <span class='ocrx_word' id='word_1_265' title='bbox 621 3350 799 3398; x_wconf 89' lang='lat' dir='ltr'><strong>autem</strong></span> <span class='ocrx_word' id='word_1_266' title='bbox 830 3339 1066 3396; x_wconf 83' lang='lat' dir='ltr'><strong>Joannes</strong></span> <span class='ocrx_word' id='word_1_267' title='bbox 1100 3353 1161 3395; x_wconf 88' lang='lat' dir='ltr'><strong>se</strong></span> <span class='ocrx_word' id='word_1_268' title='bbox 1205 3338 1334 3401; x_wconf 87' lang='lat' dir='ltr'><strong>dicit</strong></span> <span class='ocrx_word' id='word_1_269' title='bbox 1362 3352 1468 3395; x_wconf 92' lang='lat' dir='ltr'><strong>non</strong></span> <span class='ocrx_word' id='word_1_270' title='bbox 1510 3351 1632 3394; x_wconf 89' lang='lat' dir='ltr'><strong>esse</strong></span> <span class='ocrx_word' id='word_1_271' title='bbox 1658 3335 1746 3393; x_wconf 87' lang='lat' dir='ltr'><strong>di-</strong></span> 
     </span>
    </p>
   </div>
   <div class='ocr_carea' id='block_1_35' title="bbox 189 3426 1744 3506">
    <p class='ocr_par' dir='ltr' id='par_1_35' title="bbox 189 3426 1744 3506">
     <span class='ocr_line' id='line_1_35' title="bbox 189 3426 1744 3506; baseline -0.003 -17"><span class='ocrx_word' id='word_1_272' title='bbox 189 3448 325 3506; x_wconf 78' lang='lat' dir='ltr'><strong>gnum</strong></span> <span class='ocrx_word' id='word_1_273' title='bbox 347 3435 625 3506; x_wconf 72' lang='lat' dir='ltr'><strong>corrigiam</strong></span> <span class='ocrx_word' id='word_1_274' title='bbox 668 3431 1019 3489; x_wconf 88' lang='lat' dir='ltr'><strong>caleeamenti</strong></span> <span class='ocrx_word' id='word_1_275' title='bbox 1067 3426 1278 3487; x_wconf 88' lang='lat' dir='ltr'><strong>solvere</strong></span> <span class='ocrx_word' id='word_1_276' title='bbox 1315 3428 1525 3502; x_wconf 77' lang='lat' dir='ltr'><strong>[Marci</strong></span> <span class='ocrx_word' id='word_1_277' title='bbox 1552 3444 1593 3495; x_wconf 87' lang='grc' dir='ltr'>ι,</span> <span class='ocrx_word' id='word_1_278' title='bbox 1621 3428 1654 3485; x_wconf 89' lang='lat'><strong>7</strong></span> <span class='ocrx_word' id='word_1_279' title='bbox 1679 3426 1701 3501; x_wconf 94' lang='lat'>]</span> <span class='ocrx_word' id='word_1_280' title='bbox 1727 3469 1744 3494; x_wconf 89' lang='lat'><strong><em>.</em></strong></span> 
     </span>
    </p>
   </div>
   <div class='ocr_carea' id='block_1_36' title="bbox 192 3519 1755 3595">
    <p class='ocr_par' dir='ltr' id='par_1_36' title="bbox 192 3519 1755 3595">
     <span class='ocr_line' id='line_1_36' title="bbox 192 3519 1755 3595; baseline -0.004 -14"><span class='ocrx_word' id='word_1_281' title='bbox 192 3525 295 3595; x_wconf 81' lang='lat' dir='ltr'><strong>quid</strong></span> <span class='ocrx_word' id='word_1_282' title='bbox 320 3536 429 3581; x_wconf 89' lang='lat' dir='ltr'><strong>erat</strong></span> <span class='ocrx_word' id='word_1_283' title='bbox 473 3527 564 3582; x_wconf 91' lang='lat' dir='ltr'><strong>ille</strong></span> <span class='ocrx_word' id='word_1_284' title='bbox 594 3524 695 3580; x_wconf 75' lang='lat' dir='ltr'><strong>nisi</strong></span> <span class='ocrx_word' id='word_1_285' title='bbox 743 3523 976 3595; x_wconf 89' lang='lat' dir='ltr'><strong>amplius</strong></span> <span class='ocrx_word' id='word_1_286' title='bbox 1022 3537 1181 3593; x_wconf 86' lang='lat' dir='ltr'><strong>quant</strong></span> <span class='ocrx_word' id='word_1_287' title='bbox 1233 3522 1413 3577; x_wconf 76' lang='lat' dir='ltr'><strong>eteteri</strong></span> <span class='ocrx_word' id='word_1_288' title='bbox 1462 3519 1755 3577; x_wconf 70' lang='lat' dir='ltr'><strong>homines?</strong></span> 
     </span>
    </p>
   </div>
   <div class='ocr_carea' id='block_1_37' title="bbox 192 3611 1743 3689">
    <p class='ocr_par' dir='ltr' id='par_1_37' title="bbox 192 3611 1743 3689">
     <span class='ocr_line' id='line_1_37' title="bbox 192 3611 1743 3689; baseline -0.003 -17"><span class='ocrx_word' id='word_1_289' title='bbox 192 3615 337 3674; x_wconf 79' lang='lat' dir='ltr'><strong>Etiam</strong></span> <span class='ocrx_word' id='word_1_290' title='bbox 363 3619 413 3674; x_wconf 90' lang='lat' dir='ltr'><strong>in</strong></span> <span class='ocrx_word' id='word_1_291' title='bbox 437 3621 553 3689; x_wconf 63' lang='lat' dir='ltr'><strong>ipsi;</strong></span> <span class='ocrx_word' id='word_1_292' title='bbox 588 3616 803 3672; x_wconf 80' lang='lat' dir='ltr'><strong>homine.</strong></span> <span class='ocrx_word' id='word_1_293' title='bbox 827 3614 1060 3686; x_wconf 87' lang='lat' dir='ltr'><strong>amplius</strong></span> <span class='ocrx_word' id='word_1_294' title='bbox 1083 3628 1243 3685; x_wconf 90' lang='lat' dir='ltr'><strong>quam</strong></span> <span class='ocrx_word' id='word_1_295' title='bbox 1272 3612 1453 3668; x_wconf 67' lang='lat' dir='ltr'><strong>casteri</strong></span> <span class='ocrx_word' id='word_1_296' title='bbox 1478 3611 1743 3668; x_wconf 88' lang='lat' dir='ltr'><strong>homines.</strong></span> 
     </span>
    </p>
   </div>
   <div class='ocr_carea' id='block_1_38' title="bbox 191 3705 1749 3774">
    <p class='ocr_par' dir='ltr' id='par_1_38' title="bbox 191 3705 1749 3774">
     <span class='ocr_line' id='line_1_38' title="bbox 191 3705 1749 3774; baseline -0.001 -12"><span class='ocrx_word' id='word_1_297' title='bbox 191 3705 301 3764; x_wconf 76' lang='lat' dir='ltr'><strong>Nam</strong></span> <span class='ocrx_word' id='word_1_298' title='bbox 326 3711 612 3765; x_wconf 75' lang='lat' dir='ltr'><strong>secundum</strong></span> <span class='ocrx_word' id='word_1_299' title='bbox 649 3708 837 3774; x_wconf 86' lang='lat' dir='ltr'><strong>Deum,</strong></span> <span class='ocrx_word' id='word_1_300' title='bbox 868 3717 921 3762; x_wconf 89' lang='lat' dir='ltr'><strong>et</strong></span> <span class='ocrx_word' id='word_1_301' title='bbox 970 3705 1265 3761; x_wconf 86' lang='lat' dir='ltr'><strong>secundum</strong></span> <span class='ocrx_word' id='word_1_302' title='bbox 1294 3705 1623 3760; x_wconf 76' lang='lat' dir='ltr'><strong>divinitatem</strong></span> <span class='ocrx_word' id='word_1_303' title='bbox 1646 3745 1661 3768; x_wconf 93' lang='lat'><strong>,</strong></span> <span class='ocrx_word' id='word_1_304' title='bbox 1691 3711 1749 3760; x_wconf 78' lang='lat' dir='ltr'><strong>et</strong></span> 
     </span>
    </p>
   </div>
   <div class='ocr_carea' id='block_1_39' title="bbox 189 3794 1743 3872">
    <p class='ocr_par' dir='ltr' id='par_1_39' title="bbox 189 3794 1743 3872">
     <span class='ocr_line' id='line_1_39' title="bbox 189 3794 1743 3872; baseline -0.003 -16"><span class='ocrx_word' id='word_1_305' title='bbox 189 3802 480 3858; x_wconf 82' lang='lat' dir='ltr'><strong>teecundum</strong></span> <span class='ocrx_word' id='word_1_306' title='bbox 505 3801 556 3856; x_wconf 89' lang='lat' dir='ltr'><strong>id</strong></span> <span class='ocrx_word' id='word_1_307' title='bbox 578 3801 720 3872; x_wconf 89' lang='lat' dir='ltr'><strong>quod</strong></span> <span class='ocrx_word' id='word_1_308' title='bbox 749 3800 802 3855; x_wconf 92' lang='lat' dir='ltr'><strong>in</strong></span> <span class='ocrx_word' id='word_1_309' title='bbox 836 3798 1094 3869; x_wconf 90' lang='lat' dir='ltr'><strong>princtpio</strong></span> <span class='ocrx_word' id='word_1_310' title='bbox 1115 3806 1229 3854; x_wconf 87' lang='lat' dir='ltr'><strong>erat</strong></span> <span class='ocrx_word' id='word_1_311' title='bbox 1252 3795 1512 3862; x_wconf 80' lang='lat' dir='ltr'><strong>Verbum,</strong></span> <span class='ocrx_word' id='word_1_312' title='bbox 1532 3804 1588 3853; x_wconf 90' lang='lat' dir='ltr'><strong>et</strong></span> <span class='ocrx_word' id='word_1_313' title='bbox 1611 3794 1743 3851; x_wconf 48' lang='lat' dir='ltr'><strong>Ver.</strong></span> 
     </span>
    </p>
   </div>
   <div class='ocr_carea' id='block_1_40' title="bbox 191 3887 1749 3964">
    <p class='ocr_par' dir='ltr' id='par_1_40' title="bbox 191 3887 1749 3964">
     <span class='ocr_line' id='line_1_40' title="bbox 191 3887 1749 3964; baseline -0.003 -17"><span class='ocrx_word' id='word_1_314' title='bbox 191 3890 295 3949; x_wconf 87' lang='lat' dir='ltr'><strong>bunt</strong></span> <span class='ocrx_word' id='word_1_315' title='bbox 328 3903 438 3952; x_wconf 86' lang='lat' dir='ltr'><strong>erat</strong></span> <span class='ocrx_word' id='word_1_316' title='bbox 465 3892 604 3964; x_wconf 88' lang='lat' dir='ltr'><strong>apud</strong></span> <span class='ocrx_word' id='word_1_317' title='bbox 637 3892 843 3957; x_wconf 87' lang='lat' dir='ltr'><strong>Deum,</strong></span> <span class='ocrx_word' id='word_1_318' title='bbox 881 3900 936 3946; x_wconf 89' lang='lat' dir='ltr'><strong>et</strong></span> <span class='ocrx_word' id='word_1_319' title='bbox 966 3890 1105 3945; x_wconf 87' lang='lat' dir='ltr'><strong>Deus</strong></span> <span class='ocrx_word' id='word_1_320' title='bbox 1128 3897 1243 3943; x_wconf 89' lang='lat' dir='ltr'><strong>erat</strong></span> <span class='ocrx_word' id='word_1_321' title='bbox 1269 3887 1504 3944; x_wconf 77' lang='lat' dir='ltr'><strong>Verbum</strong></span> <span class='ocrx_word' id='word_1_322' title='bbox 1534 3928 1550 3953; x_wconf 95' lang='lat'><strong>,</strong></span> <span class='ocrx_word' id='word_1_323' title='bbox 1584 3900 1749 3959; x_wconf 84' lang='lat' dir='ltr'><strong>super</strong></span> 
     </span>
    </p>
   </div>
   <div class='ocr_carea' id='block_1_41' title="bbox 189 3976 1748 4052">
    <p class='ocr_par' dir='ltr' id='par_1_41' title="bbox 189 3976 1748 4052">
     <span class='ocr_line' id='line_1_41' title="bbox 189 3976 1748 4052; baseline -0.001 -16"><span class='ocrx_word' id='word_1_324' title='bbox 189 3997 373 4041; x_wconf 78' lang='lat' dir='ltr'><strong>munem</strong></span> <span class='ocrx_word' id='word_1_325' title='bbox 407 3993 710 4042; x_wconf 86' lang='lat' dir='ltr'><strong>creaturam</strong></span> <span class='ocrx_word' id='word_1_326' title='bbox 738 3981 960 4052; x_wconf 82' lang='lat' dir='ltr'><strong>:eqnalis</strong></span> <span class='ocrx_word' id='word_1_327' title='bbox 980 3989 1064 4036; x_wconf 90' lang='lat' dir='ltr'><strong>est</strong></span> <span class='ocrx_word' id='word_1_328' title='bbox 1092 3979 1236 4036; x_wconf 85' lang='lat' dir='ltr'><strong>Patri</strong></span> <span class='ocrx_word' id='word_1_329' title='bbox 1269 3995 1284 4033; x_wconf 91' lang='lat'><strong>:</strong></span> <span class='ocrx_word' id='word_1_330' title='bbox 1317 3976 1410 4035; x_wconf 87' lang='lat' dir='ltr'><strong>sed</strong></span> <span class='ocrx_word' id='word_1_331' title='bbox 1434 3979 1642 4049; x_wconf 77' lang='lat' dir='ltr'><strong>agimus</strong></span> <span class='ocrx_word' id='word_1_332' title='bbox 1678 3977 1748 4034; x_wconf 89' lang='lat' dir='ltr'><strong>de</strong></span> 
     </span>
    </p>
   </div>
   <div class='ocr_carea' id='block_1_42' title="bbox 187 4058 1747 4146">
    <p class='ocr_par' dir='ltr' id='par_1_42' title="bbox 187 4058 1747 4146">
     <span class='ocr_line' id='line_1_42' title="bbox 187 4058 1747 4146; baseline -0.002 -16"><span class='ocrx_word' id='word_1_333' title='bbox 187 4075 395 4135; x_wconf 85' lang='lat' dir='ltr'><strong>homine.</strong></span> <span class='ocrx_word' id='word_1_334' title='bbox 426 4076 586 4132; x_wconf 80' lang='lat' dir='ltr'><strong>Forte</strong></span> <span class='ocrx_word' id='word_1_335' title='bbox 613 4084 759 4146; x_wconf 91' lang='lat' dir='ltr'><strong>putet</strong></span> <span class='ocrx_word' id='word_1_336' title='bbox 779 4075 1042 4145; x_wconf 80' lang='lat' dir='ltr'><strong>quispiam</strong></span> <span class='ocrx_word' id='word_1_337' title='bbox 1075 4081 1337 4137; x_wconf 85' lang='lat' dir='ltr'><strong>vestrum.</strong></span> <span class='ocrx_word' id='word_1_338' title='bbox 1369 4058 1561 4127; x_wconf 73' lang='lat' dir='ltr'><strong>fratres</strong></span> <span class='ocrx_word' id='word_1_339' title='bbox 1582 4111 1599 4135; x_wconf 89' lang='lat'><strong>,</strong></span> <span class='ocrx_word' id='word_1_340' title='bbox 1622 4071 1747 4142; x_wconf 86' lang='lat' dir='ltr'><strong>quia</strong></span> 
     </span>
    </p>
   </div>
   <div class='ocr_carea' id='block_1_43' title="bbox 184 4159 1749 4236">
    <p class='ocr_par' dir='ltr' id='par_1_43' title="bbox 184 4159 1749 4236">
     <span class='ocr_line' id='line_1_43' title="bbox 184 4159 1749 4236; baseline -0.003 -16"><span class='ocrx_word' id='word_1_341' title='bbox 184 4164 323 4222; x_wconf 88' lang='lat' dir='ltr'><strong>homo</strong></span> <span class='ocrx_word' id='word_1_342' title='bbox 363 4168 451 4224; x_wconf 90' lang='lat' dir='ltr'><strong>ille</strong></span> <span class='ocrx_word' id='word_1_343' title='bbox 500 4176 785 4236; x_wconf 87' lang='lat' dir='ltr'><strong>susceptus</strong></span> <span class='ocrx_word' id='word_1_344' title='bbox 825 4181 855 4219; x_wconf 93' lang='lat' dir='ltr'><strong>a</strong></span> <span class='ocrx_word' id='word_1_345' title='bbox 907 4162 1178 4234; x_wconf 86' lang='lat' dir='ltr'><strong>Sapientia</strong></span> <span class='ocrx_word' id='word_1_346' title='bbox 1232 4162 1356 4228; x_wconf 87' lang='lat' dir='ltr'><strong>Dei,</strong></span> <span class='ocrx_word' id='word_1_347' title='bbox 1384 4159 1605 4233; x_wconf 78' lang='lat' dir='ltr'><strong>:rqualis</strong></span> <span class='ocrx_word' id='word_1_348' title='bbox 1631 4170 1749 4217; x_wconf 84' lang='lat' dir='ltr'><strong>erat</strong></span> 
     </span>
    </p>
   </div>
   <div class='ocr_carea' id='block_1_44' title="bbox 181 4252 1750 4317">
    <p class='ocr_par' dir='ltr' id='par_1_44' title="bbox 181 4252 1750 4317">
     <span class='ocr_line' id='line_1_44' title="bbox 181 4252 1750 4317; baseline -0.005 -1"><span class='ocrx_word' id='word_1_349' title='bbox 181 4263 369 4317; x_wconf 64' lang='lat' dir='ltr'><strong>ueteris</strong></span> <span class='ocrx_word' id='word_1_350' title='bbox 398 4258 726 4315; x_wconf 85' lang='lat' dir='ltr'><strong>hominibus.</strong></span> <span class='ocrx_word' id='word_1_351' title='bbox 752 4256 807 4314; x_wconf 87' lang='lat' dir='ltr'><strong>Si</strong></span> <span class='ocrx_word' id='word_1_352' title='bbox 836 4257 888 4312; x_wconf 91' lang='lat' dir='ltr'><strong>in</strong></span> <span class='ocrx_word' id='word_1_353' title='bbox 920 4256 1022 4312; x_wconf 90' lang='lat' dir='ltr'><strong>tuis</strong></span> <span class='ocrx_word' id='word_1_354' title='bbox 1048 4254 1304 4313; x_wconf 87' lang='lat' dir='ltr'><strong>membris</strong></span> <span class='ocrx_word' id='word_1_355' title='bbox 1333 4256 1557 4310; x_wconf 89' lang='lat' dir='ltr'><strong>multum</strong></span> <span class='ocrx_word' id='word_1_356' title='bbox 1585 4252 1750 4309; x_wconf 85' lang='lat' dir='ltr'><strong>distat</strong></span> 
     </span>
    </p>
   </div>
   <div class='ocr_carea' id='block_1_45' title="bbox 183 4344 1745 4421">
    <p class='ocr_par' dir='ltr' id='par_1_45' title="bbox 183 4344 1745 4421">
     <span class='ocr_line' id='line_1_45' title="bbox 183 4344 1745 4421; baseline -0.003 -17"><span class='ocrx_word' id='word_1_357' title='bbox 183 4348 301 4406; x_wconf 89' lang='lat' dir='ltr'><strong>inter</strong></span> <span class='ocrx_word' id='word_1_358' title='bbox 320 4361 474 4421; x_wconf 85' lang='lat' dir='ltr'><strong>eaput</strong></span> <span class='ocrx_word' id='word_1_359' title='bbox 504 4359 559 4406; x_wconf 90' lang='lat' dir='ltr'><strong>et</strong></span> <span class='ocrx_word' id='word_1_360' title='bbox 584 4360 777 4405; x_wconf 66' lang='lat' dir='ltr'><strong>ca‘tera</strong></span> <span class='ocrx_word' id='word_1_361' title='bbox 806 4346 1048 4404; x_wconf 88' lang='lat' dir='ltr'><strong>membra</strong></span> <span class='ocrx_word' id='word_1_362' title='bbox 1077 4363 1091 4402; x_wconf 90' lang='lat'><strong>:</strong></span> <span class='ocrx_word' id='word_1_363' title='bbox 1121 4354 1270 4402; x_wconf 89' lang='lat' dir='ltr'><strong>certe</strong></span> <span class='ocrx_word' id='word_1_364' title='bbox 1293 4345 1474 4401; x_wconf 86' lang='lat' dir='ltr'><strong>omnia</strong></span> <span class='ocrx_word' id='word_1_365' title='bbox 1501 4344 1745 4402; x_wconf 88' lang='lat' dir='ltr'><strong>membra</strong></span> 
     </span>
    </p>
   </div>
   <div class='ocr_carea' id='block_1_46' title="bbox 181 4436 1749 4511">
    <p class='ocr_par' dir='ltr' id='par_1_46' title="bbox 181 4436 1749 4511">
     <span class='ocr_line' id='line_1_46' title="bbox 181 4436 1749 4511; baseline -0.003 -16"><span class='ocrx_word' id='word_1_366' title='bbox 181 4442 357 4498; x_wconf 71' lang='lat' dir='ltr'><strong>faciunt</strong></span> <span class='ocrx_word' id='word_1_367' title='bbox 384 4457 581 4511; x_wconf 83' lang='lat' dir='ltr'><strong>corpus</strong></span> <span class='ocrx_word' id='word_1_368' title='bbox 611 4456 776 4496; x_wconf 90' lang='lat' dir='ltr'><strong>unum</strong></span> <span class='ocrx_word' id='word_1_369' title='bbox 801 4480 819 4506; x_wconf 88' lang='lat'><strong>,</strong></span> <span class='ocrx_word' id='word_1_370' title='bbox 848 4440 1070 4494; x_wconf 90' lang='lat' dir='ltr'><strong>multum</strong></span> <span class='ocrx_word' id='word_1_371' title='bbox 1111 4448 1291 4493; x_wconf 88' lang='lat' dir='ltr'><strong>tamen</strong></span> <span class='ocrx_word' id='word_1_372' title='bbox 1339 4438 1562 4492; x_wconf 87' lang='lat' dir='ltr'><strong>interest</strong></span> <span class='ocrx_word' id='word_1_373' title='bbox 1606 4436 1749 4492; x_wconf 86' lang='lat' dir='ltr'><strong>inter</strong></span> 
     </span>
    </p>
   </div>
   <div class='ocr_carea' id='block_1_47' title="bbox 180 4527 1749 4605">
    <p class='ocr_par' dir='ltr' id='par_1_47' title="bbox 180 4527 1749 4605">
     <span class='ocr_line' id='line_1_47' title="bbox 180 4527 1749 4605; baseline -0.001 -17"><span class='ocrx_word' id='word_1_374' title='bbox 180 4546 315 4605; x_wconf 82' lang='lat' dir='ltr'><strong>caput</strong></span> <span class='ocrx_word' id='word_1_375' title='bbox 337 4545 390 4591; x_wconf 92' lang='lat' dir='ltr'><strong>et</strong></span> <span class='ocrx_word' id='word_1_376' title='bbox 418 4545 611 4592; x_wconf 57' lang='lat' dir='ltr'><strong>caetera</strong></span> <span class='ocrx_word' id='word_1_377' title='bbox 640 4532 901 4590; x_wconf 86' lang='lat' dir='ltr'><strong>membra.</strong></span> <span class='ocrx_word' id='word_1_378' title='bbox 928 4531 1139 4588; x_wconf 85' lang='lat' dir='ltr'><strong>Etenim</strong></span> <span class='ocrx_word' id='word_1_379' title='bbox 1170 4530 1225 4585; x_wconf 92' lang='lat' dir='ltr'><strong>in</strong></span> <span class='ocrx_word' id='word_1_380' title='bbox 1250 4528 1462 4585; x_wconf 68' lang='lat' dir='ltr'><strong>etcteris</strong></span> <span class='ocrx_word' id='word_1_381' title='bbox 1488 4527 1749 4586; x_wconf 86' lang='lat' dir='ltr'><strong>membris</strong></span> 
     </span>
    </p>
   </div>
   <div class='ocr_carea' id='block_1_48' title="bbox 182 4621 1753 4695">
    <p class='ocr_par' dir='ltr' id='par_1_48' title="bbox 182 4621 1753 4695">
     <span class='ocr_line' id='line_1_48' title="bbox 182 4621 1753 4695; baseline -0.003 -13"><span class='ocrx_word' id='word_1_382' title='bbox 182 4641 271 4683; x_wconf 89' lang='lat' dir='ltr'><strong>non</strong></span> <span class='ocrx_word' id='word_1_383' title='bbox 322 4628 488 4684; x_wconf 76' lang='lat' dir='ltr'><strong>sentis</strong></span> <span class='ocrx_word' id='word_1_384' title='bbox 535 4627 637 4682; x_wconf 84' lang='lat' dir='ltr'><strong>nisi</strong></span> <span class='ocrx_word' id='word_1_385' title='bbox 677 4634 867 4692; x_wconf 89' lang='lat' dir='ltr'><strong>tactu;</strong></span> <span class='ocrx_word' id='word_1_386' title='bbox 916 4622 1179 4695; x_wconf 87' lang='lat' dir='ltr'><strong>tangendo</strong></span> <span class='ocrx_word' id='word_1_387' title='bbox 1220 4622 1390 4678; x_wconf 90' lang='lat' dir='ltr'><strong>sentis</strong></span> <span class='ocrx_word' id='word_1_388' title='bbox 1431 4622 1486 4678; x_wconf 90' lang='lat' dir='ltr'><strong>in</strong></span> <span class='ocrx_word' id='word_1_389' title='bbox 1538 4621 1753 4695; x_wconf 63' lang='lat' dir='ltr'><strong>caeteris</strong></span> 
     </span>
    </p>
   </div>
   <div class='ocr_carea' id='block_1_49' title="bbox 182 4712 1750 4789">
    <p class='ocr_par' dir='ltr' id='par_1_49' title="bbox 182 4712 1750 4789">
     <span class='ocr_line' id='line_1_49' title="bbox 182 4712 1750 4789; baseline -0.003 -15"><span class='ocrx_word' id='word_1_390' title='bbox 182 4723 413 4777; x_wconf 83' lang='lat' dir='ltr'><strong>membris</strong></span> <span class='ocrx_word' id='word_1_391' title='bbox 456 4739 471 4778; x_wconf 90' lang='lat'><strong>:</strong></span> <span class='ocrx_word' id='word_1_392' title='bbox 514 4720 568 4777; x_wconf 92' lang='lat' dir='ltr'><strong>in</strong></span> <span class='ocrx_word' id='word_1_393' title='bbox 608 4718 781 4789; x_wconf 85' lang='lat' dir='ltr'><strong>capite</strong></span> <span class='ocrx_word' id='word_1_394' title='bbox 828 4725 1005 4772; x_wconf 90' lang='lat' dir='ltr'><strong>autem</strong></span> <span class='ocrx_word' id='word_1_395' title='bbox 1055 4725 1111 4771; x_wconf 85' lang='lat' dir='ltr'><strong>et</strong></span> <span class='ocrx_word' id='word_1_396' title='bbox 1156 4714 1345 4780; x_wconf 89' lang='lat' dir='ltr'><strong>vides,</strong></span> <span class='ocrx_word' id='word_1_397' title='bbox 1375 4722 1429 4769; x_wconf 88' lang='lat' dir='ltr'><strong>et</strong></span> <span class='ocrx_word' id='word_1_398' title='bbox 1465 4712 1655 4782; x_wconf 86' lang='lat' dir='ltr'><strong>audis,</strong></span> <span class='ocrx_word' id='word_1_399' title='bbox 1692 4720 1750 4770; x_wconf 86' lang='lat' dir='ltr'><strong>et</strong></span> 
     </span>
    </p>
   </div>
   <div class='ocr_carea' id='block_1_50' title="bbox 174 4806 1750 4884">
    <p class='ocr_par' dir='ltr' id='par_1_50' title="bbox 174 4806 1750 4884">
     <span class='ocr_line' id='line_1_50' title="bbox 174 4806 1750 4884; baseline -0.006 -10"><span class='ocrx_word' id='word_1_400' title='bbox 174 4815 372 4881; x_wconf 68' lang='lat' dir='ltr'><strong>otiaris,</strong></span> <span class='ocrx_word' id='word_1_401' title='bbox 404 4824 457 4870; x_wconf 91' lang='lat' dir='ltr'><strong>et</strong></span> <span class='ocrx_word' id='word_1_402' title='bbox 504 4823 709 4884; x_wconf 86' lang='lat' dir='ltr'><strong>gustas,</strong></span> <span class='ocrx_word' id='word_1_403' title='bbox 755 4821 812 4869; x_wconf 92' lang='lat' dir='ltr'><strong>ct</strong></span> <span class='ocrx_word' id='word_1_404' title='bbox 839 4809 1030 4880; x_wconf 78' lang='lat' dir='ltr'><strong>tangis.</strong></span> <span class='ocrx_word' id='word_1_405' title='bbox 1058 4808 1117 4865; x_wconf 92' lang='lat' dir='ltr'><strong>Si</strong></span> <span class='ocrx_word' id='word_1_406' title='bbox 1147 4816 1293 4865; x_wconf 87' lang='lat' dir='ltr'><strong>tanta</strong></span> <span class='ocrx_word' id='word_1_407' title='bbox 1314 4806 1637 4864; x_wconf 86' lang='lat' dir='ltr'><strong>excellentia</strong></span> <span class='ocrx_word' id='word_1_408' title='bbox 1665 4815 1750 4864; x_wconf 85' lang='lat' dir='ltr'><strong>est</strong></span> 
     </span>
    </p>
   </div>
   <div class='ocr_carea' id='block_1_51' title="bbox 167 4899 1749 4981">
    <p class='ocr_par' dir='ltr' id='par_1_51' title="bbox 167 4899 1749 4981">
     <span class='ocr_line' id='line_1_51' title="bbox 167 4899 1749 4981; baseline -0.007 -15"><span class='ocrx_word' id='word_1_409' title='bbox 167 4910 350 4981; x_wconf 80' lang='lat' dir='ltr'><strong>capitis</strong></span> <span class='ocrx_word' id='word_1_410' title='bbox 388 4908 457 4965; x_wconf 89' lang='lat' dir='ltr'><strong>ad</strong></span> <span class='ocrx_word' id='word_1_411' title='bbox 499 4906 739 4964; x_wconf 88' lang='lat' dir='ltr'><strong>membra</strong></span> <span class='ocrx_word' id='word_1_412' title='bbox 789 4912 1022 4968; x_wconf 63' lang='lat' dir='ltr'><strong>ett-tera,</strong></span> <span class='ocrx_word' id='word_1_413' title='bbox 1053 4910 1253 4974; x_wconf 84' lang='lat' dir='ltr'><strong>quanta</strong></span> <span class='ocrx_word' id='word_1_414' title='bbox 1300 4899 1615 4957; x_wconf 88' lang='lat' dir='ltr'><strong>excellentia</strong></span> <span class='ocrx_word' id='word_1_415' title='bbox 1665 4908 1749 4956; x_wconf 89' lang='lat' dir='ltr'><strong>est.</strong></span> 
     </span>
    </p>
   </div>
   <div class='ocr_carea' id='block_1_52' title="bbox 162 4993 1749 5073">
    <p class='ocr_par' dir='ltr' id='par_1_52' title="bbox 162 4993 1749 5073">
     <span class='ocr_line' id='line_1_52' title="bbox 162 4993 1749 5073; baseline -0.008 -13"><span class='ocrx_word' id='word_1_416' title='bbox 162 5004 349 5073; x_wconf 79' lang='lat' dir='ltr'><strong>rapitis</strong></span> <span class='ocrx_word' id='word_1_417' title='bbox 376 5001 638 5056; x_wconf 74' lang='lat' dir='ltr'><strong>universa:</strong></span> <span class='ocrx_word' id='word_1_418' title='bbox 664 4998 943 5063; x_wconf 67' lang='lat' dir='ltr'><strong>Ecclesiat,</strong></span> <span class='ocrx_word' id='word_1_419' title='bbox 966 4996 1021 5055; x_wconf 88' lang='lat' dir='ltr'><strong>id</strong></span> <span class='ocrx_word' id='word_1_420' title='bbox 1040 5004 1123 5050; x_wconf 90' lang='lat' dir='ltr'><strong>est</strong></span> <span class='ocrx_word' id='word_1_421' title='bbox 1152 4994 1297 5050; x_wconf 91' lang='lat' dir='ltr'><strong>illius</strong></span> <span class='ocrx_word' id='word_1_422' title='bbox 1314 4993 1569 5061; x_wconf 88' lang='lat' dir='ltr'><strong>hominis,</strong></span> <span class='ocrx_word' id='word_1_423' title='bbox 1584 5008 1749 5065; x_wconf 90' lang='lat' dir='ltr'><strong>quem</strong></span> 
     </span>
    </p>
   </div>
   <div class='ocr_carea' id='block_1_53' title="bbox 162 5083 1751 5153">
    <p class='ocr_par' dir='ltr' id='par_1_53' title="bbox 162 5083 1751 5153">
     <span class='ocr_line' id='line_1_53' title="bbox 162 5083 1751 5153; baseline -0.01 0"><span class='ocrx_word' id='word_1_424' title='bbox 162 5097 327 5153; x_wconf 86' lang='lat' dir='ltr'><strong>voluit</strong></span> <span class='ocrx_word' id='word_1_425' title='bbox 360 5095 497 5152; x_wconf 67' lang='lat' dir='ltr'><strong>Deus</strong></span> <span class='ocrx_word' id='word_1_426' title='bbox 527 5091 876 5148; x_wconf 84' lang='lat' dir='ltr'><strong>mediatorem</strong></span> <span class='ocrx_word' id='word_1_427' title='bbox 903 5102 1024 5143; x_wconf 88' lang='lat' dir='ltr'><strong>esse</strong></span> <span class='ocrx_word' id='word_1_428' title='bbox 1070 5084 1213 5142; x_wconf 89' lang='lat' dir='ltr'><strong>inter</strong></span> <span class='ocrx_word' id='word_1_429' title='bbox 1262 5086 1429 5141; x_wconf 87' lang='lat' dir='ltr'><strong>Deum</strong></span> <span class='ocrx_word' id='word_1_430' title='bbox 1475 5094 1531 5141; x_wconf 89' lang='lat' dir='ltr'><strong>et</strong></span> <span class='ocrx_word' id='word_1_431' title='bbox 1578 5083 1751 5138; x_wconf 86' lang='lat' dir='ltr'><strong>homi-</strong></span> 
     </span>
    </p>
   </div>
   <div class='ocr_carea' id='block_1_54' title="bbox 157 5174 1748 5258">
    <p class='ocr_par' dir='ltr' id='par_1_54' title="bbox 157 5174 1748 5258">
     <span class='ocr_line' id='line_1_54' title="bbox 157 5174 1748 5258; baseline -0.01 -13"><span class='ocrx_word' id='word_1_432' title='bbox 157 5191 293 5246; x_wconf 84' lang='lat' dir='ltr'><strong>nes?</strong></span> <span class='ocrx_word' id='word_1_433' title='bbox 317 5188 358 5258; x_wconf 90' lang='lat'><strong>),</strong></span> <span class='ocrx_word' id='word_1_434' title='bbox 389 5200 518 5256; x_wconf 78' lang='lat' dir='ltr'><strong>ergo</strong></span> <span class='ocrx_word' id='word_1_435' title='bbox 546 5184 619 5238; x_wconf 90' lang='lat' dir='ltr'><strong>illi</strong></span> <span class='ocrx_word' id='word_1_436' title='bbox 651 5179 887 5237; x_wconf 65' lang='lat' dir='ltr'><strong>hzeretiei</strong></span> <span class='ocrx_word' id='word_1_437' title='bbox 937 5179 1227 5242; x_wconf 89' lang='lat' dir='ltr'><strong>dixerunt,</strong></span> <span class='ocrx_word' id='word_1_438' title='bbox 1254 5175 1526 5232; x_wconf 88' lang='lat' dir='ltr'><strong>hominem</strong></span> <span class='ocrx_word' id='word_1_439' title='bbox 1557 5174 1707 5232; x_wconf 89' lang='lat' dir='ltr'><strong>illum</strong></span> <span class='ocrx_word' id='word_1_440' title='bbox 1729 5214 1748 5241; x_wconf 94' lang='lat'><strong>,</strong></span> 
     </span>
    </p>
   </div>
   <div class='ocr_carea' id='block_1_55' title="bbox 159 5267 1747 5353">
    <p class='ocr_par' dir='ltr' id='par_1_55' title="bbox 159 5267 1747 5353">
     <span class='ocr_line' id='line_1_55' title="bbox 159 5267 1747 5353; baseline -0.008 -18"><span class='ocrx_word' id='word_1_441' title='bbox 159 5295 316 5353; x_wconf 80' lang='lat' dir='ltr'><strong>quem</strong></span> <span class='ocrx_word' id='word_1_442' title='bbox 350 5275 589 5347; x_wconf 78' lang='lat' dir='ltr'><strong>suscepit</strong></span> <span class='ocrx_word' id='word_1_443' title='bbox 619 5273 855 5330; x_wconf 76' lang='lat' dir='ltr'><strong>Verbum</strong></span> <span class='ocrx_word' id='word_1_444' title='bbox 878 5313 895 5338; x_wconf 94' lang='lat'><strong>,</strong></span> <span class='ocrx_word' id='word_1_445' title='bbox 945 5286 1067 5327; x_wconf 91' lang='lat' dir='ltr'><strong>cum</strong></span> <span class='ocrx_word' id='word_1_446' title='bbox 1110 5268 1345 5326; x_wconf 87' lang='lat' dir='ltr'><strong>Verbum</strong></span> <span class='ocrx_word' id='word_1_447' title='bbox 1381 5282 1509 5324; x_wconf 89' lang='lat' dir='ltr'><strong>caro</strong></span> <span class='ocrx_word' id='word_1_448' title='bbox 1552 5267 1747 5324; x_wconf 79' lang='lat' dir='ltr'><strong>factum</strong></span> 
     </span>
    </p>
   </div>
   <div class='ocr_carea' id='block_1_56' title="bbox 158 5357 1749 5438">
    <p class='ocr_par' dir='ltr' id='par_1_56' title="bbox 158 5357 1749 5438">
     <span class='ocr_line' id='line_1_56' title="bbox 158 5357 1749 5438; baseline -0.009 -9"><span class='ocrx_word' id='word_1_449' title='bbox 158 5384 237 5429; x_wconf 85' lang='lat' dir='ltr'><strong>est</strong></span> <span class='ocrx_word' id='word_1_450' title='bbox 265 5413 282 5438; x_wconf 93' lang='lat'><strong>,</strong></span> <span class='ocrx_word' id='word_1_451' title='bbox 315 5387 420 5427; x_wconf 89' lang='lat' dir='ltr'><strong>non</strong></span> <span class='ocrx_word' id='word_1_452' title='bbox 471 5367 724 5423; x_wconf 88' lang='lat' dir='ltr'><strong>habuisse</strong></span> <span class='ocrx_word' id='word_1_453' title='bbox 770 5372 1004 5421; x_wconf 87' lang='lat' dir='ltr'><strong>mentem</strong></span> <span class='ocrx_word' id='word_1_454' title='bbox 1054 5360 1380 5427; x_wconf 88' lang='lat' dir='ltr'><strong>humanam,</strong></span> <span class='ocrx_word' id='word_1_455' title='bbox 1409 5357 1505 5415; x_wconf 83' lang='lat' dir='ltr'><strong>sed</strong></span> <span class='ocrx_word' id='word_1_456' title='bbox 1545 5367 1749 5415; x_wconf 87' lang='lat' dir='ltr'><strong>tantum</strong></span> 
     </span>
    </p>
   </div>
   <div class='ocr_carea' id='block_1_57' title="bbox 159 5450 1739 5529">
    <p class='ocr_par' dir='ltr' id='par_1_57' title="bbox 159 5450 1739 5529">
     <span class='ocr_line' id='line_1_57' title="bbox 159 5450 1739 5529; baseline -0.009 -8"><span class='ocrx_word' id='word_1_457' title='bbox 159 5468 390 5521; x_wconf 88' lang='lat' dir='ltr'><strong>animam</strong></span> <span class='ocrx_word' id='word_1_458' title='bbox 419 5462 535 5518; x_wconf 88' lang='lat' dir='ltr'><strong>sine</strong></span> <span class='ocrx_word' id='word_1_459' title='bbox 563 5456 910 5529; x_wconf 80' lang='lat' dir='ltr'><strong>intelligentia</strong></span> <span class='ocrx_word' id='word_1_460' title='bbox 929 5455 1157 5511; x_wconf 80' lang='lat' dir='ltr'><strong>humana</strong></span> <span class='ocrx_word' id='word_1_461' title='bbox 1184 5453 1370 5509; x_wconf 76' lang='lat' dir='ltr'><strong>fuisse.</strong></span> <span class='ocrx_word' id='word_1_462' title='bbox 1397 5450 1570 5507; x_wconf 83' lang='lat' dir='ltr'><strong>Homo</strong></span> <span class='ocrx_word' id='word_1_463' title='bbox 1595 5451 1739 5508; x_wconf 89' lang='lat' dir='ltr'><strong>enim</strong></span> 
     </span>
    </p>
   </div>
   <div class='ocr_carea' id='block_1_58' title="bbox 163 5541 1751 5617">
    <p class='ocr_par' dir='ltr' id='par_1_58' title="bbox 163 5541 1751 5617">
     <span class='ocr_line' id='line_1_58' title="bbox 163 5541 1751 5617; baseline -0.007 -7"><span class='ocrx_word' id='word_1_464' title='bbox 163 5556 352 5612; x_wconf 80' lang='lat' dir='ltr'><strong>videtis</strong></span> <span class='ocrx_word' id='word_1_465' title='bbox 373 5553 515 5609; x_wconf 90' lang='lat' dir='ltr'><strong>unde</strong></span> <span class='ocrx_word' id='word_1_466' title='bbox 538 5558 751 5607; x_wconf 88' lang='lat' dir='ltr'><strong>constat</strong></span> <span class='ocrx_word' id='word_1_467' title='bbox 783 5566 797 5603; x_wconf 88' lang='lat'><strong>:</strong></span> <span class='ocrx_word' id='word_1_468' title='bbox 841 5562 906 5602; x_wconf 87' lang='lat' dir='ltr'><strong>ex</strong></span> <span class='ocrx_word' id='word_1_469' title='bbox 934 5546 1114 5603; x_wconf 86' lang='lat' dir='ltr'><strong>anima</strong></span> <span class='ocrx_word' id='word_1_470' title='bbox 1156 5552 1211 5600; x_wconf 89' lang='lat' dir='ltr'><strong>et</strong></span> <span class='ocrx_word' id='word_1_471' title='bbox 1234 5558 1481 5617; x_wconf 87' lang='lat' dir='ltr'><strong>corpore.</strong></span> <span class='ocrx_word' id='word_1_472' title='bbox 1503 5541 1609 5598; x_wconf 87' lang='lat' dir='ltr'><strong>Sed</strong></span> <span class='ocrx_word' id='word_1_473' title='bbox 1635 5541 1751 5612; x_wconf 89' lang='lat' dir='ltr'><strong>ipsa</strong></span> 
     </span>
    </p>
   </div>
   <div class='ocr_carea' id='block_1_59' title="bbox 162 5633 1750 5710">
    <p class='ocr_par' dir='ltr' id='par_1_59' title="bbox 162 5633 1750 5710">
     <span class='ocr_line' id='line_1_59' title="bbox 162 5633 1750 5710; baseline -0.009 -5"><span class='ocrx_word' id='word_1_474' title='bbox 162 5649 336 5706; x_wconf 89' lang='lat' dir='ltr'><strong>anima</strong></span> <span class='ocrx_word' id='word_1_475' title='bbox 368 5646 599 5701; x_wconf 86' lang='lat' dir='ltr'><strong>humana</strong></span> <span class='ocrx_word' id='word_1_476' title='bbox 626 5642 783 5698; x_wconf 82' lang='lat' dir='ltr'><strong>habet</strong></span> <span class='ocrx_word' id='word_1_477' title='bbox 813 5636 1014 5710; x_wconf 89' lang='lat' dir='ltr'><strong>aliquid</strong></span> <span class='ocrx_word' id='word_1_478' title='bbox 1042 5636 1184 5709; x_wconf 89' lang='lat' dir='ltr'><strong>quod</strong></span> <span class='ocrx_word' id='word_1_479' title='bbox 1205 5650 1311 5693; x_wconf 91' lang='lat' dir='ltr'><strong>non</strong></span> <span class='ocrx_word' id='word_1_480' title='bbox 1337 5635 1536 5692; x_wconf 81' lang='lat' dir='ltr'><strong>habent</strong></span> <span class='ocrx_word' id='word_1_481' title='bbox 1556 5633 1750 5691; x_wconf 68' lang='lat' dir='ltr'><strong>animo:</strong></span> 
     </span>
    </p>
   </div>
   <div class='ocr_carea' id='block_1_60' title="bbox 223 5785 1750 5851">
    <p class='ocr_par' dir='ltr' id='par_1_60' title="bbox 223 5785 1750 5851">
     <span class='ocr_line' id='line_1_60' title="bbox 223 5785 1750 5851; baseline -0.009 1"><span class='ocrx_word' id='word_1_482' title='bbox 223 5801 327 5851; x_wconf 75' lang='lat' dir='ltr'><strong>&#39;tta</strong></span> <span class='ocrx_word' id='word_1_483' title='bbox 346 5798 530 5847; x_wconf 76' lang='lat' dir='ltr'><strong>Catian.</strong></span> <span class='ocrx_word' id='word_1_484' title='bbox 560 5792 733 5846; x_wconf 83' lang='lat' dir='ltr'><strong>codex.</strong></span> <span class='ocrx_word' id='word_1_485' title='bbox 770 5790 856 5841; x_wconf 75' lang='lat' dir='ltr'><strong>Alit</strong></span> <span class='ocrx_word' id='word_1_486' title='bbox 877 5802 997 5841; x_wconf 80' lang='lat' dir='ltr'><strong>vero</strong></span> <span class='ocrx_word' id='word_1_487' title='bbox 1018 5795 1150 5851; x_wconf 63' lang='lat' dir='ltr'><strong>Mss,</strong></span> <span class='ocrx_word' id='word_1_488' title='bbox 1169 5799 1263 5838; x_wconf 85' lang='lat' dir='ltr'><strong>non</strong></span> <span class='ocrx_word' id='word_1_489' title='bbox 1292 5785 1419 5839; x_wconf 71' lang='lat' dir='ltr'><strong>sicut</strong></span> <span class='ocrx_word' id='word_1_490' title='bbox 1450 5785 1642 5839; x_wconf 70' lang='lat' dir='ltr'><strong>ceteris</strong></span> <span class='ocrx_word' id='word_1_491' title='bbox 1668 5785 1750 5840; x_wconf 84' lang='lat' dir='ltr'><strong>Ito-</strong></span> 
     </span>
    </p>
   </div>
   <div class='ocr_carea' id='block_1_61' title="bbox 159 5848 1271 5919">
    <p class='ocr_par' dir='ltr' id='par_1_61' title="bbox 159 5848 1271 5919">
     <span class='ocr_line' id='line_1_61' title="bbox 159 5848 1271 5919; baseline -0.016 -2"><span class='ocrx_word' id='word_1_492' title='bbox 159 5848 1001 5919; x_wconf 46' lang='lat' dir='ltr'><strong>qumsimmm</strong></span> 
     </span>
    </p>
   </div>
   <div class='ocr_carea' id='block_1_62' title="bbox 1861 490 3496 583">
    <p class='ocr_par' dir='ltr' id='par_1_62' title="bbox 1861 490 3496 583">
     <span class='ocr_line' id='line_1_62' title="bbox 1861 490 3496 583; baseline 0.008 -39"><span class='ocrx_word' id='word_1_493' title='bbox 1861 503 2135 583; x_wconf 78' lang='lat' dir='ltr'><strong>pecorum.</strong></span> <span class='ocrx_word' id='word_1_494' title='bbox 2162 490 2295 548; x_wconf 82' lang='lat' dir='ltr'><strong>Nam</strong></span> <span class='ocrx_word' id='word_1_495' title='bbox 2335 501 2394 552; x_wconf 88' lang='lat' dir='ltr'><strong>et</strong></span> <span class='ocrx_word' id='word_1_496' title='bbox 2425 506 2619 566; x_wconf 84' lang='lat' dir='ltr'><strong>pecora</strong></span> <span class='ocrx_word' id='word_1_497' title='bbox 2644 495 2877 553; x_wconf 87' lang='lat' dir='ltr'><strong>animam</strong></span> <span class='ocrx_word' id='word_1_498' title='bbox 2901 493 3135 564; x_wconf 88' lang='lat' dir='ltr'><strong>habent,</strong></span> <span class='ocrx_word' id='word_1_499' title='bbox 3164 507 3218 556; x_wconf 87' lang='lat' dir='ltr'><strong>et</strong></span> <span class='ocrx_word' id='word_1_500' title='bbox 3242 499 3445 556; x_wconf 82' lang='lat' dir='ltr'><strong>anima-</strong></span> <span class='ocrx_word' id='word_1_501' title='bbox 3478 506 3496 583; x_wconf 52' lang='grc' dir='ltr'>δ</span> 
     </span>
    </p>
   </div>
   <div class='ocr_carea' id='block_1_63' title="bbox 1858 580 3444 649">
    <p class='ocr_par' dir='ltr' id='par_1_63' title="bbox 1858 580 3444 649">
     <span class='ocr_line' id='line_1_63' title="bbox 1858 580 3444 649; baseline 0.009 -14"><span class='ocrx_word' id='word_1_502' title='bbox 1858 580 1929 636; x_wconf 89' lang='lat' dir='ltr'><strong>lia</strong></span> <span class='ocrx_word' id='word_1_503' title='bbox 1952 593 2209 639; x_wconf 75' lang='lat' dir='ltr'><strong>vocantur</strong></span> <span class='ocrx_word' id='word_1_504' title='bbox 2237 602 2253 641; x_wconf 88' lang='lat'><strong>:</strong></span> <span class='ocrx_word' id='word_1_505' title='bbox 2293 601 2399 641; x_wconf 89' lang='lat' dir='ltr'><strong>non</strong></span> <span class='ocrx_word' id='word_1_506' title='bbox 2441 587 2585 643; x_wconf 91' lang='lat' dir='ltr'><strong>enim</strong></span> <span class='ocrx_word' id='word_1_507' title='bbox 2615 599 2936 646; x_wconf 70' lang='lat' dir='ltr'><strong>vocarentur</strong></span> <span class='ocrx_word' id='word_1_508' title='bbox 2962 590 3210 646; x_wconf 69' lang='lat' dir='ltr'><strong>animafia</strong></span> <span class='ocrx_word' id='word_1_509' title='bbox 3247 591 3347 647; x_wconf 89' lang='lat' dir='ltr'><strong>nisi</strong></span> <span class='ocrx_word' id='word_1_510' title='bbox 3376 592 3444 649; x_wconf 89' lang='lat' dir='ltr'><strong>ab</strong></span> 
     </span>
    </p>
   </div>
   <div class='ocr_carea' id='block_1_64' title="bbox 1857 674 3445 752">
    <p class='ocr_par' dir='ltr' id='par_1_64' title="bbox 1857 674 3445 752">
     <span class='ocr_line' id='line_1_64' title="bbox 1857 674 3445 752; baseline 0.006 -24"><span class='ocrx_word' id='word_1_511' title='bbox 1857 674 2070 740; x_wconf 87' lang='lat' dir='ltr'><strong>anima;</strong></span> <span class='ocrx_word' id='word_1_512' title='bbox 2099 684 2156 731; x_wconf 91' lang='lat' dir='ltr'><strong>et</strong></span> <span class='ocrx_word' id='word_1_513' title='bbox 2182 676 2425 733; x_wconf 87' lang='lat' dir='ltr'><strong>videmus</strong></span> <span class='ocrx_word' id='word_1_514' title='bbox 2452 680 2576 750; x_wconf 89' lang='lat' dir='ltr'><strong>quia</strong></span> <span class='ocrx_word' id='word_1_515' title='bbox 2605 689 2659 735; x_wconf 88' lang='lat' dir='ltr'><strong>et</strong></span> <span class='ocrx_word' id='word_1_516' title='bbox 2680 680 2793 750; x_wconf 88' lang='lat' dir='ltr'><strong>ipsa</strong></span> <span class='ocrx_word' id='word_1_517' title='bbox 2821 681 3025 737; x_wconf 85' lang='lat' dir='ltr'><strong>vivunt.</strong></span> <span class='ocrx_word' id='word_1_518' title='bbox 3053 682 3158 739; x_wconf 86' lang='lat' dir='ltr'><strong>Sed</strong></span> <span class='ocrx_word' id='word_1_519' title='bbox 3188 683 3313 752; x_wconf 88' lang='lat' dir='ltr'><strong>quid</strong></span> <span class='ocrx_word' id='word_1_520' title='bbox 3347 685 3445 738; x_wconf 79' lang='lat' dir='ltr'><strong>ha-</strong></span> 
     </span>
    </p>
   </div>
   <div class='ocr_carea' id='block_1_65' title="bbox 1855 765 3448 841">
    <p class='ocr_par' dir='ltr' id='par_1_65' title="bbox 1855 765 3448 841">
     <span class='ocr_line' id='line_1_65' title="bbox 1855 765 3448 841; baseline 0.006 -20"><span class='ocrx_word' id='word_1_521' title='bbox 1855 765 1946 821; x_wconf 88' lang='lat' dir='ltr'><strong>bet</strong></span> <span class='ocrx_word' id='word_1_522' title='bbox 1971 766 2201 837; x_wconf 88' lang='lat' dir='ltr'><strong>amplins</strong></span> <span class='ocrx_word' id='word_1_523' title='bbox 2227 768 2411 837; x_wconf 89' lang='lat' dir='ltr'><strong>homo,</strong></span> <span class='ocrx_word' id='word_1_524' title='bbox 2438 769 2579 825; x_wconf 90' lang='lat' dir='ltr'><strong>unde</strong></span> <span class='ocrx_word' id='word_1_525' title='bbox 2604 770 2774 826; x_wconf 77' lang='lat' dir='ltr'><strong>factus</strong></span> <span class='ocrx_word' id='word_1_526' title='bbox 2798 780 2882 827; x_wconf 90' lang='lat' dir='ltr'><strong>cst</strong></span> <span class='ocrx_word' id='word_1_527' title='bbox 2904 771 2971 827; x_wconf 89' lang='lat' dir='ltr'><strong>ad</strong></span> <span class='ocrx_word' id='word_1_528' title='bbox 3004 772 3286 841; x_wconf 71' lang='lat' dir='ltr'><strong>imaginem</strong></span> <span class='ocrx_word' id='word_1_529' title='bbox 3314 773 3448 831; x_wconf 76' lang='lat' dir='ltr'><strong>Dei?</strong></span> 
     </span>
    </p>
   </div>
   <div class='ocr_carea' id='block_1_66' title="bbox 1855 857 3443 932">
    <p class='ocr_par' dir='ltr' id='par_1_66' title="bbox 1855 857 3443 932">
     <span class='ocr_line' id='line_1_66' title="bbox 1855 857 3443 932; baseline 0.006 -20"><span class='ocrx_word' id='word_1_530' title='bbox 1855 857 1988 926; x_wconf 84' lang='lat' dir='ltr'><strong>Quia</strong></span> <span class='ocrx_word' id='word_1_531' title='bbox 2014 858 2259 930; x_wconf 89' lang='lat' dir='ltr'><strong>intelligit</strong></span> <span class='ocrx_word' id='word_1_532' title='bbox 2282 870 2337 916; x_wconf 91' lang='lat' dir='ltr'><strong>et</strong></span> <span class='ocrx_word' id='word_1_533' title='bbox 2363 861 2523 930; x_wconf 88' lang='lat' dir='ltr'><strong>sapit,</strong></span> <span class='ocrx_word' id='word_1_534' title='bbox 2545 862 2669 932; x_wconf 86' lang='lat' dir='ltr'><strong>quia</strong></span> <span class='ocrx_word' id='word_1_535' title='bbox 2693 862 2949 919; x_wconf 88' lang='lat' dir='ltr'><strong>discernit</strong></span> <span class='ocrx_word' id='word_1_536' title='bbox 2982 863 3178 918; x_wconf 86' lang='lat' dir='ltr'><strong>bonum</strong></span> <span class='ocrx_word' id='word_1_537' title='bbox 3198 879 3229 917; x_wconf 89' lang='lat' dir='ltr'><strong>a</strong></span> <span class='ocrx_word' id='word_1_538' title='bbox 3257 865 3399 919; x_wconf 88' lang='lat' dir='ltr'><strong>malo</strong></span> <span class='ocrx_word' id='word_1_539' title='bbox 3426 882 3443 922; x_wconf 91' lang='lat'><strong>:</strong></span> 
     </span>
    </p>
   </div>
   <div class='ocr_carea' id='block_1_67' title="bbox 1856 947 3442 1023">
    <p class='ocr_par' dir='ltr' id='par_1_67' title="bbox 1856 947 3442 1023">
     <span class='ocr_line' id='line_1_67' title="bbox 1856 947 3442 1023; baseline 0.004 -20"><span class='ocrx_word' id='word_1_540' title='bbox 1856 948 1912 1003; x_wconf 87' lang='lat' dir='ltr'><strong>itt</strong></span> <span class='ocrx_word' id='word_1_541' title='bbox 1942 947 2043 1003; x_wconf 92' lang='lat' dir='ltr'><strong>hoc</strong></span> <span class='ocrx_word' id='word_1_542' title='bbox 2070 949 2238 1006; x_wconf 76' lang='lat' dir='ltr'><strong>lactus</strong></span> <span class='ocrx_word' id='word_1_543' title='bbox 2277 959 2358 1005; x_wconf 89' lang='lat' dir='ltr'><strong>est</strong></span> <span class='ocrx_word' id='word_1_544' title='bbox 2400 950 2467 1005; x_wconf 90' lang='lat' dir='ltr'><strong>ad</strong></span> <span class='ocrx_word' id='word_1_545' title='bbox 2501 951 2781 1023; x_wconf 80' lang='lat' dir='ltr'><strong>imaginem</strong></span> <span class='ocrx_word' id='word_1_546' title='bbox 2812 962 2867 1007; x_wconf 90' lang='lat' dir='ltr'><strong>et</strong></span> <span class='ocrx_word' id='word_1_547' title='bbox 2895 952 3294 1009; x_wconf 90' lang='lat' dir='ltr'><strong>similitudinem</strong></span> <span class='ocrx_word' id='word_1_548' title='bbox 3326 954 3442 1011; x_wconf 90' lang='lat' dir='ltr'><strong>Dei.</strong></span> 
     </span>
    </p>
   </div>
   <div class='ocr_carea' id='block_1_68' title="bbox 1853 1040 3443 1118">
    <p class='ocr_par' dir='ltr' id='par_1_68' title="bbox 1853 1040 3443 1118">
     <span class='ocr_line' id='line_1_68' title="bbox 1853 1040 3443 1118; baseline 0.003 -21"><span class='ocrx_word' id='word_1_549' title='bbox 1853 1040 2027 1098; x_wconf 83' lang='lat' dir='ltr'><strong>liabet</strong></span> <span class='ocrx_word' id='word_1_550' title='bbox 2053 1058 2183 1115; x_wconf 85' lang='lat' dir='ltr'><strong>ergo</strong></span> <span class='ocrx_word' id='word_1_551' title='bbox 2210 1043 2409 1115; x_wconf 92' lang='lat' dir='ltr'><strong>aliquid</strong></span> <span class='ocrx_word' id='word_1_552' title='bbox 2434 1044 2577 1116; x_wconf 91' lang='lat' dir='ltr'><strong>quod</strong></span> <span class='ocrx_word' id='word_1_553' title='bbox 2623 1060 2728 1100; x_wconf 90' lang='lat' dir='ltr'><strong>non</strong></span> <span class='ocrx_word' id='word_1_554' title='bbox 2754 1044 2957 1102; x_wconf 85' lang='lat' dir='ltr'><strong>habent</strong></span> <span class='ocrx_word' id='word_1_555' title='bbox 2993 1061 3207 1118; x_wconf 82' lang='lat' dir='ltr'><strong>pecora.</strong></span> <span class='ocrx_word' id='word_1_556' title='bbox 3234 1047 3297 1103; x_wconf 82' lang='lat' dir='ltr'><strong>Et</strong></span> <span class='ocrx_word' id='word_1_557' title='bbox 3319 1046 3443 1118; x_wconf 88' lang='lat' dir='ltr'><strong>quia</strong></span> 
     </span>
    </p>
   </div>
   <div class='ocr_carea' id='block_1_69' title="bbox 1853 1132 3443 1208">
    <p class='ocr_par' dir='ltr' id='par_1_69' title="bbox 1853 1132 3443 1208">
     <span class='ocr_line' id='line_1_69' title="bbox 1853 1132 3443 1208; baseline 0.004 -20"><span class='ocrx_word' id='word_1_558' title='bbox 1853 1134 2148 1189; x_wconf 91' lang='lat' dir='ltr'><strong>contemnit</strong></span> <span class='ocrx_word' id='word_1_559' title='bbox 2176 1132 2227 1189; x_wconf 92' lang='lat' dir='ltr'><strong>in</strong></span> <span class='ocrx_word' id='word_1_560' title='bbox 2254 1149 2313 1189; x_wconf 90' lang='lat' dir='ltr'><strong>se</strong></span> <span class='ocrx_word' id='word_1_561' title='bbox 2336 1151 2444 1206; x_wconf 92' lang='lat' dir='ltr'><strong>quo</strong></span> <span class='ocrx_word' id='word_1_562' title='bbox 2472 1134 2664 1192; x_wconf 89' lang='lat' dir='ltr'><strong>melior</strong></span> <span class='ocrx_word' id='word_1_563' title='bbox 2686 1146 2769 1192; x_wconf 91' lang='lat' dir='ltr'><strong>est</strong></span> <span class='ocrx_word' id='word_1_564' title='bbox 2812 1136 3121 1206; x_wconf 86' lang='lat' dir='ltr'><strong>pecoribus;</strong></span> <span class='ocrx_word' id='word_1_565' title='bbox 3152 1152 3233 1208; x_wconf 88' lang='lat' dir='ltr'><strong>pet</strong></span> <span class='ocrx_word' id='word_1_566' title='bbox 3248 1136 3363 1191; x_wconf 90' lang='lat' dir='ltr'><strong>imit</strong></span> <span class='ocrx_word' id='word_1_567' title='bbox 3389 1137 3443 1194; x_wconf 89' lang='lat' dir='ltr'><strong>iu</strong></span> 
     </span>
    </p>
   </div>
   <div class='ocr_carea' id='block_1_70' title="bbox 1852 1224 3442 1295">
    <p class='ocr_par' dir='ltr' id='par_1_70' title="bbox 1852 1224 3442 1295">
     <span class='ocr_line' id='line_1_70' title="bbox 1852 1224 3442 1295; baseline 0.001 -13"><span class='ocrx_word' id='word_1_568' title='bbox 1852 1238 1915 1282; x_wconf 85' lang='lat' dir='ltr'><strong>se</strong></span> <span class='ocrx_word' id='word_1_569' title='bbox 1938 1224 2021 1281; x_wconf 88' lang='lat' dir='ltr'><strong>vel</strong></span> <span class='ocrx_word' id='word_1_570' title='bbox 2042 1224 2299 1293; x_wconf 77' lang='lat' dir='ltr'><strong>deterit‘,</strong></span> <span class='ocrx_word' id='word_1_571' title='bbox 2321 1236 2373 1281; x_wconf 81' lang='lat' dir='ltr'><strong>et</strong></span> <span class='ocrx_word' id='word_1_572' title='bbox 2403 1226 2800 1295; x_wconf 84' lang='lat' dir='ltr'><strong>quodammodo</strong></span> <span class='ocrx_word' id='word_1_573' title='bbox 2824 1226 3131 1283; x_wconf 74' lang='lat' dir='ltr'><strong>obsolefacit</strong></span> <span class='ocrx_word' id='word_1_574' title='bbox 3158 1227 3442 1295; x_wconf 77' lang='lat' dir='ltr'><strong>imaginem</strong></span> 
     </span>
    </p>
   </div>
   <div class='ocr_carea' id='block_1_71' title="bbox 1853 1315 3443 1389">
    <p class='ocr_par' dir='ltr' id='par_1_71' title="bbox 1853 1315 3443 1389">
     <span class='ocr_line' id='line_1_71' title="bbox 1853 1315 3443 1389; baseline -0.001 -17"><span class='ocrx_word' id='word_1_575' title='bbox 1853 1315 1969 1383; x_wconf 87' lang='lat' dir='ltr'><strong>Dei,</strong></span> <span class='ocrx_word' id='word_1_576' title='bbox 1993 1324 2051 1373; x_wconf 88' lang='lat' dir='ltr'><strong>ut</strong></span> <span class='ocrx_word' id='word_1_577' title='bbox 2073 1316 2281 1373; x_wconf 88' lang='lat' dir='ltr'><strong>dicatur</strong></span> <span class='ocrx_word' id='word_1_578' title='bbox 2324 1317 2517 1374; x_wconf 79' lang='lat' dir='ltr'><strong>talibus</strong></span> <span class='ocrx_word' id='word_1_579' title='bbox 2547 1337 2562 1374; x_wconf 90' lang='lat'><strong>:</strong></span> <span class='ocrx_word' id='word_1_580' title='bbox 2598 1317 2772 1375; x_wconf 81' lang='lat' dir='ltr'><strong>Nolite</strong></span> <span class='ocrx_word' id='word_1_581' title='bbox 2803 1336 2910 1374; x_wconf 76' lang='lat' dir='ltr'><strong>esse</strong></span> <span class='ocrx_word' id='word_1_582' title='bbox 2934 1320 3064 1375; x_wconf 87' lang='lat' dir='ltr'><strong>sicut</strong></span> <span class='ocrx_word' id='word_1_583' title='bbox 3083 1335 3236 1389; x_wconf 79' lang='lat' dir='ltr'><strong>equus</strong></span> <span class='ocrx_word' id='word_1_584' title='bbox 3254 1330 3300 1373; x_wconf 86' lang='lat' dir='ltr'><strong>et</strong></span> <span class='ocrx_word' id='word_1_585' title='bbox 3325 1335 3443 1374; x_wconf 82' lang='lat' dir='ltr'><strong>tnu-</strong></span> 
     </span>
    </p>
   </div>
   <div class='ocr_carea' id='block_1_72' title="bbox 1851 1408 3441 1482">
    <p class='ocr_par' dir='ltr' id='par_1_72' title="bbox 1851 1408 3441 1482">
     <span class='ocr_line' id='line_1_72' title="bbox 1851 1408 3441 1482; baseline 0.003 -19"><span class='ocrx_word' id='word_1_586' title='bbox 1851 1409 1933 1464; x_wconf 84' lang='lat' dir='ltr'><strong>ltts</strong></span> <span class='ocrx_word' id='word_1_587' title='bbox 1956 1448 1975 1476; x_wconf 89' lang='lat'><strong>,</strong></span> <span class='ocrx_word' id='word_1_588' title='bbox 2001 1409 2182 1481; x_wconf 80' lang='lat' dir='ltr'><strong>quibus</strong></span> <span class='ocrx_word' id='word_1_589' title='bbox 2222 1426 2324 1465; x_wconf 82' lang='lat' dir='ltr'><strong>non</strong></span> <span class='ocrx_word' id='word_1_590' title='bbox 2349 1420 2426 1464; x_wconf 90' lang='lat' dir='ltr'><strong>est</strong></span> <span class='ocrx_word' id='word_1_591' title='bbox 2451 1410 2734 1465; x_wconf 73' lang='lat' dir='ltr'><strong>intellectus</strong></span> <span class='ocrx_word' id='word_1_592' title='bbox 2784 1411 2804 1482; x_wconf 96' lang='lat'><strong>(</strong></span> <span class='ocrx_word' id='word_1_593' title='bbox 2836 1408 2981 1466; x_wconf 82' lang='lat' dir='ltr'><strong>Psal.</strong></span> <span class='ocrx_word' id='word_1_594' title='bbox 3015 1426 3143 1466; x_wconf 83' lang='lat' dir='ltr'><strong>xxxt</strong></span> <span class='ocrx_word' id='word_1_595' title='bbox 3164 1451 3179 1473; x_wconf 89' lang='lat'><em>.</em></span> <span class='ocrx_word' id='word_1_596' title='bbox 3207 1410 3242 1467; x_wconf 87' lang='lat'><strong>9</strong></span> <span class='ocrx_word' id='word_1_597' title='bbox 3269 1411 3310 1479; x_wconf 91' lang='lat'><strong>).</strong></span> <span class='ocrx_word' id='word_1_598' title='bbox 3360 1408 3441 1467; x_wconf 86' lang='lat' dir='ltr'><strong>lili</strong></span> 
     </span>
    </p>
   </div>
   <div class='ocr_carea' id='block_1_73' title="bbox 1852 1501 3442 1573">
    <p class='ocr_par' dir='ltr' id='par_1_73' title="bbox 1852 1501 3442 1573">
     <span class='ocr_line' id='line_1_73' title="bbox 1852 1501 3442 1573; baseline 0.001 -16"><span class='ocrx_word' id='word_1_599' title='bbox 1852 1502 2014 1573; x_wconf 88' lang='lat' dir='ltr'><strong>igitttr</strong></span> <span class='ocrx_word' id='word_1_600' title='bbox 2060 1502 2295 1559; x_wconf 69' lang='lat' dir='ltr'><strong>haeretici</strong></span> <span class='ocrx_word' id='word_1_601' title='bbox 2339 1503 2588 1559; x_wconf 89' lang='lat' dir='ltr'><strong>dixerunt</strong></span> <span class='ocrx_word' id='word_1_602' title='bbox 2642 1503 2926 1559; x_wconf 87' lang='lat' dir='ltr'><strong>Dominum</strong></span> <span class='ocrx_word' id='word_1_603' title='bbox 2972 1513 3213 1559; x_wconf 91' lang='lat' dir='ltr'><strong>nostrum</strong></span> <span class='ocrx_word' id='word_1_604' title='bbox 3258 1501 3442 1559; x_wconf 74' lang='lat' dir='ltr'><strong>Jt-sum</strong></span> 
     </span>
    </p>
   </div>
   <div class='ocr_carea' id='block_1_74' title="bbox 1850 1593 3443 1661">
    <p class='ocr_par' dir='ltr' id='par_1_74' title="bbox 1850 1593 3443 1661">
     <span class='ocr_line' id='line_1_74' title="bbox 1850 1593 3443 1661; baseline 0 -11"><span class='ocrx_word' id='word_1_605' title='bbox 1850 1593 2120 1650; x_wconf 84' lang='lat' dir='ltr'><strong>Christum</strong></span> <span class='ocrx_word' id='word_1_606' title='bbox 2155 1610 2271 1657; x_wconf 73' lang='lat' dir='ltr'><strong>non</strong></span> <span class='ocrx_word' id='word_1_607' title='bbox 2303 1594 2555 1651; x_wconf 86' lang='lat' dir='ltr'><strong>habuisse</strong></span> <span class='ocrx_word' id='word_1_608' title='bbox 2602 1604 2838 1653; x_wconf 89' lang='lat' dir='ltr'><strong>mentem</strong></span> <span class='ocrx_word' id='word_1_609' title='bbox 2867 1594 3155 1651; x_wconf 86' lang='lat' dir='ltr'><strong>humanam</strong></span> <span class='ocrx_word' id='word_1_610' title='bbox 3181 1634 3199 1661; x_wconf 88' lang='lat'><strong>,</strong></span> <span class='ocrx_word' id='word_1_611' title='bbox 3228 1604 3283 1650; x_wconf 89' lang='lat' dir='ltr'><strong>et</strong></span> <span class='ocrx_word' id='word_1_612' title='bbox 3309 1593 3443 1650; x_wconf 87' lang='lat' dir='ltr'><strong>illud</strong></span> 
     </span>
    </p>
   </div>
   <div class='ocr_carea' id='block_1_75' title="bbox 1851 1684 3431 1757">
    <p class='ocr_par' dir='ltr' id='par_1_75' title="bbox 1851 1684 3431 1757">
     <span class='ocr_line' id='line_1_75' title="bbox 1851 1684 3431 1757; baseline 0.003 -19"><span class='ocrx_word' id='word_1_613' title='bbox 1851 1684 1995 1757; x_wconf 89' lang='lat' dir='ltr'><strong>quod</strong></span> <span class='ocrx_word' id='word_1_614' title='bbox 2026 1694 2207 1754; x_wconf 72' lang='grc' dir='ltr'><strong>λσοιικὸδ</strong></span> <span class='ocrx_word' id='word_1_615' title='bbox 2244 1686 2415 1743; x_wconf 76' lang='lat' dir='ltr'><strong>Gneci</strong></span> <span class='ocrx_word' id='word_1_616' title='bbox 2464 1686 2685 1754; x_wconf 87' lang='lat' dir='ltr'><strong>dicunt,</strong></span> <span class='ocrx_word' id='word_1_617' title='bbox 2716 1702 2816 1742; x_wconf 89' lang='lat' dir='ltr'><strong>nos</strong></span> <span class='ocrx_word' id='word_1_618' title='bbox 2857 1686 3083 1742; x_wconf 83' lang='lat' dir='ltr'><strong>dicimus</strong></span> <span class='ocrx_word' id='word_1_619' title='bbox 3130 1686 3431 1756; x_wconf 84' lang='lat' dir='ltr'><strong>rationale,</strong></span> 
     </span>
    </p>
   </div>
   <div class='ocr_carea' id='block_1_76' title="bbox 1849 1775 3435 1850">
    <p class='ocr_par' dir='ltr' id='par_1_76' title="bbox 1849 1775 3435 1850">
     <span class='ocr_line' id='line_1_76' title="bbox 1849 1775 3435 1850; baseline 0.001 -19"><span class='ocrx_word' id='word_1_620' title='bbox 1849 1775 1991 1833; x_wconf 87' lang='lat' dir='ltr'><strong>uttde</strong></span> <span class='ocrx_word' id='word_1_621' title='bbox 2040 1776 2202 1832; x_wconf 92' lang='lat' dir='ltr'><strong>homo</strong></span> <span class='ocrx_word' id='word_1_622' title='bbox 2244 1778 2613 1842; x_wconf 84' lang='lat' dir='ltr'><strong>ratiocinator.</strong></span> <span class='ocrx_word' id='word_1_623' title='bbox 2666 1779 2809 1850; x_wconf 88' lang='lat' dir='ltr'><strong>quod</strong></span> <span class='ocrx_word' id='word_1_624' title='bbox 2848 1795 2954 1835; x_wconf 89' lang='lat' dir='ltr'><strong>non</strong></span> <span class='ocrx_word' id='word_1_625' title='bbox 3004 1779 3200 1835; x_wconf 87' lang='lat' dir='ltr'><strong>habent</strong></span> <span class='ocrx_word' id='word_1_626' title='bbox 3239 1790 3435 1836; x_wconf 66' lang='lat' dir='ltr'><strong>etv-tera</strong></span> 
     </span>
    </p>
   </div>
   <div class='ocr_carea' id='block_1_77' title="bbox 1847 1869 3441 1943">
    <p class='ocr_par' dir='ltr' id='par_1_77' title="bbox 1847 1869 3441 1943">
     <span class='ocr_line' id='line_1_77' title="bbox 1847 1869 3441 1943; baseline 0.001 -17"><span class='ocrx_word' id='word_1_627' title='bbox 1847 1870 2118 1928; x_wconf 81' lang='lat' dir='ltr'><strong>animalia.</strong></span> <span class='ocrx_word' id='word_1_628' title='bbox 2148 1869 2254 1927; x_wconf 85' lang='lat' dir='ltr'><strong>Sed</strong></span> <span class='ocrx_word' id='word_1_629' title='bbox 2297 1870 2424 1942; x_wconf 89' lang='lat' dir='ltr'><strong>quid</strong></span> <span class='ocrx_word' id='word_1_630' title='bbox 2468 1871 2691 1927; x_wconf 83' lang='lat' dir='ltr'><strong>dicunt?</strong></span> <span class='ocrx_word' id='word_1_631' title='bbox 2722 1871 2895 1943; x_wconf 89' lang='lat' dir='ltr'><strong>Ipsum</strong></span> <span class='ocrx_word' id='word_1_632' title='bbox 2920 1869 3155 1928; x_wconf 81' lang='lat' dir='ltr'><strong>Verbum</strong></span> <span class='ocrx_word' id='word_1_633' title='bbox 3183 1870 3312 1938; x_wconf 90' lang='lat' dir='ltr'><strong>Dei,</strong></span> <span class='ocrx_word' id='word_1_634' title='bbox 3336 1870 3441 1928; x_wconf 88' lang='lat' dir='ltr'><strong>hoc</strong></span> 
     </span>
    </p>
   </div>
   <div class='ocr_carea' id='block_1_78' title="bbox 1849 1962 3439 2033">
    <p class='ocr_par' dir='ltr' id='par_1_78' title="bbox 1849 1962 3439 2033">
     <span class='ocr_line' id='line_1_78' title="bbox 1849 1962 3439 2033; baseline -0.001 -15"><span class='ocrx_word' id='word_1_635' title='bbox 1849 1972 1964 2019; x_wconf 90' lang='lat' dir='ltr'><strong>erat</strong></span> <span class='ocrx_word' id='word_1_636' title='bbox 1990 1962 2044 2018; x_wconf 94' lang='lat' dir='ltr'><strong>in</strong></span> <span class='ocrx_word' id='word_1_637' title='bbox 2068 1962 2160 2018; x_wconf 92' lang='lat' dir='ltr'><strong>illo</strong></span> <span class='ocrx_word' id='word_1_638' title='bbox 2186 1963 2404 2020; x_wconf 89' lang='lat' dir='ltr'><strong>homine</strong></span> <span class='ocrx_word' id='word_1_639' title='bbox 2430 1978 2529 2033; x_wconf 90' lang='lat' dir='ltr'><strong>pro</strong></span> <span class='ocrx_word' id='word_1_640' title='bbox 2558 1971 2757 2019; x_wconf 90' lang='lat' dir='ltr'><strong>mente.</strong></span> <span class='ocrx_word' id='word_1_641' title='bbox 2809 1963 3024 2019; x_wconf 82' lang='lat' dir='ltr'><strong>Exclusi</strong></span> <span class='ocrx_word' id='word_1_642' title='bbox 3051 1972 3177 2018; x_wconf 88' lang='lat' dir='ltr'><strong>sunt</strong></span> <span class='ocrx_word' id='word_1_643' title='bbox 3205 1963 3324 2025; x_wconf 91' lang='lat' dir='ltr'><strong>isti,</strong></span> <span class='ocrx_word' id='word_1_644' title='bbox 3349 1977 3439 2018; x_wconf 82' lang='lat' dir='ltr'><strong>re-</strong></span> 
     </span>
    </p>
   </div>
   <div class='ocr_carea' id='block_1_79' title="bbox 1847 2052 3442 2125">
    <p class='ocr_par' dir='ltr' id='par_1_79' title="bbox 1847 2052 3442 2125">
     <span class='ocr_line' id='line_1_79' title="bbox 1847 2052 3442 2125; baseline -0.001 -17"><span class='ocrx_word' id='word_1_645' title='bbox 1847 2053 1994 2125; x_wconf 87' lang='lat' dir='ltr'><strong>spuit</strong></span> <span class='ocrx_word' id='word_1_646' title='bbox 2023 2054 2145 2110; x_wconf 91' lang='lat' dir='ltr'><strong>illos</strong></span> <span class='ocrx_word' id='word_1_647' title='bbox 2170 2052 2434 2111; x_wconf 85' lang='lat' dir='ltr'><strong>catholica</strong></span> <span class='ocrx_word' id='word_1_648' title='bbox 2458 2052 2609 2121; x_wconf 76' lang='lat' dir='ltr'><strong>ﬁdes,</strong></span> <span class='ocrx_word' id='word_1_649' title='bbox 2639 2062 2695 2110; x_wconf 90' lang='lat' dir='ltr'><strong>et</strong></span> <span class='ocrx_word' id='word_1_650' title='bbox 2733 2053 2982 2110; x_wconf 52' lang='lat' dir='ltr'><strong>hatresim</strong></span> <span class='ocrx_word' id='word_1_651' title='bbox 3014 2053 3274 2109; x_wconf 79' lang='lat' dir='ltr'><strong>fecerunt.</strong></span> <span class='ocrx_word' id='word_1_652' title='bbox 3298 2052 3442 2108; x_wconf 83' lang='lat' dir='ltr'><strong>Cou-</strong></span> 
     </span>
    </p>
   </div>
   <div class='ocr_carea' id='block_1_80' title="bbox 1849 2143 3463 2216">
    <p class='ocr_par' dir='ltr' id='par_1_80' title="bbox 1849 2143 3463 2216">
     <span class='ocr_line' id='line_1_80' title="bbox 1849 2143 3463 2216; baseline 0 -16"><span class='ocrx_word' id='word_1_653' title='bbox 1849 2143 2114 2202; x_wconf 81' lang='lat' dir='ltr'><strong>tirmatum</strong></span> <span class='ocrx_word' id='word_1_654' title='bbox 2140 2154 2223 2203; x_wconf 86' lang='lat' dir='ltr'><strong>est</strong></span> <span class='ocrx_word' id='word_1_655' title='bbox 2248 2147 2301 2201; x_wconf 92' lang='lat' dir='ltr'><strong>in</strong></span> <span class='ocrx_word' id='word_1_656' title='bbox 2338 2144 2596 2203; x_wconf 85' lang='lat' dir='ltr'><strong>catholica</strong></span> <span class='ocrx_word' id='word_1_657' title='bbox 2624 2146 2729 2202; x_wconf 76' lang='lat' dir='ltr'><strong>[ide</strong></span> <span class='ocrx_word' id='word_1_658' title='bbox 2753 2188 2769 2212; x_wconf 95' lang='lat'><strong>,</strong></span> <span class='ocrx_word' id='word_1_659' title='bbox 2798 2145 3071 2202; x_wconf 82' lang='lat' dir='ltr'><strong>hominem</strong></span> <span class='ocrx_word' id='word_1_660' title='bbox 3099 2146 3248 2201; x_wconf 89' lang='lat' dir='ltr'><strong>illum</strong></span> <span class='ocrx_word' id='word_1_661' title='bbox 3277 2160 3463 2216; x_wconf 77' lang='lat' dir='ltr'><strong>quem;</strong></span> 
     </span>
    </p>
   </div>
   <div class='ocr_carea' id='block_1_81' title="bbox 1848 2237 3461 2309">
    <p class='ocr_par' dir='ltr' id='par_1_81' title="bbox 1848 2237 3461 2309">
     <span class='ocr_line' id='line_1_81' title="bbox 1848 2237 3461 2309; baseline 0 -16"><span class='ocrx_word' id='word_1_662' title='bbox 1848 2239 2085 2309; x_wconf 86' lang='lat' dir='ltr'><strong>suscepit</strong></span> <span class='ocrx_word' id='word_1_663' title='bbox 2123 2238 2395 2308; x_wconf 85' lang='lat' dir='ltr'><strong>Sapientia</strong></span> <span class='ocrx_word' id='word_1_664' title='bbox 2429 2238 2560 2305; x_wconf 88' lang='lat' dir='ltr'><strong>Dei,</strong></span> <span class='ocrx_word' id='word_1_665' title='bbox 2606 2238 2739 2294; x_wconf 91' lang='lat' dir='ltr'><strong>nihil</strong></span> <span class='ocrx_word' id='word_1_666' title='bbox 2776 2240 2953 2295; x_wconf 87' lang='lat' dir='ltr'><strong>minus</strong></span> <span class='ocrx_word' id='word_1_667' title='bbox 2992 2237 3242 2294; x_wconf 86' lang='lat' dir='ltr'><strong>habuisse</strong></span> <span class='ocrx_word' id='word_1_668' title='bbox 3279 2253 3461 2309; x_wconf 73' lang='lat' dir='ltr'><strong>qttam‘</strong></span> 
     </span>
    </p>
   </div>
   <div class='ocr_carea' id='block_1_82' title="bbox 1847 2328 3475 2407">
    <p class='ocr_par' dir='ltr' id='par_1_82' title="bbox 1847 2328 3475 2407">
     <span class='ocr_line' id='line_1_82' title="bbox 1847 2328 3475 2407; baseline -0.001 -22"><span class='ocrx_word' id='word_1_669' title='bbox 1847 2330 2029 2407; x_wconf 62' lang='lat' dir='ltr'><strong>cgetcri</strong></span> <span class='ocrx_word' id='word_1_670' title='bbox 2077 2330 2328 2387; x_wconf 89' lang='lat' dir='ltr'><strong>homines</strong></span> <span class='ocrx_word' id='word_1_671' title='bbox 2354 2371 2371 2396; x_wconf 90' lang='lat'><strong>,</strong></span> <span class='ocrx_word' id='word_1_672' title='bbox 2411 2341 2668 2402; x_wconf 90' lang='lat' dir='ltr'><strong>quantum</strong></span> <span class='ocrx_word' id='word_1_673' title='bbox 2706 2331 2940 2401; x_wconf 89' lang='lat' dir='ltr'><strong>pertinet</strong></span> <span class='ocrx_word' id='word_1_674' title='bbox 2973 2328 3039 2384; x_wconf 91' lang='lat' dir='ltr'><strong>ad</strong></span> <span class='ocrx_word' id='word_1_675' title='bbox 3082 2329 3440 2399; x_wconf 81' lang='lat' dir='ltr'><strong>integritatem</strong></span> <span class='ocrx_word' id='word_1_676' title='bbox 3474 2402 3475 2405; x_wconf 16' lang='grc' dir='ltr'><strong>η</strong></span> 
     </span>
    </p>
   </div>
   <div class='ocr_carea' id='block_1_83' title="bbox 1850 2422 3435 2495">
    <p class='ocr_par' dir='ltr' id='par_1_83' title="bbox 1850 2422 3435 2495">
     <span class='ocr_line' id='line_1_83' title="bbox 1850 2422 3435 2495; baseline -0.001 -18"><span class='ocrx_word' id='word_1_677' title='bbox 1850 2432 2054 2479; x_wconf 78' lang='lat' dir='ltr'><strong>natura:</strong></span> <span class='ocrx_word' id='word_1_678' title='bbox 2081 2439 2097 2477; x_wconf 89' lang='lat'><strong>:</strong></span> <span class='ocrx_word' id='word_1_679' title='bbox 2124 2433 2384 2495; x_wconf 91' lang='lat' dir='ltr'><strong>quantum</strong></span> <span class='ocrx_word' id='word_1_680' title='bbox 2429 2433 2610 2478; x_wconf 87' lang='lat' dir='ltr'><strong>autem</strong></span> <span class='ocrx_word' id='word_1_681' title='bbox 2657 2422 2725 2479; x_wconf 89' lang='lat' dir='ltr'><strong>ad</strong></span> <span class='ocrx_word' id='word_1_682' title='bbox 2772 2422 3141 2479; x_wconf 88' lang='lat' dir='ltr'><strong>exeellcutiam</strong></span> <span class='ocrx_word' id='word_1_683' title='bbox 3170 2435 3435 2493; x_wconf 69' lang='lat' dir='ltr'><strong>personae,</strong></span> 
     </span>
    </p>
   </div>
   <div class='ocr_carea' id='block_1_84' title="bbox 1849 2512 3443 2588">
    <p class='ocr_par' dir='ltr' id='par_1_84' title="bbox 1849 2512 3443 2588">
     <span class='ocr_line' id='line_1_84' title="bbox 1849 2512 3443 2588; baseline -0.001 -18"><span class='ocrx_word' id='word_1_684' title='bbox 1849 2515 1992 2571; x_wconf 88' lang='lat' dir='ltr'><strong>aliud</strong></span> <span class='ocrx_word' id='word_1_685' title='bbox 2049 2531 2208 2588; x_wconf 89' lang='lat' dir='ltr'><strong>quam</strong></span> <span class='ocrx_word' id='word_1_686' title='bbox 2267 2515 2447 2572; x_wconf 75' lang='lat' dir='ltr'><strong>cteteri</strong></span> <span class='ocrx_word' id='word_1_687' title='bbox 2504 2514 2771 2572; x_wconf 90' lang='lat' dir='ltr'><strong>homines.</strong></span> <span class='ocrx_word' id='word_1_688' title='bbox 2806 2514 2938 2571; x_wconf 79' lang='lat' dir='ltr'><strong>Nam</strong></span> <span class='ocrx_word' id='word_1_689' title='bbox 2965 2514 3144 2570; x_wconf 71' lang='lat' dir='ltr'><strong>cmteri</strong></span> <span class='ocrx_word' id='word_1_690' title='bbox 3197 2512 3443 2570; x_wconf 81' lang='lat' dir='ltr'><strong>homines</strong></span> 
     </span>
    </p>
   </div>
   <div class='ocr_carea' id='block_1_85' title="bbox 1850 2603 3439 2677">
    <p class='ocr_par' dir='ltr' id='par_1_85' title="bbox 1850 2603 3439 2677">
     <span class='ocr_line' id='line_1_85' title="bbox 1850 2603 3439 2677; baseline -0.001 -15"><span class='ocrx_word' id='word_1_691' title='bbox 1850 2615 2074 2677; x_wconf 89' lang='lat' dir='ltr'><strong>possunt</strong></span> <span class='ocrx_word' id='word_1_692' title='bbox 2114 2607 2221 2663; x_wconf 89' lang='lat' dir='ltr'><strong>dici</strong></span> <span class='ocrx_word' id='word_1_693' title='bbox 2269 2606 2553 2677; x_wconf 86' lang='lat' dir='ltr'><strong>participes</strong></span> <span class='ocrx_word' id='word_1_694' title='bbox 2572 2604 2734 2662; x_wconf 84' lang='lat' dir='ltr'><strong>Verbi</strong></span> <span class='ocrx_word' id='word_1_695' title='bbox 2780 2606 3174 2674; x_wconf 85' lang='lat' dir='ltr'><strong>Dei,habentes</strong></span> <span class='ocrx_word' id='word_1_696' title='bbox 3201 2603 3439 2661; x_wconf 84' lang='lat' dir='ltr'><strong>Verbum</strong></span> 
     </span>
    </p>
   </div>
   <div class='ocr_carea' id='block_1_86' title="bbox 1850 2695 3443 2770">
    <p class='ocr_par' dir='ltr' id='par_1_86' title="bbox 1850 2695 3443 2770">
     <span class='ocr_line' id='line_1_86' title="bbox 1850 2695 3443 2770; baseline -0.001 -15"><span class='ocrx_word' id='word_1_697' title='bbox 1850 2699 1965 2764; x_wconf 89' lang='lat' dir='ltr'><strong>Dei,</strong></span> <span class='ocrx_word' id='word_1_698' title='bbox 1992 2699 2171 2755; x_wconf 87' lang='lat' dir='ltr'><strong>nullus</strong></span> <span class='ocrx_word' id='word_1_699' title='bbox 2186 2710 2367 2755; x_wconf 84' lang='lat' dir='ltr'><strong>autem</strong></span> <span class='ocrx_word' id='word_1_700' title='bbox 2386 2714 2571 2755; x_wconf 89' lang='lat' dir='ltr'><strong>eorum</strong></span> <span class='ocrx_word' id='word_1_701' title='bbox 2592 2708 2768 2770; x_wconf 86' lang='lat' dir='ltr'><strong>potest</strong></span> <span class='ocrx_word' id='word_1_702' title='bbox 2786 2699 2892 2754; x_wconf 89' lang='lat' dir='ltr'><strong>diei</strong></span> <span class='ocrx_word' id='word_1_703' title='bbox 2911 2699 3143 2754; x_wconf 78' lang='lat' dir='ltr'><strong>Verbum</strong></span> <span class='ocrx_word' id='word_1_704' title='bbox 3168 2698 3282 2762; x_wconf 92' lang='lat' dir='ltr'><strong>Dei,</strong></span> <span class='ocrx_word' id='word_1_705' title='bbox 3299 2695 3443 2768; x_wconf 85' lang='lat' dir='ltr'><strong>quod</strong></span> 
     </span>
    </p>
   </div>
   <div class='ocr_carea' id='block_1_87' title="bbox 1848 2789 3438 2869">
    <p class='ocr_par' dir='ltr' id='par_1_87' title="bbox 1848 2789 3438 2869">
     <span class='ocr_line' id='line_1_87' title="bbox 1848 2789 3438 2869; baseline -0.001 -22"><span class='ocrx_word' id='word_1_706' title='bbox 1848 2790 2025 2847; x_wconf 85' lang='lat' dir='ltr'><strong>dictus</strong></span> <span class='ocrx_word' id='word_1_707' title='bbox 2037 2802 2118 2847; x_wconf 90' lang='lat' dir='ltr'><strong>cst</strong></span> <span class='ocrx_word' id='word_1_708' title='bbox 2133 2791 2243 2856; x_wconf 87' lang='lat' dir='ltr'><strong>ille,</strong></span> <span class='ocrx_word' id='word_1_709' title='bbox 2267 2806 2388 2846; x_wconf 88' lang='lat' dir='ltr'><strong>cum</strong></span> <span class='ocrx_word' id='word_1_710' title='bbox 2408 2789 2609 2847; x_wconf 82' lang='lat' dir='ltr'><strong>dictum</strong></span> <span class='ocrx_word' id='word_1_711' title='bbox 2622 2801 2726 2859; x_wconf 65' lang='lat' dir='ltr'><strong>est,</strong></span> <span class='ocrx_word' id='word_1_712' title='bbox 2759 2789 2971 2846; x_wconf 76' lang='lat' dir='ltr'><strong>Verbum</strong></span> <span class='ocrx_word' id='word_1_713' title='bbox 2994 2808 3114 2845; x_wconf 84' lang='lat' dir='ltr'><strong>caro</strong></span> <span class='ocrx_word' id='word_1_714' title='bbox 3129 2794 3319 2869; x_wconf 57' lang='lat' dir='ltr'><strong>[actum</strong></span> <span class='ocrx_word' id='word_1_715' title='bbox 3343 2799 3438 2846; x_wconf 80' lang='lat' dir='ltr'><strong>est.</strong></span> 
     </span>
    </p>
   </div>
   <div class='ocr_carea' id='block_1_88' title="bbox 1923 2881 3438 2953">
    <p class='ocr_par' dir='ltr' id='par_1_88' title="bbox 1923 2881 3438 2953">
     <span class='ocr_line' id='line_1_88' title="bbox 1923 2881 3438 2953; baseline -0.001 -14"><span class='ocrx_word' id='word_1_716' title='bbox 1923 2883 1977 2939; x_wconf 78' lang='lat'><strong>3.</strong></span> <span class='ocrx_word' id='word_1_717' title='bbox 2016 2881 2131 2939; x_wconf 81' lang='lat' dir='ltr'><strong>Non</strong></span> <span class='ocrx_word' id='word_1_718' title='bbox 2156 2882 2441 2938; x_wconf 80' lang='lat' dir='ltr'><strong>defuerunt</strong></span> <span class='ocrx_word' id='word_1_719' title='bbox 2467 2883 2627 2937; x_wconf 88' lang='lat' dir='ltr'><strong>etiam</strong></span> <span class='ocrx_word' id='word_1_720' title='bbox 2654 2882 2743 2937; x_wconf 88' lang='lat' dir='ltr'><strong>alii</strong></span> <span class='ocrx_word' id='word_1_721' title='bbox 2771 2882 2987 2953; x_wconf 86' lang='lat' dir='ltr'><strong>quidam</strong></span> <span class='ocrx_word' id='word_1_722' title='bbox 3012 2898 3077 2937; x_wconf 89' lang='lat' dir='ltr'><strong>ex</strong></span> <span class='ocrx_word' id='word_1_723' title='bbox 3109 2883 3224 2951; x_wconf 84' lang='lat' dir='ltr'><strong>ipso</strong></span> <span class='ocrx_word' id='word_1_724' title='bbox 3249 2896 3438 2938; x_wconf 89' lang='lat' dir='ltr'><strong>errore</strong></span> 
     </span>
    </p>
   </div>
   <div class='ocr_carea' id='block_1_89' title="bbox 1848 2975 3461 3045">
    <p class='ocr_par' dir='ltr' id='par_1_89' title="bbox 1848 2975 3461 3045">
     <span class='ocr_line' id='line_1_89' title="bbox 1848 2975 3461 3045; baseline -0.001 -16"><span class='ocrx_word' id='word_1_725' title='bbox 1848 2976 2146 3042; x_wconf 83' lang='lat' dir='ltr'><strong>venientes,</strong></span> <span class='ocrx_word' id='word_1_726' title='bbox 2186 2975 2276 3045; x_wconf 93' lang='lat' dir='ltr'><strong>qui</strong></span> <span class='ocrx_word' id='word_1_727' title='bbox 2308 2990 2413 3031; x_wconf 92' lang='lat' dir='ltr'><strong>non</strong></span> <span class='ocrx_word' id='word_1_728' title='bbox 2442 2975 2618 3031; x_wconf 89' lang='lat' dir='ltr'><strong>solum</strong></span> <span class='ocrx_word' id='word_1_729' title='bbox 2647 2984 2881 3031; x_wconf 87' lang='lat' dir='ltr'><strong>mentem</strong></span> <span class='ocrx_word' id='word_1_730' title='bbox 2925 2975 3169 3031; x_wconf 88' lang='lat' dir='ltr'><strong>dicerent</strong></span> <span class='ocrx_word' id='word_1_731' title='bbox 3209 2992 3314 3030; x_wconf 88' lang='lat' dir='ltr'><strong>non</strong></span> <span class='ocrx_word' id='word_1_732' title='bbox 3347 2975 3461 3029; x_wconf 48' lang='lat' dir='ltr'><strong>ba-»</strong></span> 
     </span>
    </p>
   </div>
   <div class='ocr_carea' id='block_1_90' title="bbox 1850 3067 3445 3133">
    <p class='ocr_par' dir='ltr' id='par_1_90' title="bbox 1850 3067 3445 3133">
     <span class='ocr_line' id='line_1_90' title="bbox 1850 3067 3445 3133; baseline 0 -10"><span class='ocrx_word' id='word_1_733' title='bbox 1850 3067 2033 3125; x_wconf 90' lang='lat' dir='ltr'><strong>huisse</strong></span> <span class='ocrx_word' id='word_1_734' title='bbox 2060 3068 2211 3124; x_wconf 91' lang='lat' dir='ltr'><strong>illum</strong></span> <span class='ocrx_word' id='word_1_735' title='bbox 2260 3067 2562 3133; x_wconf 90' lang='lat' dir='ltr'><strong>hominem,</strong></span> <span class='ocrx_word' id='word_1_736' title='bbox 2606 3068 2960 3124; x_wconf 82' lang='lat' dir='ltr'><strong>tnediatorem</strong></span> <span class='ocrx_word' id='word_1_737' title='bbox 2988 3067 3258 3123; x_wconf 60' lang='lat' dir='ltr'><strong>Christum</strong></span> <span class='ocrx_word' id='word_1_738' title='bbox 3306 3068 3445 3124; x_wconf 89' lang='lat' dir='ltr'><strong>inter</strong></span> 
     </span>
    </p>
   </div>
   <div class='ocr_carea' id='block_1_91' title="bbox 1852 3157 3443 3227">
    <p class='ocr_par' dir='ltr' id='par_1_91' title="bbox 1852 3157 3443 3227">
     <span class='ocr_line' id='line_1_91' title="bbox 1852 3157 3443 3227; baseline -0.001 -13"><span class='ocrx_word' id='word_1_739' title='bbox 1852 3157 2019 3214; x_wconf 87' lang='lat' dir='ltr'><strong>Deum</strong></span> <span class='ocrx_word' id='word_1_740' title='bbox 2043 3166 2100 3215; x_wconf 88' lang='lat' dir='ltr'><strong>et</strong></span> <span class='ocrx_word' id='word_1_741' title='bbox 2125 3157 2373 3214; x_wconf 86' lang='lat' dir='ltr'><strong>homines</strong></span> <span class='ocrx_word' id='word_1_742' title='bbox 2392 3198 2411 3227; x_wconf 93' lang='lat'><strong>,</strong></span> <span class='ocrx_word' id='word_1_743' title='bbox 2435 3157 2531 3214; x_wconf 86' lang='lat' dir='ltr'><strong>sed</strong></span> <span class='ocrx_word' id='word_1_744' title='bbox 2563 3172 2666 3214; x_wconf 89' lang='lat' dir='ltr'><strong>nec</strong></span> <span class='ocrx_word' id='word_1_745' title='bbox 2689 3158 2921 3214; x_wconf 85' lang='lat' dir='ltr'><strong>animam</strong></span> <span class='ocrx_word' id='word_1_746' title='bbox 2955 3174 2969 3212; x_wconf 93' lang='lat'><strong>:</strong></span> <span class='ocrx_word' id='word_1_747' title='bbox 2997 3158 3094 3213; x_wconf 85' lang='lat' dir='ltr'><strong>sed</strong></span> <span class='ocrx_word' id='word_1_748' title='bbox 3124 3168 3327 3214; x_wconf 89' lang='lat' dir='ltr'><strong>tantum</strong></span> <span class='ocrx_word' id='word_1_749' title='bbox 3358 3157 3443 3213; x_wconf 82' lang='lat' dir='ltr'><strong>di-</strong></span> 
     </span>
    </p>
   </div>
   <div class='ocr_carea' id='block_1_92' title="bbox 1850 3250 3507 3317">
    <p class='ocr_par' dir='ltr' id='par_1_92' title="bbox 1850 3250 3507 3317">
     <span class='ocr_line' id='line_1_92' title="bbox 1850 3250 3507 3317; baseline 0 -10"><span class='ocrx_word' id='word_1_750' title='bbox 1850 3259 2064 3317; x_wconf 87' lang='lat' dir='ltr'><strong>xerunt,</strong></span> <span class='ocrx_word' id='word_1_751' title='bbox 2096 3250 2326 3308; x_wconf 83' lang='lat' dir='ltr'><strong>Verbum</strong></span> <span class='ocrx_word' id='word_1_752' title='bbox 2368 3258 2426 3308; x_wconf 89' lang='lat' dir='ltr'><strong>et</strong></span> <span class='ocrx_word' id='word_1_753' title='bbox 2461 3264 2589 3307; x_wconf 87' lang='lat' dir='ltr'><strong>caro</strong></span> <span class='ocrx_word' id='word_1_754' title='bbox 2613 3260 2754 3316; x_wconf 88' lang='lat' dir='ltr'><strong>erat,</strong></span> <span class='ocrx_word' id='word_1_755' title='bbox 2784 3259 2837 3306; x_wconf 91' lang='lat' dir='ltr'><strong>et</strong></span> <span class='ocrx_word' id='word_1_756' title='bbox 2865 3251 3043 3309; x_wconf 85' lang='lat' dir='ltr'><strong>anima</strong></span> <span class='ocrx_word' id='word_1_757' title='bbox 3076 3251 3147 3306; x_wconf 90' lang='lat' dir='ltr'><strong>ibi</strong></span> <span class='ocrx_word' id='word_1_758' title='bbox 3192 3265 3300 3306; x_wconf 92' lang='lat' dir='ltr'><strong>non</strong></span> <span class='ocrx_word' id='word_1_759' title='bbox 3328 3259 3507 3307; x_wconf 53' lang='lat' dir='ltr'><strong>erat“</strong></span> 
     </span>
    </p>
   </div>
   <div class='ocr_carea' id='block_1_93' title="bbox 1852 3339 3444 3409">
    <p class='ocr_par' dir='ltr' id='par_1_93' title="bbox 1852 3339 3444 3409">
     <span class='ocr_line' id='line_1_93' title="bbox 1852 3339 3444 3409; baseline 0.001 -13"><span class='ocrx_word' id='word_1_760' title='bbox 1852 3339 2305 3409; x_wconf 78' lang='lat' dir='ltr'><strong>humana,‘mens</strong></span> <span class='ocrx_word' id='word_1_761' title='bbox 2332 3341 2404 3398; x_wconf 90' lang='lat' dir='ltr'><strong>ibi</strong></span> <span class='ocrx_word' id='word_1_762' title='bbox 2433 3355 2540 3398; x_wconf 88' lang='lat' dir='ltr'><strong>non</strong></span> <span class='ocrx_word' id='word_1_763' title='bbox 2574 3351 2690 3397; x_wconf 88' lang='lat' dir='ltr'><strong>erat</strong></span> <span class='ocrx_word' id='word_1_764' title='bbox 2726 3341 2978 3397; x_wconf 85' lang='lat' dir='ltr'><strong>humana.</strong></span> <span class='ocrx_word' id='word_1_765' title='bbox 3023 3341 3135 3398; x_wconf 87' lang='lat' dir='ltr'><strong>Iloe</strong></span> <span class='ocrx_word' id='word_1_766' title='bbox 3174 3341 3444 3398; x_wconf 89' lang='lat' dir='ltr'><strong>dixerunt.</strong></span> 
     </span>
    </p>
   </div>
   <div class='ocr_carea' id='block_1_94' title="bbox 1849 3431 3444 3505">
    <p class='ocr_par' dir='ltr' id='par_1_94' title="bbox 1849 3431 3444 3505">
     <span class='ocr_line' id='line_1_94' title="bbox 1849 3431 3444 3505; baseline 0.001 -15"><span class='ocrx_word' id='word_1_767' title='bbox 1849 3432 1956 3490; x_wconf 86' lang='lat' dir='ltr'><strong>Sed</strong></span> <span class='ocrx_word' id='word_1_768' title='bbox 1978 3432 2104 3505; x_wconf 90' lang='lat' dir='ltr'><strong>quid</strong></span> <span class='ocrx_word' id='word_1_769' title='bbox 2131 3434 2285 3490; x_wconf 82' lang='lat' dir='ltr'><strong>erat?</strong></span> <span class='ocrx_word' id='word_1_770' title='bbox 2333 3431 2567 3489; x_wconf 80' lang='lat' dir='ltr'><strong>Verbum</strong></span> <span class='ocrx_word' id='word_1_771' title='bbox 2589 3442 2645 3490; x_wconf 89' lang='lat' dir='ltr'><strong>et</strong></span> <span class='ocrx_word' id='word_1_772' title='bbox 2666 3448 2815 3491; x_wconf 89' lang='lat' dir='ltr'><strong>caro.</strong></span> <span class='ocrx_word' id='word_1_773' title='bbox 2861 3433 2928 3490; x_wconf 78' lang='lat' dir='ltr'><strong>Et</strong></span> <span class='ocrx_word' id='word_1_774' title='bbox 2957 3432 3086 3490; x_wconf 42' lang='lat' dir='ltr'><strong>istos</strong></span> <span class='ocrx_word' id='word_1_775' title='bbox 3112 3433 3313 3504; x_wconf 86' lang='lat' dir='ltr'><strong>respuit</strong></span> <span class='ocrx_word' id='word_1_776' title='bbox 3337 3433 3444 3492; x_wconf 72' lang='lat' dir='ltr'><strong>Lc-</strong></span> 
     </span>
    </p>
   </div>
   <div class='ocr_carea' id='block_1_95' title="bbox 1850 3526 3444 3597">
    <p class='ocr_par' dir='ltr' id='par_1_95' title="bbox 1850 3526 3444 3597">
     <span class='ocr_line' id='line_1_95' title="bbox 1850 3526 3444 3597; baseline -0.001 -14"><span class='ocrx_word' id='word_1_777' title='bbox 1850 3526 2011 3583; x_wconf 89' lang='lat' dir='ltr'><strong>clesia</strong></span> <span class='ocrx_word' id='word_1_778' title='bbox 2035 3526 2300 3583; x_wconf 89' lang='lat' dir='ltr'><strong>catholica</strong></span> <span class='ocrx_word' id='word_1_779' title='bbox 2321 3567 2339 3591; x_wconf 86' lang='lat'><strong>,</strong></span> <span class='ocrx_word' id='word_1_780' title='bbox 2366 3536 2423 3583; x_wconf 89' lang='lat' dir='ltr'><strong>et</strong></span> <span class='ocrx_word' id='word_1_781' title='bbox 2446 3526 2666 3597; x_wconf 87' lang='lat' dir='ltr'><strong>expellit</strong></span> <span class='ocrx_word' id='word_1_782' title='bbox 2686 3541 2783 3583; x_wconf 89' lang='lat' dir='ltr'><strong>eos</strong></span> <span class='ocrx_word' id='word_1_783' title='bbox 2806 3526 2876 3583; x_wconf 86' lang='lat' dir='ltr'><strong>ab</strong></span> <span class='ocrx_word' id='word_1_784' title='bbox 2901 3526 3092 3583; x_wconf 86' lang='lat' dir='ltr'><strong>ovibus</strong></span> <span class='ocrx_word' id='word_1_785' title='bbox 3111 3568 3128 3593; x_wconf 90' lang='lat'><strong>,</strong></span> <span class='ocrx_word' id='word_1_786' title='bbox 3158 3537 3213 3583; x_wconf 88' lang='lat' dir='ltr'><strong>et</strong></span> <span class='ocrx_word' id='word_1_787' title='bbox 3249 3542 3278 3581; x_wconf 90' lang='lat' dir='ltr'><strong>a</strong></span> <span class='ocrx_word' id='word_1_788' title='bbox 3310 3527 3444 3582; x_wconf 87' lang='lat' dir='ltr'><strong>sim-</strong></span> 
     </span>
    </p>
   </div>
   <div class='ocr_carea' id='block_1_96' title="bbox 1849 3617 3465 3689">
    <p class='ocr_par' dir='ltr' id='par_1_96' title="bbox 1849 3617 3465 3689">
     <span class='ocr_line' id='line_1_96' title="bbox 1849 3617 3465 3689; baseline 0.003 -16"><span class='ocrx_word' id='word_1_789' title='bbox 1849 3617 1971 3689; x_wconf 86' lang='lat' dir='ltr'><strong>pliei</strong></span> <span class='ocrx_word' id='word_1_790' title='bbox 1999 3626 2056 3675; x_wconf 89' lang='lat' dir='ltr'><strong>et</strong></span> <span class='ocrx_word' id='word_1_791' title='bbox 2077 3632 2202 3674; x_wconf 88' lang='lat' dir='ltr'><strong>vera</strong></span> <span class='ocrx_word' id='word_1_792' title='bbox 2230 3617 2333 3673; x_wconf 85' lang='lat' dir='ltr'><strong>llde</strong></span> <span class='ocrx_word' id='word_1_793' title='bbox 2356 3635 2371 3673; x_wconf 88' lang='lat'><strong>:</strong></span> <span class='ocrx_word' id='word_1_794' title='bbox 2400 3626 2458 3675; x_wconf 86' lang='lat' dir='ltr'><strong>et</strong></span> <span class='ocrx_word' id='word_1_795' title='bbox 2475 3620 2847 3677; x_wconf 74' lang='lat' dir='ltr'><strong>conﬁrmatum</strong></span> <span class='ocrx_word' id='word_1_796' title='bbox 2868 3627 2973 3686; x_wconf 85' lang='lat' dir='ltr'><strong>est,</strong></span> <span class='ocrx_word' id='word_1_797' title='bbox 2994 3618 3465 3689; x_wconf 85' lang='lat' dir='ltr'><strong>quemadmodum.</strong></span> 
     </span>
    </p>
   </div>
   <div class='ocr_carea' id='block_1_97' title="bbox 1849 3709 3445 3778">
    <p class='ocr_par' dir='ltr' id='par_1_97' title="bbox 1849 3709 3445 3778">
     <span class='ocr_line' id='line_1_97' title="bbox 1849 3709 3445 3778; baseline -0.003 -10"><span class='ocrx_word' id='word_1_798' title='bbox 1849 3711 1989 3778; x_wconf 87' lang='lat' dir='ltr'><strong>dixi,</strong></span> <span class='ocrx_word' id='word_1_799' title='bbox 2018 3709 2290 3768; x_wconf 86' lang='lat' dir='ltr'><strong>hominem</strong></span> <span class='ocrx_word' id='word_1_800' title='bbox 2317 3710 2467 3768; x_wconf 90' lang='lat' dir='ltr'><strong>illum</strong></span> <span class='ocrx_word' id='word_1_801' title='bbox 2491 3711 2838 3769; x_wconf 86' lang='lat' dir='ltr'><strong>mediatorem</strong></span> <span class='ocrx_word' id='word_1_802' title='bbox 2869 3712 3120 3769; x_wconf 68' lang='lat' dir='ltr'><strong>habuisse</strong></span> <span class='ocrx_word' id='word_1_803' title='bbox 3143 3713 3322 3768; x_wconf 80' lang='lat' dir='ltr'><strong>omnia</strong></span> <span class='ocrx_word' id='word_1_804' title='bbox 3346 3712 3445 3765; x_wconf 66' lang='lat' dir='ltr'><strong>ho.</strong></span> 
     </span>
    </p>
   </div>
   <div class='ocr_carea' id='block_1_98' title="bbox 1850 3802 3447 3875">
    <p class='ocr_par' dir='ltr' id='par_1_98' title="bbox 1850 3802 3447 3875">
     <span class='ocr_line' id='line_1_98' title="bbox 1850 3802 3447 3875; baseline -0.001 -16"><span class='ocrx_word' id='word_1_805' title='bbox 1850 3802 2032 3870; x_wconf 86' lang='lat' dir='ltr'><strong>minis,</strong></span> <span class='ocrx_word' id='word_1_806' title='bbox 2080 3812 2277 3875; x_wconf 80' lang='lat' dir='ltr'><strong>pr:cter</strong></span> <span class='ocrx_word' id='word_1_807' title='bbox 2320 3814 2619 3875; x_wconf 84' lang='lat' dir='ltr'><strong>peccatum.</strong></span> <span class='ocrx_word' id='word_1_808' title='bbox 2664 3803 2721 3861; x_wconf 87' lang='lat' dir='ltr'><strong>Si</strong></span> <span class='ocrx_word' id='word_1_809' title='bbox 2760 3804 2903 3862; x_wconf 88' lang='lat' dir='ltr'><strong>enim</strong></span> <span class='ocrx_word' id='word_1_810' title='bbox 2954 3804 3119 3860; x_wconf 82' lang='lat' dir='ltr'><strong>multa</strong></span> <span class='ocrx_word' id='word_1_811' title='bbox 3162 3804 3327 3874; x_wconf 78' lang='lat' dir='ltr'><strong>gessit</strong></span> <span class='ocrx_word' id='word_1_812' title='bbox 3354 3819 3447 3857; x_wconf 78' lang='lat' dir='ltr'><strong>se-</strong></span> 
     </span>
    </p>
   </div>
   <div class='ocr_carea' id='block_1_99' title="bbox 1849 3895 3445 3969">
    <p class='ocr_par' dir='ltr' id='par_1_99' title="bbox 1849 3895 3445 3969">
     <span class='ocr_line' id='line_1_99' title="bbox 1849 3895 3445 3969; baseline -0.003 -16"><span class='ocrx_word' id='word_1_813' title='bbox 1849 3895 2084 3954; x_wconf 86' lang='lat' dir='ltr'><strong>cundum</strong></span> <span class='ocrx_word' id='word_1_814' title='bbox 2143 3912 2360 3969; x_wconf 88' lang='lat' dir='ltr'><strong>corpus,</strong></span> <span class='ocrx_word' id='word_1_815' title='bbox 2387 3912 2455 3954; x_wconf 86' lang='lat' dir='ltr'><strong>ex</strong></span> <span class='ocrx_word' id='word_1_816' title='bbox 2509 3912 2619 3969; x_wconf 89' lang='lat' dir='ltr'><strong>quo</strong></span> <span class='ocrx_word' id='word_1_817' title='bbox 2671 3898 3030 3968; x_wconf 68' lang='lat' dir='ltr'><strong>intelligamus</strong></span> <span class='ocrx_word' id='word_1_818' title='bbox 3088 3898 3212 3967; x_wconf 88' lang='lat' dir='ltr'><strong>quia</strong></span> <span class='ocrx_word' id='word_1_819' title='bbox 3260 3897 3445 3952; x_wconf 83' lang='lat' dir='ltr'><strong>habuit</strong></span> 
     </span>
    </p>
   </div>
   <div class='ocr_carea' id='block_1_100' title="bbox 1849 3989 3444 4059">
    <p class='ocr_par' dir='ltr' id='par_1_100' title="bbox 1849 3989 3444 4059">
     <span class='ocr_line' id='line_1_100' title="bbox 1849 3989 3444 4059; baseline -0.002 -13"><span class='ocrx_word' id='word_1_820' title='bbox 1849 3998 2050 4059; x_wconf 84' lang='lat' dir='ltr'><strong>corpus</strong></span> <span class='ocrx_word' id='word_1_821' title='bbox 2106 4002 2213 4046; x_wconf 84' lang='lat' dir='ltr'><strong>non</strong></span> <span class='ocrx_word' id='word_1_822' title='bbox 2265 3989 2335 4045; x_wconf 70' lang='lat' dir='ltr'><strong>in.</strong></span> <span class='ocrx_word' id='word_1_823' title='bbox 2383 3989 2666 4046; x_wconf 85' lang='lat' dir='ltr'><strong>mendacio</strong></span> <span class='ocrx_word' id='word_1_824' title='bbox 2693 4029 2709 4054; x_wconf 96' lang='lat'><strong>,</strong></span> <span class='ocrx_word' id='word_1_825' title='bbox 2772 3989 2868 4046; x_wconf 85' lang='lat' dir='ltr'><strong>sed</strong></span> <span class='ocrx_word' id='word_1_826' title='bbox 2926 3989 2979 4044; x_wconf 91' lang='lat' dir='ltr'><strong>in</strong></span> <span class='ocrx_word' id='word_1_827' title='bbox 3035 3989 3259 4045; x_wconf 84' lang='lat' dir='ltr'><strong>veritate</strong></span> <span class='ocrx_word' id='word_1_828' title='bbox 3313 4005 3327 4041; x_wconf 86' lang='lat'><strong>:</strong></span> <span class='ocrx_word' id='word_1_829' title='bbox 3387 3997 3444 4043; x_wconf 88' lang='lat' dir='ltr'><strong>ut</strong></span> 
     </span>
    </p>
   </div>
   <div class='ocr_carea' id='block_1_101' title="bbox 1850 4077 3444 4152">
    <p class='ocr_par' dir='ltr' id='par_1_101' title="bbox 1850 4077 3444 4152">
     <span class='ocr_line' id='line_1_101' title="bbox 1850 4077 3444 4152; baseline -0.005 -15"><span class='ocrx_word' id='word_1_830' title='bbox 1850 4088 2000 4152; x_wconf 88' lang='lat' dir='ltr'><strong>puta,</strong></span> <span class='ocrx_word' id='word_1_831' title='bbox 2026 4079 2295 4152; x_wconf 86' lang='lat' dir='ltr'><strong>quomodo</strong></span> <span class='ocrx_word' id='word_1_832' title='bbox 2316 4079 2661 4149; x_wconf 73' lang='lat' dir='ltr'><strong>intelligimus</strong></span> <span class='ocrx_word' id='word_1_833' title='bbox 2686 4079 2807 4150; x_wconf 86' lang='lat' dir='ltr'><strong>quia</strong></span> <span class='ocrx_word' id='word_1_834' title='bbox 2836 4077 3022 4133; x_wconf 90' lang='lat' dir='ltr'><strong>habuit</strong></span> <span class='ocrx_word' id='word_1_835' title='bbox 3046 4077 3285 4148; x_wconf 82' lang='lat' dir='ltr'><strong>corpus?</strong></span> <span class='ocrx_word' id='word_1_836' title='bbox 3315 4079 3444 4130; x_wconf 74' lang='lat' dir='ltr'><strong>Atu-</strong></span> 
     </span>
    </p>
   </div>
   <div class='ocr_carea' id='block_1_102' title="bbox 1849 4168 3443 4242">
    <p class='ocr_par' dir='ltr' id='par_1_102' title="bbox 1849 4168 3443 4242">
     <span class='ocr_line' id='line_1_102' title="bbox 1849 4168 3443 4242; baseline -0.004 -13"><span class='ocrx_word' id='word_1_837' title='bbox 1849 4171 2085 4239; x_wconf 85' lang='lat' dir='ltr'><strong>bulavit,</strong></span> <span class='ocrx_word' id='word_1_838' title='bbox 2114 4172 2290 4240; x_wconf 85' lang='lat' dir='ltr'><strong>sedit,</strong></span> <span class='ocrx_word' id='word_1_839' title='bbox 2317 4171 2591 4240; x_wconf 85' lang='lat' dir='ltr'><strong>dormivit,</strong></span> <span class='ocrx_word' id='word_1_840' title='bbox 2615 4169 3036 4242; x_wconf 77' lang='lat' dir='ltr'><strong>comprehensus</strong></span> <span class='ocrx_word' id='word_1_841' title='bbox 3062 4178 3167 4235; x_wconf 86' lang='lat' dir='ltr'><strong>est,</strong></span> <span class='ocrx_word' id='word_1_842' title='bbox 3198 4168 3443 4241; x_wconf 62' lang='lat' dir='ltr'><strong>ﬂagella.</strong></span> 
     </span>
    </p>
   </div>
   <div class='ocr_carea' id='block_1_103' title="bbox 1850 4263 3442 4337">
    <p class='ocr_par' dir='ltr' id='par_1_103' title="bbox 1850 4263 3442 4337">
     <span class='ocr_line' id='line_1_103' title="bbox 1850 4263 3442 4337; baseline -0.005 -12"><span class='ocrx_word' id='word_1_843' title='bbox 1850 4275 1939 4325; x_wconf 87' lang='lat' dir='ltr'><strong>tos</strong></span> <span class='ocrx_word' id='word_1_844' title='bbox 1961 4275 2063 4333; x_wconf 86' lang='lat' dir='ltr'><strong>est,</strong></span> <span class='ocrx_word' id='word_1_845' title='bbox 2092 4264 2456 4337; x_wconf 83' lang='lat' dir='ltr'><strong>colapltizatos</strong></span> <span class='ocrx_word' id='word_1_846' title='bbox 2480 4274 2586 4330; x_wconf 89' lang='lat' dir='ltr'><strong>est,</strong></span> <span class='ocrx_word' id='word_1_847' title='bbox 2629 4263 2915 4320; x_wconf 84' lang='lat' dir='ltr'><strong>crueitixns</strong></span> <span class='ocrx_word' id='word_1_848' title='bbox 2938 4270 3042 4329; x_wconf 87' lang='lat' dir='ltr'><strong>est,</strong></span> <span class='ocrx_word' id='word_1_849' title='bbox 3072 4272 3312 4318; x_wconf 89' lang='lat' dir='ltr'><strong>mortuus</strong></span> <span class='ocrx_word' id='word_1_850' title='bbox 3337 4270 3442 4317; x_wconf 83' lang='lat' dir='ltr'><strong>est.</strong></span> 
     </span>
    </p>
   </div>
   <div class='ocr_carea' id='block_1_104' title="bbox 1850 4352 3444 4427">
    <p class='ocr_par' dir='ltr' id='par_1_104' title="bbox 1850 4352 3444 4427">
     <span class='ocr_line' id='line_1_104' title="bbox 1850 4352 3444 4427; baseline -0.006 -12"><span class='ocrx_word' id='word_1_851' title='bbox 1850 4357 2000 4416; x_wconf 81' lang='lat' dir='ltr'><strong>Tolle</strong></span> <span class='ocrx_word' id='word_1_852' title='bbox 2027 4371 2241 4427; x_wconf 90' lang='lat' dir='ltr'><strong>corpus,</strong></span> <span class='ocrx_word' id='word_1_853' title='bbox 2266 4355 2399 4413; x_wconf 89' lang='lat' dir='ltr'><strong>nihil</strong></span> <span class='ocrx_word' id='word_1_854' title='bbox 2429 4356 2620 4412; x_wconf 88' lang='lat' dir='ltr'><strong>horum</strong></span> <span class='ocrx_word' id='word_1_855' title='bbox 2646 4353 2761 4410; x_wconf 87' lang='lat' dir='ltr'><strong>lleri</strong></span> <span class='ocrx_word' id='word_1_856' title='bbox 2792 4354 2982 4424; x_wconf 86' lang='lat' dir='ltr'><strong>potuit.</strong></span> <span class='ocrx_word' id='word_1_857' title='bbox 3009 4352 3293 4422; x_wconf 85' lang='lat' dir='ltr'><strong>Quomodo</strong></span> <span class='ocrx_word' id='word_1_858' title='bbox 3316 4368 3444 4423; x_wconf 82' lang='lat' dir='ltr'><strong>ergo</strong></span> 
     </span>
    </p>
   </div>
   <div class='ocr_carea' id='block_1_105' title="bbox 1849 4443 3442 4519">
    <p class='ocr_par' dir='ltr' id='par_1_105' title="bbox 1849 4443 3442 4519">
     <span class='ocr_line' id='line_1_105' title="bbox 1849 4443 3442 4519; baseline -0.006 -11"><span class='ocrx_word' id='word_1_859' title='bbox 1849 4466 1920 4508; x_wconf 88' lang='lat' dir='ltr'><strong>ex</strong></span> <span class='ocrx_word' id='word_1_860' title='bbox 1944 4450 2029 4508; x_wconf 87' lang='lat' dir='ltr'><strong>bis</strong></span> <span class='ocrx_word' id='word_1_861' title='bbox 2052 4449 2263 4507; x_wconf 86' lang='lat' dir='ltr'><strong>indiciis</strong></span> <span class='ocrx_word' id='word_1_862' title='bbox 2286 4446 2662 4519; x_wconf 86' lang='lat' dir='ltr'><strong>cognoscimus</strong></span> <span class='ocrx_word' id='word_1_863' title='bbox 2699 4446 2750 4501; x_wconf 90' lang='lat' dir='ltr'><strong>in</strong></span> <span class='ocrx_word' id='word_1_864' title='bbox 2780 4444 3069 4516; x_wconf 80' lang='lat' dir='ltr'><strong>Evangelio</strong></span> <span class='ocrx_word' id='word_1_865' title='bbox 3092 4443 3214 4514; x_wconf 86' lang='lat' dir='ltr'><strong>quia</strong></span> <span class='ocrx_word' id='word_1_866' title='bbox 3256 4458 3442 4499; x_wconf 88' lang='lat' dir='ltr'><strong>verum</strong></span> 
     </span>
    </p>
   </div>
   <div class='ocr_carea' id='block_1_106' title="bbox 1847 4535 3443 4615">
    <p class='ocr_par' dir='ltr' id='par_1_106' title="bbox 1847 4535 3443 4615">
     <span class='ocr_line' id='line_1_106' title="bbox 1847 4535 3443 4615; baseline -0.006 -13"><span class='ocrx_word' id='word_1_867' title='bbox 1847 4556 2046 4615; x_wconf 73' lang='lat' dir='ltr'><strong>mrpus</strong></span> <span class='ocrx_word' id='word_1_868' title='bbox 2072 4541 2278 4608; x_wconf 85' lang='lat' dir='ltr'><strong>habuit,</strong></span> <span class='ocrx_word' id='word_1_869' title='bbox 2316 4540 2458 4598; x_wconf 84' lang='lat' dir='ltr'><strong>sicut</strong></span> <span class='ocrx_word' id='word_1_870' title='bbox 2500 4549 2557 4596; x_wconf 91' lang='lat' dir='ltr'><strong>ct</strong></span> <span class='ocrx_word' id='word_1_871' title='bbox 2594 4540 2708 4609; x_wconf 87' lang='lat' dir='ltr'><strong>ipse</strong></span> <span class='ocrx_word' id='word_1_872' title='bbox 2732 4539 2893 4594; x_wconf 86' lang='lat' dir='ltr'><strong>etiam</strong></span> <span class='ocrx_word' id='word_1_873' title='bbox 2935 4535 3443 4609; x_wconf 7' lang='lat' dir='ltr'><strong>postgrcsurreetio-</strong></span> 
     </span>
    </p>
   </div>
   <div class='ocr_carea' id='block_1_107' title="bbox 1850 4628 3445 4705">
    <p class='ocr_par' dir='ltr' id='par_1_107' title="bbox 1850 4628 3445 4705">
     <span class='ocr_line' id='line_1_107' title="bbox 1850 4628 3445 4705; baseline -0.008 -12"><span class='ocrx_word' id='word_1_874' title='bbox 1850 4651 1976 4693; x_wconf 84' lang='lat' dir='ltr'><strong>nem</strong></span> <span class='ocrx_word' id='word_1_875' title='bbox 2003 4636 2138 4693; x_wconf 89' lang='lat' dir='ltr'><strong>dixit</strong></span> <span class='ocrx_word' id='word_1_876' title='bbox 2164 4652 2180 4689; x_wconf 89' lang='lat'><strong>:</strong></span> <span class='ocrx_word' id='word_1_877' title='bbox 2210 4633 2463 4705; x_wconf 81' lang='lat' dir='ltr'><strong>Palpate,</strong></span> <span class='ocrx_word' id='word_1_878' title='bbox 2489 4640 2539 4689; x_wconf 85' lang='lat' dir='ltr'><strong>et</strong></span> <span class='ocrx_word' id='word_1_879' title='bbox 2572 4631 2764 4695; x_wconf 72' lang='lat' dir='ltr'><strong>videte,</strong></span> <span class='ocrx_word' id='word_1_880' title='bbox 2795 4630 2912 4703; x_wconf 81' lang='lat' dir='ltr'><strong>quia</strong></span> <span class='ocrx_word' id='word_1_881' title='bbox 2936 4628 3143 4699; x_wconf 84' lang='lat' dir='ltr'><strong>spiritus</strong></span> <span class='ocrx_word' id='word_1_882' title='bbox 3161 4644 3366 4683; x_wconf 84' lang='lat' dir='ltr'><strong>carnem</strong></span> <span class='ocrx_word' id='word_1_883' title='bbox 3394 4636 3445 4681; x_wconf 90' lang='lat' dir='ltr'><strong>et</strong></span> 
     </span>
    </p>
   </div>
   <div class='ocr_carea' id='block_1_108' title="bbox 1851 4720 3455 4794">
    <p class='ocr_par' dir='ltr' id='par_1_108' title="bbox 1851 4720 3455 4794">
     <span class='ocr_line' id='line_1_108' title="bbox 1851 4720 3455 4794; baseline -0.007 -9"><span class='ocrx_word' id='word_1_884' title='bbox 1851 4743 1968 4785; x_wconf 85' lang='lat' dir='ltr'><strong>ossa</strong></span> <span class='ocrx_word' id='word_1_885' title='bbox 1991 4743 2092 4783; x_wconf 83' lang='lat' dir='ltr'><strong>non</strong></span> <span class='ocrx_word' id='word_1_886' title='bbox 2116 4725 2287 4794; x_wconf 79' lang='lat' dir='ltr'><strong>habet,</strong></span> <span class='ocrx_word' id='word_1_887' title='bbox 2305 4725 2437 4780; x_wconf 86' lang='lat' dir='ltr'><strong>sicut</strong></span> <span class='ocrx_word' id='word_1_888' title='bbox 2453 4739 2533 4779; x_wconf 84' lang='lat' dir='ltr'><strong>me</strong></span> <span class='ocrx_word' id='word_1_889' title='bbox 2551 4722 2729 4779; x_wconf 77' lang='lat' dir='ltr'><strong>uidetis</strong></span> <span class='ocrx_word' id='word_1_890' title='bbox 2748 4721 2930 4776; x_wconf 81' lang='lat' dir='ltr'><strong>habere</strong></span> <span class='ocrx_word' id='word_1_891' title='bbox 2956 4720 3109 4788; x_wconf 85' lang='lat' dir='ltr'><strong>(Luc.</strong></span> <span class='ocrx_word' id='word_1_892' title='bbox 3133 4734 3275 4784; x_wconf 83' lang='lat' dir='ltr'><strong>xxtv,</strong></span> <span class='ocrx_word' id='word_1_893' title='bbox 3298 4720 3390 4785; x_wconf 79' lang='lat'><strong>39)</strong></span> <span class='ocrx_word' id='word_1_894' title='bbox 3424 4734 3455 4789; x_wconf 21' lang='grc' dir='ltr'><strong>τη</strong></span> 
     </span>
    </p>
   </div>
   <div class='ocr_carea' id='block_1_109' title="bbox 1850 4808 3473 4892">
    <p class='ocr_par' dir='ltr' id='par_1_109' title="bbox 1850 4808 3473 4892">
     <span class='ocr_line' id='line_1_109' title="bbox 1850 4808 3473 4892; baseline -0.007 -17"><span class='ocrx_word' id='word_1_895' title='bbox 1850 4816 2122 4892; x_wconf 89' lang='lat' dir='ltr'><strong>quomodo</strong></span> <span class='ocrx_word' id='word_1_896' title='bbox 2143 4830 2210 4874; x_wconf 87' lang='lat' dir='ltr'><strong>ex</strong></span> <span class='ocrx_word' id='word_1_897' title='bbox 2254 4814 2338 4872; x_wconf 89' lang='lat' dir='ltr'><strong>his</strong></span> <span class='ocrx_word' id='word_1_898' title='bbox 2360 4814 2540 4878; x_wconf 85' lang='lat' dir='ltr'><strong>rebus,</strong></span> <span class='ocrx_word' id='word_1_899' title='bbox 2574 4828 2641 4869; x_wconf 92' lang='lat' dir='ltr'><strong>ex</strong></span> <span class='ocrx_word' id='word_1_900' title='bbox 2675 4812 2759 4867; x_wconf 92' lang='lat' dir='ltr'><strong>his</strong></span> <span class='ocrx_word' id='word_1_901' title='bbox 2797 4810 3047 4880; x_wconf 80' lang='lat' dir='ltr'><strong>operibus</strong></span> <span class='ocrx_word' id='word_1_902' title='bbox 3073 4808 3344 4865; x_wconf 86' lang='lat' dir='ltr'><strong>credimus</strong></span> <span class='ocrx_word' id='word_1_903' title='bbox 3384 4818 3441 4865; x_wconf 89' lang='lat' dir='ltr'><strong>et</strong></span> <span class='ocrx_word' id='word_1_904' title='bbox 3464 4810 3473 4879; x_wconf 78' lang='grc' dir='ltr'><em>ς</em></span> 
     </span>
    </p>
   </div>
   <div class='ocr_carea' id='block_1_110' title="bbox 1853 4902 3476 4981">
    <p class='ocr_par' dir='ltr' id='par_1_110' title="bbox 1853 4902 3476 4981">
     <span class='ocr_line' id='line_1_110' title="bbox 1853 4902 3476 4981; baseline -0.008 -13"><span class='ocrx_word' id='word_1_905' title='bbox 1853 4910 2200 4981; x_wconf 77' lang='lat' dir='ltr'><strong>intelligimus</strong></span> <span class='ocrx_word' id='word_1_906' title='bbox 2228 4916 2284 4964; x_wconf 90' lang='lat' dir='ltr'><strong>et</strong></span> <span class='ocrx_word' id='word_1_907' title='bbox 2311 4908 2559 4962; x_wconf 89' lang='lat' dir='ltr'><strong>novimus</strong></span> <span class='ocrx_word' id='word_1_908' title='bbox 2583 4904 2705 4976; x_wconf 90' lang='lat' dir='ltr'><strong>quia</strong></span> <span class='ocrx_word' id='word_1_909' title='bbox 2732 4918 2927 4974; x_wconf 89' lang='lat' dir='ltr'><strong>corpus</strong></span> <span class='ocrx_word' id='word_1_910' title='bbox 2970 4902 3150 4959; x_wconf 87' lang='lat' dir='ltr'><strong>habuit</strong></span> <span class='ocrx_word' id='word_1_911' title='bbox 3186 4902 3446 4958; x_wconf 88' lang='lat' dir='ltr'><strong>Dominus</strong></span> <span class='ocrx_word' id='word_1_912' title='bbox 3470 4971 3476 4975; x_wconf 93' lang='lat'><em>_</em></span> 
     </span>
    </p>
   </div>
   <div class='ocr_carea' id='block_1_111' title="bbox 1852 4994 3448 5070">
    <p class='ocr_par' dir='ltr' id='par_1_111' title="bbox 1852 4994 3448 5070">
     <span class='ocr_line' id='line_1_111' title="bbox 1852 4994 3448 5070; baseline -0.008 -8"><span class='ocrx_word' id='word_1_913' title='bbox 1852 5003 2031 5067; x_wconf 83' lang='lat' dir='ltr'><strong>Jesns,</strong></span> <span class='ocrx_word' id='word_1_914' title='bbox 2073 5002 2153 5060; x_wconf 84' lang='lat' dir='ltr'><strong>sic</strong></span> <span class='ocrx_word' id='word_1_915' title='bbox 2178 5010 2234 5058; x_wconf 90' lang='lat' dir='ltr'><strong>et</strong></span> <span class='ocrx_word' id='word_1_916' title='bbox 2274 5015 2341 5058; x_wconf 88' lang='lat' dir='ltr'><strong>ex</strong></span> <span class='ocrx_word' id='word_1_917' title='bbox 2366 4998 2686 5070; x_wconf 85' lang='lat' dir='ltr'><strong>quibusdam</strong></span> <span class='ocrx_word' id='word_1_918' title='bbox 2729 4996 2850 5051; x_wconf 83' lang='lat' dir='ltr'><strong>aliis</strong></span> <span class='ocrx_word' id='word_1_919' title='bbox 2876 4994 3069 5051; x_wconf 81' lang='lat' dir='ltr'><strong>ciliciis</strong></span> <span class='ocrx_word' id='word_1_920' title='bbox 3111 4994 3448 5051; x_wconf 86' lang='lat' dir='ltr'><strong>naturalibus</strong></span> 
     </span>
    </p>
   </div>
   <div class='ocr_carea' id='block_1_112' title="bbox 1853 5088 3446 5170">
    <p class='ocr_par' dir='ltr' id='par_1_112' title="bbox 1853 5088 3446 5170">
     <span class='ocr_line' id='line_1_112' title="bbox 1853 5088 3446 5170; baseline -0.007 -17"><span class='ocrx_word' id='word_1_921' title='bbox 1853 5098 1976 5170; x_wconf 90' lang='lat' dir='ltr'><strong>quia</strong></span> <span class='ocrx_word' id='word_1_922' title='bbox 2003 5095 2189 5152; x_wconf 89' lang='lat' dir='ltr'><strong>habuit</strong></span> <span class='ocrx_word' id='word_1_923' title='bbox 2210 5094 2462 5151; x_wconf 87' lang='lat' dir='ltr'><strong>animam.</strong></span> <span class='ocrx_word' id='word_1_924' title='bbox 2493 5091 2730 5158; x_wconf 82' lang='lat' dir='ltr'><strong>Esurire,</strong></span> <span class='ocrx_word' id='word_1_925' title='bbox 2752 5090 2926 5155; x_wconf 81' lang='lat' dir='ltr'><strong>sitire,</strong></span> <span class='ocrx_word' id='word_1_926' title='bbox 2945 5091 3139 5163; x_wconf 71' lang='lat' dir='ltr'><strong>auiam</strong></span> <span class='ocrx_word' id='word_1_927' title='bbox 3157 5100 3279 5143; x_wconf 88' lang='lat' dir='ltr'><strong>sunt</strong></span> <span class='ocrx_word' id='word_1_928' title='bbox 3302 5088 3401 5143; x_wconf 87' lang='lat' dir='ltr'><strong>ista</strong></span> <span class='ocrx_word' id='word_1_929' title='bbox 3432 5104 3446 5142; x_wconf 86' lang='lat'><strong>:</strong></span> 
     </span>
    </p>
   </div>
   <div class='ocr_carea' id='block_1_113' title="bbox 1853 5179 3449 5259">
    <p class='ocr_par' dir='ltr' id='par_1_113' title="bbox 1853 5179 3449 5259">
     <span class='ocr_line' id='line_1_113' title="bbox 1853 5179 3449 5259; baseline -0.009 -11"><span class='ocrx_word' id='word_1_930' title='bbox 1853 5191 1982 5248; x_wconf 86' lang='lat' dir='ltr'><strong>tolle</strong></span> <span class='ocrx_word' id='word_1_931' title='bbox 2003 5191 2233 5245; x_wconf 90' lang='lat' dir='ltr'><strong>animam</strong></span> <span class='ocrx_word' id='word_1_932' title='bbox 2257 5229 2274 5256; x_wconf 97' lang='lat'><strong>,</strong></span> <span class='ocrx_word' id='word_1_933' title='bbox 2299 5201 2499 5259; x_wconf 88' lang='lat' dir='ltr'><strong>corpus</strong></span> <span class='ocrx_word' id='word_1_934' title='bbox 2528 5185 2642 5242; x_wconf 62' lang='lat' dir='ltr'><strong>haec</strong></span> <span class='ocrx_word' id='word_1_935' title='bbox 2666 5185 2918 5243; x_wconf 87' lang='lat' dir='ltr'><strong>exanime</strong></span> <span class='ocrx_word' id='word_1_936' title='bbox 2947 5200 3055 5241; x_wconf 90' lang='lat' dir='ltr'><strong>non</strong></span> <span class='ocrx_word' id='word_1_937' title='bbox 3084 5182 3303 5256; x_wconf 82' lang='lat' dir='ltr'><strong>poterit.</strong></span> <span class='ocrx_word' id='word_1_938' title='bbox 3341 5179 3449 5235; x_wconf 85' lang='lat' dir='ltr'><strong>Sed</strong></span> 
     </span>
    </p>
   </div>
   <div class='ocr_carea' id='block_1_114' title="bbox 1853 5269 3449 5346">
    <p class='ocr_par' dir='ltr' id='par_1_114' title="bbox 1853 5269 3449 5346">
     <span class='ocr_line' id='line_1_114' title="bbox 1853 5269 3449 5346; baseline -0.008 -8"><span class='ocrx_word' id='word_1_939' title='bbox 1853 5283 1901 5338; x_wconf 89' lang='lat' dir='ltr'><strong>si</strong></span> <span class='ocrx_word' id='word_1_940' title='bbox 1930 5282 2061 5339; x_wconf 79' lang='lat' dir='ltr'><strong>falsa</strong></span> <span class='ocrx_word' id='word_1_941' title='bbox 2086 5280 2273 5337; x_wconf 89' lang='lat' dir='ltr'><strong>dicunt</strong></span> <span class='ocrx_word' id='word_1_942' title='bbox 2308 5279 2408 5336; x_wconf 88' lang='lat' dir='ltr'><strong>ista</strong></span> <span class='ocrx_word' id='word_1_943' title='bbox 2448 5277 2637 5346; x_wconf 75' lang='lat' dir='ltr'><strong>fuisse,</strong></span> <span class='ocrx_word' id='word_1_944' title='bbox 2674 5277 2803 5334; x_wconf 77' lang='lat' dir='ltr'><strong>falsa</strong></span> <span class='ocrx_word' id='word_1_945' title='bbox 2834 5283 2994 5333; x_wconf 85' lang='lat' dir='ltr'><strong>erunt</strong></span> <span class='ocrx_word' id='word_1_946' title='bbox 3029 5283 3084 5331; x_wconf 90' lang='lat' dir='ltr'><strong>et</strong></span> <span class='ocrx_word' id='word_1_947' title='bbox 3110 5273 3197 5327; x_wconf 88' lang='lat' dir='ltr'><strong>illa</strong></span> <span class='ocrx_word' id='word_1_948' title='bbox 3226 5286 3347 5343; x_wconf 80' lang='lat' dir='ltr'><strong>qua:</strong></span> <span class='ocrx_word' id='word_1_949' title='bbox 3374 5269 3449 5325; x_wconf 85' lang='lat' dir='ltr'><strong>de</strong></span> 
     </span>
    </p>
   </div>
   <div class='ocr_carea' id='block_1_115' title="bbox 1852 5371 3448 5445">
    <p class='ocr_par' dir='ltr' id='par_1_115' title="bbox 1852 5371 3448 5445">
     <span class='ocr_line' id='line_1_115' title="bbox 1852 5371 3448 5445; baseline -0.009 -14"><span class='ocrx_word' id='word_1_950' title='bbox 1852 5389 2081 5445; x_wconf 86' lang='lat' dir='ltr'><strong>corpore</strong></span> <span class='ocrx_word' id='word_1_951' title='bbox 2122 5372 2455 5430; x_wconf 85' lang='lat' dir='ltr'><strong>creduntur:</strong></span> <span class='ocrx_word' id='word_1_952' title='bbox 2501 5371 2547 5428; x_wconf 86' lang='lat' dir='ltr'><strong>si</strong></span> <span class='ocrx_word' id='word_1_953' title='bbox 2590 5379 2768 5428; x_wconf 88' lang='lat' dir='ltr'><strong>autem</strong></span> <span class='ocrx_word' id='word_1_954' title='bbox 2794 5385 2859 5424; x_wconf 90' lang='lat' dir='ltr'><strong>ex</strong></span> <span class='ocrx_word' id='word_1_955' title='bbox 2891 5383 2958 5425; x_wconf 89' lang='lat' dir='ltr'><strong>eo</strong></span> <span class='ocrx_word' id='word_1_956' title='bbox 2996 5381 3182 5424; x_wconf 77' lang='lat' dir='ltr'><strong>verum</strong></span> <span class='ocrx_word' id='word_1_957' title='bbox 3225 5377 3448 5435; x_wconf 85' lang='lat' dir='ltr'><strong>corpus,</strong></span> 
     </span>
    </p>
   </div>
   <div class='ocr_carea' id='block_1_116' title="bbox 1853 5456 3448 5540">
    <p class='ocr_par' dir='ltr' id='par_1_116' title="bbox 1853 5456 3448 5540">
     <span class='ocr_line' id='line_1_116' title="bbox 1853 5456 3448 5540; baseline -0.007 -18"><span class='ocrx_word' id='word_1_958' title='bbox 1853 5467 1976 5540; x_wconf 89' lang='lat' dir='ltr'><strong>quia</strong></span> <span class='ocrx_word' id='word_1_959' title='bbox 2019 5480 2146 5521; x_wconf 84' lang='lat' dir='ltr'><strong>vera</strong></span> <span class='ocrx_word' id='word_1_960' title='bbox 2187 5464 2362 5521; x_wconf 80' lang='lat' dir='ltr'><strong>oitieia</strong></span> <span class='ocrx_word' id='word_1_961' title='bbox 2395 5462 2669 5535; x_wconf 87' lang='lat' dir='ltr'><strong>corporis;</strong></span> <span class='ocrx_word' id='word_1_962' title='bbox 2708 5476 2776 5520; x_wconf 84' lang='lat' dir='ltr'><strong>ex</strong></span> <span class='ocrx_word' id='word_1_963' title='bbox 2811 5476 2879 5518; x_wconf 92' lang='lat' dir='ltr'><strong>co</strong></span> <span class='ocrx_word' id='word_1_964' title='bbox 2918 5474 3042 5517; x_wconf 85' lang='lat' dir='ltr'><strong>vera</strong></span> <span class='ocrx_word' id='word_1_965' title='bbox 3078 5456 3277 5525; x_wconf 88' lang='lat' dir='ltr'><strong>anima,</strong></span> <span class='ocrx_word' id='word_1_966' title='bbox 3322 5456 3448 5528; x_wconf 89' lang='lat' dir='ltr'><strong>quia</strong></span> 
     </span>
    </p>
   </div>
   <div class='ocr_carea' id='block_1_117' title="bbox 1853 5558 2420 5617">
    <p class='ocr_par' dir='ltr' id='par_1_117' title="bbox 1853 5558 2420 5617">
     <span class='ocr_line' id='line_1_117' title="bbox 1853 5558 2420 5617; baseline 0 -4"><span class='ocrx_word' id='word_1_967' title='bbox 1853 5573 1980 5617; x_wconf 85' lang='lat' dir='ltr'><strong>vera</strong></span> <span class='ocrx_word' id='word_1_968' title='bbox 2004 5558 2178 5617; x_wconf 80' lang='lat' dir='ltr'><strong>ofﬁcia</strong></span> <span class='ocrx_word' id='word_1_969' title='bbox 2207 5559 2420 5613; x_wconf 64' lang='lat' dir='ltr'><strong>animai.</strong></span> 
     </span>
    </p>
   </div>
   <div class='ocr_carea' id='block_1_118' title="bbox 1925 5639 3450 5720">
    <p class='ocr_par' dir='ltr' id='par_1_118' title="bbox 1925 5639 3450 5720">
     <span class='ocr_line' id='line_1_118' title="bbox 1925 5639 3450 5720; baseline -0.007 -14"><span class='ocrx_word' id='word_1_970' title='bbox 1925 5651 1981 5707; x_wconf 82' lang='grc' dir='ltr'><strong>ι.</strong></span> <span class='ocrx_word' id='word_1_971' title='bbox 2019 5647 2158 5717; x_wconf 82' lang='lat' dir='ltr'><strong>Quid</strong></span> <span class='ocrx_word' id='word_1_972' title='bbox 2196 5649 2363 5720; x_wconf 83' lang='lat' dir='ltr'><strong>ergo?</strong></span> <span class='ocrx_word' id='word_1_973' title='bbox 2400 5646 2664 5718; x_wconf 81' lang='lat' dir='ltr'><strong>Quoniam</strong></span> <span class='ocrx_word' id='word_1_974' title='bbox 2708 5643 2964 5700; x_wconf 88' lang='lat' dir='ltr'><strong>Dominus</strong></span> <span class='ocrx_word' id='word_1_975' title='bbox 2991 5642 3163 5697; x_wconf 77' lang='lat' dir='ltr'><strong>factus</strong></span> <span class='ocrx_word' id='word_1_976' title='bbox 3186 5646 3272 5697; x_wconf 88' lang='lat' dir='ltr'><strong>est</strong></span> <span class='ocrx_word' id='word_1_977' title='bbox 3294 5639 3450 5696; x_wconf 84' lang='lat' dir='ltr'><strong>inlir-</strong></span> 
     </span>
    </p>
   </div>
   <div class='ocr_carea' id='block_1_119' title="bbox 1853 5772 3455 5901">
    <p class='ocr_par' dir='ltr' id='par_1_119' title="bbox 1853 5772 3455 5901">
     <span class='ocr_line' id='line_1_119' title="bbox 1853 5772 3455 5901; baseline -0.004 -65"><span class='ocrx_word' id='word_1_978' title='bbox 1853 5785 2243 5901; x_wconf 36' lang='lat' dir='ltr'><strong>“amabat</strong></span> <span class='ocrx_word' id='word_1_979' title='bbox 2277 5781 2412 5843; x_wconf 85' lang='lat' dir='ltr'><strong>edd.,</strong></span> <span class='ocrx_word' id='word_1_980' title='bbox 2433 5779 2565 5845; x_wconf 79' lang='lat' dir='ltr'><strong>quod</strong></span> <span class='ocrx_word' id='word_1_981' title='bbox 2584 5778 2756 5832; x_wconf 77' lang='lat' dir='ltr'><strong>melius</strong></span> <span class='ocrx_word' id='word_1_982' title='bbox 2779 5782 2852 5831; x_wconf 84' lang='lat' dir='ltr'><strong>est</strong></span> <span class='ocrx_word' id='word_1_983' title='bbox 2882 5775 3169 5843; x_wconf 68' lang='lat' dir='ltr'><strong>pecoribus,</strong></span> <span class='ocrx_word' id='word_1_984' title='bbox 3187 5772 3455 5843; x_wconf 64' lang='lat' dir='ltr'><strong>perimitur</strong></span> 
     </span>
    </p>
   </div>
  </div>
