3950 6430
496 387 612 448 223

501 513 570 562 et»
596 502 893 576 frangatur,
922 516 1028 558 non
1058 514 1120 557 se
1155 497 1353 571 patitur
1379 497 1556 555 oleum
1587 496 1789 554 subter.
1817 493 2098 564 Quomodo

498 611 638 666 aqua
665 610 827 665 super
854 594 1031 649 oleum
1060 583 1241 658 missa,
1266 591 1502 661 pondere
1526 590 1593 645 ad
1618 590 1721 644 ima
1749 589 1921 642 locum
1941 590 2098 642 ‘snum

500 688 695 758 quterit
727 683 846 742 {sic
870 685 1048 740 oleum
1076 683 1264 739 subter
1289 698 1480 754 aquam
1513 682 1690 736 fnSIIm
1715 724 1731 747 ,
1766 680 2000 751 pondere
2028 679 2096 735 ad

500 795 710 837 summa
751 780 923 834 locum
951 774 1104 833 s'unm
1135 777 1347 848 qmrrit.
1375 776 1431 832 Si
1463 790 1592 846 ergo
1623 776 1691 828 ita
1722 783 1803 828 est
1823 815 1838 838 ,
1869 771 2097 839 fratres,

503 887 610 944 quo
636 871 799 927 tendit
830 870 968 940 ignis
993 879 1045 924 et
1076 869 1247 939 aqua?
1277 869 1416 940 lgnis
1454 882 1664 923 sursum
1694 867 1888 932 fertur,
1921 865 2097 954 locum

500 977 656 1018 suum
695 961 921 1032 quzrrit;
961 969 1014 1016 et
1048 975 1182 1031 aqua
1223 960 1395 1016 locum
1435 974 1590 1014 suum
1629 958 1821 1029 qua-rit
1861 956 2097 1028 pondere

503 1069 622 1110 suo.
650 1053 808 1124 Lapis
835 1053 938 1108 ima
967 1052 1116 1122 petit.
1140 1063 1191 1107 et
1220 1052 1440 1123 lignum,
1464 1060 1518 1105 ct
1540 1051 1824 1113 columnae,
1850 1059 1900 1104 et
1931 1058 2094 1113 terra,

500 1146 642 1202 unde
667 1143 1000 1202 aediﬁcantur
1019 1146 1132 1200 ista!
1154 1143 1343 1198 domus
1368 1162 1379 1195 :
1405 1143 1474 1199 de
1500 1141 1593 1198 illo
1612 1159 1738 1212 ergo
1759 1150 1884 1196 sunt
1903 1157 2098 1212 genere

499 1251 716 1303 rerum,
743 1252 864 1307 qm:
905 1234 1140 1306 pondere
1171 1249 1271 1290 suo
1297 1234 1548 1290 deorsum
1580 1234 1836 1288 feruntur.
1871 1232 2095 1289 Manife-

500 1335 642 1382 stum
671 1335 752 1383 est
784 1341 913 1396 ergo
947 1326 1065 1381 ideo
1093 1325 1343 1382 deorsmn
1376 1326 1620 1395 arripere
1657 1324 2092 1391 fundamentum,

500 1417 624 1487 quia
653 1416 891 1486 pondere
915 1431 1014 1470 suo
1035 1415 1285 1471 deorsum
1313 1431 1497 1470 versus
1524 1415 1791 1481 feruntur;
1816 1423 1870 1470 et
1897 1414 1996 1470 nisi
2024 1414 2097 1470 sit

502 1508 646 1577 quod
686 1508 976 1568 sustineat,
1018 1517 1184 1562 totum
1225 1508 1400 1573 cadit,
1430 1509 1550 1579 quia
1592 1517 1760 1563 totum
1796 1507 1862 1562 ad
1897 1517 2093 1563 terram

502 1598 694 1668 vergit.
723 1598 902 1654 Rebus
926 1613 1056 1670 ergo
1079 1598 1144 1654 ad
1170 1599 1272 1654 iuta
1303 1599 1640 1655 tendentilms
1666 1601 1718 1654 in
1746 1601 1855 1654 imo
1881 1601 2095 1672 ponitur

503 1688 909 1746 fundamentum
941 1708 954 1746 ε
987 1691 1220 1746 Ecclesia
1254 1707 1379 1748 vero
1411 1692 1502 1747 Dei
1539 1692 1590 1746 in
1627 1692 1735 1746 imo
1775 1693 1943 1762 posita
1974 1704 2094 1747 ten-

501 1778 582 1836 dit
613 1783 665 1837 in
692 1783 908 1838 cadum.
944 1782 1369 1838 Fundamentmn
1399 1799 1525 1854 ergo
1562 1792 1800 1838 nostrum
1843 1783 1914 1838 ibi
1953 1782 2099 1854 posi-

506 1880 618 1927 tttm
648 1881 765 1940 est,
809 1873 1062 1928 Dominus
1101 1883 1284 1930 uoster
1321 1873 1476 1929 Jesus
1512 1874 1756 1930 Christus
1797 1875 1992 1929 sedens
2028 1875 2110 1931 ad‘

505 1961 1002 2019 dexteram‘l’atris.
1035 1963 1091 2020 Si
1117 1981 1246 2035 ergo
1282 1965 1541 2019 intellexit
1570 1964 1837 2020 Sanctitas
1870 1965 2053 2021 Vestra
2074 2005 2090 2032 ,

500 2057 620 2126 quia
656 2056 765 2126 jam
797 2055 1096 2111 dedica'nm
1132 2069 1214 2112 est
1248 2058 1648 2112 fundamentum
1684 2066 1924 2112 nostrum
1945 2099 1961 2124 ,
1992 2073 2092 2113 au-

499 2145 707 2201 diamus
735 2149 965 2203 breviter
991 2149 1279 2210 Psalmum,
1306 2160 1360 2204 et
1386 2149 1756 2205 decurramus.

571 2241 659 2296 il.
690 2239 841 2313 [vers.
871 2240 952 2314 2.]
995 2239 1246 2295 Exaltabo
1274 2251 1354 2308 te,
1389 2241 1634 2309 Domine,
1661 2243 1898 2314 quoniam
1923 2260 2095 2299 susce-

499 2331 619 2402 pisti
645 2348 752 2394 me,
785 2348 874 2386 nec
893 2333 1194 2402 jucundnsti
1222 2334 1449 2386 inimicos
1476 2351 1610 2388 meos
1636 2351 1786 2403 super
1815 2352 1913 2388 me.
1945 2337 2093 2404 Quos

498 2421 784 2476 inimicos?
816 2421 918 2477 .lud
938 2424 1069 2477 eos?
1106 2422 1160 2478 ltt
1197 2422 1531 2480 dedicatione
1563 2426 1887 2480 l'uudann-nti
1920 2427 2088 2496 ipsam

499 2509 890 2567 dedicationem
923 2513 1282 2582 intelligamus
1309 2514 1500 2570 domus
1529 2515 1739 2571 fttturze.
1766 2516 1917 2583 Quod
1947 2517 2089 2572 enim

501 2602 699 2658 dicitur
724 2604 884 2660 modo
911 2620 973 2658 ex
1007 2620 1231 2675 persona
1263 2607 1612 2676 fundamenti,
1641 2617 1764 2663 tunc.
1790 2609 1997 2663 dicetur
2023 2624 2090 2665 cx

502 2709 732 2765 persona
770 2696 1032 2751 universa:
1074 2698 1284 2753 domus.
1323 2697 1470 2767 Q-tos
1507 2715 1637 2770 ergo
1678 2700 1957 2756 inimicos?
1991 2700 2090 2755 .ln-

499 2786 667 2852 thros,
694 2803 762 2842 an
793 2791 970 2861 potius
994 2791 1262 2846 diabolum
1291 2804 1342 2846 et
1368 2794 1585 2864 angelos
1609 2793 1745 2861 ejus,
1769 2795 1857 2864 qtti
1882 2794 2088 2853 eonl‘ttsi

497 2876 862 2935 discesserunt
881 2922 896 2945 ,
930 2893 1206 2952 postquam
1237 2883 1489 2938 Dominus
1520 2885 1848 2940 resurrexit?
1877 2885 2093 2957 Przrpo-

495 2970 632 3025 situs
658 2973 845 3028 mortis
873 2973 1044 3029 doluit
1072 2975 1260 3029 victam
1294 2986 1539 3032 mortem.
1574 2976 1639 3032 Et
1668 2995 1768 3032 non
1788 2980 2091 3050 jncundasti

497 3065 728 3120 inimicos
753 3082 890 3122 meos
917 3083 1069 3138 super
1095 3084 1174 3123 me
1198 3085 1218 3123 :
1244 3070 1367 3140 quia
1395 3071 1564 3126 teneri
1589 3071 1729 3141 apud
1758 3073 1954 3128 inferos
1980 3090 2086 3129 non

495 3157 664 3226 potui.

568 3248 656 3303 {2.
684 3249 835 3323 [rem
867 3249 946 3322 5.]
977 3249 1194 3306 Domine
1222 3249 1360 3308 Deus
1389 3269 1558 3318 meus,
1584 3253 1798 3311 domari
1830 3255 1901 3311 ad
1930 3265 1978 3312 te
1996 3300 2012 3323 ,
2040 3269 2088 3313 et

492 3342 687 3397 sanasti
716 3359 794 3395 me
815 3357 836 3398 :
855 3346 1031 3398 oravit
1057 3345 1106 3398 in
1134 3355 1312 3400 monte
1342 3346 1599 3403 Dominus
1627 3358 1748 3405 ante
1780 3351 2081 3420 passionem

497 3435 707 3504 (Matth.
739 3450 891 3496 xxvi.
920 3436 1049 3507 39);
1091 3438 1296 3493 sanavit
1331 3455 1476 3495 ettm.
1520 3439 1687 3509 Quem
1723 3442 1964 3504 sanavit,
1995 3442 2086 3514 qui

496 3541 765 3596 nunquam
794 3531 1098 3598 tegrotavit,
1132 3529 1359 3586 \‘crbum
1395 3533 1557 3588 Deum
1577 3575 1593 3601 ,
1627 3533 1858 3590 Verbum
1886 3536 2082 3592 divini-

497 3616 700 3672 tatem?
742 3616 896 3682 Non,
937 3619 1030 3673 sed
1080 3631 1305 3676 mortem
1345 3623 1523 3678 carnis
1566 3625 1845 3694 portabat,
1891 3625 2086 3682 vulnus

496 3716 644 3763 tuum
688 3710 966 3780 portabat,
1004 3723 1286 3767 sanaturus
1317 3725 1369 3770 te
1398 3715 1466 3771 de
1499 3716 1719 3772 vulnere
1750 3726 1861 3772 tuo.
1892 3718 2087 3774 Sanata

497 3812 577 3853 est
604 3811 782 3856 autem
818 3818 962 3858 raro.
993 3805 1252 3872 Quando?
1276 3807 1409 3861 Cum
1442 3809 1749 3864 resurrexit.
1779 3809 1915 3865 Audi
1945 3812 2090 3882 Apo-

495 3894 714 3961 stolum,
735 3894 859 3950 vide
883 3911 1060 3951 verum
1088 3899 1368 3956 sanitatem
1394 3918 1408 3953 :
1436 3901 1682 3973 Absorptn
1709 3913 1801 3971 est,
1829 3905 1924 3970 ait,
1954 3921 2089 3960 mors

494 3987 548 4039 in
571 3986 848 4040 victoriam.
876 3985 974 4042 Ubi
993 3997 1086 4053 est,
1111 4005 1267 4056 mors,
1293 3993 1498 4046 aculeus
1522 4002 1638 4045 tuus
1656 3994 1681 4046 1’
1705 3994 1787 4048 ubi
1809 4004 1901 4058 est,
1930 4011 2083 4058 mors.

492 4080 742 4133 contentio
767 4089 857 4132 tua
881 4079 938 4148 (1
968 4079 1084 4135 Cor.
1121 4096 1214 4146 xv,
1243 4083 1384 4153 5-5)?
1412 4083 1552 4154 Ergo
1575 4086 1828 4142 exultatio
1859 4087 1946 4141 illa
1980 4102 2081 4142 no-

494 4181 622 4224 Sint!
650 4181 774 4224 tunc
797 4173 902 4226 erit
928 4172 1098 4238 vocis,
1127 4172 1324 4228 Cbristi
1354 4174 1513 4230 modo
1539 4185 1622 4230 est
1646 4177 1918 4232 exultatio.

565 4261 654 4317 13.
682 4260 835 4334 [rem
874 4261 954 4335 4.]
995 4262 1244 4332 Domine,
1286 4267 1528 4321 reduxisti
1566 4268 1629 4321 ab
1662 4269 1838 4339 inferis
1865 4269 2087 4324 animam

492 4369 675 4408 meam.
709 4353 821 4408 Non
853 4371 986 4424 opus
1013 4367 1097 4412 est
1128 4368 1185 4414 ut
1213 4370 1528 4430 expuuntur.
1570 4359 1781 4415 Sulcum
1819 4362 1978 4432 feriati
2009 4379 2090 4416 me

491 4460 525 4496 α
551 4444 962 4502 dessendentibus
987 4449 1041 4503 in
1069 4449 1257 4504 lacum.
1286 4451 1386 4518 Qui
1413 4460 1537 4505 sunt
1563 4451 1650 4520 qui
1677 4451 2008 4508 descendunt
2033 4454 2086 4508 in
2129 4497 2131 4500 .
2193 4444 2296 4497 ³³60
2320 4444 2493 4499 η’ίάιιυ
2517 4446 2697 4502 δευοιιιί
2726 4450 2911 4532 οειθηά

2126 4571 2131 4597 ;
2193 4533 2306 4589 tino
2331 4538 2655 4606 sperandum
2686 4549 2788 4607 est,
2819 4543 3104 4601 ltetandunt
3129 4556 3244 4614 est;
3286 4550 3384 4606 sed
3413 4546 3746 4624 perferendum

492 4628 640 4684 lacus
665 4639 748 4684 est
773 4632 914 4685 enim
946 4632 1276 4701 profunditas
1304 4634 1505 4688 surculi.
1535 4634 1667 4702 Qua:
1696 4645 1779 4690 est
1817 4636 1915 4690 ista
1957 4653 2084 4708 pro-
2127 4665 2130 4682 ι

493 4719 725 4776 funditas
750 4722 928 4777 sa-culi
945 4723 970 4775 Ἰ
996 4723 1328 4779 Abundantia
1357 4723 1579 4780 luxuria:
1599 4736 1653 4781 et
1679 4727 1928 4796 nequitia:
1953 4747 1966 4782 :
1992 4729 2086 4798 qui
2123 4736 2129 4744 '

493 4535 706 4592 lacum?
729 4539 928 4595 Omnes
955 4551 1262 4612 peccatores
1293 4547 1592 4612 mergentes
1623 4543 1674 4598 itt
1705 4541 2026 4614 profundum
2067 4562 2082 4600 :

490 4827 618 4882 ergo
639 4812 944 4868 libidinibus
968 4829 1085 4870 sese
1113 4815 1432 4887 immergunt
1455 4825 1508 4871 ct
1533 4818 1759 4874 terrenis
1780 4818 2078 4890 desideriis,

489 4902 822 4960 descendunt
849 4905 901 4960 in
934 4905 1127 4962 lacum.
1155 4905 1310 4962 Tales
1339 4906 1608 4963 Christum
1641 4913 1904 4978 persecuti
1936 4921 2082 4967 sunt.

489 4994 595 5050 Sed
623 4996 746 5065 quid
774 4997 939 5054 dicit?
979 4997 1190 5055 Salrum
1229 4999 1388 5070 fecisti
1417 5017 1496 5055 me
1527 5017 1559 5055 a
1587 5001 2000 5060 descendentibus
2027 5005 2084 5060 in

491 5089 680 5143 larunt.

563 5181 646 5237 14.
672 5181 823 5256 [νει-ε.
863 5183 944 5258 5.]
977 5182 1188 5240 Psallite
1213 5184 1454 5254 Domino,
1480 5186 1644 5243 sanrti
1668 5190 1777 5262 ejus
1811 5204 1831 5244 :
1853 5189 1974 5262 quia
1997 5204 2088 5249 re-

486 5274 720 5332 surrexit
755 5287 913 5346 caput
947 5285 1196 5341 vestrum,
1228 5275 1332 5334 hoc
1357 5289 1567 5349 Sperate
1588 5280 1837 5351 membra
1862 5290 2080 5350 cetera,

486 5365 626 5434 quod
664 5366 858 5422 videtis
898 5367 952 5422 in
989 5368 1198 5439 capite;
1235 5369 1338 5425 ltoe
1379 5381 1590 5442 sperate
1626 5373 1866 5429 membra
1888 5416 1904 5441 ,
1941 5375 2083 5448 quod

486 5457 787 5512 credidistis
813 5459 1090 5530 iit-capite.
1121 5461 1472 5532 Proverbium
1502 5475 1583 5521 est
1609 5467 1886 5539 antiqmnn
1911 5480 1968 5525 ct
1993 5486 2086 5527 ve-

487 5562 605 5602 rum
637 5566 650 5602 :
681 5548 778 5606 Ubi
806 5561 960 5620 caput
981 5592 997 5620 ,
1026 5564 1078 5607 et
1106 5562 1296 5612 ett-tera
1327 5557 1586 5612 membra.
1613 5557 1863 5616 Christus
1891 5559 1946 5615 in
1970 5575 2083 5618 cm-

488 5638 596 5697 lutn
625 5644 887 5712 ascendit,
913 5659 1020 5716 quo
1047 5661 1145 5704 nos
1172 5650 1401 5705 secuturi
1431 5665 1617 5707 sumus
1645 5668 1659 5710 :
1687 5667 1794 5708 non
1826 5654 2084 5710 remansit
2119 5703 2122 5707 .

489 5735 628 5805 apud
663 5735 893 5805 inferos,
925 5741 1213 5796 resurrexit
1236 5782 1254 5805 ,
1278 5743 1388 5812 jam
1410 5758 1526 5818 _n0n
1553 5745 1810 5804 moritur:
1839 5759 1962 5799 cum
1993 5761 2083 5803 re-
2115 5767 2122 5801 :

481 5829 875 5892 surrexerimus
910 5839 968 5887 et
1003 5845 1100 5912 nos
1119 5872 1139 5901 ,
1174 5831 1286 5904 iam
1323 5849 1436 5894 non
1469 5835 1786 5897 morientur.
1813 5833 1926 5893 Has
1953 5850 2085 5907 ergo
2118 5881 2124 5888 .

1739 379 1801 437 ε.
1831 344 2209 437 Ἀυειιετικι
2238 373 2540 434 EPISCOPI

2208 489 2588 560 promissionrs
2621 489 2916 560 habentes,
2944 490 3157 552 Psallite
3191 495 3428 567 Domino,
3457 504 3613 558 sant-ti
3636 508 3768 578 ejus:

2206 582 2588 652 et'conﬁtemini
2614 587 2870 641 memoria.-
2889 589 3171 644 sanctitutis
3192 591 3318 662 ejus.
3348 592 3492 662 Quid
3515 605 3614 662 est,
3635 605 3769 670 conﬁ-

2207 677 2380 729 temini
2407 678 2700 733 memerita!
2723 678 2884 736 Obliti
2909 677 3051 738 enim
3076 684 3242 740 eratis
3263 699 3413 753 eum,
3443 688 3537 744 sed
3567 689 3674 762 ipse
3696 709 3772 752 vos

2205 782 2312 823 non
2336 778 2417 824 est
2442 767 2657 824 oblitus.

2275 862 2363 918 15.
2404 860 2536 934 [rers
2579 862 2660 936 6.]
2708 865 2960 933 Quoniam
2993 867 3072 922 ira
3114 868 3166 923 in
3193 869 3550 942 indignatione
3579 875 3698 945 ejus,
3737 890 3775 935 tt

2202 953 2305 1007 rita
2332 956 2384 1006 in
2413 957 2676 1010 voluntate
2699 959 2828 1029 rjus.
2859 956 2938 1013 Ira
2979 960 3031 1014 in
3075 960 3445 1033 indignatione
3495 971 3772 1037 peccatmi:

2205 1045 2318 1113 Qua
2344 1047 2426 1100 die
2454 1048 2678 1102 rderitis.
2707 1060 2867 1122 morte
2887 1053 3171 1108 moriemini
3188 1054 3336 1125 (Gen.
3362 1073 3425 1121 tl,
3457 1058 3563 1126 l7).
3592 1059 3776 1133 Tetigi:-

2204 1148 2350 1204 runt,
2381 1141 2575 1196 mortui
2601 1151 2746 1207 sunt,
2771 1141 2973 1198 dimissi
3000 1145 3071 1199 dc
3101 1147 3370 1216 paradiso,
3405 1149 3530 1219 quia
3549 1149 3625 1205 ira
3648 1153 3692 1205 iu
3711 1155 3755 1208 in

2202 1231 2494 1303 dignatione
2523 1234 2634 1303 ejus
2655 1251 2676 1288 :
2700 1235 2793 1289 scd
2826 1252 2930 1291 tton
2962 1236 3080 1292 sine
3105 1253 3222 1308 spe,
3250 1243 3373 1309 quia
3403 1241 3507 1296 vita
3535 1243 3588 1296 in
3617 1246 3774 1301 volsa-

2205 1334 2306 1379 tute
2333 1326 2458 1396 ejus.
2488 1325 2626 1394 Quid
2672 1337 2774 1390 ρει,
2815 1329 2867 1384 in
2904 1331 3161 1388 roluntate
3182 1333 3334 1404 ejus.’
3363 1327 3484 1391 Non
3517 1334 3570 1392 itt
3605 1338 3778 1396 viribus

2204 1419 2424 1485 nostris,
2454 1434 2558 1474 non
2600 1420 2651 1474 in
2682 1420 2887 1476 meritis
2912 1434 3051 1478 nostr
3065 1423 3110 1480 is
3136 1441 3151 1480 :
3181 1425 3276 1482 sed
3321 1429 3451 1498 quia
3485 1429 3664 1501 voluit,
3687 1434 3767 1490 sal-

2207 1524 2304 1564 vos
2347 1525 2444 1566 nos
2473 1511 2624 1577 fecit;
2659 1528 2762 1569 non
2793 1516 2914 1586 quia
2948 1517 3092 1585 digni
3115 1535 3346 1577 eramus.
3381 1522 3502 1590 Quo
3547 1535 3627 1581 est
3656 1529 3771 1589 enitr

2202 1611 2450 1672 peccator
2473 1602 2687 1674 dignus,
2725 1607 2824 1662 nisi
2863 1608 3162 1680 supplicio?
3205 1610 3382 1668 Vitam
3439 1614 3605 1674 dedit.
3643 1619 3704 1675 Et
3739 1621 3778 1676 si

2203 1691 2380 1763 impiis
2410 1694 2568 1748 vitam
2597 1696 2834 1764 dona-.it,
2863 1699 2988 1768 quid
3018 1711 3198 1757 servat
3225 1703 3475 1760 lidelihns
3495 1707 3522 1761 τ

2277 1782 2368 1839 16.
2431 1782 2644 1856 Vespere
2705 1788 2931 1844 dentom!
2945 1791 3050 1844 itur
3106 1793 3303 1864 ﬂetus.-
3344 1794 3526 1852 Nolite
3580 1797 3774 1866 timere,

2203 1876 2325 1946 quia
2365 1876 2573 1933 diverat
2623 1879 2798 1947 nobis,
2830 1881 3084 1951 Psallite;
3113 1897 3164 1942 et
3195 1885 3281 1942 hic
3323 1890 3562 1960 gemitus
3591 1903 3670 1947 est
3693 1912 3705 1948 :
3731 1894 3773 1950 in

2206 1969 2485 2039 psallcndo
2531 1973 2840 2037 exsultatio,
2884 1975 2936 2030 in
2975 1978 3181 2033 orando
3229 1982 3464 2052 gemitus
3531 1983 3690 2041 Getae
3721 1987 3776 2043 de

2204 2063 2578 2130 prarsentlbus.
2615 2065 2779 2133 psalle
2822 2066 2888 2120 de
2927 2065 3118 2123 futuris
3143 2084 3159 2123 :
3188 2087 3280 2126 ora
3322 2072 3395 2128 de
3416 2090 3497 2140 re,
3529 2077 3684 2146 [salte
3719 2077 3774 2135 de

2200 2165 2315 2221 spe.
2359 2149 2575 2221 Vespere
2595 2153 2938 2210 demorabitur
2959 2159 3129 2228 ﬂetus.
3159 2159 3296 2228 Quid
3335 2174 3445 2229 est,
3486 2163 3690 2238 Vespere
3704 2169 3774 2224 de-

2201 2243 2482 2296 morabitur
2503 2245 2652 2314 ﬂetus
2673 2247 2701 2300 1’
2728 2246 2959 2318 Vespera
2987 2253 3044 2305 lit
3067 2253 3283 2322 quando
3303 2256 3387 2312 sol
3410 2257 3624 2314 occidit.
3647 2257 3772 2316 Occi-

2200 2333 2280 2388 dit
2317 2334 2398 2389 sol
2429 2335 2498 2390 ab
2531 2335 2768 2403 homine,
2803 2341 2854 2393 id
2896 2349 2980 2395 est
3012 2343 3102 2399 lux
3129 2344 3215 2399 illa
3239 2345 3490 2416 justitia',
3524 2354 3772 2419 persentis

2200 2427 2313 2482 Dei.
2363 2425 2487 2483 ldeo
2530 2431 2744 2501 quando
2783 2434 3040 2503 expulsus
3087 2447 3170 2491 est
3200 2438 3396 2508 Adam,
3444 2443 3572 2512 quid
3601 2443 3770 2501 dictum

2199 2529 2284 2573 est
2316 2518 2367 2574 in
2395 2518 2633 2578 Genesi?
2678 2522 2812 2578 Cum
2853 2523 3224 2584 ili-ambularet
3252 2529 3398 2586 Dens
3435 2533 3488 2587 in
3517 2534 3770 2604 paradiso;

2199 2610 2266 2663 al
2310 2625 2586 2682 vesperam
2627 2613 3001 2673 deambulabat
3048 2619 3187 2675 Deus
3229 2623 3383 2693 :jam
3424 2624 3517 2682 ille
3557 2639 3772 2696 peccator

2199 2708 2400 2756 texerat
2425 2719 2482 2759 se
2507 2705 2643 2760 intra
2666 2706 2888 2778 lignum,
2909 2709 3123 2767 uolebat
3142 2713 3322 2770 videre
3342 2715 3536 2773 taeiem
3568 2719 3652 2774 Dei
3675 2715 3768 2788 (Id.

2198 2790 2368 2862 tu,8),
2391 2794 2455 2846 ad
2473 2811 2630 2864 qnam
2647 2798 2879 2867 gaudere
2904 2815 3256 2860 etmsnevrrat
3281 2821 3296 2861 :
3318 2809 3592 2865 occiderat
3621 2810 3689 2866 illi
3703 2809 3768 2868 sol

2192 2883 2432 2953 jttstitiat,
2467 2904 2572 2943 non
2614 2889 2878 2959 gaudebat
2906 2894 2972 2947 ad
3002 2897 3346 2965 pravsentiam
3384 2891 3502 2956 Dei.
3554 2900 3672 2959 lude
3697 2905 3766 2960 iu-

2194 2975 2387 3032 choata
2415 2989 2498 3034 est
2522 2982 2699 3035 omnis
2729 2983 2832 3037 vita
2875 2985 2972 3038 ista
3001 2988 3260 3044 mortalis.
3310 2989 3540 3064 Vespere
3560 2994 3764 3049 demoreo

2195 3067 2329 3123 bitur
2367 3072 2538 3141 ﬂetus.
2590 3072 2685 3128 Diu
2725 3076 2832 3130 eris
2879 3076 2931 3131 in
2965 3077 3112 3145 ﬂetu,
3165 3096 3200 3136 ο
3239 3099 3416 3153 genus
3469 3087 3764 3144 humanum:

2193 3162 2432 3218 nasceris
2458 3163 2601 3217 enim
2632 3163 2700 3240 de
2727 3165 2917 3232 Adam,
2945 3179 2998 3224 ct
3027 3171 3105 3226 sic
3132 3181 3216 3226 est
3245 3173 3446 3231 tactum
3478 3192 3495 3242 ;
3526 3189 3578 3234 et
3603 3194 3690 3233 nos
3709 3193 3762 3234 ex

2193 3251 2364 3307 Adam
2394 3269 2600 3315 Sttttnts.
2627 3265 2685 3311 et
2713 3267 2978 3329 quotquot
3022 3275 3274 3319 crearunt
3303 3267 3467 3333 filios,
3492 3278 3542 3323 et
3563 3260 3762 3326 creanu'i

2193 3353 2340 3412 sunt,
2381 3360 2446 3400 ex
2496 3344 2664 3400 Adam
2718 3359 2860 3414 sunt,
2913 3367 2979 3406 ex
3033 3369 3142 3424 quo
3191 3365 3246 3411 et
3298 3358 3402 3429 ipsi
3442 3361 3605 3415 creati
3639 3369 3760 3415 sunt.

2203 3431 2420 3508 Vespere
2442 3435 2787 3494 demorabitur
2805 3443 2957 3511 ﬂetus
2975 3459 2994 3497 :
3013 3453 3060 3498 et
3084 3445 3136 3500 in
3157 3449 3465 3504 matutinum
3487 3453 3763 3507 exsultatio:

2193 3526 2412 3595 quando
2450 3529 2681 3599 ('(cl'tct’il
2725 3531 2852 3586 oriri
2902 3532 3148 3590 tidelihus
3201 3536 3311 3606 lux,
3354 3556 3477 3611 qua:
3524 3539 3763 3598 occiderat

2193 3620 2585 3689 peccatoribus.
2615 3619 2747 3676 Nam
2779 3623 2900 3679 ideo
2921 3635 2974 3680 et
3000 3626 3261 3684 Dominus
3285 3629 3444 3688 Jesns
3469 3632 3698 3689 Christus
3717 3633 3759 3686 itt

2192 3710 2456 3763 matutino
2503 3713 2795 3768 resurrexit
2823 3713 2890 3769 de
2933 3717 3179 3786 sepulcro
3209 3719 3428 3792 (:llattlt.
3477 3739 3659 3789 xxvnt,
3693 3723 3757 3788 l).

2195 3808 2253 3854 ut
2291 3800 2432 3871 quod
2480 3801 2749 3859 dedicavit
2800 3805 2852 3861 itt
2898 3807 3263 3877 fundamento,
3313 3813 3418 3870 hoc
3461 3816 3758 3882 promitteret

2191 3892 2393 3948 domui.
2425 3891 2480 3948 l.t
2510 3895 2740 3952 Domino
2789 3911 2976 3956 nostro
3018 3917 3238 3974 vespera
3272 3906 3391 3975 fuit,
3419 3925 3522 3980 qua
3551 3910 3759 3980 sepultus

2191 3992 2309 4049 est;
2340 3992 2396 4041 ct
2423 3988 2763 4054 matutinum,
2791 4005 2900 4059 quo
2922 4000 3237 4062 resurrexit,
3275 4001 3436 4054 tertio
3456 4001 3543 4056 die
3570 4017 3583 4054 :
3610 3997 3757 4069 sepul-

2194 4083 2280 4129 tus
2307 4091 2370 4132 es
2403 4087 2458 4132 rt
2484 4087 2541 4133 tu
2571 4094 2794 4149 chpere
2822 4082 2874 4136 in
2907 4083 3175 4152 paradiso,
3217 4097 3273 4144 ct
3315 4091 3642 4147 resurrexiin
3665 4100 3754 4143 ter-

2192 4167 2268 4221 tio
2294 4167 2400 4222 die.
2447 4169 2730 4236 Quomodo
2791 4175 2947 4228 tertio
2991 4175 3206 4235 die?Si
3255 4183 3512 4238 stcculum
3555 4179 3748 4251 Cogitet.

2192 4270 2332 4312 unus
2356 4258 2473 4313 dies
2502 4270 2585 4314 est
2632 4273 2755 4315 ante
2802 4261 3022 4334 Legem,
3079 4268 3345 4325 secundus
3370 4274 3470 4327 sub
3497 4271 3644 4342 Lege,
3665 4278 3752 4322 ter-

2193 4350 2300 4404 tius
2324 4351 2424 4407 sub
2451 4353 2652 4410 Gratia.
2674 4356 2826 4422 Quod
2850 4359 3023 4413 triduo
3045 4360 3137 4418 illo
3156 4365 3394 4420 ostendit
3418 4376 3571 4437 caput
3595 4375 3742 4428 tuum,

2193 4441 2296 4497 hoc
2320 4444 2493 4499 triduo
2517 4446 2697 4502 szcculi
2726 4450 3024 4507 ostenditur
3051 4452 3102 4507 in
3136 4464 3207 4511 te.
3235 4455 3499 4524 Quando?
3524 4458 3578 4512 In
3599 4463 3749 4510 matu-

2191 4635 2271 4680 est
2300 4627 2486 4693 modo,-
2511 4637 2564 4683 et
2590 4633 2933 4696 gemendum.

2265 4717 2351 4773 17.
2397 4716 2548 4791 [νινε.
2597 4720 2677 4794 7.]
2719 4721 2829 4793 Ego
2857 4733 3024 4780 autem
3061 4728 3170 4784 dixi
3197 4731 3250 4785 in
3288 4748 3399 4787 mea
3425 4729 3745 4788 abundantia:

2192 4808 2316 4865 Non
2339 4812 2568 4868 merebor
2590 4816 2642 4868 in
2665 4827 2928 4872 teternum.
2955 4819 3011 4874 In
3041 4837 3143 4892 qua
3185 4823 3503 4884 abundantia
3532 4825 3651 4880 dixit
3669 4825 3752 4904 I10"

2189 4917 2282 4959 lno
2314 4922 2328 4958 :
2363 4903 2482 4962 Non
2511 4907 2740 4964 ntovt-bor
2764 4911 2816 4964 in
2841 4917 3126 4970 teternum.’
3157 4917 3520 4991 lntelligimus.
3563 4917 3738 4977 fratres.

2194 5013 2476 5068 personam
2509 4999 2727 5058 lnnnilis
2757 5003 3010 5063 hominis.
3057 5009 3188 5078 Quis
3214 5010 3300 5067 hic
3327 5012 3481 5069 habet
3506 5007 3759 5066 abttttdatt--.

2118 5147 2126 5156 ,
2193 5090 2357 5147 tiam?
2377 5090 2566 5148 Nemo.
2600 5093 2936 5153 Abundantia
2965 5100 3196 5158 hominis
3215 5120 3334 5175 qua:
3354 5115 3434 5160 est
3451 5103 3474 5158 τ’
3493 5101 3734 5158 daremus.

2189 5183 2486 5240 calamitas.
2535 5183 2642 5241 Sed
2691 5186 2882 5244 divites
2931 5189 3129 5248 habent
3179 5191 3596 5253 abundantiam?
3631 5188 3736 5247 l‘lIIS

2190 5291 2350 5353 egent
2377 5292 2579 5353 quanto
2605 5283 2724 5354 plus
2747 5285 2939 5343 habent
2964 5307 2980 5343 :
3011 5288 3292 5348 desideriis
3317 5300 3597 5355 vastantur,
3616 5280 3735 5349 ωιιῖ·

2191 5374 2449 5430 ditatilms
2477 5376 2826 5447 di~sipantur,
2875 5381 3155 5439 timoribus
3175 5410 3177 5413 -
3199 5385 3517 5448 cruciantur,
3561 5371 3730 5435 tristitia

2190 5467 2580 5526 contabescunt
2601 5488 2615 5524 :
2638 5487 2758 5542 qua:
2777 5474 2882 5532 illis
2900 5474 3262 5534 abundantia?
3290 5474 3604 5534 Abundantia
3621 5474 3727 5524 ert".

2189 5562 2402 5631 quando
2424 5564 2745 5620 constitutus
2774 5578 2854 5622 est
2883 5567 3043 5625 homo
3059 5571 3109 5624 in
3133 5572 3398 5642 paradiso,
3415 5566 3609 5643 quando
3628 5551 3727 5614 ιιίίιῖί

2189 5651 2374 5712 deerat
2390 5653 2486 5716 illi,
2503 5654 2717 5726 quando
2744 5657 2850 5714 Deo
2866 5658 3141 5717 fruebatur
3159 5679 3174 5718 :
3202 5663 3295 5719 sed
3311 5664 3460 5728 dixit,
3481 5658 3587 5716 Non
3603 5661 3726 5706 utare-

2189 5744 2281 5800 bor
2299 5745 2349 5800 in
2370 5755 2636 5801 uernum.
2666 5747 2949 5816 Quomodo
2964 5752 3117 5817 dixit,
3151 5753 3271 5811 Non
3300 5751 3519 5812 inorebor
3538 5764 3586 5805 ut
3603 5752 3724 5799 ϐία·

2190 5839 2348 5896 nunt?
2362 5837 2586 5906 Quando
2603 5838 2832 5900 libenter
2842 5844 3063 5910 audivit,
3077 5844 3307 5917 (instate,
3321 5859 3376 5905 es
3387 5841 3723 5906 διήκων
