3950 6410
191 358 296 418 225

198 474 269 529 dii
290 485 304 524 :
325 482 434 525 cum
479 466 614 522 Deus
637 464 859 527 diceret,
889 461 1005 528 Qua
1038 458 1123 513 die
1140 457 1362 519 ederitis,
1388 465 1547 510 marte
1568 454 1754 510 morie-

147 596 159 609 ς
198 561 349 623 mini;
366 567 413 613 et
438 556 694 620 diabolus,
726 553 845 609 Non
873 560 1029 606 morte
1057 548 1340 605 moriemini
1362 545 1515 619 (Gen.
1546 562 1626 612 ιιι,
1650 546 1684 602 6
1709 554 1755 601 et

198 653 273 721 5).
302 647 517 705 Crcdens
542 660 667 718 ergo
694 643 769 699 illi
798 643 921 698 talia
951 641 1195 697 suadenti
1225 639 1359 696 dixit
1384 656 1398 694 :
1426 635 1549 694 Non
1587 652 1759 693 morc-
1802 652 1805 653 '

197 744 282 798 bar
303 743 347 794 in
366 750 618 794 a'lernum.

166 868 176 897 ¢
262 833 342 889 18.
366 830 508 905 [νινε.
540 830 593 890 8.
622 827 703 902 9.]
730 827 837 884 Sed
878 827 1000 898 quia
1029 840 1214 881 verum
1249 824 1453 880 dixerat
1480 821 1759 886 Dominus,

154 922 324 994 .quod
370 921 635 976 ablaturus
664 928 813 974 esset
852 918 1084 989 superbo
1131 916 1273 988 quod
1330 914 1551 969 dederat
1578 913 1764 968 humili

194 1013 388 1090 quando
428 1030 544 1068 cum
574 1013 806 1075 ereavit;
845 1010 1104 1079 sumitur,
1144 1017 1200 1062 et
1238 1005 1404 1062 dicit:
1436 1004 1671 1070 Domine,
1713 1004 1764 1059 in

160 1088 424 1159 iroluntate
464 1113 548 1156 tua
596 1101 870 1171 prwslitisli
914 1100 1084 1154 decori
1123 1112 1231 1153 meo
1281 1099 1510 1152 rirtutem
1533 1113 1552 1151 :
1580 1095 1630 1152 id
1659 1104 1764 1161 cst,
1805 1110 1815 1139 ’ρ

159 1178 305 1267 ξηιιίει
332 1213 429 1251 non
459 1212 520 1250 ex
554 1211 636 1250 me
667 1195 840 1249 bonus
860 1208 1009 1248 cram
1037 1200 1092 1248 ct
1113 1190 1285 1255 fortis,
1308 1194 1402 1245 sed
1434 1207 1497 1245 cx
1541 1199 1592 1245 te
1617 1205 1773 1245 erant

168 1272 242 1367 :et
274 1291 480 1360 pulclzct‘
504 1297 559 1344 et
585 1287 737 1342 fortis
757 1304 771 1349 ;
794 1286 973 1341 decori
998 1300 1119 1339 meo
1143 1284 1391 1338 \‘it'ttttetn
1422 1284 1766 1353 pra‘stitet‘as,

193 1400 249 1437 ex
283 1383 541 1435 voluntate
592 1391 700 1444 tua,
751 1394 852 1448 qua
887 1393 971 1431 me
1011 1375 1237 1430 feceras.
1280 1373 1346 1429 Et
1375 1385 1433 1427 ιιι
1458 1372 1770 1427 ostenderes
1842 1384 1843 1387 ‘

193 1472 335 1533 mihi,
369 1471 486 1542 quia
536 1485 601 1523 ex
646 1468 920 1521 voluntate
968 1475 1054 1520 tua
1088 1466 1191 1520 hoc
1232 1481 1402 1528 eram,
1434 1463 1666 1517 Ancrtisti
1691 1465 1773 1531 [a-

190 1566 305 1619 ciem
333 1571 465 1615 tuam
510 1577 542 1613 a
586 1576 684 1623 mc,
723 1569 769 1613 ct
800 1561 963 1631 ftttltts
1016 1573 1129 1610 sum
1169 1553 1516 1609 conturbatus.
1566 1553 1772 1608 Avertit

189 1673 308 1727 ergo
355 1655 535 1709 t‘aeieut
590 1653 658 1708 ab
707 1653 797 1705 illo
823 1667 981 1721 quent
1022 1650 1200 1705 emisit
1242 1648 1384 1703 foras
1430 1647 1497 1702 de
1527 1645 1773 1718 paradiso

189 1748 373 1822 (Ibid.
394 1749 506 1817 ‘23).
536 1746 652 1801 Jatn
700 1745 786 1800 hic
819 1744 1041 1814 positus,
1073 1742 1291 1805 clamet,
1326 1750 1376 1794 et
1408 1739 1551 1795 dicat
1583 1740 1702 1794 :Ad
1726 1749 1774 1794 te

186 1840 416 1901 Domine,
437 1837 681 1898 clamabo,
714 1846 759 1889 et
780 1835 849 1888 ad
880 1833 1035 1889 Deum
1059 1849 1220 1885 meum
1241 1832 1564 1903 deprecabor.
1593 1830 1646 1884 In
1677 1846 1771 1901 pa.

184 1932 487 1988 radimnon
534 1928 822 1992 clamabas,
866 1926 959 1981 sed
1003 1925 1286 1988 laudabas;
1340 1939 1444 1978 non
1488 1922 1771 1993 gctnebas,

180 2025 264 2082 sed
295 2023 567 2078 l‘ruelmris
603 2040 617 2076 :
647 2021 776 2076 loris
799 2024 1002 2089 positus
1028 2034 1201 2086 gemo,
1248 2026 1303 2072 et
1329 2017 1521 2071 clama.
1552 2016 1777 2086 Propiu-

182 2126 300 2186 quat
329 2114 633 2177 tribttlanti,
663 2114 751 2183 qui
791 2112 1023 2167 desoruit
1042 2111 1457 2180 superbientem.
1486 2109 1623 2163 Dens
1643 2110 1776 2164 enim

185 2206 406 2276 superbis
460 2204 663 2261 resistit.
708 2201 981 2256 Itutniiibns
1000 2212 1166 2255 autent
1193 2199 1281 2253 dat
1325 2200 1544 2270 gratiam
1568 2197 1774 2270 (Jacobi

188 2311 250 2356 tv.
273 2295 344 2365 6).
374 2295 456 2349 Ad
484 2306 551 2361 te,
581 2292 814 2357 Domine,
842 2291 1088 2356 clamabo,
1116 2298 1165 2344 et
1191 2289 1259 2343 ad
1288 2287 1451 2343 Deum
1489 2304 1653 2343 mcum
1682 2288 1775 2343 ds-

188 2389 440 2462 precabor.

252 2480 333 2536 19.
364 2478 518 2552 [εφη.
567 2474 682 2549 10]
714 2473 831 2532 Jant
860 2491 923 2532 cx
956 2490 1182 2546 persona
1211 2473 1423 2530 Domini
1470 2472 1570 2527 hoc
1601 2472 1779 2543 sequi.

186 2580 281 2635 tur,
318 2570 484 2639 ipsius
508 2566 832 2621 fundamenti
861 2568 1028 2620 nostri
1061 2585 1075 2622 :
1110 2566 1241 2632 Qua:
1269 2565 1462 2619 utilitas
1492 2566 1542 2618 in
1571 2564 1780 2634 sangui-

186 2680 243 2719 ne
264 2680 390 2726 tneo,
443 2663 564 2714 dum
615 2659 862 2715 descendo
912 2660 965 2713 in
1008 2658 1419 2729 corruptionem?
1463 2658 1599 2727 Quid
1649 2674 1780 2730 ergo

186 2751 335 2809 erat?
380 2750 452 2807 Ut
490 2758 753 2820 resurgat.
798 2748 854 2805 Si
910 2748 1053 2802 enim
1095 2746 1445 2811 descendero,
1488 2746 1680 2817 inquit,
1726 2749 1777 2802 in

188 2841 602 2914 corruptionem,
650 2841 694 2895 si
750 2841 828 2894 sic
857 2840 1011 2896 fuerit
1042 2851 1292 2910 corrupta
1320 2853 1447 2893 (aro
1476 2854 1616 2906 mea,
1644 2855 1779 2910 quo-

187 2935 336 2990 modo
398 2942 725 2989 cancrorum
784 2929 1061 2985 hominum
1096 2940 1184 2983 tut
1234 2931 1289 2984 in
1360 2930 1464 2984 line
1514 2937 1777 3001 resurgat,

187 3034 242 3080 ut
261 3025 360 3093 ,uid
394 3022 505 3079 ιιιᾸί
535 3021 885 3088 sanguinem?
907 3018 962 3076 Si
989 3020 1255 3075 enimnon
1287 3018 1447 3073 modo
1476 3034 1777 3091 resurgant,

186 3116 375 3175 nemini
421 3115 775 3179 attmtntiabo,
835 3113 1101 3168 neminem
1149 3112 1396 3167 lucrabor
1439 3128 1453 3167 :
1497 3120 1552 3167 ttt
1599 3123 1777 3167 autem

190 3212 333 3268 alicui
385 3209 705 3265 ammntiem
763 3206 1023 3260 mirabilia
1072 3214 1179 3267 tua,
1223 3204 1407 3260 laudes
1452 3211 1586 3268 tuas,
1617 3204 1778 3261 vitam
1834 3224 1837 3227 ·

192 3315 461 3367 a-ternam,
492 3310 743 3372 exsurgat
777 3315 903 3355 caro
931 3314 1071 3364 mea,
1118 3314 1224 3354 non
1251 3309 1338 3355 eat
1376 3300 1427 3353 itt
1475 3304 1779 3369 corruptio-

194 3410 330 3451 nem.
375 3394 513 3450 Nam
564 3393 608 3447 si
641 3392 762 3448 ierit
796 3390 1064 3461 quomodo
1111 3399 1427 3445 carterorutn
1480 3389 1778 3459 hominum,

193 3504 300 3558 qua:
342 3487 551 3543 utilitas
593 3485 646 3539 itt
677 3483 934 3554 sanguine
964 3482 1128 3538 meo?
1172 3480 1440 3551 Numquid
1465 3483 1784 3551 conﬁtebitur

142 3640 145 3645 λ
196 3578 274 3633 tibi
298 3579 486 3648 pulvis,
515 3585 604 3629 aut
643 3574 960 3629 annuntiabit
987 3576 1242 3628 veritatem
1293 3584 1432 3627 tuam
1451 3574 1477 3627 ?
1502 3572 1783 3630 Confessio

195 3669 391 3742 gemina
418 3675 531 3732 est,
564 3674 656 3720 aut
703 3664 925 3734 peccati,
968 3672 1059 3716 aut
1118 3662 1308 3717 laudis.
1357 3663 1583 3732 Quando
1630 3665 1782 3722 nobis

198 3761 325 3816 male
349 3770 459 3821 est,
499 3758 549 3812 in
595 3755 1024 3811 tribulationilms
1052 3755 1402 3810 conliteam'tt‘
1429 3766 1643 3825 peccata
1689 3773 1786 3813 no.

197 3860 292 3907 sua
314 3869 328 3918 ;
353 3850 576 3925 quando
608 3849 760 3905 nobis
784 3849 920 3904 bene
949 3856 1053 3914 est,
1085 3848 1138 3903 in
1178 3849 1530 3905 exsultatione
1564 3852 1786 3919 justititn

198 3946 543 3999 conﬁteantur
571 3942 779 3998 laudem
811 3942 957 3998 Deo:
983 3941 1100 3997 sine
1121 3939 1457 3998 confessione
1486 3952 1787 4000 tamennon

200 4037 375 4093 simus.

262 4130 347 4187 20.
380 4130 541 4204 [rem
574 4126 685 4201 11].
714 4126 916 4181 Audirit
940 4125 1203 4188 Dominus.
1227 4135 1274 4181 ct
1304 4126 1533 4182 misertus
1566 4135 1640 4183 cst
1669 4126 1786 4184 mei.

203 4221 513 4291 Quomodo?
557 4220 867 4274 Attendite‘
900 4217 965 4273 ad
997 4219 1387 4275 dedicationem
1439 4218 1649 4274 domus.
1681 4220 1792 4275 Au-

202 4313 351 4377 divit,
392 4322 451 4371 et
500 4312 755 4368 misertus
792 4322 897 4369 est.
949 4309 1199 4367 Dominus
1254 4315 1419 4383 [actus
1467 4320 1542 4367 cst
1586 4311 1793 4383 adjutor

203 4422 353 4461 ηιαιε.

268 4498 353 4556 91.
397 4499 557 4574 [τετε.
606 4495 718 4571 12].
763 4496 897 4553 Audi
942 4497 1051 4567 jam
1080 4497 1248 4568 ipsam
1295 4497 1788 4553 resurrcCtionem:

210 4590 499 4647 Cuncertisti
520 4588 779 4660 planctum
806 4603 968 4640 meum
992 4588 1042 4641 in
1071 4588 1314 4659 gaudium
1332 4588 1477 4653 milii,
1502 4590 1793 4644 conscidiin

212 4699 399 4738 saccum
430 4698 618 4747 meum,
646 4690 692 4737 et
716 4680 981 4735 accina'isti
1000 4696 1078 4734 me
1108 4680 1297 4733 lcetitia.
1319 4678 1447 4748 Quis
1463 4689 1546 4735 cst
1568 4680 1793 4737 saccus?

212 4774 514 4833 Mortalitas.
547 4774 746 4828 Saccus
787 4772 856 4826 de
883 4770 1061 4840 capris
1103 4769 1384 4825 coniicitur
1414 4770 1560 4827 etde
1597 4770 1793 4838 lucdis,

213 4876 461 4937 etcapta:
490 4875 547 4921 et
575 4863 719 4920 haedi
768 4864 908 4917 inter
954 4861 1792 4931 peccatoresponuntur(Matt/r.
1858 4892 1859 4895 η

217 4975 333 5027 xxv,
355 4961 471 5030 '52).
505 4957 764 5013 Dominus
800 4953 869 5011 de
908 4968 1130 5009 numero
1160 4962 1344 5008 nostro
1381 4967 1592 5009 saccum
1622 4954 1795 5009 solum

218 5058 430 5124 accepit,
462 5071 566 5111 non
598 5050 885 5121 assumpsit
905 5050 1155 5106 meritmn
1184 5049 1347 5105 Sacci.
1372 5048 1611 5103 Meritum
1633 5049 1795 5115 sacci,

223 5158 485 5214 peccatum
508 5152 591 5201 est
621 5159 636 5196 :
666 5157 852 5197 saccus
877 5140 960 5198 ille
973 5142 1017 5208 ',
1040 5138 1335 5196 mortalitas
1362 5149 1465 5197 est.
1499 5140 1801 5208 Assumps't

223 5236 429 5306 propter
452 5246 503 5292 te
529 5233 925 5297 mortalitatem,
954 5233 1043 5302 qtti
1066 5230 1315 5288 meritum
1352 5231 1539 5286 mortis
1566 5246 1670 5285 non
1710 5229 1801 5285 hac

189 5322 195 5329 ’
228 5325 395 5382 bebat.
428 5326 671 5384 Meritum
717 5324 859 5380 enim
900 5321 1086 5380 tuortis
1130 5323 1218 5377 ille
1265 5322 1421 5376 habet
1450 5321 1539 5391 qui
1572 5330 1756 5392 peccat
1785 5338 1800 5376 :

194 5401 310 5472 'ille
353 5428 524 5474 autem
567 5416 655 5488 qui
703 5434 810 5474 non
858 5416 1119 5486 peccavit,
1162 5431 1269 5471 non
1327 5414 1512 5469 habuit
1554 5415 1801 5471 meritum

192 5512 379 5592 ‘sacei.
408 5512 527 5567 Alio
561 5512 681 5570 loco
720 5510 888 5582 ipsius
926 5520 1008 5566 est
1040 5523 1143 5565 vox
1183 5508 1450 5564 dicentis:
1478 5506 1591 5580 Ego
1639 5518 1807 5562 autem

202 5778 205 5779 ν
767 5709 972 5765 attendit
997 5710 1065 5764 ad
1085 5708 1463 5773 dedican,
1486 5715 1583 5763 etc.
1615 5714 1674 5761 At
1704 5716 1811 5763 uss.

228 5870 231 5873 -
295 5835 321 5871 ⁸
340 5836 518 5902 Aliqum
537 5848 666 5906 ιιι,
690 5843 764 5895 illi

1292 324 1696 400 manuario"
1721 333 1790 399 IN
1825 338 2151 402 PSALMUM
2190 343 2364 411 xxx.

3350 351 3461 413 226

1867 469 1987 511 cum
2036 458 2161 513 milii
2205 459 2399 516 molesti
2439 469 2623 528 essent,
2666 463 2933 520 induebant
2971 481 3052 523 me
3092 467 3255 524 cilicio
3287 468 3458 539 (Psal.

1863 561 2055 621 xxxrv,
2087 549 2198 620 l3).
2226 549 2362 619 Quid
2393 562 2476 606 est
2519 552 2642 621 hoc,
2673 554 2941 610 induebant
2988 576 3066 614 mc
3105 561 3270 615 cilicio
3292 560 3319 616 .’
3350 562 3461 620 lloc

1865 638 2203 707 opponebam
2248 645 2709 713 persequentibus,
2759 649 2899 717 quod
2949 649 3122 706 habeo
3157 654 3233 709 de
3264 654 3457 709 cilicio.

1866 725 1939 785 Ut
1959 728 2229 786 hominem
2272 733 2416 790 illunt
2457 746 2737 805 putarent,
2777 740 3055 798 abscondit
3083 760 3142 799 se
3181 745 3250 799 ab
3291 746 3463 802 oculis

1868 826 2341 907 persequentium;
2369 828 2491 899 quia
2544 830 2741 901 indigni
2782 846 2931 889 erant
2958 851 3327 905 persecutores
3372 839 3461 911 qui

1868 916 2110 973 viderent
2140 918 2380 974 indutum
2410 922 2486 995 (η)
2516 922 2711 979 cilicio.
2744 925 2906 998 Ergo,
2932 931 3232 987 conscidisti
3258 948 3463 987 saccum

1870 1023 2058 1075 meum,
2085 1019 2132 1063 ct
2151 1010 2354 1065 cinxisti
2379 1030 2457 1065 me
2473 1014 2666 1069 lrciitia.

1941 1099 2033 1154 ἓξ.
2090 1099 2239 1173 [υενε.
2277 1102 2389 1176 15]
2445 1104 2515 1159 lit
2563 1116 2730 1163 cantet
2759 1107 2846 1163 tibi
2880 1112 3044 1182 gloria
3082 1131 3226 1179 tuen,
3276 1126 3321 1169 et
3353 1134 3454 1172 non

1870 1208 2204 1266 compungar.
2232 1195 2384 1265 Quod
2418 1197 2468 1251 iu
2499 1199 2672 1265 cutim
2691 1211 2806 1268 est,
2835 1203 2937 1257 hoc
2977 1204 3027 1258 in
3052 1220 3301 1276 corpore.
3327 1207 3465 1276 Quid

1872 1293 1974 1347 est,
2020 1301 2121 1338 non
2162 1302 2478 1359 compnngar
2501 1290 2527 1344 2’
2555 1291 2671 1347 lant
2699 1308 2802 1347 non
2851 1295 3068 1351 moriar.
3104 1299 3467 1368 Compunelus

1873 1383 1957 1428 est
1985 1374 2125 1429 enim
2156 1392 2278 1432 cum
2322 1371 2377 1433 in
2422 1396 2582 1436 crure
2617 1384 2901 1449 penderet.
2958 1386 3137 1440 lancea
3185 1406 3469 1458 pereusms

1872 1474 1949 1519 est
1978 1465 2155 1537 (Joan.
2200 1483 2288 1521 χιι
2312 1509 2328 1535 ,
2372 1469 2483 1538 54).
2511 1471 2684 1543 Caput
2708 1490 2837 1542 ergo
2866 1487 3104 1531 nostrum
3148 1478 3299 1543 dicit,
3344 1479 3467 1535 Non

1874 1546 2214 1628 compungar,
2245 1558 2350 1628 iam
2370 1576 2473 1615 non
2503 1565 2720 1620 moriar.
2752 1564 2859 1621 Nos
2879 1577 3059 1624 autctn
3086 1570 3211 1638 quid
3244 1571 3471 1628 dicimus

1876 1657 2095 1717 propter
2133 1648 2522 1707 dedicationem
2571 1653 2805 1711 domus?
2834 1655 2878 1711 N
2903 1674 2949 1710 in
3001 1675 3099 1713 nos
3148 1672 3474 1733 compnngat

1874 1740 2202 1795 conscientia
2242 1741 2472 1798 stimulis
2514 1758 2874 1813 pctcatorutn.
2930 1748 3280 1808 Dimitteutur
3324 1754 3470 1809 enim

1874 1832 2076 1896 Omnia,
2102 1842 2157 1887 et
2183 1842 2307 1889 tunc
2350 1835 2500 1891 liberi
2546 1838 2767 1893 erimus.
2804 1839 2872 1895 Ut
2907 1853 3075 1896 cantet
3114 1843 3231 1911 tibi,
3258 1844 3468 1915 inquit,

1880 1923 2049 1994 gloria
2073 1941 2206 1993 mea,
2237 1942 2341 1982 non
2370 1927 2662 1985 humilitas.
2684 1930 2744 1987 Si
2777 1944 2981 2000 nostra,
3005 1946 3058 1990 et
3081 1935 3274 1991 Christi
3305 1955 3317 1990 :
3346 1938 3472 2007 quia

1879 2029 2078 2089 corpus
2115 2016 2315 2075 Chri5ti
2347 2035 2463 2075 nos.
2514 2021 2735 2090 Quare?
2763 2022 2895 2092 Quia
2938 2028 3185 2095 quamvis
3224 2026 3473 2085 Christus

1879 2109 2064 2164 sedeat
2096 2110 2149 2164 in
2178 2111 2335 2177 melo,
2366 2113 2607 2169 dicturus
2632 2125 2716 2170 est
2757 2116 3072 2186 quibusdam
3111 2135 3125 2173 :
3167 2116 3394 2186 Esuriei,
3424 2130 3474 2176 et

1878 2203 2085 2259 dedistis
2120 2206 2243 2259 milii
2273 2206 2581 2261 manducare
2613 2206 2826 2279 (Matth.
2853 2225 2978 2273 xw,
3004 2210 3119 2275 55).
3153 2212 3220 2267 lit
3255 2212 3324 2267 ibi
3363 2224 3471 2281 est,

1800 2356 1805 2361 η
1878 2296 2051 2381 ειιΙιίε
2085 2315 2099 2350 :
2132 2296 2203 2352 ibi
2236 2296 2288 2351 in
2320 2313 2379 2354 se
2403 2339 2419 2365 ,
2457 2299 2541 2353 hic
2571 2299 2622 2353 in
2672 2299 2850 2354 nobis.
2891 2300 3028 2369 Quid
3073 2317 3201 2371 ergo
3238 2304 3352 2357 ait?
3404 2304 3475 2359 L't

1879 2396 2045 2441 cantet
2068 2387 2157 2441 tibi
2205 2388 2370 2459 gloria
2396 2405 2533 2451 mea.
2570 2399 2618 2445 et
2664 2407 2763 2445 non
2794 2408 3126 2463 conquiigar.
3164 2393 3339 2448 Gemit
3377 2394 3473 2450 tibi

1883 2477 2153 2534 humilitas
2189 2495 2329 2544 mea,
2357 2480 2589 2535 cantabit
2622 2480 2715 2536 tibi
2741 2483 2907 2552 gloria
2937 2498 3072 2538 mea.
3096 2483 3215 2539 Jam
3241 2484 3293 2540 in
3322 2484 3426 2541 line
3455 2503 3470 2540 :

1884 2566 2100 2623 Domine
2147 2569 2284 2625 Deus
2307 2589 2466 2638 meus,
2500 2573 2551 2626 in
2585 2583 2827 2626 internum
2861 2574 3139 2643 conﬁtebor
3175 2576 3279 2629 tibi.
3333 2575 3472 2645 Quid

1880 2669 1984 2722 cst,
2016 2661 2068 2713 in
2090 2672 2332 2716 (sternunt
2353 2662 2624 2732 ron/iubar
2643 2665 2730 2718 tibi
2750 2666 2775 2718 .’
2793 2665 2847 2718 ltt
2874 2673 3132 2720 aeternum
3152 2666 3376 2721 laudabo
3398 2676 3471 2734 te,

1880 2754 2003 2823 quia
2036 2753 2270 2809 diximus
2293 2770 2414 2811 esse
2438 2755 2834 2813 confessionem
2875 2768 2929 2813 et
2961 2759 3013 2813 in
3047 2758 3295 2813 laudibus
3317 2801 3334 2826 ,
3366 2774 3474 2816 non

1883 2853 2087 2899 tantum
2132 2846 2182 2899 itt
2210 2848 2463 2917 peccatis.
2491 2847 2763 2903 Conlitere
2786 2865 2914 2920 ergo
2941 2849 3101 2904 modo
3133 2850 3274 2922 quod
3304 2860 3357 2903 ttt
3386 2851 3474 2905 fe-

1881 2937 1999 2994 cisli
2027 2938 2078 2991 in
2110 2937 2275 2992 Deum
2300 2980 2315 3000 .
2350 2947 2403 2994 et
2436 2938 2776 2996 conﬁteberis
2805 2941 2927 3011 qttid
2960 2940 3052 2995 tibi
3093 2940 3277 2997 fecerit
3307 2941 3471 2998 Deus.

1837 3052 1845 3056 -
1879 3028 2017 3098 Quid
2054 3029 2266 3085 l'cCisti?
2297 3030 2542 3087 Peccala.
2575 3031 2709 3100 Quid
2750 3032 2924 3087 Deus?
2952 3033 3240 3090 Conlitcnti
3282 3034 3477 3105 iniqui-

1883 3130 2045 3175 tatem
2093 3130 2236 3176 tuam
2277 3121 2496 3177 dimittit
2545 3123 2635 3176 tibi
2675 3134 2886 3193 peccata
2931 3135 3017 3179 tua
3042 3164 3057 3189 ,
3098 3134 3157 3179 ut
3198 3126 3246 3180 ei
3291 3136 3474 3196 postea

1881 3210 2065 3266 laudes
2092 3212 2260 3281 ipsius
2284 3212 2548 3269 conﬁtens
2595 3213 2646 3268 in
2681 3224 2937 3269 aeternum
2961 3256 2977 3284 ,
3008 3229 3115 3272 non
3145 3230 3474 3287 compunga-

1882 3303 1958 3359 ris
1989 3313 2227 3374 peccato.

1898 3438 3472 3463 _-———_——————————-I———

2322 3511 2405 3574 IN
2446 3511 2584 3575 PSA
2595 3510 2827 3576 LMUM
2870 3515 3064 3580 XXX

2297 3704 2302 3711 ,
2441 3631 2840 3690 εΝειιιιιΑΤιυ
2878 3635 2917 3691 ι.

2134 3740 2201 3797 In
2223 3742 2395 3813 ﬁnem,
2422 3740 2666 3799 Psalmus
2688 3745 2787 3816 ipsi
2817 3744 2979 3802 David
2999 3752 3226 3806 ccstasis.

1961 3856 2012 3911 1.
2040 3853 2192 3930 [vers.
2225 3855 2303 3930 1.]
2337 3857 2390 3911 In
2422 3858 2578 3913 linem
2609 3857 2847 3915 Psahnus
2875 3860 2974 3930 ip~i
3020 3862 3184 3919 David
3212 3906 3228 3931 ,
3259 3867 3468 3925 media-

1889 3948 1989 4003 tori
2018 3963 2175 4002 mamt
2206 3949 2327 4002 torti
2360 3950 2413 4003 in
2458 3952 2938 4019 persecutionibus.
2980 3953 3111 4009 Nam
3137 3970 3188 4012 et
3219 3961 3475 4029 ecstasis,

1889 4056 2009 4111 qua!
2039 4039 2214 4093 addita
2252 4050 2337 4095 est
2389 4041 2580 4107 titulo,
2624 4057 2909 4099 excessum
2957 4050 3151 4103 mentis
3176 4050 3479 4122 signiﬁcat,

1888 4146 2008 4203 qua:
2036 4132 2093 4185 lit
2116 4130 2199 4185 vel
2230 4146 2447 4202 pavore,
2478 4133 2558 4187 vel
2589 4134 2764 4204 aliqua
2795 4138 3143 4195 revelatione.
3176 4142 3281 4198 Sed
3311 4142 3362 4198 in
3380 4136 3481 4203 hec

1893 4225 2099 4296 psalmo
2137 4240 2299 4294 pavor
2326 4226 2557 4281 maxime
2587 4239 2809 4305 apparet
2839 4232 3129 4301 perturbati
3164 4236 3344 4305 populi
3387 4239 3481 4298 Dei

1893 4316 2273 4388 [tersi-cudone
2322 4318 2559 4371 otnnium
2597 4302 2866 4389 gentium,
2894 4331 2945 4378 et
2996 4302 3363 4397 delectu-iper
3390 4348 3483 4387 or.

1894 4408 2015 4464 bctn
2056 4408 2200 4464 tidei.
2244 4407 2349 4464 Sed
2374 4410 2519 4480 prior
2546 4410 2798 4481 loquitur
2821 4412 2934 4483 ipse
2958 4417 3220 4473 mediator
3246 4436 3260 4473 :
3288 4410 3484 4480 deinde

1894 4501 2203 4573 redemptus
2242 4503 2499 4572 sanguine
2532 4502 2699 4573 ipsius
2737 4506 2964 4575 populus
2991 4511 3189 4578 gratias
3228 4511 3338 4583 agit
3370 4531 3384 4568 :
3416 4516 3484 4571 ad

1894 4604 2190 4649 extremum
2224 4593 2565 4663 petturbatns
2609 4593 2699 4649 diu
2747 4595 2998 4666 loquitur,
3030 4600 3171 4670 quod
3217 4602 3281 4655 ad
3314 4612 3487 4661 ecsta-

1896 4688 1997 4743 sim
2026 4686 2297 4758 pertinet:
2330 4685 2610 4756 Propheta:
2658 4700 2787 4743 vero
2822 4689 2988 4760 ipsius
3015 4707 3248 4763 persona
3290 4696 3371 4753 bis
3398 4698 3484 4755 in.

1897 4782 2215 4852 terponitur.
2250 4795 2413 4850 prOpe
2443 4780 2622 4847 linem,
2649 4791 2703 4837 et
2731 4783 2783 4837 in
2808 4783 2932 4840 line.

1966 4875 2019 4929 9..
2041 4874 2190 4949 [vers.
2218 4872 2299 4946 2.]
2327 4872 2391 4928 In
2419 4883 2484 4937 te,
2513 4873 2744 4933 Domine.
2762 4877 2979 4945 speravi,
2998 4895 3098 4934 non
3124 4885 3412 4955 confundor
3434 4885 3487 4940 in

1897 4976 2138 5024 talentum
2162 4966 2251 5020 :in
2275 4975 2327 5020 te
2355 4965 2576 5019 Domine
2607 4966 2840 5036 speravi,
2868 4984 3138 5040 nunquam
3171 4975 3486 5041 Conlundar,

1862 5088 1863 5091 η
1898 5060 2025 5115 dum
2060 5069 2308 5129 tanquam
2346 5057 2549 5112 homini
2580 5058 2741 5114 simili
2780 5063 2995 5119 ea'teris
3031 5066 3385 5122 insultabitur.
3424 5068 3487 5123 In

1862 5170 1869 5177 '
1890 5153 2093 5227 jnstitia
2142 5161 2229 5205 tua
2270 5166 2391 5206 crae
2417 5167 2529 5217 me,
2558 5161 2606 5206 et
2648 5153 2812 5207 exime
2838 5172 2918 5211 me
2943 5172 2963 5211 :
2991 5168 3043 5213 et
3086 5159 3137 5215 in
3179 5170 3262 5213 tua
3282 5162 3487 5231 justitia

1902 5260 2032 5301 erue
2080 5259 2167 5299 me
2194 5242 2261 5299 de
2293 5239 2442 5298 fovea
2472 5243 2658 5299 mortis
2681 5287 2697 5314 ,
2729 5255 2784 5301 et
2809 5246 2985 5303 exime
3032 5264 3118 5304 me
3146 5250 3213 5306 de
3264 5266 3491 5307 numero

1903 5352 2109 5393 eorum.

1979 5430 2033 5487 5.
2067 5427 2216 5502 [νοτε.
2247 5426 2326 5502 5.]
2355 5427 2562 5484 lnclitta
2606 5428 2675 5482 ad
2712 5444 2792 5484 me
2811 5445 2986 5484 aurem
3027 5440 3163 5486 tuam
3193 5434 3490 5494 :bumilcm

1910 5539 1998 5581 me
2018 5522 2230 5587 exaudi,
2257 5521 2528 5593 proximus
2551 5520 2701 5577 mihi.
2731 5522 2964 5578 Accelera
2985 5532 3040 5577 ut
3059 5527 3248 5582 exiutas
3276 5546 3353 5583 me
3376 5546 3395 5585 :
3426 5549 3492 5589 ne

1910 5613 2394 5675 dill'erasiulincm
2428 5614 2646 5681 satculi,
2698 5613 2833 5670 sicut
2881 5613 3119 5674 omnium
3162 5621 3493 5682 credentium

1978 5771 1997 5805 ⁸
2020 5769 2216 5821 ειωιςι.
2234 5772 2294 5816 At
2311 5763 2450 5826 edd,
2466 5769 2514 5815 rt
2533 5762 2760 5826 defectus.

1981 5829 2059 5891 (α)
2081 5836 2239 5893 Forte,
2266 5825 2366 5881 nisi
2383 5826 2616 5880 inditum.
