3950 6406
629 430 787 475 mere
808 427 909 472 nos
937 413 991 472 in
1015 427 1097 481 se,
1128 427 1237 470 non
1264 418 1344 470 est
1369 408 1686 482 dedignatus
1709 408 2089 483 transﬁgurare
2115 425 2220 466 nos

627 509 685 566 in
709 522 771 565 se
787 549 804 575 ,
845 517 902 563 et
928 505 1068 573 loqui
1097 504 1273 560 verbis
1300 502 1501 560 nostris
1522 543 1540 569 ,
1585 510 1646 557 ut
1669 511 1726 556 et
1748 516 1847 556 nos
1875 499 2220 573 loqueremur

627 601 808 660 verbis
850 600 1037 671 ipsius.
1083 597 1208 652 lla-c
1234 596 1378 651 enim
1418 594 1550 649 tnira
1579 592 1929 649 commutatio
1954 592 2090 649 facta
2111 600 2218 661 est,

625 701 684 748 et
722 692 899 747 divina
940 697 1064 743 sunt
1107 697 1322 758 peracta
1359 686 1720 751 commercia,
1775 684 1999 740 mutatio
2040 699 2217 741 rerum

623 781 895 840 celebrata
923 780 976 834 in
1006 777 1108 834 hoc
1133 777 1337 833 mundo
1361 793 1392 832 a
1425 776 1758 847 ucgotiatore
1780 773 1990 833 cmlesti
2021 791 2040 832 :
2071 775 2219 832 venit

629 875 874 943 accipere
914 871 1304 936 contumelias,
1344 868 1476 925 dare
1523 869 1794 934 honores;
1831 868 1979 924 venit
2001 867 2220 926 haurire

621 965 863 1023 dolorem
884 1005 901 1031 ,
929 963 1058 1019 dare
1085 963 1346 1026 salutem;
1390 960 1531 1016 venit
1567 960 1752 1017 Subirc
1793 970 2056 1027 mortem,
2086 959 2220 1016 dare

619 1060 804 1113 vitam.
852 1057 1138 1112 Morituros
1162 1069 1290 1125 ergo
1315 1068 1383 1110 ex
1407 1068 1473 1109 eo
1496 1051 1639 1124 quod
1676 1061 1917 1107 nostrum
1963 1050 2214 1117 habebat,

620 1166 729 1210 non
756 1151 810 1207 iu
839 1164 921 1216 se.
951 1149 1119 1205 sedin
1157 1147 1310 1202 nobis
1355 1145 1611 1217 pavehat;
1656 1143 1780 1215 quia
1819 1152 1876 1200 ct
1914 1143 2017 1199 hoc
2059 1141 2215 1211 dixit,

621 1244 830 1300 tristem
855 1256 979 1297 esse
1015 1239 1249 1294 animam
1278 1252 1430 1294 suam
1460 1248 1628 1307 usque
1650 1236 1718 1290 ad
1745 1245 1971 1291 mortem
2001 1233 2217 1306 (Matth.

620 1353 785 1401 xsvt,
813 1333 945 1418 ξε),
991 1341 1046 1389 et
1085 1331 1269 1402 utiqtte
1298 1344 1396 1386 nos
1424 1329 1524 1400 ipsi
1550 1342 1738 1384 omnes
1763 1342 1885 1382 etun
1923 1326 2034 1382 illo.
2083 1323 2217 1380 Nam

621 1431 740 1486 sine
770 1417 863 1483 illo
885 1468 902 1494 ,
945 1441 1044 1481 nos
1073 1424 1203 1479 nihil
1229 1439 1246 1485 ;
1289 1426 1340 1477 in
1365 1422 1458 1477 illo
1486 1430 1662 1475 autem
1683 1460 1701 1487 ,
1749 1419 1865 1490 ipse
1895 1417 2139 1475 Christus
2162 1425 2221 1475 et

623 1537 742 1578 nos.
797 1518 1014 1587 Quare?
1063 1516 1198 1586 Quia
1245 1523 1389 1570 totus
1427 1513 1678 1569 Christus
1716 1518 1878 1582 caput
1909 1520 1963 1566 et
1997 1524 2214 1580 corpus.

622 1613 790 1685 Capttt
825 1612 912 1667 ilte
931 1610 1165 1666 Salvator
1183 1607 1423 1678 corporis
1446 1646 1462 1674 ,
1504 1605 1593 1677 qui
1618 1605 1730 1676 jam
1755 1601 1995 1659 ascendit
2023 1601 2076 1658 iu
2100 1616 2216 1659 cm-

625 1705 774 1770 lum;
821 1717 1018 1774 corpus
1060 1709 1239 1755 autent
1282 1696 1554 1763 Ecclesia,
1599 1710 1720 1767 qua:
1762 1694 1964 1750 laborat
1993 1691 2047 1747 in
2077 1700 2217 1748 terra

627 1797 840 1870 (Ιίνιιις.
870 1811 934 1858 v.
960 1793 1076 1865 95).
1123 1792 1237 1850 lloc
1277 1799 1456 1846 autem
1497 1802 1695 1860 corpus
1741 1787 1843 1843 nisi
1882 1784 2219 1843 connexionc

621 1887 898 1946 charitatis
922 1885 1223 1942 adha-rerct
1257 1881 1417 1952 capiti
1442 1896 1539 1935 suo
1557 1921 1572 1946 ,
1602 1889 1664 1934 ut
1691 1893 1829 1933 unus
1857 1879 2004 1933 tieret
2029 1891 2098 1932 ex
2123 1890 2218 1931 ea-

621 1982 728 2054 pite
753 1991 807 2035 et
828 1992 1076 2047 corpore,
1110 1990 1216 2032 non
1244 1974 1312 2030 de
1337 1973 1476 2030 creto
1504 1970 1789 2042 quemdam
1819 1977 2218 2040 persecutorem

619 2071 917 2143 corripiens
943 2068 1180 2134 diceret,
1221 2065 1415 2124 Saule.
1447 2063 1640 2126 Saule,
1666 2062 1788 2130 quid
1809 2078 1887 2116 me
1907 2059 2219 2132 persequeris

619 2166 757 2236 (Act.
791 2179 865 2228 ts.
898 2159 1239 2232 tummodo
1264 2172 1385 2213 eum
1408 2155 1517 2228 jam
1549 2157 1601 2209 itt
1624 2154 1762 2210 cmlo
1787 2152 2063 2208 sedentem
2094 2151 2216 2207 uul-

620 2257 704 2314 lus
741 2255 903 2310 homo
944 2253 1228 2323 tangebat,
1278 2247 1551 2319 quomodo
1584 2262 1706 2302 eum
1745 2244 1939 2301 Saulus
1977 2243 2030 2300 itt
2076 2253 2217 2300 terra

620 2348 851 2404 Steviens
897 2345 1157 2398 adversus
1210 2339 1546 2396 Christianos
1592 2337 1773 2408 aliquo
1811 2334 1971 2392 modo
2019 2334 2213 2404 injuria

621 2435 988 2511 percellehat?
1018 2433 1133 2489 Non
1163 2434 1258 2494 ait,
1283 2431 1420 2498 Quid
1445 2437 1659 2484 sanctos
1683 2442 1852 2493 meos,
1877 2425 2004 2498 quid
2033 2439 2218 2481 servos

621 2529 810 2586 meos?
831 2524 948 2592 sed,
973 2525 1094 2594 quid
1116 2539 1194 2578 me
1217 2521 1548 2594 persequeris,
1573 2519 1676 2575 hoc
1701 2527 1804 2584 est,
1831 2518 1957 2588 qttid
1981 2517 2216 2573 membra

619 2621 785 2681 mea?
810 2629 968 2690 caput
991 2632 1087 2688 pro
1109 2613 1367 2671 membris
1393 2611 1678 2675 clamabat,
1709 2619 1764 2666 et
1791 2608 2032 2665 membra
2061 2607 2113 2663 in
2145 2623 2207 2664 se
2254 2637 2265 2668 -,

620 2721 782 2785 caput
823 2708 1252 2779 traustigurahat.
1305 2703 1504 2760 Vocem
1543 2716 1775 2772 namque
1806 2698 1955 2770 pedis
1995 2697 2220 2768 suscipit

621 2808 822 2879 lingua.
867 2802 1093 2875 Quando
1132 2801 1269 2856 forte
1311 2798 1364 2854 in
1406 2796 1560 2852 turba
1599 2794 1862 2852 contritus
1902 2806 1998 2863 pes
2039 2791 2213 2860 dolet,

619 2900 818 2958 clamat
842 2897 1014 2968 lingua
1041 2937 1058 2962 ,
1093 2892 1282 2950 Caleas
1311 2904 1433 2953 me;
1462 2903 1567 2943 non
1587 2888 1733 2944 enim
1761 2885 1872 2950 ait,
1908 2885 2094 2941 Caicus
2123 2898 2217 2955 pc-

621 2992 747 3050 detn
776 3005 988 3049 meum.
1017 2984 1110 3043 sed
1137 3000 1197 3041 se
1225 2982 1359 3038 dixit
1377 2979 1598 3048 calcari,
1631 2993 1788 3049 quam
1820 2993 1979 3033 nemo
2004 2975 2212 3047 tetigit:

619 3083 717 3142 sed
749 3097 844 3154 pes
870 3079 960 3150 qui
986 3077 1222 3134 calcatus
1249 3082 1365 3137 est,
1407 3088 1436 3125 a
1463 3071 1644 3142 lingua
1675 3085 1781 3124 non
1811 3075 2088 3140 separatus
2108 3075 2212 3122 est.

564 3221 568 3226 .
621 3172 768 3246 Ergo
810 3171 972 3227 etiam
1015 3168 1096 3223 sic
1143 3181 1248 3222 non
1289 3164 1578 3234 incongrue
1616 3159 1930 3231 intelligitur
1968 3156 2213 3226 ecstasis,

622 3279 808 3339 pavor.
853 3261 989 3332 Quid
1019 3260 1160 3316 enim
1181 3257 1353 3314 dicam
1377 3297 1395 3324 ,
1440 3255 1666 3311 fratres?
1703 3252 1758 3310 Si
1789 3251 1970 3308 nullus
1994 3251 2217 3308 omnino

622 3374 794 3433 pavor
817 3364 964 3413 esset
989 3353 1224 3426 passuris
1240 3393 1258 3418 ,
1287 3351 1557 3407 diceretur
1580 3347 1680 3420 ipsi
1705 3347 1865 3402 Petro
1886 3343 2028 3417 quod
2057 3342 2214 3399 audi-

618 3451 795 3508 vimus
838 3447 998 3504 natali
1042 3443 1414 3517 Apostolorum
1443 3441 1570 3507 die,
1612 3438 1828 3510 quando
1868 3437 1916 3492 ei
1960 3435 2218 3493 Dominus

622 3539 873 3616 praedixit
900 3538 1128 3595 futuram
1150 3550 1299 3591 suam
1322 3533 1624 3605 passionem
1655 3546 1670 3585 :
1699 3529 1824 3586 Cum
1848 3545 1983 3585 esses
2013 3527 2214 3600 juniar,

619 3632 851 3706 cingebas
872 3640 938 3697 te,
964 3640 1010 3686 et
1040 3629 1148 3683 ibas
1168 3642 1266 3694 quo
1285 3626 1519 3689 volebas;
1547 3639 1660 3677 cum
1679 3630 1847 3675 autem
1864 3619 2030 3674 senior
2051 3621 2218 3691 factus

621 3725 801 3800 fueris,
827 3722 958 3777 alter
979 3731 1026 3775 te
1047 3719 1230 3791 cinget,
1255 3727 1303 3772 et
1327 3717 1473 3770 ducet
1501 3729 1599 3784 quo
1622 3721 1676 3767 tu
1705 3727 1806 3765 non
1836 3710 1909 3766 ris
1930 3710 1956 3764 7
1985 3707 2094 3764 lloc
2115 3725 2214 3763 au-

621 3827 745 3883 tem,
762 3814 954 3884 inquit,
985 3813 1113 3867 dixit
1133 3808 1427 3882 signi/iratis
1441 3821 1542 3874 qua
1563 3812 1721 3858 morte
1740 3811 2017 3858 moreretur
2035 3800 2212 3873 (Joau.

628 3926 744 3975 χιι.
776 3908 901 3983 18)2
950 3908 1090 3978 lit-go
1119 3905 1164 3958 si
1193 3902 1381 3958 Petrus
1409 3897 1684 3970 apostolus
1711 3903 1854 3950 tanta
1888 3893 2216 3965 porreetione

627 4019 735 4076 quo
761 4002 927 4059 nollet
954 4000 1011 4054 iit
1040 3996 1228 4054 nolens
1255 3992 1479 4064 (uolens
1507 3997 1748 4046 mortuus
1775 3997 1879 4052 est,
1908 3984 2001 4042 sed
2032 3983 2218 4040 volens

621 4075 910 4152 coronatus
935 4099 1019 4146 est
1047 4089 1124 4158 '),
1164 4084 1290 4156 quid
1319 4083 1513 4139 mirum
1547 4079 1592 4137 si
1628 4089 1712 4136 cst
1751 4076 1945 4147 aliquis
1972 4091 2136 4146 pavor
2162 4075 2217 4130 in

622 4186 871 4259 passione
896 4183 1056 4236 etiam
1095 4179 1360 4247 iustorum
1382 4215 1398 4239 ,
1443 4174 1606 4229 ctiam
1643 4168 1996 4226 sanctorum?
2045 4168 2216 4224 I'avor

622 4289 702 4336 est
730 4293 798 4334 es
835 4275 1067 4330 humana
1110 4270 1449 4332 inﬁrmitate,
1497 4280 1623 4336 spes
1661 4279 1730 4320 ex
1771 4261 1949 4318 divina
1989 4260 2217 4332 promis-
2259 4323 2262 4326 ,

622 4371 794 4426 sione.
847 4365 1001 4436 Quod
1043 4377 1204 4434 [naves
1245 4369 1394 4414 tuum
1438 4364 1560 4421 est,
1604 4353 1745 4424 quod
1794 4367 1977 4424 speras
2015 4351 2216 4408 donum

628 4461 723 4518 Dei
751 4469 834 4515 est
863 4458 1017 4512 inte.
1070 4453 1138 4509 Et
1177 4450 1369 4507 melius
1403 4447 1455 4502 in
1493 4459 1691 4515 pavore
1735 4452 1826 4498 tuo
1859 4442 2104 4512 agnoscis
2133 4452 2208 4507 te.

626 4562 686 4608 ut
730 4552 784 4608 in
827 4547 1141 4606 liberatione
1169 4553 1256 4600 tua
1295 4538 1563 4613 gloriﬁces
1600 4536 1688 4609 qui
1732 4535 1857 4593 fecit
1893 4544 1964 4591 te.
2019 4535 2216 4592 Paveat

625 4643 858 4702 humana
888 4637 1168 4695 inﬁrmitas
1195 4676 1212 4702 ,
1257 4649 1361 4689 non
1409 4631 1459 4685 in
1486 4643 1554 4686 co
1596 4643 1794 4699 pavore
1821 4626 2000 4682 deticit
2036 4625 2216 4682 divina

627 4734 1014 4797 misericordia.
1048 4730 1286 4801 Denique
1314 4739 1511 4799 pavens
1539 4724 1638 4779 iste
1665 4722 1788 4784 inde
1811 4721 1973 4791 empit
2009 4718 2116 4774 :Iu
2145 4727 2212 4787 te,
2251 4773 2254 4776 .

627 4829 843 4885 Domine
865 4867 882 4895 ,
926 4825 1123 4896 speravi
1141 4863 1159 4886 ,
1189 4836 1289 4876 non
1315 4815 1603 4890 confundor
1629 4815 1680 4869 in
1701 4824 1964 4870 aeternum.
2012 4809 2216 4867 Videtis

557 4960 562 4962 -
626 4924 750 4997 quia
775 4931 826 4976 et
861 4926 1052 4991 pavet,
1083 4925 1137 4970 et
1164 4919 1344 4984 sperat
1375 4928 1390 4965 :
1422 4907 1614 4965 videtis
1640 4905 1763 4978 quia
1788 4920 1952 4976 pavor
1979 4904 2080 4958 iste
2109 4916 2214 4957 non

625 4993 708 5075 est
749 5016 867 5069 sine
908 5025 1022 5082 spe.
1069 5008 1241 5063 Etiam
1269 5005 1312 5061 si
1339 5012 1424 5060 est.
1461 5003 1636 5073 aliqua
1684 4999 1737 5056 iu
1781 4999 2016 5056 humano
2052 4993 2217 5053 corde

625 5103 980 5168 conturbatio,
1013 5115 1118 5157 non
1148 5095 1348 5154 recedit
1375 5093 1551 5149 divina
1578 5089 1896 5147 consolatio.

699 5200 754 5253 4.
778 5194 1034 5266 Loquitur
1067 5191 1155 5246 hic
1178 5201 1306 5260 ergo
1330 5184 1576 5243 Christus
1601 5183 1654 5237 in
1686 5179 1950 5251 Propheta
1977 5194 1993 5243 ;
2039 5175 2215 5233 audeo

625 5291 840 5351 dicere.
869 5285 1113 5342 Christus
1159 5280 1408 5352 loquitur.
1463 5277 1710 5343 Dicturus
1749 5280 1832 5327 est
1873 5268 2116 5342 qutedam
2163 5269 2216 5325 in

629 5383 732 5438 hoc
763 5379 966 5451 psalmo
985 5417 1000 5442 ,
1045 5389 1164 5446 qua:
1193 5371 1343 5444 quasi
1372 5368 1587 5424 Christo
1610 5363 1890 5419 videantur
1929 5377 2033 5416 non
2059 5373 2219 5432 posse

693 5495 710 5526 ί
744 5503 838 5541 am.
867 5498 919 5541 et
936 5495 1009 5538 Fr.
1033 5501 1046 5536 :
1066 5493 1191 5546 Ergo
1212 5482 1257 5534 si
1275 5487 1441 5546 Petrus
1460 5474 1718 5546 apustqlus,
1739 5478 1876 5546 tanta
1895 5469 2220 5546 persecutione
2259 5520 2264 5524 .

627 5569 722 5622 quo
744 5538 917 5622 "ablui
946 5538 1239 5620 dttrtus'est,
1261 5550 1334 5622 "et.
1349 5538 1506 5622 tuticus
1541 5538 1704 5622 nolst
1726 5538 2219 5622 ggiiuttsnffl-rﬁfgo

627 5593 1176 5679 iiiiita'ﬂii‘réciiiiué’ﬁuq
1184 5593 1335 5679 iuuat
1358 5604 1633 5679 ductui
1645 5606 1716 5679 et.
1898 5593 2219 5679 Latet-Elicit}.

629 5718 732 5806 iiii;
758 5718 1207 5806 ἱδᾶἔίῖἓῖὶιόὶρήὲζ
1349 5724 1718 5806 Ϋιξῳειιιιξιιιίιιιω
1745 5723 1834 5785 sic,
1854 5733 1947 5784 quo
1970 5719 2111 5773 nollet
2129 5718 2221 5781 iit;

995 5801 1207 5848 mortuus
1228 5797 1315 5856 est,
1339 5788 1447 5853 sed,
1471 5794 1566 5840 etc.
1979 5821 1982 5826 .
2117 5822 2132 5826 ,.

1871 298 1936 356 S.
1975 295 2348 360 AUGUSTINI
2384 301 2689 364 EPISCOPI
2823 343 2832 348 η
3771 320 3844 378 23?.

2332 433 2628 490 congruere
2644 461 2659 487 ,
2691 419 2768 476 illi
2791 418 3118 480 excellentia.-
3136 423 3324 498 capitis
3349 425 3518 483 nostri
3538 468 3552 491 .
3581 431 3844 506 maximeque

2326 511 2401 568 illi
2437 512 2613 570 Verbo
2653 513 2794 583 quod
2827 514 2880 572 in
2925 517 3186 588 principio
3223 529 3335 574 erat
3364 519 3508 574 Dens
3532 521 3661 591 apttd
3692 520 3843 584 Deum:

2325 618 2427 662 nec
2464 605 2515 661 ci
2564 605 2616 662 itt
2661 605 2830 663 forma
2865 607 3010 668 servi
3055 608 3282 667 fortasse
3321 611 3635 668 videbuntur
3667 619 3845 684 quadam

2325 696 2416 752 ltie
2449 697 2611 753 verba
2655 712 2950 770 congruere
2975 740 2991 764 ,
3036 716 3195 769 quam
3241 703 3466 757 formam
3506 705 3638 758 servi
3675 710 3848 780 sttscepit

2323 803 2389 846 es
2421 789 2622 859 virgine
2645 805 2661 857 ς
2691 799 2746 846 et
2775 801 2950 848 tamen
2967 790 3210 848 Christus
3238 792 3500 865 loquitur.
3528 795 3643 866 quia
3669 796 3713 850 itt
3732 814 3848 854 ntem-

2323 878 2439 936 hris
2459 878 2658 935 Christi
2697 882 2960 938 Christus.
3014 882 3080 938 Et
3106 893 3165 938 ιιι
3191 885 3449 940 noveritis
3473 926 3489 951 ,
3521 887 3636 956 quia
3663 903 3773 944 unus
3792 891 3846 945 di-

2322 970 2463 1026 citur
2483 969 2730 1027 Christus
2758 982 2917 1044 caput
2943 984 2999 1029 et
3036 989 3231 1044 corpus
3257 989 3410 1028 suum
3437 989 3454 1039 ;
3503 976 3611 1046 ipse
3641 977 3747 1032 dicit
3767 997 3847 1038 cum

2322 1058 2393 1116 de
2420 1061 2670 1133 conjugio
2700 1063 3007 1133 loqueretur
3037 1081 3051 1118 ε
3087 1063 3250 1119 Erunt
3275 1065 3380 1120 dtw
3407 1066 3460 1118 in
3483 1082 3630 1120 carne
3645 1071 3846 1139 nauigi-

2325 1161 2408 1207 tur
2416 1153 2530 1222 jam
2551 1169 2650 1207 nou
2676 1153 2799 1218 duo,
2832 1153 2923 1209 sed
2950 1171 3050 1210 una
3078 1171 3198 1210 cura
3231 1155 3445 1227 (.ilatth.
3470 1171 3560 1211 χιχ
3579 1197 3595 1224 ,
3621 1158 3671 1220 5,
3693 1158 3756 1229 6).
3778 1159 3845 1216 Sel

2323 1242 2463 1300 forte
2485 1243 2587 1300 hoc
2610 1243 2749 1300 dicat
2770 1245 2839 1302 de
2867 1263 3203 1319 quocumque
3226 1247 3520 1319 coniugio?
3551 1251 3677 1305 Audi
3694 1263 3847 1321 aposto-

2323 1334 2432 1392 lum
2478 1335 2698 1392 Paulmn
2728 1355 2743 1394 :
2773 1337 2838 1393 Et
2875 1349 3024 1395 erunt
3061 1339 3197 1408 duo,
3243 1340 3450 1411 inquit,
3495 1342 3548 1395 in
3589 1359 3725 1397 carne
3744 1362 3846 1402 una:

2319 1441 2692 1484 sacraumuum
2719 1433 2814 1486 hoc
2840 1449 3078 1505 magnum
3097 1443 3186 1499 est,
3215 1448 3306 1503 ego
3326 1444 3500 1488 autem
3520 1435 3688 1490 dicaiu
3707 1437 3846 1493 Christo

2322 1530 2370 1575 et
2397 1520 2450 1574 iu
2489 1519 2716 1576 Ecclesia
2748 1519 2962 1593 (Ephes.
2994 1539 3050 1589 v,
3082 1524 3144 1580 31
3171 1566 3186 1589 .
3220 1524 3356 1596 δεμ
3406 1523 3489 1580 Fit
3517 1539 3640 1596 ergo
3661 1535 3845 1596 tanquam

2321 1625 2390 1667 cx
2414 1611 2625 1667 duobus
2664 1627 2770 1667 una
2818 1614 3062 1686 quaedam
3109 1631 3334 1686 persona
3356 1657 3374 1681 ,
3422 1631 3488 1672 ex
3519 1617 3683 1686 capite
3703 1627 3746 1674 et
3765 1635 3845 1675 eor-

2322 1716 2451 1772 pore
2473 1727 2508 1769 ,ι
2538 1719 2602 1758 es
2632 1718 2834 1774 Sponsa
2857 1714 2913 1759 et
2937 1719 3152 1774 sponsa.
3200 1705 3334 1762 Nam
3378 1707 3631 1763 unitatem
3669 1723 3845 1778 persona

2322 1789 2481 1864 hujus
2514 1793 2702 1848 miram
2729 1803 2784 1850 et
2811 1795 3184 1856 excellentem.
3203 1797 3548 1853 commendat
3573 1798 3718 1853 etiam
3737 1799 3845 1857 Isaias

2320 1884 2581 1956 propheta
2607 1902 2623 1940 :
2655 1901 2778 1941 nam
2810 1885 3032 1958 loquens
3069 1889 3230 1944 etiam
3260 1889 3312 1943 in
3341 1904 3410 1944 eo
3440 1888 3674 1944 Christus
3697 1889 3740 1944 in
3764 1906 3843 1961 pro-

2321 1974 2500 2047 phetia
2525 1975 2601 2031 ait
2630 1995 2645 2032 :
2673 1976 2818 2032 Sicut
2838 1994 3025 2050 sponso
3049 1979 3276 2050 alligauit
3303 1979 3430 2033 mihi
3459 1980 3654 2032 mitram
3671 2022 3686 2042 .
3707 1991 3745 2034 et
3761 1981 3844 2034 u'ctt

2320 2085 2556 2141 sponsam
2579 2071 2775 2125 ornavit
2802 2087 2880 2126 me
2901 2080 3195 2126 ornamento
3219 2070 3372 2141 (Isai.
3407 2088 3515 2136 LXI,
3547 2073 3568 2127 i
3577 2071 3650 2146 0).
3677 2071 3736 2128 Se
3756 2072 3842 2128 dixit

2320 2175 2611 2232 sponsum,
2642 2176 2702 2218 se
2727 2176 2978 2232 sponsam
3015 2181 3029 2216 :
3058 2179 3226 2233 quare
3252 2179 3312 2219 se
3333 2178 3622 2234 sponsum,
3658 2180 3710 2218 se
3728 2180 3842 2233 spatio

2321 2267 2436 2309 sam
2461 2294 2477 2318 ,
2529 2253 2630 2310 nisi
2659 2253 2780 2325 quia
2808 2263 2967 2309 erunt
3011 2253 3120 2309 duo
3163 2255 3216 2311 in
3245 2270 3410 2310 carne
3450 2255 3600 2310 una?
3640 2254 3688 2311 Si
3714 2256 3791 2309 dun
3809 2255 3839 2309 in

2321 2358 2486 2401 carne
2513 2359 2638 2412 una,
2665 2360 2762 2400 cur
2785 2359 2890 2401 non
2918 2344 3027 2400 duo
3055 2347 3106 2399 iu
3132 2361 3262 2400 voce
3291 2344 3442 2400 una?
3489 2345 3737 2416 Loquatur
3756 2360 3841 2416 ergo

2320 2435 2604 2500 Christus.
2653 2436 2776 2508 quia
2824 2437 2877 2491 in
2922 2437 3138 2493 Christo
3185 2437 3423 2507 loquitur
3454 2437 3714 2503 Ecclesia,
3746 2437 3837 2492 etin

2323 2525 2556 2584 Ecclesia
2585 2527 2812 2597 loquitur
2835 2525 3115 2593 Christus;
3144 2535 3198 2583 et
3219 2542 3418 2598 corpus
3436 2527 3497 2582 in
3522 2527 3702 2598 capite,
3722 2536 3836 2582 etra-

2321 2629 2417 2689 pttt
2453 2620 2506 2674 in
2531 2633 2778 2689 cantare.
2835 2619 2970 2676 Audi
3000 2621 3316 2690 Apostolum
3344 2619 3462 2701 .hoc
3490 2619 3652 2691 ipsum
3679 2617 3836 2676 eviden-

2323 2712 2429 2768 tius
2471 2711 2860 2784 exprimentem
2900 2730 2915 2769 :
2954 2711 3101 2769 Sicut
3143 2713 3275 2768 enim
3314 2729 3504 2785 corpus
3553 2729 3694 2768 unum
3729 2719 3783 2764 eu
3807 2719 3836 2763 et

2321 2803 2543 2858 membra
2573 2803 2719 2858 habet
2739 2804 2918 2870 multa,
2942 2803 3112 2858 omnia
3127 2812 3292 2858 autent
3313 2803 3540 2858 membra
3559 2801 3753 2873 certioris
3763 2816 3834 2854 an

2319 2894 2421 2949 sint
2441 2894 2620 2959 multa,
2651 2911 2804 2948 unum
2824 2902 2898 2949 est
2923 2909 3126 2964 corpus,
3153 2894 3226 2949 sic
3253 2904 3302 2950 et
3331 2894 3562 2950 Christus
3589 2895 3626 2962 (Ι
3651 2891 3750 2949 Cor.
3771 2906 3832 2953 ut,

2322 2983 2436 3056 12).
2467 2984 2713 3056 Loquens
2738 2984 2805 3040 de
2837 2985 3091 3040 membris
3115 2983 3312 3040 Christi
3331 3026 3346 3047 .
3398 2985 3503 3041 hoc
3536 2983 3695 3040 estde
3717 2980 3834 3036 ﬁdeli-

2319 3077 2438 3142 bus,
2471 3093 2578 3132 non
2600 3077 2709 3140 ait,
2737 3077 2815 3131 sie
2833 3086 2890 3132 et
2921 3076 3159 3132 membra
3186 3075 3422 3140 Christi;
3467 3075 3559 3132 sed
3600 3085 3741 3130 torum
3771 3071 3834 3124 hoc

2263 3219 2269 3224 .
2320 3167 2460 3238 quod
2485 3167 2654 3234 dixit,
2697 3167 2967 3223 Christum
2994 3166 3300 3237 appellavit.
3350 3165 3504 3223 Sicut
3537 3166 3670 3222 enim
3700 3174 3833 3230 corpus

2321 3275 2508 3325 unutn,
2534 3268 2587 3315 et
2615 3258 2852 3314 membra
2882 3257 3043 3314 habet
3059 3259 3246 3320 multa,
3271 3259 3452 3314 omnia
3470 3267 3639 3313 autem
3663 3252 3833 3310 membra

2319 3353 2562 3424 corporis
2589 3367 2710 3408 cum
2748 3352 2859 3408 sint
2899 3351 3063 3407 multa
3089 3391 3104 3418 ,
3155 3366 3317 3406 ttnum
3357 3360 3445 3407 est
3477 3363 3690 3422 corpus;
3730 3345 3833 3402 sicel

2275 3472 2278 3474 ν
2318 3448 2564 3504 Christus
2605 3444 2844 3502 membra
2875 3444 3076 3510 multa,
3124 3459 3287 3500 unum
3315 3459 3535 3515 corpus.
3572 3442 3699 3512 Ergo
3727 3434 3832 3494 simul

2319 3555 2508 3594 omnes
2537 3552 2636 3604 nos
2661 3553 2784 3593 cum
2834 3537 3008 3608 capite
3054 3545 3237 3591 nostro
3275 3534 3527 3601 Christo,
3575 3533 3681 3588 sine
3714 3527 3832 3597 capite

2321 3639 2507 3687 nostro
2545 3627 2676 3683 nihil
2715 3627 2971 3682 valentes.
3022 3625 3241 3696 Quare?
3284 3626 3422 3694 Quia
3462 3640 3558 3680 nos
3579 3639 3688 3680 eunt
3713 3616 3830 3687 capite

2320 3730 2507 3778 nostro
2527 3721 2648 3776 vitis
2677 3737 2692 3773 :
2721 3723 2837 3775 sine
2861 3720 3036 3790 capite
3065 3728 3270 3785 nostro,
3301 3718 3444 3790 quod
3462 3717 3613 3782 absit,
3634 3715 3830 3768 sat-tacut:

2321 3817 2566 3889 prmcisa,
2608 3830 2715 3870 non
2741 3814 2898 3870 alicui
2924 3813 3073 3883 operi
3095 3813 3448 3886 agricolarum
3473 3853 3489 3879 ,
3533 3808 3617 3866 sed
3643 3805 3733 3878 igni
3753 3814 3828 3857 ιιιιιο

2322 3907 2598 3965 tummodo
2623 3906 2908 3961 destinata.
2957 3901 3083 3960 Ideo
3119 3914 3174 3960 et
3209 3904 3324 3974 ipse
3345 3905 3417 3958 iu
3448 3891 3829 3971 Evangelioziigo

2319 4019 2432 4058 sunt
2459 4001 2570 4055 vitis
2585 4041 2602 4066 ,
2632 4014 2719 4055 eos
2737 3998 2854 4053 estis
2884 3997 3116 4069 palmites
3132 4037 3150 4064 ,
3185 3995 3341 4051 Pater
3369 4013 3506 4052 utens
3541 3989 3736 4066 agricola
3759 3992 3827 4045 at;

2321 4104 2374 4150 et
2405 4111 2419 4148 :
2448 4092 2706 4160 Sineme,
2755 4089 2957 4160 inquit,
3003 4089 3134 4143 nihil
3167 4089 3373 4158 potestis
3412 4092 3573 4162 facere
3598 4082 3744 4156 (locu.
3767 4088 3826 4135 ιτ.

2321 4184 2406 4258 5).
2463 4183 2723 4248 Domine,
2774 4182 2820 4237 si
2861 4181 2977 4236 sine
3004 4193 3056 4235 te
3081 4179 3252 4245 ttiltil,
3297 4189 3464 4236 totum
3491 4179 3540 4233 itt
3570 4186 3631 4231 te.
3679 4167 3826 4227 Etenim

2319 4255 2576 4348 quidquid
2604 4273 2691 4329 ille
2714 4281 2970 4342 operatur
2991 4286 3086 4342 per
3114 4285 3213 4326 nos
3230 4311 3247 4338 ,
3278 4285 3379 4326 nos
3409 4268 3638 4325 videmur
3659 4255 3824 4348 elicde

2321 4344 2506 4426 lv'otest
2561 4367 2652 4422 ille
2689 4366 2914 4422 multum
2942 4372 3000 4421 et
3049 4373 3218 4422 totum
3265 4365 3384 4421 sine
3413 4361 3595 4426 nobis,
3639 4344 3822 4412 nosuiltil

2256 4509 2260 4514 .
2320 4459 2438 4515 sine
2465 4458 2599 4530 ipso.

2393 4571 2446 4627 5.
2476 4569 2625 4645 [vers.
2651 4567 2732 4644 2.]
2777 4569 2918 4641 Ergo
2951 4567 3006 4624 in
3039 4582 3372 4640 quacumque
3397 4562 3581 4625 ecstasi
3623 4560 3818 4628 loquatur.

2321 4664 2436 4725 sive
2477 4676 2708 4734 pavore,
2750 4660 2863 4715 sive
2905 4674 3128 4715 excessu
3170 4661 3399 4724 mentis,
3439 4656 3710 4725 congruunt
3743 4650 3820 4712 (1⁸³³

2320 4757 2588 4814 dicuntur.
2619 4755 2864 4812 Dicamus
2890 4753 2943 4809 in
2965 4752 3161 4809 Christi
3185 4767 3431 4824 corpore.
3452 4749 3670 4807 dicamus
3691 4741 3819 4824 omth

2322 4849 2472 4923 quasi
2501 4863 2636 4904 unus
2659 4889 2674 4912 ,
2705 4846 2827 4918 quia
2851 4860 3038 4900 omnes
3066 4844 3265 4910 unitas,
3289 4823 3528 4900 dicamus
3556 4857 3568 4894 :
3595 4834 3653 4892 In
3675 4842 3727 4895 ιε.
3750 4823 3818 4923 Ῐξ⁰⁶

2323 4941 2488 5006 mine,
2519 4938 2716 5012 speravi
2738 4979 2754 5001 ,
2794 4953 2895 4992 non
2928 4935 3214 5007 confundor
3242 4935 3296 4991 in
3323 4945 3574 4991 retentum.
3605 4925 3748 4983 Ιῖιίιιην
3769 4913 3817 4966 δη·

2321 5032 2458 5103 quit,
2487 5029 2854 5087 confusionem
2882 5027 3251 5098 perhorresco,
3291 5044 3408 5098 qua:
3432 5032 3512 5082 est
3539 5022 3586 5076 itt
3610 5018 3816 5103 toleravit!-

2322 5124 2454 5182 Nam
2470 5135 2550 5181 εει
2563 5121 2806 5195 (ιιιωιιιιιιι
2822 5119 3062 5178 confusio
3076 5122 3381 5191 temporalis
3397 5119 3553 5182 utilis,
3572 5101 3815 5195 perturbatio

2323 5215 2484 5270 auitni
2511 5211 2844 5284 respicientis
2868 5219 3082 5279 peccata
3109 5224 3225 5276 sua,
3253 5207 3578 5280 respectione
3598 5194 3812 5284 horrentis.

2327 5307 2549 5361 horrore
2575 5302 2958 5368 erubescentis,
2994 5301 3360 5357 crubesccntia
3382 5289 3696 5365 corrigentis;
3721 5270 3813 5332 υυιίθ

2323 5397 2454 5453 dicit
2479 5403 2535 5452 et
2561 5395 2845 5466 Apostolus
2876 5411 2890 5449 :
2921 5391 3088 5460 Quam
3122 5393 3257 5448 enim
3286 5391 3494 5464 gloriam
3514 5372 3813 5466 habuistist

2324 5491 2379 5547 in
2405 5490 2505 5557 his,
2536 5488 2590 5544 in
2607 5459 2800 5560 quibus
2819 5459 2951 5542 nunc
2969 5485 3258 5542 erubescitis
3287 5459 3461 5556 ξιὲοηι.
3487 5495 3533 5536 ιί
3553 5519 3563 5541 .
3583 5471 3663 5538 21)
3679 5465 3698 5518 ’ἶ
3717 5459 3812 5560 Eri?

2255 5603 2268 5608 ‘
2325 5543 2647 5639 erubescere
2684 5579 2804 5635 illos
2835 5577 2964 5636 dicit
2994 5579 3104 5648 jam
3135 5543 3316 5634 ﬁdeles
3335 5618 3348 5642 ,
3394 5569 3581 5630 nonde
3609 5543 3811 5648 Ρηξοιξη·

572 5688 584 5698 -
627 5657 1290 5745 ἶὶἱῖιῗδῖἔςῗίιῆἇῖἷρᾷέΐαιὶρ
1306 5659 1818 5745 φιρέπρειςε
1834 5657 2262 5745 η

2326 5675 2427 5732 bus
2450 5673 2623 5736 donis,
2654 5671 2748 5727 sed
2777 5670 2846 5727 de
2876 5670 3157 5742 praeteritis
3182 5669 3430 5743 peccatis.
3460 5662 3591 5720 Hanc
3606 5636 3808 5743 confusi?

2332 5783 2454 5826 nem
2486 5783 2590 5821 ιιυιι
2619 5763 2868 5822 formidet
2901 5763 3222 5820 christianos
3255 5781 3268 5819 :
3301 5762 3406 5818 imo
3432 5757 3476 5816 si
3501 5753 3621 5809 hanc
3641 5724 3805 5796 ιιοιιιιι·
