  <div class='ocr_page' id='page_1' title='image "/cluster/home/n/w/nwhite01/storage/ocr_20150623/36/uva.x000827105/124.png"; bbox 0 0 3950 6424; ppageno 0'>
   <div class='ocr_carea' id='block_1_1' title="bbox 259 341 366 403">
    <p class='ocr_par' dir='ltr' id='par_1_1' title="bbox 259 341 366 403">
     <span class='ocr_line' id='line_1_1' title="bbox 259 341 366 403; baseline 0 -4"><span class='ocrx_word' id='word_1_1' title='bbox 259 341 366 403; x_wconf 68' lang='grc' dir='ltr'><strong>9ὃὸ</strong></span> 
     </span>
    </p>
   </div>
   <div class='ocr_carea' id='block_1_2' title="bbox 242 1382 1820 1455">
    <p class='ocr_par' dir='ltr' id='par_1_2' title="bbox 242 1382 1820 1455">
     <span class='ocr_line' id='line_1_2' title="bbox 242 1382 1820 1455; baseline 0 -17"><span class='ocrx_word' id='word_1_2' title='bbox 242 1382 435 1439; x_wconf 91' lang='lat' dir='ltr'><strong>nudum</strong></span> <span class='ocrx_word' id='word_1_3' title='bbox 461 1397 570 1439; x_wconf 90' lang='lat' dir='ltr'><strong>non</strong></span> <span class='ocrx_word' id='word_1_4' title='bbox 590 1382 890 1440; x_wconf 89' lang='lat' dir='ltr'><strong>vestiebant</strong></span> <span class='ocrx_word' id='word_1_5' title='bbox 907 1425 921 1448; x_wconf 93' lang='lat'><strong>,</strong></span> <span class='ocrx_word' id='word_1_6' title='bbox 949 1384 1289 1455; x_wconf 89' lang='lat' dir='ltr'><strong>peregrinum</strong></span> <span class='ocrx_word' id='word_1_7' title='bbox 1312 1398 1414 1439; x_wconf 93' lang='lat' dir='ltr'><strong>non</strong></span> <span class='ocrx_word' id='word_1_8' title='bbox 1441 1383 1820 1454; x_wconf 75' lang='lat' dir='ltr'><strong>suscipiebant,</strong></span> 
     </span>
    </p>
   </div>
   <div class='ocr_carea' id='block_1_3' title="bbox 243 1476 1821 1548">
    <p class='ocr_par' dir='ltr' id='par_1_3' title="bbox 243 1476 1821 1548">
     <span class='ocr_line' id='line_1_3' title="bbox 243 1476 1821 1548; baseline 0 -16"><span class='ocrx_word' id='word_1_9' title='bbox 243 1485 578 1548; x_wconf 75' lang='lat' dir='ltr'><strong>:egrotantem</strong></span> <span class='ocrx_word' id='word_1_10' title='bbox 606 1493 710 1533; x_wconf 90' lang='lat' dir='ltr'><strong>non</strong></span> <span class='ocrx_word' id='word_1_11' title='bbox 743 1477 1050 1545; x_wconf 87' lang='lat' dir='ltr'><strong>visitabant,</strong></span> <span class='ocrx_word' id='word_1_12' title='bbox 1084 1487 1208 1533; x_wconf 90' lang='lat' dir='ltr'><strong>tunc</strong></span> <span class='ocrx_word' id='word_1_13' title='bbox 1232 1476 1642 1534; x_wconf 89' lang='lat' dir='ltr'><strong>contemnebant</strong></span> <span class='ocrx_word' id='word_1_14' title='bbox 1667 1491 1821 1532; x_wconf 88' lang='lat' dir='ltr'><strong>:cum</strong></span> 
     </span>
    </p>
   </div>
   <div class='ocr_carea' id='block_1_4' title="bbox 248 1568 1822 1638">
    <p class='ocr_par' dir='ltr' id='par_1_4' title="bbox 248 1568 1822 1638">
     <span class='ocr_line' id='line_1_4' title="bbox 248 1568 1822 1638; baseline -0.001 -13"><span class='ocrx_word' id='word_1_15' title='bbox 248 1568 498 1638; x_wconf 66' lang='lat' dir='ltr'><strong>ceperint</strong></span> <span class='ocrx_word' id='word_1_16' title='bbox 523 1569 627 1624; x_wconf 88' lang='lat' dir='ltr'><strong>illis</strong></span> <span class='ocrx_word' id='word_1_17' title='bbox 664 1569 766 1625; x_wconf 90' lang='lat' dir='ltr'><strong>ista</strong></span> <span class='ocrx_word' id='word_1_18' title='bbox 791 1571 1093 1626; x_wconf 91' lang='lat' dir='ltr'><strong>enumerari</strong></span> <span class='ocrx_word' id='word_1_19' title='bbox 1122 1611 1137 1634; x_wconf 93' lang='lat'><strong>,</strong></span> <span class='ocrx_word' id='word_1_20' title='bbox 1164 1569 1554 1625; x_wconf 84' lang='lat' dir='ltr'><strong>confundentur</strong></span> <span class='ocrx_word' id='word_1_21' title='bbox 1575 1611 1591 1636; x_wconf 93' lang='lat'><strong>,</strong></span> <span class='ocrx_word' id='word_1_22' title='bbox 1624 1577 1678 1624; x_wconf 91' lang='lat' dir='ltr'><strong>et</strong></span> <span class='ocrx_word' id='word_1_23' title='bbox 1704 1568 1822 1624; x_wconf 79' lang='lat' dir='ltr'><strong>haec</strong></span> 
     </span>
    </p>
   </div>
   <div class='ocr_carea' id='block_1_5' title="bbox 252 1659 1817 1732">
    <p class='ocr_par' dir='ltr' id='par_1_5' title="bbox 252 1659 1817 1732">
     <span class='ocr_line' id='line_1_5' title="bbox 252 1659 1817 1732; baseline -0.001 -16"><span class='ocrx_word' id='word_1_24' title='bbox 252 1659 478 1716; x_wconf 82' lang='lat' dir='ltr'><strong>confusio</strong></span> <span class='ocrx_word' id='word_1_25' title='bbox 505 1660 560 1716; x_wconf 92' lang='lat' dir='ltr'><strong>in</strong></span> <span class='ocrx_word' id='word_1_26' title='bbox 581 1669 838 1717; x_wconf 77' lang='lat' dir='ltr'><strong>:eternum</strong></span> <span class='ocrx_word' id='word_1_27' title='bbox 861 1662 986 1718; x_wconf 90' lang='lat' dir='ltr'><strong>erit.</strong></span> <span class='ocrx_word' id='word_1_28' title='bbox 1009 1660 1155 1716; x_wconf 86' lang='lat' dir='ltr'><strong>lianc</strong></span> <span class='ocrx_word' id='word_1_29' title='bbox 1182 1661 1374 1716; x_wconf 88' lang='lat' dir='ltr'><strong>timens</strong></span> <span class='ocrx_word' id='word_1_30' title='bbox 1402 1661 1503 1716; x_wconf 89' lang='lat' dir='ltr'><strong>iste</strong></span> <span class='ocrx_word' id='word_1_31' title='bbox 1525 1659 1615 1732; x_wconf 89' lang='lat' dir='ltr'><strong>qui</strong></span> <span class='ocrx_word' id='word_1_32' title='bbox 1641 1670 1817 1730; x_wconf 89' lang='lat' dir='ltr'><strong>pavet,</strong></span> 
     </span>
    </p>
   </div>
   <div class='ocr_carea' id='block_1_6' title="bbox 255 1745 1816 1824">
    <p class='ocr_par' dir='ltr' id='par_1_6' title="bbox 255 1745 1816 1824">
     <span class='ocr_line' id='line_1_6' title="bbox 255 1745 1816 1824; baseline -0.001 -17"><span class='ocrx_word' id='word_1_33' title='bbox 255 1745 332 1809; x_wconf 81' lang='lat' dir='ltr'><strong>vel</strong></span> <span class='ocrx_word' id='word_1_34' title='bbox 355 1753 497 1823; x_wconf 86' lang='lat' dir='ltr'><strong>cujus</strong></span> <span class='ocrx_word' id='word_1_35' title='bbox 524 1753 587 1808; x_wconf 89' lang='lat' dir='ltr'><strong>ad</strong></span> <span class='ocrx_word' id='word_1_36' title='bbox 615 1753 786 1809; x_wconf 90' lang='lat' dir='ltr'><strong>Deum</strong></span> <span class='ocrx_word' id='word_1_37' title='bbox 827 1764 910 1811; x_wconf 89' lang='lat' dir='ltr'><strong>est</strong></span> <span class='ocrx_word' id='word_1_38' title='bbox 955 1754 1152 1810; x_wconf 91' lang='lat' dir='ltr'><strong>mentis</strong></span> <span class='ocrx_word' id='word_1_39' title='bbox 1180 1768 1434 1810; x_wconf 85' lang='lat' dir='ltr'><strong>excessus</strong></span> <span class='ocrx_word' id='word_1_40' title='bbox 1455 1795 1471 1819; x_wconf 95' lang='lat'><strong>,</strong></span> <span class='ocrx_word' id='word_1_41' title='bbox 1519 1753 1620 1808; x_wconf 92' lang='lat' dir='ltr'><strong>hoc</strong></span> <span class='ocrx_word' id='word_1_42' title='bbox 1645 1761 1816 1824; x_wconf 90' lang='lat' dir='ltr'><strong>rogat,</strong></span> 
     </span>
    </p>
   </div>
   <div class='ocr_carea' id='block_1_7' title="bbox 258 1843 1710 1918">
    <p class='ocr_par' dir='ltr' id='par_1_7' title="bbox 258 1843 1710 1918">
     <span class='ocr_line' id='line_1_7' title="bbox 258 1843 1710 1918; baseline -0.001 -19"><span class='ocrx_word' id='word_1_43' title='bbox 258 1843 320 1899; x_wconf 84' lang='lat' dir='ltr'><strong>In</strong></span> <span class='ocrx_word' id='word_1_44' title='bbox 340 1855 398 1911; x_wconf 82' lang='lat' dir='ltr'><strong>te,</strong></span> <span class='ocrx_word' id='word_1_45' title='bbox 425 1844 652 1914; x_wconf 90' lang='lat' dir='ltr'><strong>Domine,</strong></span> <span class='ocrx_word' id='word_1_46' title='bbox 679 1847 876 1917; x_wconf 71' lang='lat' dir='ltr'><strong>speravi</strong></span> <span class='ocrx_word' id='word_1_47' title='bbox 890 1885 904 1909; x_wconf 93' lang='lat'><strong>,</strong></span> <span class='ocrx_word' id='word_1_48' title='bbox 936 1862 1037 1901; x_wconf 91' lang='lat' dir='ltr'><strong>non</strong></span> <span class='ocrx_word' id='word_1_49' title='bbox 1064 1845 1352 1918; x_wconf 75' lang='lat' dir='ltr'><strong>confundar</strong></span> <span class='ocrx_word' id='word_1_50' title='bbox 1375 1846 1428 1900; x_wconf 88' lang='lat' dir='ltr'><strong>in</strong></span> <span class='ocrx_word' id='word_1_51' title='bbox 1449 1854 1710 1900; x_wconf 69' lang='lat' dir='ltr'><strong>aternum.</strong></span> 
     </span>
    </p>
   </div>
   <div class='ocr_carea' id='block_1_8' title="bbox 321 1934 1818 2009">
    <p class='ocr_par' dir='ltr' id='par_1_8' title="bbox 321 1934 1818 2009">
     <span class='ocr_line' id='line_1_8' title="bbox 321 1934 1818 2009; baseline -0.001 -16"><span class='ocrx_word' id='word_1_52' title='bbox 321 1936 370 1993; x_wconf 77' lang='grc'><strong>6.</strong></span> <span class='ocrx_word' id='word_1_53' title='bbox 395 1934 459 1990; x_wconf 83' lang='lat' dir='ltr'><strong>Et</strong></span> <span class='ocrx_word' id='word_1_54' title='bbox 490 1937 543 1992; x_wconf 88' lang='lat' dir='ltr'><strong>in</strong></span> <span class='ocrx_word' id='word_1_55' title='bbox 571 1947 658 1992; x_wconf 90' lang='lat' dir='ltr'><strong>tua</strong></span> <span class='ocrx_word' id='word_1_56' title='bbox 685 1937 888 2009; x_wconf 80' lang='lat' dir='ltr'><strong>justitia</strong></span> <span class='ocrx_word' id='word_1_57' title='bbox 909 1950 1028 1993; x_wconf 77' lang='lat' dir='ltr'><strong>erue</strong></span> <span class='ocrx_word' id='word_1_58' title='bbox 1055 1954 1135 1991; x_wconf 88' lang='lat' dir='ltr'><strong>me</strong></span> <span class='ocrx_word' id='word_1_59' title='bbox 1151 1979 1167 2004; x_wconf 94' lang='lat'><strong>,</strong></span> <span class='ocrx_word' id='word_1_60' title='bbox 1212 1945 1259 1992; x_wconf 87' lang='lat' dir='ltr'><strong>et</strong></span> <span class='ocrx_word' id='word_1_61' title='bbox 1297 1936 1458 1992; x_wconf 72' lang='lat' dir='ltr'><strong>exime</strong></span> <span class='ocrx_word' id='word_1_62' title='bbox 1482 1952 1562 1991; x_wconf 87' lang='lat' dir='ltr'><strong>me</strong></span> <span class='ocrx_word' id='word_1_63' title='bbox 1581 1950 1601 1991; x_wconf 90' lang='lat'><strong><em>:</em></strong></span> <span class='ocrx_word' id='word_1_64' title='bbox 1626 1951 1746 1991; x_wconf 90' lang='lat' dir='ltr'><strong>nam</strong></span> <span class='ocrx_word' id='word_1_65' title='bbox 1771 1935 1818 1992; x_wconf 97' lang='lat' dir='ltr'><strong>si</strong></span> 
     </span>
    </p>
   </div>
   <div class='ocr_carea' id='block_1_9' title="bbox 261 2025 1818 2101">
    <p class='ocr_par' dir='ltr' id='par_1_9' title="bbox 261 2025 1818 2101">
     <span class='ocr_line' id='line_1_9' title="bbox 261 2025 1818 2101; baseline 0 -17"><span class='ocrx_word' id='word_1_66' title='bbox 261 2029 482 2086; x_wconf 82' lang='lat' dir='ltr'><strong>attendas</strong></span> <span class='ocrx_word' id='word_1_67' title='bbox 517 2029 584 2086; x_wconf 89' lang='lat' dir='ltr'><strong>ad</strong></span> <span class='ocrx_word' id='word_1_68' title='bbox 617 2030 877 2101; x_wconf 76' lang='lat' dir='ltr'><strong>justitiam</strong></span> <span class='ocrx_word' id='word_1_69' title='bbox 904 2045 1112 2096; x_wconf 84' lang='lat' dir='ltr'><strong>meam,</strong></span> <span class='ocrx_word' id='word_1_70' title='bbox 1157 2029 1380 2085; x_wconf 86' lang='lat' dir='ltr'><strong>damnas</strong></span> <span class='ocrx_word' id='word_1_71' title='bbox 1399 2043 1504 2084; x_wconf 90' lang='lat' dir='ltr'><strong>me.</strong></span> <span class='ocrx_word' id='word_1_72' title='bbox 1531 2025 1599 2083; x_wconf 82' lang='lat' dir='ltr'><strong>In</strong></span> <span class='ocrx_word' id='word_1_73' title='bbox 1624 2029 1818 2101; x_wconf 82' lang='lat' dir='ltr'><strong>tuaju-</strong></span> 
     </span>
    </p>
   </div>
   <div class='ocr_carea' id='block_1_10' title="bbox 259 2121 1816 2192">
    <p class='ocr_par' dir='ltr' id='par_1_10' title="bbox 259 2121 1816 2192">
     <span class='ocr_line' id='line_1_10' title="bbox 259 2121 1816 2192; baseline -0.002 -13"><span class='ocrx_word' id='word_1_74' title='bbox 259 2124 380 2179; x_wconf 86' lang='lat' dir='ltr'><strong>stitia</strong></span> <span class='ocrx_word' id='word_1_75' title='bbox 409 2140 520 2180; x_wconf 84' lang='lat' dir='ltr'><strong>erue</strong></span> <span class='ocrx_word' id='word_1_76' title='bbox 555 2141 653 2180; x_wconf 89' lang='lat' dir='ltr'><strong>me.</strong></span> <span class='ocrx_word' id='word_1_77' title='bbox 712 2124 808 2180; x_wconf 86' lang='lat' dir='ltr'><strong>Est</strong></span> <span class='ocrx_word' id='word_1_78' title='bbox 837 2123 978 2179; x_wconf 89' lang='lat' dir='ltr'><strong>enim</strong></span> <span class='ocrx_word' id='word_1_79' title='bbox 1004 2121 1209 2192; x_wconf 90' lang='lat' dir='ltr'><strong>justitia</strong></span> <span class='ocrx_word' id='word_1_80' title='bbox 1236 2121 1366 2187; x_wconf 92' lang='lat' dir='ltr'><strong>Dei,</strong></span> <span class='ocrx_word' id='word_1_81' title='bbox 1411 2137 1530 2192; x_wconf 69' lang='lat' dir='ltr'><strong>quae</strong></span> <span class='ocrx_word' id='word_1_82' title='bbox 1554 2130 1609 2177; x_wconf 94' lang='lat' dir='ltr'><strong>et</strong></span> <span class='ocrx_word' id='word_1_83' title='bbox 1635 2129 1816 2176; x_wconf 90' lang='lat' dir='ltr'><strong>nostra</strong></span> 
     </span>
    </p>
   </div>
   <div class='ocr_carea' id='block_1_11' title="bbox 262 2210 1816 2283">
    <p class='ocr_par' dir='ltr' id='par_1_11' title="bbox 262 2210 1816 2283">
     <span class='ocr_line' id='line_1_11' title="bbox 262 2210 1816 2283; baseline -0.001 -15"><span class='ocrx_word' id='word_1_84' title='bbox 262 2214 336 2281; x_wconf 89' lang='lat' dir='ltr'><strong>lit,</strong></span> <span class='ocrx_word' id='word_1_85' title='bbox 363 2231 472 2271; x_wconf 91' lang='lat' dir='ltr'><strong>cum</strong></span> <span class='ocrx_word' id='word_1_86' title='bbox 501 2214 724 2271; x_wconf 86' lang='lat' dir='ltr'><strong>donatur</strong></span> <span class='ocrx_word' id='word_1_87' title='bbox 751 2214 925 2270; x_wconf 90' lang='lat' dir='ltr'><strong>nobis.</strong></span> <span class='ocrx_word' id='word_1_88' title='bbox 971 2213 1096 2270; x_wconf 88' lang='lat' dir='ltr'><strong>ideo</strong></span> <span class='ocrx_word' id='word_1_89' title='bbox 1123 2222 1300 2269; x_wconf 90' lang='lat' dir='ltr'><strong>autem</strong></span> <span class='ocrx_word' id='word_1_90' title='bbox 1331 2213 1423 2269; x_wconf 86' lang='lat' dir='ltr'><strong>Dei</strong></span> <span class='ocrx_word' id='word_1_91' title='bbox 1457 2212 1661 2283; x_wconf 90' lang='lat' dir='ltr'><strong>justitia</strong></span> <span class='ocrx_word' id='word_1_92' title='bbox 1685 2210 1816 2267; x_wconf 87' lang='lat' dir='ltr'><strong>dici-</strong></span> 
     </span>
    </p>
   </div>
   <div class='ocr_carea' id='block_1_12' title="bbox 263 2301 1817 2377">
    <p class='ocr_par' dir='ltr' id='par_1_12' title="bbox 263 2301 1817 2377">
     <span class='ocr_line' id='line_1_12' title="bbox 263 2301 1817 2377; baseline -0.001 -17"><span class='ocrx_word' id='word_1_93' title='bbox 263 2313 365 2372; x_wconf 88' lang='lat' dir='ltr'><strong>tur,</strong></span> <span class='ocrx_word' id='word_1_94' title='bbox 394 2321 454 2361; x_wconf 93' lang='lat' dir='ltr'><strong>ne</strong></span> <span class='ocrx_word' id='word_1_95' title='bbox 474 2305 632 2362; x_wconf 91' lang='lat' dir='ltr'><strong>homo</strong></span> <span class='ocrx_word' id='word_1_96' title='bbox 667 2321 726 2362; x_wconf 90' lang='lat' dir='ltr'><strong>se</strong></span> <span class='ocrx_word' id='word_1_97' title='bbox 752 2315 907 2377; x_wconf 91' lang='lat' dir='ltr'><strong>putet</strong></span> <span class='ocrx_word' id='word_1_98' title='bbox 932 2321 962 2359; x_wconf 91' lang='lat' dir='ltr'><strong>a</strong></span> <span class='ocrx_word' id='word_1_99' title='bbox 991 2307 1168 2375; x_wconf 87' lang='lat' dir='ltr'><strong>seipse</strong></span> <span class='ocrx_word' id='word_1_100' title='bbox 1199 2303 1397 2359; x_wconf 91' lang='lat' dir='ltr'><strong>habere</strong></span> <span class='ocrx_word' id='word_1_101' title='bbox 1416 2303 1697 2374; x_wconf 86' lang='lat' dir='ltr'><strong>justitiam.</strong></span> <span class='ocrx_word' id='word_1_102' title='bbox 1727 2301 1817 2358; x_wconf 90' lang='lat' dir='ltr'><strong>Sic</strong></span> 
     </span>
    </p>
   </div>
   <div class='ocr_carea' id='block_1_13' title="bbox 262 2391 1817 2467">
    <p class='ocr_par' dir='ltr' id='par_1_13' title="bbox 262 2391 1817 2467">
     <span class='ocr_line' id='line_1_13' title="bbox 262 2391 1817 2467; baseline -0.003 -16"><span class='ocrx_word' id='word_1_103' title='bbox 262 2396 382 2451; x_wconf 87' lang='lat' dir='ltr'><strong>enim</strong></span> <span class='ocrx_word' id='word_1_104' title='bbox 427 2396 551 2452; x_wconf 90' lang='lat' dir='ltr'><strong>dicit</strong></span> <span class='ocrx_word' id='word_1_105' title='bbox 596 2397 868 2467; x_wconf 88' lang='lat' dir='ltr'><strong>apostolus</strong></span> <span class='ocrx_word' id='word_1_106' title='bbox 918 2396 1159 2451; x_wconf 85' lang='lat' dir='ltr'><strong>Paulus:</strong></span> <span class='ocrx_word' id='word_1_107' title='bbox 1200 2395 1436 2450; x_wconf 78' lang='lat' dir='ltr'><strong>Credeati</strong></span> <span class='ocrx_word' id='word_1_108' title='bbox 1476 2393 1532 2447; x_wconf 84' lang='lat' dir='ltr'><strong>in</strong></span> <span class='ocrx_word' id='word_1_109' title='bbox 1570 2409 1682 2448; x_wconf 90' lang='lat' dir='ltr'><strong>eum</strong></span> <span class='ocrx_word' id='word_1_110' title='bbox 1727 2391 1817 2463; x_wconf 97' lang='lat' dir='ltr'><strong>qui</strong></span> 
     </span>
    </p>
   </div>
   <div class='ocr_carea' id='block_1_14' title="bbox 253 2487 1815 2561">
    <p class='ocr_par' dir='ltr' id='par_1_14' title="bbox 253 2487 1815 2561">
     <span class='ocr_line' id='line_1_14' title="bbox 253 2487 1815 2561; baseline 0 -18"><span class='ocrx_word' id='word_1_111' title='bbox 253 2487 474 2560; x_wconf 75' lang='lat' dir='ltr'><strong>justi/icat</strong></span> <span class='ocrx_word' id='word_1_112' title='bbox 518 2490 725 2560; x_wconf 87' lang='lat' dir='ltr'><strong>impium</strong></span> <span class='ocrx_word' id='word_1_113' title='bbox 758 2488 922 2561; x_wconf 87' lang='lat' dir='ltr'><strong>(quid</strong></span> <span class='ocrx_word' id='word_1_114' title='bbox 967 2498 1082 2556; x_wconf 81' lang='lat' dir='ltr'><strong>est,</strong></span> <span class='ocrx_word' id='word_1_115' title='bbox 1127 2488 1218 2561; x_wconf 87' lang='lat' dir='ltr'><strong>qui</strong></span> <span class='ocrx_word' id='word_1_116' title='bbox 1255 2487 1508 2558; x_wconf 81' lang='lat' dir='ltr'><strong>justiﬂcat</strong></span> <span class='ocrx_word' id='word_1_117' title='bbox 1550 2487 1815 2558; x_wconf 75' lang='lat' dir='ltr'><strong>impium?</strong></span> 
     </span>
    </p>
   </div>
   <div class='ocr_carea' id='block_1_15' title="bbox 261 2577 1813 2650">
    <p class='ocr_par' dir='ltr' id='par_1_15' title="bbox 261 2577 1813 2650">
     <span class='ocr_line' id='line_1_15' title="bbox 261 2577 1813 2650; baseline 0 -18"><span class='ocrx_word' id='word_1_118' title='bbox 261 2580 335 2648; x_wconf 92' lang='lat' dir='ltr'><strong>qui</strong></span> <span class='ocrx_word' id='word_1_119' title='bbox 355 2596 410 2634; x_wconf 89' lang='lat' dir='ltr'><strong>ex</strong></span> <span class='ocrx_word' id='word_1_120' title='bbox 439 2580 598 2650; x_wconf 89' lang='lat' dir='ltr'><strong>impio</strong></span> <span class='ocrx_word' id='word_1_121' title='bbox 622 2579 748 2634; x_wconf 83' lang='lat' dir='ltr'><strong>facit</strong></span> <span class='ocrx_word' id='word_1_122' title='bbox 778 2579 1016 2650; x_wconf 86' lang='lat' dir='ltr'><strong>justum)</strong></span> <span class='ocrx_word' id='word_1_123' title='bbox 1045 2579 1318 2650; x_wconf 86' lang='lat' dir='ltr'><strong>deputatur</strong></span> <span class='ocrx_word' id='word_1_124' title='bbox 1337 2578 1463 2648; x_wconf 81' lang='lat' dir='ltr'><strong>ﬁdes</strong></span> <span class='ocrx_word' id='word_1_125' title='bbox 1494 2578 1604 2649; x_wconf 80' lang='lat' dir='ltr'><strong>eius</strong></span> <span class='ocrx_word' id='word_1_126' title='bbox 1633 2577 1700 2631; x_wconf 85' lang='lat' dir='ltr'><strong>ad</strong></span> <span class='ocrx_word' id='word_1_127' title='bbox 1718 2579 1813 2650; x_wconf 81' lang='lat' dir='ltr'><strong>ju-</strong></span> 
     </span>
    </p>
   </div>
   <div class='ocr_carea' id='block_1_16' title="bbox 259 2667 1813 2743">
    <p class='ocr_par' dir='ltr' id='par_1_16' title="bbox 259 2667 1813 2743">
     <span class='ocr_line' id='line_1_16' title="bbox 259 2667 1813 2743; baseline 0.001 -20"><span class='ocrx_word' id='word_1_128' title='bbox 259 2671 423 2724; x_wconf 79' lang='lat' dir='ltr'><strong>stitiam</strong></span> <span class='ocrx_word' id='word_1_129' title='bbox 445 2671 612 2743; x_wconf 77' lang='lat' dir='ltr'><strong>(Rom.</strong></span> <span class='ocrx_word' id='word_1_130' title='bbox 640 2685 690 2725; x_wconf 85' lang='lat' dir='ltr'><strong>IV</strong></span> <span class='ocrx_word' id='word_1_131' title='bbox 715 2712 730 2736; x_wconf 91' lang='lat'><strong>,</strong></span> <span class='ocrx_word' id='word_1_132' title='bbox 761 2671 841 2740; x_wconf 85' lang='lat'><strong>5).</strong></span> <span class='ocrx_word' id='word_1_133' title='bbox 885 2669 1053 2725; x_wconf 79' lang='lat' dir='ltr'><strong>Judaei</strong></span> <span class='ocrx_word' id='word_1_134' title='bbox 1077 2685 1208 2726; x_wconf 89' lang='lat' dir='ltr'><strong>vero</strong></span> <span class='ocrx_word' id='word_1_135' title='bbox 1233 2670 1356 2740; x_wconf 87' lang='lat' dir='ltr'><strong>quia</strong></span> <span class='ocrx_word' id='word_1_136' title='bbox 1387 2669 1498 2724; x_wconf 85' lang='lat' dir='ltr'><strong>suis</strong></span> <span class='ocrx_word' id='word_1_137' title='bbox 1523 2667 1728 2724; x_wconf 91' lang='lat' dir='ltr'><strong>viribus</strong></span> <span class='ocrx_word' id='word_1_138' title='bbox 1753 2682 1813 2724; x_wconf 91' lang='lat' dir='ltr'><strong>se</strong></span> 
     </span>
    </p>
   </div>
   <div class='ocr_carea' id='block_1_17' title="bbox 263 2761 1812 2837">
    <p class='ocr_par' dir='ltr' id='par_1_17' title="bbox 263 2761 1812 2837">
     <span class='ocr_line' id='line_1_17' title="bbox 263 2761 1812 2837; baseline -0.003 -17"><span class='ocrx_word' id='word_1_139' title='bbox 263 2765 489 2835; x_wconf 77' lang='lat' dir='ltr'><strong>putabant</strong></span> <span class='ocrx_word' id='word_1_140' title='bbox 513 2765 734 2837; x_wconf 88' lang='lat' dir='ltr'><strong>implere</strong></span> <span class='ocrx_word' id='word_1_141' title='bbox 763 2779 920 2836; x_wconf 89' lang='lat' dir='ltr'><strong>posse</strong></span> <span class='ocrx_word' id='word_1_142' title='bbox 953 2764 1210 2834; x_wconf 89' lang='lat' dir='ltr'><strong>justitiam</strong></span> <span class='ocrx_word' id='word_1_143' title='bbox 1232 2806 1247 2830; x_wconf 93' lang='lat'><strong>,</strong></span> <span class='ocrx_word' id='word_1_144' title='bbox 1293 2761 1629 2819; x_wconf 68' lang='lat' dir='ltr'><strong>offenderunt</strong></span> <span class='ocrx_word' id='word_1_145' title='bbox 1655 2761 1708 2816; x_wconf 93' lang='lat' dir='ltr'><strong>in</strong></span> <span class='ocrx_word' id='word_1_146' title='bbox 1736 2761 1812 2816; x_wconf 88' lang='lat' dir='ltr'><strong>la-</strong></span> 
     </span>
    </p>
   </div>
   <div class='ocr_carea' id='block_1_18' title="bbox 258 2853 1806 2930">
    <p class='ocr_par' dir='ltr' id='par_1_18' title="bbox 258 2853 1806 2930">
     <span class='ocr_line' id='line_1_18' title="bbox 258 2853 1806 2930; baseline -0.001 -20"><span class='ocrx_word' id='word_1_147' title='bbox 258 2859 407 2927; x_wconf 89' lang='lat' dir='ltr'><strong>pidem</strong></span> <span class='ocrx_word' id='word_1_148' title='bbox 431 2858 736 2914; x_wconf 90' lang='lat' dir='ltr'><strong>offensionis</strong></span> <span class='ocrx_word' id='word_1_149' title='bbox 762 2858 779 2929; x_wconf 97' lang='lat'><strong>(</strong></span> <span class='ocrx_word' id='word_1_150' title='bbox 809 2858 958 2911; x_wconf 74' lang='lat' dir='ltr'><strong>liom.</strong></span> <span class='ocrx_word' id='word_1_151' title='bbox 992 2873 1065 2923; x_wconf 82' lang='lat' dir='ltr'><strong>ix,</strong></span> <span class='ocrx_word' id='word_1_152' title='bbox 1099 2855 1209 2930; x_wconf 69' lang='lat'><strong>32)</strong></span> <span class='ocrx_word' id='word_1_153' title='bbox 1238 2862 1294 2910; x_wconf 92' lang='lat' dir='ltr'><strong>et</strong></span> <span class='ocrx_word' id='word_1_154' title='bbox 1313 2864 1519 2926; x_wconf 87' lang='lat' dir='ltr'><strong>petram</strong></span> <span class='ocrx_word' id='word_1_155' title='bbox 1549 2853 1806 2920; x_wconf 87' lang='lat' dir='ltr'><strong>scandali,</strong></span> 
     </span>
    </p>
   </div>
   <div class='ocr_carea' id='block_1_19' title="bbox 256 2945 1808 3021">
    <p class='ocr_par' dir='ltr' id='par_1_19' title="bbox 256 2945 1808 3021">
     <span class='ocr_line' id='line_1_19' title="bbox 256 2945 1808 3021; baseline -0.003 -17"><span class='ocrx_word' id='word_1_156' title='bbox 256 2960 302 3005; x_wconf 85' lang='lat' dir='ltr'><strong>et</strong></span> <span class='ocrx_word' id='word_1_157' title='bbox 323 2952 525 3021; x_wconf 90' lang='lat' dir='ltr'><strong>gratiam</strong></span> <span class='ocrx_word' id='word_1_158' title='bbox 553 2949 748 3006; x_wconf 87' lang='lat' dir='ltr'><strong>Christi</strong></span> <span class='ocrx_word' id='word_1_159' title='bbox 777 2965 880 3006; x_wconf 90' lang='lat' dir='ltr'><strong>non</strong></span> <span class='ocrx_word' id='word_1_160' title='bbox 921 2955 1274 3019; x_wconf 81' lang='lat' dir='ltr'><strong>agnoverunt.</strong></span> <span class='ocrx_word' id='word_1_161' title='bbox 1302 2949 1642 3019; x_wconf 85' lang='lat' dir='ltr'><strong>Acceperunt</strong></span> <span class='ocrx_word' id='word_1_162' title='bbox 1665 2945 1808 3001; x_wconf 88' lang='lat' dir='ltr'><strong>enim</strong></span> 
     </span>
    </p>
   </div>
   <div class='ocr_carea' id='block_1_20' title="bbox 257 3037 1806 3112">
    <p class='ocr_par' dir='ltr' id='par_1_20' title="bbox 257 3037 1806 3112">
     <span class='ocr_line' id='line_1_20' title="bbox 257 3037 1806 3112; baseline -0.004 -17"><span class='ocrx_word' id='word_1_163' title='bbox 257 3037 423 3112; x_wconf 81' lang='lat' dir='ltr'><strong>Legem</strong></span> <span class='ocrx_word' id='word_1_164' title='bbox 448 3057 544 3112; x_wconf 88' lang='lat' dir='ltr'><strong>qua</strong></span> <span class='ocrx_word' id='word_1_165' title='bbox 575 3041 764 3096; x_wconf 84' lang='lat' dir='ltr'><strong>fierent</strong></span> <span class='ocrx_word' id='word_1_166' title='bbox 789 3040 886 3106; x_wconf 88' lang='lat' dir='ltr'><strong>rei,</strong></span> <span class='ocrx_word' id='word_1_167' title='bbox 916 3055 1020 3094; x_wconf 89' lang='lat' dir='ltr'><strong>non</strong></span> <span class='ocrx_word' id='word_1_168' title='bbox 1047 3054 1148 3110; x_wconf 90' lang='lat' dir='ltr'><strong>qua</strong></span> <span class='ocrx_word' id='word_1_169' title='bbox 1191 3037 1548 3094; x_wconf 86' lang='lat' dir='ltr'><strong>liberarentur</strong></span> <span class='ocrx_word' id='word_1_170' title='bbox 1574 3052 1606 3092; x_wconf 91' lang='lat' dir='ltr'><strong>a</strong></span> <span class='ocrx_word' id='word_1_171' title='bbox 1633 3045 1806 3092; x_wconf 89' lang='lat' dir='ltr'><strong>reatu.</strong></span> 
     </span>
    </p>
   </div>
   <div class='ocr_carea' id='block_1_21' title="bbox 258 3128 1806 3203">
    <p class='ocr_par' dir='ltr' id='par_1_21' title="bbox 258 3128 1806 3203">
     <span class='ocr_line' id='line_1_21' title="bbox 258 3128 1806 3203; baseline -0.003 -17"><span class='ocrx_word' id='word_1_172' title='bbox 258 3130 465 3203; x_wconf 88' lang='lat' dir='ltr'><strong>Denique</strong></span> <span class='ocrx_word' id='word_1_173' title='bbox 488 3132 609 3203; x_wconf 86' lang='lat' dir='ltr'><strong>quid</strong></span> <span class='ocrx_word' id='word_1_174' title='bbox 646 3132 716 3188; x_wconf 91' lang='lat' dir='ltr'><strong>de</strong></span> <span class='ocrx_word' id='word_1_175' title='bbox 759 3132 863 3187; x_wconf 89' lang='lat' dir='ltr'><strong>illis</strong></span> <span class='ocrx_word' id='word_1_176' title='bbox 912 3131 1198 3201; x_wconf 87' lang='lat' dir='ltr'><strong>Apostolus</strong></span> <span class='ocrx_word' id='word_1_177' title='bbox 1242 3129 1413 3186; x_wconf 79' lang='lat' dir='ltr'><strong>dicit?</strong></span> <span class='ocrx_word' id='word_1_178' title='bbox 1441 3128 1806 3184; x_wconf 76' lang='lat' dir='ltr'><strong>Testimonium</strong></span> 
     </span>
    </p>
   </div>
   <div class='ocr_carea' id='block_1_22' title="bbox 258 3220 1803 3296">
    <p class='ocr_par' dir='ltr' id='par_1_22' title="bbox 258 3220 1803 3296">
     <span class='ocr_line' id='line_1_22' title="bbox 258 3220 1803 3296; baseline 0.001 -19"><span class='ocrx_word' id='word_1_179' title='bbox 258 3224 364 3277; x_wconf 83' lang='lat' dir='ltr'><strong>enim</strong></span> <span class='ocrx_word' id='word_1_180' title='bbox 390 3226 616 3294; x_wconf 87' lang='lat' dir='ltr'><strong>perhibeo</strong></span> <span class='ocrx_word' id='word_1_181' title='bbox 641 3225 746 3280; x_wconf 85' lang='lat' dir='ltr'><strong>illis</strong></span> <span class='ocrx_word' id='word_1_182' title='bbox 774 3224 908 3296; x_wconf 84' lang='lat' dir='ltr'><strong>quod</strong></span> <span class='ocrx_word' id='word_1_183' title='bbox 933 3223 1098 3277; x_wconf 76' lang='lat' dir='ltr'><strong>selum</strong></span> <span class='ocrx_word' id='word_1_184' title='bbox 1128 3222 1222 3278; x_wconf 88' lang='lat' dir='ltr'><strong>Dei</strong></span> <span class='ocrx_word' id='word_1_185' title='bbox 1238 3220 1420 3277; x_wconf 78' lang='lat' dir='ltr'><strong>habent</strong></span> <span class='ocrx_word' id='word_1_186' title='bbox 1439 3265 1455 3289; x_wconf 97' lang='lat'><strong>,</strong></span> <span class='ocrx_word' id='word_1_187' title='bbox 1479 3224 1573 3278; x_wconf 82' lang='lat' dir='ltr'><strong>sed</strong></span> <span class='ocrx_word' id='word_1_188' title='bbox 1597 3241 1696 3278; x_wconf 88' lang='lat' dir='ltr'><strong>non</strong></span> <span class='ocrx_word' id='word_1_189' title='bbox 1721 3240 1803 3279; x_wconf 84' lang='lat' dir='ltr'><strong>sc-</strong></span> 
     </span>
    </p>
   </div>
   <div class='ocr_carea' id='block_1_23' title="bbox 255 3313 1806 3387">
    <p class='ocr_par' dir='ltr' id='par_1_23' title="bbox 255 3313 1806 3387">
     <span class='ocr_line' id='line_1_23' title="bbox 255 3313 1806 3387; baseline 0.001 -18"><span class='ocrx_word' id='word_1_190' title='bbox 255 3317 444 3371; x_wconf 76' lang='lat' dir='ltr'><strong>ctmdum</strong></span> <span class='ocrx_word' id='word_1_191' title='bbox 463 3318 737 3372; x_wconf 77' lang='lat' dir='ltr'><strong>scientiam.</strong></span> <span class='ocrx_word' id='word_1_192' title='bbox 764 3315 902 3385; x_wconf 87' lang='lat' dir='ltr'><strong>Quid</strong></span> <span class='ocrx_word' id='word_1_193' title='bbox 930 3325 1013 3370; x_wconf 89' lang='lat' dir='ltr'><strong>est</strong></span> <span class='ocrx_word' id='word_1_194' title='bbox 1030 3314 1175 3387; x_wconf 89' lang='lat' dir='ltr'><strong>quod</strong></span> <span class='ocrx_word' id='word_1_195' title='bbox 1212 3314 1364 3382; x_wconf 91' lang='lat' dir='ltr'><strong>dixit,</strong></span> <span class='ocrx_word' id='word_1_196' title='bbox 1387 3313 1569 3370; x_wconf 83' lang='lat' dir='ltr'><strong>Zetum</strong></span> <span class='ocrx_word' id='word_1_197' title='bbox 1593 3314 1690 3369; x_wconf 84' lang='lat' dir='ltr'><strong>Dei</strong></span> <span class='ocrx_word' id='word_1_198' title='bbox 1714 3315 1806 3370; x_wconf 88' lang='lat' dir='ltr'><strong>ha-</strong></span> 
     </span>
    </p>
   </div>
   <div class='ocr_carea' id='block_1_24' title="bbox 254 3405 1804 3479">
    <p class='ocr_par' dir='ltr' id='par_1_24' title="bbox 254 3405 1804 3479">
     <span class='ocr_line' id='line_1_24' title="bbox 254 3405 1804 3479; baseline 0.004 -20"><span class='ocrx_word' id='word_1_199' title='bbox 254 3405 345 3462; x_wconf 76' lang='lat' dir='ltr'><strong>bent</strong></span> <span class='ocrx_word' id='word_1_200' title='bbox 367 3407 546 3476; x_wconf 65' lang='lat' dir='ltr'><strong>Judaei,</strong></span> <span class='ocrx_word' id='word_1_201' title='bbox 578 3409 666 3464; x_wconf 81' lang='lat' dir='ltr'><strong>sed</strong></span> <span class='ocrx_word' id='word_1_202' title='bbox 717 3425 820 3463; x_wconf 88' lang='lat' dir='ltr'><strong>non</strong></span> <span class='ocrx_word' id='word_1_203' title='bbox 860 3407 1134 3462; x_wconf 87' lang='lat' dir='ltr'><strong>secundum</strong></span> <span class='ocrx_word' id='word_1_204' title='bbox 1182 3407 1484 3462; x_wconf 79' lang='lat' dir='ltr'><strong>scientiam?</strong></span> <span class='ocrx_word' id='word_1_205' title='bbox 1508 3407 1647 3464; x_wconf 83' lang='lat' dir='ltr'><strong>Audi</strong></span> <span class='ocrx_word' id='word_1_206' title='bbox 1677 3408 1804 3479; x_wconf 89' lang='lat' dir='ltr'><strong>quid</strong></span> 
     </span>
    </p>
   </div>
   <div class='ocr_carea' id='block_1_25' title="bbox 251 3498 1805 3573">
    <p class='ocr_par' dir='ltr' id='par_1_25' title="bbox 251 3498 1805 3573">
     <span class='ocr_line' id='line_1_25' title="bbox 251 3498 1805 3573; baseline 0.001 -19"><span class='ocrx_word' id='word_1_207' title='bbox 251 3499 322 3566; x_wconf 86' lang='lat' dir='ltr'><strong>sit,</strong></span> <span class='ocrx_word' id='word_1_208' title='bbox 365 3517 463 3558; x_wconf 92' lang='lat' dir='ltr'><strong>non</strong></span> <span class='ocrx_word' id='word_1_209' title='bbox 503 3501 793 3558; x_wconf 88' lang='lat' dir='ltr'><strong>secundum</strong></span> <span class='ocrx_word' id='word_1_210' title='bbox 838 3500 1112 3557; x_wconf 86' lang='lat' dir='ltr'><strong>scientiam</strong></span> <span class='ocrx_word' id='word_1_211' title='bbox 1145 3498 1490 3573; x_wconf 87' lang='lat' dir='ltr'><strong>:Ignorantes</strong></span> <span class='ocrx_word' id='word_1_212' title='bbox 1528 3501 1663 3555; x_wconf 88' lang='lat' dir='ltr'><strong>enim</strong></span> <span class='ocrx_word' id='word_1_213' title='bbox 1705 3500 1805 3556; x_wconf 88' lang='lat' dir='ltr'><strong>Dei</strong></span> 
     </span>
    </p>
   </div>
   <div class='ocr_carea' id='block_1_26' title="bbox 243 3590 1802 3663">
    <p class='ocr_par' dir='ltr' id='par_1_26' title="bbox 243 3590 1802 3663">
     <span class='ocr_line' id='line_1_26' title="bbox 243 3590 1802 3663; baseline 0.002 -18"><span class='ocrx_word' id='word_1_214' title='bbox 243 3590 460 3662; x_wconf 79' lang='lat' dir='ltr'><strong>justitiam</strong></span> <span class='ocrx_word' id='word_1_215' title='bbox 484 3605 529 3648; x_wconf 90' lang='lat' dir='ltr'><strong>et</strong></span> <span class='ocrx_word' id='word_1_216' title='bbox 554 3610 697 3648; x_wconf 88' lang='lat' dir='ltr'><strong>suam</strong></span> <span class='ocrx_word' id='word_1_217' title='bbox 723 3592 943 3648; x_wconf 82' lang='lat' dir='ltr'><strong>volentes</strong></span> <span class='ocrx_word' id='word_1_218' title='bbox 967 3592 1290 3656; x_wconf 87' lang='lat' dir='ltr'><strong>constituere,</strong></span> <span class='ocrx_word' id='word_1_219' title='bbox 1323 3593 1538 3663; x_wconf 74' lang='lat' dir='ltr'><strong>justitia:</strong></span> <span class='ocrx_word' id='word_1_220' title='bbox 1570 3591 1662 3646; x_wconf 90' lang='lat' dir='ltr'><strong>Dei</strong></span> <span class='ocrx_word' id='word_1_221' title='bbox 1699 3608 1802 3648; x_wconf 86' lang='lat' dir='ltr'><strong>non</strong></span> 
     </span>
    </p>
   </div>
   <div class='ocr_carea' id='block_1_27' title="bbox 239 3683 1799 3757">
    <p class='ocr_par' dir='ltr' id='par_1_27' title="bbox 239 3683 1799 3757">
     <span class='ocr_line' id='line_1_27' title="bbox 239 3683 1799 3757; baseline 0 -19"><span class='ocrx_word' id='word_1_222' title='bbox 239 3693 342 3738; x_wconf 82' lang='lat' dir='ltr'><strong>sunt</strong></span> <span class='ocrx_word' id='word_1_223' title='bbox 363 3686 561 3755; x_wconf 81' lang='lat' dir='ltr'><strong>subiecti</strong></span> <span class='ocrx_word' id='word_1_224' title='bbox 581 3684 693 3757; x_wconf 86' lang='lat' dir='ltr'><strong>(Id.</strong></span> <span class='ocrx_word' id='word_1_225' title='bbox 723 3703 777 3751; x_wconf 68' lang='grc' dir='ltr'><strong>χ,</strong></span> <span class='ocrx_word' id='word_1_226' title='bbox 799 3685 856 3756; x_wconf 74' lang='lat'><strong>2,</strong></span> <span class='ocrx_word' id='word_1_227' title='bbox 887 3686 966 3756; x_wconf 77' lang='lat'><strong>5).</strong></span> <span class='ocrx_word' id='word_1_228' title='bbox 994 3685 1051 3741; x_wconf 91' lang='lat' dir='ltr'><strong>Si</strong></span> <span class='ocrx_word' id='word_1_229' title='bbox 1075 3700 1202 3754; x_wconf 88' lang='lat' dir='ltr'><strong>ergo</strong></span> <span class='ocrx_word' id='word_1_230' title='bbox 1228 3683 1348 3740; x_wconf 89' lang='lat' dir='ltr'><strong>ideo</strong></span> <span class='ocrx_word' id='word_1_231' title='bbox 1369 3699 1474 3738; x_wconf 92' lang='lat' dir='ltr'><strong>non</strong></span> <span class='ocrx_word' id='word_1_232' title='bbox 1509 3683 1799 3739; x_wconf 90' lang='lat' dir='ltr'><strong>secundum</strong></span> 
     </span>
    </p>
   </div>
   <div class='ocr_carea' id='block_1_28' title="bbox 236 3775 1798 3848">
    <p class='ocr_par' dir='ltr' id='par_1_28' title="bbox 236 3775 1798 3848">
     <span class='ocr_line' id='line_1_28' title="bbox 236 3775 1798 3848; baseline -0.001 -16"><span class='ocrx_word' id='word_1_233' title='bbox 236 3776 488 3835; x_wconf 82' lang='lat' dir='ltr'><strong>scientiam</strong></span> <span class='ocrx_word' id='word_1_234' title='bbox 514 3779 687 3835; x_wconf 86' lang='lat' dir='ltr'><strong>zelum</strong></span> <span class='ocrx_word' id='word_1_235' title='bbox 721 3778 814 3833; x_wconf 88' lang='lat' dir='ltr'><strong>Dei</strong></span> <span class='ocrx_word' id='word_1_236' title='bbox 858 3777 1071 3843; x_wconf 81' lang='lat' dir='ltr'><strong>habent,</strong></span> <span class='ocrx_word' id='word_1_237' title='bbox 1102 3777 1221 3847; x_wconf 86' lang='lat' dir='ltr'><strong>quia</strong></span> <span class='ocrx_word' id='word_1_238' title='bbox 1244 3777 1488 3848; x_wconf 89' lang='lat' dir='ltr'><strong>ignorant</strong></span> <span class='ocrx_word' id='word_1_239' title='bbox 1526 3775 1616 3832; x_wconf 91' lang='lat' dir='ltr'><strong>Dei</strong></span> <span class='ocrx_word' id='word_1_240' title='bbox 1637 3775 1798 3845; x_wconf 88' lang='lat' dir='ltr'><strong>justi-</strong></span> 
     </span>
    </p>
   </div>
   <div class='ocr_carea' id='block_1_29' title="bbox 229 3866 1798 3938">
    <p class='ocr_par' dir='ltr' id='par_1_29' title="bbox 229 3866 1798 3938">
     <span class='ocr_line' id='line_1_29' title="bbox 229 3866 1798 3938; baseline -0.003 -11"><span class='ocrx_word' id='word_1_241' title='bbox 229 3869 350 3927; x_wconf 85' lang='lat' dir='ltr'><strong>tiam</strong></span> <span class='ocrx_word' id='word_1_242' title='bbox 370 3881 421 3927; x_wconf 93' lang='lat' dir='ltr'><strong>ct</strong></span> <span class='ocrx_word' id='word_1_243' title='bbox 442 3872 625 3927; x_wconf 90' lang='lat' dir='ltr'><strong>volunt</strong></span> <span class='ocrx_word' id='word_1_244' title='bbox 647 3885 798 3927; x_wconf 89' lang='lat' dir='ltr'><strong>suam</strong></span> <span class='ocrx_word' id='word_1_245' title='bbox 844 3870 1191 3935; x_wconf 88' lang='lat' dir='ltr'><strong>constituere,</strong></span> <span class='ocrx_word' id='word_1_246' title='bbox 1221 3869 1371 3938; x_wconf 90' lang='lat' dir='ltr'><strong>quasi</strong></span> <span class='ocrx_word' id='word_1_247' title='bbox 1401 3883 1466 3924; x_wconf 84' lang='lat' dir='ltr'><strong>ex</strong></span> <span class='ocrx_word' id='word_1_248' title='bbox 1498 3867 1687 3937; x_wconf 89' lang='lat' dir='ltr'><strong>seipsis</strong></span> <span class='ocrx_word' id='word_1_249' title='bbox 1707 3866 1798 3936; x_wconf 84' lang='lat' dir='ltr'><strong>ju-</strong></span> 
     </span>
    </p>
   </div>
   <div class='ocr_carea' id='block_1_30' title="bbox 222 3960 1796 4035">
    <p class='ocr_par' dir='ltr' id='par_1_30' title="bbox 222 3960 1796 4035">
     <span class='ocr_line' id='line_1_30' title="bbox 222 3960 1796 4035; baseline -0.001 -17"><span class='ocrx_word' id='word_1_250' title='bbox 222 3960 298 4018; x_wconf 84' lang='lat' dir='ltr'><strong>sti</strong></span> <span class='ocrx_word' id='word_1_251' title='bbox 322 3964 470 4031; x_wconf 89' lang='lat' dir='ltr'><strong>liant;</strong></span> <span class='ocrx_word' id='word_1_252' title='bbox 520 3964 641 4020; x_wconf 87' lang='lat' dir='ltr'><strong>ideo</strong></span> <span class='ocrx_word' id='word_1_253' title='bbox 678 3964 900 4035; x_wconf 75' lang='lat' dir='ltr'><strong>gratiam</strong></span> <span class='ocrx_word' id='word_1_254' title='bbox 947 3963 1042 4019; x_wconf 90' lang='lat' dir='ltr'><strong>Dei</strong></span> <span class='ocrx_word' id='word_1_255' title='bbox 1081 3979 1186 4018; x_wconf 92' lang='lat' dir='ltr'><strong>non</strong></span> <span class='ocrx_word' id='word_1_256' title='bbox 1239 3970 1622 4035; x_wconf 85' lang='lat' dir='ltr'><strong>cogn0verunt,</strong></span> <span class='ocrx_word' id='word_1_257' title='bbox 1673 3961 1796 4031; x_wconf 85' lang='lat' dir='ltr'><strong>quia</strong></span> 
     </span>
    </p>
   </div>
   <div class='ocr_carea' id='block_1_31' title="bbox 217 4053 1797 4129">
    <p class='ocr_par' dir='ltr' id='par_1_31' title="bbox 217 4053 1797 4129">
     <span class='ocr_line' id='line_1_31' title="bbox 217 4053 1797 4129; baseline -0.001 -19"><span class='ocrx_word' id='word_1_258' title='bbox 217 4055 378 4129; x_wconf 82' lang='lat' dir='ltr'><strong>gratis</strong></span> <span class='ocrx_word' id='word_1_259' title='bbox 398 4056 586 4112; x_wconf 88' lang='lat' dir='ltr'><strong>salvari</strong></span> <span class='ocrx_word' id='word_1_260' title='bbox 608 4055 910 4112; x_wconf 90' lang='lat' dir='ltr'><strong>noluerunt.</strong></span> <span class='ocrx_word' id='word_1_261' title='bbox 951 4055 1081 4124; x_wconf 83' lang='lat' dir='ltr'><strong>Quis</strong></span> <span class='ocrx_word' id='word_1_262' title='bbox 1106 4064 1188 4112; x_wconf 92' lang='lat' dir='ltr'><strong>est</strong></span> <span class='ocrx_word' id='word_1_263' title='bbox 1217 4053 1306 4126; x_wconf 93' lang='lat' dir='ltr'><strong>qui</strong></span> <span class='ocrx_word' id='word_1_264' title='bbox 1341 4054 1572 4109; x_wconf 88' lang='lat' dir='ltr'><strong>salvatur</strong></span> <span class='ocrx_word' id='word_1_265' title='bbox 1593 4053 1797 4125; x_wconf 79' lang='lat' dir='ltr'><strong>gratis?</strong></span> 
     </span>
    </p>
   </div>
   <div class='ocr_carea' id='block_1_32' title="bbox 213 4147 1795 4220">
    <p class='ocr_par' dir='ltr' id='par_1_32' title="bbox 213 4147 1795 4220">
     <span class='ocr_line' id='line_1_32' title="bbox 213 4147 1795 4220; baseline -0.001 -14"><span class='ocrx_word' id='word_1_266' title='bbox 213 4149 276 4206; x_wconf 83' lang='lat' dir='ltr'><strong>in</strong></span> <span class='ocrx_word' id='word_1_267' title='bbox 297 4163 401 4220; x_wconf 91' lang='lat' dir='ltr'><strong>quo</strong></span> <span class='ocrx_word' id='word_1_268' title='bbox 419 4162 522 4206; x_wconf 91' lang='lat' dir='ltr'><strong>non</strong></span> <span class='ocrx_word' id='word_1_269' title='bbox 563 4148 766 4204; x_wconf 82' lang='lat' dir='ltr'><strong>invenit</strong></span> <span class='ocrx_word' id='word_1_270' title='bbox 791 4147 1033 4205; x_wconf 86' lang='lat' dir='ltr'><strong>Salvator</strong></span> <span class='ocrx_word' id='word_1_271' title='bbox 1061 4147 1203 4220; x_wconf 90' lang='lat' dir='ltr'><strong>quod</strong></span> <span class='ocrx_word' id='word_1_272' title='bbox 1243 4156 1483 4213; x_wconf 89' lang='lat' dir='ltr'><strong>coronet,</strong></span> <span class='ocrx_word' id='word_1_273' title='bbox 1529 4148 1623 4204; x_wconf 89' lang='lat' dir='ltr'><strong>sed</strong></span> <span class='ocrx_word' id='word_1_274' title='bbox 1651 4147 1795 4220; x_wconf 91' lang='lat' dir='ltr'><strong>quod</strong></span> 
     </span>
    </p>
   </div>
   <div class='ocr_carea' id='block_1_33' title="bbox 209 4238 1796 4306">
    <p class='ocr_par' dir='ltr' id='par_1_33' title="bbox 209 4238 1796 4306">
     <span class='ocr_line' id='line_1_33' title="bbox 209 4238 1796 4306; baseline -0.003 -7"><span class='ocrx_word' id='word_1_275' title='bbox 209 4243 459 4306; x_wconf 85' lang='lat' dir='ltr'><strong>damnet;</strong></span> <span class='ocrx_word' id='word_1_276' title='bbox 514 4255 620 4296; x_wconf 92' lang='lat' dir='ltr'><strong>non</strong></span> <span class='ocrx_word' id='word_1_277' title='bbox 669 4239 872 4295; x_wconf 85' lang='lat' dir='ltr'><strong>invenit</strong></span> <span class='ocrx_word' id='word_1_278' title='bbox 911 4239 1098 4296; x_wconf 90' lang='lat' dir='ltr'><strong>merita</strong></span> <span class='ocrx_word' id='word_1_279' title='bbox 1147 4239 1430 4306; x_wconf 89' lang='lat' dir='ltr'><strong>bonorum,</strong></span> <span class='ocrx_word' id='word_1_280' title='bbox 1473 4238 1566 4295; x_wconf 87' lang='lat' dir='ltr'><strong>sed</strong></span> <span class='ocrx_word' id='word_1_281' title='bbox 1594 4239 1796 4295; x_wconf 78' lang='lat' dir='ltr'><strong>invenit</strong></span> 
     </span>
    </p>
   </div>
   <div class='ocr_carea' id='block_1_34' title="bbox 207 4331 1792 4404">
    <p class='ocr_par' dir='ltr' id='par_1_34' title="bbox 207 4331 1792 4404">
     <span class='ocr_line' id='line_1_34' title="bbox 207 4331 1792 4404; baseline -0.003 -12"><span class='ocrx_word' id='word_1_282' title='bbox 207 4335 397 4393; x_wconf 84' lang='lat' dir='ltr'><strong>merita</strong></span> <span class='ocrx_word' id='word_1_283' title='bbox 428 4332 835 4404; x_wconf 88' lang='lat' dir='ltr'><strong>suppliciorum.</strong></span> <span class='ocrx_word' id='word_1_284' title='bbox 880 4331 938 4389; x_wconf 90' lang='lat' dir='ltr'><strong>Si</strong></span> <span class='ocrx_word' id='word_1_285' title='bbox 965 4341 1086 4403; x_wconf 83' lang='lat' dir='ltr'><strong>agat</strong></span> <span class='ocrx_word' id='word_1_286' title='bbox 1134 4341 1384 4403; x_wconf 89' lang='lat' dir='ltr'><strong>tanquam</strong></span> <span class='ocrx_word' id='word_1_287' title='bbox 1422 4333 1683 4389; x_wconf 81' lang='lat' dir='ltr'><strong>veraciter</strong></span> <span class='ocrx_word' id='word_1_288' title='bbox 1724 4347 1792 4388; x_wconf 82' lang='lat' dir='ltr'><strong>ex</strong></span> 
     </span>
    </p>
   </div>
   <div class='ocr_carea' id='block_1_35' title="bbox 207 4425 1794 4500">
    <p class='ocr_par' dir='ltr' id='par_1_35' title="bbox 207 4425 1794 4500">
     <span class='ocr_line' id='line_1_35' title="bbox 207 4425 1794 4500; baseline 0 -18"><span class='ocrx_word' id='word_1_289' title='bbox 207 4428 388 4500; x_wconf 82' lang='lat' dir='ltr'><strong>regula</strong></span> <span class='ocrx_word' id='word_1_290' title='bbox 420 4425 577 4499; x_wconf 88' lang='lat' dir='ltr'><strong>Legis</strong></span> <span class='ocrx_word' id='word_1_291' title='bbox 598 4425 892 4498; x_wconf 90' lang='lat' dir='ltr'><strong>proposita,</strong></span> <span class='ocrx_word' id='word_1_292' title='bbox 917 4425 1251 4482; x_wconf 88' lang='lat' dir='ltr'><strong>damnandus</strong></span> <span class='ocrx_word' id='word_1_293' title='bbox 1270 4435 1357 4482; x_wconf 90' lang='lat' dir='ltr'><strong>est</strong></span> <span class='ocrx_word' id='word_1_294' title='bbox 1383 4434 1647 4496; x_wconf 88' lang='lat' dir='ltr'><strong>peccator.</strong></span> <span class='ocrx_word' id='word_1_295' title='bbox 1683 4425 1794 4482; x_wconf 87' lang='lat' dir='ltr'><strong>Hac</strong></span> 
     </span>
    </p>
   </div>
   <div class='ocr_carea' id='block_1_36' title="bbox 206 4516 1794 4592">
    <p class='ocr_par' dir='ltr' id='par_1_36' title="bbox 206 4516 1794 4592">
     <span class='ocr_line' id='line_1_36' title="bbox 206 4516 1794 4592; baseline 0 -20"><span class='ocrx_word' id='word_1_296' title='bbox 206 4519 388 4592; x_wconf 75' lang='lat' dir='ltr'><strong>regula</strong></span> <span class='ocrx_word' id='word_1_297' title='bbox 414 4518 457 4574; x_wconf 91' lang='lat' dir='ltr'><strong>si</strong></span> <span class='ocrx_word' id='word_1_298' title='bbox 485 4526 688 4590; x_wconf 77' lang='lat' dir='ltr'><strong>ageret,</strong></span> <span class='ocrx_word' id='word_1_299' title='bbox 715 4532 874 4589; x_wconf 89' lang='lat' dir='ltr'><strong>quem</strong></span> <span class='ocrx_word' id='word_1_300' title='bbox 916 4517 1206 4573; x_wconf 85' lang='lat' dir='ltr'><strong>liberaret?</strong></span> <span class='ocrx_word' id='word_1_301' title='bbox 1241 4516 1440 4573; x_wconf 88' lang='lat' dir='ltr'><strong>Omnes</strong></span> <span class='ocrx_word' id='word_1_302' title='bbox 1484 4525 1794 4588; x_wconf 82' lang='lat' dir='ltr'><strong>peccatores</strong></span> 
     </span>
    </p>
   </div>
   <div class='ocr_carea' id='block_1_37' title="bbox 209 4608 1792 4679">
    <p class='ocr_par' dir='ltr' id='par_1_37' title="bbox 209 4608 1792 4679">
     <span class='ocr_line' id='line_1_37' title="bbox 209 4608 1792 4679; baseline -0.001 -12"><span class='ocrx_word' id='word_1_303' title='bbox 209 4609 412 4667; x_wconf 87' lang='lat' dir='ltr'><strong>invenit</strong></span> <span class='ocrx_word' id='word_1_304' title='bbox 442 4624 458 4662; x_wconf 88' lang='lat'><strong>:</strong></span> <span class='ocrx_word' id='word_1_305' title='bbox 481 4608 631 4664; x_wconf 87' lang='lat' dir='ltr'><strong>solus</strong></span> <span class='ocrx_word' id='word_1_306' title='bbox 653 4608 770 4663; x_wconf 87' lang='lat' dir='ltr'><strong>sine</strong></span> <span class='ocrx_word' id='word_1_307' title='bbox 799 4616 1019 4678; x_wconf 89' lang='lat' dir='ltr'><strong>peccato</strong></span> <span class='ocrx_word' id='word_1_308' title='bbox 1044 4608 1208 4674; x_wconf 85' lang='lat' dir='ltr'><strong>venit,</strong></span> <span class='ocrx_word' id='word_1_309' title='bbox 1241 4609 1332 4678; x_wconf 90' lang='lat' dir='ltr'><strong>qui</strong></span> <span class='ocrx_word' id='word_1_310' title='bbox 1360 4623 1456 4664; x_wconf 90' lang='lat' dir='ltr'><strong>nos</strong></span> <span class='ocrx_word' id='word_1_311' title='bbox 1482 4618 1792 4679; x_wconf 88' lang='lat' dir='ltr'><strong>peccatores</strong></span> 
     </span>
    </p>
   </div>
   <div class='ocr_carea' id='block_1_38' title="bbox 208 4698 1788 4770">
    <p class='ocr_par' dir='ltr' id='par_1_38' title="bbox 208 4698 1788 4770">
     <span class='ocr_line' id='line_1_38' title="bbox 208 4698 1788 4770; baseline -0.003 -11"><span class='ocrx_word' id='word_1_312' title='bbox 208 4701 430 4759; x_wconf 87' lang='lat' dir='ltr'><strong>invenit.</strong></span> <span class='ocrx_word' id='word_1_313' title='bbox 458 4699 572 4755; x_wconf 81' lang='lat' dir='ltr'><strong>Hoc</strong></span> <span class='ocrx_word' id='word_1_314' title='bbox 591 4700 667 4754; x_wconf 90' lang='lat' dir='ltr'><strong>ait</strong></span> <span class='ocrx_word' id='word_1_315' title='bbox 685 4700 970 4770; x_wconf 85' lang='lat' dir='ltr'><strong>Apostolus</strong></span> <span class='ocrx_word' id='word_1_316' title='bbox 1001 4715 1014 4752; x_wconf 92' lang='lat'><strong>:</strong></span> <span class='ocrx_word' id='word_1_317' title='bbox 1049 4698 1234 4754; x_wconf 78' lang='lat' dir='ltr'><strong>Omnes</strong></span> <span class='ocrx_word' id='word_1_318' title='bbox 1259 4700 1393 4754; x_wconf 89' lang='lat' dir='ltr'><strong>enim</strong></span> <span class='ocrx_word' id='word_1_319' title='bbox 1430 4711 1788 4769; x_wconf 85' lang='lat' dir='ltr'><strong>peccaverunt,</strong></span> 
     </span>
    </p>
   </div>
   <div class='ocr_carea' id='block_1_39' title="bbox 210 4788 1790 4870">
    <p class='ocr_par' dir='ltr' id='par_1_39' title="bbox 210 4788 1790 4870">
     <span class='ocr_line' id='line_1_39' title="bbox 210 4788 1790 4870; baseline -0.003 -20"><span class='ocrx_word' id='word_1_320' title='bbox 210 4803 257 4850; x_wconf 83' lang='lat' dir='ltr'><strong>et</strong></span> <span class='ocrx_word' id='word_1_321' title='bbox 279 4801 423 4865; x_wconf 85' lang='lat' dir='ltr'><strong>egent</strong></span> <span class='ocrx_word' id='word_1_322' title='bbox 451 4791 617 4870; x_wconf 76' lang='lat' dir='ltr'><strong>gloria</strong></span> <span class='ocrx_word' id='word_1_323' title='bbox 641 4790 736 4846; x_wconf 86' lang='lat' dir='ltr'><strong>Dei</strong></span> <span class='ocrx_word' id='word_1_324' title='bbox 764 4788 872 4862; x_wconf 82' lang='lat' dir='ltr'><strong>(Id.</strong></span> <span class='ocrx_word' id='word_1_325' title='bbox 903 4806 980 4857; x_wconf 88' lang='grc' dir='ltr'><strong>ιιι,</strong></span> <span class='ocrx_word' id='word_1_326' title='bbox 1003 4789 1120 4860; x_wconf 74' lang='grc'><strong>25).</strong></span> <span class='ocrx_word' id='word_1_327' title='bbox 1148 4789 1283 4857; x_wconf 85' lang='lat' dir='ltr'><strong>Quid</strong></span> <span class='ocrx_word' id='word_1_328' title='bbox 1322 4800 1424 4857; x_wconf 89' lang='lat' dir='ltr'><strong>est,</strong></span> <span class='ocrx_word' id='word_1_329' title='bbox 1455 4800 1600 4862; x_wconf 85' lang='lat' dir='ltr'><strong>egent</strong></span> <span class='ocrx_word' id='word_1_330' title='bbox 1627 4793 1790 4864; x_wconf 84' lang='lat' dir='ltr'><strong>gloria</strong></span> 
     </span>
    </p>
   </div>
   <div class='ocr_carea' id='block_1_40' title="bbox 209 4882 1788 4956">
    <p class='ocr_par' dir='ltr' id='par_1_40' title="bbox 209 4882 1788 4956">
     <span class='ocr_line' id='line_1_40' title="bbox 209 4882 1788 4956; baseline -0.003 -12"><span class='ocrx_word' id='word_1_331' title='bbox 209 4887 346 4944; x_wconf 86' lang='lat' dir='ltr'><strong>Dei?</strong></span> <span class='ocrx_word' id='word_1_332' title='bbox 373 4885 442 4943; x_wconf 88' lang='lat' dir='ltr'><strong>Ut</strong></span> <span class='ocrx_word' id='word_1_333' title='bbox 463 4885 576 4956; x_wconf 88' lang='lat' dir='ltr'><strong>ipse</strong></span> <span class='ocrx_word' id='word_1_334' title='bbox 605 4884 812 4948; x_wconf 90' lang='lat' dir='ltr'><strong>liberet,</strong></span> <span class='ocrx_word' id='word_1_335' title='bbox 845 4899 950 4938; x_wconf 89' lang='lat' dir='ltr'><strong>non</strong></span> <span class='ocrx_word' id='word_1_336' title='bbox 977 4892 1028 4938; x_wconf 93' lang='lat' dir='ltr'><strong>tu</strong></span> <span class='ocrx_word' id='word_1_337' title='bbox 1063 4899 1075 4935; x_wconf 91' lang='lat'>:</span> <span class='ocrx_word' id='word_1_338' title='bbox 1101 4882 1220 4952; x_wconf 88' lang='lat' dir='ltr'><strong>quia</strong></span> <span class='ocrx_word' id='word_1_339' title='bbox 1250 4891 1302 4938; x_wconf 94' lang='lat' dir='ltr'><strong>tu</strong></span> <span class='ocrx_word' id='word_1_340' title='bbox 1339 4891 1391 4939; x_wconf 94' lang='lat' dir='ltr'><strong>te</strong></span> <span class='ocrx_word' id='word_1_341' title='bbox 1425 4883 1654 4939; x_wconf 89' lang='lat' dir='ltr'><strong>liberare</strong></span> <span class='ocrx_word' id='word_1_342' title='bbox 1683 4900 1788 4941; x_wconf 91' lang='lat' dir='ltr'><strong>non</strong></span> 
     </span>
    </p>
   </div>
   <div class='ocr_carea' id='block_1_41' title="bbox 206 4974 1790 5052">
    <p class='ocr_par' dir='ltr' id='par_1_41' title="bbox 206 4974 1790 5052">
     <span class='ocr_line' id='line_1_41' title="bbox 206 4974 1790 5052; baseline 0 -19"><span class='ocrx_word' id='word_1_343' title='bbox 206 4986 378 5052; x_wconf 87' lang='lat' dir='ltr'><strong>potes,</strong></span> <span class='ocrx_word' id='word_1_344' title='bbox 411 4977 614 5048; x_wconf 81' lang='lat' dir='ltr'><strong>indiges</strong></span> <span class='ocrx_word' id='word_1_345' title='bbox 655 4975 956 5032; x_wconf 86' lang='lat' dir='ltr'><strong>liberatore.</strong></span> <span class='ocrx_word' id='word_1_346' title='bbox 997 4974 1132 5042; x_wconf 87' lang='lat' dir='ltr'><strong>Quid</strong></span> <span class='ocrx_word' id='word_1_347' title='bbox 1173 4983 1253 5030; x_wconf 88' lang='lat' dir='ltr'><strong>est</strong></span> <span class='ocrx_word' id='word_1_348' title='bbox 1298 4975 1438 5046; x_wconf 90' lang='lat' dir='ltr'><strong>quod</strong></span> <span class='ocrx_word' id='word_1_349' title='bbox 1483 4985 1536 5032; x_wconf 92' lang='lat' dir='ltr'><strong>te</strong></span> <span class='ocrx_word' id='word_1_350' title='bbox 1581 4977 1790 5048; x_wconf 85' lang='lat' dir='ltr'><strong>jactas?</strong></span> 
     </span>
    </p>
   </div>
   <div class='ocr_carea' id='block_1_42' title="bbox 207 5066 1787 5139">
    <p class='ocr_par' dir='ltr' id='par_1_42' title="bbox 207 5066 1787 5139">
     <span class='ocr_line' id='line_1_42' title="bbox 207 5066 1787 5139; baseline 0.001 -14"><span class='ocrx_word' id='word_1_351' title='bbox 207 5069 350 5139; x_wconf 87' lang='lat' dir='ltr'><strong>Quid</strong></span> <span class='ocrx_word' id='word_1_352' title='bbox 398 5077 479 5125; x_wconf 82' lang='lat' dir='ltr'><strong>est</strong></span> <span class='ocrx_word' id='word_1_353' title='bbox 518 5067 656 5139; x_wconf 89' lang='lat' dir='ltr'><strong>quod</strong></span> <span class='ocrx_word' id='word_1_354' title='bbox 686 5067 754 5124; x_wconf 85' lang='lat' dir='ltr'><strong>de</strong></span> <span class='ocrx_word' id='word_1_355' title='bbox 802 5066 943 5138; x_wconf 86' lang='lat' dir='ltr'><strong>Lege</strong></span> <span class='ocrx_word' id='word_1_356' title='bbox 981 5076 1035 5122; x_wconf 90' lang='lat' dir='ltr'><strong>et</strong></span> <span class='ocrx_word' id='word_1_357' title='bbox 1071 5067 1272 5138; x_wconf 87' lang='lat' dir='ltr'><strong>justitia</strong></span> <span class='ocrx_word' id='word_1_358' title='bbox 1319 5071 1632 5138; x_wconf 66' lang='lat' dir='ltr'><strong>praasumis?</strong></span> <span class='ocrx_word' id='word_1_359' title='bbox 1672 5069 1787 5126; x_wconf 86' lang='lat' dir='ltr'><strong>Non</strong></span> 
     </span>
    </p>
   </div>
   <div class='ocr_carea' id='block_1_43' title="bbox 207 5159 1788 5230">
    <p class='ocr_par' dir='ltr' id='par_1_43' title="bbox 207 5159 1788 5230">
     <span class='ocr_line' id='line_1_43' title="bbox 207 5159 1788 5230; baseline 0.002 -15"><span class='ocrx_word' id='word_1_360' title='bbox 207 5160 356 5217; x_wconf 86' lang='lat' dir='ltr'><strong>vides</strong></span> <span class='ocrx_word' id='word_1_361' title='bbox 381 5159 505 5230; x_wconf 89' lang='lat' dir='ltr'><strong>quid</strong></span> <span class='ocrx_word' id='word_1_362' title='bbox 527 5160 670 5214; x_wconf 91' lang='lat' dir='ltr'><strong>intus</strong></span> <span class='ocrx_word' id='word_1_363' title='bbox 714 5159 961 5229; x_wconf 84' lang='lat' dir='ltr'><strong>conﬂigat</strong></span> <span class='ocrx_word' id='word_1_364' title='bbox 989 5159 1040 5214; x_wconf 93' lang='lat' dir='ltr'><strong>in</strong></span> <span class='ocrx_word' id='word_1_365' title='bbox 1072 5167 1144 5225; x_wconf 87' lang='lat' dir='ltr'><strong>te,</strong></span> <span class='ocrx_word' id='word_1_366' title='bbox 1185 5160 1252 5214; x_wconf 91' lang='lat' dir='ltr'><strong>de</strong></span> <span class='ocrx_word' id='word_1_367' title='bbox 1296 5169 1366 5227; x_wconf 90' lang='lat' dir='ltr'><strong>te,</strong></span> <span class='ocrx_word' id='word_1_368' title='bbox 1408 5161 1662 5217; x_wconf 87' lang='lat' dir='ltr'><strong>adversus</strong></span> <span class='ocrx_word' id='word_1_369' title='bbox 1693 5165 1788 5218; x_wconf 88' lang='lat' dir='ltr'><strong>te?</strong></span> 
     </span>
    </p>
   </div>
   <div class='ocr_carea' id='block_1_44' title="bbox 209 5251 1786 5324">
    <p class='ocr_par' dir='ltr' id='par_1_44' title="bbox 209 5251 1786 5324">
     <span class='ocr_line' id='line_1_44' title="bbox 209 5251 1786 5324; baseline 0.001 -16"><span class='ocrx_word' id='word_1_370' title='bbox 209 5253 322 5309; x_wconf 78' lang='lat' dir='ltr'><strong>Non</strong></span> <span class='ocrx_word' id='word_1_371' title='bbox 353 5253 506 5307; x_wconf 89' lang='lat' dir='ltr'><strong>audis</strong></span> <span class='ocrx_word' id='word_1_372' title='bbox 531 5260 877 5323; x_wconf 81' lang='lat' dir='ltr'><strong>pugnantem,</strong></span> <span class='ocrx_word' id='word_1_373' title='bbox 911 5259 965 5305; x_wconf 91' lang='lat' dir='ltr'><strong>et</strong></span> <span class='ocrx_word' id='word_1_374' title='bbox 992 5251 1355 5319; x_wconf 85' lang='lat' dir='ltr'><strong>confitentem,</strong></span> <span class='ocrx_word' id='word_1_375' title='bbox 1378 5262 1434 5307; x_wconf 86' lang='lat' dir='ltr'><strong>et</strong></span> <span class='ocrx_word' id='word_1_376' title='bbox 1467 5254 1786 5324; x_wconf 87' lang='lat' dir='ltr'><strong>adjutorium</strong></span> 
     </span>
    </p>
   </div>
   <div class='ocr_carea' id='block_1_45' title="bbox 211 5342 1786 5416">
    <p class='ocr_par' dir='ltr' id='par_1_45' title="bbox 211 5342 1786 5416">
     <span class='ocr_line' id='line_1_45' title="bbox 211 5342 1786 5416; baseline -0.001 -14"><span class='ocrx_word' id='word_1_377' title='bbox 211 5347 262 5402; x_wconf 93' lang='lat' dir='ltr'><strong>in</strong></span> <span class='ocrx_word' id='word_1_378' title='bbox 289 5361 459 5416; x_wconf 84' lang='lat' dir='ltr'><strong>pugna</strong></span> <span class='ocrx_word' id='word_1_379' title='bbox 477 5344 909 5400; x_wconf 85' lang='lat' dir='ltr'><strong>desiderantem?</strong></span> <span class='ocrx_word' id='word_1_380' title='bbox 939 5342 1053 5397; x_wconf 87' lang='lat' dir='ltr'><strong>Non</strong></span> <span class='ocrx_word' id='word_1_381' title='bbox 1084 5344 1237 5398; x_wconf 81' lang='lat' dir='ltr'><strong>audis</strong></span> <span class='ocrx_word' id='word_1_382' title='bbox 1277 5345 1529 5400; x_wconf 86' lang='lat' dir='ltr'><strong>athletam</strong></span> <span class='ocrx_word' id='word_1_383' title='bbox 1581 5345 1786 5401; x_wconf 91' lang='lat' dir='ltr'><strong>Domini</strong></span> 
     </span>
    </p>
   </div>
   <div class='ocr_carea' id='block_1_46' title="bbox 208 5433 1785 5508">
    <p class='ocr_par' dir='ltr' id='par_1_46' title="bbox 208 5433 1785 5508">
     <span class='ocr_line' id='line_1_46' title="bbox 208 5433 1785 5508; baseline -0.002 -14"><span class='ocrx_word' id='word_1_384' title='bbox 208 5439 275 5494; x_wconf 88' lang='lat' dir='ltr'><strong>ab</strong></span> <span class='ocrx_word' id='word_1_385' title='bbox 297 5437 616 5508; x_wconf 86' lang='lat' dir='ltr'><strong>agonothcta</strong></span> <span class='ocrx_word' id='word_1_386' title='bbox 642 5442 904 5505; x_wconf 87' lang='lat' dir='ltr'><strong>petentem</strong></span> <span class='ocrx_word' id='word_1_387' title='bbox 929 5433 1245 5503; x_wconf 88' lang='lat' dir='ltr'><strong>adjutorium</strong></span> <span class='ocrx_word' id='word_1_388' title='bbox 1281 5450 1467 5506; x_wconf 83' lang='lat' dir='ltr'><strong>pugnae</strong></span> <span class='ocrx_word' id='word_1_389' title='bbox 1491 5451 1600 5491; x_wconf 81' lang='lat' dir='ltr'><strong>suae</strong></span> <span class='ocrx_word' id='word_1_390' title='bbox 1623 5439 1647 5490; x_wconf 69' lang='grc' dir='ltr'><strong><em>γ</em></strong></span> <span class='ocrx_word' id='word_1_391' title='bbox 1669 5435 1785 5492; x_wconf 86' lang='lat' dir='ltr'><strong>Non</strong></span> 
     </span>
    </p>
   </div>
   <div class='ocr_carea' id='block_1_47' title="bbox 212 5527 1785 5598">
    <p class='ocr_par' dir='ltr' id='par_1_47' title="bbox 212 5527 1785 5598">
     <span class='ocr_line' id='line_1_47' title="bbox 212 5527 1785 5598; baseline -0.003 -10"><span class='ocrx_word' id='word_1_392' title='bbox 212 5529 351 5588; x_wconf 88' lang='lat' dir='ltr'><strong>enim</strong></span> <span class='ocrx_word' id='word_1_393' title='bbox 375 5527 454 5585; x_wconf 84' lang='lat' dir='ltr'><strong>sic</strong></span> <span class='ocrx_word' id='word_1_394' title='bbox 482 5537 536 5584; x_wconf 93' lang='lat' dir='ltr'><strong>te</strong></span> <span class='ocrx_word' id='word_1_395' title='bbox 565 5535 840 5597; x_wconf 74' lang='lat' dir='ltr'><strong>eXSpectat</strong></span> <span class='ocrx_word' id='word_1_396' title='bbox 891 5527 1028 5581; x_wconf 89' lang='lat' dir='ltr'><strong>Deus</strong></span> <span class='ocrx_word' id='word_1_397' title='bbox 1055 5537 1347 5582; x_wconf 86' lang='lat' dir='ltr'><strong>certantem</strong></span> <span class='ocrx_word' id='word_1_398' title='bbox 1373 5568 1387 5592; x_wconf 95' lang='lat'><strong>,</strong></span> <span class='ocrx_word' id='word_1_399' title='bbox 1429 5527 1696 5598; x_wconf 90' lang='lat' dir='ltr'><strong>quomodo</strong></span> <span class='ocrx_word' id='word_1_400' title='bbox 1733 5536 1785 5584; x_wconf 89' lang='lat' dir='ltr'><strong>te</strong></span> 
     </span>
    </p>
   </div>
   <div class='ocr_carea' id='block_1_48' title="bbox 209 5617 1781 5695">
    <p class='ocr_par' dir='ltr' id='par_1_48' title="bbox 209 5617 1781 5695">
     <span class='ocr_line' id='line_1_48' title="bbox 209 5617 1781 5695; baseline -0.004 -14"><span class='ocrx_word' id='word_1_401' title='bbox 209 5628 481 5695; x_wconf 80' lang='lat' dir='ltr'><strong>exspectat</strong></span> <span class='ocrx_word' id='word_1_402' title='bbox 511 5619 702 5685; x_wconf 91' lang='lat' dir='ltr'><strong>editor,</strong></span> <span class='ocrx_word' id='word_1_403' title='bbox 749 5619 794 5674; x_wconf 92' lang='lat' dir='ltr'><strong>si</strong></span> <span class='ocrx_word' id='word_1_404' title='bbox 837 5617 971 5674; x_wconf 85' lang='lat' dir='ltr'><strong>forte</strong></span> <span class='ocrx_word' id='word_1_405' title='bbox 1018 5634 1219 5689; x_wconf 90' lang='lat' dir='ltr'><strong>pugnes</strong></span> <span class='ocrx_word' id='word_1_406' title='bbox 1255 5620 1306 5674; x_wconf 94' lang='lat' dir='ltr'><strong>in</strong></span> <span class='ocrx_word' id='word_1_407' title='bbox 1345 5620 1781 5690; x_wconf 87' lang='lat' dir='ltr'><strong>amphitheatro:</strong></span> 
     </span>
    </p>
   </div>
   <div class='ocr_carea' id='block_1_49' title="bbox 209 5711 1788 5785">
    <p class='ocr_par' dir='ltr' id='par_1_49' title="bbox 209 5711 1788 5785">
     <span class='ocr_line' id='line_1_49' title="bbox 209 5711 1788 5785; baseline -0.001 -11"><span class='ocrx_word' id='word_1_408' title='bbox 209 5717 297 5774; x_wconf 86' lang='lat' dir='ltr'><strong>illo</strong></span> <span class='ocrx_word' id='word_1_409' title='bbox 321 5715 416 5771; x_wconf 86' lang='lat' dir='ltr'><strong>tibi</strong></span> <span class='ocrx_word' id='word_1_410' title='bbox 445 5711 722 5785; x_wconf 59' lang='lat' dir='ltr'><strong>praemium</strong></span> <span class='ocrx_word' id='word_1_411' title='bbox 759 5712 887 5768; x_wconf 89' lang='lat' dir='ltr'><strong>dare</strong></span> <span class='ocrx_word' id='word_1_412' title='bbox 917 5720 1091 5782; x_wconf 83' lang='lat' dir='ltr'><strong>potest</strong></span> <span class='ocrx_word' id='word_1_413' title='bbox 1119 5711 1164 5768; x_wconf 93' lang='lat' dir='ltr'><strong>si</strong></span> <span class='ocrx_word' id='word_1_414' title='bbox 1209 5713 1420 5778; x_wconf 89' lang='lat' dir='ltr'><strong>viceris,</strong></span> <span class='ocrx_word' id='word_1_415' title='bbox 1446 5713 1697 5784; x_wconf 89' lang='lat' dir='ltr'><strong>adjuvare</strong></span> <span class='ocrx_word' id='word_1_416' title='bbox 1733 5724 1788 5772; x_wconf 82' lang='lat' dir='ltr'><strong>to</strong></span> 
     </span>
    </p>
   </div>
   <div class='ocr_carea' id='block_1_50' title="bbox 207 5802 1776 5881">
    <p class='ocr_par' dir='ltr' id='par_1_50' title="bbox 207 5802 1776 5881">
     <span class='ocr_line' id='line_1_50' title="bbox 207 5802 1776 5881; baseline -0.003 -15"><span class='ocrx_word' id='word_1_417' title='bbox 207 5807 595 5881; x_wconf 84' lang='lat' dir='ltr'><strong>periclitantem</strong></span> <span class='ocrx_word' id='word_1_418' title='bbox 634 5819 740 5860; x_wconf 87' lang='lat' dir='ltr'><strong>non</strong></span> <span class='ocrx_word' id='word_1_419' title='bbox 785 5811 979 5874; x_wconf 86' lang='lat' dir='ltr'><strong>potest.</strong></span> <span class='ocrx_word' id='word_1_420' title='bbox 1009 5802 1122 5859; x_wconf 86' lang='lat' dir='ltr'><strong>Non</strong></span> <span class='ocrx_word' id='word_1_421' title='bbox 1167 5804 1244 5862; x_wconf 84' lang='lat' dir='ltr'><strong>sic</strong></span> <span class='ocrx_word' id='word_1_422' title='bbox 1283 5814 1559 5878; x_wconf 79' lang='lat' dir='ltr'><strong>exspectat</strong></span> <span class='ocrx_word' id='word_1_423' title='bbox 1614 5807 1776 5864; x_wconf 91' lang='lat' dir='ltr'><strong>Deus.</strong></span> 
     </span>
    </p>
   </div>
   <div class='ocr_carea' id='block_1_51' title="bbox 487 5898 1184 5961">
    <p class='ocr_par' dir='ltr' id='par_1_51' title="bbox 487 5898 1184 5961">
     <span class='ocr_line' id='line_1_51' title="bbox 487 5898 1184 5961; baseline -0.003 -2"><span class='ocrx_word' id='word_1_424' title='bbox 487 5899 708 5959; x_wconf 59' lang='lat' dir='ltr'><strong>Sacr.</strong></span> <span class='ocrx_word' id='word_1_425' title='bbox 756 5901 802 5961; x_wconf 85' lang='lat' dir='ltr'><strong>A</strong></span> <span class='ocrx_word' id='word_1_426' title='bbox 813 5916 1034 5961; x_wconf 73' lang='lat' dir='ltr'><strong>uensr.</strong></span> <span class='ocrx_word' id='word_1_427' title='bbox 1078 5898 1184 5960; x_wconf 80' lang='grc' dir='ltr'><strong>ιγ.</strong></span> 
     </span>
    </p>
   </div>
   <div class='ocr_carea' id='block_1_52' title="bbox 1349 343 2406 414">
    <p class='ocr_par' dir='ltr' id='par_1_52' title="bbox 1349 343 2406 414">
     <span class='ocr_line' id='line_1_52' title="bbox 1349 343 2406 414; baseline 0.01 -11"><span class='ocrx_word' id='word_1_428' title='bbox 1349 345 1748 405; x_wconf 79' lang='lat' dir='ltr'><strong>ENARRATIO</strong></span> <span class='ocrx_word' id='word_1_429' title='bbox 1776 345 1843 404; x_wconf 83' lang='lat' dir='ltr'><strong>IN</strong></span> <span class='ocrx_word' id='word_1_430' title='bbox 1873 343 2196 411; x_wconf 76' lang='lat' dir='ltr'><strong>PSALMUM</strong></span> <span class='ocrx_word' id='word_1_431' title='bbox 2236 353 2406 414; x_wconf 79' lang='lat' dir='ltr'><strong>XXX.</strong></span> 
     </span>
    </p>
   </div>
   <div class='ocr_carea' id='block_1_53' title="bbox 248 455 1832 530">
    <p class='ocr_par' dir='ltr' id='par_1_53' title="bbox 248 455 1832 530">
     <span class='ocr_line' id='line_1_53' title="bbox 248 455 1832 530; baseline 0.001 -14"><span class='ocrx_word' id='word_1_432' title='bbox 248 459 428 517; x_wconf 85' lang='lat' dir='ltr'><strong>buerit</strong></span> <span class='ocrx_word' id='word_1_433' title='bbox 445 500 462 524; x_wconf 89' lang='lat'><strong>,</strong></span> <span class='ocrx_word' id='word_1_434' title='bbox 492 455 750 518; x_wconf 69' lang='lat' dir='ltr'><strong>aeternam</strong></span> <span class='ocrx_word' id='word_1_435' title='bbox 776 459 1011 518; x_wconf 82' lang='lat' dir='ltr'><strong>habebit.</strong></span> <span class='ocrx_word' id='word_1_436' title='bbox 1056 460 1187 530; x_wconf 85' lang='lat' dir='ltr'><strong>Quae</strong></span> <span class='ocrx_word' id='word_1_437' title='bbox 1213 471 1299 518; x_wconf 88' lang='lat' dir='ltr'><strong>est</strong></span> <span class='ocrx_word' id='word_1_438' title='bbox 1322 470 1522 519; x_wconf 63' lang='lat' dir='ltr'><strong>aeterna</strong></span> <span class='ocrx_word' id='word_1_439' title='bbox 1549 460 1832 519; x_wconf 86' lang='lat' dir='ltr'><strong>confusio?</strong></span> 
     </span>
    </p>
   </div>
   <div class='ocr_carea' id='block_1_54' title="bbox 243 549 1840 624">
    <p class='ocr_par' dir='ltr' id='par_1_54' title="bbox 243 549 1840 624">
     <span class='ocr_line' id='line_1_54' title="bbox 243 549 1840 624; baseline 0.004 -19"><span class='ocrx_word' id='word_1_440' title='bbox 243 549 470 619; x_wconf 89' lang='lat' dir='ltr'><strong>Quando</strong></span> <span class='ocrx_word' id='word_1_441' title='bbox 498 551 590 609; x_wconf 81' lang='lat' dir='ltr'><strong>fiet</strong></span> <span class='ocrx_word' id='word_1_442' title='bbox 634 552 765 609; x_wconf 90' lang='lat' dir='ltr'><strong>illud</strong></span> <span class='ocrx_word' id='word_1_443' title='bbox 790 553 932 624; x_wconf 90' lang='lat' dir='ltr'><strong>quod</strong></span> <span class='ocrx_word' id='word_1_444' title='bbox 965 554 1164 610; x_wconf 89' lang='lat' dir='ltr'><strong>dictum</strong></span> <span class='ocrx_word' id='word_1_445' title='bbox 1204 563 1307 621; x_wconf 87' lang='lat' dir='ltr'><strong>est,</strong></span> <span class='ocrx_word' id='word_1_446' title='bbox 1357 554 1428 609; x_wconf 85' lang='lat' dir='ltr'><strong>Et</strong></span> <span class='ocrx_word' id='word_1_447' title='bbox 1455 557 1718 610; x_wconf 82' lang='lat' dir='ltr'><strong>traducem</strong></span> <span class='ocrx_word' id='word_1_448' title='bbox 1755 571 1840 611; x_wconf 88' lang='lat' dir='ltr'><strong>eos</strong></span> 
     </span>
    </p>
   </div>
   <div class='ocr_carea' id='block_1_55' title="bbox 240 645 1836 719">
    <p class='ocr_par' dir='ltr' id='par_1_55' title="bbox 240 645 1836 719">
     <span class='ocr_line' id='line_1_55' title="bbox 240 645 1836 719; baseline 0.001 -18"><span class='ocrx_word' id='word_1_449' title='bbox 240 645 539 701; x_wconf 70' lang='lat' dir='ltr'><strong>czadoerso</strong></span> <span class='ocrx_word' id='word_1_450' title='bbox 568 646 857 716; x_wconf 81' lang='lat' dir='ltr'><strong>iniquitates</strong></span> <span class='ocrx_word' id='word_1_451' title='bbox 881 663 1053 701; x_wconf 86' lang='lat' dir='ltr'><strong>eorum</strong></span> <span class='ocrx_word' id='word_1_452' title='bbox 1084 646 1239 718; x_wconf 87' lang='lat' dir='ltr'><strong>(Sap.</strong></span> <span class='ocrx_word' id='word_1_453' title='bbox 1268 663 1342 712; x_wconf 83' lang='lat' dir='ltr'><strong>tv,</strong></span> <span class='ocrx_word' id='word_1_454' title='bbox 1367 648 1485 719; x_wconf 75' lang='grc'><strong>20).</strong></span> <span class='ocrx_word' id='word_1_455' title='bbox 1517 647 1582 703; x_wconf 87' lang='grc' dir='ltr'><strong>Ει</strong></span> <span class='ocrx_word' id='word_1_456' title='bbox 1609 648 1698 703; x_wconf 87' lang='lat' dir='ltr'><strong>lict</strong></span> <span class='ocrx_word' id='word_1_457' title='bbox 1721 655 1836 704; x_wconf 66' lang='lat' dir='ltr'><strong>trao</strong></span> 
     </span>
    </p>
   </div>
   <div class='ocr_carea' id='block_1_56' title="bbox 235 733 1836 809">
    <p class='ocr_par' dir='ltr' id='par_1_56' title="bbox 235 733 1836 809">
     <span class='ocr_line' id='line_1_56' title="bbox 235 733 1836 809; baseline 0.002 -19"><span class='ocrx_word' id='word_1_458' title='bbox 235 733 560 792; x_wconf 88' lang='lat' dir='ltr'><strong>ducentibus</strong></span> <span class='ocrx_word' id='word_1_459' title='bbox 586 751 653 792; x_wconf 73' lang='lat' dir='ltr'><strong>ex</strong></span> <span class='ocrx_word' id='word_1_460' title='bbox 688 736 917 792; x_wconf 88' lang='lat' dir='ltr'><strong>adverso</strong></span> <span class='ocrx_word' id='word_1_461' title='bbox 956 737 1320 808; x_wconf 86' lang='lat' dir='ltr'><strong>iniquitatibus</strong></span> <span class='ocrx_word' id='word_1_462' title='bbox 1343 739 1520 794; x_wconf 89' lang='lat' dir='ltr'><strong>onmis</strong></span> <span class='ocrx_word' id='word_1_463' title='bbox 1565 753 1692 809; x_wconf 80' lang='lat' dir='ltr'><strong>grex</strong></span> <span class='ocrx_word' id='word_1_464' title='bbox 1721 753 1836 793; x_wconf 88' lang='lat' dir='ltr'><strong>ma-</strong></span> 
     </span>
    </p>
   </div>
   <div class='ocr_carea' id='block_1_57' title="bbox 186 827 1829 902">
    <p class='ocr_par' dir='ltr' id='par_1_57' title="bbox 186 827 1829 902">
     <span class='ocr_line' id='line_1_57' title="bbox 186 827 1829 902; baseline 0.001 -18"><span class='ocrx_word' id='word_1_465' title='bbox 186 852 202 901; x_wconf 55' lang='lat'><strong><em>;</em></strong></span> <span class='ocrx_word' id='word_1_466' title='bbox 235 827 324 884; x_wconf 87' lang='lat' dir='ltr'><strong>lus</strong></span> <span class='ocrx_word' id='word_1_467' title='bbox 351 827 418 883; x_wconf 90' lang='lat' dir='ltr'><strong>ad</strong></span> <span class='ocrx_word' id='word_1_468' title='bbox 444 828 741 896; x_wconf 89' lang='lat' dir='ltr'><strong>sinistram,</strong></span> <span class='ocrx_word' id='word_1_469' title='bbox 769 838 1019 900; x_wconf 88' lang='lat' dir='ltr'><strong>tanquam</strong></span> <span class='ocrx_word' id='word_1_470' title='bbox 1037 828 1210 885; x_wconf 68' lang='lat' dir='ltr'><strong>headis</strong></span> <span class='ocrx_word' id='word_1_471' title='bbox 1233 827 1302 884; x_wconf 89' lang='lat' dir='ltr'><strong>ab</strong></span> <span class='ocrx_word' id='word_1_472' title='bbox 1326 830 1514 886; x_wconf 89' lang='lat' dir='ltr'><strong>ovibus</strong></span> <span class='ocrx_word' id='word_1_473' title='bbox 1542 830 1829 902; x_wconf 87' lang='lat' dir='ltr'><strong>separatis;</strong></span> 
     </span>
    </p>
   </div>
   <div class='ocr_carea' id='block_1_58' title="bbox 235 918 1832 994">
    <p class='ocr_par' dir='ltr' id='par_1_58' title="bbox 235 918 1832 994">
     <span class='ocr_line' id='line_1_58' title="bbox 235 918 1832 994; baseline 0.002 -20"><span class='ocrx_word' id='word_1_474' title='bbox 235 927 293 974; x_wconf 89' lang='lat' dir='ltr'><strong>et</strong></span> <span class='ocrx_word' id='word_1_475' title='bbox 317 918 568 986; x_wconf 85' lang='lat' dir='ltr'><strong>audient,</strong></span> <span class='ocrx_word' id='word_1_476' title='bbox 601 919 629 974; x_wconf 82' lang='grc' dir='ltr'><em>Ι</em></span> <span class='ocrx_word' id='word_1_477' title='bbox 638 930 685 976; x_wconf 87' lang='lat' dir='ltr'><strong>te</strong></span> <span class='ocrx_word' id='word_1_478' title='bbox 709 921 764 974; x_wconf 89' lang='lat' dir='ltr'><strong>in</strong></span> <span class='ocrx_word' id='word_1_479' title='bbox 792 921 958 992; x_wconf 84' lang='lat' dir='ltr'><strong>ignem</strong></span> <span class='ocrx_word' id='word_1_480' title='bbox 977 931 1241 987; x_wconf 72' lang='lat' dir='ltr'><strong>wternum,</strong></span> <span class='ocrx_word' id='word_1_481' title='bbox 1273 922 1362 993; x_wconf 85' lang='lat' dir='ltr'><strong>qui</strong></span> <span class='ocrx_word' id='word_1_482' title='bbox 1391 930 1597 994; x_wconf 88' lang='lat' dir='ltr'><strong>paratus</strong></span> <span class='ocrx_word' id='word_1_483' title='bbox 1621 933 1695 977; x_wconf 89' lang='lat' dir='ltr'><strong>est</strong></span> <span class='ocrx_word' id='word_1_484' title='bbox 1717 922 1832 977; x_wconf 85' lang='lat' dir='ltr'><strong>dia-</strong></span> 
     </span>
    </p>
   </div>
   <div class='ocr_carea' id='block_1_59' title="bbox 237 1010 1830 1084">
    <p class='ocr_par' dir='ltr' id='par_1_59' title="bbox 237 1010 1830 1084">
     <span class='ocr_line' id='line_1_59' title="bbox 237 1010 1830 1084; baseline 0.002 -19"><span class='ocrx_word' id='word_1_485' title='bbox 237 1010 353 1065; x_wconf 84' lang='lat' dir='ltr'><strong>bolo</strong></span> <span class='ocrx_word' id='word_1_486' title='bbox 377 1019 422 1064; x_wconf 90' lang='lat' dir='ltr'><strong>et</strong></span> <span class='ocrx_word' id='word_1_487' title='bbox 442 1012 640 1080; x_wconf 82' lang='lat' dir='ltr'><strong>angelis</strong></span> <span class='ocrx_word' id='word_1_488' title='bbox 662 1013 793 1083; x_wconf 81' lang='lat' dir='ltr'><strong>ejus.</strong></span> <span class='ocrx_word' id='word_1_489' title='bbox 832 1012 1092 1082; x_wconf 70' lang='lat' dir='ltr'><strong>Quaerunt</strong></span> <span class='ocrx_word' id='word_1_490' title='bbox 1121 1013 1323 1084; x_wconf 87' lang='lat' dir='ltr'><strong>quare?</strong></span> <span class='ocrx_word' id='word_1_491' title='bbox 1355 1012 1556 1069; x_wconf 85' lang='lat' dir='ltr'><strong>Esurivi</strong></span> <span class='ocrx_word' id='word_1_492' title='bbox 1583 1015 1716 1069; x_wconf 88' lang='lat' dir='ltr'><strong>enim</strong></span> <span class='ocrx_word' id='word_1_493' title='bbox 1734 1055 1750 1081; x_wconf 92' lang='lat'><strong>,</strong></span> <span class='ocrx_word' id='word_1_494' title='bbox 1782 1024 1830 1069; x_wconf 84' lang='lat' dir='ltr'><strong>et</strong></span> 
     </span>
    </p>
   </div>
   <div class='ocr_carea' id='block_1_60' title="bbox 238 1101 1827 1178">
    <p class='ocr_par' dir='ltr' id='par_1_60' title="bbox 238 1101 1827 1178">
     <span class='ocr_line' id='line_1_60' title="bbox 238 1101 1827 1178; baseline 0.003 -22"><span class='ocrx_word' id='word_1_495' title='bbox 238 1118 341 1157; x_wconf 87' lang='lat' dir='ltr'><strong>non</strong></span> <span class='ocrx_word' id='word_1_496' title='bbox 367 1102 574 1158; x_wconf 84' lang='lat' dir='ltr'><strong>dedistis</strong></span> <span class='ocrx_word' id='word_1_497' title='bbox 615 1103 742 1158; x_wconf 85' lang='lat' dir='ltr'><strong>mihi</strong></span> <span class='ocrx_word' id='word_1_498' title='bbox 780 1104 1086 1159; x_wconf 87' lang='lat' dir='ltr'><strong>manducare</strong></span> <span class='ocrx_word' id='word_1_499' title='bbox 1127 1103 1338 1175; x_wconf 82' lang='lat' dir='ltr'><strong>(Matth.</strong></span> <span class='ocrx_word' id='word_1_500' title='bbox 1362 1120 1498 1170; x_wconf 83' lang='lat' dir='ltr'><strong>xxv,</strong></span> <span class='ocrx_word' id='word_1_501' title='bbox 1532 1101 1644 1178; x_wconf 74' lang='grc'><strong>41).</strong></span> <span class='ocrx_word' id='word_1_502' title='bbox 1683 1104 1827 1160; x_wconf 88' lang='lat' dir='ltr'><strong>Con-</strong></span> 
     </span>
    </p>
   </div>
   <div class='ocr_carea' id='block_1_61' title="bbox 241 1196 1828 1268">
    <p class='ocr_par' dir='ltr' id='par_1_61' title="bbox 241 1196 1828 1268">
     <span class='ocr_line' id='line_1_61' title="bbox 241 1196 1828 1268; baseline 0 -16"><span class='ocrx_word' id='word_1_503' title='bbox 241 1197 548 1252; x_wconf 76' lang='lat' dir='ltr'><strong>teninebant</strong></span> <span class='ocrx_word' id='word_1_504' title='bbox 585 1205 711 1253; x_wconf 91' lang='lat' dir='ltr'><strong>tunc</strong></span> <span class='ocrx_word' id='word_1_505' title='bbox 738 1197 952 1268; x_wconf 89' lang='lat' dir='ltr'><strong>quando</strong></span> <span class='ocrx_word' id='word_1_506' title='bbox 975 1197 1230 1253; x_wconf 90' lang='lat' dir='ltr'><strong>esurienti</strong></span> <span class='ocrx_word' id='word_1_507' title='bbox 1254 1196 1469 1254; x_wconf 90' lang='lat' dir='ltr'><strong>Christo</strong></span> <span class='ocrx_word' id='word_1_508' title='bbox 1495 1213 1601 1252; x_wconf 91' lang='lat' dir='ltr'><strong>non</strong></span> <span class='ocrx_word' id='word_1_509' title='bbox 1629 1197 1828 1253; x_wconf 90' lang='lat' dir='ltr'><strong>dabant</strong></span> 
     </span>
    </p>
   </div>
   <div class='ocr_carea' id='block_1_62' title="bbox 239 1288 1825 1362">
    <p class='ocr_par' dir='ltr' id='par_1_62' title="bbox 239 1288 1825 1362">
     <span class='ocr_line' id='line_1_62' title="bbox 239 1288 1825 1362; baseline 0.001 -17"><span class='ocrx_word' id='word_1_510' title='bbox 239 1288 413 1345; x_wconf 89' lang='lat' dir='ltr'><strong>cibum</strong></span> <span class='ocrx_word' id='word_1_511' title='bbox 439 1329 455 1356; x_wconf 92' lang='lat'><strong>,</strong></span> <span class='ocrx_word' id='word_1_512' title='bbox 495 1292 713 1360; x_wconf 87' lang='lat' dir='ltr'><strong>quando</strong></span> <span class='ocrx_word' id='word_1_513' title='bbox 736 1291 937 1346; x_wconf 91' lang='lat' dir='ltr'><strong>sitienti</strong></span> <span class='ocrx_word' id='word_1_514' title='bbox 967 1306 1073 1347; x_wconf 90' lang='lat' dir='ltr'><strong>non</strong></span> <span class='ocrx_word' id='word_1_515' title='bbox 1104 1290 1304 1346; x_wconf 89' lang='lat' dir='ltr'><strong>dabant</strong></span> <span class='ocrx_word' id='word_1_516' title='bbox 1345 1299 1528 1362; x_wconf 91' lang='lat' dir='ltr'><strong>potum</strong></span> <span class='ocrx_word' id='word_1_517' title='bbox 1553 1332 1568 1356; x_wconf 94' lang='lat'><strong>,</strong></span> <span class='ocrx_word' id='word_1_518' title='bbox 1610 1290 1825 1362; x_wconf 89' lang='lat' dir='ltr'><strong>quando</strong></span> 
     </span>
    </p>
   </div>
   <div class='ocr_carea' id='block_1_63' title="bbox 3425 375 3536 439">
    <p class='ocr_par' dir='ltr' id='par_1_63' title="bbox 3425 375 3536 439">
     <span class='ocr_line' id='line_1_63' title="bbox 3425 375 3536 439; baseline 0.027 -3"><span class='ocrx_word' id='word_1_519' title='bbox 3425 375 3536 439; x_wconf 62' lang='lat'><strong>23$</strong></span> 
     </span>
    </p>
   </div>
   <div class='ocr_carea' id='block_1_64' title="bbox 1958 463 3535 551">
    <p class='ocr_par' dir='ltr' id='par_1_64' title="bbox 1958 463 3535 551">
     <span class='ocr_line' id='line_1_64' title="bbox 1958 463 3535 551; baseline 0.019 -32"><span class='ocrx_word' id='word_1_520' title='bbox 1958 463 2090 522; x_wconf 83' lang='lat' dir='ltr'><strong>Vide</strong></span> <span class='ocrx_word' id='word_1_521' title='bbox 2136 483 2283 540; x_wconf 87' lang='lat' dir='ltr'><strong>ergo,</strong></span> <span class='ocrx_word' id='word_1_522' title='bbox 2320 473 2536 530; x_wconf 90' lang='lat' dir='ltr'><strong>attende</strong></span> <span class='ocrx_word' id='word_1_523' title='bbox 2577 491 2698 532; x_wconf 90' lang='lat' dir='ltr'><strong>eum</strong></span> <span class='ocrx_word' id='word_1_524' title='bbox 2741 480 2828 550; x_wconf 78' lang='lat' dir='ltr'><strong>qui</strong></span> <span class='ocrx_word' id='word_1_525' title='bbox 2860 480 3370 544; x_wconf 69' lang='lat' dir='ltr'><strong>dicit:Condelector</strong></span> <span class='ocrx_word' id='word_1_526' title='bbox 3397 493 3535 551; x_wconf 79' lang='lat' dir='ltr'><strong>enim</strong></span> 
     </span>
    </p>
   </div>
   <div class='ocr_carea' id='block_1_65' title="bbox 1947 554 3533 642">
    <p class='ocr_par' dir='ltr' id='par_1_65' title="bbox 1947 554 3533 642">
     <span class='ocr_line' id='line_1_65' title="bbox 1947 554 3533 642; baseline 0.018 -34"><span class='ocrx_word' id='word_1_527' title='bbox 1947 554 2048 626; x_wconf 86' lang='lat' dir='ltr'><strong>legi</strong></span> <span class='ocrx_word' id='word_1_528' title='bbox 2071 555 2168 612; x_wconf 90' lang='lat' dir='ltr'><strong>Dei</strong></span> <span class='ocrx_word' id='word_1_529' title='bbox 2209 565 2482 620; x_wconf 88' lang='lat' dir='ltr'><strong>secundum</strong></span> <span class='ocrx_word' id='word_1_530' title='bbox 2528 566 2815 624; x_wconf 82' lang='lat' dir='ltr'><strong>interiorem</strong></span> <span class='ocrx_word' id='word_1_531' title='bbox 2863 573 3136 642; x_wconf 85' lang='lat' dir='ltr'><strong>hominem,</strong></span> <span class='ocrx_word' id='word_1_532' title='bbox 3179 579 3318 633; x_wconf 81' lang='lat' dir='ltr'><strong>video</strong></span> <span class='ocrx_word' id='word_1_533' title='bbox 3363 591 3533 637; x_wconf 88' lang='lat' dir='ltr'><strong>autem</strong></span> 
     </span>
    </p>
   </div>
   <div class='ocr_carea' id='block_1_66' title="bbox 1943 646 3533 743">
    <p class='ocr_par' dir='ltr' id='par_1_66' title="bbox 1943 646 3533 743">
     <span class='ocr_line' id='line_1_66' title="bbox 1943 646 3533 743; baseline 0.018 -41"><span class='ocrx_word' id='word_1_534' title='bbox 1943 646 2100 704; x_wconf 83' lang='lat' dir='ltr'><strong>aliam</strong></span> <span class='ocrx_word' id='word_1_535' title='bbox 2124 651 2282 722; x_wconf 84' lang='lat' dir='ltr'><strong>legem</strong></span> <span class='ocrx_word' id='word_1_536' title='bbox 2316 654 2367 708; x_wconf 89' lang='lat' dir='ltr'><strong>in</strong></span> <span class='ocrx_word' id='word_1_537' title='bbox 2395 658 2625 714; x_wconf 83' lang='lat' dir='ltr'><strong>membris</strong></span> <span class='ocrx_word' id='word_1_538' title='bbox 2652 664 2772 717; x_wconf 85' lang='lat' dir='ltr'><strong>meis</strong></span> <span class='ocrx_word' id='word_1_539' title='bbox 2805 679 3170 738; x_wconf 83' lang='lat' dir='ltr'><strong>repugnantem</strong></span> <span class='ocrx_word' id='word_1_540' title='bbox 3213 673 3313 743; x_wconf 87' lang='lat' dir='ltr'><strong>legi</strong></span> <span class='ocrx_word' id='word_1_541' title='bbox 3353 677 3533 730; x_wconf 82' lang='lat' dir='ltr'><strong>mentis</strong></span> 
     </span>
    </p>
   </div>
   <div class='ocr_carea' id='block_1_67' title="bbox 1943 747 3532 835">
    <p class='ocr_par' dir='ltr' id='par_1_67' title="bbox 1943 747 3532 835">
     <span class='ocr_line' id='line_1_67' title="bbox 1943 747 3532 835; baseline 0.02 -42"><span class='ocrx_word' id='word_1_542' title='bbox 1943 755 2085 808; x_wconf 70' lang='lat' dir='ltr'><strong>mete,</strong></span> <span class='ocrx_word' id='word_1_543' title='bbox 2117 751 2168 835; x_wconf 81' lang='lat' dir='ltr'><strong>et</strong></span> <span class='ocrx_word' id='word_1_544' title='bbox 2183 747 2438 813; x_wconf 84' lang='lat' dir='ltr'><strong>captivum</strong></span> <span class='ocrx_word' id='word_1_545' title='bbox 2477 767 2554 803; x_wconf 90' lang='lat' dir='ltr'><strong>me</strong></span> <span class='ocrx_word' id='word_1_546' title='bbox 2581 753 2841 809; x_wconf 83' lang='lat' dir='ltr'><strong>ducentem</strong></span> <span class='ocrx_word' id='word_1_547' title='bbox 2869 758 2922 812; x_wconf 87' lang='lat' dir='ltr'><strong>in</strong></span> <span class='ocrx_word' id='word_1_548' title='bbox 2951 760 3059 830; x_wconf 89' lang='lat' dir='ltr'><strong>lege</strong></span> <span class='ocrx_word' id='word_1_549' title='bbox 3085 767 3296 832; x_wconf 83' lang='lat' dir='ltr'><strong>peccati,</strong></span> <span class='ocrx_word' id='word_1_550' title='bbox 3319 782 3432 835; x_wconf 70' lang='lat' dir='ltr'><strong>quae</strong></span> <span class='ocrx_word' id='word_1_551' title='bbox 3456 778 3532 824; x_wconf 75' lang='lat' dir='ltr'><strong>est</strong></span> 
     </span>
    </p>
   </div>
   <div class='ocr_carea' id='block_1_68' title="bbox 1939 833 3530 921">
    <p class='ocr_par' dir='ltr' id='par_1_68' title="bbox 1939 833 3530 921">
     <span class='ocr_line' id='line_1_68' title="bbox 1939 833 3530 921; baseline 0.019 -37"><span class='ocrx_word' id='word_1_552' title='bbox 1939 846 1994 885; x_wconf 81' lang='lat' dir='ltr'><strong>tn</strong></span> <span class='ocrx_word' id='word_1_553' title='bbox 2018 833 2252 890; x_wconf 82' lang='lat' dir='ltr'><strong>membris</strong></span> <span class='ocrx_word' id='word_1_554' title='bbox 2277 841 2419 892; x_wconf 82' lang='lat' dir='ltr'><strong>meis.</strong></span> <span class='ocrx_word' id='word_1_555' title='bbox 2450 841 2609 896; x_wconf 78' lang='lat' dir='ltr'><strong>Miser</strong></span> <span class='ocrx_word' id='word_1_556' title='bbox 2647 862 2736 915; x_wconf 85' lang='lat' dir='ltr'><strong>ego</strong></span> <span class='ocrx_word' id='word_1_557' title='bbox 2757 848 2926 916; x_wconf 88' lang='lat' dir='ltr'><strong>homo,</strong></span> <span class='ocrx_word' id='word_1_558' title='bbox 2969 854 3081 921; x_wconf 89' lang='lat' dir='ltr'><strong>quis</strong></span> <span class='ocrx_word' id='word_1_559' title='bbox 3112 871 3190 908; x_wconf 89' lang='lat' dir='ltr'><strong>me</strong></span> <span class='ocrx_word' id='word_1_560' title='bbox 3210 833 3440 913; x_wconf 23' lang='lat' dir='ltr'><strong>liber-abit</strong></span> <span class='ocrx_word' id='word_1_561' title='bbox 3463 862 3530 915; x_wconf 84' lang='lat' dir='ltr'><strong>de</strong></span> 
     </span>
    </p>
   </div>
   <div class='ocr_carea' id='block_1_69' title="bbox 1938 930 3526 1011">
    <p class='ocr_par' dir='ltr' id='par_1_69' title="bbox 1938 930 3526 1011">
     <span class='ocr_line' id='line_1_69' title="bbox 1938 930 3526 1011; baseline 0.019 -36"><span class='ocrx_word' id='word_1_562' title='bbox 1938 937 2146 994; x_wconf 87' lang='lat' dir='ltr'><strong>corpore</strong></span> <span class='ocrx_word' id='word_1_563' title='bbox 2172 930 2345 983; x_wconf 88' lang='lat' dir='ltr'><strong>mortis</strong></span> <span class='ocrx_word' id='word_1_564' title='bbox 2375 931 2575 1001; x_wconf 84' lang='lat' dir='ltr'><strong>hujus?</strong></span> <span class='ocrx_word' id='word_1_565' title='bbox 2605 933 2783 989; x_wconf 83' lang='lat' dir='ltr'><strong>Gratia</strong></span> <span class='ocrx_word' id='word_1_566' title='bbox 2820 938 2920 995; x_wconf 89' lang='lat' dir='ltr'><strong>Dei</strong></span> <span class='ocrx_word' id='word_1_567' title='bbox 2947 959 3036 1011; x_wconf 86' lang='lat' dir='ltr'><strong>per</strong></span> <span class='ocrx_word' id='word_1_568' title='bbox 3052 943 3232 1000; x_wconf 74' lang='lat' dir='ltr'><strong>Iesum</strong></span> <span class='ocrx_word' id='word_1_569' title='bbox 3266 947 3526 1005; x_wconf 86' lang='lat' dir='ltr'><strong>Christum</strong></span> 
     </span>
    </p>
   </div>
   <div class='ocr_carea' id='block_1_70' title="bbox 1935 1011 3524 1112">
    <p class='ocr_par' dir='ltr' id='par_1_70' title="bbox 1935 1011 3524 1112">
     <span class='ocr_line' id='line_1_70' title="bbox 1935 1011 3524 1112; baseline 0.02 -45"><span class='ocrx_word' id='word_1_570' title='bbox 1935 1011 2226 1112; x_wconf 68' lang='lat' dir='ltr'><strong>Dominum</strong></span> <span class='ocrx_word' id='word_1_571' title='bbox 2245 1031 2471 1112; x_wconf 85' lang='lat' dir='ltr'><strong>nostrum</strong></span> <span class='ocrx_word' id='word_1_572' title='bbox 2499 1024 2675 1093; x_wconf 86' lang='lat' dir='ltr'><strong>(Rom.</strong></span> <span class='ocrx_word' id='word_1_573' title='bbox 2706 1044 2798 1095; x_wconf 87' lang='lat' dir='ltr'><strong>vu,</strong></span> <span class='ocrx_word' id='word_1_574' title='bbox 2828 1030 3003 1088; x_wconf 75' lang='lat'><strong>22-25</strong></span> <span class='ocrx_word' id='word_1_575' title='bbox 3033 1036 3071 1104; x_wconf 96' lang='lat'><strong>).</strong></span> <span class='ocrx_word' id='word_1_576' title='bbox 3097 1037 3274 1104; x_wconf 87' lang='lat' dir='ltr'><strong>Quare</strong></span> <span class='ocrx_word' id='word_1_577' title='bbox 3315 1042 3524 1112; x_wconf 84' lang='lat' dir='ltr'><strong>gratia?</strong></span> 
     </span>
    </p>
   </div>
   <div class='ocr_carea' id='block_1_71' title="bbox 1934 1103 3525 1196">
    <p class='ocr_par' dir='ltr' id='par_1_71' title="bbox 1934 1103 3525 1196">
     <span class='ocr_line' id='line_1_71' title="bbox 1934 1103 3525 1196; baseline 0.019 -38"><span class='ocrx_word' id='word_1_578' title='bbox 1934 1103 2066 1172; x_wconf 91' lang='lat' dir='ltr'><strong>Quia</strong></span> <span class='ocrx_word' id='word_1_579' title='bbox 2092 1109 2258 1178; x_wconf 88' lang='lat' dir='ltr'><strong>gratis</strong></span> <span class='ocrx_word' id='word_1_580' title='bbox 2287 1111 2461 1167; x_wconf 89' lang='lat' dir='ltr'><strong>datur.</strong></span> <span class='ocrx_word' id='word_1_581' title='bbox 2506 1115 2682 1180; x_wconf 90' lang='lat' dir='ltr'><strong>Quare</strong></span> <span class='ocrx_word' id='word_1_582' title='bbox 2723 1119 2890 1188; x_wconf 86' lang='lat' dir='ltr'><strong>gratis</strong></span> <span class='ocrx_word' id='word_1_583' title='bbox 2931 1103 3136 1179; x_wconf 81' lang='lat' dir='ltr'><strong>datur?</strong></span> <span class='ocrx_word' id='word_1_584' title='bbox 3152 1127 3285 1196; x_wconf 90' lang='lat' dir='ltr'><strong>Quia</strong></span> <span class='ocrx_word' id='word_1_585' title='bbox 3316 1103 3525 1188; x_wconf 49' lang='lat' dir='ltr'><strong>vmerita</strong></span> 
     </span>
    </p>
   </div>
   <div class='ocr_carea' id='block_1_72' title="bbox 1933 1205 3520 1292">
    <p class='ocr_par' dir='ltr' id='par_1_72' title="bbox 1933 1205 3520 1292">
     <span class='ocr_line' id='line_1_72' title="bbox 1933 1205 3520 1292; baseline 0.018 -41"><span class='ocrx_word' id='word_1_586' title='bbox 1933 1205 2019 1252; x_wconf 89' lang='lat' dir='ltr'><strong>tua</strong></span> <span class='ocrx_word' id='word_1_587' title='bbox 2043 1214 2148 1292; x_wconf 81' lang='lat' dir='ltr'><strong>non</strong></span> <span class='ocrx_word' id='word_1_588' title='bbox 2181 1215 2590 1273; x_wconf 65' lang='lat' dir='ltr'><strong>praecesserunt,</strong></span> <span class='ocrx_word' id='word_1_589' title='bbox 2619 1209 2713 1265; x_wconf 90' lang='lat' dir='ltr'><strong>sed</strong></span> <span class='ocrx_word' id='word_1_590' title='bbox 2745 1211 2998 1270; x_wconf 82' lang='lat' dir='ltr'><strong>beneﬁcia</strong></span> <span class='ocrx_word' id='word_1_591' title='bbox 3036 1217 3130 1273; x_wconf 91' lang='lat' dir='ltr'><strong>Dei</strong></span> <span class='ocrx_word' id='word_1_592' title='bbox 3159 1227 3209 1274; x_wconf 89' lang='lat' dir='ltr'><strong>te</strong></span> <span class='ocrx_word' id='word_1_593' title='bbox 3243 1236 3520 1292; x_wconf 73' lang='lat' dir='ltr'><strong>prtevene-</strong></span> 
     </span>
    </p>
   </div>
   <div class='ocr_carea' id='block_1_73' title="bbox 1930 1290 3523 1384">
    <p class='ocr_par' dir='ltr' id='par_1_73' title="bbox 1930 1290 3523 1384">
     <span class='ocr_line' id='line_1_73' title="bbox 1930 1290 3523 1384; baseline 0.016 -40"><span class='ocrx_word' id='word_1_594' title='bbox 1930 1300 2074 1346; x_wconf 89' lang='lat' dir='ltr'><strong>runt.</strong></span> <span class='ocrx_word' id='word_1_595' title='bbox 2107 1290 2186 1348; x_wconf 90' lang='lat' dir='ltr'><strong>llli</strong></span> <span class='ocrx_word' id='word_1_596' title='bbox 2216 1309 2345 1366; x_wconf 90' lang='lat' dir='ltr'><strong>ergo</strong></span> <span class='ocrx_word' id='word_1_597' title='bbox 2373 1297 2540 1366; x_wconf 86' lang='lat' dir='ltr'><strong>gloria</strong></span> <span class='ocrx_word' id='word_1_598' title='bbox 2562 1299 2649 1368; x_wconf 92' lang='lat' dir='ltr'><strong>qui</strong></span> <span class='ocrx_word' id='word_1_599' title='bbox 2677 1317 2774 1356; x_wconf 91' lang='lat' dir='ltr'><strong>nos</strong></span> <span class='ocrx_word' id='word_1_600' title='bbox 2803 1303 3012 1361; x_wconf 89' lang='lat' dir='ltr'><strong>liberat.</strong></span> <span class='ocrx_word' id='word_1_601' title='bbox 3046 1307 3232 1366; x_wconf 86' lang='lat' dir='ltr'><strong>Omnes</strong></span> <span class='ocrx_word' id='word_1_602' title='bbox 3247 1290 3383 1367; x_wconf 79' lang='lat' dir='ltr'><strong>enim</strong></span> <span class='ocrx_word' id='word_1_603' title='bbox 3403 1331 3523 1384; x_wconf 81' lang='lat' dir='ltr'><strong>pec-</strong></span> 
     </span>
    </p>
   </div>
   <div class='ocr_carea' id='block_1_74' title="bbox 1930 1385 3519 1475">
    <p class='ocr_par' dir='ltr' id='par_1_74' title="bbox 1930 1385 3519 1475">
     <span class='ocr_line' id='line_1_74' title="bbox 1930 1385 3519 1475; baseline 0.018 -42"><span class='ocrx_word' id='word_1_604' title='bbox 1930 1393 2187 1448; x_wconf 83' lang='lat' dir='ltr'><strong>caverunt,</strong></span> <span class='ocrx_word' id='word_1_605' title='bbox 2216 1394 2264 1438; x_wconf 91' lang='lat' dir='ltr'><strong>et</strong></span> <span class='ocrx_word' id='word_1_606' title='bbox 2292 1397 2434 1456; x_wconf 89' lang='lat' dir='ltr'><strong>egent</strong></span> <span class='ocrx_word' id='word_1_607' title='bbox 2453 1385 2618 1459; x_wconf 77' lang='lat' dir='ltr'><strong>gloria</strong></span> <span class='ocrx_word' id='word_1_608' title='bbox 2646 1390 2763 1446; x_wconf 88' lang='lat' dir='ltr'><strong>Dei.</strong></span> <span class='ocrx_word' id='word_1_609' title='bbox 2789 1391 2853 1448; x_wconf 87' lang='lat' dir='ltr'><strong>In</strong></span> <span class='ocrx_word' id='word_1_610' title='bbox 2883 1404 2929 1449; x_wconf 86' lang='lat' dir='ltr'><strong>te</strong></span> <span class='ocrx_word' id='word_1_611' title='bbox 2958 1411 3107 1467; x_wconf 90' lang='lat' dir='ltr'><strong>ergo,</strong></span> <span class='ocrx_word' id='word_1_612' title='bbox 3135 1397 3368 1468; x_wconf 88' lang='lat' dir='ltr'><strong>Domine,</strong></span> <span class='ocrx_word' id='word_1_613' title='bbox 3397 1421 3519 1475; x_wconf 84' lang='lat' dir='ltr'><strong>spe-</strong></span> 
     </span>
    </p>
   </div>
   <div class='ocr_carea' id='block_1_75' title="bbox 1927 1474 3519 1565">
    <p class='ocr_par' dir='ltr' id='par_1_75' title="bbox 1927 1474 3519 1565">
     <span class='ocr_line' id='line_1_75' title="bbox 1927 1474 3519 1565; baseline 0.019 -40"><span class='ocrx_word' id='word_1_614' title='bbox 1927 1474 2056 1540; x_wconf 81' lang='lat' dir='ltr'><strong>ravi,</strong></span> <span class='ocrx_word' id='word_1_615' title='bbox 2084 1489 2190 1530; x_wconf 92' lang='lat' dir='ltr'><strong>non</strong></span> <span class='ocrx_word' id='word_1_616' title='bbox 2222 1476 2273 1531; x_wconf 94' lang='lat' dir='ltr'><strong>in</strong></span> <span class='ocrx_word' id='word_1_617' title='bbox 2301 1494 2388 1534; x_wconf 91' lang='lat' dir='ltr'><strong>me</strong></span> <span class='ocrx_word' id='word_1_618' title='bbox 2421 1497 2434 1533; x_wconf 89' lang='lat'><strong>:</strong></span> <span class='ocrx_word' id='word_1_619' title='bbox 2485 1498 2586 1536; x_wconf 90' lang='lat' dir='ltr'><strong>non</strong></span> <span class='ocrx_word' id='word_1_620' title='bbox 2625 1487 2912 1556; x_wconf 82' lang='lat' dir='ltr'><strong>confundar</strong></span> <span class='ocrx_word' id='word_1_621' title='bbox 2939 1489 2991 1544; x_wconf 88' lang='lat' dir='ltr'><strong>in</strong></span> <span class='ocrx_word' id='word_1_622' title='bbox 3017 1500 3278 1559; x_wconf 66' lang='lat' dir='ltr'><strong>internum,</strong></span> <span class='ocrx_word' id='word_1_623' title='bbox 3308 1474 3431 1565; x_wconf 87' lang='lat' dir='ltr'><strong>quia</strong></span> <span class='ocrx_word' id='word_1_624' title='bbox 3462 1497 3519 1554; x_wconf 86' lang='lat' dir='ltr'><strong>in</strong></span> 
     </span>
    </p>
   </div>
   <div class='ocr_carea' id='block_1_76' title="bbox 1926 1569 3514 1659">
    <p class='ocr_par' dir='ltr' id='par_1_76' title="bbox 1926 1569 3514 1659">
     <span class='ocr_line' id='line_1_76' title="bbox 1926 1569 3514 1659; baseline 0.018 -41"><span class='ocrx_word' id='word_1_625' title='bbox 1926 1578 1992 1618; x_wconf 89' lang='lat' dir='ltr'><strong>eo</strong></span> <span class='ocrx_word' id='word_1_626' title='bbox 2017 1579 2176 1634; x_wconf 91' lang='lat' dir='ltr'><strong>spero</strong></span> <span class='ocrx_word' id='word_1_627' title='bbox 2204 1569 2295 1637; x_wconf 91' lang='lat' dir='ltr'><strong>qui</strong></span> <span class='ocrx_word' id='word_1_628' title='bbox 2326 1585 2430 1626; x_wconf 93' lang='lat' dir='ltr'><strong>non</strong></span> <span class='ocrx_word' id='word_1_629' title='bbox 2461 1573 2737 1631; x_wconf 88' lang='lat' dir='ltr'><strong>confundit</strong></span> <span class='ocrx_word' id='word_1_630' title='bbox 2768 1579 2806 1630; x_wconf 85' lang='grc'><strong>¹.</strong></span> <span class='ocrx_word' id='word_1_631' title='bbox 2837 1578 2905 1634; x_wconf 83' lang='lat' dir='ltr'><strong>In</strong></span> <span class='ocrx_word' id='word_1_632' title='bbox 2925 1591 3011 1635; x_wconf 86' lang='lat' dir='ltr'><strong>tua</strong></span> <span class='ocrx_word' id='word_1_633' title='bbox 3035 1583 3244 1654; x_wconf 83' lang='lat' dir='ltr'><strong>justitia</strong></span> <span class='ocrx_word' id='word_1_634' title='bbox 3269 1603 3386 1644; x_wconf 89' lang='lat' dir='ltr'><strong>erue</strong></span> <span class='ocrx_word' id='word_1_635' title='bbox 3410 1606 3514 1659; x_wconf 88' lang='lat' dir='ltr'><strong>me,</strong></span> 
     </span>
    </p>
   </div>
   <div class='ocr_carea' id='block_1_77' title="bbox 1926 1657 3515 1747">
    <p class='ocr_par' dir='ltr' id='par_1_77' title="bbox 1926 1657 3515 1747">
     <span class='ocr_line' id='line_1_77' title="bbox 1926 1657 3515 1747; baseline 0.017 -39"><span class='ocrx_word' id='word_1_636' title='bbox 1926 1663 1974 1708; x_wconf 89' lang='lat' dir='ltr'><strong>et</strong></span> <span class='ocrx_word' id='word_1_637' title='bbox 1992 1657 2154 1712; x_wconf 68' lang='lat' dir='ltr'><strong>exime</strong></span> <span class='ocrx_word' id='word_1_638' title='bbox 2173 1675 2253 1713; x_wconf 91' lang='lat' dir='ltr'><strong>me</strong></span> <span class='ocrx_word' id='word_1_639' title='bbox 2276 1661 2426 1731; x_wconf 88' lang='lat' dir='ltr'><strong>:quia</strong></span> <span class='ocrx_word' id='word_1_640' title='bbox 2449 1679 2552 1720; x_wconf 91' lang='lat' dir='ltr'><strong>non</strong></span> <span class='ocrx_word' id='word_1_641' title='bbox 2571 1665 2816 1724; x_wconf 89' lang='lat' dir='ltr'><strong>invenisti</strong></span> <span class='ocrx_word' id='word_1_642' title='bbox 2845 1669 2896 1725; x_wconf 92' lang='lat' dir='ltr'><strong>in</strong></span> <span class='ocrx_word' id='word_1_643' title='bbox 2923 1687 3013 1727; x_wconf 90' lang='lat' dir='ltr'><strong>me</strong></span> <span class='ocrx_word' id='word_1_644' title='bbox 3033 1672 3294 1743; x_wconf 89' lang='lat' dir='ltr'><strong>justitiam</strong></span> <span class='ocrx_word' id='word_1_645' title='bbox 3316 1657 3515 1747; x_wconf 75' lang='lat' dir='ltr'><strong>meam,</strong></span> 
     </span>
    </p>
   </div>
   <div class='ocr_carea' id='block_1_78' title="bbox 1925 1749 3517 1840">
    <p class='ocr_par' dir='ltr' id='par_1_78' title="bbox 1925 1749 3517 1840">
     <span class='ocr_line' id='line_1_78' title="bbox 1925 1749 3517 1840; baseline 0.018 -41"><span class='ocrx_word' id='word_1_646' title='bbox 1925 1759 2052 1840; x_wconf 81' lang='lat' dir='ltr'><strong>erue</strong></span> <span class='ocrx_word' id='word_1_647' title='bbox 2072 1763 2159 1804; x_wconf 93' lang='lat' dir='ltr'><strong>me</strong></span> <span class='ocrx_word' id='word_1_648' title='bbox 2188 1749 2241 1804; x_wconf 91' lang='lat' dir='ltr'><strong>in</strong></span> <span class='ocrx_word' id='word_1_649' title='bbox 2270 1759 2388 1816; x_wconf 88' lang='lat' dir='ltr'><strong>tua;</strong></span> <span class='ocrx_word' id='word_1_650' title='bbox 2421 1753 2522 1810; x_wconf 90' lang='lat' dir='ltr'><strong>hoc</strong></span> <span class='ocrx_word' id='word_1_651' title='bbox 2545 1765 2648 1825; x_wconf 88' lang='lat' dir='ltr'><strong>est,</strong></span> <span class='ocrx_word' id='word_1_652' title='bbox 2681 1759 2807 1814; x_wconf 88' lang='lat' dir='ltr'><strong>illud</strong></span> <span class='ocrx_word' id='word_1_653' title='bbox 2838 1776 2923 1817; x_wconf 91' lang='lat' dir='ltr'><strong>me</strong></span> <span class='ocrx_word' id='word_1_654' title='bbox 2953 1773 3108 1819; x_wconf 89' lang='lat' dir='ltr'><strong>eruat</strong></span> <span class='ocrx_word' id='word_1_655' title='bbox 3145 1768 3286 1837; x_wconf 93' lang='lat' dir='ltr'><strong>quod</strong></span> <span class='ocrx_word' id='word_1_656' title='bbox 3316 1785 3403 1826; x_wconf 90' lang='lat' dir='ltr'><strong>me</strong></span> <span class='ocrx_word' id='word_1_657' title='bbox 3424 1772 3517 1840; x_wconf 79' lang='lat' dir='ltr'><strong>ju-</strong></span> 
     </span>
    </p>
   </div>
   <div class='ocr_carea' id='block_1_79' title="bbox 1923 1837 3516 1932">
    <p class='ocr_par' dir='ltr' id='par_1_79' title="bbox 1923 1837 3516 1932">
     <span class='ocr_line' id='line_1_79' title="bbox 1923 1837 3516 1932; baseline 0.018 -42"><span class='ocrx_word' id='word_1_658' title='bbox 1923 1837 2138 1932; x_wconf 77' lang='lat' dir='ltr'><strong>stiﬂcat,</strong></span> <span class='ocrx_word' id='word_1_659' title='bbox 2186 1841 2328 1911; x_wconf 90' lang='lat' dir='ltr'><strong>quod</strong></span> <span class='ocrx_word' id='word_1_660' title='bbox 2355 1859 2422 1899; x_wconf 82' lang='lat' dir='ltr'><strong>ex</strong></span> <span class='ocrx_word' id='word_1_661' title='bbox 2470 1848 2632 1917; x_wconf 89' lang='lat' dir='ltr'><strong>impio</strong></span> <span class='ocrx_word' id='word_1_662' title='bbox 2676 1857 2819 1919; x_wconf 86' lang='lat' dir='ltr'><strong>plum</strong></span> <span class='ocrx_word' id='word_1_663' title='bbox 2852 1851 3008 1922; x_wconf 84' lang='lat' dir='ltr'><strong>facit,</strong></span> <span class='ocrx_word' id='word_1_664' title='bbox 3041 1857 3184 1926; x_wconf 90' lang='lat' dir='ltr'><strong>quod</strong></span> <span class='ocrx_word' id='word_1_665' title='bbox 3227 1874 3293 1914; x_wconf 85' lang='lat' dir='ltr'><strong>ex</strong></span> <span class='ocrx_word' id='word_1_666' title='bbox 3332 1837 3516 1932; x_wconf 83' lang='lat' dir='ltr'><strong>iniquo</strong></span> 
     </span>
    </p>
   </div>
   <div class='ocr_carea' id='block_1_80' title="bbox 1918 1925 3516 2016">
    <p class='ocr_par' dir='ltr' id='par_1_80' title="bbox 1918 1925 3516 2016">
     <span class='ocr_line' id='line_1_80' title="bbox 1918 1925 3516 2016; baseline 0.019 -36"><span class='ocrx_word' id='word_1_667' title='bbox 1918 1925 2141 1997; x_wconf 91' lang='lat' dir='ltr'><strong>justum,</strong></span> <span class='ocrx_word' id='word_1_668' title='bbox 2174 1934 2316 2003; x_wconf 92' lang='lat' dir='ltr'><strong>quod</strong></span> <span class='ocrx_word' id='word_1_669' title='bbox 2360 1950 2424 1991; x_wconf 91' lang='lat' dir='ltr'><strong>ex</strong></span> <span class='ocrx_word' id='word_1_670' title='bbox 2468 1952 2614 1994; x_wconf 66' lang='lat' dir='ltr'><strong>caeco</strong></span> <span class='ocrx_word' id='word_1_671' title='bbox 2643 1941 2935 2011; x_wconf 89' lang='lat' dir='ltr'><strong>videntem,</strong></span> <span class='ocrx_word' id='word_1_672' title='bbox 2980 1925 3122 2016; x_wconf 83' lang='lat' dir='ltr'><strong>quod</strong></span> <span class='ocrx_word' id='word_1_673' title='bbox 3177 1965 3240 2005; x_wconf 79' lang='lat' dir='ltr'><strong>ex</strong></span> <span class='ocrx_word' id='word_1_674' title='bbox 3287 1925 3516 2012; x_wconf 82' lang='lat' dir='ltr'><strong>cadente</strong></span> 
     </span>
    </p>
   </div>
   <div class='ocr_carea' id='block_1_81' title="bbox 1921 2027 3514 2106">
    <p class='ocr_par' dir='ltr' id='par_1_81' title="bbox 1921 2027 3514 2106">
     <span class='ocr_line' id='line_1_81' title="bbox 1921 2027 3514 2106; baseline 0.02 -34"><span class='ocrx_word' id='word_1_675' title='bbox 1921 2030 2248 2092; x_wconf 88' lang='lat' dir='ltr'><strong>surgentem,</strong></span> <span class='ocrx_word' id='word_1_676' title='bbox 2277 2027 2417 2096; x_wconf 90' lang='lat' dir='ltr'><strong>quod</strong></span> <span class='ocrx_word' id='word_1_677' title='bbox 2463 2044 2529 2085; x_wconf 81' lang='lat' dir='ltr'><strong>ex</strong></span> <span class='ocrx_word' id='word_1_678' title='bbox 2563 2030 2724 2089; x_wconf 85' lang='lat' dir='ltr'><strong>flente</strong></span> <span class='ocrx_word' id='word_1_679' title='bbox 2764 2035 3103 2106; x_wconf 87' lang='lat' dir='ltr'><strong>gaudentem.</strong></span> <span class='ocrx_word' id='word_1_680' title='bbox 3155 2042 3269 2097; x_wconf 88' lang='lat' dir='ltr'><strong>Hoc</strong></span> <span class='ocrx_word' id='word_1_681' title='bbox 3313 2061 3401 2103; x_wconf 90' lang='lat' dir='ltr'><strong>me</strong></span> <span class='ocrx_word' id='word_1_682' title='bbox 3447 2047 3514 2103; x_wconf 82' lang='lat' dir='ltr'><strong>li-</strong></span> 
     </span>
    </p>
   </div>
   <div class='ocr_carea' id='block_1_82' title="bbox 1922 2108 3510 2200">
    <p class='ocr_par' dir='ltr' id='par_1_82' title="bbox 1922 2108 3510 2200">
     <span class='ocr_line' id='line_1_82' title="bbox 1922 2108 3510 2200; baseline 0.019 -35"><span class='ocrx_word' id='word_1_683' title='bbox 1922 2108 2090 2178; x_wconf 84' lang='lat' dir='ltr'><strong>berat,</strong></span> <span class='ocrx_word' id='word_1_684' title='bbox 2124 2130 2227 2169; x_wconf 90' lang='lat' dir='ltr'><strong>non</strong></span> <span class='ocrx_word' id='word_1_685' title='bbox 2268 2133 2385 2188; x_wconf 89' lang='lat' dir='ltr'><strong>ego.</strong></span> <span class='ocrx_word' id='word_1_686' title='bbox 2418 2117 2484 2174; x_wconf 86' lang='lat' dir='ltr'><strong>In</strong></span> <span class='ocrx_word' id='word_1_687' title='bbox 2517 2123 2724 2192; x_wconf 88' lang='lat' dir='ltr'><strong>justitia</strong></span> <span class='ocrx_word' id='word_1_688' title='bbox 2751 2137 2837 2183; x_wconf 87' lang='lat' dir='ltr'><strong>tua</strong></span> <span class='ocrx_word' id='word_1_689' title='bbox 2889 2146 3005 2185; x_wconf 78' lang='lat' dir='ltr'><strong>erue</strong></span> <span class='ocrx_word' id='word_1_690' title='bbox 3031 2149 3128 2200; x_wconf 90' lang='lat' dir='ltr'><strong>me,</strong></span> <span class='ocrx_word' id='word_1_691' title='bbox 3152 2143 3198 2188; x_wconf 89' lang='lat' dir='ltr'><strong>et</strong></span> <span class='ocrx_word' id='word_1_692' title='bbox 3226 2138 3387 2192; x_wconf 73' lang='lat' dir='ltr'><strong>exime</strong></span> <span class='ocrx_word' id='word_1_693' title='bbox 3407 2156 3510 2195; x_wconf 85' lang='lat' dir='ltr'><strong>me.</strong></span> 
     </span>
    </p>
   </div>
   <div class='ocr_carea' id='block_1_83' title="bbox 1992 2201 3510 2296">
    <p class='ocr_par' dir='ltr' id='par_1_83' title="bbox 1992 2201 3510 2296">
     <span class='ocr_line' id='line_1_83' title="bbox 1992 2201 3510 2296; baseline 0.019 -39"><span class='ocrx_word' id='word_1_694' title='bbox 1992 2202 2044 2257; x_wconf 86' lang='lat'><strong>7.</strong></span> <span class='ocrx_word' id='word_1_695' title='bbox 2065 2201 2216 2296; x_wconf 69' lang='grc' dir='ltr'><strong>[νει-ε.</strong></span> <span class='ocrx_word' id='word_1_696' title='bbox 2233 2206 2314 2281; x_wconf 82' lang='grc'><strong>5.]</strong></span> <span class='ocrx_word' id='word_1_697' title='bbox 2331 2207 2358 2262; x_wconf 86' lang='grc'><strong>1</strong></span> <span class='ocrx_word' id='word_1_698' title='bbox 2366 2211 2533 2266; x_wconf 87' lang='lat' dir='ltr'><strong>ncliua</strong></span> <span class='ocrx_word' id='word_1_699' title='bbox 2549 2213 2617 2268; x_wconf 82' lang='lat' dir='ltr'><strong>ad</strong></span> <span class='ocrx_word' id='word_1_700' title='bbox 2627 2232 2704 2270; x_wconf 88' lang='lat' dir='ltr'><strong>me</strong></span> <span class='ocrx_word' id='word_1_701' title='bbox 2712 2233 2889 2272; x_wconf 88' lang='lat' dir='ltr'><strong>aurem</strong></span> <span class='ocrx_word' id='word_1_702' title='bbox 2909 2217 3077 2277; x_wconf 78' lang='lat' dir='ltr'><strong>tuani:</strong></span> <span class='ocrx_word' id='word_1_703' title='bbox 3098 2222 3219 2280; x_wconf 86' lang='lat' dir='ltr'><strong>fecit</strong></span> <span class='ocrx_word' id='word_1_704' title='bbox 3230 2225 3333 2283; x_wconf 90' lang='lat' dir='ltr'><strong>hoc</strong></span> <span class='ocrx_word' id='word_1_705' title='bbox 3347 2227 3510 2296; x_wconf 83' lang='lat' dir='ltr'><strong>Deus,</strong></span> 
     </span>
    </p>
   </div>
   <div class='ocr_carea' id='block_1_84' title="bbox 1920 2295 3511 2376">
    <p class='ocr_par' dir='ltr' id='par_1_84' title="bbox 1920 2295 3511 2376">
     <span class='ocr_line' id='line_1_84' title="bbox 1920 2295 3511 2376; baseline 0.019 -31"><span class='ocrx_word' id='word_1_706' title='bbox 1920 2295 2131 2363; x_wconf 89' lang='lat' dir='ltr'><strong>quando</strong></span> <span class='ocrx_word' id='word_1_707' title='bbox 2148 2295 2318 2366; x_wconf 88' lang='lat' dir='ltr'><strong>ipsum</strong></span> <span class='ocrx_word' id='word_1_708' title='bbox 2341 2300 2608 2358; x_wconf 87' lang='lat' dir='ltr'><strong>Christum</strong></span> <span class='ocrx_word' id='word_1_709' title='bbox 2621 2306 2686 2361; x_wconf 92' lang='lat' dir='ltr'><strong>ad</strong></span> <span class='ocrx_word' id='word_1_710' title='bbox 2705 2322 2803 2363; x_wconf 89' lang='lat' dir='ltr'><strong>nos</strong></span> <span class='ocrx_word' id='word_1_711' title='bbox 2824 2310 2986 2368; x_wconf 90' lang='lat' dir='ltr'><strong>misit.</strong></span> <span class='ocrx_word' id='word_1_712' title='bbox 3004 2311 3154 2368; x_wconf 86' lang='lat' dir='ltr'><strong>Illum</strong></span> <span class='ocrx_word' id='word_1_713' title='bbox 3166 2315 3230 2371; x_wconf 90' lang='lat' dir='ltr'><strong>ad</strong></span> <span class='ocrx_word' id='word_1_714' title='bbox 3247 2331 3346 2372; x_wconf 91' lang='lat' dir='ltr'><strong>nos</strong></span> <span class='ocrx_word' id='word_1_715' title='bbox 3361 2295 3511 2376; x_wconf 85' lang='lat' dir='ltr'><strong>misit</strong></span> 
     </span>
    </p>
   </div>
   <div class='ocr_carea' id='block_1_85' title="bbox 1918 2383 3508 2481">
    <p class='ocr_par' dir='ltr' id='par_1_85' title="bbox 1918 2383 3508 2481">
     <span class='ocr_line' id='line_1_85' title="bbox 1918 2383 3508 2481; baseline 0.02 -45"><span class='ocrx_word' id='word_1_716' title='bbox 1918 2383 2009 2481; x_wconf 80' lang='lat' dir='ltr'><strong>qui</strong></span> <span class='ocrx_word' id='word_1_717' title='bbox 2033 2385 2284 2481; x_wconf 80' lang='lat' dir='ltr'><strong>inclinato</strong></span> <span class='ocrx_word' id='word_1_718' title='bbox 2295 2391 2468 2460; x_wconf 90' lang='lat' dir='ltr'><strong>capite</strong></span> <span class='ocrx_word' id='word_1_719' title='bbox 2483 2393 2648 2466; x_wconf 88' lang='lat' dir='ltr'><strong>digito</strong></span> <span class='ocrx_word' id='word_1_720' title='bbox 2670 2399 2935 2456; x_wconf 84' lang='lat' dir='ltr'><strong>scribebat</strong></span> <span class='ocrx_word' id='word_1_721' title='bbox 2960 2403 3014 2458; x_wconf 90' lang='lat' dir='ltr'><strong>in</strong></span> <span class='ocrx_word' id='word_1_722' title='bbox 3034 2413 3170 2461; x_wconf 87' lang='lat' dir='ltr'><strong>terra</strong></span> <span class='ocrx_word' id='word_1_723' title='bbox 3191 2407 3370 2478; x_wconf 85' lang='lat' dir='ltr'><strong>(Joan.</strong></span> <span class='ocrx_word' id='word_1_724' title='bbox 3389 2427 3508 2481; x_wconf 83' lang='lat' dir='ltr'><strong>vui,</strong></span> 
     </span>
    </p>
   </div>
   <div class='ocr_carea' id='block_1_86' title="bbox 1919 2472 3512 2570">
    <p class='ocr_par' dir='ltr' id='par_1_86' title="bbox 1919 2472 3512 2570">
     <span class='ocr_line' id='line_1_86' title="bbox 1919 2472 3512 2570; baseline 0.019 -40"><span class='ocrx_word' id='word_1_725' title='bbox 1919 2472 1996 2546; x_wconf 88' lang='lat'><strong>6),</strong></span> <span class='ocrx_word' id='word_1_726' title='bbox 2014 2479 2228 2548; x_wconf 89' lang='lat' dir='ltr'><strong>quando</strong></span> <span class='ocrx_word' id='word_1_727' title='bbox 2242 2481 2290 2536; x_wconf 90' lang='lat' dir='ltr'><strong>ei</strong></span> <span class='ocrx_word' id='word_1_728' title='bbox 2308 2482 2544 2540; x_wconf 89' lang='lat' dir='ltr'><strong>adultera</strong></span> <span class='ocrx_word' id='word_1_729' title='bbox 2563 2491 2754 2545; x_wconf 90' lang='lat' dir='ltr'><strong>mulier</strong></span> <span class='ocrx_word' id='word_1_730' title='bbox 2773 2492 3098 2553; x_wconf 70' lang='lat' dir='ltr'><strong>offerebatur</strong></span> <span class='ocrx_word' id='word_1_731' title='bbox 3122 2472 3512 2570; x_wconf 70' lang='lat' dir='ltr'><strong>puniendaJllo</strong></span> 
     </span>
    </p>
   </div>
   <div class='ocr_carea' id='block_1_87' title="bbox 1917 2570 3511 2656">
    <p class='ocr_par' dir='ltr' id='par_1_87' title="bbox 1917 2570 3511 2656">
     <span class='ocr_line' id='line_1_87' title="bbox 1917 2570 3511 2656; baseline 0.021 -37"><span class='ocrx_word' id='word_1_732' title='bbox 1917 2576 2093 2623; x_wconf 89' lang='lat' dir='ltr'><strong>autem</strong></span> <span class='ocrx_word' id='word_1_733' title='bbox 2122 2570 2469 2632; x_wconf 89' lang='lat' dir='ltr'><strong>inclinaverat</strong></span> <span class='ocrx_word' id='word_1_734' title='bbox 2488 2592 2547 2634; x_wconf 92' lang='lat' dir='ltr'><strong>se</strong></span> <span class='ocrx_word' id='word_1_735' title='bbox 2571 2579 2639 2635; x_wconf 91' lang='lat' dir='ltr'><strong>ad</strong></span> <span class='ocrx_word' id='word_1_736' title='bbox 2671 2591 2888 2650; x_wconf 87' lang='lat' dir='ltr'><strong>terram,</strong></span> <span class='ocrx_word' id='word_1_737' title='bbox 2916 2585 2970 2641; x_wconf 92' lang='lat' dir='ltr'><strong>id</strong></span> <span class='ocrx_word' id='word_1_738' title='bbox 2995 2597 3097 2656; x_wconf 92' lang='lat' dir='ltr'><strong>est,</strong></span> <span class='ocrx_word' id='word_1_739' title='bbox 3132 2590 3271 2647; x_wconf 90' lang='lat' dir='ltr'><strong>Deus</strong></span> <span class='ocrx_word' id='word_1_740' title='bbox 3313 2593 3382 2650; x_wconf 86' lang='lat' dir='ltr'><strong>ad</strong></span> <span class='ocrx_word' id='word_1_741' title='bbox 3407 2594 3511 2651; x_wconf 88' lang='lat' dir='ltr'><strong>ho-</strong></span> 
     </span>
    </p>
   </div>
   <div class='ocr_carea' id='block_1_88' title="bbox 1918 2659 3509 2745">
    <p class='ocr_par' dir='ltr' id='par_1_88' title="bbox 1918 2659 3509 2745">
     <span class='ocr_line' id='line_1_88' title="bbox 1918 2659 3509 2745; baseline 0.021 -35"><span class='ocrx_word' id='word_1_742' title='bbox 1918 2659 2138 2726; x_wconf 89' lang='lat' dir='ltr'><strong>minem,</strong></span> <span class='ocrx_word' id='word_1_743' title='bbox 2169 2664 2253 2718; x_wconf 91' lang='lat' dir='ltr'><strong>cui</strong></span> <span class='ocrx_word' id='word_1_744' title='bbox 2286 2665 2485 2723; x_wconf 92' lang='lat' dir='ltr'><strong>dictum</strong></span> <span class='ocrx_word' id='word_1_745' title='bbox 2533 2681 2639 2739; x_wconf 92' lang='lat' dir='ltr'><strong>est,</strong></span> <span class='ocrx_word' id='word_1_746' title='bbox 2670 2672 2832 2730; x_wconf 87' lang='lat' dir='ltr'><strong>Terra</strong></span> <span class='ocrx_word' id='word_1_747' title='bbox 2875 2695 2944 2745; x_wconf 91' lang='lat' dir='ltr'><strong>es,</strong></span> <span class='ocrx_word' id='word_1_748' title='bbox 2997 2690 3046 2734; x_wconf 92' lang='lat' dir='ltr'><strong>et</strong></span> <span class='ocrx_word' id='word_1_749' title='bbox 3093 2682 3147 2736; x_wconf 88' lang='lat' dir='ltr'><strong>in</strong></span> <span class='ocrx_word' id='word_1_750' title='bbox 3181 2692 3368 2740; x_wconf 86' lang='lat' dir='ltr'><strong>terram</strong></span> <span class='ocrx_word' id='word_1_751' title='bbox 3410 2688 3509 2744; x_wconf 84' lang='lat' dir='ltr'><strong>ibis</strong></span> 
     </span>
    </p>
   </div>
   <div class='ocr_carea' id='block_1_89' title="bbox 1921 2745 3510 2844">
    <p class='ocr_par' dir='ltr' id='par_1_89' title="bbox 1921 2745 3510 2844">
     <span class='ocr_line' id='line_1_89' title="bbox 1921 2745 3510 2844; baseline 0.021 -42"><span class='ocrx_word' id='word_1_752' title='bbox 1921 2745 2072 2844; x_wconf 77' lang='lat' dir='ltr'><strong>(Gen.</strong></span> <span class='ocrx_word' id='word_1_753' title='bbox 2124 2768 2202 2844; x_wconf 86' lang='grc' dir='ltr'><strong>ιιι,</strong></span> <span class='ocrx_word' id='word_1_754' title='bbox 2257 2755 2366 2827; x_wconf 81' lang='grc'><strong>19).</strong></span> <span class='ocrx_word' id='word_1_755' title='bbox 2396 2757 2512 2815; x_wconf 81' lang='lat' dir='ltr'><strong>Non</strong></span> <span class='ocrx_word' id='word_1_756' title='bbox 2558 2765 2700 2819; x_wconf 90' lang='lat' dir='ltr'><strong>enim</strong></span> <span class='ocrx_word' id='word_1_757' title='bbox 2752 2769 2905 2837; x_wconf 91' lang='lat' dir='ltr'><strong>quasi</strong></span> <span class='ocrx_word' id='word_1_758' title='bbox 2959 2775 3328 2844; x_wconf 90' lang='lat' dir='ltr'><strong>corporalibus</strong></span> <span class='ocrx_word' id='word_1_759' title='bbox 3373 2778 3510 2834; x_wconf 85' lang='lat' dir='ltr'><strong>locis</strong></span> 
     </span>
    </p>
   </div>
   <div class='ocr_carea' id='block_1_90' title="bbox 1915 2840 3506 2926">
    <p class='ocr_par' dir='ltr' id='par_1_90' title="bbox 1915 2840 3506 2926">
     <span class='ocr_line' id='line_1_90' title="bbox 1915 2840 3506 2926; baseline 0.019 -32"><span class='ocrx_word' id='word_1_760' title='bbox 1915 2840 2056 2898; x_wconf 90' lang='lat' dir='ltr'><strong>Deus</strong></span> <span class='ocrx_word' id='word_1_761' title='bbox 2075 2843 2140 2898; x_wconf 91' lang='lat' dir='ltr'><strong>ad</strong></span> <span class='ocrx_word' id='word_1_762' title='bbox 2169 2861 2269 2901; x_wconf 91' lang='lat' dir='ltr'><strong>nos</strong></span> <span class='ocrx_word' id='word_1_763' title='bbox 2297 2848 2519 2906; x_wconf 84' lang='lat' dir='ltr'><strong>inclinat</strong></span> <span class='ocrx_word' id='word_1_764' title='bbox 2545 2868 2730 2910; x_wconf 87' lang='lat' dir='ltr'><strong>aurem</strong></span> <span class='ocrx_word' id='word_1_765' title='bbox 2780 2873 2956 2926; x_wconf 91' lang='lat' dir='ltr'><strong>suam,</strong></span> <span class='ocrx_word' id='word_1_766' title='bbox 2988 2840 3080 2916; x_wconf 76' lang='lat' dir='ltr'><strong>aut</strong></span> <span class='ocrx_word' id='word_1_767' title='bbox 3101 2865 3356 2921; x_wconf 89' lang='lat' dir='ltr'><strong>membris</strong></span> <span class='ocrx_word' id='word_1_768' title='bbox 3385 2869 3506 2925; x_wconf 89' lang='lat' dir='ltr'><strong>istis</strong></span> 
     </span>
    </p>
   </div>
   <div class='ocr_carea' id='block_1_91' title="bbox 1913 2936 3507 3017">
    <p class='ocr_par' dir='ltr' id='par_1_91' title="bbox 1913 2936 3507 3017">
     <span class='ocr_line' id='line_1_91' title="bbox 1913 2936 3507 3017; baseline 0.018 -30"><span class='ocrx_word' id='word_1_769' title='bbox 1913 2936 2183 3004; x_wconf 90' lang='lat' dir='ltr'><strong>corporeis</strong></span> <span class='ocrx_word' id='word_1_770' title='bbox 2226 2937 2594 3000; x_wconf 90' lang='lat' dir='ltr'><strong>determinatis</strong></span> <span class='ocrx_word' id='word_1_771' title='bbox 2635 2945 2813 3004; x_wconf 82' lang='lat' dir='ltr'><strong>finitus</strong></span> <span class='ocrx_word' id='word_1_772' title='bbox 2838 2960 2940 3006; x_wconf 89' lang='lat' dir='ltr'><strong>est.</strong></span> <span class='ocrx_word' id='word_1_773' title='bbox 2977 2951 3209 3011; x_wconf 90' lang='lat' dir='ltr'><strong>Omnino</strong></span> <span class='ocrx_word' id='word_1_774' title='bbox 3250 2958 3377 3014; x_wconf 90' lang='lat' dir='ltr'><strong>nihil</strong></span> <span class='ocrx_word' id='word_1_775' title='bbox 3407 2959 3507 3017; x_wconf 86' lang='lat' dir='ltr'><strong>ho-</strong></span> 
     </span>
    </p>
   </div>
   <div class='ocr_carea' id='block_1_92' title="bbox 1912 3027 3502 3110">
    <p class='ocr_par' dir='ltr' id='par_1_92' title="bbox 1912 3027 3502 3110">
     <span class='ocr_line' id='line_1_92' title="bbox 1912 3027 3502 3110; baseline 0.02 -33"><span class='ocrx_word' id='word_1_776' title='bbox 1912 3038 2030 3078; x_wconf 89' lang='lat' dir='ltr'><strong>rum</strong></span> <span class='ocrx_word' id='word_1_777' title='bbox 2058 3027 2296 3098; x_wconf 87' lang='lat' dir='ltr'><strong>cogitent</strong></span> <span class='ocrx_word' id='word_1_778' title='bbox 2316 3031 2546 3090; x_wconf 89' lang='lat' dir='ltr'><strong>humana</strong></span> <span class='ocrx_word' id='word_1_779' title='bbox 2577 3035 2966 3106; x_wconf 89' lang='lat' dir='ltr'><strong>phantasmata.</strong></span> <span class='ocrx_word' id='word_1_780' title='bbox 2997 3043 3208 3101; x_wconf 82' lang='lat' dir='ltr'><strong>Veritas</strong></span> <span class='ocrx_word' id='word_1_781' title='bbox 3227 3057 3310 3103; x_wconf 89' lang='lat' dir='ltr'><strong>est</strong></span> <span class='ocrx_word' id='word_1_782' title='bbox 3337 3049 3502 3110; x_wconf 86' lang='lat' dir='ltr'><strong>Deus.</strong></span> 
     </span>
    </p>
   </div>
   <div class='ocr_carea' id='block_1_93' title="bbox 1916 3115 3501 3213">
    <p class='ocr_par' dir='ltr' id='par_1_93' title="bbox 1916 3115 3501 3213">
     <span class='ocr_line' id='line_1_93' title="bbox 1916 3115 3501 3213; baseline 0.018 -43"><span class='ocrx_word' id='word_1_783' title='bbox 1916 3115 2123 3213; x_wconf 59' lang='lat' dir='ltr'><strong>Xeritas</strong></span> <span class='ocrx_word' id='word_1_784' title='bbox 2152 3136 2251 3176; x_wconf 89' lang='lat' dir='ltr'><strong>nec</strong></span> <span class='ocrx_word' id='word_1_785' title='bbox 2299 3123 2500 3194; x_wconf 90' lang='lat' dir='ltr'><strong>quadra</strong></span> <span class='ocrx_word' id='word_1_786' title='bbox 2548 3137 2653 3190; x_wconf 90' lang='lat' dir='ltr'><strong>est,</strong></span> <span class='ocrx_word' id='word_1_787' title='bbox 2706 3145 2807 3185; x_wconf 91' lang='lat' dir='ltr'><strong>nec</strong></span> <span class='ocrx_word' id='word_1_788' title='bbox 2866 3133 3114 3200; x_wconf 89' lang='lat' dir='ltr'><strong>rotunda,</strong></span> <span class='ocrx_word' id='word_1_789' title='bbox 3163 3152 3263 3192; x_wconf 93' lang='lat' dir='ltr'><strong>nec</strong></span> <span class='ocrx_word' id='word_1_790' title='bbox 3317 3139 3501 3213; x_wconf 85' lang='lat' dir='ltr'><strong>longa.</strong></span> 
     </span>
    </p>
   </div>
   <div class='ocr_carea' id='block_1_94' title="bbox 1909 3207 3499 3302">
    <p class='ocr_par' dir='ltr' id='par_1_94' title="bbox 1909 3207 3499 3302">
     <span class='ocr_line' id='line_1_94' title="bbox 1909 3207 3499 3302; baseline 0.016 -38"><span class='ocrx_word' id='word_1_791' title='bbox 1909 3207 2122 3302; x_wconf 65' lang='lat' dir='ltr'><strong>Dbique</strong></span> <span class='ocrx_word' id='word_1_792' title='bbox 2152 3229 2390 3283; x_wconf 89' lang='lat' dir='ltr'><strong>praesens</strong></span> <span class='ocrx_word' id='word_1_793' title='bbox 2419 3228 2524 3287; x_wconf 90' lang='lat' dir='ltr'><strong>est,</strong></span> <span class='ocrx_word' id='word_1_794' title='bbox 2565 3220 2611 3275; x_wconf 91' lang='lat' dir='ltr'><strong>si</strong></span> <span class='ocrx_word' id='word_1_795' title='bbox 2637 3223 2817 3279; x_wconf 90' lang='lat' dir='ltr'><strong>cordis</strong></span> <span class='ocrx_word' id='word_1_796' title='bbox 2843 3225 3033 3282; x_wconf 90' lang='lat' dir='ltr'><strong>oculus</strong></span> <span class='ocrx_word' id='word_1_797' title='bbox 3057 3227 3123 3282; x_wconf 91' lang='lat' dir='ltr'><strong>ad</strong></span> <span class='ocrx_word' id='word_1_798' title='bbox 3159 3245 3278 3288; x_wconf 88' lang='lat' dir='ltr'><strong>eam</strong></span> <span class='ocrx_word' id='word_1_799' title='bbox 3301 3207 3499 3302; x_wconf 70' lang='lat' dir='ltr'><strong>pateat.</strong></span> 
     </span>
    </p>
   </div>
   <div class='ocr_carea' id='block_1_95' title="bbox 1909 3297 3502 3380">
    <p class='ocr_par' dir='ltr' id='par_1_95' title="bbox 1909 3297 3502 3380">
     <span class='ocr_line' id='line_1_95' title="bbox 1909 3297 3502 3380; baseline 0.018 -27"><span class='ocrx_word' id='word_1_800' title='bbox 1909 3297 2134 3358; x_wconf 86' lang='lat' dir='ltr'><strong>inclinat</strong></span> <span class='ocrx_word' id='word_1_801' title='bbox 2162 3312 2340 3361; x_wconf 90' lang='lat' dir='ltr'><strong>tamen</strong></span> <span class='ocrx_word' id='word_1_802' title='bbox 2365 3322 2547 3364; x_wconf 90' lang='lat' dir='ltr'><strong>aurem</strong></span> <span class='ocrx_word' id='word_1_803' title='bbox 2589 3325 2740 3367; x_wconf 91' lang='lat' dir='ltr'><strong>suam</strong></span> <span class='ocrx_word' id='word_1_804' title='bbox 2784 3313 2850 3368; x_wconf 87' lang='lat' dir='ltr'><strong>ad</strong></span> <span class='ocrx_word' id='word_1_805' title='bbox 2885 3331 2984 3372; x_wconf 89' lang='lat' dir='ltr'><strong>nos</strong></span> <span class='ocrx_word' id='word_1_806' title='bbox 3012 3317 3152 3374; x_wconf 90' lang='lat' dir='ltr'><strong>Deus</strong></span> <span class='ocrx_word' id='word_1_807' title='bbox 3192 3297 3502 3380; x_wconf 68' lang='lat' dir='ltr'><strong>misericor-</strong></span> 
     </span>
    </p>
   </div>
   <div class='ocr_carea' id='block_1_96' title="bbox 1909 3388 3497 3485">
    <p class='ocr_par' dir='ltr' id='par_1_96' title="bbox 1909 3388 3497 3485">
     <span class='ocr_line' id='line_1_96' title="bbox 1909 3388 3497 3485; baseline 0.017 -41"><span class='ocrx_word' id='word_1_808' title='bbox 1909 3388 2051 3446; x_wconf 89' lang='lat' dir='ltr'><strong>diam</strong></span> <span class='ocrx_word' id='word_1_809' title='bbox 2081 3391 2359 3464; x_wconf 89' lang='lat' dir='ltr'><strong>deponens</strong></span> <span class='ocrx_word' id='word_1_810' title='bbox 2385 3413 2550 3470; x_wconf 87' lang='lat' dir='ltr'><strong>super</strong></span> <span class='ocrx_word' id='word_1_811' title='bbox 2584 3416 2702 3456; x_wconf 91' lang='lat' dir='ltr'><strong>nos.</strong></span> <span class='ocrx_word' id='word_1_812' title='bbox 2751 3401 2880 3470; x_wconf 70' lang='lat' dir='ltr'><strong>Quae</strong></span> <span class='ocrx_word' id='word_1_813' title='bbox 2915 3405 3088 3476; x_wconf 88' lang='lat' dir='ltr'><strong>major</strong></span> <span class='ocrx_word' id='word_1_814' title='bbox 3112 3409 3497 3485; x_wconf 81' lang='lat' dir='ltr'><strong>misericordia,</strong></span> 
     </span>
    </p>
   </div>
   <div class='ocr_carea' id='block_1_97' title="bbox 1905 3484 3501 3563">
    <p class='ocr_par' dir='ltr' id='par_1_97' title="bbox 1905 3484 3501 3563">
     <span class='ocr_line' id='line_1_97' title="bbox 1905 3484 3501 3563; baseline 0.017 -28"><span class='ocrx_word' id='word_1_815' title='bbox 1905 3496 2065 3552; x_wconf 89' lang='lat' dir='ltr'><strong>quam</strong></span> <span class='ocrx_word' id='word_1_816' title='bbox 2094 3493 2151 3539; x_wconf 91' lang='lat' dir='ltr'><strong>ut</strong></span> <span class='ocrx_word' id='word_1_817' title='bbox 2169 3484 2394 3542; x_wconf 92' lang='lat' dir='ltr'><strong>Unicum</strong></span> <span class='ocrx_word' id='word_1_818' title='bbox 2422 3505 2578 3546; x_wconf 87' lang='lat' dir='ltr'><strong>suum</strong></span> <span class='ocrx_word' id='word_1_819' title='bbox 2604 3493 2759 3549; x_wconf 88' lang='lat' dir='ltr'><strong>daret</strong></span> <span class='ocrx_word' id='word_1_820' title='bbox 2783 3493 3078 3563; x_wconf 87' lang='lat' dir='ltr'><strong>nobis,non</strong></span> <span class='ocrx_word' id='word_1_821' title='bbox 3107 3499 3283 3559; x_wconf 86' lang='lat' dir='ltr'><strong>vivere</strong></span> <span class='ocrx_word' id='word_1_822' title='bbox 3311 3484 3501 3561; x_wconf 48' lang='lat' dir='ltr'><strong>nobis?</strong></span> 
     </span>
    </p>
   </div>
   <div class='ocr_carea' id='block_1_98' title="bbox 1906 3577 3497 3656">
    <p class='ocr_par' dir='ltr' id='par_1_98' title="bbox 1906 3577 3497 3656">
     <span class='ocr_line' id='line_1_98' title="bbox 1906 3577 3497 3656; baseline 0.018 -28"><span class='ocrx_word' id='word_1_823' title='bbox 1906 3587 2052 3641; x_wconf 91' lang='lat' dir='ltr'><strong>cum,</strong></span> <span class='ocrx_word' id='word_1_824' title='bbox 2101 3577 2196 3632; x_wconf 88' lang='lat' dir='ltr'><strong>sed</strong></span> <span class='ocrx_word' id='word_1_825' title='bbox 2257 3581 2397 3637; x_wconf 87' lang='lat' dir='ltr'><strong>mori</strong></span> <span class='ocrx_word' id='word_1_826' title='bbox 2437 3598 2534 3654; x_wconf 89' lang='lat' dir='ltr'><strong>pro</strong></span> <span class='ocrx_word' id='word_1_827' title='bbox 2589 3586 2788 3642; x_wconf 91' lang='lat' dir='ltr'><strong>nobis?</strong></span> <span class='ocrx_word' id='word_1_828' title='bbox 2829 3587 3034 3646; x_wconf 83' lang='lat' dir='ltr'><strong>luclina</strong></span> <span class='ocrx_word' id='word_1_829' title='bbox 3075 3595 3144 3648; x_wconf 85' lang='lat' dir='ltr'><strong>ad</strong></span> <span class='ocrx_word' id='word_1_830' title='bbox 3198 3613 3278 3652; x_wconf 90' lang='lat' dir='ltr'><strong>me</strong></span> <span class='ocrx_word' id='word_1_831' title='bbox 3316 3615 3497 3656; x_wconf 83' lang='lat' dir='ltr'><strong>aurem</strong></span> 
     </span>
    </p>
   </div>
   <div class='ocr_carea' id='block_1_99' title="bbox 1907 3674 2064 3720">
    <p class='ocr_par' dir='ltr' id='par_1_99' title="bbox 1907 3674 2064 3720">
     <span class='ocr_line' id='line_1_99' title="bbox 1907 3674 2064 3720; baseline 0.013 -2"><span class='ocrx_word' id='word_1_832' title='bbox 1907 3674 2064 3720; x_wconf 83' lang='lat' dir='ltr'><strong>tuam.</strong></span> 
     </span>
    </p>
   </div>
   <div class='ocr_carea' id='block_1_100' title="bbox 1976 3759 3491 3852">
    <p class='ocr_par' dir='ltr' id='par_1_100' title="bbox 1976 3759 3491 3852">
     <span class='ocr_line' id='line_1_100' title="bbox 1976 3759 3491 3852; baseline 0.018 -41"><span class='ocrx_word' id='word_1_833' title='bbox 1976 3759 2030 3812; x_wconf 92' lang='lat'><strong>8.</strong></span> <span class='ocrx_word' id='word_1_834' title='bbox 2072 3759 2310 3852; x_wconf 61' lang='lat' dir='ltr'><strong>dccelera</strong></span> <span class='ocrx_word' id='word_1_835' title='bbox 2359 3774 2415 3818; x_wconf 90' lang='lat' dir='ltr'><strong>ut</strong></span> <span class='ocrx_word' id='word_1_836' title='bbox 2454 3768 2645 3822; x_wconf 75' lang='lat' dir='ltr'><strong>eximas</strong></span> <span class='ocrx_word' id='word_1_837' title='bbox 2669 3785 2749 3824; x_wconf 87' lang='lat' dir='ltr'><strong>me</strong></span> <span class='ocrx_word' id='word_1_838' title='bbox 2767 3787 2788 3826; x_wconf 91' lang='lat'><strong><em>:</em></strong></span> <span class='ocrx_word' id='word_1_839' title='bbox 2817 3772 3097 3831; x_wconf 82' lang='lat' dir='ltr'><strong>exauditur</strong></span> <span class='ocrx_word' id='word_1_840' title='bbox 3124 3777 3264 3834; x_wconf 90' lang='lat' dir='ltr'><strong>enim</strong></span> <span class='ocrx_word' id='word_1_841' title='bbox 3287 3779 3338 3835; x_wconf 91' lang='lat' dir='ltr'><strong>in</strong></span> <span class='ocrx_word' id='word_1_842' title='bbox 3366 3780 3491 3852; x_wconf 89' lang='lat' dir='ltr'><strong>hoc,</strong></span> 
     </span>
    </p>
   </div>
   <div class='ocr_carea' id='block_1_101' title="bbox 1904 3848 3492 3934">
    <p class='ocr_par' dir='ltr' id='par_1_101' title="bbox 1904 3848 3492 3934">
     <span class='ocr_line' id='line_1_101' title="bbox 1904 3848 3492 3934; baseline 0.019 -34"><span class='ocrx_word' id='word_1_843' title='bbox 1904 3861 2026 3903; x_wconf 90' lang='lat' dir='ltr'><strong>cum</strong></span> <span class='ocrx_word' id='word_1_844' title='bbox 2065 3848 2212 3915; x_wconf 91' lang='lat' dir='ltr'><strong>dicit,</strong></span> <span class='ocrx_word' id='word_1_845' title='bbox 2258 3852 2514 3911; x_wconf 84' lang='lat' dir='ltr'><strong>Accelera.</strong></span> <span class='ocrx_word' id='word_1_846' title='bbox 2558 3858 2640 3913; x_wconf 89' lang='lat' dir='ltr'><strong>Ad</strong></span> <span class='ocrx_word' id='word_1_847' title='bbox 2675 3859 2777 3917; x_wconf 93' lang='lat' dir='ltr'><strong>hoc</strong></span> <span class='ocrx_word' id='word_1_848' title='bbox 2812 3863 2953 3918; x_wconf 91' lang='lat' dir='ltr'><strong>enim</strong></span> <span class='ocrx_word' id='word_1_849' title='bbox 3003 3867 3234 3934; x_wconf 88' lang='lat' dir='ltr'><strong>positum</strong></span> <span class='ocrx_word' id='word_1_850' title='bbox 3259 3880 3343 3926; x_wconf 89' lang='lat' dir='ltr'><strong>est</strong></span> <span class='ocrx_word' id='word_1_851' title='bbox 3365 3848 3492 3930; x_wconf 57' lang='lat' dir='ltr'><strong>ver;</strong></span> 
     </span>
    </p>
   </div>
   <div class='ocr_carea' id='block_1_102' title="bbox 1903 3939 3490 4033">
    <p class='ocr_par' dir='ltr' id='par_1_102' title="bbox 1903 3939 3490 4033">
     <span class='ocr_line' id='line_1_102' title="bbox 1903 3939 3490 4033; baseline 0.017 -40"><span class='ocrx_word' id='word_1_852' title='bbox 1903 3939 2063 4033; x_wconf 81' lang='lat' dir='ltr'><strong>bum,</strong></span> <span class='ocrx_word' id='word_1_853' title='bbox 2099 3954 2156 3997; x_wconf 89' lang='lat' dir='ltr'><strong>ut</strong></span> <span class='ocrx_word' id='word_1_854' title='bbox 2187 3942 2287 3998; x_wconf 93' lang='lat' dir='ltr'><strong>hoc</strong></span> <span class='ocrx_word' id='word_1_855' title='bbox 2335 3954 2502 4002; x_wconf 91' lang='lat' dir='ltr'><strong>totum</strong></span> <span class='ocrx_word' id='word_1_856' title='bbox 2532 3949 2674 4019; x_wconf 92' lang='lat' dir='ltr'><strong>quod</strong></span> <span class='ocrx_word' id='word_1_857' title='bbox 2700 3953 2866 4033; x_wconf 55' lang='lat' dir='ltr'><strong>nobi;</strong></span> <span class='ocrx_word' id='word_1_858' title='bbox 2882 3955 2976 4010; x_wconf 86' lang='lat' dir='ltr'><strong>ditt</strong></span> <span class='ocrx_word' id='word_1_859' title='bbox 3000 3958 3212 4014; x_wconf 87' lang='lat' dir='ltr'><strong>videtur</strong></span> <span class='ocrx_word' id='word_1_860' title='bbox 3234 3965 3490 4032; x_wconf 87' lang='lat' dir='ltr'><strong>quamdiu</strong></span> 
     </span>
    </p>
   </div>
   <div class='ocr_carea' id='block_1_103' title="bbox 1903 4031 3492 4114">
    <p class='ocr_par' dir='ltr' id='par_1_103' title="bbox 1903 4031 3492 4114">
     <span class='ocr_line' id='line_1_103' title="bbox 1903 4031 3492 4114; baseline 0.016 -29"><span class='ocrx_word' id='word_1_861' title='bbox 1903 4031 2132 4088; x_wconf 90' lang='lat' dir='ltr'><strong>volvitur</strong></span> <span class='ocrx_word' id='word_1_862' title='bbox 2177 4035 2452 4104; x_wconf 61' lang='lat' dir='ltr'><strong>saeculum,</strong></span> <span class='ocrx_word' id='word_1_863' title='bbox 2501 4038 2764 4113; x_wconf 86' lang='lat' dir='ltr'><strong>intelligas</strong></span> <span class='ocrx_word' id='word_1_864' title='bbox 2805 4031 3058 4114; x_wconf 77' lang='lat' dir='ltr'><strong>punctum</strong></span> <span class='ocrx_word' id='word_1_865' title='bbox 3097 4031 3382 4109; x_wconf 23' lang='lat' dir='ltr'><strong>essefNon</strong></span> <span class='ocrx_word' id='word_1_866' title='bbox 3405 4062 3492 4111; x_wconf 90' lang='lat' dir='ltr'><strong>est</strong></span> 
     </span>
    </p>
   </div>
   <div class='ocr_carea' id='block_1_104' title="bbox 1901 4121 3492 4210">
    <p class='ocr_par' dir='ltr' id='par_1_104' title="bbox 1901 4121 3492 4210">
     <span class='ocr_line' id='line_1_104' title="bbox 1901 4121 3492 4210; baseline 0.014 -33"><span class='ocrx_word' id='word_1_867' title='bbox 1901 4121 1994 4178; x_wconf 91' lang='lat' dir='ltr'><strong>diu</strong></span> <span class='ocrx_word' id='word_1_868' title='bbox 2018 4124 2158 4195; x_wconf 91' lang='lat' dir='ltr'><strong>quod</strong></span> <span class='ocrx_word' id='word_1_869' title='bbox 2200 4125 2360 4183; x_wconf 89' lang='lat' dir='ltr'><strong>habet</strong></span> <span class='ocrx_word' id='word_1_870' title='bbox 2385 4136 2703 4186; x_wconf 86' lang='lat' dir='ltr'><strong>extremum.</strong></span> <span class='ocrx_word' id='word_1_871' title='bbox 2743 4133 2825 4190; x_wconf 85' lang='lat' dir='ltr'><strong>Ab</strong></span> <span class='ocrx_word' id='word_1_872' title='bbox 2853 4134 3022 4190; x_wconf 82' lang='lat' dir='ltr'><strong>Adam</strong></span> <span class='ocrx_word' id='word_1_873' title='bbox 3068 4153 3236 4210; x_wconf 90' lang='lat' dir='ltr'><strong>usque</strong></span> <span class='ocrx_word' id='word_1_874' title='bbox 3281 4142 3347 4198; x_wconf 89' lang='lat' dir='ltr'><strong>ad</strong></span> <span class='ocrx_word' id='word_1_875' title='bbox 3390 4142 3492 4199; x_wconf 37' lang='lat' dir='ltr'><strong>hos</strong></span> 
     </span>
    </p>
   </div>
   <div class='ocr_carea' id='block_1_105' title="bbox 1900 4211 3489 4306">
    <p class='ocr_par' dir='ltr' id='par_1_105' title="bbox 1900 4211 3489 4306">
     <span class='ocr_line' id='line_1_105' title="bbox 1900 4211 3489 4306; baseline 0.014 -38"><span class='ocrx_word' id='word_1_876' title='bbox 1900 4211 2140 4271; x_wconf 89' lang='lat' dir='ltr'><strong>diernam</strong></span> <span class='ocrx_word' id='word_1_877' title='bbox 2189 4217 2329 4274; x_wconf 91' lang='lat' dir='ltr'><strong>diem</strong></span> <span class='ocrx_word' id='word_1_878' title='bbox 2382 4229 2654 4290; x_wconf 90' lang='lat' dir='ltr'><strong>peractum</strong></span> <span class='ocrx_word' id='word_1_879' title='bbox 2702 4231 2808 4292; x_wconf 89' lang='lat' dir='ltr'><strong>est,</strong></span> <span class='ocrx_word' id='word_1_880' title='bbox 2856 4235 2910 4281; x_wconf 93' lang='lat' dir='ltr'><strong>et</strong></span> <span class='ocrx_word' id='word_1_881' title='bbox 2948 4228 3118 4284; x_wconf 88' lang='lat' dir='ltr'><strong>multo</strong></span> <span class='ocrx_word' id='word_1_882' title='bbox 3148 4231 3331 4303; x_wconf 90' lang='lat' dir='ltr'><strong>utique</strong></span> <span class='ocrx_word' id='word_1_883' title='bbox 3364 4234 3489 4306; x_wconf 83' lang='lat' dir='ltr'><strong>plus</strong></span> 
     </span>
    </p>
   </div>
   <div class='ocr_carea' id='block_1_106' title="bbox 1899 4315 3488 4388">
    <p class='ocr_par' dir='ltr' id='par_1_106' title="bbox 1899 4315 3488 4388">
     <span class='ocr_line' id='line_1_106' title="bbox 1899 4315 3488 4388; baseline 0.014 -27"><span class='ocrx_word' id='word_1_884' title='bbox 1899 4315 2172 4375; x_wconf 84' lang='lat' dir='ltr'><strong>peractum</strong></span> <span class='ocrx_word' id='word_1_885' title='bbox 2219 4319 2302 4366; x_wconf 90' lang='lat' dir='ltr'><strong>est</strong></span> <span class='ocrx_word' id='word_1_886' title='bbox 2343 4327 2502 4383; x_wconf 92' lang='lat' dir='ltr'><strong>quam</strong></span> <span class='ocrx_word' id='word_1_887' title='bbox 2561 4323 2726 4369; x_wconf 90' lang='lat' dir='ltr'><strong>restat</strong></span> <span class='ocrx_word' id='word_1_888' title='bbox 2774 4319 3152 4388; x_wconf 88' lang='lat' dir='ltr'><strong>peragendum.</strong></span> <span class='ocrx_word' id='word_1_889' title='bbox 3204 4323 3263 4380; x_wconf 90' lang='lat' dir='ltr'><strong>Si</strong></span> <span class='ocrx_word' id='word_1_890' title='bbox 3309 4324 3488 4384; x_wconf 87' lang='lat' dir='ltr'><strong>adhuc</strong></span> 
     </span>
    </p>
   </div>
   <div class='ocr_carea' id='block_1_107' title="bbox 1899 4397 3484 4488">
    <p class='ocr_par' dir='ltr' id='par_1_107' title="bbox 1899 4397 3484 4488">
     <span class='ocr_line' id='line_1_107' title="bbox 1899 4397 3484 4488; baseline 0.014 -36"><span class='ocrx_word' id='word_1_891' title='bbox 1899 4397 2101 4456; x_wconf 84' lang='lat' dir='ltr'><strong>viveret</strong></span> <span class='ocrx_word' id='word_1_892' title='bbox 2141 4400 2310 4457; x_wconf 85' lang='lat' dir='ltr'><strong>Adam</strong></span> <span class='ocrx_word' id='word_1_893' title='bbox 2335 4442 2352 4471; x_wconf 96' lang='lat'><strong>,</strong></span> <span class='ocrx_word' id='word_1_894' title='bbox 2396 4413 2450 4458; x_wconf 90' lang='lat' dir='ltr'><strong>et</strong></span> <span class='ocrx_word' id='word_1_895' title='bbox 2501 4404 2660 4462; x_wconf 89' lang='lat' dir='ltr'><strong>hodie</strong></span> <span class='ocrx_word' id='word_1_896' title='bbox 2693 4416 3022 4477; x_wconf 90' lang='lat' dir='ltr'><strong>moreretur;</strong></span> <span class='ocrx_word' id='word_1_897' title='bbox 3059 4413 3185 4482; x_wconf 87' lang='lat' dir='ltr'><strong>quid</strong></span> <span class='ocrx_word' id='word_1_898' title='bbox 3233 4416 3282 4470; x_wconf 88' lang='lat' dir='ltr'><strong>ei</strong></span> <span class='ocrx_word' id='word_1_899' title='bbox 3321 4420 3484 4488; x_wconf 85' lang='lat' dir='ltr'><strong>prod-</strong></span> 
     </span>
    </p>
   </div>
   <div class='ocr_carea' id='block_1_108' title="bbox 1899 4493 3482 4578">
    <p class='ocr_par' dir='ltr' id='par_1_108' title="bbox 1899 4493 3482 4578">
     <span class='ocr_line' id='line_1_108' title="bbox 1899 4493 3482 4578; baseline 0.013 -32"><span class='ocrx_word' id='word_1_900' title='bbox 1899 4500 2044 4548; x_wconf 85' lang='lat' dir='ltr'><strong>esset</strong></span> <span class='ocrx_word' id='word_1_901' title='bbox 2095 4493 2296 4549; x_wconf 87' lang='lat' dir='ltr'><strong>tamdiu</strong></span> <span class='ocrx_word' id='word_1_902' title='bbox 2351 4511 2491 4565; x_wconf 91' lang='lat' dir='ltr'><strong>esse,</strong></span> <span class='ocrx_word' id='word_1_903' title='bbox 2531 4498 2732 4555; x_wconf 90' lang='lat' dir='ltr'><strong>tamdiu</strong></span> <span class='ocrx_word' id='word_1_904' title='bbox 2785 4501 3014 4558; x_wconf 82' lang='lat' dir='ltr'><strong>vixisse?</strong></span> <span class='ocrx_word' id='word_1_905' title='bbox 3052 4504 3194 4578; x_wconf 88' lang='lat' dir='ltr'><strong>Ergo</strong></span> <span class='ocrx_word' id='word_1_906' title='bbox 3234 4508 3482 4568; x_wconf 87' lang='lat' dir='ltr'><strong>celeritas</strong></span> 
     </span>
    </p>
   </div>
   <div class='ocr_carea' id='block_1_109' title="bbox 1898 4582 3485 4670">
    <p class='ocr_par' dir='ltr' id='par_1_109' title="bbox 1898 4582 3485 4670">
     <span class='ocr_line' id='line_1_109' title="bbox 1898 4582 3485 4670; baseline 0.015 -33"><span class='ocrx_word' id='word_1_907' title='bbox 1898 4582 2017 4639; x_wconf 63' lang='lat' dir='ltr'><strong>haec</strong></span> <span class='ocrx_word' id='word_1_908' title='bbox 2039 4586 2250 4656; x_wconf 89' lang='lat' dir='ltr'><strong>quare?</strong></span> <span class='ocrx_word' id='word_1_909' title='bbox 2273 4589 2406 4654; x_wconf 91' lang='lat' dir='ltr'><strong>Quia</strong></span> <span class='ocrx_word' id='word_1_910' title='bbox 2445 4591 2773 4648; x_wconf 88' lang='lat' dir='ltr'><strong>transvolant</strong></span> <span class='ocrx_word' id='word_1_911' title='bbox 2809 4601 3085 4665; x_wconf 86' lang='lat' dir='ltr'><strong>tempora:</strong></span> <span class='ocrx_word' id='word_1_912' title='bbox 3120 4607 3174 4653; x_wconf 89' lang='lat' dir='ltr'><strong>et</strong></span> <span class='ocrx_word' id='word_1_913' title='bbox 3215 4601 3355 4670; x_wconf 87' lang='lat' dir='ltr'><strong>quod</strong></span> <span class='ocrx_word' id='word_1_914' title='bbox 3387 4605 3485 4660; x_wconf 90' lang='lat' dir='ltr'><strong>tibi</strong></span> 
     </span>
    </p>
   </div>
   <div class='ocr_carea' id='block_1_110' title="bbox 1901 4674 3482 4750">
    <p class='ocr_par' dir='ltr' id='par_1_110' title="bbox 1901 4674 3482 4750">
     <span class='ocr_line' id='line_1_110' title="bbox 1901 4674 3482 4750; baseline 0.014 -21"><span class='ocrx_word' id='word_1_915' title='bbox 1901 4674 2109 4731; x_wconf 90' lang='lat' dir='ltr'><strong>tardum</strong></span> <span class='ocrx_word' id='word_1_916' title='bbox 2131 4686 2232 4742; x_wconf 92' lang='lat' dir='ltr'><strong>est,</strong></span> <span class='ocrx_word' id='word_1_917' title='bbox 2261 4678 2312 4733; x_wconf 91' lang='lat' dir='ltr'><strong>in</strong></span> <span class='ocrx_word' id='word_1_918' title='bbox 2341 4681 2512 4735; x_wconf 88' lang='lat' dir='ltr'><strong>oculis</strong></span> <span class='ocrx_word' id='word_1_919' title='bbox 2546 4682 2638 4737; x_wconf 87' lang='lat' dir='ltr'><strong>Dei</strong></span> <span class='ocrx_word' id='word_1_920' title='bbox 2669 4681 2830 4738; x_wconf 89' lang='lat' dir='ltr'><strong>breve</strong></span> <span class='ocrx_word' id='word_1_921' title='bbox 2857 4694 2960 4740; x_wconf 90' lang='lat' dir='ltr'><strong>est.</strong></span> <span class='ocrx_word' id='word_1_922' title='bbox 2985 4685 3104 4742; x_wconf 85' lang='lat' dir='ltr'><strong>Jam</strong></span> <span class='ocrx_word' id='word_1_923' title='bbox 3135 4687 3271 4747; x_wconf 91' lang='lat' dir='ltr'><strong>hanc</strong></span> <span class='ocrx_word' id='word_1_924' title='bbox 3293 4694 3482 4750; x_wconf 86' lang='lat' dir='ltr'><strong>celeri-</strong></span> 
     </span>
    </p>
   </div>
   <div class='ocr_carea' id='block_1_111' title="bbox 1900 4771 3483 4842">
    <p class='ocr_par' dir='ltr' id='par_1_111' title="bbox 1900 4771 3483 4842">
     <span class='ocr_line' id='line_1_111' title="bbox 1900 4771 3483 4842; baseline 0.012 -20"><span class='ocrx_word' id='word_1_925' title='bbox 1900 4777 2062 4824; x_wconf 89' lang='lat' dir='ltr'><strong>tatem</strong></span> <span class='ocrx_word' id='word_1_926' title='bbox 2106 4771 2206 4826; x_wconf 90' lang='lat' dir='ltr'><strong>iste</strong></span> <span class='ocrx_word' id='word_1_927' title='bbox 2238 4771 2572 4828; x_wconf 80' lang='lat' dir='ltr'><strong>intellexerat</strong></span> <span class='ocrx_word' id='word_1_928' title='bbox 2618 4775 2673 4830; x_wconf 93' lang='lat' dir='ltr'><strong>in</strong></span> <span class='ocrx_word' id='word_1_929' title='bbox 2699 4777 2912 4831; x_wconf 86' lang='lat' dir='ltr'><strong>ecstasi.</strong></span> <span class='ocrx_word' id='word_1_930' title='bbox 2941 4777 3177 4835; x_wconf 81' lang='lat' dir='ltr'><strong>Accelera</strong></span> <span class='ocrx_word' id='word_1_931' title='bbox 3213 4794 3266 4836; x_wconf 88' lang='lat' dir='ltr'><strong>ut</strong></span> <span class='ocrx_word' id='word_1_932' title='bbox 3289 4785 3483 4842; x_wconf 71' lang='lat' dir='ltr'><strong>exiutas</strong></span> 
     </span>
    </p>
   </div>
   <div class='ocr_carea' id='block_1_112' title="bbox 1899 4859 3482 4950">
    <p class='ocr_par' dir='ltr' id='par_1_112' title="bbox 1899 4859 3482 4950">
     <span class='ocr_line' id='line_1_112' title="bbox 1899 4859 3482 4950; baseline 0.013 -37"><span class='ocrx_word' id='word_1_933' title='bbox 1899 4875 1996 4914; x_wconf 89' lang='lat' dir='ltr'><strong>me.</strong></span> <span class='ocrx_word' id='word_1_934' title='bbox 2019 4859 2145 4916; x_wconf 85' lang='lat' dir='ltr'><strong>Esto</strong></span> <span class='ocrx_word' id='word_1_935' title='bbox 2172 4863 2295 4916; x_wconf 81' lang='lat' dir='ltr'><strong>mihi</strong></span> <span class='ocrx_word' id='word_1_936' title='bbox 2311 4863 2363 4917; x_wconf 86' lang='lat' dir='ltr'><strong>in</strong></span> <span class='ocrx_word' id='word_1_937' title='bbox 2384 4863 2543 4948; x_wconf 83' lang='lat' dir='ltr'><strong>Deum</strong></span> <span class='ocrx_word' id='word_1_938' title='bbox 2563 4877 2894 4936; x_wconf 83' lang='lat' dir='ltr'><strong>protectorem</strong></span> <span class='ocrx_word' id='word_1_939' title='bbox 2916 4879 2961 4924; x_wconf 85' lang='lat' dir='ltr'><strong>et</strong></span> <span class='ocrx_word' id='word_1_940' title='bbox 2984 4870 3039 4925; x_wconf 91' lang='lat' dir='ltr'><strong>in</strong></span> <span class='ocrx_word' id='word_1_941' title='bbox 3057 4872 3260 4929; x_wconf 84' lang='lat' dir='ltr'><strong>domum</strong></span> <span class='ocrx_word' id='word_1_942' title='bbox 3276 4880 3482 4950; x_wconf 79' lang='lat' dir='ltr'><strong>refugii,</strong></span> 
     </span>
    </p>
   </div>
   <div class='ocr_carea' id='block_1_113' title="bbox 1896 4951 3477 5032">
    <p class='ocr_par' dir='ltr' id='par_1_113' title="bbox 1896 4951 3477 5032">
     <span class='ocr_line' id='line_1_113' title="bbox 1896 4951 3477 5032; baseline 0.014 -29"><span class='ocrx_word' id='word_1_943' title='bbox 1896 4959 1952 5004; x_wconf 88' lang='lat' dir='ltr'><strong>ut</strong></span> <span class='ocrx_word' id='word_1_944' title='bbox 1970 4951 2163 5006; x_wconf 83' lang='lat' dir='ltr'><strong>salvum</strong></span> <span class='ocrx_word' id='word_1_945' title='bbox 2185 4969 2262 5008; x_wconf 88' lang='lat' dir='ltr'><strong>me</strong></span> <span class='ocrx_word' id='word_1_946' title='bbox 2285 4955 2465 5025; x_wconf 81' lang='lat' dir='ltr'><strong>facias.</strong></span> <span class='ocrx_word' id='word_1_947' title='bbox 2499 4955 2694 5013; x_wconf 87' lang='lat' dir='ltr'><strong>Domus</strong></span> <span class='ocrx_word' id='word_1_948' title='bbox 2723 4959 2910 5030; x_wconf 86' lang='lat' dir='ltr'><strong>refugii</strong></span> <span class='ocrx_word' id='word_1_949' title='bbox 2933 4969 2988 5015; x_wconf 93' lang='lat' dir='ltr'><strong>tu</strong></span> <span class='ocrx_word' id='word_1_950' title='bbox 3013 4962 3142 5018; x_wconf 91' lang='lat' dir='ltr'><strong>mihi</strong></span> <span class='ocrx_word' id='word_1_951' title='bbox 3167 4975 3304 5032; x_wconf 89' lang='lat' dir='ltr'><strong>esto,</strong></span> <span class='ocrx_word' id='word_1_952' title='bbox 3337 4968 3477 5026; x_wconf 90' lang='lat' dir='ltr'><strong>Deus</strong></span> 
     </span>
    </p>
   </div>
   <div class='ocr_carea' id='block_1_114' title="bbox 1899 5044 3479 5129">
    <p class='ocr_par' dir='ltr' id='par_1_114' title="bbox 1899 5044 3479 5129">
     <span class='ocr_line' id='line_1_114' title="bbox 1899 5044 3479 5129; baseline 0.012 -33"><span class='ocrx_word' id='word_1_953' title='bbox 1899 5051 2188 5110; x_wconf 89' lang='lat' dir='ltr'><strong>protector,</strong></span> <span class='ocrx_word' id='word_1_954' title='bbox 2216 5044 2407 5101; x_wconf 91' lang='lat' dir='ltr'><strong>domus</strong></span> <span class='ocrx_word' id='word_1_955' title='bbox 2431 5045 2639 5118; x_wconf 89' lang='lat' dir='ltr'><strong>refugii.</strong></span> <span class='ocrx_word' id='word_1_956' title='bbox 2678 5049 2976 5119; x_wconf 81' lang='lat' dir='ltr'><strong>Aliquando</strong></span> <span class='ocrx_word' id='word_1_957' title='bbox 2999 5055 3141 5110; x_wconf 90' lang='lat' dir='ltr'><strong>enim</strong></span> <span class='ocrx_word' id='word_1_958' title='bbox 3171 5057 3479 5129; x_wconf 86' lang='lat' dir='ltr'><strong>periclitor,</strong></span> 
     </span>
    </p>
   </div>
   <div class='ocr_carea' id='block_1_115' title="bbox 1897 5135 3482 5214">
    <p class='ocr_par' dir='ltr' id='par_1_115' title="bbox 1897 5135 3482 5214">
     <span class='ocr_line' id='line_1_115' title="bbox 1897 5135 3482 5214; baseline 0.012 -26"><span class='ocrx_word' id='word_1_959' title='bbox 1897 5141 1954 5188; x_wconf 90' lang='lat' dir='ltr'><strong>et</strong></span> <span class='ocrx_word' id='word_1_960' title='bbox 1991 5135 2112 5190; x_wconf 92' lang='lat' dir='ltr'><strong>volo</strong></span> <span class='ocrx_word' id='word_1_961' title='bbox 2161 5136 2382 5206; x_wconf 82' lang='lat' dir='ltr'><strong>fugere:</strong></span> <span class='ocrx_word' id='word_1_962' title='bbox 2417 5153 2523 5207; x_wconf 90' lang='lat' dir='ltr'><strong>quo</strong></span> <span class='ocrx_word' id='word_1_963' title='bbox 2574 5139 2758 5210; x_wconf 84' lang='lat' dir='ltr'><strong>fugio?</strong></span> <span class='ocrx_word' id='word_1_964' title='bbox 2799 5143 2866 5198; x_wconf 90' lang='lat' dir='ltr'><strong>ad</strong></span> <span class='ocrx_word' id='word_1_965' title='bbox 2908 5160 3066 5214; x_wconf 92' lang='lat' dir='ltr'><strong>quem</strong></span> <span class='ocrx_word' id='word_1_966' title='bbox 3115 5148 3287 5203; x_wconf 93' lang='lat' dir='ltr'><strong>locum</strong></span> <span class='ocrx_word' id='word_1_967' title='bbox 3335 5158 3482 5208; x_wconf 90' lang='lat' dir='ltr'><strong>tutus</strong></span> 
     </span>
    </p>
   </div>
   <div class='ocr_carea' id='block_1_116' title="bbox 1897 5225 3485 5309">
    <p class='ocr_par' dir='ltr' id='par_1_116' title="bbox 1897 5225 3485 5309">
     <span class='ocr_line' id='line_1_116' title="bbox 1897 5225 3485 5309; baseline 0.014 -31"><span class='ocrx_word' id='word_1_968' title='bbox 1897 5225 2082 5296; x_wconf 84' lang='lat' dir='ltr'><strong>fugio?</strong></span> <span class='ocrx_word' id='word_1_969' title='bbox 2108 5227 2174 5282; x_wconf 91' lang='lat' dir='ltr'><strong>ad</strong></span> <span class='ocrx_word' id='word_1_970' title='bbox 2214 5245 2368 5299; x_wconf 89' lang='lat' dir='ltr'><strong>quem</strong></span> <span class='ocrx_word' id='word_1_971' title='bbox 2413 5233 2689 5286; x_wconf 83' lang='lat' dir='ltr'><strong>montem?</strong></span> <span class='ocrx_word' id='word_1_972' title='bbox 2730 5234 2797 5290; x_wconf 89' lang='lat' dir='ltr'><strong>ad</strong></span> <span class='ocrx_word' id='word_1_973' title='bbox 2837 5253 2994 5306; x_wconf 90' lang='lat' dir='ltr'><strong>quam</strong></span> <span class='ocrx_word' id='word_1_974' title='bbox 3041 5241 3485 5309; x_wconf 87' lang='lat' dir='ltr'><strong>speluncam?ad</strong></span> 
     </span>
    </p>
   </div>
   <div class='ocr_carea' id='block_1_117' title="bbox 1900 5320 3485 5403">
    <p class='ocr_par' dir='ltr' id='par_1_117' title="bbox 1900 5320 3485 5403">
     <span class='ocr_line' id='line_1_117' title="bbox 1900 5320 3485 5403; baseline 0.015 -34"><span class='ocrx_word' id='word_1_975' title='bbox 1900 5331 2019 5386; x_wconf 75' lang='lat' dir='ltr'><strong>qua:</strong></span> <span class='ocrx_word' id='word_1_976' title='bbox 2063 5325 2198 5372; x_wconf 90' lang='lat' dir='ltr'><strong>tecta</strong></span> <span class='ocrx_word' id='word_1_977' title='bbox 2254 5320 2502 5374; x_wconf 89' lang='lat' dir='ltr'><strong>munita?</strong></span> <span class='ocrx_word' id='word_1_978' title='bbox 2549 5322 2718 5390; x_wconf 89' lang='lat' dir='ltr'><strong>Quam</strong></span> <span class='ocrx_word' id='word_1_979' title='bbox 2771 5341 2950 5383; x_wconf 89' lang='lat' dir='ltr'><strong>arcem</strong></span> <span class='ocrx_word' id='word_1_980' title='bbox 2998 5331 3246 5386; x_wconf 84' lang='lat' dir='ltr'><strong>teneam?</strong></span> <span class='ocrx_word' id='word_1_981' title='bbox 3286 5333 3485 5403; x_wconf 89' lang='lat' dir='ltr'><strong>quibus</strong></span> 
     </span>
    </p>
   </div>
   <div class='ocr_carea' id='block_1_118' title="bbox 1897 5406 3483 5494">
    <p class='ocr_par' dir='ltr' id='par_1_118' title="bbox 1897 5406 3483 5494">
     <span class='ocr_line' id='line_1_118' title="bbox 1897 5406 3483 5494; baseline 0.013 -35"><span class='ocrx_word' id='word_1_982' title='bbox 1897 5406 2066 5460; x_wconf 91' lang='lat' dir='ltr'><strong>muris</strong></span> <span class='ocrx_word' id='word_1_983' title='bbox 2093 5407 2334 5462; x_wconf 88' lang='lat' dir='ltr'><strong>ambiar?</strong></span> <span class='ocrx_word' id='word_1_984' title='bbox 2355 5408 2698 5482; x_wconf 88' lang='lat' dir='ltr'><strong>Quocumque</strong></span> <span class='ocrx_word' id='word_1_985' title='bbox 2722 5415 2852 5481; x_wconf 91' lang='lat' dir='ltr'><strong>iero,</strong></span> <span class='ocrx_word' id='word_1_986' title='bbox 2883 5420 3483 5494; x_wconf 89' lang='lat' dir='ltr'><strong>sequerme.Quidquid</strong></span> 
     </span>
    </p>
   </div>
   <div class='ocr_carea' id='block_1_119' title="bbox 1895 5496 3480 5576">
    <p class='ocr_par' dir='ltr' id='par_1_119' title="bbox 1895 5496 3480 5576">
     <span class='ocr_line' id='line_1_119' title="bbox 1895 5496 3480 5576; baseline 0.011 -24"><span class='ocrx_word' id='word_1_987' title='bbox 1895 5496 2036 5552; x_wconf 89' lang='lat' dir='ltr'><strong>enim</strong></span> <span class='ocrx_word' id='word_1_988' title='bbox 2079 5499 2160 5552; x_wconf 88' lang='lat' dir='ltr'><strong>vis</strong></span> <span class='ocrx_word' id='word_1_989' title='bbox 2200 5508 2353 5568; x_wconf 89' lang='lat' dir='ltr'><strong>potes</strong></span> <span class='ocrx_word' id='word_1_990' title='bbox 2394 5500 2599 5572; x_wconf 85' lang='lat' dir='ltr'><strong>fugere,</strong></span> <span class='ocrx_word' id='word_1_991' title='bbox 2632 5503 2810 5569; x_wconf 92' lang='lat' dir='ltr'><strong>homo,</strong></span> <span class='ocrx_word' id='word_1_992' title='bbox 2865 5516 3061 5576; x_wconf 72' lang='lat' dir='ltr'><strong>praeter</strong></span> <span class='ocrx_word' id='word_1_993' title='bbox 3098 5511 3480 5570; x_wconf 89' lang='lat' dir='ltr'><strong>conscientiam</strong></span> 
     </span>
    </p>
   </div>
   <div class='ocr_carea' id='block_1_120' title="bbox 1897 5586 3474 5672">
    <p class='ocr_par' dir='ltr' id='par_1_120' title="bbox 1897 5586 3474 5672">
     <span class='ocr_line' id='line_1_120' title="bbox 1897 5586 3474 5672; baseline 0.013 -30"><span class='ocrx_word' id='word_1_994' title='bbox 1897 5597 2064 5643; x_wconf 90' lang='lat' dir='ltr'><strong>tuam.</strong></span> <span class='ocrx_word' id='word_1_995' title='bbox 2093 5586 2234 5644; x_wconf 83' lang='lat' dir='ltr'><strong>Intra</strong></span> <span class='ocrx_word' id='word_1_996' title='bbox 2262 5590 2312 5644; x_wconf 89' lang='lat' dir='ltr'><strong>in</strong></span> <span class='ocrx_word' id='word_1_997' title='bbox 2341 5589 2556 5647; x_wconf 89' lang='lat' dir='ltr'><strong>domum</strong></span> <span class='ocrx_word' id='word_1_998' title='bbox 2587 5603 2748 5658; x_wconf 89' lang='lat' dir='ltr'><strong>tuam,</strong></span> <span class='ocrx_word' id='word_1_999' title='bbox 2778 5597 3053 5666; x_wconf 89' lang='lat' dir='ltr'><strong>requiesce</strong></span> <span class='ocrx_word' id='word_1_1000' title='bbox 3087 5600 3140 5654; x_wconf 91' lang='lat' dir='ltr'><strong>in</strong></span> <span class='ocrx_word' id='word_1_1001' title='bbox 3183 5601 3320 5658; x_wconf 86' lang='lat' dir='ltr'><strong>lecto</strong></span> <span class='ocrx_word' id='word_1_1002' title='bbox 3362 5611 3474 5672; x_wconf 91' lang='lat' dir='ltr'><strong>tuo,</strong></span> 
     </span>
    </p>
   </div>
   <div class='ocr_carea' id='block_1_121' title="bbox 1896 5678 3475 5768">
    <p class='ocr_par' dir='ltr' id='par_1_121' title="bbox 1896 5678 3475 5768">
     <span class='ocr_line' id='line_1_121' title="bbox 1896 5678 3475 5768; baseline 0.013 -34"><span class='ocrx_word' id='word_1_1003' title='bbox 1896 5678 2034 5736; x_wconf 90' lang='lat' dir='ltr'><strong>intra</strong></span> <span class='ocrx_word' id='word_1_1004' title='bbox 2064 5679 2120 5737; x_wconf 93' lang='lat' dir='ltr'><strong>in</strong></span> <span class='ocrx_word' id='word_1_1005' title='bbox 2149 5680 2400 5738; x_wconf 91' lang='lat' dir='ltr'><strong>interiora</strong></span> <span class='ocrx_word' id='word_1_1006' title='bbox 2434 5699 2447 5736; x_wconf 89' lang='lat'><strong>:</strong></span> <span class='ocrx_word' id='word_1_1007' title='bbox 2481 5684 2702 5741; x_wconf 86' lang='lat' dir='ltr'><strong>interius</strong></span> <span class='ocrx_word' id='word_1_1008' title='bbox 2728 5685 2926 5743; x_wconf 87' lang='lat' dir='ltr'><strong>habere</strong></span> <span class='ocrx_word' id='word_1_1009' title='bbox 2971 5688 3105 5746; x_wconf 91' lang='lat' dir='ltr'><strong>nihil</strong></span> <span class='ocrx_word' id='word_1_1010' title='bbox 3143 5700 3315 5762; x_wconf 87' lang='lat' dir='ltr'><strong>potes,</strong></span> <span class='ocrx_word' id='word_1_1011' title='bbox 3365 5711 3475 5768; x_wconf 87' lang='lat' dir='ltr'><strong>quo</strong></span> 
     </span>
    </p>
   </div>
   <div class='ocr_carea' id='block_1_122' title="bbox 1955 5813 3479 5890">
    <p class='ocr_par' dir='ltr' id='par_1_122' title="bbox 1955 5813 3479 5890">
     <span class='ocr_line' id='line_1_122' title="bbox 1955 5813 3479 5890; baseline 0.011 -24"><span class='ocrx_word' id='word_1_1012' title='bbox 1955 5818 1971 5850; x_wconf 77' lang='grc' dir='ltr'><strong>ι</strong></span> <span class='ocrx_word' id='word_1_1013' title='bbox 2006 5813 2229 5880; x_wconf 81' lang='lat' dir='ltr'><strong>Plerique</strong></span> <span class='ocrx_word' id='word_1_1014' title='bbox 2264 5821 2396 5879; x_wconf 69' lang='lat' dir='ltr'><strong>Mss,</strong></span> <span class='ocrx_word' id='word_1_1015' title='bbox 2417 5816 2531 5880; x_wconf 86' lang='lat' dir='ltr'><strong>quia</strong></span> <span class='ocrx_word' id='word_1_1016' title='bbox 2563 5817 2648 5880; x_wconf 73' lang='grc' dir='ltr'><em>φά</em></span> <span class='ocrx_word' id='word_1_1017' title='bbox 2667 5831 2720 5870; x_wconf 78' lang='lat' dir='ltr'><strong>in</strong></span> <span class='ocrx_word' id='word_1_1018' title='bbox 2740 5831 2797 5871; x_wconf 86' lang='lat' dir='ltr'><strong>eo</strong></span> <span class='ocrx_word' id='word_1_1019' title='bbox 2829 5827 3019 5884; x_wconf 83' lang='lat' dir='ltr'><strong>sperat,</strong></span> <span class='ocrx_word' id='word_1_1020' title='bbox 3043 5837 3138 5875; x_wconf 84' lang='lat' dir='ltr'><strong>non</strong></span> <span class='ocrx_word' id='word_1_1021' title='bbox 3154 5824 3479 5890; x_wconf 80' lang='lat' dir='ltr'><strong>confunditur.</strong></span> 
     </span>
    </p>
   </div>
   <div class='ocr_carea' id='block_1_123' title="bbox 2899 5904 3161 5988">
    <p class='ocr_par' dir='ltr' id='par_1_123' title="bbox 2899 5904 3161 5988">
     <span class='ocr_line' id='line_1_123' title="bbox 2899 5904 3161 5988; baseline 0.015 -22"><span class='ocrx_word' id='word_1_1022' title='bbox 2899 5904 3161 5988; x_wconf 67' lang='grc' dir='ltr'><strong>(παῖε.)</strong></span> 
     </span>
    </p>
   </div>
  </div>
