3950 6426
489 363 602 431 835

489 478 666 550 fugias
693 489 724 532 ιι
746 470 1072 533 conscientia
1115 476 1202 526 tua
1222 507 1238 536 ,
1276 465 1324 522 si
1361 459 1566 522 "rodunt
1609 467 1662 516 te
1704 462 1922 528 peccata
1965 460 2074 511 tua.

492 548 627 641 Quia
654 582 784 624 vero
808 566 977 625 dixit:
1007 561 1256 618 Aceelera
1305 565 1364 612 ιιι
1403 554 1607 612 eximus
1637 566 1724 608 me
1747 591 1765 618 ,
1795 558 1850 606 et
1892 548 1945 604 iu
1989 553 2080 604 tua

488 639 696 735 iustitia
725 673 856 717 erue
882 671 987 721 me,
1017 661 1074 710 ut
1099 651 1334 708 dimittas
1365 655 1577 719 peccata
1608 657 1746 710 mea,
1769 649 1823 698 et
1850 639 2083 697 aedifices

491 727 548 814 in
579 770 667 812 me
688 750 947 826 justitiam
979 756 1122 802 tuam
1147 761 1160 799 :
1194 751 1252 798 ttt
1278 740 1407 797 mihi
1433 740 1540 795 eris
1566 736 1758 794 domus
1784 731 1995 801 refugii,
2013 727 2080 784 ad

492 858 549 906 te
595 820 862 912 confugio.
908 839 1040 896 Nam
1087 853 1117 894 a
1169 845 1218 892 te
1247 848 1353 905 quo
1400 828 1638 901 fugiam?
1687 825 1940 883 Irascitur
1985 820 2080 878 tibi

494 944 657 1004 Deus,
697 952 804 1008 quo
837 932 1037 1004 fugies?
1088 929 1224 985 Audi
1252 926 1380 998 quid
1410 925 1550 980 dicat
1599 923 1652 978 in
1701 919 1807 976 alio
1851 916 2076 1008 psalmo,

489 1034 686 1088 timens
705 1007 839 1083 iram
855 1025 980 1082 Dei:
1004 1022 1116 1090 Quo
1141 1022 1222 1076 ibo
1237 1016 1463 1088 aspiritu
1478 1025 1583 1081 tuo,
1604 1021 1648 1069 et
1676 1027 1774 1082 quo
1798 1027 1829 1064 ιι
1852 1007 1981 1081 facie
1995 1015 2082 1060 tua

491 1120 814 1198 fugiamISi
837 1117 1110 1176 ascendere
1132 1115 1184 1169 in
1210 1113 1406 1176 ctutum,
1442 1120 1493 1162 tu
1509 1108 1575 1163 ibi
1591 1125 1642 1162 es
1668 1122 1688 1161 :
1718 1105 1762 1160 si
1778 1099 2080 1158 descendere

489 1196 544 1270 in
575 1217 855 1287 infernum,
890 1209 1009 1265 ades
1038 1206 1215 1280 (Psal.
1246 1216 1510 1265 cxxxvm,
1537 1199 1590 1261 7.
1631 1198 1708 1267 8).
1736 1196 2082 1264 Quocumque

489 1284 725 1372 iero,‘ibi
751 1314 806 1362 te
831 1303 1064 1360 invenio.
1084 1301 1148 1355 Et
1165 1299 1209 1353 si
1228 1294 1495 1359 irasceris,
1510 1292 1738 1345 ultorem
1768 1297 1819 1342 te
1845 1284 2078 1348 invenio;

491 1400 539 1456 si
565 1401 803 1472 placatus
831 1409 910 1460 es,
935 1393 1255 1464 adiutorem.
1279 1387 1422 1442 Nihil
1450 1383 1579 1438 mihi
1605 1395 1734 1452 ergo
1763 1385 1949 1441 restat,
1978 1375 2080 1431 nisi

491 1467 642 1548 adite
660 1490 861 1561 fugere,
891 1501 1000 1574 ιιρρ
1025 1500 1056 1540 a
1083 1492 1157 1538 te.
1185 1480 1256 1537 Ut
1275 1478 1471 1536 evadas
1508 1475 1778 1530 hominem
1803 1467 2081 1525 dominum

496 1559 820 1655 quicumque
848 1559 1034 1635 servits
1060 1591 1138 1639 es,
1175 1573 1308 1644 fugis
1332 1571 1385 1624 in
1407 1584 1468 1624 ea
1501 1567 1614 1621 loca
1638 1564 1723 1619 ubi
1753 1577 1858 1618 non
1885 1569 1967 1616 est
1989 1559 2082 1614 do-

495 1649 677 1739 minus
705 1649 858 1730 tuus:
882 1680 938 1726 ut
958 1667 1152 1725 evadas
1173 1665 1364 1727 Deum,
1387 1661 1506 1730 fuge
1529 1657 1594 1712 ad
1619 1655 1922 1710 Dominum.
1947 1649 2081 1706 Nam

495 1786 602 1827 non
633 1777 715 1825 est
738 1781 844 1837 quo
870 1762 1040 1834 fugias
1068 1760 1254 1814 Deum.
1283 1756 1488 1811 Praesto
1510 1759 1632 1806 sunt
1658 1747 1835 1802 omnia
1859 1752 1915 1800 et
1945 1742 2082 1798 nuda

496 1858 889 1932 Omnipotentis
917 1854 1104 1912 oculis.
1121 1851 1200 1905 Tu
1225 1864 1352 1918 ergo
1375 1844 1524 1911 mihi,
1553 1842 1742 1913 inquit,
1760 1849 1875 1894 esto
1893 1837 2083 1892 domus

494 1926 706 2025 refugi'i.
753 1950 884 2006 Nam
931 1947 975 2001 si
1020 1943 1200 2000 salvus
1238 1956 1344 1995 non
1385 1938 1556 2000 fuero,
1605 1930 1874 2003 quomodo
1905 1926 2083 1998 fugio?

495 2049 639 2104 Sana
661 2059 770 2109 me,
801 2049 856 2095 et
885 2038 1028 2109 fugio
1057 2035 1124 2090 ad
1159 2044 1229 2089 te.
1272 2032 1402 2086 Nam
1430 2029 1475 2084 si
1501 2043 1586 2083 me
1615 2040 1720 2079 non
1749 2036 1936 2085 sanas,
1966 2034 2082 2074 am-

495 2138 684 2193 bulare
725 2150 832 2188 non
872 2144 1110 2201 possum,
1162 2124 1348 2195 fugere
1389 2117 1661 2192 quomodo
1691 2113 1918 2188 potero?
1967 2112 2085 2180 Quo

497 2228 620 2292 iret,
647 2239 753 2296 quo
794 2222 1020 2291 fugeret,
1050 2219 1096 2273 si
1121 2215 1403 2270 ambulare
1429 2226 1535 2265 non
1566 2216 1766 2278 posset,
1799 2203 2084 2260 semivivus

497 2323 554 2379 in
575 2321 682 2385 vis,
706 2318 971 2372 sauciatus
986 2310 1296 2366 vulneribus
1313 2304 1613 2361 latronum?
1632 2300 1798 2370 Quem
1824 2297 2085 2352 transiens

497 2413 750 2471 sacerdos
780 2407 1053 2480 prmtcriit,
1083 2403 1350 2461 transiens
1389 2397 1570 2454 Levita
1605 2394 1881 2465 prmteriit,
1910 2401 2085 2446 trans-

497 2506 618 2562 iens
659 2501 1028 2559 Samaritanus
1052 2497 1337 2552 miseratus
1372 2499 1456 2546 est
1493 2488 1642 2563 (Luc.
1672 2502 1728 2551 ι,
1759 2484 1849 2557 50)
1871 2527 1884 2550 ,
1923 2482 1975 2537 id
2005 2491 2086 2539 est

503 2599 631 2668 ipse.
652 2595 924 2658 Dominus,
977 2589 1066 2660 qui
1125 2587 1408 2643 miseratus
1450 2590 1535 2637 est
1572 2593 1739 2649 genus
1775 2578 2083 2630 humanum.

498 2688 792 2746 Samarites
837 2685 980 2740 enim
1029 2689 1213 2736 custos
1255 2679 1652 2745 interpretatur.
1710 2670 1774 2724 Et
1823 2669 1942 2738 quis
1989 2681 2089 2722 nos

497 2780 750 2845 custodit,
797 2778 841 2833 si
877 2777 965 2832 lilo
991 2771 1223 2830 deserit?
1271 2767 1478 2831 Merito,
1525 2779 1645 2820 cum
1692 2761 1861 2821 Judaei
1899 2759 2086 2813 convi—

499 2875 705 2929 ciantes
733 2868 988 2930 dicerent,
1021 2864 1206 2919 Nonus
1233 2875 1408 2914 rerum
1435 2856 1670 2917 dicimus,
1702 2854 1820 2924 quia
1849 2850 2086 2907 Samari-

496 2973 651 3018 tanus
675 2979 746 3028 es,
779 2969 826 3014 et
846 2957 1156 3013 divinationi
1181 2951 1332 3005 habes
1372 2950 1390 3018 (
1424 2948 1578 3001 Joan.
1609 2961 1722 3007 vnt,
1751 2944 1820 2999 1.8
1843 2941 2087 3014 )Ynnum

497 3054 726 3124 respuit,
753 3051 980 3104 alterum
1004 3045 1282 3114 amplexus
1317 3047 1402 3094 est
1431 3055 1445 3092 :
1479 3037 1610 3107 Ego,
1639 3036 1809 3104 inquit
1835 3075 1849 3098 ,
1894 3033 2088 3088 damo-

439 3145 442 3150 ’
499 3149 646 3202 nium
668 3161 770 3198 non
797 3141 954 3204 habeo
985 3156 1004 3193 :
1026 3151 1133 3191 non
1177 3134 1332 3198 dixit,
1359 3130 1479 3184 Non
1521 3142 1638 3181 sum
1681 3124 2088 3180 Samaritanus:

499 3239 579 3294 sic
604 3233 827 3305 intelligi
847 3231 1033 3286 volens
1049 3235 1293 3282 nostrum
1325 3237 1384 3278 se
1399 3234 1522 3274 esse
1542 3215 1841 3272 custodem.
1865 3213 2090 3270 Misera-

497 3337 588 3383 tus
616 3340 745 3397 ergo
768 3304 1016 3386 accessit,
1045 3316 1269 3380 curavit,
1299 3312 1367 3366 ad
1397 3309 1661 3365 stabulum
1689 3304 1954 3377 perduxit,
1987 3305 2092 3359 im-

499 3420 667 3492 plevit
682 3417 826 3472 circa
851 3427 973 3470 eum
1013 3404 1438 3466 miscricordiam
1470 3420 1482 3456 :
1509 3401 1598 3456 ille
1632 3401 1741 3470 jam
1777 3403 1953 3468 potest
1980 3411 2094 3450 am-

503 3489 713 3574 bulare,
744 3513 921 3579 potest
950 3509 1006 3558 et
1047 3502 1246 3570 fugere.
1276 3495 1393 3565 Quo
1419 3492 1624 3563 fugeret
1667 3490 1768 3546 nisi
1808 3489 1875 3544 ad
1903 3489 2090 3555 Deum,

502 3603 592 3656 ubi
617 3598 739 3655 fecit
764 3596 863 3651 sibi
892 3594 1109 3649 domum
1134 3586 1360 3659 refugii?

575 3693 628 3747 9.
659 3690 808 3764 [νοτε.
831 3684 911 3759 4.]
941 3684 1071 3750 Quia
1100 3679 1341 3752 fortitudo
1361 3693 1468 3730 mea
1499 3684 1542 3729 et
1569 3675 1818 3746 refugiunt
1849 3688 2013 3728 meum
2040 3688 2094 3726 es

506 3798 580 3850 tu,
604 3763 1089 3852 etipropternomen
1125 3783 1267 3826 tuum
1308 3770 1418 3823 dua:
1462 3767 1586 3820 mihi
1627 3766 1748 3832 eris,
1789 3774 1836 3818 et
1877 3763 2093 3818 enutries

503 3891 586 3930 mc
613 3890 630 3927 :
659 3887 768 3927 non
796 3876 1010 3939 propter
1033 3864 1284 3922 meritum
1309 3874 1487 3914 meum
1509 3899 1524 3924 ,
1554 3857 1650 3912 sed
1683 3866 1887 3926 propter
1913 3871 2092 3909 nomen

508 3979 671 4030 tnnm,
701 3972 758 4018 ut
805 3970 861 4016 tu
888 3955 1228 4030 glorificerip.
1261 3968 1366 4007 non
1409 3951 1530 4018 quia
1569 3963 1670 4019 ego
1709 3948 1898 4017 dignus
1937 3961 2089 4012 sum;

505 4060 612 4111 «tua:
641 4053 766 4108 utilti
811 4050 932 4116 eris,
974 4063 1042 4102 ne
1087 4046 1333 4100 aberrem
1365 4057 1393 4094 a
1436 4049 1519 4103 te;
1565 4048 1610 4095 ct
1649 4039 1864 4092 enutries
1911 4051 2006 4100 me,
2037 4044 2095 4090 ut

502 4147 712 4203 validus
731 4144 831 4198 sim
858 4141 923 4196 ad
945 4134 1372 4194 manducandum
1403 4147 1604 4196 eseam,
1637 4145 1739 4201 qua
1773 4129 1945 4199 pascis
1979 4130 2093 4184 An-

504 4244 673 4313 gelos.
708 4239 803 4293 Hic
823 4236 966 4291 enim
995 4234 1132 4287 lacte
1151 4245 1254 4285 nos
1271 4227 1505 4290 nutrivit,
1535 4226 1623 4293 qui
1648 4223 1800 4278 nobis
1818 4223 2093 4276 caelestem

505 4336 686 4390 cibum
716 4327 993 4400 promisit;
1036 4336 1092 4379 et
1126 4337 1254 4377 usus
1294 4329 1378 4375 est
1419 4328 1654 4372 materna
1707 4314 2090 4369 misericordia.

505 4425 660 4480 Sient
671 4421 812 4476 enim
837 4425 1004 4471 mater
1019 4416 1221 4469 lactans
1241 4409 1483 4465 eamdem
1506 4422 1701 4471 escam,
1725 4404 2096 4460 euisumeudtn

509 4514 735 4570 idoneus
765 4509 937 4563 infans
963 4521 1068 4559 non
1094 4511 1178 4557 est
1196 4543 1208 4562 ,
1233 4516 1330 4571 per
1350 4514 1564 4552 carnem
1597 4496 1809 4566 trajicit,
1831 4505 1885 4551 et
1905 4497 1984 4550 lae
2013 4498 2100 4551 in-

509 4606 686 4663 fundit
725 4601 866 4673 (boc
909 4599 1050 4654 enim
1096 4594 1292 4664 accipit
1334 4592 1583 4662 parvulus
1615 4590 1753 4660 quod
1782 4598 2097 4658 accepturus

512 4707 632 4756 erat
670 4694 738 4750 ad
764 4705 1025 4753 mensam,
1074 4687 1172 4742 sed
1217 4685 1356 4755 quod
1407 4699 1501 4753 per
1544 4697 1758 4737 carnem
1803 4681 2091 4750 trajicitur,

505 4785 754 4858 congruit
798 4779 1082 4853 parvulo);
1112 4777 1190 4833 sic
1228 4775 1481 4832 Dominus
1510 4773 1818 4845 sapientiam
1846 4789 1996 4828 suam
2036 4785 2098 4829 ut

504 4882 589 4937 lac
616 4879 782 4936 nobis.
814 4877 1032 4939 faceret,
1081 4886 1244 4926 carne
1289 4868 1500 4922 indutus
1525 4867 1666 4921 venit
1711 4867 1776 4921 ad
1805 4883 1921 4923 nos.
1954 4866 2097 4938 Ergo

507 4987 705 5042 corpus
724 4968 921 5026 Christi
952 4967 1208 5036 loquitur,
1239 4963 1303 5017 Et
1329 4962 1544 5016 enutries
1573 4979 1667 5014 me.

579 5065 667 5120 10.
697 5059 846 5135 [νει-ε.
875 5057 954 5130 5.]
990 5056 1189 5111 Educet:
1225 5070 1304 5109 nte
1342 5054 1402 5106 de
1445 5053 1728 5121 muscipula
1765 5053 1860 5106 ista
1881 5095 1894 5119 ,
1940 5069 2093 5123 quam

505 5156 880 5214 occultaverunt
925 5149 1069 5204 mihi.
1114 5148 1230 5203 Jam
1275 5145 1450 5214 passio
1480 5144 1840 5214 significatur,
1891 5144 2092 5199 Editors

503 5266 584 5304 me
610 5249 675 5302 de
711 5241 996 5314 muscipula
1023 5241 1140 5303 ista,
1179 5253 1329 5307 quam
1375 5237 1749 5290 occultaverunt
1792 5236 1934 5289 mihi.
1983 5237 2091 5292 Nec

502 5339 619 5395 sola
649 5337 736 5392 illa
766 5333 944 5404 passio
969 5339 1070 5396 est,
1111 5343 1212 5399 qua
1254 5342 1442 5396 passus
1484 5337 1563 5381 est
1621 5327 1875 5380 Dominus
1911 5337 2094 5382 noster

504 5431 658 5488 Jcstts
685 5425 928 5482 Christus
954 5441 968 5476 :
996 5418 1344 5489 muscipulam
1376 5433 1523 5472 suam
1575 5417 1819 5473 diabolus
1870 5419 2094 5473 tetendit

502 5538 673 5594 usque
711 5521 765 5574 in
809 5517 989 5573 linem.
1017 5513 1086 5568 Et
1112 5528 1190 5569 vae
1217 5513 1290 5567 illi
1320 5551 1334 5574 ,
1369 5511 1459 5581 qui
1488 5511 1540 5564 in
1571 5511 1714 5564 illam
1743 5512 2090 5583 muscipulam

502 5614 648 5669 cadit
689 5629 702 5665 :
737 5609 880 5666 cadit
907 5614 1083 5663 autem
1111 5603 1284 5659 omnis
1312 5600 1402 5671 qui
1443 5617 1548 5656 non
1591 5611 1768 5671 sperat
1794 5603 1844 5657 in
1879 5604 2041 5658 Deum
2071 5620 2088 5668 ;

503 5706 594 5775 qui
626 5717 731 5758 non
757 5701 884 5758 dicit
916 5718 930 5756 :
963 5698 1024 5752 In
1054 5706 1118 5762 te,
1151 5695 1384 5760 Domine,
1411 5696 1630 5765 speravi,
1679 5711 1779 5748 non
1806 5697 2096 5764 confundat-

503 5801 560 5854 in
591 5808 831 5854 (uernant
864 5811 882 5850 :
920 5803 966 5860 et
995 5793 1050 5848 in
1077 5799 1164 5848 tua
1183 5789 1527 5862 justititurue
1567 5806 1662 5859 me,
1709 5800 1756 5847 et
1798 5795 1958 5846 exime
1989 5809 2083 5845 in».

1731 342 1792 404 3...
1833 330 2200 401 AUGUSTlNl
2240 325 2538 396 ΕΡΒΟΟΡΙ

2189 447 2418 507 Externa
2455 459 2539 510 est
2577 459 2634 512 et
2667 459 2848 522 parata
2891 449 3189 522 muscipula
3233 449 3452 510 utimiei.
3497 450 3676 510 Posuit
3700 452 3749 512 in

2187 541 2481 612 muscipula
2505 558 2743 604 errorem
2772 554 2826 602 et
2855 552 3399 602 terroremterrorem
3430 557 3538 614 quo
3564 542 3748 614 illiciat,

2190 643 2450 690 terrorem
2496 648 2604 704 quo
2651 634 2873 705 frangat,
2918 643 2980 691 ct.
3016 636 3206 705 rapiat.
3235 634 3314 692 Tu
3339 634 3532 696 clauda
3554 634 3751 703 jsuuate

2187 728 2490 798 cupiditatis
2514 737 2697 786 contra
2727 742 2966 784 errorem
2992 744 3007 794 ;
3037 735 3090 784 tu
3115 727 3305 786 claude
3328 731 3548 798 januam
3570 728 3754 788 timoris

2189 831 2374 880 contra
2396 828 2676 886 terrorem,
2693 828 2748 876 et
2763 819 3008 876 educeris
3026 820 3095 876 de
3114 820 3428 891 muscipula.
3461 820 3754 890 Huiusmodi

2186 927 2379 984 pugnat
2397 914 2699 984 exemplum
2721 913 2836 984 ipse
2852 914 2941 970 tibi
2966 913 3255 984 Imperator
3271 923 3410 977 tuus,
3437 913 3532 985 qui
3559 923 3754 984 propter

2188 1012 2242 1060 to
2265 1008 2422 1064 etiam
2454 1007 2642 1063 tentari
2667 1006 2912 1076 dignatus
2940 1015 3043 1072 est,
3078 1005 3132 1061 in
3167 1020 3226 1066 se
3270 1005 3672 1063 demonstravit.
3699 1007 3759 1063 Et

2189 1099 2361 1169 primo
2390 1108 2617 1156 tentatus
2645 1108 2727 1155 est
2754 1098 3048 1163 illecebris;
3079 1101 3202 1170 quia
3230 1107 3428 1154 tentata
3462 1109 3546 1154 est
3587 1099 3640 1154 in
3680 1100 3758 1156 illo

2180 1189 2344 1258 janua
2372 1191 2709 1259 cupiditatis,
2750 1189 2960 1261 quando
3001 1206 3121 1246 eum
3156 1191 3375 1246 tentavit
3419 1189 3665 1247 diabolus
3689 1190 3759 1246 di-

2189 1297 2318 1338 cens
2351 1302 2365 1337 :
2401 1282 2494 1338 Dic
2521 1282 2772 1353 lapidibus
2792 1283 2902 1338 istis
2929 1291 2982 1336 ut
3014 1298 3168 1352 panes
3197 1282 3343 1351 ﬂant.
3373 1282 3551 1340 Mora
3581 1299 3684 1347 ms.
3719 1294 3760 1340 at

2187 1374 2434 1432 dabotilii
2461 1391 2614 1446 regna
2652 1375 2769 1430 ista.
2809 1372 2956 1430 Mitte
2983 1374 3322 1442 to-deorsutn,
3367 1375 3494 1443 quia
3531 1376 3762 1444 scriptum

2189 1478 2260 1523 est
2290 1485 2308 1520 :
2335 1469 2466 1533 Quia
2509 1468 2716 1537 Angelis
2750 1468 2854 1524 suis
2899 1467 3154 1526 mandavit
3183 1467 3247 1524 de
3290 1476 3356 1529 te.
3385 1477 3439 1525 et
3467 1468 3523 1524 in
3548 1467 3763 1528 mnibus

2189 1559 2363 1614 tollent
2392 1568 2460 1624 te,
2496 1575 2558 1612 ne
2581 1559 2784 1627 quando
2805 1556 3036 1624 oﬂ'endas
3068 1557 3136 1612 ad
3164 1557 3385 1627 lapidem
3426 1555 3606 1626 pedem
3635 1567 3763 1616 luunt

2194 1647 2405 1718 (Matth.
2437 1665 2506 1714 tv,
2534 1650 2590 1712 4,
2619 1649 2674 1713 9,
2707 1649 2784 1718 (ι).
2813 1647 2997 1704 Omnis
3018 1647 3134 1708 hmo
3155 1647 3404 1710 illecebra
3429 1648 3764 1718 cupiditatem

2191 1750 2357 1798 tentat
2393 1743 2433 1794 ι.
2477 1742 2545 1796 At
2595 1740 2684 1798 ubi
2722 1741 2958 1798 clausam
2982 1737 3201 1808 ianuam
3230 1739 3432 1800 invenit
3475 1739 3766 1810 cupiditatis

2190 1832 2243 1888 in
2271 1848 2336 1890 eo
2363 1833 2454 1902 qui
2483 1831 2786 1892 tentabatur
2813 1847 2912 1902 pro
2953 1833 3129 1899 nobis,
3171 1833 3440 1895 convertit
3465 1847 3530 1893 se
3571 1832 3634 1891 Id
3664 1843 3764 1893 ιειιο

2191 1925 2402 1984 tandam
2429 1925 2646 1994 januam
2675 1924 2902 1993 timoris,
2924 1933 2979 1984 et
3008 1924 3321 1995 praeparavit
3349 1924 3425 1982 illi
3452 1925 3758 1996 paSSioocuI.

2191 2019 2426 2087 Denique
2451 2017 2548 2070 hoc
2574 2017 2702 2075 dicit
2728 2016 3063 2086 Evangelista
3094 2032 3108 2076 ι
3139 2015 3207 2072 Et
3235 2026 3591 2078 consummata
3615 2026 3762 2078 tenth

2192 2110 2346 2175 tione,
2372 2108 2602 2164 diabolus
2631 2110 2833 2170 recessit
2869 2107 2932 2163 ab
2956 2125 3014 2164 eo
3039 2109 3106 2169 ad
3132 2119 3327 2179 tempus
3357 2109 3512 2180 (Luc.
3539 2126 3609 2176 tv,
3641 2112 3704 2168 i3
3725 2113 3760 2176 ).

2191 2203 2328 2272 Quid
2353 2212 2456 2268 est,
2488 2205 2556 2257 ad
2580 2202 2812 2273 tempus?
2831 2202 3103 2272 Tanquam
3122 2202 3389 2262 rediturus
3403 2212 3463 2262 et
3489 2211 3764 2264 tentaturus

2186 2297 2404 2368 januam
2444 2298 2667 2362 timoris,
2697 2297 2820 2366 quia
2845 2296 3078 2353 clausam
3109 2296 3309 2352 invenit
3327 2296 3551 2366 januam
3577 2296 3760 2366 cupidi-

2191 2391 2336 2445 tatis.
2370 2389 2558 2444 Totnm
2613 2403 2742 2459 ergo
2782 2402 2976 2457 corpus
3013 2387 3210 2444 Christi
3256 2396 3496 2447 tentatur
3522 2403 3679 2459 usque
3718 2388 3762 2444 in

2192 2482 2373 2536 finem.
2417 2480 2632 2536 Fratres
2662 2480 2786 2547 mei,
2815 2479 3027 2551 quando
3049 2479 3255 2549 iussum
3296 2489 3378 2536 est
3430 2481 3614 2542 nescio
3653 2479 3762 2552 quid

2192 2582 2378 2628 contra
2399 2570 2730 2627 Christianos
2750 2573 2894 2638 mali,
2912 2571 3069 2628 simul
3091 2571 3486 2640 impingebstur
3509 2574 3530 2606 ²
3554 2571 3652 2628 hoc
3662 2585 3763 2627 oor-

2194 2682 2314 2735 pus,
2343 2675 2508 2720 totum
2541 2663 2929 2734 impingebatur
2957 2680 2970 2718 :
3003 2663 3144 2718 unde
3171 2663 3370 2720 dictum
3406 2672 3527 2719 crat
3555 2664 3606 2720 in
3643 2662 3763 2732 psal-

2193 2773 2285 2813 mo
2307 2774 2319 2812 :
2339 2756 2606 2826 Tanquam
2619 2755 2851 2813 cumulus
2869 2771 3036 2812 arente
3049 2756 3300 2827 impulsus
3318 2771 3435 2812 sum
3455 2766 3509 2812 ut
3534 2756 3759 2821 cadant.

2194 2859 2242 2908 et
2264 2849 2514 2905 Dominus
2536 2849 2756 2918 suscepit
2779 2865 2860 2902 me
2885 2847 3057 2919 (Psal.
3091 2861 3254 2914 cxvu,
3285 2844 3393 2918 l3).
3430 2848 3502 2906 At
3526 2847 3609 2904 ubi
3636 2846 3761 2904 finita

2195 2953 2320 2998 sunt
2346 2943 2434 2998 illa
2459 2958 2580 3013 qua:
2611 2951 2779 2998 totum
2808 2955 3004 3010 corpus
3047 2939 3408 3010 impiugebant
3438 2949 3498 2998 ut
3522 2939 3723 2998 caderet
3746 2979 3760 3004 ,

2195 3039 2358 3105 coepit
2418 3038 2642 3091 tentatio
2690 3048 2812 3090 esse
2866 3048 2963 3103 per
3031 3041 3229 3102 partes.
3279 3031 3543 3089 Tentatur
3591 3043 3762 3100 corpus

2196 3126 2415 3191 Christi,
2446 3143 2548 3183 una
2574 3127 2811 3183 Ecclesia
2838 3141 2945 3182 non
2974 3127 3170 3197 patitur
3199 3126 3650 3196 persecutionem,
3675 3123 3759 3182 alia

2196 3220 2414 3292 patitur.
2447 3219 2560 3275 Non
2591 3219 2788 3290 patitur
2813 3218 3050 3274 furorem
3081 3217 3444 3287 imperatoris,
3472 3217 3566 3274 sed
3591 3215 3761 3288 patitur

2197 3314 2430 3370 furerent
2458 3313 2581 3368 mali
2611 3313 2810 3383 populi.
2837 3311 3060 3380 Quanta)
3082 3311 3409 3366 vastationes
3439 3326 3469 3366 a
3503 3308 3761 3383 plebibus?

2197 3408 2404 3476 Quanta
2433 3405 2572 3461 mala
2596 3407 2796 3476 ingesta
2818 3413 2943 3460 sunt
2961 3404 3213 3462 Ecclesia:
3229 3418 3260 3458 a
3276 3403 3435 3459 malis
3459 3402 3759 3465 christianis.

2199 3500 2269 3556 ab
2303 3501 2383 3557 eis
2406 3501 2496 3571 qui
2525 3499 2664 3570 capti
2710 3499 2764 3553 in
2809 3497 2901 3553 illo
2941 3496 3198 3554 retiaculo
3228 3537 3245 3563 ,
3292 3504 3399 3552 tam
3452 3491 3762 3565 multiplicati

2199 3604 2343 3659 sunt,
2374 3601 2429 3648 ut
2455 3600 2761 3662 premerent
2786 3606 2948 3647 naves
2970 3590 3122 3661 (Luc.
3149 3605 3204 3655 ν,
3233 3585 3289 3660 7)
3309 3588 3360 3644 in
3381 3589 3670 3659 piscatione
3685 3584 3762 3641 illa

2198 3686 2409 3742 Domini
2443 3693 2564 3740 ante
2595 3685 2935 3754 passionem?
2974 3683 3090 3739 Non
3115 3698 3244 3754 ergo
3281 3682 3480 3738 desunt
3525 3693 3762 3753 pressura

2201 3778 2528 3834 tentationls.
2559 3776 2730 3832 Nemo
2772 3776 2871 3830 sibi
2899 3776 3041 3831 dicat
3069 3794 3084 3831 :
3123 3773 3234 3829 Non
3263 3783 3348 3828 est
3373 3783 3589 3844 tempus
3610 3779 3761 3829 tents-

2201 3870 2382 3925 tionis.
2422 3867 2526 3934 Qui
2568 3868 2669 3923 sibi
2714 3869 2816 3922 hoc
2850 3867 2998 3934 dicit,
3028 3881 3209 3937 pacem
3235 3866 3334 3922 sibi
3362 3864 3660 3936 promittit:
3687 3863 3764 3932 qui

2202 3962 2302 4016 sibi
2330 3975 2511 4030 pacem
2545 3960 2820 4030 promittit,
2853 3973 3072 4014 securus
3120 3956 3404 4014 invaditur.
3442 3957 3627 4014 Totum
3654 3967 3762 4024 ergo

2202 4067 2398 4122 corpus
2425 4052 2624 4107 Christi
2653 4051 2795 4105 dicat
2823 4068 2838 4105 :
2871 4049 3070 4104 Edttccs
3094 4065 3172 4103 me
3207 4049 3272 4103 de
3309 4049 3592 4118 muscipula
3638 4047 3722 4101 ista
3745 4080 3758 4107 ,

2202 4159 2355 4212 quam
2381 4143 2754 4197 occultaverunt
2788 4141 2913 4196 mihi
2942 4156 2960 4195 :
2987 4141 3109 4210 quia
3137 4138 3388 4196 eductum
3421 4149 3508 4198 εει
3549 4146 3604 4195 et
3626 4142 3763 4203 caput

2203 4246 2444 4292 nostrum
2471 4236 2539 4291 de
2559 4234 2872 4303 muscipula,
2893 4246 3048 4304 quam
3073 4231 3462 4287 abscondcrtml
3484 4230 3578 4295 illi,
3595 4227 3760 4299 quibus

2203 4331 2366 4386 modo
2391 4330 2667 4385 dicebatur
2695 4328 2748 4381 in
2777 4325 3078 4394 Evangelio,
3107 4323 3226 4394 quia
3248 4322 3442 4380 dicturi
3465 4329 3646 4380 erant:
3680 4315 3760 4372 Ilio

2205 4434 2275 4479 est
2298 4425 2473 4485 hwres,
2511 4421 2668 4474 uenite
2703 4418 2988 4473 occidamus
3026 4431 3161 4482 eum,
3190 4424 3238 4470 et
3265 4424 3436 4470 nostra
3463 4415 3554 4468 erit
3575 4406 3760 4466 fueredi-

2206 4525 2305 4570 tas.
2341 4515 2408 4568 Et
2451 4514 2503 4567 in
2543 4527 2602 4566 se
2630 4510 2946 4570 sententiam
2985 4507 3236 4564 dixerunt
3272 4503 3616 4574 interrogati:
3647 4495 3760 4566 Quid

2206 4605 2357 4676 faciet
2417 4604 2505 4658 ille
2547 4599 2916 4670 paterfamilias
2963 4597 3154 4652 colonis
3198 4595 3386 4650 malis?
3436 4593 3602 4654 Malos
3650 4587 3760 4646 mals

2207 4696 2399 4766 perdet,
2424 4704 2468 4749 et
2495 4695 2691 4748 vineam
2719 4708 2862 4747 suam
2888 4689 3070 4743 locabit
3114 4687 3230 4742 aliis
3267 4685 3521 4756 agricolis.
3558 4680 3699 4750 Quid,
3720 4683 3794 4764 et;

2206 4765 2336 4843 illud
2367 4805 2466 4842 non
2493 4785 2680 4858 legistis
2713 4799 2732 4837 :
2771 4781 3015 4853 Lapidem
3041 4796 3186 4852 quem
3211 4778 3594 4848 reprobatierunt
3618 4765 3784 4850 0:45P}

2205 4891 2396 4943 cantes,
2420 4882 2500 4934 hic
2528 4881 2692 4948 {actus
2721 4885 2794 4932 est
2819 4877 2871 4929 in
2899 4882 3050 4944 caput
3095 4871 3310 4944 anguli?
3338 4871 3492 4938 Quod
3515 4876 3594 4925 est
3615 4864 3752 4923 enim.

2203 4974 2593 5047 reprobaverunt
2618 4970 2963 5038 wdiﬁmntcs;
2991 4964 3094 5020 hoc
3121 4964 3214 5029 ait,
3254 4961 3523 5033 lijocerunt
3547 4965 3676 5016 et‘tra
3698 4952 3756 5006 ui-

2205 5083 2370 5130 ncam,
2397 5075 2440 5120 et
2467 5062 2754 5119 occiderunt
2779 5057 2988 5132 (Matth.
3028 5072 3133 5122 XXI,
3179 5053 3400 5123 38-42).
3439 5053 3577 5120 Ergo
3601 5053 3756 5104 erutus

2203 5167 2288 5214 est
2328 5165 2383 5213 ct
2425 5157 2535 5211 ille.
2577 5154 2749 5222 Caput
2794 5159 3034 5206 nostrum
3061 5160 3272 5206 sursum
3293 5155 3393 5211 cst,
3426 5143 3642 5206 liberum
3667 5142 3749 5192 eat.

2205 5249 2513 5305 Hrreamus
2545 5245 2618 5299 illi
2655 5258 2749 5314 per
2775 5242 3131 5301 dilectionem,
3158 5247 3216 5294 ut
3239 5237 3427 5294 melius
3448 5246 3621 5304 poswa
3643 5241 3751 5284 conc

2203 5341 2531 5413 glutinemur
2551 5337 2598 5394 ei
2617 5352 2712 5407 per
2730 5333 3181 5394 immortalitatem
3203 5348 3216 5397 ;
3235 5337 3290 5387 et
3308 5330 3540 5388 dicamus
3558 5331 3745 5382 omnes:

2269 5549 2289 5580 ί
2314 5547 2385 5595 sic
2405 5543 2574 5607 plures
2591 5548 2698 5591 Mss.
2724 5545 2779 5587 At
2799 5544 2882 5607 εν..
2899 5532 3069 5607 omnia
3084 5533 3298 5607 Ιιωεχιρν

2205 5580 2574 5662 mentun-flint
2724 5580 3066 5654 ltuit?"
3193 5580 3442 5648 illecebras
3472 5580 3746 5649 cupiditatum

2203 5678 2445 5788 ’θ’ἷίῗίιιι,
2473 5725 2818 5792 impingebatur
2841 5723 2893 5774 in
2914 5719 3005 5773 hoc
3038 5731 3229 5783 corpus.
3266 5713 3534 5778 Prarimltio
3558 5706 3610 5766 ἐκ
3631 5699 3746 5756 Μ

2206 5812 2233 5848 a
2251 5797 2500 5858 pleripqtte
2527 5801 2626 5842 iis».
