3950 6428
261 418 362 480 137

268 537 467 599 Educes
493 559 575 599 me
599 539 664 600 de
685 541 971 616 muscipula
989 542 1106 614 ista,
1131 558 1284 615 quam
1307 543 1679 601 occultaverunt
1697 540 1845 606 mihi;

271 637 503 708 quoniam
523 647 578 691 tu
599 653 653 697 es
681 645 933 709 protector
954 652 1115 695 metu.
1728 623 1740 643 ’

237 789 245 803 ν
340 728 427 785 tt.
469 725 620 804 [vers.
666 727 747 804 6.]
784 729 1075 789 Audiamus
1104 742 1287 789 vocem
1316 728 1545 798 Domini,
1576 742 1737 801 quam
1764 726 1851 783 di-

278 819 352 877 xit
371 820 423 876 in
443 835 605 881 cruce
634 838 648 877 :
671 817 737 881 lu
759 836 939 885 manus
961 830 1077 878 tuas
1095 821 1387 879 commendo
1405 821 1641 892 spiritum
1661 835 1849 876 meum.

236 979 247 1003 ι
276 909 423 971 Certe
446 926 566 973 cum
594 912 755 973 verba
781 913 897 984 ejus
923 915 976 970 in
1003 912 1291 984 Evangelio
1315 912 1384 969 de
1406 911 1510 969 isto
1532 912 1739 985 psalmo
1762 926 1854 969 co-

274 1004 590 1075 gnoscimus.
625 1004 797 1078 ipsum
829 1003 915 1063 hic
941 1004 1175 1065 locutum
1203 1002 1369 1062 fuisse
1390 1018 1497 1059 non
1522 1002 1850 1061 dubitemus.

278 1092 442 1149 llabcs
467 1091 571 1151 hoc
600 1095 652 1150 in
682 1093 972 1166 Evangelia
992 1136 1006 1159 ,
1036 1093 1208 1167 dixit,
1237 1092 1306 1151 In
1345 1110 1525 1151 manus
1561 1103 1675 1150 tuas
1709 1109 1852 1171 com:

274 1184 446 1241 mendo
464 1184 698 1254 spiritum
724 1202 887 1245 meum
912 1184 1064 1257 (Luc.
1088 1200 1247 1255 xxxii,
1268 1183 1361 1257 46)
1392 1202 1407 1241 :
1434 1194 1483 1243 et
1508 1184 1751 1241 inclinato
1774 1200 1855 1238 ea-

271 1275 371 1346 pite
392 1275 602 1333 tradidit
626 1277 862 1349 spiritum
888 1275 1069 1349 (Joan.
1107 1292 1224 1345 XIX.
1258 1276 1374 1349 50).
1405 1277 1522 1335 Non
1551 1278 1668 1334 sine
1692 1291 1853 1333 causa

264 1367 429 1424 voluit
457 1370 620 1426 verba
644 1367 806 1441 hujus
840 1370 1031 1447 psalmi
1067 1385 1162 1431 sua
1199 1384 1338 1435 esse,
1370 1370 1473 1429 nisi
1502 1380 1561 1427 ut
1590 1380 1642 1431 tc
1665 1370 1855 1427 admo-

263 1468 416 1516 neret
454 1474 515 1516 se
562 1459 802 1523 loculum
850 1476 972 1524 esse
1018 1460 1069 1519 in
1111 1460 1215 1519 hoc
1256 1461 1482 1535 psalmo.
1540 1460 1717 1532 ipsum
1768 1460 1855 1517 hic

260 1566 471 1627 qumre;
496 1551 672 1629 cogita
698 1549 965 1629 quomodo
997 1551 1051 1612 in
1077 1551 1169 1609 illo
1194 1552 1398 1623 psalmo
1423 1566 1483 1611 se
1501 1552 1667 1623 qumri
1689 1551 1857 1608 voluit

257 1657 358 1721 pro
383 1643 729 1724 susceptione
759 1642 1017 1704 matutina
1048 1659 1061 1699 :
1106 1640 1370 1703 Foderunt
1414 1658 1594 1700 manus
1634 1658 1772 1699 nicas
1809 1651 1856 1697 et

258 1734 411 1809 pedes
432 1751 589 1802 meos,
629 1734 1075 1795 dinumeraverunt
1104 1733 1276 1794 omnia
1300 1750 1415 1790 assa
1442 1749 1553 1790 mea
1567 1749 1589 1800 ,-
1615 1732 1715 1805 ipsi
1742 1748 1856 1789 vero

256 1827 703 1887 considerarerunt
732 1836 779 1884 et
807 1835 1172 1900 conspexerunt
1219 1842 1321 1896 me,
1350 1826 1626 1883 dirimunt
1647 1825 1743 1881 sibi
1770 1840 1854 1880 ve-

258 1921 493 1981 stimenta
530 1936 683 1987 mea,
723 1928 769 1974 et
811 1935 962 1994 super
998 1928 1364 1977 vestcmtueant
1402 1918 1647 1977 miserunt
1672 1926 1859 1973 sortem

262 2011 433 2089 (Psal.
464 2029 575 2083 xxi,
609 2012 799 2087 17-19)
828 2029 843 2067 :
873 2020 931 2073 ut
969 2019 1020 2073 te
1060 2011 1380 2071 admoueret
1418 2010 1472 2069 in
1512 2024 1573 2067 se
1598 2008 1704 2067 hoc
1738 2023 1858 2066 esse

264 2102 620 2177 completum,
662 2102 717 2165 in
755 2118 887 2165 voce
914 2117 1009 2163 sua
1040 2103 1216 2174 posuit
1253 2111 1414 2173 caput
1439 2102 1605 2173 ipsius
1629 2100 1854 2174 psalmi,

265 2194 424 2269 Deus,
450 2192 586 2252 Deus
611 2213 772 2263 meus,
796 2195 973 2273 utquid
1001 2212 1079 2253 me
1096 2194 1404 2269 dereliquisti
1442 2193 1630 2267 (lbid.,
1659 2193 1762 2265 2)?
1793 2194 1859 2251 Et

270 2299 447 2353 tamen
469 2305 658 2350 vocem
679 2290 923 2362 corporis
948 2288 1003 2349 in
1027 2304 1087 2347 se
1116 2288 1547 2361 transtiguravit;
1578 2302 1688 2346 non
1710 2287 1855 2344 enim

270 2382 493 2443 Unicum
534 2398 691 2445 suum
721 2383 880 2443 Pater
913 2381 1200 2456 aliquando
1230 2382 1535 2453 dereliquit.
1574 2379 1858 2439 Redentisti

275 2495 373 2551 me,
404 2476 636 2545 Domine,
659 2476 795 2536 Deus
819 2476 1044 2535 veritatis
1079 2491 1099 2535 :
1137 2472 1339 2535 iaciens
1360 2473 1502 2547 quod
1530 2473 1821 2546 promisisti
1838 2514 1856 2542 ,

277 2584 378 2633 nun
408 2569 591 2631 fallens
619 2569 674 2629 in
703 2568 1086 2642 pollicitatione
1113 2578 1223 2636 tua,
1253 2567 1399 2627 Deus
1420 2567 1684 2624 veritatis.

349 2655 431 2717 12.
472 2657 637 2736 [vers.
682 2658 765 2737 7.]
805 2659 973 2719 Odisti
1008 2660 1327 2719 observantes
1362 2659 1640 2716 vanitatem
1678 2674 1859 2732 super-

282 2772 445 2817 vacue.
486 2755 617 2826 Quis
659 2755 913 2815 observat
949 2752 1283 2812 vanitatem?
1322 2752 1424 2820 Qui
1457 2752 1697 2809 timendo
1722 2753 1860 2810 mori

280 2846 494 2908 moritur
534 2865 547 2904 :
590 2846 827 2907 timendo
861 2844 1008 2904 enim
1043 2844 1184 2905 mori
1226 2843 1507 2909 mentitur.
1545 2851 1604 2901 et
1628 2842 1859 2901 moritur

298 2947 567 3012 antequam
593 2940 872 3009 moriatur,
912 2938 1005 3011 qui
1030 2938 1152 2997 ideo
1174 2936 1528 2996 mentiebatur
1554 2945 1613 2994 ut
1635 2935 1858 2994 viveret.

288 3029 485 3093 Μετιιίτί
508 3033 609 3101 vis,
634 3048 702 3095 ne
728 3032 1013 3093 moriaris:
1039 3040 1097 3091 et
1122 3030 1402 3097 mentiris,
1433 3037 1491 3087 et
1514 3028 1775 3095 moreris;
1806 3036 1861 3086 et

289 3135 401 3183 cum
426 3122 558 3181 vitas
585 3139 746 3182 unum
775 3133 1005 3181 mortem
1045 3137 1206 3193 quam
1244 3118 1464 3179 dill'erre
1498 3119 1731 3191 poteris,
1758 3134 1859 3176 auo

289 3212 420 3275 ferre
441 3230 546 3275 non
575 3216 800 3289 poteris,
827 3213 1017 3273 incidis
1044 3215 1099 3273 in
1121 3214 1279 3279 duas,
1304 3220 1363 3269 ut
1389 3212 1541 3283 prius
1566 3212 1621 3269 in
1657 3211 1857 3280 animo,

289 3314 459 3379 pcatea
479 3306 530 3365 in
551 3321 779 3381 corpore
806 3305 1073 3367 moriaris.
1096 3304 1252 3363 Unde
1280 3303 1383 3360 hoc
1402 3343 1417 3373 ,
1440 3303 1544 3360 nisi
1566 3303 1859 3361 observan.

290 3397 353 3457 do
368 3400 668 3459 vanitatem?
683 3400 814 3470 Quia
829 3399 1002 3459 dulcis
1016 3406 1100 3457 est
1145 3398 1241 3457 tibi
1283 3398 1547 3456 transiens
1581 3396 1723 3463 dies,
1738 3396 1858 3466 quia

292 3486 452 3551 dulcia
477 3499 599 3551 sunt
628 3491 722 3549 tibi
751 3491 1132 3551 transvolantis
1162 3498 1427 3561 tempora,
1453 3490 1593 3546 unde
1622 3488 1755 3545 nihil
1782 3497 1860 3545 te-

294 3595 403 3651 nes,
424 3591 477 3639 et
500 3584 718 3654 insuper
745 3591 800 3638 tu
827 3582 1046 3640 teneris.
1073 3580 1241 3639 Odisti
1259 3579 1571 3637 observantes
1589 3580 1862 3637 vanitatem

293 3687 595 3744 supervacue.
642 3672 757 3744 Ego
784 3682 954 3729 autem
972 3713 990 3742 ,
1019 3672 1109 3744 qui
1140 3686 1246 3729 non
1273 3671 1503 3729 observo
1540 3670 1858 3735 vanitatem,

294 3760 342 3821 in
370 3764 575 3823 Domino
596 3766 814 3837 speravi.
854 3764 1049 3835 Speras
1076 3764 1129 3819 in
1156 3762 1403 3834 pecunia,
1425 3761 1683 3819 observas
1705 3759 1857 3817 vani-

297 3861 442 3916 tatem
464 3876 477 3915 :
501 3871 685 3928 speras
710 3856 767 3912 in
786 3854 987 3912 honore
1008 3864 1063 3912 et
1086 3854 1409 3911 sublimitate
1427 3853 1599 3925 aliqua
1620 3860 1854 3923 potesta-

296 3947 358 4005 tis
380 3947 638 4016 ltutuanm,
681 3949 936 4006 observas
976 3946 1265 4003 vanitatem
1308 3964 1324 4002 :
1367 3960 1552 4016 speras
1590 3945 1643 4001 in
1680 3944 1862 4016 aliquo

297 4039 453 4099 amico
481 4047 716 4113 petente,
748 4040 1005 4097 observas
1028 4039 1338 4097 vanitatem.
1382 4037 1440 4092 in
1485 4037 1569 4093 his
1614 4036 1861 4094 omnibus

296 4143 407 4193 cum
430 4146 636 4204 speras,
663 4139 757 4206 aut
781 4139 835 4188 tu
862 4131 1122 4202 exspiras,
1150 4140 1206 4187 et
1241 4145 1304 4187 ea
1344 4130 1430 4185 hic
1472 4128 1732 4195 dimittis;
1769 4137 1865 4184 aut

296 4235 407 4280 cum
429 4222 581 4289 vivis,
606 4223 787 4279 omnia
814 4230 1065 4294 pereunt,
1087 4229 1141 4279 et
1165 4222 1218 4277 in
1244 4235 1339 4292 spe
1368 4229 1455 4276 tua
1479 4218 1686 4276 deﬁcis.
1712 4218 1862 4276 Hanc

297 4315 565 4373 vanitatem
589 4321 979 4372 commemorat
995 4313 1165 4373 lsaias
1185 4313 1402 4369 dicens:
1432 4311 1609 4369 Omnis
1641 4328 1762 4369 caro
1787 4316 1865 4385 fe-

260 4464 273 4475 ,
294 4422 423 4474 Itum,
449 4418 494 4465 et
518 4408 678 4465 omnis
696 4407 860 4480 gloria
897 4411 1006 4477 ejus
1027 4406 1171 4477 quasi
1207 4407 1305 4476 flos
1334 4406 1437 4477 feni
1468 4406 1636 4460 :aruit
1662 4407 1857 4475 fenum,

284 4512 328 4559 et
362 4503 459 4576 flos
495 4501 605 4574 ejus
646 4499 868 4565 decidit;
909 4499 1110 4554 verbum
1150 4507 1316 4553 autem
1358 4497 1564 4554 Domini
1600 4507 1767 4553 manet
1806 4498 1862 4554 in

278 4604 522 4650 cateruam
551 4589 703 4664 (Isai.
749 4606 837 4656 xu,
869 4589 985 4660 68).
1030 4589 1144 4660 Ego
1185 4596 1397 4656 autem,
1443 4604 1549 4645 non
1591 4588 1863 4659 quomodo

274 4686 356 4742 illi
384 4684 479 4757 qui
503 4693 723 4756 sperant
751 4683 803 4737 in
846 4682 1101 4747 vanitate,
1140 4691 1199 4739 et
1218 4681 1311 4750 qui
1336 4681 1624 4737 observant
1651 4683 1860 4739 vanita-

274 4784 426 4841 tem;
453 4773 550 4835 sed
577 4774 630 4831 in
655 4772 883 4830 Domino
905 4771 1139 4843 speravi,
1165 4771 1257 4842 qui
1286 4786 1389 4827 non
1417 4782 1503 4828 est
1528 4774 1759 4829 ventilas.

347 4865 440 4927 15.
480 4864 629 4941 [νινε.
655 4863 736 4939 8.]
776 4863 1079 4930 Exsultabo,
1106 4873 1152 4918 et
1167 4862 1491 4934 jucunddior
1511 4864 1564 4917 in
1586 4873 1675 4920 tua
1709 4864 1863 4920 arise-

272 4959 500 5019 n'cordia
534 4972 555 5015 ε
583 4974 695 5015 non
714 4958 770 5015 in
796 4972 915 5015 mea
946 4956 1171 5026 iustitia.
1202 4954 1338 5024 Quia
1364 4957 1625 5027 rapuisti
1651 4958 1861 5013 humili-

274 5062 433 5109 tatem
469 5065 655 5119 meum,
699 5049 889 5105 ulvam
929 5047 1091 5121 fecisti
1124 5047 1189 5102 de
1227 5048 1600 5105 necessitatibus
1637 5052 1865 5107 animans

224 5152 229 5163 '
275 5159 443 5199 nteant
464 5157 484 5197 :
509 5158 599 5199 nec
624 5140 916 5199 conclusisti
942 5157 1021 5195 use
1046 5140 1100 5197 in
1129 5156 1315 5199 manus
1338 5140 1551 5197 inimici.
1581 5142 1711 5210 Quae
1738 5152 1865 5200 sunt

276 5234 653 5302 necessitates,
676 5231 823 5290 unde
847 5231 1091 5289 volumus
1112 5232 1317 5289 salvam
1341 5232 1459 5291 fieri
1504 5234 1737 5289 animant
1767 5250 1867 5292 no-

276 5324 483 5382 stram?
505 5324 639 5397 Quis
654 5340 751 5381 eas
771 5324 1069 5383 enumerat?
1084 5324 1207 5394 quis
1225 5324 1385 5395 digne
1403 5326 1720 5396 exaggerat?
1742 5328 1863 5398 quis

280 5433 515 5492 congrue
534 5416 781 5474 vitandas
802 5414 1183 5487 leniendosque
1203 5415 1582 5473 contumulet?
1607 5417 1789 5474 Primo
1805 5418 1865 5474 in

281 5522 478 5580 genere
508 5506 744 5579 humano
769 5506 903 5563 dura
933 5507 1244 5574 necessitas,
1276 5508 1482 5565 nescire
1504 5523 1603 5564 cor
1620 5509 1859 5580 alterius,

278 5598 418 5657 male
445 5600 647 5655 sentire
678 5598 988 5669 plerumque
1014 5596 1083 5653 de
1108 5598 1281 5653 amico
1308 5597 1467 5665 ﬁdeli,
1501 5599 1636 5655 bene
1660 5603 1861 5659 sentire
1916 5598 1941 5619 '

279 5692 597 5764 plerumque
623 5688 691 5747 de
717 5691 895 5747 amico
921 5688 1141 5745 infideli.
1188 5689 1238 5746 0
1274 5689 1407 5746 dura
1436 5694 1762 5749 necessitas!
1794 5693 1865 5751 Et

276 5780 403 5856 quid
434 5778 567 5835 lacis
594 5787 653 5834 ut
680 5778 841 5836 corda
883 5780 1171 5855 inspicias?
1213 5797 1372 5856 quem
1410 5784 1622 5841 oculum
1665 5784 1860 5857 aﬂ'ers,

275 5875 491 5933 inﬁrma
522 5878 577 5927 et
604 5871 897 5945 plangentia
927 5873 1262 5930 mortalitas?
1285 5873 1413 5946 quid
1440 5875 1567 5935 laris
1597 5886 1654 5935 ut
1679 5878 1862 5937 videas

1176 6057 1386 6075 μ“ρρν-...’..,η-
1426 6070 1433 6073 ι
1456 6064 1467 6071 ο

1413 420 1808 484 ENARRATIO
1848 418 1910 480 IN
1949 424 2266 488 PSALMUM
2297 428 2465 490 XXX.

1958 540 2118 599 hodie
2140 559 2236 601 cor
2258 548 2435 605 fratris
2460 546 2575 604 tui?
2597 547 2710 606 Non
2733 548 2901 606 habes
2925 552 3049 624 quid
3078 552 3259 611 facias.
3289 556 3404 612 Alia
3432 572 3547 615 ma-

1947 631 2037 705 jor
2070 638 2379 704 necessitas,
2412 654 2513 696 nec
2541 649 2688 697 tuum
2717 642 2869 699 vides
2907 644 3064 714 quale
3092 646 3193 701 erit
3232 660 3372 704 cras.
3400 637 3555 717 Quid

1949 726 2063 797 jam
2086 726 2261 785 dicam
2288 728 2356 786 de
2379 733 2786 790 necessitatibus
2812 735 2979 805 ipsius
3003 738 3379 795 mortalitatis?
3407 718 3558 798 Mori‘

1957 832 2180 875 necesse
2207 829 2310 886 est,
2356 829 2410 878 et
2457 837 2615 879 nemo
2644 824 2778 880 vult.
2818 825 2988 882 Nemo
3017 830 3130 884 vult
3153 832 3293 901 quod
3322 847 3546 892 necesse
3582 812 3585 819 λ

1961 918 2064 965 est.
2091 909 2259 967 Nemo
2285 911 2417 979 vult,
2443 913 2587 985 quod
2610 916 2714 971 erit
2732 917 2859 974 velit
2883 920 3035 976 nolit.
3060 922 3201 978 Dura
3229 929 3523 983 necessitas
3566 949 3582 985 .-

1958 999 2101 1059 nolle
2137 1002 2280 1072 quod
2327 1019 2432 1060 non
2447 964 2648 1077 1potest
2683 1010 2893 1065 evitari.
2925 1011 3056 1069 Nam
3100 1016 3143 1070 si
3186 1016 3296 1073 ﬁeri
3342 964 3593 1091 posset,

1960 1092 2224 1149 nollemus
2272 1094 2453 1166 utique
2495 1099 2668 1165 mori;
2717 1108 2771 1156 et
2800 1100 2939 1158 efﬁci
2967 1105 3109 1175 quod
3144 1108 3328 1179 Angeli
3375 1112 3537 1168 velle-

1958 1199 2106 1249 mus,
2153 1185 2249 1243 sed
2301 1190 2720 1247 commutatione
2745 1191 2971 1263 qundam
2991 1234 3006 1260 ,
3039 1212 3143 1252 non
3174 1209 3374 1271 morte,
3407 1203 3523 1260 sicu

1957 1275 2091 1333 dicit
2119 1278 2411 1346 Apostolus
2438 1298 2451 1336 :
2484 1279 2905 1352 eEdi/ieationem
2932 1287 3167 1345 habemus
3196 1308 3259 1347 ex
3287 1292 3414 1363 Deo,
3447 1296 3545 1351 do-

1958 1384 2097 1423 mum
2114 1384 2216 1423 non
2246 1374 2871 1445 manufaetam,teternam
2901 1378 2954 1430 in
2976 1379 3133 1434 certis.
3161 1380 3357 1438 Etenim
3376 1385 3427 1440 in
3450 1386 3546 1441 hoc

1959 1463 2352 1534 ingemiscimus,
2394 1465 2741 1522 habitaculum
2780 1480 3010 1525 nostrum
3034 1474 3169 1540 quod
3203 1475 3266 1529 de
3288 1478 3416 1531 caelo
3449 1489 3543 1544 est,

1959 1556 2259 1625 superindui
2279 1557 2567 1627 cupientes;
2588 1559 2635 1614 si
2653 1570 2820 1616 tamen
2841 1561 3023 1629 induti,
3047 1574 3092 1617 et
3126 1582 3227 1620 non
3259 1568 3384 1621 nudi
3408 1569 3548 1624 inve-

1960 1648 2180 1702 niantur.
2219 1648 2418 1704 Etenim
2443 1651 2532 1721 qui
2553 1668 2727 1708 sumus
2776 1654 2828 1708 in
2854 1653 2951 1709 hac
2981 1655 3307 1725 habitatione,
3338 1660 3548 1733 ingemi-

1960 1739 2146 1794 scimus
2169 1742 2384 1812 grarati,
2412 1742 2466 1797 in
2489 1760 2588 1814 quo
2617 1743 2851 1800 nolumus
2877 1745 3169 1817 exspoliari,
3200 1750 3290 1806 sed
3310 1769 3548 1824 superve-

1959 1830 2089 1895 stiri,
2123 1840 2178 1885 ut
2203 1831 2525 1889 absorbeatur
2553 1835 2765 1891 mortale
2798 1854 2831 1891 α
2874 1837 2973 1892 vita
2999 1835 3085 1915 (11
3127 1838 3245 1896 Cor.
3294 1860 3343 1909 ν,
3390 1842 3547 1917 1-4).

1960 1920 2218 1977 Volumus
2249 1925 2527 1996 pervenire
2553 1925 2621 1982 ad
2650 1940 2871 1999 regnum
2915 1927 3031 1996 Dei,
3071 1929 3167 1986 sed
3197 1947 3291 2002 per
3317 1944 3544 1992 mortem

1960 2013 2207 2069 nolumus
2236 2031 2249 2070 :
2279 2025 2329 2071 et
2364 2023 2543 2073 tamen
2572 2017 2700 2074 dicit
2729 2018 2821 2075 tibi
2862 2022 3171 2087 necessitas,
3206 2021 3316 2082 ilac
3341 2025 3544 2086 venies.

1962 2102 2074 2159 Hoc
2112 2105 2297 2163 venire
2338 2106 2546 2163 dubitas
2585 2107 2765 2177 homo,
2816 2124 2937 2166 cum
2988 2108 3087 2168 hac
3132 2113 3200 2171 ad
3248 2122 3299 2172 te
3341 2118 3551 2177 venerit

1967 2193 2149 2251 Deus?
2171 2195 2302 2265 Quae
2331 2206 2457 2252 sunt
2480 2200 2641 2255 etiam
2669 2200 3019 2259 necessitates
3044 2202 3424 2264 vincendarum
3455 2227 3550 2267 ve-

1969 2288 2381 2345 tustissimsrum
2412 2292 2762 2364 cupiditatum
2784 2335 2799 2362 ,
2830 2303 2884 2351 et
2926 2308 3249 2356 annosarum
3291 2301 3554 2361 malarum

1962 2384 2454 2440 consuetudinum?
2496 2385 2724 2444 Vincere
2769 2388 3230 2460 consuetudinem,
3276 2392 3409 2451 dura
3449 2412 3552 2470 pu-

1961 2489 2086 2547 gna,
2118 2477 2277 2533 nosti.
2310 2476 2474 2533 Vides
2500 2492 2658 2551 quam
2686 2480 2826 2537 male
2854 2480 3036 2551 iacias,
3068 2500 3226 2557 quam
3256 2484 3553 2546 detestabi-

1962 2569 2106 2635 liter,
2139 2584 2298 2641 quam
2328 2568 2645 2639 infeliciter;
2674 2580 2727 2627 et
2759 2571 2888 2629 facis
2918 2580 3095 2631 tamen
3143 2593 3155 2627 :
3204 2574 3377 2634 fecisti
3409 2576 3549 2651 beri,

1964 2658 2198 2716 facturus
2240 2672 2301 2717 es
2344 2660 2528 2719 hodie.
2568 2662 2624 2719 Si
2664 2664 2741 2719 sic
2766 2662 2858 2719 tibi
2886 2664 3133 2737 displicet
3159 2683 3282 2725 cum
3312 2668 3551 2745 disputo,

1961 2752 2231 2824 quomodo
2258 2751 2501 2824 displicet
2532 2754 2625 2810 tibi
2653 2767 2773 2813 cum
2800 2755 3044 2829 cogitas?
3080 2758 3149 2816 Et
3177 2769 3352 2818 tamen
3379 2761 3552 2821 factu—

1958 2857 2056 2900 rus
2100 2858 2161 2899 es
2204 2842 2327 2899 hoc.
2357 2843 2509 2901 Unde
2534 2845 2778 2917 raperis?
2820 2847 2939 2919 quis
2969 2856 3019 2904 te
3052 2850 3317 2919 captivum
3348 2848 3552 2910 trahit?

1962 2936 2045 2991 An
2078 2934 2165 2991 illa
2211 2936 2299 2991 lex
2343 2935 2397 2991 in
2442 2936 2697 2993 membris
2740 2939 2845 2994 tuis
2876 2952 3180 3013 repugnans
3224 2942 3326 3016 legi
3356 2954 3549 3003 mentis

1963 3025 2111 3082 tum?
2137 3024 2317 3081 Clama
2342 3040 2472 3099 ergo
2498 3043 2511 3081 :
2542 3025 2737 3100 Infelix
2763 3046 2853 3101 ego
2884 3029 3052 3095 homo,
3082 3032 3194 3102 quis
3219 3016 3300 3088 me
3320 3032 3551 3090 liberabit

1962 3119 2027 3174 de
2042 3134 2255 3192 corpore
2270 3118 2443 3175 mortis
2464 3120 2616 3192 hujus
2628 3120 2655 3175 I
2675 3117 2855 3176 Gratia
2876 3120 2975 3177 Dei
2994 3140 3083 3197 per
3098 3122 3133 3177 J
3137 3140 3273 3180 esum
3297 3124 3552 3182 Christum

1962 3209 2243 3267 Dominum
2271 3222 2499 3267 nostrum
2534 3210 2721 3286 (Rom.
2748 3230 2844 3283 vit,
2875 3213 2947 3271 25
2965 3215 3017 3286 );
3048 3226 3103 3273 et
3132 3216 3382 3288 impletur
3417 3218 3471 3275 in
3499 3230 3553 3278 te

1963 3302 2105 3374 quod
2135 3302 2297 3359 modo
2337 3303 2601 3370 diximus,
2638 3303 2749 3377 Ego
2775 3315 2943 3361 autem
2978 3306 3030 3361 in
3066 3306 3284 3365 Domino
3311 3312 3549 3383 speravi:

1963 3396 2245 3461 exsultabo,
2270 3405 2317 3451 et
2333 3395 2663 3469 jucundabor
2690 3398 2742 3452 in
2769 3406 2855 3451 tua
2883 3399 3264 3467 misericordia;
3290 3402 3410 3473 quia
3464 3421 3549 3459 re-

1963 3492 2173 3561 spexiin
2188 3490 2519 3546 humilitatem
2535 3507 2720 3559 meam,
2743 3491 2936 3546 salvam
2963 3492 3128 3565 fecisti
3154 3493 3217 3548 de
3240 3494 3550 3550 necessitati-

1963 3580 2053 3636 bus
2080 3583 2301 3639 animam
2329 3598 2509 3637 meam.
2558 3581 2708 3639 Unde
2733 3583 2879 3640 enim
2918 3583 3053 3640 facta
3077 3593 3161 3641 est
3185 3585 3329 3641 salva
3352 3585 3422 3643 de
3449 3602 3549 3645 ne-

1963 3675 2301 3733 cessitatibus
2322 3676 2498 3731 anima
2521 3684 2628 3743 tua,
2649 3676 2750 3731 nisi
2771 3676 2892 3749 quia
2916 3687 3155 3749 reSpecta
3177 3687 3259 3735 est
3280 3678 3553 3738 humilitas

1965 3768 2081 3822 tua?
2106 3766 2216 3823 Nisi
2245 3769 2389 3839 prius
2420 3768 2797 3831 ltumiliareris.
2821 3785 2927 3826 non
2947 3778 2998 3826 te
3017 3771 3311 3837 exaudiret,
3334 3773 3424 3843 qui
3449 3782 3499 3829 te
3518 3789 3550 3829 a

1965 3858 2374 3915 necessitatibus
2398 3859 2667 3916 liberaret.
2698 3860 3012 3916 ilumiliatus
3038 3872 3122 3918 est
3141 3862 3228 3933 qui
3256 3862 3426 3918 dixit:
3458 3861 3552 3919 In-

1966 3950 2091 4021 felix
2115 3967 2204 4023 ego
2235 3951 2406 4019 homo,
2437 3951 2549 4017 quis
2576 3968 2655 4005 me
2682 3951 2910 4007 liberabit
2939 3952 3001 4006 de
3021 3968 3230 4024 corpore
3252 3955 3428 4009 mortis
3452 3953 3550 4010 hu-

1959 4041 2090 4113 ius?
2112 4040 2225 4098 Non
2253 4051 2378 4097 sunt
2402 4041 2681 4109 humiliati,
2722 4042 2812 4114 qui
2840 4045 3126 4114 ignorantes
3152 4042 3250 4099 Dei
3266 4044 3546 4116 justitiam,

1963 4143 2013 4190 et
2035 4152 2181 4190 suam
2204 4136 2422 4191 volentes
2445 4135 2764 4205 constituere,
2787 4135 3005 4209 justitice
3035 4137 3134 4193 Dei
3158 4154 3259 4194 non
3283 4149 3400 4195 sunt
3426 4141 3549 4195 sub-

1955 4227 2083 4299 jecti
2106 4225 2216 4302 (Id.
2245 4243 2301 4296 x,
2332 4227 2417 4301 5)?

2040 4320 2126 4376 14.
2169 4318 2315 4394 [vers.
2348 4317 2429 4396 9.]
2470 4318 2583 4375 Nec
2612 4319 2905 4376 conclusisti
2928 4336 3007 4376 me
3033 4322 3084 4376 in
3110 4338 3287 4377 manus
3312 4321 3503 4377 inimici
3529 4338 3551 4379 :

1967 4427 2073 4468 non
2100 4411 2262 4467 vicini
2294 4409 2391 4479 tui,
2420 4427 2526 4467 non
2556 4413 3003 4483 compossessoris
3033 4412 3127 4479 tui,
3158 4428 3261 4478 non
3289 4412 3406 4485 ejus
3426 4429 3547 4469 eum

1967 4511 2073 4581 quo
2102 4496 2342 4552 militasti
2367 4505 2422 4553 et
2444 4509 2567 4552 eum
2598 4496 2818 4565 laesisti,
2846 4505 2938 4552 aut
2977 4495 3113 4551 forte
3140 4496 3191 4551 in
3221 4506 3307 4551 tua
3336 4497 3554 4555 civitate

1969 4590 2214 4661 injuriam
2254 4589 2304 4645 ei
2329 4588 2534 4655 fecisti;
2569 4587 2654 4644 isti
2699 4589 2841 4646 enim
2875 4589 3009 4645 tales
3052 4598 3176 4645 sunt
3217 4604 3314 4661 pro
3355 4589 3551 4661 quibus

1969 4696 2123 4738 orare
2149 4680 2424 4736 debemus.
2456 4680 2629 4736 Alium
2660 4679 2916 4735 habemus
2937 4679 3233 4746 inimicum,
3256 4676 3549 4748 diabolum,

1968 4780 2270 4845 serpentem
2309 4774 2606 4846 antiquum.
2652 4771 2849 4828 Omnes
2870 4773 3178 4838 morientes,
3205 4774 3257 4828 si
3282 4773 3417 4829 bene
3439 4784 3554 4828 mo-

1968 4865 2189 4930 riamur,
2217 4863 2285 4918 ab
2309 4862 2426 4934 ejus
2452 4863 2698 4919 manibus
2723 4863 3025 4918 liberamur.
3052 4863 3384 4934 Quicumque
3409 4862 3555 4921 enim

1972 4957 2111 5014 male
2139 4957 2437 5012 moriuntur
2476 4956 2529 5011 in
2560 4955 2672 5011 suis
2702 4955 3095 5027 iniquitatibus,
3142 4955 3192 5010 in
3221 4952 3335 5027 ejus
3367 4970 3555 5011 manus

1971 5047 2381 5113 concluduntur,
2410 5055 2468 5101 ut
2492 5062 2613 5102 cum
2645 5046 2733 5100 illo
2764 5045 2816 5101 in
2845 5046 2950 5101 line
2976 5046 3315 5103 damnentur.
3341 5044 3555 5107 Liberet

1973 5155 2099 5210 ergo
2131 5154 2227 5192 nos
2253 5137 2511 5192 Dominus
2538 5136 2679 5192 Deus
2708 5145 2892 5192 noster
2914 5136 2982 5193 de
3011 5154 3169 5192 manu
3228 5136 3425 5193 inimici
3458 5150 3557 5190 no-

1972 5231 2068 5287 stri
2094 5250 2106 5285 :
2137 5230 2223 5286 ille
2240 5230 2381 5286 enim
2404 5244 2500 5286 nos
2520 5246 2614 5301 per
2637 5229 2952 5301 cupiditates
2972 5238 3184 5285 nostras
3207 5229 3316 5283 vult
3339 5242 3551 5298 capere.

1975 5324 2307 5397 Cupiditates
2350 5332 2524 5379 autem
2575 5335 2776 5379 nostrae
2821 5324 3034 5396 quando
3082 5321 3268 5378 valida:
3311 5330 3454 5383 sunt.
3500 5328 3558 5377 et

1974 5416 2188 5491 quando
2231 5418 2310 5472 eis
2361 5417 2645 5483 servimus,
2689 5414 3036 5471 necessitates
3074 5422 3351 5467 vocantur.
3390 5410 3553 5467 Libe-

1975 5521 2128 5568 rantc
2154 5519 2329 5566 autem
2363 5510 2470 5565 Deo
2510 5510 2741 5564 animam
2786 5512 3020 5564 nostram
3049 5505 3116 5561 de
3147 5504 3557 5561 necessitatibus

1975 5605 2172 5661 nutris
2191 5645 2209 5672 ,
2234 5604 2361 5676 quid
2390 5604 2495 5660 erit
2520 5603 2663 5674 quod
2689 5606 2745 5659 in
2772 5601 2933 5658 nobis
2973 5606 3154 5657 teneat
3179 5596 3426 5656 inﬁnitus
3444 5638 3465 5673 ,
3492 5606 3557 5655 ut

1976 5698 2359 5755 concludantur
2385 5697 2438 5752 in
2466 5709 2657 5751 manus
2688 5693 2849 5766 eius?

2048 5791 2135 5845 15.
2182 5789 2420 5845 Statuiin
2457 5789 2512 5844 in
2534 5787 2755 5859 spatioso
2783 5783 2933 5855 pelles
2955 5797 3117 5841 sum.
3152 5782 3310 5844 Certe
3335 5791 3555 5859 augusta

1978 5885 2058 5939 via
2082 5892 2158 5940 est
2184 5882 2396 5953 (Manli.
2427 5896 2516 5950 vn,
2548 5880 2639 5951 tt)
2664 5897 2676 5934 :
2703 5878 2961 5940 laboranti
2983 5891 3209 5957 angusta
3231 5891 3334 5957 est,
3360 5899 3559 5949 amant.
