3950 6400
485 326 591 387 939

493 447 596 498 lata
628 448 726 495 t‘sl.
759 437 960 495 Eaduu
986 456 1100 508 qum
1123 444 1341 506 angusta
1368 443 1469 496 est,
1493 434 1593 488 lata
1625 433 1700 486 fit.
1734 435 1794 487 In
1821 435 2064 504 spatioso,

408 513 422 552 ἶ
483 537 630 596 dicit,
681 532 892 605 posuisti
941 530 1087 599 pedes
1127 544 1281 591 meos,
1329 542 1396 580 ne
1441 527 1702 595 angustati
1751 527 1913 596 pedes
1962 525 2066 581 mei

482 629 625 684 irent
656 629 707 681 in
746 642 834 691 se,
875 632 927 677 et
959 618 1275 676 incurrendo
1306 620 1357 673 in
1384 633 1443 673 se
1468 617 1761 687 dejicerent
1787 633 1887 672 me.
1925 616 2066 688 Ergo

482 723 609 791 quid
640 721 733 785 ait,
759 715 982 772 Posuisti
1005 714 1057 767 in
1080 712 1303 783 spatioso
1328 712 1478 783 pedes
1500 712 1676 765 meos?
1701 709 1863 764 Plane
1894 709 2067 764 fecisti

482 815 613 872 mihi
646 811 851 867 facilem
880 806 1161 876 justitiam,
1190 820 1310 875 quas
1353 802 1484 858 mihi
1510 812 1624 858 erat
1649 801 1933 873 aliquando
1958 799 2065 857 dif-

478 905 634 962 ficilis
660 922 672 956 '.
703 902 804 956 hoc
832 910 934 962 est,
969 897 1196 953 Posuisti
1220 897 1272 950 in
1292 896 1517 963 spatioso
1539 894 1688 965 pedes
1710 911 1865 950 meos.

550 996 636 1052 16.
680 992 831 1066 [oers.
860 991 946 1053 10,
975 988 1088 1061 il.]
1130 987 1372 1041 Miserere
1404 987 1521 1054 mei,
1563 986 1795 1054 Domine,
1828 987 2067 1057 quoniam

475 1085 714 1150 tribufor,
737 1082 1062 1140 conturbatus
1083 1089 1155 1135 est
1180 1080 1232 1133 in
1258 1080 1336 1132 ira
1355 1079 1532 1133 oculus
1553 1096 1710 1144 meus,
1734 1079 1906 1133 anima
1934 1095 2064 1146 mea,

474 1188 524 1231 et
561 1185 730 1232 venter
765 1191 924 1228 incus.
958 1171 1212 1240 Quoniam
1236 1170 1419 1242 defecit
1451 1170 1504 1223 in
1531 1170 1709 1225 dolore
1732 1171 1834 1224 vita
1867 1187 1997 1237 mea,
2020 1179 2069 1225 et

474 1268 599 1322 anni
630 1267 725 1320 mei
751 1266 802 1319 in
833 1262 1120 1336 gemitibus.
1149 1260 1393 1316 Sufficiat
1416 1259 1671 1315 Charitati
1705 1261 1939 1326 Vestra),
1972 1261 2067 1317 ad-

470 1359 695 1429 juvante
727 1356 953 1412 Domino
984 1354 1222 1409 fortassis
1262 1350 1600 1421 implebimus
1630 1350 1892 1420 debitum,
1927 1360 1983 1408 ut
2012 1360 2069 1409 et

484 1449 701 1507 Psalmo
727 1454 940 1520 peracto
966 1444 1365 1517 proficiscamur
1392 1442 1495 1513 (a).

1143 1571 1313 1613 εειιιιο
1352 1573 1405 1611 If.

891 1672 970 1728 De
1000 1671 1164 1726 medio
1192 1671 1416 1742 ejusdem
1440 1668 1656 1724 Psalmi.

548 1786 601 1841 l.
643 1784 722 1841 Ad
749 1784 948 1855 reliqua
975 1782 1166 1838 Psalmi
1198 1791 1378 1837 nostra
1408 1788 1707 1836 revertatur
1735 1779 1987 1848 intentio,
2012 1788 2068 1837 et

478 1892 579 1934 nos
602 1878 743 1947 ipsos
765 1890 1117 1947 agnoscamus
1133 1875 1183 1928 in
1201 1873 1376 1928 verbis
1402 1871 1702 1942 Prophetas.
1730 1872 1989 1940 Quoniam
2020 1871 2065 1926 si

484 1984 583 2026 nos
611 1967 1000 2039 inspexerimus
1045 1964 1101 2020 in
1141 1973 1381 2033 tempore
1425 1961 1800 2025 tribulationis,
1860 1962 2065 2033 gaude-

479 2061 656 2117 bimus
695 2061 745 2115 in
791 2070 1030 2129 tempore
1100 2055 1484 2111 retributionis.
1552 2054 2062 2110 Commendaveram

480 2152 737 2211 Cbaritati
773 2151 998 2218 Vestrae,
1035 2164 1157 2204 cum
1215 2147 1412 2217 primas
1457 2155 1639 2217 partes
1684 2146 1843 2217 hujus
1873 2147 2062 2217 psalmi

474 2259 799 2316 exponerem
840 2242 948 2315 (b),
1005 2240 1146 2311 quod
1186 2237 1431 2294 Christus
1487 2238 1769 2308 loquatur;
1823 2245 1878 2292 et
1928 2251 2063 2308 quo-

472 2337 637 2394 modo
675 2334 745 2391 sit
790 2331 1131 2404 accipiendos
1192 2329 1447 2393 Christus
1509 2336 1651 2383 totus
1713 2343 1834 2383 cum
1891 2329 2064 2398 capite

472 2437 530 2484 et
553 2440 797 2498 corpore,
822 2439 927 2480 non
954 2431 1225 2478 tacueram
1251 2438 1263 2474 :
1291 2418 1609 2475 testimoniis
1634 2418 1794 2474 etiam
1820 2417 2063 2490 Scriptu-

469 2533 655 2576 rarum
676 2559 691 2583 ,
721 2526 978 2587 quantum
1005 2513 1137 2589 mihi
1162 2512 1394 2577 videtur,
1426 2511 1557 2567 satis
1587 2510 1795 2567 idoneis
1821 2510 2062 2566 luculen-

471 2610 650 2681 tisque
671 2608 1049 2673 ﬁrmaveram;
1079 2605 1152 2660 ita
1180 2602 1477 2659 utomnino
1497 2601 1725 2658 dubitari
1753 2616 1855 2656 non
1884 2611 2065 2670 posset

468 2703 741 2761 Christum
771 2717 891 2759 esse
918 2710 1079 2771 caput
1104 2708 1158 2754 et
1186 2712 1402 2767 corpus,
1431 2711 1685 2767 sponsum
1706 2703 1762 2750 et
1785 2709 2059 2765 sponsam,

469 2795 667 2852 Filium
697 2794 790 2850 Dei
828 2802 883 2850 et
916 2791 1211 2849 Ecclesiam
1236 2831 1250 2855 ,
1292 2788 1485 2844 Filium
1529 2788 1620 2843 Dei
1664 2786 1858 2842 factum
1890 2786 2060 2851 ﬁlium

468 2888 707 2945 hominis
731 2894 947 2958 propter
971 2898 1099 2951 nos,
1131 2890 1193 2938 ut
1220 2881 1357 2937 filios
1395 2880 1669 2936 hominum
1700 2878 1897 2935 faceret
1923 2880 2061 2935 filios

466 2979 606 3047 Dei;
634 2987 799 3049 atque
822 2978 892 3032 ita
917 2984 1101 3032 essent
1122 2974 1230 3030 duo
1259 2973 1309 3027 in
1334 2987 1498 3029 carne
1519 2986 1624 3026 una
1650 2970 1705 3025 in
1725 2979 2060 3026 sacramento

470 3087 700 3143 magno,
747 3069 836 3140 qui
881 3074 1241 3139 agnoscuntur
1284 3065 1335 3118 in
1376 3062 1660 3133 Prophetis
1699 3061 1805 3115 duo
1846 3061 1898 3115 in
1929 3076 2061 3118 voce

472 3177 600 3218 una.
625 3159 920 3217 Gratulatio
945 3157 1189 3226 superius
1208 3168 1463 3223 expressa
1493 3163 1576 3206 est
1602 3151 1770 3220 ipsius
1793 3151 2054 3206 dicentis:

469 3251 758 3325 Respexisti
784 3248 1114 3303 humilitatem
1142 3262 1334 3312 nteam,
1363 3242 1556 3298 salvam
1593 3241 1754 3314 fecisti
1781 3240 1846 3296 de
1885 3255 2059 3295 neces-

468 3344 701 3403 sitatibus
730 3343 953 3396 animum
994 3355 1192 3403 nteant,
1233 3352 1323 3390 nec
1351 3333 1643 3389 conclusisti
1688 3349 1767 3386 me
1791 3332 1845 3386 in
1880 3347 2060 3386 manus

469 3437 685 3502 inimici,
717 3434 933 3490 statuisti
957 3432 1009 3486 in
1041 3429 1150 3484 loco
1179 3428 1401 3500 spatioso
1427 3426 1577 3498 pedes
1603 3441 1738 3480 meos
1763 3440 1781 3478 :
1817 3423 2057 3494 gratula-

469 3532 549 3587 tio
576 3539 658 3586 est
688 3523 1172 3583 liberati.hominis
1212 3537 1242 3575 a
1284 3518 1660 3582 tribulatione,
1709 3516 2056 3571 liberatarum

471 3621 836 3679 membrorum
863 3615 1057 3672 Christi
1084 3614 1152 3669 ab
1179 3610 1466 3666 afflictione
1493 3617 1548 3664 et
1576 3606 1802 3662 insidiis.
1837 3606 1905 3661 Et
1932 3621 2057 3660 rur-

468 3729 563 3768 sus
586 3712 715 3766 dicit
744 3728 757 3764 :
787 3708 1025 3762 Miserere
1050 3704 1166 3769 mei,
1198 3702 1437 3768 Domine,
1456 3701 1704 3771 quoniam
1730 3699 1962 3753 tribulor.
1997 3696 2053 3752 lu

470 3802 813 3858 tribulatione
839 3798 1020 3866 utique
1053 3794 1294 3871 angustia
1323 3802 1406 3846 est
1430 3807 1441 3843 :
1467 3788 1736 3860 quomodo
1764 3803 1910 3858 ergo,
1951 3786 2055 3842 Po-

467 3895 613 3949 suisti
639 3893 689 3947 in
712 3890 930 3962 spatioso
956 3888 1112 3958 pedes
1138 3884 1312 3940 meos?
1332 3883 1385 3938 Si
1408 3882 1583 3959 adhuc
1604 3881 1901 3947 tribulatur,
1924 3894 2057 3951 quo-

466 3984 631 4041 modo
660 3991 782 4037 sunt
821 3981 871 4035 in
903 3980 1139 4050 spatioso
1168 3975 1368 4047 pedes?
1409 3977 1489 4029 An
1520 3973 1658 4029 forte
1698 3988 1801 4027 una
1839 3971 2054 4043 quidem

466 4095 568 4134 vox
597 4087 679 4132 est
698 4118 713 4143 ,
741 4076 861 4146 quia
895 4089 1057 4126 unum
1084 4070 1297 4141 quidem
1328 4082 1555 4137 corpus;
1585 4066 1677 4121 sed
1712 4067 1762 4119 in
1789 4064 2055 4135 aliquibus

470 4168 724 4226 membris
754 4169 981 4235 spatium
1014 4163 1262 4222 sentitur,
1299 4161 1349 4213 in
1391 4158 1657 4227 aliquibus
1697 4158 1972 4226 angustia,
2002 4155 2053 4210 id

470 4271 576 4327 est,
612 4259 700 4313 alii
727 4256 960 4312 sentiunt
994 4253 1297 4307 facilitatem
1325 4250 1565 4318 justitiw.
1600 4248 1685 4302 alii
1726 4247 1969 4301 laborant
2003 4247 2053 4299 in

465 4347 852 4408 tribulatione?
879 4347 1010 4401 Nam
1038 4345 1083 4397 si
1113 4358 1215 4399 non
1240 4341 1340 4394 alia
1365 4339 1602 4394 meinbra
1627 4337 1774 4401 illud,
1804 4336 1905 4391 alia
1926 4335 2055 4392 illud

465 4452 799 4518 paterentur,
832 4457 936 4494 non
967 4437 1171 4495 diceret
1199 4432 1487 4503 Apustolus
1518 4449 1530 4484 :
1565 4429 1625 4486 Si
1670 4431 1861 4499 patitur
1899 4446 2055 4483 unum

467 4534 768 4602 mentbrum,
792 4528 1166 4601 compatiuntur
1185 4526 1355 4579 omnia
1380 4522 1635 4587 membra;
1656 4529 1703 4575 et
1726 4521 1768 4574 si
1793 4520 2057 4591 glori/ioue

469 4637 556 4683 tur
582 4640 744 4680 unum
768 4619 1065 4684 membrum,
1088 4614 1405 4687 congaudent
1430 4613 1601 4668 omnia
1624 4612 1845 4673 membra
1869 4610 1909 4683 (Ι
1932 4610 2050 4666 Cor.

464 4732 546 4774 xu
565 4758 583 4785 ,
618 4712 744 4784 26).
775 4711 982 4791 Aliquae
1012 4707 1266 4764 Ecclesia:
1285 4745 1301 4771 ,
1332 4702 1479 4759 verbi
1506 4703 1674 4775 gratia
1696 4744 1711 4769 ,
1740 4717 1925 4773 pacem
1956 4701 2052 4757 ha-

464 4808 631 4873 bent;
654 4804 843 4876 aliquae
869 4802 923 4857 in
955 4796 1290 4857 tribulatio'ne
1311 4806 1471 4852 sunt:
1501 4796 1552 4851 in
1581 4795 1697 4851 istis
1722 4811 1839 4866 qute
1866 4810 2051 4865 pacem

466 4897 700 4961 habent,
746 4895 798 4949 in
822 4892 1059 4965 spatioso
1092 4898 1216 4946 sunt
1244 4887 1441 4960 pedes;
1473 4886 1577 4942 illa:
1600 4902 1718 4957 qua:
1749 4886 1800 4941 in
1831 4886 2051 4941 tribula-

461 4993 616 5046 tione
642 4996 785 5053 sunt,
813 4984 1081 5056 angustias
1117 4983 1390 5054 patiuntur
1415 4998 1427 5036 :
1459 4979 1555 5036 sed
1582 4989 1637 5035 et
1663 4980 1794 5035 istos
1847 4980 2050 5035 contri-

466 5092 576 5139 stat
601 5081 814 5137 illorum
839 5077 1185 5142 tribulatio,et
1206 5075 1325 5130 illos
1352 5090 1452 5145 pax
1478 5074 1699 5130 istorum
1721 5074 2046 5130 consolatur.

466 5175 560 5232 Sic
584 5182 667 5230 est
694 5173 834 5228 enim
866 5185 1032 5224 unum
1054 5182 1269 5239 corpus,
1303 5175 1360 5220 ut
1388 5181 1496 5221 non
1522 5165 1595 5221 sit
1631 5165 1909 5231 discissio;
1943 5181 2048 5222 non

468 5277 650 5323 autem
680 5264 807 5320 facit
831 5261 1196 5318 discissionem
1226 5258 1329 5314 nisi
1368 5257 1649 5313 dissensio.
1680 5256 1925 5312 Charitas
1950 5272 2047 5312 auc

470 5370 579 5416 tem
606 5342 915 5429 compagem
959 5353 1103 5419 facit,
1145 5366 1428 5423 compages
1466 5350 1835 5420 complectitur
1873 5350 2047 5405 unitao

468 5464 606 5522 tem,
636 5434 812 5507 unitas
841 5455 1022 5506 servat
1055 5446 1397 5512 charitatcm,
1439 5442 1670 5499 cbaritas
1711 5442 1949 5512 pervenit
1980 5442 2047 5499 ad

530 5605 609 5669 (a)
635 5605 752 5669 nine
784 5599 1070 5669 intelligere
1093 5605 1170 5649 est
1198 5598 1418 5669 primum
1443 5595 1617 5669 istum,
1638 5592 2049 5669 duosquerisubseg-

468 5651 901 5733 marginis:
940 5651 1059 5711 Fsal.
1093 5651 1323 5733 tractatus
1345 5657 1532 5730 habitos
1562 5651 1612 5706 iii
1656 5651 1919 5719 peregrino
1942 5651 2049 5706 loco

466 5720 623 5780 fixisse
648 5734 789 5776 extra
806 5726 1164 5786 Hipponensem
1186 5720 1461 5786 Ecclesium.

531 5791 604 5855 (b)
630 5796 680 5839 ιιι
700 5782 952 5848 superiore
975 5796 1220 5844 sermone,
1248 5798 1294 5833 υ.
1318 5782 1351 5834 3
1368 5788 1420 5833 et
1441 5794 1580 5845 seqq.

1211 5937 1237 5952 ἰ
1261 5918 1310 5945 (⁵-

1687 318 1741 376 S.
1789 315 2153 377 AUGUSTINI
2199 319 2497 379 liPlSCOI’l

3649 329 3737 388 240

2184 434 2507 491 claritatem.
2551 435 2704 491 Dicat
2728 450 2855 508 ergo
2892 451 2956 492 ex
2986 437 3302 509 quibusdam
3340 439 3622 498 membris:
3651 444 3739 499 Mt-

2178 541 2343 581 serere
2371 529 2501 595 mei,
2561 526 2808 596 Domine,
2853 529 3095 598 quoniam
3155 529 3398 597 tribulor;
3448 531 3742 593 conturbatus

2177 626 2249 673 est
2269 619 2321 673 in
2343 619 2421 673 ira
2447 620 2624 674 oculus
2647 637 2808 687 meus,
2831 622 3004 675 anima
3029 638 3140 677 mea
3167 633 3214 678 et
3234 632 3401 679 venter
3422 642 3583 681 meus.

2244 710 2301 764 2.
2323 710 2624 778 Qumrimus
2662 713 2805 771 unde
2847 714 2916 770 sit
2940 716 3040 770 ista
3071 716 3344 773 tribulatio
3367 760 3383 785 ,
3408 721 3650 792 quoniam
3680 722 3736 780 li-

2175 799 2391 857 beratus
2420 804 2576 872 paulo
2613 812 2740 859 ante
2779 804 3012 875 gaudere
3049 805 3363 876 videbatur,
3390 808 3593 880 iustitia
3622 828 3744 883 qua-

2174 892 2296 948 dam
2323 893 2494 950 infusa
2515 896 2614 951 sibi
2645 897 2863 966 largiter
2891 897 3035 954 dono
3062 898 3199 965 Dei,
3227 908 3281 955 et
3316 900 3437 956 inde
3477 901 3612 958 facto
3636 918 3745 974 spa-

2174 986 2251 1041 tio
2282 987 2506 1057 pedibus
2546 989 2657 1044 suis
2688 990 2740 1045 in
2769 989 3049 1048 latitudine
3098 991 3397 1050 eharitatis.
3442 994 3594 1052 Unde
3636 1013 3746 1068 ergo

2174 1085 2229 1131 et
2277 1077 2378 1134 ista
2441 1080 2623 1136 existit
2664 1081 2966 1151 tribulatio,
3016 1085 3118 1140 nisi
3184 1086 3323 1143 forte
3380 1102 3447 1144 ex
3488 1088 3577 1144 illo
3622 1091 3745 1162 quod

2178 1169 2437 1227 Dominus
2461 1172 2592 1229 dicit
2618 1191 2631 1228 :
2667 1175 2921 1241 Quoniam
2948 1178 3221 1234 abundabit
3242 1180 3480 1252 iniquitas
3498 1223 3515 1249 ,
3551 1184 3745 1256 refrige-

2184 1270 2287 1316 scet
2347 1262 2565 1318 charitas
2606 1264 2883 1321 multorum
2929 1266 3143 1339 (Matth.
3185 1286 3347 1341 xxiv,
3397 1271 3533 1345 12)?
3583 1273 3779 1337 Primo,

2172 1354 2315 1409 enim
2366 1356 2737 1413 commendata
2810 1359 3075 1429 paucitate
3132 1371 3460 1433 sanctorum,
3517 1349 3781 1436 tanquam}

2172 1446 2350 1502 missis
2396 1448 2596 1505 retibus
2620 1490 2635 1515 ,
2667 1449 3013 1520 multiplicata
3061 1462 3145 1509 est
3190 1453 3428 1510 Ecclesia
3456 1497 3472 1523 ,
3529 1465 3585 1513 et
3620 1460 3745 1530 capti

2171 1547 2296 1593 sunt
2322 1538 2769 1606 innumerabiles,
2798 1542 2867 1598 de
2908 1544 3100 1614 quibus
3130 1545 3448 1615 pra-dictum
3494 1558 3626 1605 erat.
3655 1551 3746 1607 An-

2171 1632 2404 1686 nuntiani
2433 1642 2480 1686 et
2505 1633 2705 1689 locutus
2730 1650 2874 1701 sum,
2904 1636 3231 1707 multiplicati
3252 1647 3371 1694 sunt
3404 1656 3562 1711 super
3592 1658 3748 1700 nume-

2169 1738 2284 1775 rum
2328 1720 2502 1793 (Psal.
2524 1738 2717 1790 χχιιι,
2747 1722 2806 1794 6)
2831 1739 2847 1791 ;
2877 1726 2966 1796 qui
2992 1727 3153 1783 etiam
3180 1728 3388 1800 navigia
3426 1742 3743 1800 premerent,

2175 1822 2229 1869 et
2258 1814 2389 1869 retia
2433 1817 2939 1885 rumperent,sicut
2983 1828 3068 1876 est
3110 1821 3340 1891 positum
3366 1821 3419 1877 in
3469 1823 3557 1879 illa
3597 1823 3747 1894 prima

2171 1905 2462 1974 piscatione
2486 1904 2635 1976 (Luc.
2664 1922 2721 1971 v,
2739 1905 2797 1979 6)
2828 1919 2953 1965 ante
2974 1910 3278 1980 passionem
3308 1913 3545 1970 Domini.
3577 1914 3650 1970 Ex
3672 1914 3746 1971 his

2170 1997 2330 2068 igitur
2370 1997 2801 2056 multitudinibus
2845 2004 3147 2073 cxaggerati
3204 2015 3366 2071 sunt,
3425 2005 3620 2078 quibus
3663 2021 3747 2079 per

2170 2087 2369 2144 Pascha
2406 2089 2484 2144 sic
2525 2089 2880 2147 referciuntur
2913 2093 3157 2149 ecclesia:
3178 2135 3192 2162 ,
3221 2104 3282 2151 ut
3316 2096 3504 2152 turbas
3529 2098 3745 2169 ipsorum

2170 2179 2427 2248 parietum
2477 2189 2686 2236 recuset
2712 2182 2978 2253 angustia.
3009 2185 3291 2252 Quomodo
3318 2195 3503 2242 autem
3531 2203 3634 2244 non
3659 2189 3741 2245 tri-

2168 2271 2378 2329 buletur
2414 2273 2517 2329 iste
2538 2273 2605 2329 de
2630 2273 2731 2330 hac
2773 2275 3112 2333 multitudine
3135 2319 3152 2346 ,
3183 2278 3401 2349 quando
3431 2280 3578 2337 videt
3616 2281 3743 2353 ipsos

2167 2362 2390 2435 implere
2418 2363 2629 2421 theatra
2658 2373 2719 2422 et
2755 2366 3148 2438 amphitheatra
3173 2412 3189 2438 ,
3214 2370 3304 2441 qui
3334 2373 3497 2442 paulo
3520 2381 3641 2430 ante
3662 2389 3743 2431 ec-

2165 2454 2356 2509 clesias
2395 2455 2791 2525 impleverunt?
2832 2458 2979 2529 ipsos
3032 2460 3085 2516 in
3127 2462 3414 2532 nequitiis,
3462 2465 3555 2536 qui
3595 2466 3737 2537 paulo

2167 2556 2290 2600 ante
2318 2545 2372 2601 in
2411 2546 2654 2604 laudibus
2691 2548 2827 2605 Dei?
2852 2549 2996 2621 ipsos
3024 2552 3401 2622 blasphemare
3440 2556 3637 2626 Deum,
3663 2560 3742 2630 qui

2165 2636 2593 2706 respondebant,
2623 2641 2792 2696 Amen
2836 2640 3363 2711 DeoiPermaneat,
3407 2646 3603 2716 duret,
3647 2664 3740 2706 non

2165 2725 2378 2782 deficiat
2400 2728 2559 2783 etiam
2586 2730 2639 2784 in
2679 2730 3017 2788 multitudine
3042 2734 3258 2805 copiosa
3282 2735 3610 2808 iniquorum,
3632 2739 3739 2812 quia

2164 2833 2265 2873 nec
2304 2833 2530 2889 granum
2582 2818 2765 2876 deficit
2805 2822 2859 2876 in
2904 2823 3246 2882 multitudine
3295 2826 3599 2896 palearum,
3647 2843 3739 2900 quo

2164 2924 2333 2980 usque
2352 2920 2473 2980 post
2494 2911 2895 2968 ventilationem
2926 2915 3168 2971 mittatur
3192 2917 3245 2973 in
3271 2917 3533 2975 horreum
3557 2961 3573 2986 ,
3601 2930 3655 2978 et
3676 2920 3737 2979 ibi

2163 3001 2233 3056 sit
2261 3000 2312 3055 in
2342 3002 2599 3057 societate
2623 3012 2926 3059 sanctorum
2950 3046 2966 3071 ,
2996 3021 3064 3061 ne
3082 3008 3375 3066 turbulenti
3403 3011 3606 3083 aliquid
3630 3011 3738 3084 pul-

2163 3092 2306 3147 veris
2332 3093 2582 3163 patiatur.
2612 3093 2875 3150 Perduret
2912 3110 3040 3168 ergo
3065 3137 3080 3162 .
3109 3098 3231 3169 quia
3257 3109 3313 3156 et
3339 3100 3602 3159 Dominus
3627 3118 3734 3159 cum

2163 3184 2403 3251 dixisset,
2436 3186 2690 3254 Quoniam
2717 3186 2989 3243 abundabit
3013 3190 3273 3260 iniquitas,
3309 3193 3604 3268 refrigescet
3626 3195 3734 3251 cha-

2162 3275 2286 3330 ritas
2305 3276 2621 3345 multorum;
2646 3293 2714 3333 ne
2753 3279 3105 3350 praenuntiata
3149 3282 3255 3339 ista
3283 3282 3611 3343 abundantia
3644 3286 3734 3343 ini-

2162 3367 2377 3436 quitatis
2405 3367 2645 3424 labarent
2684 3378 3039 3442 nutarentque
3064 3372 3232 3444 pedes
3261 3376 3432 3432 nostri
3457 3420 3474 3446 ,
3504 3379 3736 3435 continuo

2162 3459 2409 3528 subjecit,
2462 3461 2602 3531 quod
2652 3462 2839 3518 fideles
2890 3464 3143 3536 erigeret,
3197 3467 3340 3538 quod
3384 3472 3736 3528 consolaretur

2161 3562 2318 3622 atque
2340 3551 2825 3617 firmaret,dicens:
2852 3553 2951 3621 Qui
2989 3560 3375 3626 perseveraverit
3406 3577 3569 3634 usque
3597 3562 3647 3617 in
3681 3561 3736 3632 [i-

2162 3659 2294 3705 nem,
2323 3643 2404 3696 hic
2437 3643 2606 3698 salvus
2630 3644 2723 3698 erit
2752 3643 2966 3713 (Matth.
2996 3661 3143 3710 xxrv.
3172 3648 3287 3717 i3).

2230 3735 2284 3789 5.
2315 3734 2547 3790 Attende
2575 3734 2750 3805 itaque
2777 3736 2958 3804 istum,
2989 3746 3247 3808 quantum
3270 3738 3400 3797 mihi
3430 3742 3655 3809 videtur,
3686 3742 3731 3798 in

2162 3824 2262 3879 hac
2293 3823 2631 3881 tribulatione
2665 3826 3035 3881 constitutum.
3058 3826 3283 3895 Quando
3307 3831 3524 3902 quidem
3551 3832 3734 3905 positus

2160 3917 2212 3972 in
2242 3917 2589 3972 tribulatione
2634 3918 2782 3988 quasi
2815 3917 2999 3974 dolere
3018 3919 3241 3976 deberet
3282 3923 3585 3993 (tribulatio
3606 3923 3732 3980 enim

2165 4008 2405 4064 dolorem
2436 4009 2595 4064 habet
2621 4010 2967 4082 congruum),
2996 4011 3183 4067 iratum
3210 4028 3269 4068 se
3297 4014 3428 4070 dicit
3457 4017 3508 4073 in
3532 4017 3731 4073 tribula-

2161 4099 2343 4166 tione,
2395 4109 2451 4155 et
2501 4100 2574 4154 ait
2629 4118 2641 4153 :
2695 4100 2936 4156 Miserere
2998 4104 3133 4170 mei,
3202 4103 3460 4174 Domine,
3517 4108 3732 4179 quoniam

2159 4191 2408 4255 tribulor,
2446 4190 2771 4245 conturbatus
2807 4201 2878 4247 est
2922 4192 2975 4246 in
3018 4193 3096 4246 ira
3140 4196 3313 4250 oculus
3354 4214 3514 4255 meus.
3543 4200 3598 4254 Si
3644 4197 3729 4253 tri-

2159 4281 2390 4347 lmlaris,
2433 4299 2595 4354 quare
2642 4284 2927 4340 irasceris?
2962 4284 3210 4343 irascitur
3260 4289 3356 4344 iste
3395 4291 3585 4347 alienis
3617 4305 3727 4362 pec—

2158 4372 2309 4427 catis.
2341 4373 2469 4438 Quis
2493 4390 2597 4428 non
2622 4375 2900 4439 irascatur,
2933 4374 3121 4432 videns
3153 4377 3396 4436 homines
3430 4382 3724 4438 confitentes

2159 4478 2253 4519 ore
2294 4464 2490 4530 Deum,
2525 4474 2779 4537 negantes
2813 4467 3085 4523 moribus?
3123 4468 3252 4537 Quis
3304 4487 3411 4527 non
3466 4474 3723 4537 irascatur,

2158 4554 2345 4611 videns
2387 4556 2629 4613 homines
2670 4557 2866 4613 saeculo
2890 4559 3067 4615 verbis
3095 4601 3111 4626 ,
3137 4568 3193 4616 et
3216 4576 3323 4617 non
3365 4562 3521 4620 factis
3547 4580 3724 4620 renun-

2161 4648 2388 4705 tiantes?
2408 4648 2538 4716 Quis
2566 4659 2648 4706 est
2666 4651 2754 4721 qui
2779 4666 2884 4707 non
2914 4651 3205 4720 irascatur,
3234 4654 3423 4711 videns
3447 4656 3631 4713 fratres
3648 4658 3721 4711 in-

2156 4741 2414 4796 sidiantes
2443 4740 2696 4797 fratribus
2718 4783 2733 4809 ,
2768 4741 2927 4799 fidem
2954 4758 3060 4798 non
3089 4753 3366 4802 servantes
3393 4749 3577 4804 osculo
3597 4743 3720 4819 quod

2159 4830 2385 4903 infigunt
2415 4830 2465 4885 in
2496 4833 2512 4862 ¹
2539 4832 2892 4888 sacramentis
2915 4833 3055 4890 Dei?
3083 4834 3148 4890 Et
3173 4837 3293 4905 quis
3322 4848 3596 4894 enumeret
3623 4852 3720 4892 om-

2158 4924 2268 4989 nia,
2302 4923 2492 4994 quibus
2518 4924 2765 4979 irascitur
2791 4939 2987 4996 corpus
3009 4922 3243 4995 Christi,
3267 4929 3408 5000 quod
3444 4929 3582 4987 intus
3604 4926 3719 4983 vivit

2157 5016 2257 5073 de’
2285 5016 2471 5087 spiritu
2496 5015 2870 5086 Cbristi,quod
2896 5018 3059 5087 gemit
3081 5026 3329 5091 tanquam
3354 5030 3574 5092 granum
3599 5021 3716 5075 inter

2156 5108 2376 5178 paleas?
2408 5107 2501 5162 Vix
2537 5108 2678 5162 enim
2709 5116 2968 5178 apparent
2992 5108 3078 5163 isti
3114 5115 3203 5179 qui
3252 5110 3332 5166 sic
3368 5119 3608 5183 gemunt,
3635 5106 3711 5179 qui

2156 5201 2234 5255 sic
2259 5199 2593 5254 irascuntur:
2624 5198 2892 5269 quomodo
2921 5199 3007 5254 vix
3034 5210 3292 5271 apparent
3316 5217 3499 5274 grana,
3522 5197 3710 5274 quando

2155 5306 2279 5348 area
2307 5293 2601 5346 trituratur.
2628 5289 2729 5358 Qui
2756 5292 2928 5348 nescit
2952 5302 3164 5363 quantae
3192 5294 3356 5364 spica:
3381 5296 3554 5351 missa:
3573 5299 3706 5352 sunt.

2154 5393 2308 5458 putat
2334 5392 2502 5439 totum
2527 5382 2735 5455 paleam
2760 5397 2878 5439 esse
2902 5401 2916 5439 :
2937 5393 2993 5441 et
3013 5399 3081 5442 ex
3103 5384 3207 5441 hoc
3225 5386 3368 5458 quod
3397 5394 3560 5443 totum
3581 5383 3708 5455 palea

2156 5460 2369 5546 palatur
2390 5517 2406 5545 ,
2438 5474 2563 5532 inde
2597 5490 2788 5547 magna
2834 5489 3012 5533 massa
3043 5477 3375 5550 purgabitur.
3415 5478 3473 5535 In
3498 5477 3579 5534 his
3597 5486 3704 5544 ergo

2177 5716 2187 5727 ,
2219 5654 2237 5685 ί
2252 5654 2331 5727 ‘Sic
2347 5658 2425 5723 Er.
2451 5658 2504 5703 et
2524 5649 2889 5716 quatuordecim
2912 5659 3018 5703 Mss.
3040 5660 3094 5704 At.
3115 5655 3165 5703 in
3187 5659 3293 5705 Lov.
3317 5652 3423 5705 eod.
3440 5653 3605 5705 omissa
3616 5657 3706 5713 par-

2153 5714 2315 5774 ticula,
2339 5714 2406 5764 in.
2542 5714 2553 5716 ’

2220 5779 2240 5809 ³
2263 5783 2335 5827 Er.
2363 5782 2415 5829 et
2433 5782 2563 5838 Lov.,
2586 5775 2655 5827 in.
2682 5774 2867 5839 Aliquot
2887 5782 3015 5841 Mss,
3039 5776 3113 5828 de.
