3950 6428
333 408 430 468 241

338 539 445 580 non
470 526 848 598 apparentibus
892 535 947 582 et
986 525 1320 597 gementibus
1366 525 1613 580 irascitur
1634 568 1648 592 ,
1679 525 1764 594 qui
1795 524 1924 580 dicit

345 617 444 672 alio
475 619 590 672 loco
615 637 628 671 :
661 617 815 672 Zelus
837 619 1017 672 domus
1045 629 1146 672 tua:
1173 618 1386 672 comedit
1417 635 1494 671 me
1526 617 1696 689 (Psal.
1731 634 1916 683 vaut,

351 707 456 780 10).
485 708 621 763 Dicit
649 719 703 763 et
733 709 858 762 alibi
901 708 1111 778 quando
1141 709 1352 780 quidem
1382 711 1523 765 videt
1559 711 1754 764 multos
1785 710 1921 764 mala

351 798 624 860 facientes,
658 797 890 854 Tardium
934 800 1145 854 detinuit
1185 817 1262 854 me
1302 817 1333 853 a
1371 802 1716 871 peccatoribus
1762 801 1921 854 relin-

351 890 596 957 quentibus
624 892 781 961 legem
812 900 951 944 tuam
997 890 1169 961 (Psal.
1201 907 1361 947 cxvttt
1385 934 1398 956 ,
1437 891 1550 962 53).
1581 892 1717 946 Dicit
1737 902 1789 948 et
1817 891 1923 946 alio

300 1027 305 1042 ς
349 983 478 1050 Ιοεο,
517 982 627 1038 Vidi
650 985 947 1050 insensatos,
971 994 1019 1038 et
1045 984 1351 1039 tabescebam
1383 983 1565 1055 (Ibid.,
1593 983 1738 1054 158).

321 1130 326 1138 ,
413 1076 467 1130 4.
494 1074 615 1130 Ιιωε
643 1085 820 1131 autem
853 1078 951 1143 ira,
974 1076 1316 1132 metuendum
1345 1085 1447 1144 εει,
1475 1091 1539 1132 ne
1569 1085 1712 1131 tanta
1739 1077 1838 1141 sit,
1865 1084 1925 1130 ut

345 1165 398 1220 itt
445 1165 621 1221 odium
671 1176 923 1223 vertatur.
975 1167 1055 1222 Ira
1106 1168 1246 1223 enim
1295 1168 1527 1223 nondum
1581 1177 1664 1222 est
1699 1167 1918 1223 odium:

344 1270 458 1310 nam
484 1257 729 1312 irasceris
756 1257 884 1323 tilio,
914 1271 1020 1312 non
1043 1257 1199 1312 odisti
1233 1258 1397 1312 lilium
1422 1275 1436 1325 ;
1461 1259 1508 1313 ci
1537 1273 1723 1313 servas
1752 1257 1924 1312 lucre-

341 1345 574 1410 ditatem,
597 1348 689 1417 qui
713 1357 764 1401 te
790 1349 952 1402 sentit
981 1348 1210 1412 iratum;
1237 1357 1290 1404 et
1318 1348 1383 1402 ad
1413 1347 1512 1403 hoc
1535 1349 1778 1402 irasceris
1801 1389 1815 1413 ,
1852 1362 1920 1402 ne

339 1437 518 1506 perdat
543 1439 687 1508 quod
714 1441 1032 1508 servaveris,
1056 1441 1192 1496 male
1212 1443 1395 1495 vivens
1418 1443 1432 1472 ί
1463 1441 1700 1495 moribus
1723 1441 1917 1512 pravis.

338 1529 472 1600 Ergo
521 1531 598 1584 ira
640 1530 877 1586 nondum
917 1540 1000 1586 est
1035 1531 1215 1586 odium
1249 1531 1518 1586 :noudum
1563 1531 1775 1586 odimus
1826 1545 1919 1586 eos

335 1621 518 1690 quibus
560 1623 872 1688 irascimur;
917 1623 1010 1678 sed
1051 1623 1150 1677 ista
1198 1624 1272 1678 ira
1317 1626 1360 1676 si
1402 1623 1684 1688 manserit,
1716 1631 1768 1677 et
1812 1637 1916 1676 non

336 1714 438 1770 cito
467 1715 650 1770 evulsa
679 1715 870 1780 fuerit,
899 1716 1166 1772 crescitet
1189 1715 1245 1769 iit
1271 1715 1471 1770 odium.
1506 1714 1628 1770 Ideo
1655 1723 1712 1768 ut
1733 1730 1917 1770 recens

335 1805 408 1860 ira
436 1806 715 1872 evellatur,
733 1816 785 1861 et
803 1807 855 1861 itt
882 1805 1060 1862 odium
1086 1821 1190 1860 non
1207 1813 1566 1871 convertatur,
1590 1805 1690 1859 hoc
1713 1819 1807 1858 nos
1824 1803 1917 1858 do-

334 1905 416 1952 cet
434 1896 730 1967 Scriptura,
758 1898 942 1952 dicens
964 1915 978 1952 :
1000 1895 1122 1952 Non
1134 1897 1327 1951 accidat
1344 1897 1420 1951 sol
1434 1913 1584 1966 super
1603 1896 1916 1950 iracundiam

336 1999 543 2045 vestram
590 1989 810 2061 (Ep/tes.
856 2005 948 2055 tv,
979 1990 1089 2060 26).
1144 1989 1354 2044 Iuvenis
1405 1998 1582 2044 autem
1636 1987 1916 2059 aliquando

339 2080 547 2137 fratrem
570 2081 752 2136 odium
786 2081 1089 2145 habentem,
1111 2090 1165 2136 et
1185 2079 1526 2152 reprehendit
1556 2081 1872 2134 irascentem
1899 2097 1911 2133 :

344 2176 394 2230 in
422 2175 512 2230 illo
540 2182 622 2230 est
642 2174 822 2228 odium
845 2215 860 2238 ,
892 2173 1020 2229 etin
1047 2173 1152 2228 alio
1194 2173 1373 2242 culpat
1416 2173 1583 2236 iram;
1617 2171 1732 2240 ipse
1759 2171 1918 2226 habet

344 2266 534 2321 trabem
556 2265 607 2319 iu
629 2265 784 2320 oculo
804 2278 924 2331 suo,
948 2275 1003 2320 et
1029 2261 1373 2335 reprehendit
1398 2263 1652 2318 festucam
1684 2262 1735 2316 iu
1763 2261 1917 2317 oculo

343 2355 508 2411 fratris
542 2356 622 2410 sui
655 2354 868 2426 (Matth.
898 2369 993 2421 vn,
1025 2355 1100 2423 3).
1134 2353 1238 2409 Sed
1288 2351 1487 2408 festuca
1520 2353 1618 2407 ista
1646 2360 1698 2407 et
1723 2367 1912 2407 surcu-

346 2447 441 2513 lus,
471 2447 569 2502 nisi
608 2447 715 2502 cito
759 2447 1017 2502 evellatur
1039 2487 1054 2512 ,
1088 2446 1266 2500 trabes
1305 2444 1478 2499 futura
1509 2453 1609 2499 est.
1642 2443 1755 2499 Non
1788 2460 1915 2514 ergo

347 2539 432 2608 ait,
462 2538 769 2595 Exstinctos
807 2548 890 2593 cst
918 2538 1106 2592 oculus
1135 2551 1285 2592 meus
1316 2552 1425 2607 prae
1457 2536 1570 2600 ira;
1596 2535 1692 2590 sed
1739 2535 1914 2588 turba-

348 2641 457 2687 tus:
484 2648 602 2688 nam
629 2633 672 2686 si
695 2632 1071 2703 exstinguitur,
1098 2632 1208 2701 jam
1236 2630 1414 2685 odium
1443 2640 1544 2696 cst,
1579 2646 1684 2684 non
1717 2630 1812 2684 ira.
1848 2629 1915 2684 Et

346 2722 456 2778 vide
499 2724 618 2793 quia
658 2723 951 2778 exstinctus
989 2730 1090 2778 est.
1122 2721 1255 2776 Hinc
1287 2721 1359 2775 ait
1388 2720 1618 2775 Joannes
1649 2738 1662 2773 :
1693 2719 1789 2786 Qui
1811 2719 1916 2773 odit

348 2814 544 2884 fratrem
577 2831 761 2880 suum,
792 2815 844 2868 in
871 2813 1084 2868 tenebris
1110 2821 1183 2866 est
1216 2828 1372 2883 usque
1398 2810 1563 2863 adhuc
1589 2810 1632 2880 (Ι
1660 2810 1812 2863 Joan.
1844 2825 1878 2864 ll
1897 2851 1912 2877 ,

347 2904 450 2974 11).
479 2906 773 2976 Antequam
812 2919 940 2974 ergo
979 2911 1131 2957 catur
1159 2902 1211 2956 in
1256 2901 1537 2967 tenebras,
1567 2900 1916 2954 conturbatur

348 2995 522 3051 oculus
551 2997 602 3050 in
636 2996 710 3049 ira
744 3014 756 3049 :
789 2993 882 3049 sed
921 2993 1214 3048 cavendum
1253 3001 1334 3046 est
1355 3033 1369 3058 ,
1400 3006 1466 3045 ne
1497 2991 1571 3044 ira
1598 2998 1834 3045 vertatur
1860 2989 1915 3044 in

348 3087 552 3155 odium,
599 3098 653 3143 et
700 3087 887 3142 oculus
928 3086 1294 3156 exstinguatur
1323 3087 1364 3137 ².
1415 3083 1516 3138 lste
1567 3097 1695 3153 ergo
1741 3081 1910 3136 dicit:

352 3175 586 3234 Turbatus
610 3187 683 3234 est
709 3195 817 3249 pra:
841 3180 920 3233 ira
942 3177 1118 3233 oculus
1142 3194 1280 3231 meus
1301 3219 1314 3242 ,
1344 3177 1515 3230 anima
1541 3192 1651 3230 utea
1681 3185 1727 3229 et
1749 3183 1916 3230 venter

347 3285 519 3334 meus;
547 3273 648 3326 hoc
673 3279 785 3336 est,
817 3269 1021 3325 turbata
1055 3277 1179 3324 sunt
1207 3268 1456 3322 interiora
1489 3283 1627 3322 mea.
1659 3266 1912 3322 Ventrem

345 3375 434 3430 pro
471 3361 809 3417 interioribus
870 3360 1065 3430 posuit.
1115 3359 1413 3430 Aliquando
1447 3359 1587 3413 enim
1629 3358 1824 3429 iniquis
1863 3367 1918 3414 et

345 3453 599 3520 perversis
659 3462 715 3508 et
753 3467 785 3506 a
828 3452 944 3523 lege
985 3451 1320 3507 deviautibus
1358 3462 1409 3505 et
1453 3451 1592 3505 male
1617 3450 1916 3506 viventibus

352 3544 496 3599 irasci
530 3544 677 3612 licet,
703 3544 936 3600 clamare
961 3559 1064 3599 nou
1088 3544 1229 3599 licet.
1259 3543 1391 3598 Cum
1424 3544 1700 3598 irascimur
1723 3551 1779 3599 et
1803 3544 1914 3598 cla-

355 3649 490 3690 mare
513 3653 615 3692 nou
634 3652 942 3708 possumus,
963 3637 1212 3692 interiora
1232 3647 1410 3692 nostra
1429 3636 1728 3692 turbantur.
1748 3637 1914 3693 Tanta

354 3737 428 3781 est
449 3728 588 3782 enim
617 3728 902 3798 aliquando
926 3729 1278 3798 perversitas,
1307 3737 1365 3781 ut
1391 3743 1488 3782 nec
1508 3728 1702 3797 corripi
1727 3729 1912 3798 possit.

408 3817 458 3873 5.
503 3818 651 3891 [vers.
685 3817 796 3891 11.]
827 3819 1075 3886 Quantam
1104 3819 1283 3889 defecit
1305 3819 1356 3872 in
1388 3818 1561 3872 dolore
1587 3818 1687 3872 rita
1713 3835 1843 3886 mea,
1868 3827 1917 3873 et

348 3910 454 3963 anni
493 3912 588 3964 mei
629 3911 684 3964 in
724 3911 1004 3981 gemitibus.
1032 3908 1220 3978 Defeci!
1244 3949 1260 3974 ,
1287 3909 1487 3978 inquit,
1518 3909 1571 3961 in
1610 3908 1784 3962 dolore
1816 3910 1917 3964 vita

348 4016 467 4055 mea.
501 4003 632 4056 Dicit
677 4002 964 4071 Apostolus
994 4021 1006 4056 :
1041 3999 1195 4055 Nunc
1232 4000 1471 4065 vivimus,
1499 4000 1542 4053 si
1569 4016 1653 4052 vos
1693 4002 1838 4053 statis
1863 4001 1916 4053 in

347 4093 607 4166 Domino(l
640 4094 814 4149 Thess.
845 4111 922 4161 ιιι,
951 4092 1029 4166 8).
1071 4094 1402 4162 Quicumque
1452 4091 1669 4161 perfecti
1697 4100 1819 4146 sunt
1848 4107 1913 4145 cx

347 4183 626 4258 Evangelio
651 4195 707 4242 et
731 4187 895 4255 gratia
930 4185 1018 4240 Dei
1044 4227 1058 4245 .
1087 4200 1191 4239 nou
1223 4183 1307 4238 hic
1337 4185 1519 4238 vivunt
1556 4183 1656 4236 nisi
1699 4190 1915 4252 propter

345 4277 500 4342 alios;
525 4294 646 4332 nam
686 4279 791 4331 vita
823 4292 1009 4332 eorum
1038 4277 1090 4330 iu
1141 4277 1241 4329 hoc
1282 4275 1478 4330 saeculo
1501 4317 1515 4342 ,
1543 4275 1620 4327 eis
1665 4274 1773 4343 jam
1807 4289 1912 4328 non

341 4381 417 4425 est
445 4369 766 4426 necessaria.
816 4368 918 4424 Sed
946 4368 1065 4438 quia
1106 4367 1430 4438 dispensatio
1465 4381 1648 4420 eorum
1674 4364 1790 4419 aliis
1821 4381 1916 4419 nc-

338 4462 568 4515 ccssaria
616 4468 738 4524 est,
773 4459 828 4513 fit
876 4459 929 4513 iu
975 4459 1051 4513 eis
1096 4457 1239 4527 quod
1279 4458 1350 4511 ait
1401 4457 1538 4510 idem
1585 4455 1911 4526 Apostolus:

335 4550 802 4620 Concupiscentiam
849 4549 1034 4602 habens
1073 4547 1278 4602 dissolvi
1297 4588 1310 4612 ,
1336 4557 1380 4600 et
1400 4563 1505 4601 esse
1537 4562 1652 4600 cum
1679 4545 1914 4610 Christo;

331 4644 494 4698 multo
535 4643 668 4696 enim
707 4642 867 4711 magis
915 4641 1426 4710 aptintunt:manere
1463 4647 1628 4690 autent
1670 4639 1721 4690 in
1765 4653 1917 4690 carne

331 4737 665 4792 necessarium
705 4743 909 4805 propter
935 4748 1021 4786 vos
1051 4730 1306 4802 (Philipp.
1341 4747 1356 4786 ι
1385 4771 1399 4797 ,
1428 4731 1518 4797 25,
1547 4730 1660 4801 24).
1691 4729 1917 4798 Quando

328 4840 510 4884 autem
540 4827 684 4882 videt
714 4825 874 4880 homo
901 4839 966 4879 ex
987 4821 1383 4893 dispensatione
1407 4836 1522 4885 sua,
1553 4836 1617 4876 ex
1645 4820 1916 4874 laboribus

330 4920 478 4982 suis,
511 4934 574 4972 cx
626 4916 1004 4988 prmdicatione
1043 4929 1137 4970 sua
1161 4955 1176 4978 ,
1205 4927 1308 4968 nou
1352 4915 1610 4982 prolicere
1651 4911 1913 4977 homines,

331 5009 704 5064 iulirmaturiu
743 5015 974 5077 egestate
1009 5004 1114 5058 vita
1147 5002 1396 5058 hominis.
1424 5001 1562 5057 Vere
1597 5001 1917 5057 miserabilis

328 5110 541 5170 egestas
577 5109 632 5156 et
681 5097 848 5152 fames
878 5117 889 5152 :
932 5091 1354 5168 quandoquidem
1391 5109 1486 5148 eos
1521 5107 1656 5163 quos
1691 5093 1917 5149 Domino

331 5193 625 5257 lucramur,
653 5187 1052 5261 quodammodo
1082 5185 1366 5242 manducat
1387 5184 1642 5240 Ecclesia.
1673 5183 1807 5251 Quid
1835 5194 1917 5240 est

397 5329 413 5359 ³
441 5331 490 5374 In
513 5324 738 5374 omnibus
758 5328 884 5381 Mss.,
907 5320 1128 5372 euadens.

395 5389 415 5420 ¹
441 5386 552 5435 I-de.
587 5393 661 5434 Er.
701 5392 753 5452 et
792 5380 899 5452 nov.
926 5391 1043 5452 (post
1064 5380 1548 5452 exstiqquaturthgec
1568 5381 1911 5452 interponunt:

329 5459 433 5501 Hoc
455 5455 614 5497 autem
636 5441 981 5496 ratintadrertat
1017 5441 1336 5506 unusquisque
1472 5441 1521 5492 in
1543 5455 1679 5504 pace,
1704 5441 1795 5490 hoc
1825 5449 1911 5506 est,

329 5512 416 5575 qui
430 5510 482 5560 in
504 5507 708 5575 Christo,
731 5507 812 5570 qui
835 5519 1003 5570 pacem
1022 5503 1106 5554 Dei
1123 5503 1482 5575 camniettdatit,
1505 5503 1691 5575 vocatus
1703 5508 1788 5575 est,
1805 5512 1850 5552 et
1867 5503 1917 5574 in

331 5539 482 5637 335';
497 5539 1661 5637 ἦᾶἴίὲὶὶῖιξὲξζηὲηἵῖιῖἆ’ἰς”ιῖ‹ῖὲὶὶἷῖιὶ“ἷιῖιῑιξὲἇιᾶ
1668 5539 1916 5637 ξιξῗῶἇῆιῖ

331 5587 362 5624 c
419 5585 476 5621 us
497 5585 740 5620 nattruate
755 5585 941 5618 summa
959 5585 1059 5630 pax
1080 5585 1167 5629 per
1194 5585 1420 5629 Augetur"
1441 5585 1656 5615 ttttruwta
1672 5585 1740 5614 eat
1763 5585 1915 5618 ηυηιδ-

329 5585 473 5687 πῖίιιε
497 5645 520 5694 γε
539 5631 580 5682 si
603 5643 692 5694 pro
713 5629 875 5694 aliqua
899 5642 1046 5692 parva
1070 5626 1141 5678 vel
1173 5641 1346 5690 magna
1374 5641 1517 5694 causa
1539 5626 1591 5675 in
1616 5628 1779 5694 odium
1803 5639 1915 5694 prd

329 5693 541 5760 ruperit,
565 5688 757 5760 nullam
769 5688 1039 5760 societatem
1073 5703 1182 5739 cum
1215 5688 1366 5760 pace,‘
1387 5688 1473 5760 hoc
1497 5695 1568 5738 est
1599 5688 1810 5760 Christo,
1824 5688 1915 5760 ha-

327 5749 445 5809 bere
466 5749 670 5822 pulerit,
707 5752 800 5822 nisi
829 5767 936 5822 per
955 5751 1152 5822 dignum
1194 5749 1568 5822 emendationem
1588 5749 1913 5822 ipamitentite.

327 5813 556 5882 Sequitur
599 5829 719 5882 ergo
744 5813 848 5875 iste,
892 5820 937 5865 et
977 5813 1132 5882 dicit,_
1161 5813 1408 5882 Turbatus,
1454 5820 1548 5862 etc.
1576 5814 1701 5882 _t_tiuc
1736 5825 1826 5862 nos
1857 5825 1916 5862 ea

331 5871 494 5932 verba
511 5871 844 5941 exputi'gimtts.
873 5876 998 5940 quod
1033 5871 1184 5924 alxsint
1211 5887 1236 5922 a
1263 5877 1437 5923 nostris
1462 5875 1682 5924 omnibus
1707 5882 1809 5922 uss.

1440 411 1833 468 ENARRA'I‘IU
1874 413 1937 468 IN
1977 415 2298 472 PSAMIUM
2338 418 2506 474 XXX.

3497 426 3604 484 219

2037 529 2360 584 manducat?
2391 532 2444 585 lu
2482 548 2675 603 corpus
2711 549 2862 590 suum
2911 538 3140 608 trajicit:
3173 540 3423 611 quidquid
3472 543 3618 597 enim

2035 620 2434 688 manducamus,
2488 625 2538 678 in
2583 641 2776 697 corpus
2834 639 3072 684 nostrum
3136 633 3450 700 trajicimus.
3502 633 3617 688 Hoc

2033 711 2139 779 agit
2166 711 2400 767 Ecclesia
2425 728 2520 782 per
2549 727 2760 772 sanctos
2792 736 2805 771 :
2831 721 2995 774 esurit
3017 736 3151 792 quos
3177 722 3372 776 lucrari
3404 723 3536 787 vult,
3564 731 3622 778 et

2033 815 2167 871 quos
2197 802 2396 858 lucrata
2433 804 2589 860 fuerit
2631 807 2808 878 aliquo
2838 810 3016 876 modo,
3047 812 3330 868 manducat
3354 814 3618 884 quodam-

2034 892 2215 946 modo.
2243 894 2404 964 Cujus
2431 910 2712 966 personam
2739 899 2955 968 gerebat
2980 901 3169 956 Petrus
3191 944 3204 968 ,
3232 904 3446 974 quando
3475 906 3525 960 ei
3550 904 3620 960 de

2033 983 2172 1038 caalo
2196 983 2490 1040 submissus
2517 996 2601 1042 est
2639 987 2818 1044 discus
2857 991 3045 1061 plenus
3089 994 3337 1049 omnibus
3367 995 3617 1049 animali-

2032 1073 2132 1128 bus
2156 1075 2583 1145 quadrupedibus
2607 1119 2623 1144 ,
2652 1081 3018 1148 serpentibus,
3047 1091 3100 1136 et
3129 1083 3429 1138 volatilibus
3453 1103 3466 1140 :
3500 1085 3621 1156 qui-

2032 1165 2131 1220 bus
2158 1167 2443 1236 generibus
2470 1184 2656 1224 omnes
2682 1181 2865 1240 gentes
2885 1172 3269 1242 signiﬁcantur.
3293 1174 3616 1246 Precfigura-

2030 1257 2121 1311 hat
2175 1257 2426 1313 Dominus
2477 1261 2799 1327 Ecclesiam,
2838 1264 2980 1333 quod
3030 1280 3218 1320 omnes
3259 1276 3444 1338 gentes
3501 1283 3612 1325 erat

2032 1356 2426 1404 trausvoratura
2453 1391 2468 1416 ,
2495 1361 2551 1406 ει
2575 1353 2628 1406 in
2657 1368 2850 1423 corpus
2880 1371 3035 1408 suum
3083 1372 3410 1414 εοιινειδευηι
3430 1377 3445 1426 ;
3469 1369 3524 1414 ει
3543 1376 3618 1416 a..

2030 1436 2192 1492 Petro
2215 1480 2230 1506 ,
2264 1437 2437 1493 Macta
2459 1481 2476 1508 ,
2505 1452 2551 1496 et
2580 1445 2827 1498 manduca
2860 1445 2995 1517 (Act.
3033 1462 3063 1500 χ
3087 1488 3102 1513 ,
3133 1447 3244 1520 15).
3268 1448 3312 1504 Ο
3337 1449 3576 1506 Ecclesia
3597 1493 3614 1518 ,

2034 1526 2158 1598 (hoc
2178 1537 2259 1584 est
2274 1529 2450 1598 Petre,
2474 1533 2595 1603 quia
2621 1549 2783 1605 super
2813 1537 2945 1592 hanc
2975 1547 3180 1608 petram
3208 1539 3480 1596 :cdiﬁcabo
3505 1541 3612 1598 Ec-

2027 1620 2241 1675 clesiatn
2266 1638 2436 1676 meam
2466 1622 2675 1695 [Matt/t.
2707 1643 2815 1690 xvt,
2842 1627 2978 1700 18]),
3011 1641 3196 1698 ntacta,
3220 1641 3264 1686 et
3301 1634 3551 1688 manduca
3574 1653 3595 1691 :

2028 1710 2174 1779 prius
2210 1722 2378 1767 macta
2401 1754 2415 1778 ,
2447 1723 2502 1769 et
2544 1716 2623 1770 sic
2659 1717 2946 1785 manduca;
2987 1720 3171 1776 occide
3200 1722 3340 1791 quod
3369 1731 3490 1778 sunt
3511 1767 3526 1790 ,
3557 1733 3616 1781 et

2027 1800 2109 1856 fac
2145 1803 2285 1872 quod
2325 1820 2402 1861 es.
2446 1806 2580 1861 Cum
2619 1823 2752 1879 ergo
2790 1811 3108 1879 praedicatur
3148 1813 3526 1885 Evangelium,
3554 1826 3614 1874 et

2027 1892 2170 1948 videt
2205 1896 2294 1965 qui
2326 1897 2576 1966 prredicat
2604 1915 2708 1954 non
2743 1903 3006 1970 prolicere
3029 1903 3289 1971 homines,
3314 1923 3478 1978 quare
3501 1923 3614 1964 non

2025 1983 2254 2040 clamet:
2300 1987 2551 2053 Quoniam
2591 1990 2772 2061 defecit
2795 1993 2845 2046 in
2875 1994 3048 2048 dolore
3094 1997 3193 2050 vita
3219 2014 3326 2051 mea
3349 2041 3364 2066 ,
3393 2008 3441 2054 et
3487 2003 3615 2056 anni

2025 2076 2122 2129 mei
2140 2075 2192 2130 in
2211 2078 2472 2148 gemitibus
2491 2096 2509 2133 :
2539 2079 2842 2150 Inﬁrntatus
2869 2094 2938 2137 est
2966 2086 3016 2139 in
3043 2097 3256 2156 egestate
3281 2089 3420 2160 vigor
3441 2107 3605 2158 meus,

2026 2179 2073 2223 et
2107 2186 2220 2226 ossa
2253 2189 2362 2227 mea
2402 2175 2696 2229 conturbata
2735 2179 2897 2230 sunt?
2939 2179 3074 2232 Anni
3122 2182 3289 2235 nostri
3321 2183 3444 2250 isti,
3474 2198 3611 2254 quos

2026 2262 2114 2317 hic
2143 2264 2406 2330 ducimus,
2439 2266 2490 2319 in
2522 2268 2801 2336 gemitibus
2830 2278 2971 2322 sunt.
2998 2269 3341 2338 Unde?Quia
3370 2273 3612 2328 abunda-

2025 2354 2100 2408 vit
2130 2354 2399 2425 iuiquitas,
2429 2355 2726 2434 refrigescit
2758 2359 2992 2414 charitas
3022 2361 3332 2417 multorum.
3362 2363 3416 2417 In
3445 2365 3613 2434 gemi-

2025 2447 2199 2510 tibus,
2230 2462 2335 2500 nou
2367 2447 2418 2501 in
2460 2448 2618 2502 claris
2647 2450 2866 2504 vocibus
2901 2470 2912 2505 :
2941 2451 3153 2520 quando
3195 2452 3338 2507 videt
3368 2453 3613 2510 Ecclesia

2027 2537 2221 2590 multos
2253 2538 2304 2590 in
2333 2552 2642 2608 perversum
2683 2541 2778 2601 ire,
2811 2542 3043 2609 gemitus
3070 2557 3197 2597 suos
3226 2542 3446 2598 devorat
3469 2544 3614 2614 apud

2027 2641 2104 2692 se,
2140 2637 2197 2681 ut
2219 2627 2358 2682 dicat
2381 2629 2518 2694 Deo,
2550 2629 2774 2684 Gemitus
2816 2648 2956 2686 meus
2986 2649 3088 2687 non
3127 2643 3199 2687 est
3232 2633 3556 2689 absconditus
3578 2653 3614 2690 a

2025 2726 2072 2770 te
2117 2717 2293 2788 (Psal.
2339 2735 2551 2786 xxxv",
2601 2721 2692 2791 10)
2724 2738 2736 2774 :
2768 2723 2818 2775 in
2866 2723 2972 2776 alio
3019 2724 3224 2793 psalmo
3269 2724 3484 2793 dicitur,
3515 2725 3616 2782 sed

2023 2811 2266 2880 congruit
2318 2811 2469 2878 huic;
2516 2822 2570 2866 et
2608 2812 2710 2867 hoc
2734 2823 2814 2867 est
2841 2815 2855 2844 ί
2885 2814 3101 2882 dicere,
3148 2815 3389 2870 Gemitus
3436 2832 3611 2884 meus,

2023 2902 2123 2956 etsi
2164 2901 2504 2957 absconditus
2543 2912 2626 2958 est
2653 2905 2722 2958 ab
2748 2906 3112 2972 hominihus,a
3145 2915 3195 2961 te
3225 2922 3330 2961 non
3373 2917 3456 2963 est
3481 2909 3615 2965 abs-

2023 2991 2286 3047 conditus.
2340 2992 2637 3063 ln/irmatus
2680 3005 2751 3048 est
2821 2997 2871 3048 in
2922 3004 3138 3066 egestate
3172 2998 3312 3068 vigor
3347 3012 3523 3066 meus,
3563 3010 3615 3053 et

2021 3099 2139 3139 ossa
2165 3101 2276 3138 utea
2294 3087 2591 3139 conturbata
2621 3097 2736 3139 sunt
2762 3103 2778 3139 :
2801 3087 2869 3142 de
2897 3087 2994 3142 hac
3023 3096 3260 3162 egestate
3283 3103 3443 3160 supra
3472 3089 3616 3144 dixi-

2024 3192 2184 3232 mus:
2227 3192 2348 3232 ossa
2397 3193 2523 3233 vero
2565 3178 2728 3234 fortes
2777 3180 3140 3250 intelliguntur
3183 3182 3472 3250 Ecclesiae,
3520 3184 3618 3254 qui

2024 3269 2184 3325 etiam
2210 3269 2255 3323 si
2277 3283 2381 3324 non
2402 3270 2788 3325 conturbantur
2807 3273 3263 3342 persecutionibus
3287 3274 3614 3342 alienorum,

2025 3361 2410 3416 conturbantur
2436 3371 2609 3418 tamen
2641 3363 3013 3434 iniquitatibus
3033 3364 3276 3419 fratrum.

2097 3451 2151 3506 6.
2195 3449 2346 3524 [vers.
2389 3451 2513 3525 12.]
2559 3453 2726 3525 Super
2769 3472 2939 3510 omnes
2980 3457 3208 3512 inimicos
3255 3473 3388 3512 meos
3437 3462 3606 3530 factus

2024 3559 2134 3596 sum
2159 3543 2507 3613 opprobrium,
2539 3554 2586 3597 et
2612 3545 2788 3597 uicinis
2816 3546 2938 3600 meis
2973 3547 3204 3622 nimium,
3235 3557 3281 3602 et
3309 3548 3460 3602 timor
3482 3549 3616 3604 notis

2023 3633 2166 3685 meis.
2215 3631 2387 3701 Super
2413 3650 2584 3688 omnes
2613 3634 2843 3688 inimicos
2884 3652 3021 3691 meos
3062 3640 3227 3709 factus
3269 3655 3381 3692 sum
3421 3655 3616 3710 oppro-

2023 3721 2230 3776 brium:
2257 3722 2347 3793 qui
2388 3732 2512 3778 sunt
2559 3723 2756 3777 inimici
2804 3725 3098 3780 Ecclesiaz‘t
3139 3726 3358 3796 Pagani,
3401 3727 3616 3784 Judtci?

2024 3815 2280 3870 Omnibus
2324 3815 2478 3886 pejus
2520 3818 2702 3872 vivunt
2764 3821 2887 3874 mali
2933 3820 3228 3876 christiani.
3300 3821 3389 3878 Vis
3429 3822 3616 3879 videre

2024 3923 2183 3977 quam
2210 3909 2455 3963 omnibus
2483 3911 2630 3979 pejus
2657 3911 2836 3966 vivant
2871 3903 2996 3966 mali
3021 3913 3340 3968 christiani?
3381 3915 3457 3970 De
3495 3915 3617 3970 tali-

2027 4001 2130 4055 bus
2171 4000 2300 4055 dicit
2328 3988 2586 4072 propheta
2615 4003 2884 4069 Ezechiel,
2927 4005 3046 4073 quia
3083 4015 3461 4074 comparantur
3497 4021 3615 4062 sar-

2023 4091 2219 4147 mentis
2252 4092 2522 4149 inutilibus
2553 4092 2762 4163 (Ezech.
2789 4111 2884 4160 xv,
2909 4094 2944 4148 2
2965 4095 3002 4166 ).
3025 4095 3171 4151 Pone
3193 4097 3432 4166 Paganos
3471 4097 3613 4168 ligna

2025 4196 2145 4238 esse
2191 4183 2432 4237 silvatica
2473 4193 2620 4238 extra
2666 4184 2995 4252 Ecclesiam,
3041 4185 3215 4241 adhuc
3265 4196 3442 4256 potest
3487 4187 3614 4242 inde

2025 4275 2140 4330 fieri
2167 4274 2365 4344 aliquid
2393 4292 2408 4340 ;
2449 4275 2714 4344 quomodo
2741 4276 2808 4331 de
2831 4277 2988 4347 lignis
3009 4277 3288 4333 fabrilibus
3307 4289 3388 4334 est
3412 4279 3612 4350 lignum

2023 4366 2174 4422 fabro
2197 4375 2399 4436 aptum,
2425 4375 2479 4422 et
2507 4367 2552 4422 si
2577 4367 2752 4422 adhuc
2792 4359 3050 4423 nodosum
3075 4379 3130 4424 et
3154 4385 3374 4426 curvum
3407 4381 3464 4427 et
3485 4387 3612 4440 cor-

2027 4458 2251 4513 ticosum
2271 4500 2286 4525 ,
2319 4466 2494 4513 tamen
2533 4458 2674 4529 quod
2713 4459 2948 4525 doletur,
2971 4461 3242 4536 pscietur,
3272 4460 3611 4532 deplauetur,

2024 4558 2077 4604 et
2106 4549 2275 4619 possit
2299 4550 2480 4604 venire
2522 4550 2588 4603 ad
2629 4549 2858 4618 aliquant
2911 4550 3159 4605 fabricam
3192 4565 3318 4606 usus
3349 4552 3564 4607 humani
3597 4572 3642 4614 ε,
3695 4544 3724 4592 ἰ

2025 4641 2092 4697 de
2119 4641 2402 4697 sarmentis
2426 4650 2602 4697 autem
2634 4643 2870 4712 prtccisis
2908 4643 3040 4698 fabri
3088 4643 3220 4698 nihil
3264 4643 3442 4701 facere
3483 4661 3614 4716 pos-

2025 4741 2180 4798 sunt;
2231 4733 2366 4803 ignis
2407 4747 2466 4787 ea
2515 4733 2660 4787 solus
2709 4743 3000 4802 exspectat.
3051 4734 3343 4803 Attendite,
3393 4736 3636 4794 fratres.-

2025 4820 2156 4879 Cum
2199 4822 2443 4878 silvatica
2483 4822 2625 4892 ligno
2668 4823 2861 4893 ubique
2904 4833 3242 4894 praeponatur
3281 4836 3614 4882 sarmentum

2026 4928 2248 4969 manens
2278 4914 2328 4967 in
2359 4913 2488 4980 vite,
2532 4913 2654 4982 quia
2691 4923 3016 4968 sarmentum
3046 4914 3137 4969 dat
3175 4917 3440 4984 fructum,
3482 4918 3614 4972 illud

2025 5005 2222 5078 lignum
2264 5021 2368 5060 non
2434 5005 2526 5059 dat
2569 5005 2794 5060 fructmn
2827 5025 2840 5060 :
2870 5007 3091 5080 ρι’ωείεο
3121 5015 3297 5063 tamen
3341 5019 3614 5062 sarmento

2027 5098 2092 5154 de
2119 5098 2224 5154 vite
2249 5097 2291 5152 si
2323 5107 2668 5168 comparetur
2693 5098 2893 5167 lignum
2929 5099 3225 5154 silvaticum
3248 5139 3263 5165 ,
3301 5099 3616 5170 intelligitur

2029 5205 2152 5247 esse
2189 5190 2414 5255 melius;
2442 5191 2562 5260 quia
2592 5189 2658 5245 de
2683 5190 2772 5245 illo
2800 5190 2947 5245 faber
2973 5190 3170 5260 aliquid
3200 5192 3371 5245 facere
3400 5200 3609 5260 potest;

2026 5283 2128 5338 hoc
2150 5291 2326 5338 autem
2350 5297 2455 5336 non
2481 5282 2686 5352 qumrit,
2717 5283 2816 5336 nisi
2843 5282 2932 5352 qui
2959 5280 3077 5336 foco
3105 5281 3389 5335 ministrat.
3421 5283 3612 5336 Atten-

2025 5376 2156 5432 dcns
2182 5376 2356 5446 itaque
2380 5376 2771 5432 multitudinem
2794 5379 2932 5431 male
2953 5375 3240 5430 viventium
3270 5374 3320 5427 iu
3347 5374 3608 5440 Ecclesia,

2027 5470 2196 5540 Super
2224 5485 2416 5535 omnes,
2444 5469 2634 5541 inquit,
2663 5470 2892 5524 inimicos
2930 5484 3064 5522 meos
3094 5470 3258 5538 factus
3283 5475 3394 5520 sum
3420 5484 3611 5539 oppro-

2029 5562 2208 5616 brium.
2263 5561 2452 5631 Pejus,
2502 5561 2703 5632 iuquit,
2753 5561 2935 5628 vivunt
2980 5557 3104 5612 mali
3155 5557 3208 5612 in
3259 5559 3610 5625 sacramentis

2027 5657 2180 5721 meis,
2215 5669 2372 5726 quam
2400 5656 2486 5724 qui
2515 5654 2579 5708 ad
2605 5655 2691 5708 illa
2720 5666 2984 5722 nunquam
3015 5661 3382 5707 accesserunt.
3423 5651 3610 5708 Latine

2025 5813 2105 5921 Μ’
2134 5815 2206 5858 Er.
2227 5818 2278 5859 et
2302 5816 2430 5868 t.ov.,
2456 5809 2540 5858 sed
2564 5806 2777 5872 congruit
2796 5806 2874 5856 hic
2893 5816 2938 5855 et
2957 5805 3044 5857 hoc
3067 5806 3244 5860 dicere.
3271 5808 3613 5875 Castigavimus

2108 5879 2207 5919 MSS.

2108 5879 2207 5919 MSS.
