3950 6430
390 369 502 430 245

392 494 580 560 aperte
604 498 702 544 cur
729 498 835 543 non
873 482 1111 542 dicamus
1130 521 1145 549 ,
1174 478 1259 536 vel
1287 476 1499 553 quando
1524 476 1785 547 psalmum
1811 490 1980 547 expo-

390 575 615 635 nimus?
655 577 723 634 Et
748 577 794 634 si
818 574 938 633 aliis
964 570 1100 630 forte
1127 569 1452 642 temporibus
1476 566 1657 624 dicere
1688 582 1790 623 non
1818 565 1980 623 aude-

391 683 549 735 mus,
578 667 766 725 saltem
797 664 1085 723 necessitas
1113 660 1414 733 exponendi
1445 652 1638 716 habeat
1680 658 1977 715 libertatem

392 750 740 832 corripiendi.
768 759 938 827 Super
963 772 1156 824 ornnes,
1180 754 1370 826 inquit,
1398 753 1628 807 inimicos
1653 769 1790 806 meos
1814 754 1982 824 factus

394 870 508 909 sum
546 849 891 922 opprobrium.
925 848 1003 905 De
1043 847 1239 903 talibus
1276 838 1406 902 dicit
1443 835 1719 916 apostolus
1757 842 1976 898 Petrus:

395 947 561 1002 Facta
584 953 699 1001 sunt
741 938 844 998 illis
870 941 1149 1014 posteriora
1191 940 1440 995 deteriora
1468 937 1721 1010 prioribus
1750 952 1767 992 :
1796 936 1976 993 melius

394 1039 529 1093 enim
569 1042 678 1091 erat
718 1034 823 1090 illis
866 1050 969 1089 non
1010 1048 1308 1105 cognoscere
1358 1031 1490 1085 uiam
1530 1030 1775 1102 iustitite,
1821 1045 1975 1099 quam

394 1128 806 1203 cognoscentibus
852 1136 1129 1182 retrorsum
1170 1125 1359 1195 reﬂecti
1383 1140 1415 1178 α
1443 1123 1628 1179 tradito
1668 1122 1761 1178 sibi
1804 1128 1976 1177 sancto

317 1213 341 1291 ξ’.
395 1224 659 1279 ntandato.
696 1224 830 1279 Cum
860 1221 1007 1288 dicit,
1053 1208 1239 1276 Helius
1267 1228 1375 1275 erat
1415 1219 1519 1274 illis
1554 1234 1655 1272 non
1684 1232 1982 1288 cognoscere

322 1294 343 1318 γ’
393 1317 528 1371 siam
553 1315 803 1383 iustitia;
831 1328 1008 1369 nonne
1027 1312 1283 1383 judicavit
1310 1311 1562 1366 meliores
1588 1312 1707 1365 csSe
1737 1307 1982 1363 inimicos

394 1409 533 1466 foris
560 1409 787 1481 positos,
820 1422 978 1479 quam
1004 1407 1146 1462 intus
1170 1404 1309 1461 male
1339 1405 1604 1470 viventes,
1634 1402 1828 1474 quibus
1861 1416 1984 1472 prce

394 1501 560 1559 mitur
582 1509 637 1555 et
659 1507 911 1570 gravatur
932 1496 1204 1554 Ecclesia?
1232 1494 1440 1561 Melius,
1467 1494 1659 1566 inquit,
1685 1493 1788 1548 illis
1812 1495 1983 1564 fuerin

397 1609 504 1651 non
549 1607 850 1664 cognoscere
899 1591 1030 1645 uiam
1073 1588 1325 1660 justitiar,
1371 1604 1524 1660 quant
1569 1586 1980 1659 cognoscentibus

393 1694 673 1741 retrorsum
698 1685 891 1755 reﬂecti
913 1700 946 1739 a
966 1683 1152 1738 tradito
1188 1683 1283 1738 sibi
1318 1690 1492 1739 sancto
1531 1680 1793 1735 mandato.
1819 1680 1982 1735 Deni-

396 1791 503 1847 que
530 1775 650 1832 vide
676 1790 834 1847 quam
874 1774 1111 1830 horribili
1138 1774 1215 1829 rei
1252 1789 1350 1830 eos
1376 1772 1706 1842 comparavit
1735 1789 1746 1825 :
1773 1770 1984 1827 Continn

393 1869 467 1939 git
511 1869 616 1925 illis
658 1884 738 1923 res
779 1868 883 1922 ueri
929 1865 1177 1939 proverbii
1200 1906 1215 1932 ,
1261 1862 1418 1922 Canis
1461 1879 1689 1919 reversus
1726 1862 1798 1918 ad
1836 1878 1985 1918 suum

395 1959 636 2014 uomitum
666 1956 747 2031 (ll
768 1955 912 2012 Petr.
939 1972 995 2022 ιι,
1023 1954 1244 2025 20-22).
1276 1953 1395 2011 Istis
1425 1956 1602 2025 itaque
1631 1952 1826 2009 talibus
1856 1968 1983 2008 cum

390 2050 500 2106 sint
546 2049 718 2120 plena:
765 2047 1057 2115 Ecclesiae,
1107 2061 1286 2104 nonne
1332 2047 1597 2102 veraciter
1647 2045 1757 2102 illic
1799 2045 1986 2103 dicunt

388 2140 545 2212 pauci
564 2181 580 2208 ,
619 2140 728 2196 imo
754 2155 819 2196 ex
849 2154 1137 2211 paucorum
1166 2153 1298 2195 voce
1340 2138 1454 2208 ipsa
1483 2136 1723 2194 Ecclesia
1752 2156 1767 2193 :
1795 2124 1967 2208 Super

392 2245 564 2286 omnes
591 2228 820 2284 inimicos
845 2245 980 2284 meos
1020 2232 1186 2300 factus
1208 2245 1323 2283 sum
1346 2228 1675 2298 opprobrium
1704 2268 1720 2294 ,
1743 2236 1790 2284 et
1810 2229 1985 2284 uicinis

391 2320 517 2377 meis
544 2320 776 2386 nimium,
809 2328 857 2374 et
880 2320 1030 2373 timor
1053 2318 1184 2374 notis
1206 2318 1357 2373 meis?
1377 2317 1578 2374 Vicinis
1602 2318 1738 2374 meis
1758 2317 1981 2375 nimium

397 2400 741 2485 opprobrium
770 2411 938 2468 factus
967 2426 1106 2478 sum,
1136 2410 1189 2467 id
1213 2419 1330 2479 est,
1360 2409 1453 2481 qui
1485 2410 1614 2465 mihi
1644 2410 1754 2480 jam
1784 2425 1982 2481 appro‘

393 2503 726 2575 pinquabant
766 2511 823 2557 ut
872 2500 1151 2559 crederent
1191 2520 1204 2557 :
1252 2501 1355 2556 hoc
1397 2508 1501 2569 est,
1543 2500 1703 2556 vicini
1750 2502 1856 2557 mei
1898 2501 1983 2557 ni-

396 2597 565 2654 mium
591 2595 835 2653 deterriti
863 2603 1019 2662 sunt,
1050 2595 1190 2650 mala
1217 2594 1325 2650 vita
1354 2594 1616 2650 malorum
1645 2588 1702 2649 et
1729 2594 1982 2651 falsorum

395 2687 830 2744 cbristianorum.
882 2685 1052 2754 Quam
1096 2686 1294 2742 multos
1331 2686 1474 2741 enim
1523 2686 1741 2756 putatis,
1790 2685 1983 2743 fratres

393 2780 525 2849 mei,
564 2780 702 2837 velle
742 2793 864 2836 esse
909 2778 1249 2847 christianos,
1294 2778 1388 2835 sed
1436 2776 1633 2833 otl‘endi
1672 2779 1828 2835 malis
1866 2793 1985 2837 mo-

394 2874 546 2931 ribus
586 2872 1041 2930 cbristianorum?
1081 2870 1184 2943 lpsi
1229 2880 1351 2928 sunt
1394 2870 1552 2927 vicini
1597 2871 1689 2942 qui
1727 2871 1840 2942 jam
1883 2886 1981 2943 ap-

395 2966 859 3039 propinquabant,
919 2973 977 3022 et
1034 2966 1257 3022 nimium
1317 2964 1664 3037 approbrium
1724 2964 1828 3020 illis
1882 2964 1982 3020 visi

391 3070 598 3114 sumus.

465 3149 519 3205 7.
547 3146 947 3224 [inmundi]
986 3147 1157 3203 Timor
1183 3147 1348 3217 factus
1385 3161 1500 3201 sum
1521 3146 1652 3200 notis
1673 3146 1815 3199 meis.
1845 3143 1982 3212 Quid

391 3248 504 3298 tam
536 3240 870 3298 timendum?
896 3237 1094 3304 Timor,
1123 3238 1312 3308 inquit,
1341 3237 1505 3308 factus
1531 3252 1645 3292 sum
1672 3237 1805 3293 notis
1834 3235 1977 3291 meis.

397 3332 537 3401 Quid
569 3342 676 3390 tam
707 3331 1023 3397 timendum,
1049 3344 1207 3401 quam
1236 3344 1357 3385 cum
1394 3326 1543 3383 videt
1589 3326 1747 3383 homo
1785 3326 1981 3382 multos

391 3425 537 3483 male
574 3424 850 3492 viventes,
903 3432 959 3480 et
1006 3420 1076 3478 de
1131 3420 1324 3492 quibus
1378 3419 1517 3476 bene
1555 3417 1868 3490 sperabatur
1923 3419 1979 3474 in

391 3517 576 3575 multis
613 3514 906 3573 malefactis
926 3512 1205 3570 inventos?
1235 3511 1408 3567 Timet
1428 3525 1494 3568 ne
1512 3509 1646 3569 tales
1666 3510 1772 3565 sint
1792 3525 1980 3567 omnes

394 3622 530 3679 quos
556 3606 776 3679 putabat
822 3605 1024 3679 bonos,
1076 3613 1131 3660 et
1172 3602 1463 3659 veniuntin
1489 3602 1845 3672 suspicionem
1875 3617 1982 3659 ma.

395 3677 505 3753 tam
540 3677 706 3767 prepe
728 3677 917 3751 omnes
936 3693 1083 3751 boni.
1104 3691 1290 3761 Qualis
1305 3692 1424 3748 vir?
1450 3691 1719 3762 quomodo
1736 3690 1930 3749 cecidit
1953 3691 1977 3746 γ

394 3787 665 3861 quomodo
693 3787 941 3847 inventus
968 3794 1052 3844 est
1077 3785 1128 3841 in
1156 3785 1246 3840 illa
1274 3783 1618 3856 turpitudine,
1650 3783 1703 3839 in
1744 3783 1838 3839 illo
1862 3799 1977 3841 δροί-

394 3881 529 3951 lere,
562 3881 615 3937 in
644 3879 735 3937 illo
758 3879 898 3937 iacto
920 3878 1098 3935 malo?
1125 3886 1278 3949 putas
1306 3892 1412 3932 non
1440 3877 1572 3932 tales
1601 3885 1726 3931 sunt
1751 3877 1976 3932 omnes?

388 3974 507 4033 Hoc
529 3983 614 4033 est
636 3974 789 4031 timor
815 3975 946 4028 notis
975 3973 1119 4038 meis,
1148 3978 1209 4027 ut
1244 3982 1299 4027 et
1331 3970 1462 4040 ipsis
1498 3970 1692 4056 quibus
1736 3969 1847 4025 noti
1885 3983 1977 4026 su-

386 4082 528 4135 mus,
559 4067 871 4139 plerumque
898 4066 950 4122 in
978 4064 1198 4122 dubium
1217 4064 1514 4119 veniamus.
1544 4064 1611 4119 Et
1637 4063 1739 4119 nisi
1769 4072 1821 4119 te
1837 4078 1971 4119 con-

384 4160 587 4216 soletur
602 4157 744 4230 quod
761 4174 840 4225 es,
860 4158 907 4213 sl
935 4155 1132 4229 aliquid
1156 4171 1237 4222 es,
1264 4169 1369 4212 non
1399 4154 1575 4210 credis
1599 4169 1720 4210 esse
1745 4154 1974 4210 alterum

388 4250 570 4307 talem.
602 4248 925 4306 Consolatur
953 4246 1222 4302 hominem
1262 4244 1664 4315 qualiscumque
1691 4244 1973 4300 conscien-

384 4342 478 4406 tia,
510 4348 570 4396 ut
593 4339 736 4395 dicat
760 4338 862 4393 sibi
890 4337 1049 4393 homo
1069 4336 1158 4407 qui
1185 4336 1321 4392 bene
1347 4335 1475 4390 vivit
1506 4353 1519 4388 :
1549 4334 1593 4390 0
1622 4346 1674 4391 tu
1698 4336 1787 4405 qui
1816 4336 1974 4391 modo

384 4431 594 4490 vereris
621 4444 689 4487 ne
717 4430 851 4486 tales
879 4430 986 4485 sint
1011 4442 1218 4493 omnes,
1269 4436 1321 4482 tu
1373 4427 1492 4482 talis
1533 4427 1631 4482 es?
1669 4427 1974 4494 Respondet

383 4523 709 4584 conscientia
741 4542 754 4578 :
786 4523 903 4579 Non
922 4537 1060 4577 sum.
1089 4521 1231 4591 Ergo
1250 4520 1292 4575 si
1323 4521 1442 4576 talis
1464 4534 1569 4575 non
1596 4535 1671 4585 es,
1706 4520 1851 4575 solus
1875 4522 1973 4576 es?

344 4600 521 4687 Vide
547 4629 615 4671 ne
644 4614 794 4685 pejor
822 4613 895 4669 sit
937 4612 1039 4667 ista
1084 4610 1362 4681 superbia,
1405 4625 1561 4680 quam
1599 4610 1687 4665 illa
1717 4612 1969 4683 nequitia.

349 4706 501 4781 ‘Noli
548 4705 722 4761 solum
767 4713 820 4761 te
857 4703 1058 4760 dicere.
1085 4700 1217 4757 Nam
1244 4710 1300 4757 et
1330 4699 1475 4756 Elius
1503 4702 1784 4781 aliquando
1815 4703 1973 4760 Rodio

346 4785 361 4865 Ϊ
376 4795 740 4865 multitudinis
762 4794 1046 4865 impiorum
1071 4793 1147 4849 ait
1174 4810 1188 4848 :
1218 4791 1506 4863 Prophetas
1524 4802 1635 4848 tuos
1659 4794 1967 4862 occiderunt,

376 4862 573 4945 iultaria
600 4897 687 4941 tua
711 4862 1052 4954 suﬂ'o'derunt,
1099 4894 1147 4940 et
1192 4900 1285 4956 ego
1330 4862 1534 4940 relictus
1577 4900 1691 4939 sum
1733 4885 1891 4955 solus,
1923 4897 1971 4942 et

381 4989 621 5052 quarunt
672 4978 895 5033 animam
920 4992 1105 5031 meum.
1143 4975 1253 5033 Sed
1278 4975 1400 5048 quid
1425 4977 1543 5031 dicit
1569 4976 1648 5031 illi
1675 4994 1969 5049 responsum

377 5072 602 5128 divinum
622 5069 651 5126 ἒ
677 5067 881 5140 Reliqui
905 5067 1030 5122 mihi
1051 5076 1241 5138 septem
1271 5068 1433 5122 millia
1462 5070 1712 5137 virorum,
1740 5072 1827 5141 qui
1865 5088 1965 5128 non

331 5144 340 5160 λ’
374 5171 709 5221 curvaverant
750 5173 915 5231 genua
955 5169 1073 5215 ante
1107 5158 1239 5215 Baal
1263 5159 1351 5231 (Ill
1383 5158 1511 5230 Reg.
1538 5176 1652 5229 xxx,
1676 5162 1782 5229 10;
1813 5164 1963 5219 Rom.

374 5271 447 5323 si,
480 5257 534 5324 ὅ,
560 5256 641 5328 4).
672 5255 835 5326 Ergo.
858 5252 1085 5320 fratres,
1125 5254 1263 5310 inter
1289 5254 1404 5309 hac
1426 5253 1674 5311 scandala
1699 5272 1859 5313 unum
1885 5266 1968 5314 est

374 5344 672 5403 remedium
703 5380 720 5413 ,
752 5359 819 5400 ne
843 5342 981 5399 male
1000 5345 1199 5400 sentias
1218 5343 1286 5400 de
1314 5343 1477 5400 fratre
1504 5352 1615 5399 tuo.
1643 5345 1923 5404 ilumiliter
1946 5350 1963 5382 ⁸

374 5446 495 5495 esto
534 5437 678 5510 quod
709 5437 791 5492 vis
816 5451 939 5493 eum
968 5450 1089 5493 esse
1112 5474 1127 5501 ,
1165 5444 1222 5492 et
1267 5451 1373 5491 non
1414 5436 1623 5505 putabis
1671 5452 1791 5493 cum
1845 5454 1968 5496 esse

374 5527 521 5602 quod
559 5543 669 5585 non
695 5543 774 5586 es.
805 5526 911 5584 Sed
943 5535 1117 5585 tamen
1154 5527 1225 5584 sit
1248 5526 1408 5582 etiam
1437 5526 1594 5582 timor
1620 5531 1779 5599 notis,
1805 5533 1963 5589 etiam

371 5636 435 5680 es
444 5622 626 5694 pertis.

455 5715 510 5773 8.
544 5712 694 5788 [vers.
723 5712 837 5788 15.]
870 5713 969 5782 Qui
993 5712 1224 5770 uidebant
1245 5730 1342 5785 me,
1372 5718 1512 5788 foras
1531 5719 1768 5789 fugerim:
1797 5733 1829 5774 α
1861 5734 1959 5774 me.

437 5828 457 5863 ⁸
480 5828 555 5882 ste
574 5830 650 5881 Et".
676 5828 728 5881 ει
741 5826 846 5880 MSS.
873 5824 930 5883 At
949 5832 1079 5892 Lov.,
1104 5824 1310 5881 humilis.

1581 358 1637 416 S.
1680 353 2049 418 AUGUSTINI
2088 354 2391 414 EPESCOPI

3562 355 3679 419 ω
3696 430 3701 437 .

2090 473 2471 546 Ignosccndum
2495 482 2636 532 esset
2654 475 2699 531 si
2725 472 2869 533 foras
2890 473 3148 550 fugissent
3176 489 3208 531 a
3234 488 3323 531 me
3346 472 3438 549 qui
3464 488 3572 531 non
3590 474 3680 531 vi.

2088 519 2284 622 ili-haut
2313 582 2397 622 me
2428 584 2441 621 :
2474 564 2634 623 etiam
2661 564 2751 638 qui
2778 519 3027 623 videbtint
3052 582 3160 633 me,
3190 519 3625 637 foras‘fugerunt
3651 519 3734 643 ar

2087 674 2194 713 me.
2210 656 2314 713 Sed
2332 657 2377 713 si
2406 654 2495 729 qui
2522 674 2606 714 me
2626 674 2731 713 non
2751 650 3021 727 videbant,
3048 646 3193 716 foras
3219 655 3470 730 fugerunt
3506 672 3537 713 a
3590 652 3706 712 me

2088 752 2216 821 (nec
2233 742 2515 808 dicendum
2533 762 2634 819 est,
2659 753 2799 809 foras
2815 746 3095 825 fugerunt;
3121 753 3241 825 quia
3265 752 3406 808 intus
3427 769 3533 807 non
3565 752 3686 808 fue-
3708 814 3711 817 _

2086 854 2210 899 runt
2242 861 2255 898 :
2289 844 2334 899 si
2380 845 2520 901 intus
2548 844 2688 899 etaim
2725 843 2971 910 fuissent,
2998 834 3260 900 vidissent
3283 860 3371 901 me
3396 885 3410 911 ,
3444 829 3498 900 id
3547 846 3638 900 est
3668 886 3685 910 ,

2086 935 2458 1005 cognovissent
2500 942 2695 1006 Corpus
2750 926 2971 1005 Christi,
3012 937 3387 1007 cognovissent
3437 928 3687 991 membra

2086 1027 2306 1095 Christi,
2330 1030 2701 1100 cognovissent
2732 1026 2984 1085 unitatem
3013 1020 3230 1102 Christi)
3256 1046 3268 1081 :
3292 1018 3422 1085 illud
3451 1036 3539 1086 est
3565 1032 3690 1083 ina—

2085 1121 2166 1191 gis
2192 1120 2544 1193 gemendum,
2578 1110 2707 1178 illud
2739 1123 2957 1178 omnino
2987 1110 3337 1188 intolerabile,
3375 1121 3497 1194 quia
3528 1108 3692 1177 multi

2086 1213 2177 1283 qui
2214 1200 2459 1271 viderunt
2505 1231 2612 1284 me,
2647 1214 2790 1271 foras
2837 1214 3087 1287 fugerunt
3118 1233 3147 1271 a
3197 1233 3304 1282 me,
3337 1216 3389 1272 id
3418 1210 3540 1285 est,
3596 1208 3693 1289 qui

2086 1314 2451 1377 cognoverunt
2491 1300 2617 1378 quid
2656 1316 2801 1363 esset
2844 1297 3085 1365 Ecclesia
3107 1344 3124 1377 ,
3155 1298 3405 1365 exierunt
3431 1308 3608 1374 foras,
3638 1318 3696 1365 ct

2085 1396 2322 1455 hmreses
2337 1410 2391 1455 et
2408 1398 2695 1456 schismata
2710 1409 2895 1455 contra
2914 1399 3206 1457 Ecclesiam
3230 1402 3489 1457 fecerunt.
3509 1386 3697 1458 Hodie

2087 1489 2355 1546 hominem
2381 1491 2607 1557 invenis,
2628 1493 2773 1548 verbi
2795 1494 2985 1564 gratia,
3010 1503 3193 1549 natum
3214 1493 3264 1549 in
3284 1503 3431 1564 parte
3457 1480 3688 1556 Donati.

2086 1582 2258 1637 nescit
2282 1580 2409 1652 quid
2448 1583 2517 1638 sit
2547 1582 2805 1647 Ecclesia,
2835 1584 2926 1638 ubi
2966 1591 3121 1638 natus
3150 1595 3232 1639 est
3259 1592 3402 1639 tenet
3430 1602 3443 1639 :
3468 1598 3588 1639 non
3613 1582 3696 1641 illi

2086 1672 2269 1729 ofellis
2295 1666 2732 1729 consuetudinem
2764 1689 2921 1744 quam
2949 1674 3092 1729 suxit
3114 1689 3235 1730 cum
3267 1672 3403 1730 lacte
3432 1664 3692 1732 nutricis.

2086 1762 2241 1818 Illum
2265 1804 2281 1831 ,
2322 1762 2467 1818 illum
2504 1762 2569 1820 da
2595 1763 2683 1835 qui
2728 1763 2959 1820 volvitur
2994 1760 3231 1835 quotidie
3262 1764 3313 1818 in
3345 1754 3650 1835 Scripturis
3676 1806 3695 1832 ,

2086 1854 2177 1923 qui
2220 1853 2367 1925 legit,
2394 1842 2483 1925 qui
2514 1842 2767 1925 praidicat
2795 1872 2809 1909 :
2844 1839 2987 1910 itane
3015 1844 3230 1912 tandem
3262 1872 3369 1911 non
3396 1846 3467 1913 ibi
3496 1850 3692 1927 videt,

2086 1942 2307 2001 Postulo
2332 1961 2365 1999 α
2392 1961 2489 2012 me,
2513 1955 2558 1999 et
2580 1945 2710 2001 dabo
2734 1934 2819 2000 tibi
2844 1930 3026 2002 Gentes
3057 1946 3401 2003 Itwrcditatem
3436 1952 3613 2019 (itam,
3646 1959 3695 2004 et

2087 2026 2449 2109 possessionem
2477 2047 2619 2094 tuam
2642 2038 2882 2095 terminos
2906 2046 3053 2094 terra:
3076 2024 3247 2111 (Psal.
3271 2050 3327 2105 n‘,
3353 2030 3448 2111 8)?
3476 2056 3594 2096 non
3620 2028 3697 2100 ibi

2090 2128 2255 2196 videt,
2279 2118 2833 2199 Commemorabuntur,
2865 2140 2913 2187 et
2933 2141 3281 2188 convertentur
3305 2133 3373 2187 ad
3400 2124 3697 2191 Dominum

2087 2222 2307 2277 universi
2327 2222 2453 2291 ﬁnes
2474 2231 2641 2290 terras,
2674 2232 2722 2278 et
2746 2210 3031 2278 odorabunt
3052 2223 3106 2278 in
3133 2234 3401 2295 conspectu
3427 2226 3543 2297 ejus
3574 2215 3697 2283 uni-

2087 2328 2243 2369 verste
2263 2314 2444 2385 patria:
2463 2302 2685 2386 gentium
2717 2298 2890 2388 (Psul.
2922 2312 3034 2381 ist,
3062 2306 3154 2387 28)
3179 2314 3203 2371 ?
3227 2316 3283 2375 Si
3310 2302 3460 2375 vides
3490 2306 3573 2375 ibi
3613 2330 3698 2380 to-

2087 2405 2192 2461 tius
2216 2405 2364 2462 orbis
2393 2407 2669 2475 unitatcm,
2710 2407 2836 2479 quid
2868 2406 3013 2465 foras
3043 2394 3209 2480 fugis,
3254 2419 3312 2465 ut
3354 2426 3468 2468 non
3503 2412 3692 2471 solum

2087 2497 2201 2568 ipse
2226 2498 2465 2568 patiaris,
2487 2514 2672 2555 verum
2702 2508 2756 2555 et
2778 2499 2898 2556 aliis
2918 2499 3081 2556 iacias
3105 2501 3442 2558 caecitatem?
3474 2502 3585 2573 Qui
3611 2507 3692 2561 vi-

2087 2587 2267 2643 debant
2293 2604 2391 2655 me,
2421 2580 2472 2644 id
2500 2599 2582 2645 est
2600 2630 2614 2654 ,
2643 2589 2732 2661 qui
2760 2599 3016 2645 noverant
3049 2591 3176 2663 quid
3206 2592 3276 2648 sit
3307 2591 3576 2663 Ecclesia,
3601 2584 3693 2667 qui

2086 2694 2205 2736 eam
2245 2680 2620 2752 in‘Scripturis
2648 2680 3006 2749 intuebantur,
3051 2672 3190 2756 foras
3227 2688 3466 2757 fugerat"
3500 2703 3536 2741 a
3589 2704 3689 2744 ms.

2087 2772 2293 2830 Putatis
2318 2774 2483 2842 enim,
2514 2773 2707 2831 fratres
2727 2776 2853 2842 mei,
2876 2776 2998 2847 quia
3021 2776 3097 2832 illi
3122 2791 3310 2834 onmes
3329 2780 3418 2850 qui
3440 2779 3694 2838 fecerunt

2086 2866 2320 2924 haereses
2345 2882 2441 2939 per
2469 2869 2582 2924 loca
2610 2878 2664 2924 et
2686 2877 2883 2940 partes,
2914 2885 3021 2925 non
3050 2880 3308 2928 noverant
3337 2873 3393 2928 in
3435 2872 3693 2945 Scriptu-

2084 2959 2161 3017 ris
2198 2960 2313 3027 Dei,
2352 2960 2474 3032 quia
2520 2960 2763 3016 Ecclesia
2802 2977 2907 3017 non
2949 2971 3031 3018 est
3060 2963 3311 3034 praedicta
3344 2967 3387 3033 ¹,
3427 2966 3540 3024 nisi
3577 2975 3690 3025 toto

2086 3061 2346 3107 terrarum
2378 3051 2507 3107 orbe
2543 3051 2779 3107 ditl‘usa?
2806 3051 2945 3109 Vere
2970 3053 3092 3111 dico
3131 3054 3392 3112 Charitati
3427 3056 3642 3116 Vestrae
3670 3078 3686 3116 :

2083 3140 2241 3198 Certe
2287 3156 2476 3198 omnes
2503 3141 2778 3197 christiani
2825 3157 3042 3211 sumus,
3074 3146 3158 3202 vel
3185 3147 3465 3205 christiani
3494 3166 3689 3209 omnes

2083 3235 2334 3304 dicimur,
2364 3245 2417 3291 et
2435 3227 2622 3292 omnes
2642 3235 2840 3292 Christi
2867 3237 3022 3309 signo
3046 3238 3320 3311 signamur
3346 3258 3359 3296 :
3388 3240 3683 3301 obscurius

2083 3328 2334 3385 dixerunt
2373 3318 2656 3398 Propheta:
2684 3328 2751 3384 de
2778 3328 3022 3396 Christo,
3068 3346 3229 3401 quam
3276 3316 3345 3388 de
3387 3316 3686 3402 Ecclesia;

2082 3427 2214 3489 puto
2243 3426 2525 3489 propterea
2555 3420 2679 3488 quia
2710 3418 2960 3476 videbant
2985 3419 3039 3476 in
3068 3420 3270 3490 Spiritu
3300 3461 3315 3487 ,
3358 3431 3554 3480 contra
3582 3424 3685 3482 Ec~

2082 3511 2298 3567 clesiam
2321 3509 2567 3567 homines
2597 3510 2831 3568 facturos
2859 3526 2978 3569 esse
3005 3500 3310 3583 particulas,
3345 3523 3401 3569 et
3425 3514 3498 3572 do
3529 3516 3685 3574 Chri-

2082 3610 2166 3658 sto
2190 3618 2295 3657 non
2319 3610 2518 3658 tantam
2551 3601 2700 3659 litem
2727 3601 3026 3672 habituros,
3066 3603 3134 3661 de
3172 3604 3414 3684 Ecclesia
3454 3623 3682 3682 magnas

2080 3695 2452 3752 contentiones
2501 3697 2848 3754 excitaturus.
2893 3696 3018 3755 ideo
3067 3698 3203 3755 illud
3259 3699 3400 3758 unde
3440 3703 3680 3775 majores

2081 3786 2201 3843 lites
2223 3786 2413 3843 futurae
2432 3797 2601 3854 erant,
2635 3787 2843 3859 planius
2869 3787 3180 3859 prmdictum
3208 3798 3263 3845 et
3282 3793 3527 3861 apertius
3556 3810 3679 3866 pro-

2078 3880 2351 3952 phetatum
2379 3887 2481 3948 est,
2511 3888 2569 3936 ut
2591 3880 2657 3937 ad
2679 3880 2935 3953 judicium
2964 3880 3070 3938 illis
3091 3872 3266 3939 valeat
3285 3883 3373 3954 qui
3397 3884 3672 3956 viderunt,

2080 3982 2133 4030 et
2163 3973 2304 4030 foras
2334 3972 2597 4044 ingemat.

2153 4066 2209 4122 9.
2233 4065 2479 4137 Exempli
2507 4065 2678 4136 gratia
2706 4080 2866 4121 unum
2896 4067 3351 4124 commemorabo.
3398 4069 3676 4128 Abraham

2078 4169 2231 4231 pater
2249 4167 2433 4216 noster
2452 4159 2571 4226 fuit,
2595 4176 2701 4215 non
2731 4168 2952 4231 propter
2971 4160 3318 4231 propaginem
3342 4163 3551 4233 carnis,
3576 4164 3674 4221 sed

2077 4261 2297 4323 propter
2322 4251 2671 4307 imitationem
2702 4250 2824 4307 tidei
2857 4268 2871 4305 :
2897 4250 3075 4322 justus
3092 4258 3150 4308 et
3168 4253 3383 4323 placens
3406 4254 3544 4327 Deo,
3578 4272 3671 4327 per

2080 4344 2238 4400 ﬁdem
2287 4346 2522 4415 suscepit
2566 4345 2733 4401 lillum
2777 4345 2877 4401 sibi
2920 4347 3236 4416 promissqu
3265 4346 3414 4406 Isaac
3436 4351 3509 4407 de
3541 4352 3671 4408 Sara

2077 4436 2244 4491 sterili
2282 4452 2449 4493 uxore
2484 4451 2578 4491 sua
2616 4438 2669 4491 in
2716 4445 2993 4493 senectute
3041 4453 3136 4493 sua
3182 4436 3337 4509 (Gen.
3389 4457 3505 4510 uxr,
3562 4443 3667 4514 2):

2070 4526 2254 4596 jussus
2280 4534 2364 4582 est
2389 4526 2667 4582 immolare
2691 4527 2803 4582 Deo
2827 4526 3073 4583 eumdem
3118 4529 3305 4596 lilium,
3327 4546 3428 4586 nec
3453 4532 3669 4590 dubita-

2074 4619 2168 4682 vit,
2209 4633 2307 4674 nec
2333 4614 2666 4689 disceptavit,
2702 4634 2802 4675 nec
2838 4618 2905 4675 de
2928 4619 3081 4689 jussu
3111 4621 3202 4677 Dei
3227 4623 3534 4692 disputavit,
3570 4643 3668 4684 nec

2076 4711 2277 4767 malum
2306 4713 2510 4782 putavit
2532 4712 2673 4783 quod
2699 4711 2889 4782 jubere
2912 4714 3149 4783 optimus
3186 4716 3390 4783 potuit;
3425 4716 3578 4773 duxit
3607 4719 3667 4773 ti-

2074 4800 2202 4859 lium
2227 4814 2378 4859 suum
2406 4803 2471 4858 ad
2499 4802 2901 4872 immolandum,
2941 4804 3193 4874 imposuit
3214 4806 3262 4860 ei
3285 4806 3423 4877 ligna
3461 4809 3659 4864 sarriti-

2075 4895 2164 4962 cii,
2198 4895 2439 4965 pervenit
2454 4896 2521 4951 ad
2547 4896 2745 4962 locum,
2772 4896 2944 4954 erexit
2964 4896 3236 4953 dexteram
3264 4908 3320 4954 ut
3342 4910 3659 4968 percuteret,

2074 5002 2140 5043 eo
2170 4987 2490 5057 prohibente
2515 4987 2783 5060 deposuit,
2822 5002 2929 5059 quo
2971 4988 3191 5058 jubento
3234 4991 3504 5047 let-averet
3543 4992 3655 5061 (1d.

2076 5088 2210 5146 χχιι,
2241 5080 2329 5150 ὅ);
2358 5081 2445 5150 qui
2475 5078 2939 5150 ebtemperavcrat
2965 5091 3022 5135 ut
3048 5080 3253 5148 feriret,
3274 5082 3659 5153 obtemperavit

2074 5184 2131 5227 ut
2159 5181 2433 5242 parceret;
2469 5172 2663 5244 ubique
2704 5172 2997 5242 obediens,
3028 5190 3284 5246 nusquam
3314 5176 3529 5233 timidus
3555 5194 3569 5231 :
3600 5188 3657 5234 ut

2073 5275 2249 5319 tamen
2282 5265 2595 5336 impleretur
2634 5265 2990 5335 sacrificium,
3034 5277 3087 5323 et
3122 5270 3239 5325 sine
3266 5272 3522 5342 sanguine
3550 5287 3654 5327 non

2071 5357 2457 5423 discederetur,
2488 5359 2732 5416 inventus
2757 5370 2844 5417 est
2865 5352 3005 5417 aries
3027 5360 3241 5420 inurens
3271 5367 3321 5420 in
3347 5382 3508 5438 vepre
3532 5383 3650 5423 cor-

2074 5444 2252 5515 nibus,
2284 5448 2397 5521 ipse
2427 5450 2729 5507 immolatus
2766 5460 2868 5517 est,
2908 5464 3177 5522 peractum
3207 5466 3285 5510 est
3313 5456 3644 5514 Sacriﬁcium.

2071 5534 2265 5607 Qpaere
2283 5536 2409 5610 quid
2437 5540 2537 5596 sit:
2563 5540 2731 5612 ﬁgura
2760 5536 2843 5597 est
2867 5532 3062 5599 Christi
3089 5542 3321 5602 involuta
3347 5562 3645 5605 sacramen-

2073 5632 2159 5685 tis.
2207 5629 2445 5703 Denique
2487 5636 2544 5687 ut
2569 5633 2810 5689 videatur
2836 5633 3118 5691 discutitur
3138 5678 3154 5705 ,
3183 5644 3239 5692 ut
3265 5638 3509 5699 videatur
3534 5652 3646 5713 per-

2072 5731 2361 5791 tractatur,
2415 5732 2473 5779 ut
2515 5724 2657 5796 quod
2708 5716 3004 5783 involutum
3039 5726 3122 5785 est
3157 5722 3452 5791 evolvatur.
3508 5726 3643 5792 lsass

2136 5830 2152 5866 ί
2178 5828 2614 5925 ωδηριοωτίίεαζα.
2632 5842 2742 5895 ttss.
2763 5834 2997 5913 nonnulli,
3019 5841 3273 5907 prodicta.
