3950 6400
525 339 631 398 247

525 471 619 512 eos
664 454 976 526 signiﬁcavit
1018 454 1104 523 qui
1161 449 1402 505 videntur
1455 446 1519 502 ad
1571 455 1769 501 sortem
1829 442 2111 514 pervenire

525 558 852 603 sanctorum.
885 545 1057 598 Gratia
1077 542 1202 595 salvi
1223 541 1346 608 [acti
1373 540 1491 594 estis
1518 554 1606 608 per
1625 537 1810 605 ﬁdem,
1851 535 1926 589 ait
1975 548 2110 604 apo-

521 640 695 694 stolns
719 639 940 701 Paulus,
975 634 1150 688 Gratia
1165 633 1294 687 salvi
1313 632 1439 704 facti
1457 631 1574 685 estis
1600 645 1688 700 per
1712 629 1865 697 ﬁdem
1885 667 1900 690 ,
1941 636 1987 681 et
2015 627 2110 680 hoc

530 744 634 783 non
654 745 715 783 ex
740 729 872 782 vobis
894 728 910 792 (
933 726 1050 779 vide
1095 721 1353 794 sortem),
1382 732 1429 775 et
1480 721 1573 774 hoc
1601 736 1700 774 non
1739 735 1802 774 ea:
1818 718 1984 782 vobis;
2021 719 2109 770 sed

528 821 628 875 Dei
648 821 830 874 donum
853 829 944 872 est.
981 817 1099 871 Non
1121 832 1184 871 ea:
1203 816 1434 886 operibus
1456 814 1626 885 (quasi
1653 827 1747 868 vos
1779 809 2108 867 benefeceri-

522 911 590 966 tis
611 953 625 976 ,
650 921 705 963 ut
727 910 789 964 ad
811 910 908 962 hoc
933 909 1187 963 accedere
1206 907 1349 978 digni
1375 904 1609 974 essetis),
1633 918 1732 958 non
1754 919 1816 958 ex
1835 903 2068 974 operibus
2087 944 2104 970 ,

519 1019 584 1056 ne
611 1001 741 1071 forte
768 1002 878 1070 quis
900 1002 1190 1054 extollatur.
1223 997 1396 1070 Ipsius
1421 999 1551 1052 enim
1571 1013 1745 1051 sumus
1772 996 2068 1066 ﬁgmentum
2088 1035 2104 1059 ,

517 1094 673 1146 creati
700 1093 754 1145 in
777 1091 976 1146 Christo
997 1091 1121 1145 Jesu
1143 1093 1194 1144 in
1215 1089 1448 1160 aperibus
1478 1089 1618 1143 bonis
1671 1086 1886 1158 (Epltes.
1933 1101 1968 1140 ιι
1993 1127 2008 1151 ,
2040 1085 2105 1141 8-

519 1183 636 1251 10).
660 1182 782 1237 Haec
808 1182 1034 1252 quodam
1063 1181 1219 1236 ntodo
1241 1195 1357 1236 sors
1383 1179 1593 1235 occulta
1609 1186 1691 1233 est
1711 1177 1952 1232 voluntas
1979 1176 2101 1242 Dei;

517 1275 571 1329 in
621 1273 856 1329 humano
884 1289 1081 1343 genere
1107 1289 1224 1329 sors
1256 1284 1340 1329 est
1362 1313 1376 1337 ,
1408 1287 1525 1327 sors
1546 1272 1768 1326 veniens
1797 1270 1866 1325 de
1893 1269 1987 1325 Dei
2013 1283 2106 1323 oc-

517 1366 660 1420 culta
683 1365 954 1420 voluntate
974 1407 987 1430 ,
1019 1365 1156 1436 apud
1187 1380 1342 1435 quem
1382 1379 1487 1419 non
1525 1373 1608 1419 est
1644 1364 1894 1435 iniquitas
1923 1361 2098 1435 (Rom.

516 1471 573 1511 ιχ
603 1499 616 1521 ,
650 1458 739 1527 14)
773 1474 787 1512 :
818 1472 921 1511 non
951 1457 1092 1512 enim
1123 1458 1211 1513 ille
1239 1471 1493 1528 personas
1521 1456 1745 1527 accipit,
1774 1453 1868 1511 sed
1894 1455 2101 1510 occulta

519 1547 664 1602 illius
689 1548 892 1616 justitia
925 1549 1014 1603 tibi
1035 1564 1152 1604 sors
1179 1559 1282 1604 est.

591 1637 680 1692 Μ.
710 1639 962 1692 Attendat
992 1640 1169 1710 itaque
1221 1640 1463 1699 Charitas
1508 1639 1728 1705 Vestra,
1778 1637 1955 1694 videte
2000 1638 2101 1694 hoc

516 1728 691 1797 ipsum
737 1729 1182 1798 quemadmodum
1224 1730 1466 1784 ﬁrmetur
1506 1729 1574 1784 ab
1617 1730 1860 1798 apostolo
1919 1729 2098 1784 Petro.

515 1818 648 1874 Cum
675 1819 854 1876 Simott
885 1822 974 1876 ille
999 1837 1182 1892 magus
1211 1823 1504 1892 baptizatus
1529 1837 1556 1876 a
1588 1822 1833 1892 Philippo
1859 1822 2102 1878 adhmre-

513 1917 598 1962 ret
628 1909 674 1963 ei
701 1951 716 1970 .
741 1909 968 1965 credens
995 1913 1262 1966 miraculis
1293 1913 1486 1966 divinis
1525 1912 1675 1968 laetis
1711 1913 1762 1968 in
1811 1924 2100 1982 conspectu

511 2013 644 2064 suo;
679 2011 938 2056 venerunt
966 2002 1205 2071 Apostoli
1233 2001 1298 2056 ad
1329 2001 1620 2057 Samariam
1645 2043 1661 2066 ,
1693 2001 1780 2057 ubi
1802 2003 2102 2060 crediderat

512 2093 674 2146 etiam
701 2103 754 2146 et
781 2094 892 2162 ipse
923 2108 1106 2163 magus
1131 2133 1144 2160 ,
1178 2102 1232 2147 et
1259 2094 1345 2147 ubi
1379 2093 1474 2148 l'uit
1497 2095 1820 2163 baptizatus,
1850 2103 1902 2149 et
1928 2095 2098 2164 impo-

511 2192 741 2238 suerunt
763 2185 1004 2252 Apostoli
1035 2199 1222 2238 manus
1245 2184 1551 2240 hominibus
1573 2185 1887 2255 baptizatis,
1920 2195 1975 2242 et
2005 2201 2099 2242 ac-

509 2283 769 2343 ceperunt
795 2273 1048 2343 Spiritum
1077 2285 1318 2330 sanctum
1338 2317 1354 2341 ,
1384 2284 1437 2330 et
1474 2285 1755 2346 coeperunt
1798 2277 1992 2348 linguis
2021 2279 2098 2334 lo-

509 2363 621 2431 qui.
652 2361 959 2417 Admiratus
981 2373 1062 2417 est
1092 2364 1178 2419 ille
1198 2406 1213 2429 ,
1246 2373 1300 2419 et
1314 2364 1710 2434 obstupefactus
1740 2374 1886 2420 tanto
1916 2367 2098 2422 divino

509 2453 785 2516 miraculo,
814 2454 952 2524 quod
971 2455 1035 2509 ad
1059 2455 1448 2524 impositionem
1472 2456 1824 2512 humanarum
1842 2474 2096 2515 manuum

510 2547 656 2601 venit
680 2546 909 2618 Spiritus
936 2559 1182 2616 sanctus,
1208 2557 1261 2604 ct
1282 2549 1520 2620 implevit
1547 2550 1827 2616 homines;
1856 2561 1912 2608 et
1948 2552 2096 2609 desi-

507 2635 716 2693 deravit
757 2639 947 2705 istam,
1005 2655 1110 2696 non
1161 2641 1428 2712 gratiam,
1477 2642 1571 2697 sed
1609 2645 1938 2714 potentiam;
1990 2660 2097 2700 non

508 2728 652 2785 unde
679 2729 998 2785 liberaretur
1018 2772 1031 2795 ,
1064 2731 1158 2787 sed
1188 2733 1329 2787 unde
1359 2733 1710 2790 extolleretur
1737 2753 1751 2789 :
1781 2745 1836 2791 at
1862 2735 1952 2792 ubi
1995 2736 2094 2792 de-

507 2819 764 2875 sideravit
785 2821 913 2885 ltoc,
947 2831 1001 2876 et
1021 2823 1257 2893 implevit
1284 2825 1528 2894 superbia
1549 2841 1644 2882 cor
1663 2826 1800 2897 ejus,
1824 2837 1880 2884 et
1901 2828 2092 2884 diabo-

505 2908 605 2964 lica
629 2911 873 2981 impietas
899 2921 953 2966 et
979 2913 1244 2968 ee'situdo
1286 2913 1584 2986 dejicienda
1608 2957 1623 2982 ,
1667 2917 1740 2972 ait
1773 2919 2042 2989 Apostolis
2075 2939 2091 2974 :

505 3000 771 3069 Quantam
819 3003 979 3057 vultis
1020 3005 1299 3074 pecuniam
1330 3020 1361 3060 a
1392 3021 1478 3061 me
1523 3007 1798 3078 accipere,
1827 3018 1885 3064 ut
1928 3019 1984 3066 et
2025 3011 2092 3066 ad

503 3108 747 3149 mearum
792 3095 1184 3164 impositionem
1236 3113 1491 3156 manuum
1539 3100 1804 3169 accipiant
1848 3100 2093 3159 homines

506 3183 764 3255 Spiritum
795 3189 1076 3243 sanctum?
1105 3189 1204 3256 Qui
1249 3191 1524 3261 quatrebat
1550 3192 1822 3248 saecularia
1843 3235 1860 3261 ,
1907 3194 1998 3265 qtti
2037 3195 2092 3251 in

507 3275 734 3331 circuitu
773 3278 1080 3346 accolebat,
1111 3283 1334 3351 pecunia
1378 3285 1583 3354 putavit
1626 3300 1785 3355 posse
1824 3300 1884 3342 se
1910 3302 2093 3344 emere

503 3363 704 3422 donum
738 3367 851 3422 Dei.
883 3368 980 3435 Qui
1009 3385 1067 3425 se
1100 3374 1304 3440 putavit
1336 3375 1560 3442 pecunia
1595 3390 1908 3445 comparare
1926 3376 2095 3446 Spiri-

505 3467 618 3512 tum
643 3468 880 3514 sanctum
903 3503 918 3525 ,
950 3463 1109 3516 etiam
1137 3463 1425 3533 Apostolus
1449 3479 1640 3521 avaros
1668 3466 1958 3523 arbitratus
1984 3479 2090 3536 est,

501 3547 642 3602 sicut
665 3562 780 3604 erat
810 3551 922 3620 ipse
951 3552 1142 3622 impius
1161 3562 1217 3608 et
1241 3555 1522 3625 superbus.
1553 3553 1817 3612 Continuo
1850 3557 2042 3614 Petrus
2072 3579 2086 3616 :

503 3638 738 3696 Pecunia
768 3651 884 3707 tua,
915 3645 1116 3714 inquit,
1159 3655 1322 3700 tecum
1358 3647 1424 3701 sit
1465 3647 1519 3702 in
1563 3648 1928 3718 perditionem,
1971 3653 2093 3722 quia

501 3732 801 3786 existimasti
819 3733 1006 3787 donum
1037 3734 1134 3790 Dei
1153 3738 1365 3807 pecunia
1396 3741 1703 3808 comparari.
1743 3737 1863 3794 Non
1898 3751 1970 3796 est
2003 3743 2093 3797 tibi

419 3899 422 3902 ἢ
502 3842 615 3882 sors
636 3845 793 3897 neque
813 3847 931 3900 pars
953 3832 1004 3885 in
1035 3833 1138 3901 ﬁde
1168 3835 1264 3886 hac
1294 3833 1428 3903 (Act.
1457 3849 1545 3890 vttt
1565 3877 1581 3902 ,
1612 3835 1804 3906 15-21)
1830 3853 1844 3902 ;
1882 3837 1933 3893 id
1963 3847 2046 3894 est
2071 3880 2086 3905 ,

500 3934 612 3975 non
651 3923 886 3990 pertines
911 3924 976 3978 ad
1015 3925 1170 3978 istam
1210 3925 1466 3995 gratiam,
1511 3942 1670 3996 quam
1709 3929 1874 3999 gratis
1903 3945 2090 3986 omnes

499 4011 792 4082 accipimus
813 4056 826 4079 ,
857 4014 977 4085 quia
1016 4015 1239 4085 pecunia
1269 4023 1319 4070 te
1348 4026 1503 4086 putas
1529 4033 1710 4075 emere
1744 4019 1884 4090 quod
1924 4022 2090 4091 gratis

499 4101 678 4159 datur.
704 4105 781 4160 Ex
804 4121 870 4160 eo
894 4116 1068 4162 autem
1097 4107 1236 4177 quod
1263 4113 1428 4178 gratis
1456 4109 1644 4177 datur,
1682 4125 1800 4167 sors
1829 4124 2086 4169 vocatur:

501 4193 627 4251 Non
653 4207 724 4250 est
746 4198 833 4250 tibi
852 4215 960 4252 sors
1000 4215 1158 4269 neque
1196 4216 1322 4270 pars
1346 4203 1399 4254 in
1421 4201 1523 4270 ﬁde
1559 4202 1673 4256 hac.
1705 4202 1806 4258 Ista
1845 4204 1990 4270 dixi,
2023 4221 2091 4261 tte

500 4278 978 4355 expavesceremus
1004 4290 1144 4360 quod
1169 4291 1272 4354 ait,
1305 4290 1369 4345 In
1396 4293 1626 4348 manibus
1645 4295 1744 4348 tuis
1766 4305 1925 4350 sortes
1945 4314 2088 4354 mete.

502 4374 632 4442 Quae
653 4387 777 4431 sunt
797 4380 938 4433 enim
964 4381 1173 4435 sortes?
1196 4381 1487 4437 [hereditas
1507 4382 1783 4439 Ecclesim.
1803 4386 2090 4460 Quousque

504 4477 590 4522 est
620 4469 898 4525 lttcreditas
928 4473 1211 4527 Ecclesiae?
1239 4473 1376 4528 inter
1399 4489 1534 4544 quos
1563 4476 1696 4530 lines
1726 4477 1780 4530 ‘?
1820 4478 1998 4550 Usque
2023 4481 2087 4536 ad

501 4573 696 4614 omnes
725 4560 856 4614 ﬁnes
886 4579 899 4613 :
927 4561 1064 4616 dabo
1088 4562 1177 4618 tibi
1207 4574 1394 4633 gentes
1422 4563 1783 4621 hmreditatcm
1833 4577 2002 4633 tuam,
2036 4580 2089 4625 et

502 4652 900 4720 posschiouem
948 4663 1088 4706 tuam
1139 4654 1272 4708 lines
1320 4664 1472 4710 terrm
1508 4654 1681 4724 (Psal.
1727 4675 1802 4724 tt,
1846 4659 1926 4731 8).
1971 4660 2088 4717 Non

505 4741 637 4798 mihi
669 4757 795 4813 ergo
823 4746 1092 4812 promittat
1119 4747 1282 4800 homo
1308 4750 1490 4803 nescio
1513 4765 1672 4820 quant
1721 4753 2035 4820 particulam
2071 4772 2085 4808 :

504 4833 649 4887 Deus
680 4851 829 4889 tuens
851 4878 864 4896 ,
900 4835 965 4889 In
987 4836 1214 4892 manibus
1242 4839 1341 4894 tuis
1359 4850 1515 4894 sortes
1539 4857 1680 4895 ntere.
1705 4842 1820 4897 Jam
1861 4844 2090 4900 sufﬁciat

503 4924 762 4981 Chai-itali
802 4926 1042 4981 Vestrae:
1089 4931 1229 4998 quod
1273 4940 1472 4996 restat,
1517 4933 1568 4988 itt
1615 4935 1832 4991 nomine
1879 4937 2084 4991 Domini

502 5018 736 5074 crastina
764 5017 850 5072 die
877 5018 991 5087 ipso
1021 5019 1302 5088 adjuvante
1333 5023 1637 5081 reddemus.

1143 5127 1311 5168 SERIO
1360 5130 1443 5180 ιιι,

578 5214 801 5256 ιωιιτυε
832 5216 1062 5257 PROXIIIA
1094 5219 1180 5258 DIE
1201 5220 1328 5260 POS'I‘
1357 5222 1682 5264 δυνειιιοιιειι
1712 5225 2012 5267 εειιιιοιηειι.

924 5293 1002 5348 De
1047 5297 1148 5364 ﬁne
1187 5297 1408 5367 ejusdem
1440 5298 1655 5355 Psalmi.

577 5385 631 5440 1.
664 5385 816 5454 Quod
843 5387 910 5441 de
935 5387 1146 5444 Psalmo
1171 5399 1370 5456 restat,
1400 5391 1539 5448 unde
1564 5392 1700 5448 duos
1739 5393 1847 5463 jam
1882 5409 2089 5450 sermo-

499 5491 601 5533 nes
618 5477 920 5539 habuimus,
947 5478 1218 5548 aliquanto
1241 5489 1325 5536 est
1343 5483 1570 5553 amplius
1593 5499 1750 5554 quam
1765 5486 1916 5540 tertia
1944 5502 2085 5556 pars,

503 5578 562 5626 et
596 5569 839 5624 videmus
878 5569 1030 5626 nobis
1073 5573 1235 5629 hodie
1264 5575 1502 5630 debitum
1545 5592 1664 5632 csse
1693 5579 2084 5648 complendum.

505 5657 663 5716 Unde
683 5668 806 5730 peto
830 5659 1154 5718 Charitatem
1185 5663 1431 5721 Vestram
1455 5709 1469 5733 ,
1493 5676 1553 5722 ut
1579 5667 1809 5725 libenter
1850 5668 2092 5727 habeatis

564 5771 582 5802 ι
609 5777 715 5819 Mss.
734 5777 846 5832 Reg.
873 5778 927 5822 et
948 5773 1114 5833 Vatia,
1131 5772 1311 5840 affines.

1699 331 1755 387 S.
1786 326 2151 389 AUGUSTINI
2192 325 2492 384 El’lSCOPl
3674 341 3760 400 εἶθ

2220 457 2318 496 nos
2347 443 2397 497 in
2428 444 2603 499 verbis
2628 445 2743 514 ejus
2772 448 3100 518 planioribus
3145 465 3252 508 non
3298 452 3562 510 immorari
3588 497 3599 519 ,
3626 467 3675 511 ut
3703 473 3754 514 ea

2218 546 2315 588 nos
2342 541 2553 588 teneant
2577 576 2591 599 ,
2621 551 2846 606 quorum
2859 550 2942 594 est
2967 543 3259 598 necessitas
3275 545 3590 613 exponendi.
3624 547 3755 606 11qu

2215 624 2356 678 enim
2387 635 2511 679 sunt
2545 627 2738 683 animis
2759 628 2998 686 ﬁdelium
3025 641 3216 704 sponte
3234 638 3583 703 occurrentia,
3615 640 3752 696 multa

2214 729 2333 784 quac
2363 714 2509 770 brevi
2538 716 2900 776 admonitione
2929 737 3064 794 opus
3096 723 3328 780 habent:
3363 727 3598 796 quaedam
3623 746 3758 798 vero,

2213 812 2269 859 et
2291 819 2351 860 ea
2375 806 2580 862 rariora
2607 849 2620 874 ,
2650 809 2844 880 quibus
2878 811 3232 875 insudandum
3258 825 3367 884 est,
3397 827 3455 873 ut
3482 821 3673 888 possint
3695 824 3760 879 iu-

2214 896 2400 968 telligi.
2428 897 2498 955 Ut
2526 916 2654 973 ergo
2683 911 2892 974 tempus
2921 905 3154 962 sufﬁciat
3182 908 3386 964 viribus
3415 918 3470 965 et
3509 915 3689 968 nostris
3720 927 3762 971 et

2212 991 2432 1058 vestris,
2468 993 2644 1050 videte
2674 1011 2830 1066 quam
2862 1006 3046 1067 aperta
3089 1007 3216 1054 sunt
3247 999 3397 1068 hzec;
3423 1010 3481 1058 et
3517 1005 3761 1062 nobiscum

2214 1082 2390 1149 potius
2415 1086 2689 1154 agnoscite
2711 1128 2726 1154 ,
2751 1097 2805 1142 et
2837 1088 2889 1142 in
2925 1087 3008 1144 his
3042 1089 3321 1146 nobiscum
3342 1090 3510 1147 Deum
3542 1091 3757 1169 laudate:

2209 1179 2265 1226 et
2294 1173 2338 1228 si
2370 1185 2488 1230 orat
2509 1175 2782 1244 Psalmus,
2813 1187 2998 1245 orate;
3027 1181 3144 1235 etsi
3168 1180 3365 1251 gemit,
3391 1181 3620 1252 gemite;
3653 1195 3700 1240 et
3726 1187 3760 1240 si

2208 1265 2536 1335 gratulatur,
2567 1269 2832 1340 gaudete;
2861 1279 2915 1327 et
2949 1273 2995 1328 si
3035 1282 3249 1343 sperat,
3288 1284 3538 1344 sperate;
3567 1285 3619 1331 et
3648 1277 3686 1331 si
3711 1277 3764 1332 ti-

2210 1365 2353 1421 met,
2386 1357 2585 1413 timete.
2616 1358 2804 1415 Omnia
2827 1362 2970 1416 enim
3009 1377 3129 1434 qua:
3173 1362 3260 1419 hic
3301 1366 3602 1435 conscripta
3623 1379 3759 1432 sum,

2207 1447 2482 1516 speculum
2507 1459 2747 1505 nostrum
2769 1461 2916 1506 sunt.

2276 1537 2332 1592 2.
2362 1535 2512 1610 [vers.
2547 1539 2659 1612 16.]
2691 1540 2829 1596 Erue
2854 1557 2934 1596 me
2956 1543 3019 1596 de
3042 1544 3274 1600 manibus
3320 1545 3634 1602 inimicorum
3659 1565 3763 1602 meo-

2205 1644 2319 1682 rum
2337 1669 2353 1695 ,
2377 1639 2422 1682 et
2441 1646 2473 1682 o
2499 1632 2910 1703 persequentibus
2943 1649 3023 1687 me
3053 1650 3073 1688 :
3102 1633 3344 1690 dicamus
3376 1635 3482 1691 hoc
3502 1678 3518 1702 ,
3546 1647 3601 1692 et
3625 1653 3764 1695 unus-

2205 1719 2428 1792 quisque
2453 1721 2521 1777 de
2542 1721 2768 1778 inimicis
2796 1722 3071 1781 suisdicat
3113 1725 3248 1792 hoc;
3280 1727 3480 1784 bonum
3505 1737 3586 1784 est
3609 1731 3760 1797 enim,

2204 1818 2261 1864 et
2283 1825 2440 1866 orare
2466 1811 2723 1868 debemus
2755 1822 2813 1868 ut
2843 1828 2940 1871 nos
2966 1815 3110 1872 Deus
3130 1827 3282 1873 eruat
3313 1818 3382 1874 de
3421 1819 3657 1876 manibus
3679 1821 3763 1877 ini-

2206 1901 2465 1957 micorum
2509 1915 2834 1960 nostrorum.
2879 1905 2985 1963 Sed
3025 1907 3356 1979 intelligendi
3390 1920 3518 1967 sunt
3556 1911 3760 1981 inimici,

2204 2009 2302 2064 pro
2323 1995 2514 2065 quibus
2541 1997 2800 2053 orandum
2825 2000 2933 2067 sit,
2957 2010 3012 2056 et
3043 2011 3229 2057 contra
3254 2017 3388 2072 quos
3409 2003 3661 2060 orandum
3689 2007 3760 2060 sit.

2203 2087 2410 2144 Inimici
2465 2091 2740 2158 homines,
2785 2093 3206 2165 qualescumque
3245 2095 3478 2161 fuerint,
3521 2112 3623 2152 non
3662 2111 3763 2155 sunt

2202 2178 2327 2235 odio
2356 2179 2620 2246 habendi;
2663 2196 2731 2237 ne
2754 2196 2876 2238 cum
2914 2184 3030 2239 odit
3056 2183 3226 2240 malus
3251 2199 3415 2256 quem
3445 2187 3638 2257 patitur
3669 2203 3760 2242 ms-

2208 2271 2319 2326 lum
2343 2315 2358 2338 ,
2395 2272 2503 2327 sint
2529 2274 2636 2330 duo
2675 2274 2822 2330 mali.
2870 2275 3062 2348 Diligat
3104 2276 3277 2334 bonus
3310 2287 3365 2333 et
3388 2293 3552 2350 quem
3595 2280 3762 2351 patitur

2205 2363 2434 2430 malum,
2459 2375 2514 2419 ut
2539 2365 2621 2422 vel
2649 2381 2787 2422 unus
2809 2368 2879 2424 sit
2898 2369 3090 2425 malus.
3117 2369 3196 2425 llli
3227 2369 3427 2426 inimici
3457 2381 3582 2427 sunt
3605 2383 3762 2430 contra

2201 2469 2335 2525 quos
2365 2457 2627 2512 orandum
2658 2469 2774 2527 est,
2800 2458 3046 2516 diabolus
3069 2471 3125 2516 et
3160 2461 3331 2533 angeli
3360 2463 3484 2532 ejus
3512 2479 3527 2518 :
3557 2463 3649 2534 ipsi
3681 2478 3760 2518 no-

2201 2545 2285 2601 bis
2313 2547 2557 2602 invident
2587 2564 2810 2618 regnum
2832 2551 3092 2606 caelorum
3118 2593 3133 2617 ,
3174 2552 3275 2621 ipsi
3307 2552 3500 2608 nolunt
3517 2561 3576 2609 ut
3601 2567 3761 2608 ascen-

2202 2634 2392 2691 damus
2428 2637 2569 2692 unde
2615 2638 2690 2692 illi
2734 2638 2928 2709 dejecti
2975 2650 3142 2697 sunt:
3173 2641 3243 2697 ab
3290 2641 3375 2698 his
3418 2657 3631 2700 oremus
3667 2645 3762 2700 erui

2201 2729 2434 2783 animam
2466 2740 2723 2785 nostram.
2746 2731 2880 2786 Nam
2906 2742 2960 2787 et
2983 2732 3198 2803 quando
3240 2733 3530 2792 adversum
3567 2749 3660 2791 nos
3681 2734 3762 2790 ho-

2198 2819 2372 2874 mines
2400 2819 2708 2887 incitantur,
2737 2836 2862 2876 vasa
2893 2822 3127 2893 ipsorum
3152 2824 3305 2880 liunt.
3341 2825 3576 2882 Proinde
3596 2825 3761 2882 Paulus

2197 2911 2470 2980 apostolus
2497 2911 2792 2967 admonens
2814 2929 2912 2969 nos
2952 2929 3116 2986 quam
3141 2918 3283 2972 cauti
3308 2931 3435 2974 esse
3463 2927 3644 2974 contra
3678 2918 3760 2973 ini-

2198 3001 2368 3057 micos
2420 3001 2744 3070 debeamus,
2805 3006 2880 3060 ait
2925 3007 3095 3062 servis
3141 3007 3232 3063 Dei
3271 3008 3362 3079 qui
3407 3007 3753 3066 tribulatione;

2197 3091 2567 3162 patiebantur,
2627 3095 2807 3164 utique
2863 3095 3249 3164 seditionibus,
3304 3098 3755 3169 improbitatibus,

2197 3183 2492 3238 inimicitiis
2522 3183 2798 3241 hominum
2829 3205 2843 3242 :
2879 3187 3001 3243 Non
3025 3199 3097 3244 est
3126 3189 3263 3244 vobis
3287 3191 3582 3248 colluctatio
3609 3193 3759 3248 adrer-

2195 3291 2282 3328 sus
2305 3291 2507 3328 carnem
2531 3285 2578 3330 et
2601 3278 2927 3348 sanguinem,
2953 3280 3005 3336 id
3025 3291 3145 3349 est,
3179 3296 3284 3338 non
3317 3281 3581 3340 adversus
3610 3285 3758 3342 homi-

2195 3380 2291 3420 nes
2311 3406 2328 3432 ,
2355 3366 2444 3420 sed
2495 3367 2730 3424 adversus
2777 3371 3029 3442 principes
3052 3381 3100 3427 et
3150 3382 3418 3443 potestates
3475 3386 3524 3431 et
3570 3385 3755 3432 rectores

2195 3458 2373 3512 mundi
2393 3458 2608 3531 (Ep/tes.
2634 3477 2688 3516 v1
2714 3503 2729 3528 ,
2764 3462 2872 3535 12).
2905 3464 3070 3535 Cujus
3099 3466 3468 3526 mundilctnli
3497 3479 3552 3525 et
3579 3469 3756 3525 terra?

2195 3549 2368 3606 Absit.
2403 3553 2570 3622 Hujus
2609 3554 2792 3610 mundi
2828 3565 3008 3613 rector
3030 3571 3137 3613 non
3161 3568 3246 3614 est
3271 3559 3374 3616 nisi
3402 3560 3642 3618 Creator.
3669 3557 3756 3616 Sed

2195 3657 2352 3712 quem
2401 3645 2530 3700 dicit
2590 3647 2904 3703 mundum?
2950 3650 3237 3708 Amatores
3284 3653 3496 3709 mundi.
3545 3653 3756 3723 Denique

2193 3734 2340 3790 addit
2364 3777 2378 3800 ,
2401 3745 2459 3791 et
2477 3739 2695 3808 exponit
2713 3781 2728 3803 ,
2755 3739 2910 3808 Quod
2935 3740 3056 3796 dico
3092 3741 3310 3809 mundi,
3340 3747 3650 3800 tenebrarum
3673 3745 3753 3798 Ita-

2193 3839 2328 3878 rnm.
2356 3823 2589 3892 Quarum
2613 3829 2795 3899 utique
2834 3829 3175 3886 tenebrarum
3201 3873 3217 3899 ,
3249 3832 3351 3887 nisi
3394 3833 3681 3891 inﬁdelium
3708 3839 3755 3888 et

2194 3913 2524 3984 impiorum?
2552 3917 2687 3974 Nam
2716 3935 2782 3974 es
2812 3920 2990 3990 impiis
3015 3930 3070 3976 et
3106 3923 3410 3980 inﬁdelibus
3443 3940 3564 3982 curn
3601 3931 3753 3981 essent

2195 4003 2317 4060 facti
2345 4007 2413 4076 pii
2441 4017 2496 4062 et
2518 4007 2722 4077 lideles,
2742 4012 2820 4066 sic
2845 4026 2938 4067 eos
2961 4011 3248 4083 alloquitur
3283 4014 3426 4070 idem
3461 4016 3712 4087 apostolus
3736 4055 3749 4080 ,

2196 4095 2391 4153 Fuistis
2406 4101 2538 4154 enim
2557 4101 2832 4171 aliquando
2863 4105 3077 4158 tenebrat
3093 4146 3109 4169 ,
3133 4122 3266 4158 nunc
3290 4116 3458 4162 autem
3489 4109 3577 4163 lux
3592 4108 3639 4162 iu
3660 4105 3751 4160 Do-

2195 4188 2333 4242 mino
2360 4187 2468 4258 (Id.
2493 4204 2527 4244 v
2549 4231 2562 4254 ,
2591 4189 2672 4260 8).
2703 4190 2977 4248 Adversus
2997 4194 3317 4264 spiritualia,
3352 4197 3556 4267 inquit,
3587 4195 3750 4266 nequi-

2197 4278 2283 4332 tim
2305 4279 2355 4334 itt
2377 4281 2687 4338 cmlestibus
2713 4323 2728 4348 ,
2757 4281 3020 4339 adversus
3041 4283 3318 4342 diabolum
3346 4295 3400 4342 et
3425 4287 3539 4358 ejus
3559 4285 3749 4356 angelos

2195 4367 2460 4426 ditnicatis
2487 4369 2596 4443 (Id.
2622 4387 2671 4426 vt
2697 4415 2712 4437 ,
2737 4371 2827 4445 ιε)
2858 4392 2870 4428 :
2902 4373 3085 4430 hostes
3113 4384 3323 4433 vestros
3342 4391 3449 4434 non
3475 4377 3684 4441 videtis,
3707 4385 3749 4429 et

2195 4460 2424 4516 vincitis.
2451 4460 2590 4517 Erue
2622 4479 2703 4518 me
2730 4465 2792 4517 de
2829 4465 3060 4522 manibus
3088 4467 3404 4524 inimicorum
3449 4473 3747 4534 meorum;el

2194 4568 2227 4606 a
2253 4555 2656 4624 persequentibus
2676 4571 2775 4609 me.

2262 4647 2321 4701 5.
2363 4643 2512 4718 [vers.
2563 4645 2674 4720 17.]
2715 4645 2930 4703 Illustra
2985 4651 3166 4720 faciem
3215 4661 3352 4707 tuam
3389 4669 3539 4725 super
3577 4667 3748 4708 una

2195 4747 2372 4802 tuum,
2398 4735 2595 4791 salvum
2615 4755 2695 4793 me
2711 4743 2797 4810 [ac
2820 4739 2875 4793 in
2900 4749 2988 4794 tua
3013 4743 3382 4798 misericordia.
3417 4743 3662 4816 Superius
3681 4741 3746 4796 di-

2193 4827 2538 4899 cebamus(a)
2562 4870 2578 4896 ,
2608 4829 2651 4885 si
2680 4830 2924 4887 meminit
2953 4831 3217 4888 hesterna:
3237 4833 3606 4906 disputationis
3628 4832 3743 4889 Cha-

2193 4920 2326 4975 ritas
2357 4919 2583 4987 Vestra,
2615 4920 2937 4990 quicumque
2961 4923 3215 4991 all'uistis,
3252 4925 3501 4996 quoniam
3545 4925 3615 4980 illi
3646 4937 3740 4977 ma-

2194 5011 2336 5066 xime
2381 5021 2774 5081 perscquuntur
2814 5011 3109 5070 Ecclesium
3147 5016 3236 5085 qui
3271 5015 3543 5072 christiani
3586 5014 3742 5069 nolunt

2191 5101 2329 5157 bene
2353 5101 2549 5156 vivere.
2585 5102 2686 5156 Per
2710 5101 2808 5157 hos
2839 5104 2980 5158 enim
3009 5107 3362 5176 opprobrium
3403 5106 3557 5163 habet
3583 5104 3739 5160 Eccle-

2195 5195 2273 5249 sia
2293 5235 2308 5260 ,
2337 5203 2391 5249 et
2414 5193 2482 5248 ab
2502 5192 2585 5249 his
2606 5194 2911 5252 inimicitias
2936 5198 3165 5254 sustinet
3192 5219 3206 5256 :
3237 5200 3450 5272 quando
3472 5197 3736 5268 corripiun-

2197 5294 2281 5339 tur
2299 5325 2312 5349 ,
2343 5285 2556 5356 quando
2578 5285 2717 5341 male
2742 5286 2919 5344 vivere
2967 5304 3074 5345 non
3125 5292 3533 5359 permittuntur,
3558 5285 3735 5360 quando

2194 5390 2314 5430 cum
2337 5379 2414 5431 eis
2435 5375 2514 5431 vel
2547 5377 2712 5432 verbo
2737 5379 2942 5450 agitur,
2975 5379 3076 5452 ipsi
3123 5383 3259 5437 mala
3296 5384 3349 5438 in
3376 5385 3484 5440 suis
3522 5380 3737 5439 cordibus

2195 5466 2520 5523 meditantur
2541 5511 2556 5536 ,
2586 5477 2641 5524 et
2660 5471 2974 5540 erumpendi
3002 5473 3338 5530 occasionem
3367 5475 3644 5546 ratuirunt.
3669 5469 3735 5524 ln-

2197 5568 2278 5616 ter
2304 5560 2400 5615 hos
2424 5571 2509 5616 est
2530 5577 2748 5632 gemens
2778 5563 2878 5620 iste
2897 5606 2912 5629 ,
2947 5575 3002 5622 et
3044 5570 3089 5622 si
3132 5567 3379 5624 volumus
3406 5583 3498 5626 nos
3537 5577 3732 5624 sumus;

2196 5651 2446 5724 quoniam
2475 5653 2656 5723 plures
2680 5665 2802 5710 sunt
2837 5656 2971 5728 ipsi,
3004 5667 3060 5714 et
3097 5658 3235 5714 inter
3261 5660 3628 5718 multitudinem
3654 5667 3728 5707 c0-

2261 5785 2336 5850 (a)
2365 5793 2413 5835 tu
2438 5789 2677 5848 superiori
2695 5801 2944 5854 sermone,
2967 5805 3016 5843 tt.
3042 5792 3074 5843 2
3096 5800 3149 5844 et
3175 5806 3314 5858 seqq.
