3950 6410
124 373 212 430 μθ
1177 364 1575 422 ENARRATIO
1612 365 1679 422 IN
1715 366 2036 431 PSALMUM
2074 376 2243 434 XXX.

124 482 313 543 mmvix
353 489 599 550 apparent
626 477 781 547 boni,
805 487 1053 549 tanquam
1089 491 1253 549 grana
1283 478 1336 533 in
1376 493 1536 547 area,
1577 480 1645 535 de

124 576 285 649 quibus
305 583 466 627 tamen
500 570 729 641 purgatis
759 570 951 626 horrea
996 570 1246 640 replenda
1281 580 1406 626 sunt
1441 572 1648 626 Domini

104 665 304 738 ,(Matth.
327 677 412 728 ιιι,
445 661 539 727 i2;
566 660 691 715 Luc.
718 677 796 729 ιιι,
826 662 941 728 17).
976 661 1118 732 Ergo
1144 661 1282 716 inter
1309 661 1405 717 hos
1427 677 1652 733 gemens

96 746 205 821 iste
220 756 285 811 ait
307 773 318 809 :
346 752 553 808 Illustra
573 754 753 825 faciem
779 763 917 808 tuam
936 769 1089 822 super
1106 768 1301 807 servum
1323 763 1484 809 tuum.
1506 752 1651 809 Con-

97 826 237 903 ifusio
259 844 387 900 enim
429 843 669 915 quaedam
705 852 956 914 putatur,
994 858 1114 898 cum
1141 859 1328 899 omnes
1362 844 1652 900 Christiani

94 920 101 985 ί
120 940 359 1003 dicuntur,
389 944 441 991 et
477 937 566 1006 qui
610 935 746 990 bene
791 935 1008 1001 vivunt,
1040 943 1095 989 et
1126 935 1215 1005 qui
1252 935 1390 990 male
1426 936 1650 1003 vivunt,

98 1022 273 1089 omnes
296 1042 395 1084 uno
420 1027 729 1083 charactere
757 1029 1061 1098 signantur,
1083 1041 1270 1081 omnes
1286 1027 1352 1081 ad
1384 1044 1542 1082 unum
1570 1029 1652 1082 al-

99 1102 208 1188 {tare
224 1118 480 1186 accedunt,
512 1132 699 1173 omnes
726 1117 915 1173 eodem
934 1117 1196 1188 baptismo
1217 1117 1656 1184 abluuntur,om-

97 1186 195 1267 rues
211 1209 431 1266 eamdem
457 1211 750 1266 orationem
775 1209 1095 1265 dominicam
1116 1210 1392 1279 proferunt
1420 1248 1438 1275 ,
1467 1224 1654 1264 omnes

119 1301 272 1359 iisdem
301 1300 563 1373 mysteriis
600 1299 935 1355 celebrandis
966 1300 1250 1367 intersunt,
1293 1298 1516 1367 Quando
1541 1298 1653 1354 dis-

122 1400 375 1448 cernuntur
401 1392 488 1460 qui
519 1399 771 1460 gemant,
794 1398 848 1445 et
866 1405 966 1461 pro
995 1392 1012 1421 ¹
1035 1390 1227 1460 quibus
1250 1399 1516 1460 gematur,
1552 1390 1655 1445 nisi

128 1484 318 1539 illustret
342 1481 426 1537 ille
448 1482 637 1537 faciem
664 1497 813 1537 suam
842 1497 1005 1552 super
1026 1497 1241 1537 servum
1271 1482 1472 1537 suum?
1515 1481 1654 1549 Quid

117 1584 344 1642 estergo,
396 1571 610 1627 [flustra
659 1572 841 1642 [aciem
884 1581 1021 1626 tuam
1052 1588 1204 1642 super
1248 1588 1445 1626 servum
1471 1571 1653 1625 tuum?

117 1668 342 1737 Appareat
361 1664 477 1736 quia
507 1665 752 1733 pertineo
776 1663 842 1720 ad
867 1674 917 1720 te
942 1706 957 1731 ,
985 1679 1090 1719 nec
1116 1664 1196 1718 sic
1220 1663 1364 1719 dicat
1398 1673 1455 1720 et
1508 1661 1654 1719 chri~

116 1757 283 1810 stianus
310 1756 497 1827 impius
511 1756 636 1827 quia
665 1755 896 1825 pertinet
921 1754 989 1810 ad
1016 1765 1089 1816 te.
1127 1770 1195 1810 ne
1220 1756 1335 1810 sine
1372 1769 1531 1811 causa
1560 1755 1654 1810 tibi

116 1849 157 1903 in
172 1848 261 1903 alio
285 1849 477 1920 psalmo
503 1848 732 1903 dixerim
757 1866 771 1903 :
804 1847 998 1902 Judica
1017 1865 1117 1914 me,
1143 1846 1312 1915 Dens,
1349 1858 1395 1901 et
1431 1847 1656 1903 discerne

115 1955 282 1993 causam
318 1955 478 1991 meam
529 1939 593 1991 de
634 1947 778 2009 gente
820 1954 921 1991 non
950 1947 1124 1991 sancta
1163 1936 1337 2007 (Psal.
1384 1953 1487 1992 xui
1514 1979 1529 2003 ,
1575 1938 1650 2005 ‘1).

114 2029 234 2097 Quod
257 2029 319 2084 ibi
343 2028 506 2096 dixit,
534 2028 782 2083 Discerne
806 2046 1012 2083 causam
1033 2045 1233 2092 meam;
1260 2029 1361 2084 hoc
1387 2030 1517 2084 dicit
1546 2029 1653 2095 hic,

116 2119 291 2174 Illustra
315 2120 490 2191 faciem
514 2130 654 2173 tuam
696 2136 847 2189 super
866 2136 1064 2175 servum
1087 2130 1247 2173 tuum.
1276 2120 1340 2174 Et
1367 2127 1545 2175 tamen
1586 2134 1655 2175 ne

115 2222 155 2267 et
176 2212 271 2282 ipse
302 2212 603 2281 superbiat,
648 2220 703 2267 et
736 2212 887 2283 quasi
930 2226 990 2266 se
1030 2210 1328 2281 justificare
1368 2210 1609 2265 videatur
1636 2250 1652 2277 ,

114 2304 340 2375 adjuogit,
362 2305 501 2360 ctait
524 2347 539 2370 ,
570 2304 787 2359 Salvum
816 2321 895 2357 me
926 2306 1008 2375 [ac
1044 2304 1099 2356 in
1131 2313 1219 2356 tua
1256 2303 1606 2356 misericordia
1628 2319 1648 2357 :

113 2397 309 2464 hocest,
346 2412 448 2451 non
490 2398 542 2451 in
584 2412 703 2453 mea
741 2397 977 2467 justitia,
1012 2411 1119 2450 non
1156 2396 1206 2449 in
1236 2395 1371 2450 meis
1402 2394 1605 2449 meritis
1630 2436 1645 2461 ,

112 2486 186 2543 sed
204 2489 249 2543 in
270 2499 347 2543 tua
374 2490 762 2555 misericordia;
785 2504 890 2544 non
912 2488 1034 2559 quia
1057 2503 1157 2559 ego
1178 2502 1294 2541 sum
1324 2487 1535 2558 dignus,
1560 2486 1655 2541 sed

111 2581 206 2650 quia
224 2591 272 2636 tu
292 2583 593 2638 misericors
619 2598 698 2636 es.
723 2580 838 2636 Noli
871 2596 957 2636 me
978 2580 1165 2633 audire
1192 2578 1484 2633 secundum
1512 2576 1654 2647 judi-

111 2674 288 2730 ciariam
328 2675 668 2733 severitatem
693 2717 708 2741 ,
762 2673 855 2729 sed
886 2671 1183 2728 secundum
1216 2669 1657 2724 misericordissi~

110 2779 222 2820 mam
246 2766 543 2823 bonitatem.
577 2766 793 2822 Salvum
816 2782 895 2819 me
919 2769 1000 2835 [ac
1019 2764 1073 2815 in
1096 2773 1181 2815 tua
1203 2760 1571 2814 misericordia.

163 2855 207 2909 4.
231 2853 368 2928 [rem
393 2854 503 2929 18.]
535 2854 774 2921 Domine,
793 2869 893 2907 non
910 2850 1215 2922 confundor,
1242 2850 1479 2921 quoniam
1503 2847 1652 2902 inro-

110 2948 193 3000 ravi
214 2956 256 3001 te
284 2963 301 3003 :
332 2962 571 3019 magnam
604 2960 818 3002 causam
849 2945 1001 3012 dixit,
1035 2941 1155 2996 Non
1180 2940 1494 3014 confundor,
1529 2958 1656 3012 quo-

111 3038 439 3093 niaminvocabi
461 3049 526 3093 te.
562 3037 655 3092 Vis
675 3046 730 3091 ut
757 3036 1111 3092 confundatur
1144 3036 1233 3104 qui
1261 3033 1524 3089 invocavit
1562 3032 1655 3087 te?

112 3125 182 3182 Vis
202 3137 251 3183 ut
274 3129 473 3185 dicatur
497 3147 511 3183 :
543 3127 649 3185 libi
677 3126 846 3183 estde
870 3143 975 3196 quo
998 3123 1378 3197 prtesuutpsit?
1404 3125 1534 3190 Quis
1559 3138 1655 3178 au-

110 3225 193 3272 tem
228 3219 371 3275 etiam
419 3219 660 3290 ipsorum
711 3217 995 3287 impiorum
1043 3231 1151 3270 nun
1200 3216 1410 3269 invocat
1451 3215 1655 3269 Deum?

111 3306 197 3363 Nisi
218 3325 332 3380 ergo
357 3310 572 3381 praprio
601 3308 764 3363 modo
792 3308 1021 3378 quodam
1051 3307 1276 3373 diceret,
1306 3304 1543 3361 Inuocaui
1571 3316 1651 3370 te,

111 3400 180 3467 qui
202 3415 293 3455 non
316 3402 477 3473 possit
502 3400 809 3457 communis
837 3414 958 3455 esse
984 3413 1106 3455 cum
1136 3399 1334 3463 multis,
1366 3400 1512 3454 nullo
1534 3414 1653 3453 mo-

114 3488 167 3543 do
189 3490 243 3545 de
269 3492 361 3548 hac
387 3493 725 3548 invocatione
751 3500 952 3545 tantam
979 3490 1278 3545 mercedem
1299 3490 1519 3545 auderet
1544 3489 1656 3544 cxi-

114 3596 229 3649 gere.
255 3582 614 3656 llesponderct
634 3582 776 3639 enim
807 3581 879 3636 illi
913 3581 1052 3636 Deus
1070 3581 1461 3651 quodannnodo
1493 3582 1544 3635 in
1565 3595 1657 3635 co-

113 3673 338 3742 gitatione,
369 3687 421 3731 et
448 3678 656 3733 diceret
686 3692 702 3731 :
733 3674 868 3742 Quid
889 3690 919 3727 a
950 3688 1037 3729 tne
1056 3675 1191 3744 petis
1218 3684 1273 3726 ut
1301 3690 1405 3727 non
1432 3672 1658 3728 confun-

116 3763 265 3821 daris?
296 3767 503 3836 Quare?
543 3768 681 3836 Quia
724 3765 980 3821 invocasti
1029 3765 1150 3818 me?
1189 3763 1377 3819 Nonne
1422 3763 1659 3834 quotidie

116 3854 348 3926 homines,
378 3869 436 3916 ut
461 3860 719 3930 impleant
765 3857 901 3912 forte
936 3855 1193 3911 adulteria
1241 3872 1357 3926 qua:
1402 3856 1658 3926 concupi-

117 3959 253 4016 scunt,
279 3952 519 4008 invocant
541 3949 667 4007 me?
696 3964 873 4005 nonne
900 3946 1139 4019 quotidie
1166 3947 1431 4014 homines,
1459 3955 1515 4000 ut
1545 3961 1657 4000 mo-

118 4041 283 4098 riantur
314 4045 383 4099 illi
421 4061 451 4100 a
479 4045 678 4116 quibus
705 4049 1018 4113 exSpectant
1061 4038 1459 4104 hmreditatem,
1506 4038 1658 4094 invo-

118 4141 213 4187 cant
234 4134 342 4190 me?
368 4150 543 4192 nonne
568 4133 806 4206 quotidie
832 4132 1076 4187 homines
1106 4132 1194 4202 qui
1234 4129 1472 4185 fraudem
1512 4129 1659 4199 cogi-

121 4229 225 4285 tant,
248 4235 301 4281 ut
317 4241 426 4282 eam
455 4240 719 4298 prospero
742 4224 894 4279 exitu
922 4222 1243 4293 compleant,
1272 4222 1518 4275 invocant
1538 4220 1660 4276 me?

119 4311 227 4379 Quid
250 4331 369 4387 ergo
390 4326 474 4375 est
493 4316 641 4390 quod
669 4332 766 4387 pro
788 4330 972 4386 magna
1004 4312 1251 4369 mercede
1278 4312 1467 4382 exigis,
1496 4322 1552 4366 ut
1572 4312 1660 4367 di-

120 4418 191 4460 cas
216 4424 228 4459 :
266 4408 374 4465 Non
404 4410 718 4482 confundor,
738 4409 976 4480 quoniam
1007 4407 1235 4460 invocavi
1273 4415 1321 4460 te
1341 4406 1367 4459 Ρ
1413 4406 1663 4460 invocant

121 4495 295 4562 quidem
329 4499 436 4568 illi,
484 4499 583 4556 sed
630 4514 737 4555 non
780 4499 1030 4553 invocant
1074 4504 1145 4551 te.
1197 4495 1417 4551 invocas
1454 4494 1658 4562 Deum,

121 4588 296 4653 quando
314 4591 363 4646 in
386 4600 434 4647 te
457 4605 619 4648 vocas
647 4590 834 4646 Deum.
865 4589 977 4644 Hoc
999 4597 1081 4645 est
1106 4587 1247 4644 enim
1276 4588 1421 4642 illum
1450 4587 1665 4643 invoca-

123 4687 187 4741 re,
208 4678 339 4735 illum
367 4683 419 4740 in
444 4692 494 4739 te
517 4695 733 4749 vocare,
756 4681 987 4753 quodam
1024 4679 1184 4735 modo
1208 4694 1329 4735 eum
1362 4679 1414 4733 in
1443 4678 1661 4733 domum

125 4768 351 4828 cordistui
370 4776 612 4831 invitare.
638 4775 753 4831 Non
778 4782 955 4829 autem
976 4772 1201 4827 auderes
1227 4780 1430 4826 tantum
1455 4779 1661 4842 patrem

127 4856 319 4920 familias
343 4867 597 4937 invitare,
634 4868 739 4923 nisi
766 4880 954 4923 nosses
987 4866 1037 4921 ei
1078 4865 1434 4921 habitaculum
1461 4880 1666 4935 przepa-

127 4965 237 5009 rarc.
262 4955 311 5014 Si
332 4961 465 5016 enim
488 4962 584 5017 tibi
610 4961 754 5016 dicat
777 4960 919 5015 Deus
947 4976 961 5014 :
996 4958 1135 5014 Ecce
1160 4958 1413 5012 invocasli
1445 4973 1550 5023 me,
1571 4972 1663 5011 ve-

128 5044 198 5099 nio
217 5047 274 5103 ad
290 5058 356 5117 te,
372 5068 472 5123 quo
498 5053 707 5109 intrabo
723 5052 749 5105 ?
772 5051 971 5107 Tantas
990 5050 1177 5105 sordes
1202 5048 1540 5104 conscientia:
1563 5058 1666 5103 tua:

129 5140 401 5198 sustinebo?
432 5144 490 5201 Si
522 5158 733 5201 servum
764 5158 939 5198 meum
981 5142 1033 5196 in
1063 5140 1279 5196 domum
1312 5149 1454 5193 tuam
1485 5139 1667 5194 invita-

130 5241 216 5293 τες,
250 5246 411 5290 nonne
438 5236 581 5305 prius
607 5251 725 5292 eam
764 5234 1022 5290 mundare
1047 5233 1306 5290 curares?
1336 5232 1553 5288 lnvocas
1580 5247 1666 5288 me

132 5314 174 5368 in
210 5335 289 5379 eor
310 5333 445 5383 tuum
471 5371 484 5394 ,
532 5338 587 5385 et
623 5328 840 5401 plenum
869 5338 951 5383 est
992 5327 1213 5397 rapinis.
1240 5325 1357 5395 Quo
1395 5326 1668 5380 invocatur

135 5407 249 5467 Deus
269 5416 462 5485 plenum
486 5430 569 5476 est
593 5419 955 5491 blasphemiis,
983 5419 1198 5489 plenum
1239 5426 1322 5471 est
1346 5415 1619 5471 adulteriis
1643 5456 1659 5485 ,

138 5497 315 5566 Plenum
339 5518 415 5564 est
440 5510 727 5578 fraudibus,
752 5511 969 5583 plenum
996 5518 1079 5565 est
1116 5508 1268 5563 malis
1293 5507 1667 5578 concupiscen-

109 5589 232 5683 1tiis,
254 5604 303 5651 et
326 5598 532 5657 invocas
568 5606 689 5659 me!
732 5603 807 5658 De
835 5603 1027 5659 talibus
1052 5601 1282 5671 denique
1308 5598 1433 5670 quid
1461 5599 1538 5654 ait
1564 5598 1670 5653 alio

141 5680 238 5740 λθεο
260 5691 509 5757 Psalmus?
530 5696 811 5767 lbominum
839 5713 939 5752 non
964 5696 1313 5751 invocaverunt
1340 5691 1511 5767 (Psal.
1538 5707 1631 5748 χιιι
1650 5734 1665 5759 ,

196 5838 210 5868 ¹
229 5844 339 5905 llis,
359 5858 388 5894 ιι
403 5845 579 5910 ᾳιάὁω.

3238 395 3347 454 250

1758 486 1814 553 5,
1836 495 1988 556 etut,
2004 489 2084 563 6).
2105 492 2173 549 Et
2186 494 2366 567 utique
2385 497 2780 573 invocaverunt,
2805 521 2915 569 nec,
2932 515 3107 567 tamen
3134 509 3347 568 invoca-

1757 591 1969 637 verunt.
2005 584 2241 643 Breviter
2266 589 2417 652 dico.
2450 596 2697 660 quoniam
2731 608 2849 653 nata
2878 610 2960 655 est
2999 603 3256 671 quaestio,
3288 613 3346 659 ut

1762 680 1962 727 tantam
2008 677 2310 733 mercedem
2337 682 2513 752 exigat
2552 683 2709 740 homo
2735 687 2972 759 allegans
2999 706 3160 746 unum
3195 693 3346 748 meri-

1758 771 1871 819 tum
1891 806 1905 829 ,
1935 764 2161 823 dicendo
2180 809 2194 832 ,
2220 770 2337 838 quia
2368 774 2593 829 invocavi
2621 786 2703 844 te;
2729 794 2848 835 cum
2877 780 3155 839 videamus
3179 799 3210 839 a
3236 793 3344 841 tam

1759 856 1941 913 multis
1964 859 2119 914 malis
2148 860 2381 917 invocari
2413 864 2576 920 Deum
2598 907 2613 931 ,
2643 877 2763 924 nata
2789 879 2875 926 est
2899 874 3124 943 quaestio
3157 891 3171 928 :
3206 876 3347 933 unde

1761 963 1867 1005 non
1890 951 2269 1008 transeundum
2297 964 2397 1011 est.
2424 956 2551 1012 Dico
2577 974 2704 1030 ergo
2730 961 2960 1019 breviter
2988 964 3190 1022 homini
3211 982 3339 1022 ava-

1760 1054 1823 1094 ro
1847 1057 1859 1094 :
1894 1040 2110 1098 lnvocas
2142 1044 2349 1101 Deum?
2371 1046 2545 1115 Quare
2567 1050 2781 1108 invocas
2806 1055 3013 1112 Deum?
3042 1057 3109 1115 Ut
3132 1058 3224 1115 det
3253 1061 3347 1117 mi-

1760 1127 1815 1185 hi
1843 1131 2068 1187 lucrum.
2091 1133 2322 1192 Lucrum
2350 1153 2478 1210 ergo
2493 1141 2725 1208 invocas,
2751 1160 2854 1201 non
2878 1146 3063 1204 Deum.
3085 1150 3217 1219 Quia
3240 1151 3343 1209 hoc

1761 1220 1963 1277 lucrum
1994 1224 2135 1294 quod
2161 1230 2514 1299 concupiscis,
2544 1247 2650 1288 non
2681 1244 2832 1305 potes
2879 1237 3074 1296 habere
3103 1257 3197 1311 per
3224 1257 3344 1299 ser-

1759 1329 1883 1369 vum
1908 1323 2076 1384 tuum,
2108 1333 2213 1375 non
2240 1329 2393 1391 potes
2420 1323 2615 1381 habere
2643 1341 2740 1397 per
2765 1328 3014 1387 colonum
3046 1341 3211 1401 tuum,
3247 1351 3341 1405 per

1759 1405 2006 1462 clientem
2041 1417 2222 1477 tuum,
2268 1428 2366 1485 per
2410 1417 2641 1472 amicum
2694 1429 2838 1475 tuum
2864 1464 2879 1488 ,
2929 1437 3025 1494 per
3066 1427 3345 1484 satellitem

1761 1504 1908 1551 tuum
1930 1515 1943 1563 ;
1969 1499 2186 1556 invocas
2206 1502 2394 1571 Deum,
2418 1507 2720 1564 ministrum
2745 1510 2875 1566 lucri
2898 1513 2971 1567 tui
3003 1512 3134 1570 facis
3155 1515 3342 1573 Deum:

1758 1586 1912 1642 viluit
1954 1588 2049 1645 tibi
2081 1591 2240 1649 Deus.
2273 1593 2368 1650 Vis
2397 1597 2644 1655 invocare
2684 1600 2888 1657 Deum?
2930 1602 3108 1660 Gratis
3137 1606 3345 1663 invoca.

1760 1678 1963 1744 Avare,
1995 1694 2061 1736 an
2107 1698 2291 1752 parum
2323 1694 2404 1741 est
2430 1688 2562 1755 tibi,
2609 1691 2652 1744 si
2695 1699 2747 1746 te
2775 1692 2994 1762 impleat
3026 1694 3140 1766 ipse
3171 1697 3349 1753 Deus?

1760 1767 1903 1824 Deus
1926 1770 1970 1825 si
1997 1771 2062 1826 ad
2089 1781 2139 1828 te
2167 1776 2343 1830 veniat
2375 1779 2491 1834 sine
2528 1794 2660 1835 auro
2684 1792 2737 1837 et
2765 1792 3003 1857 argento,
3033 1801 3139 1842 non
3169 1789 3252 1845 vis
3280 1790 3347 1845 il-

1759 1857 1866 1912 lum
1883 1859 1908 1913 ?
1926 1860 2062 1928 Quid
2088 1878 2215 1933 ergo
2238 1866 2329 1920 tibi
2356 1867 2425 1923 de
2456 1868 2536 1924 his
2556 1886 2674 1941 qua:
2703 1871 2828 1928 fecit
2857 1875 2996 1930 Deus
3022 1877 3237 1945 sufﬁcit,
3262 1880 3348 1935 cui

1760 1949 1901 2006 Deus
1941 1952 2053 2021 ipse
2092 1969 2196 2036 non
2230 1957 2459 2013 sufficit?
2497 1961 2684 2017 Merito
2718 1978 2846 2033 ergo
2882 1977 3035 2036 rogat
3072 1968 3191 2035 iste,
3225 1969 3349 2025 Non

1759 2044 2068 2113 confundor,
2094 2026 2332 2111 quoniam
2372 2049 2598 2104 invocavi
2641 2062 2707 2107 te.
2738 2054 2985 2111 lnvocate
3027 2058 3343 2128 Dominum,

1759 2131 1992 2201 fratres,
2038 2136 2082 2191 si
2128 2152 2232 2191 non
2268 2139 2425 2195 vultis
2467 2142 2740 2198 confundi.
2784 2142 3166 2202 Confusionem
3205 2150 3348 2205 enim

1759 2224 2040 2305 quamdam
2087 2226 2235 2281 timet
2284 2229 2404 2295 iste,
2432 2231 2500 2285 dc
2528 2248 2629 2303 qua
2670 2234 2722 2288 in
2763 2237 3126 2305 superioribus
3154 2239 3348 2296 Psalmi

1760 2304 2077 2371 locutus/est
2105 2315 2203 2371 :In
2235 2328 2301 2383 te,
2340 2319 2577 2387 Domine,
2601 2325 2822 2393 speravi,
2858 2342 2959 2381 non
2986 2330 3274 2400 confundor
3294 2331 3349 2387 in

1759 2414 2020 2460 talentum.
2061 2406 2192 2463 Nam
2223 2420 2280 2463 ut
2326 2412 2504 2466 sciatis
2533 2415 2653 2483 quia
2684 2416 2838 2470 istam
2870 2417 3233 2475 confusionem
3277 2420 3347 2476 ti-

1760 2506 1900 2558 met.
1946 2497 2070 2566 quid
2106 2499 2340 2567 addidit,
2369 2518 2490 2557 cum
2521 2503 2779 2571 dixisset,
2820 2505 2942 2562 Non
2986 2510 3273 2582 confundor
3294 2512 3349 2567 in

1758 2595 2020 2652 internum,
2042 2590 2280 2658 quoniam
2302 2594 2527 2646 invocavi
2548 2603 2594 2647 te
2613 2596 2638 2648 ?
2661 2594 2974 2651 Erubescant
3001 2599 3164 2669 impii,
3193 2610 3239 2654 et
3261 2601 3351 2655 de-

1759 2675 2009 2730 ducantur
2021 2680 2338 2747 injnfernum
2360 2701 2373 2737 :
2391 2684 2521 2737 conf
2519 2685 2700 2740 usione
2714 2688 2893 2757 utique
2906 2688 2989 2743 illa
3006 2689 3055 2743 iu
3068 2700 3346 2746 aeternum.

1829 2767 1880 2822 5.
1926 2764 2077 2840 [vers.
2112 2769 2223 2843 19.]
2254 2771 2402 2825 Muta
2430 2775 2706 2844 e/ﬁciantur
2732 2777 2864 2831 labia
2898 2778 3095 2845 dolosa,
3127 2797 3241 2851 qua:
3265 2782 3346 2837 lo-

1756 2867 1980 2926 quuntur
1997 2859 2237 2913 adversus
2253 2862 2452 2933 justum
2478 2865 2810 2935 iniquitatem,
2828 2869 2881 2923 in
2910 2871 3144 2940 superbia
3167 2881 3215 2925 et
3234 2888 3347 2927 con-

1758 2956 1969 3016 tempta.
1997 2948 2180 3005 Justus
2207 2952 2305 3006 iste
2331 2952 2574 3009 Christus
2600 2967 2681 3011 est
2712 2975 2727 3011 :
2760 2960 2924 3013 multa
2949 2961 3081 3015 labia
3105 2962 3335 3033 loquun-

1759 3045 1845 3092 tur
1871 3038 2125 3096 adversus
2154 3057 2276 3096 etttn
2306 3042 2637 3114 iniquitatem
2662 3046 2713 3100 in
2743 3050 2991 3118 superbia
3021 3061 3075 3106 et
3098 3063 3343 3109 contem-

1759 3141 1873 3202 ptu.
1904 3134 2079 3201 Quare
2117 3134 2169 3189 in
2204 3136 2450 3205 superbia
2482 3147 2537 3193 ct
2564 3142 2915 3211 contemptu?
2943 3142 3077 3212 Quia
3103 3154 3344 3202 contem-

1759 3225 1955 3296 ptibilis
1984 3229 2226 3297 superbis
2249 3232 2513 3301 apparuit,
2542 3233 2630 3303 qui
2658 3243 2764 3289 tam
2789 3235 3004 3292 humilis
3032 3241 3192 3295 venit.
3224 3239 3343 3298 Non

1760 3318 1841 3373 vis
1867 3326 1929 3372 ut
1956 3330 2328 3377 contemnatur
2351 3322 2419 3378 ab
2447 3324 2525 3378 eis
2553 3325 2639 3395 qni
2664 3325 2897 3383 honores
2917 3339 3116 3396 amant,
3147 3332 3234 3386 illc
3254 3334 3345 3402 qui

1762 3419 1935 3465 tantas
1960 3415 2310 3467 contumelias
2342 3415 2580 3486 accepit?
2618 3415 2732 3472 Non
2781 3418 2861 3473 vis
2892 3430 2948 3474 ut
2973 3433 3346 3480 contemnatur

1760 3499 1934 3557 abhis
1963 3504 2050 3571 qui
2100 3518 2194 3573 pro
2237 3519 2428 3575 magno
2473 3506 2670 3563 habent
2714 3510 2870 3564 istam
2920 3512 3102 3579 vitam,
3137 3513 3225 3570 ille
3251 3518 3343 3586 qui

1760 3602 1999 3647 mortuus
2025 3594 2142 3649 est?
2170 3594 2284 3651 Non
2316 3597 2395 3652 vis
2415 3607 2471 3652 ut
2495 3609 2866 3657 contemnatur
2890 3603 2956 3659 ab
2980 3606 3058 3660 eis
3078 3606 3167 3676 qui
3194 3609 3345 3677 quasi

1761 3683 2118 3740 damnatiOnis
2160 3699 2386 3743 mortem
2425 3692 2599 3746 crucis
2619 3694 2634 3724 ¹
2667 3702 2872 3764 turpem
2904 3707 3107 3765 putant,
3140 3699 3227 3753 ille
3256 3701 3347 3771 qui

1761 3776 2048 3830 crucifixus
2074 3778 2198 3831 est?
2240 3776 2353 3833 Non
2386 3780 2467 3834 vis
2511 3790 2567 3837 ut
2593 3794 2965 3841 contemnatur
2997 3802 3025 3841 a
3067 3788 3345 3855 divitihus,

1762 3864 1851 3921 ille
1874 3866 1961 3935 qui
1992 3881 2276 3937 pauperem
2304 3870 2464 3924 vitam
2501 3874 2666 3941 gessit
2695 3874 2745 3928 in
2788 3877 2986 3931 mundo
3006 3920 3021 3943 ,
3054 3894 3173 3933 cum
3204 3890 3351 3937 esset

1762 3968 1971 4012 creator
2000 3958 2221 4012 mundi?
2250 3961 2437 4015 Omnia
2470 3963 2567 4017 ista
2590 3981 2707 4035 quas
2731 3978 2909 4021 amant
2937 3969 3200 4038 homines,
3225 3974 3349 4043 quia

1764 4049 1933 4103 noluit
1967 4050 2051 4103 illa
2084 4049 2279 4106 habere
2302 4052 2581 4120 Christus,
2612 4066 2668 4111 ut
2694 4073 2798 4112 non
2825 4057 3072 4115 habendo
3096 4064 3351 4120 ostende-

1763 4149 1849 4195 ret
1884 4142 2296 4209 contemnenda,
2338 4146 2592 4217 nonquia
2621 4147 2672 4201 in
2715 4159 2972 4217 potestate
3016 4166 3121 4207 non
3167 4153 3351 4212 habuit

1764 4234 2120 4304 possidenda;
2152 4250 2341 4292 omnes
2376 4238 2464 4307 qui
2494 4249 2675 4294 amant
2717 4240 2868 4309 haec,
2900 4253 3247 4301 contemnunt
3284 4247 3351 4302 il-

1765 4323 1896 4380 lum.
1922 4324 1988 4380 Et
2005 4326 2327 4398 quicumque
2341 4329 2567 4386 voluerit
2586 4345 2862 4388 servorum
2884 4335 2998 4405 ejus
3018 4339 3166 4408 sequi
3187 4339 3352 4395 vesti-

1764 4417 1850 4488 gia
1875 4418 2059 4489 ipsius,
2089 4428 2145 4473 ut
2169 4420 2402 4475 ambulet
2424 4429 2477 4476 et
2506 4421 2619 4492 ipse
2648 4424 2699 4477 in
2728 4438 2789 4479 ea
2818 4425 3132 4495 humilitate,
3165 4429 3217 4484 in
3249 4445 3352 4501 qua

1765 4508 1951 4564 didicit
2005 4509 2308 4566 ambulasse
2356 4511 2637 4568 Dominum
2687 4530 2864 4583 suum,
2915 4520 3273 4575 contemnitur
3297 4522 3353 4577 in

1765 4598 1982 4656 Christo
2029 4602 2181 4670 quasi
2229 4602 2529 4659 membrum
2568 4603 2765 4661 Christi
2800 4617 2893 4662 :et
2936 4623 3057 4663 cum
3103 4621 3260 4681 caput
3299 4621 3357 4669 et

1768 4693 2003 4746 membra
2027 4701 2460 4761 contemnuntur,
2485 4703 2625 4751 totus
2652 4696 2767 4767 ipse
2789 4696 3033 4754 Christus
3052 4696 3385 4767 contentnio’i

1769 4789 1877 4847 tur,
1906 4782 2027 4851 quia
2061 4791 2202 4836 totus
2224 4784 2337 4853 ipse
2358 4785 2533 4854 justus
2556 4795 2640 4841 est
2663 4797 2823 4857 caput
2846 4797 2900 4842 et
2922 4803 3137 4862 corpus.
3168 4792 3233 4847 Et
3256 4782 3381 4871 ne-é

1769 4885 1919 4927 cesse
1942 4882 2022 4927 est
2049 4881 2105 4927 ut
2129 4882 2502 4930 contemnatur
2533 4886 2672 4933 totus
2701 4879 2814 4949 ipse
2836 4879 3080 4938 Christus
3106 4899 3133 4937 a
3162 4900 3356 4955 super-

1777 4964 1860 5018 bis
1879 4975 1933 5018 et
1958 4964 2154 5033 impiis,
2192 4973 2249 5019 ut
2275 4964 2369 5019 ﬁat
2397 4965 2502 5020 illis
2527 4967 2668 5037 quod
2697 4968 2889 5025 dicitur
2920 4988 2933 5026 :
2964 4971 3111 5027 Muta
3132 4975 3357 5046 e/ﬁcian-

1772 5064 1853 5109 tur
1891 5056 2022 5109 labia
2061 5056 2272 5123 dolosa,
2313 5072 2427 5127 qua:
2469 5056 2743 5130 loquuntur
2768 5062 3005 5118 adversus
3028 5066 3225 5135 justum
3256 5068 3356 5121 ini-

1770 5150 2027 5220 quitatem,
2060 5149 2110 5203 in
2142 5150 2375 5221 superbia
2395 5159 2441 5205 et
2474 5160 2783 5224 contemptu.
2813 5154 3036 5222 Quando
3059 5158 3361 5214 efﬁcientur

1772 5250 1916 5296 muta
1946 5241 2080 5296 labia
2108 5242 2249 5297 ista?
2279 5242 2333 5297 in
2374 5242 2478 5300 hoc
2505 5245 2742 5300 smculo?
2763 5246 3059 5317 .Nunquam
3078 5250 3123 5301 ¹.
3167 5249 3359 5317 Quoti-

1773 5334 1861 5390 die
1908 5335 2141 5390 clamant
2187 5344 2372 5391 contra
2418 5336 2775 5403 Christianos,
2817 5339 3047 5393 maxime
3099 5338 3358 5407 humiles;

1775 5428 2012 5501 qttOtidie
2032 5428 2421 5499 blasphemant,
2444 5429 2678 5500 quotidie
2699 5430 2891 5484 latrant
2915 5448 2929 5485 :
2950 5440 3148 5501 augent
3164 5432 3356 5502 linguis

1778 5523 1888 5578 suis
1917 5536 2123 5593 poenas,
2150 5521 2344 5593 quibus
2367 5522 2505 5593 apud
2534 5521 2733 5578 inferos
2761 5523 2959 5591 sitiant,
2984 5534 3037 5580 et
3064 5540 3214 5596 aquae
3243 5526 3362 5582 stil-

1841 5722 1858 5752 ¹
1885 5728 2002 5775 Vox.
2023 5720 2199 5781 crucis,
2223 5736 2319 5771 non
2334 5722 2579 5781 reperitur
2600 5724 2649 5771 in
2671 5728 2777 5770 Mss.

1839 5784 1860 5813 ²
1881 5784 2021 5830 Corb.
2055 5790 2135 5833 Ms.
2170 5797 2198 5831 a
2235 5783 2448 5833 secunda
2482 5796 2625 5833 manu
2665 5783 2829 5846 habet,
2862 5798 2913 5835 ut
2945 5785 3036 5841 hoc
3078 5790 3256 5844 secqu
3286 5804 3366 5846 ns-

1779 5856 1939 5909 quam.
