3950 6420
484 300 519 312 η.
603 296 635 308 ο

40 463 211 523 adhuc
245 459 305 516 in
330 459 433 516 bac
462 466 605 516 terra
627 455 1018 530 peregrinatur.
1049 452 1479 511 Tabernaculum
1500 452 1648 511 extim

42 546 410 614 habitaculum
455 560 539 608 est
583 540 812 606 militum
840 548 895 605 in
939 535 1281 621 expeditione
1323 549 1644 620 poSitorum.

40 650 151 721 Ipsa
175 646 449 703 dicuntur
473 634 832 701 tabernacula.
857 632 1057 698 Domus
1082 656 1189 698 non
1215 649 1299 698 est
1330 642 1646 698 tabernacu-

31 741 168 797 lum.
234 728 425 808 Pugna
470 732 525 791 in
570 727 910 808 expeditione
955 729 1305 809 peregrinus;
1356 740 1418 787 ut
1465 727 1644 788 salvus

12 829 209 887 tactus
235 827 293 882 in
326 825 694 893 tabernaculo,
722 821 994 896 gloriosus
1019 818 1297 894 recipiatis
1325 823 1378 878 in
1399 821 1638 878 domum.

8 921 153 979 Erit
180 919 331 976 enim
362 918 414 973 in
440 916 582 974 caelo
609 917 803 975 demus
830 925 922 974 tua
958 922 1177 984 uterne,
1207 916 1255 970 si
1302 914 1463 971 modo
1502 915 1642 972 bene

22 1014 94 1068 in
129 1011 240 1068 hoc
268 1009 617 1066 tabernaculo
642 1009 865 1066 vixeris.
899 1008 1044 1080 Ergo
1080 1008 1136 1064 in
1166 1006 1267 1064 hoc
1295 1008 1641 1064 tabernaculo

42 1113 297 1175 protegas
332 1116 428 1159 eos
465 1117 497 1157 a
542 1101 962 1159 contradictione
991 1100 1313 1172 linguarum.
1354 1099 1635 1160 Contradi-

38 1198 167 1252 cunt
205 1184 402 1266 lingua:
431 1190 653 1262 multm;
696 1184 924 1250 diversa:
969 1188 1224 1260 haereses,
1254 1189 1465 1247 diversa
1496 1178 1641 1246 SClli-

37 1288 211 1343 smata
255 1282 583 1358 personant;
637 1274 828 1357 linguae
852 1282 1033 1341 multa:
1061 1278 1434 1339 contraditmnt
1460 1272 1639 1338 veraci

36 1378 343 1437 doctrinae:
368 1388 433 1438 tu
458 1393 620 1437 curre
653 1378 722 1435 ad
749 1374 1148 1434 tabernaculum
1193 1368 1310 1445 Dei,
1340 1366 1639 1433 Ecclesiam

33 1470 356 1530 catholicam
380 1476 527 1539 tene,
567 1486 598 1527 a
624 1464 809 1545 regula
836 1468 1076 1528 veritatis
1111 1469 1220 1526 noli
1251 1464 1550 1539 discedere,
1581 1481 1641 1527 et

28 1563 339 1637 protegeris
388 1556 443 1619 in
490 1559 831 1618 tabernaculo
881 1560 913 1617 ἐι
971 1559 1395 1619 Contradictione
1433 1560 1640 1633 lingua-

22 1669 181 1711 tum.

116 1748 168 1805 9.
196 1730 346 1822 (vers.
508 1734 812 1802 Benedictus
838 1732 1106 1811 Dominus,
1136 1744 1374 1817 quoniam
1394 1734 1639 1816 miri/ica-

18 1840 118 1896 .it
141 1834 531 1895 misericordiam
568 1855 714 1895 suam
751 1837 807 1892 in
830 1834 1030 1893 civitate
1070 1830 1478 1893 circumstantiae.
1505 1828 1637 1907 Quae

18 1942 131 1988 εει
156 1931 337 1988 civitas
358 1928 819 1987 circumstantias?
844 1927 902 1985 in
943 1943 1045 1984 una
1074 1920 1257 1984 Judma
1283 1927 1511 2000 populus
1539 1922 1636 1984 Del

22 2035 166 2081 uerat
183 2025 401 2096 positus,
423 2021 581 2097 quasi
617 2018 671 2078 in
702 2016 882 2078 medio
934 2020 1159 2089 mundo,
1194 2016 1286 2076 ubi
1323 2019 1637 2077 dicebantur

18 2116 225 2177 laudes
247 2108 377 2187 Deo,
407 2116 566 2189 eique
589 2106 850 2172 saeriliciu
873 2104 1261 2181 olierebantur,
1289 2106 1379 2169 ubi
1403 2104 1634 2185 prOpltc-

24 2212 107 2267 lia
134 2226 239 2267 non
268 2196 515 2267 cessabat
537 2204 780 2265 canendo
824 2200 1021 2271 futura,
1050 2220 1169 2279 quae
1200 2192 1362 2260 modo
1387 2196 1632 2260 videmus

32 2294 287 2374 impleri:
316 2301 417 2357 iste
446 2296 675 2371 populus
719 2288 873 2369 quasi
923 2298 977 2352 in
1005 2292 1186 2352 medio
1214 2294 1452 2366 gentium
1492 2294 1628 2350 erat.

28 2391 273 2449 Attendit
308 2380 568 2463 prepbeta
612 2380 734 2459 iste,
787 2394 841 2446 et
884 2382 1016 2444 vidit
1065 2384 1296 2443 futuram
1335 2374 1631 2442 Ecclesiam

32 2486 133 2542 Dei
164 2485 214 2541 in
232 2484 481 2542 omnibus
502 2478 749 2556 gentibus
780 2499 794 2536 :
826 2490 882 2538 et
906 2479 1030 2553 quia
1081 2493 1272 2536 omnes
1311 2482 1499 2550 gentes
1518 2472 1630 2533 eir-

31 2588 160 2632 cum
193 2566 424 2648 undique
471 2582 644 2639 erant,
688 2589 809 2645 qum
852 2571 905 2627 in
950 2566 1130 2628 medio
1170 2568 1440 2644 ponebant
1468 2580 1631 2625 unam

30 2678 238 2739 gentem
266 2652 604 2734 intimorum;
632 2665 726 2721 llas
751 2663 983 2736 undique
1009 2664 1419 2720 circumstantes
1439 2671 1629 2735 gentes

30 2752 314 2832 appellavit
334 2750 604 2815 civitatem
623 2758 1057 2815 circumstantiae.
1080 2750 1368 2812 Mirificasti
1385 2753 1627 2829 quidem,

33 2851 271 2918 Domine,
303 2838 731 2908 miseriCordiam
778 2859 921 2905 tuam
955 2848 1008 2904 in
1038 2844 1254 2905 civitate
1291 2847 1625 2916 Jerusalem;

34 2947 101 3001 ibi
131 2959 321 3017 passus
349 2953 434 3002 est
475 2931 742 3012 Christus,
786 2942 858 2999 ibi
902 2935 1220 3009 resurrexit,
1268 2928 1341 2997 ibi
1388 2939 1630 2998 ascendit

34 3038 86 3095 in
114 3030 330 3105 εωιιιω,
382 3024 456 3093 ibi
493 3028 661 3093 llittlla
686 3023 950 3091 mirabilia
979 3032 1103 3089 fecit
1134 3050 1147 3088 :
1176 3031 1270 3088 Sed
1314 3032 1485 3104 major
1511 3032 1629 3088 laus

33 3138 120 3185 tua
148 3136 249 3197 est,
272 3128 398 3201 quia
421 3118 712 3184 mirilieaSti
753 3120 1179 3186 misericordiam
1210 3132 1356 3181 tuam
1402 3123 1456 3179 in
1494 3122 1629 3179 civi-

31 3222 144 3276 tate
160 3218 596 3287 circumstantirc,
626 3210 681 3274 id
709 3224 813 3285 est,
847 3216 902 3273 in
945 3214 1196 3273 omnibus
1226 3214 1474 3287 gentibus
1517 3205 1627 3272 dif-

30 3308 209 3367 fudiin
234 3308 655 3367 misericordiam
680 3310 844 3365 tuam.
876 3300 987 3364 Nec
1010 3304 1346 3379 unguentum
1390 3302 1538 3363 tuum
1570 3304 1626 3364 in

28 3402 124 3460 illa
148 3392 463 3472 Jerusalem,
493 3402 643 3476 quasi
670 3401 725 3459 in
753 3406 880 3458 vaSe
923 3393 1177 3467 tenuisti;
1234 3392 1332 3456 sed
1375 3402 1626 3472 tanquam

28 3492 300 3552 contracto
317 3496 470 3563 vas'e,
497 3503 823 3569 unguentum
850 3508 947 3565 per
962 3490 1217 3549 mundum
1240 3484 1491 3548 dilfusum
1518 3498 1622 3563 est,

31 3596 94 3642 ut
152 3585 464 3659 impleretur
515 3577 656 3658 quod
702 3582 899 3643 dicitur
943 3583 996 3641 in
1050 3583 1338 3656 Scripturis
1383 3580 1622 3641 sanetis:

32 3677 356 3750 Unguentum
376 3677 597 3748 ell'usum
618 3687 694 3735 est
714 3694 895 3734 nomen
915 3684 1059 3733 tuum
1089 3673 1260 3749 (Cant.
1290 3693 1330 3744 t,
1347 3673 1431 3751 2).
1457 3668 1523 3733 Et
1548 3676 1625 3734 ita

28 3764 322 3827 miriticasti
342 3760 764 3827 misericordiam
786 3779 927 3825 tuam
954 3769 1007 3825 in
1028 3768 1242 3826 civitate
1267 3769 1624 3825 circumstan-

28 3861 147 3916 tias.
194 3856 447 3918 Ascendit
498 3861 641 3918 enim
686 3860 738 3916 in
788 3861 1004 3927 eretum,
1055 3858 1209 3915 Sedet
1248 3852 1316 3915 ad
1342 3854 1624 3916 dexteram

28 3950 224 4023 Patris,
243 3963 360 4025 post
371 3952 562 4011 decem
581 3953 695 4009 dies
709 3948 855 4009 misit
870 3950 1126 4025 Spiritum
1140 3956 1378 4009 sanctum
1401 3950 1537 4024 (Act.
1557 3950 1619 4025 t):

27 4034 232 4115 impleti
251 4044 375 4102 sunt
403 4038 604 4117 Spiritu
631 4052 818 4102 sancto
842 4040 1110 4115 discipuli,
1132 4044 1410 4116 cmperunt
1428 4040 1622 4115 przedi-

28 4150 162 4193 care
185 4130 441 4210 magnalia
474 4130 708 4202 Christi;
758 4132 1000 4206 lapidati,
1047 4133 1234 4201 occisi,
1284 4132 1449 4204 fugati
1495 4136 1622 4191 sunt

28 4216 148 4299 (Id.
174 4226 306 4305 'vtn).
336 4222 404 4286 Et
429 4241 550 4286 cum
578 4224 703 4284 inde
727 4236 975 4300 tanquam
1003 4242 1069 4284 ex
1092 4242 1198 4283 uno
1218 4224 1340 4282 loco
1366 4222 1617 4298 fugaran

30 4331 139 4389 tur,
167 4317 314 4395 quasi
337 4314 479 4393 ligna
518 4316 758 4376 ardentia
801 4319 924 4391 igne
955 4316 1157 4387 divino,
1204 4320 1371 4375 totam
1428 4317 1617 4373 silvam

30 4410 211 4470 mundi
238 4429 521 4471 accensam
553 4412 762 4470 fervore
788 4400 1019 4486 Spiritus
1048 4421 1102 4468 et
1137 4410 1339 4468 lumine
1376 4408 1618 4468 veritatis

28 4508 381 4579 impleverunt
409 4524 424 4563 :
457 4517 513 4564 et
551 4498 856 4562 mirificavit
902 4500 1158 4562 Dominus
1195 4494 1618 4562 miscricordiam

30 4614 177 4655 suam
203 4598 257 4656 in
289 4590 505 4656 civitate
532 4597 967 4655 circumstantiae.

105 4691 185 4748 ll).
212 4684 364 4767 [υεη.
392 4684 513 4765 23.]
558 4682 673 4763 Ego
718 4689 829 4745 dixi
875 4690 930 4745 in
968 4689 1149 4745 ecstasi
1185 4688 1296 4743 mea
1319 4704 1338 4744 :
1364 4681 1615 4745 recorda-

30 4781 156 4839 mini
180 4778 389 4840 titulum
425 4778 646 4849 Psalmi,
702 4796 833 4839 ecce
878 4786 964 4837 est
1001 4776 1093 4836 illa
1132 4778 1370 4836 ecstasis.
1425 4772 1616 4838 Videte

36 4876 151 4946 quid
193 4874 379 4935 dicat:
420 4868 533 4950 Ego
560 4867 704 4947 dixi,
728 4870 919 4947 inquit,
956 4873 1012 4928 in
1046 4872 1226 4928 ecstasi
1265 4871 1616 4947 mea:Proje—

36 4978 138 5023 rtus
164 4980 277 5025 sunt
293 4987 324 5024 a
340 4964 472 5043 faeie
497 4966 758 5024 oculorum
781 4976 1002 5023 tuorum.
1035 4958 1095 5020 in
1120 4978 1316 5036 pavore
1336 4979 1458 5021 meo
1480 4962 1611 5032 dixi,

38 5060 129 5117 hoc
147 5070 249 5129 est,
277 5060 387 5116 dixi
417 5063 472 5121 in
509 5060 692 5117 ecstasi
718 5074 848 5114 mea.
872 5056 1015 5114 Vidit
1056 5071 1115 5113 se
1142 5063 1424 5128 paventem
1470 5055 1614 5112 intus

40 5157 213 5211 nescio
262 5170 365 5227 qua
420 5140 762 5211 tribulatione
786 5162 998 5223 magna,
1047 5150 1188 5207 sicut
1223 5163 1332 5206 non
1379 5144 1607 5206 desunt:

38 5245 250 5303 attendit
274 5261 369 5304 eor
387 5261 542 5302 suum
569 5240 817 5316 pavidum
847 5252 901 5300 ct
930 5241 1212 5314 trepidum,
1243 5250 1300 5298 et
1326 5237 1402 5298 ait
1431 5256 1447 5298 :
1476 5240 1612 5298 Pro-

33 5343 186 5412 jsctus
208 5357 314 5397 sum
340 5357 371 5395 α
391 5337 525 5414 facie
542 5337 807 5394 oculorum
832 5346 1051 5392 tuorum.
1080 5333 1137 5393 Si
1164 5336 1217 5391 in
1244 5334 1379 5392 facie
1408 5344 1496 5392 tua
1517 5350 1609 5393 es-

44 5447 166 5501 sem,
196 5450 294 5491 non
311 5436 391 5491 sic
419 5430 701 5499 timerem;
734 5432 778 5486 si
804 5446 892 5487 me
911 5428 1239 5496 attenderes,
1269 5444 1377 5486 non
1404 5430 1484 5486 sic
1508 5437 1613 5491 tu.

45 5527 282 5596 piuarem.
309 5525 414 5584 Sed
442 5524 691 5597 quoniam
716 5522 845 5580 dicit
867 5522 919 5578 in
944 5522 1050 5578 alio
1087 5521 1312 5593 psalmo,
1364 5519 1428 5577 Si
1472 5520 1608 5578 dice-

47 5615 162 5682 bam,
206 5629 366 5676 motus
420 5628 493 5673 est
536 5634 624 5689 pes
650 5633 811 5685 meus,
866 5613 1208 5671 misericordia
1234 5624 1342 5684 tua,
1365 5608 1603 5684 Domine,

48 5712 292 5783 adiurabat
326 5727 407 5766 me
448 5708 622 5781 (Psal.
649 5722 795 5777 xcm,
819 5707 932 5782 i8);
977 5709 1231 5766 continuo
1269 5715 1324 5766 et
1366 5707 1454 5766 hic
1491 5707 1600 5765 ait:

48 5804 160 5865 ideo
179 5806 429 5865 exaudiat
470 5820 637 5862 vocem
677 5805 919 5862 orationis
971 5820 1113 5862 mete.
1145 5803 1280 5875 Quia
1319 5804 1601 5871 contusam
1712 5787 1862 5879 sexit

1153 336 1554 397 ENARRATIO
1591 336 1663 394 IN
1694 335 2024 401 PSALMUM
2055 345 2222 405 XXX.

1712 5496 1780 5553 ad

1710 5693 1790 5746 tur

1767 471 1911 555 sum,
1934 461 2055 530 quia
2069 461 2200 532 dixi,
2230 464 2496 539 Projectus
2509 488 2621 528 sunt
2638 490 2673 529 a
2684 476 2820 546 facis
2837 478 3103 538 oculorum
3126 493 3353 555 tuorum;

1760 552 1887 654 quia
1912 557 2312 654 non-superbus
2338 562 2542 631 exstiti,
2585 566 2681 624 sed
2726 583 2821 626 cor
2849 586 3027 628 meum
3079 552 3347 647 accusavi,

1756 650 1817 697 ct
1864 645 2302 731 invtribulatione
2344 668 2463 710 mea
2512 655 2750 716 titubans
2786 662 2856 718 ad
2905 673 2957 720 to
3008 645 3347 727 exclamavit

1753 733 2036 833 exaudisti-
2053 741 2351 833 orationem
2373 760 2569 803 meam.
2604 748 2885 821 lutpletum
2921 766 3005 813 est
3029 771 3162 829 ergo
3202 762 3347 833 quod

1752 828 2124 927 continendam
2159 832 2238 927 Ade
2282 836 2375 893 illo
2421 840 2649 911 psalmo.
2698 844 2850 912 Quod
2895 851 3040 906 enim
3077 828 3181 920 est,
3219 828 3349 927 tEgs

1752 916 1865 973 disi
1905 920 1959 975 in
1991 925 2169 1009 ecstasi
2206 941 2318 981 mea
2340 945 2363 984 .'
2384 928 2652 1003 Projectus
2695 950 2811 991 sunt
2845 955 2876 991 a
2911 940 3045 1009 {aris
3085 916 3348 1007 oculorum

1753 1018 1993 1078 tuorum;
2032 1008 2135 1072 hoc
2162 1025 2246 1072 est
2268 1018 2322 1074 in
2349 1019 2443 1076 illo
2466 1022 2692 1094 psalmo,
2720 1027 2784 1082 Si
2802 1008 3050 1101 dicebant,
3077 1033 3251 1093 Motus
3274 1048 3347 1097 est

1752 1120 1842 1174 pes
1866 1121 2024 1162 meus.
2055 1107 2122 1164 Et
2148 1109 2293 1181 quod
2342 1122 2427 1169 est
2454 1114 2510 1171 in
2540 1116 2651 1186 illo,
2687 1118 3040 1181 Misericordia
3080 1138 3187 1193 tua,
3230 1129 3345 1187 liod

1752 1195 1903 1288 mine,
1923 1198 2194 1266 ndjuvabat
2214 1218 2295 1257 ms
2307 1221 2329 1270 ;
2353 1203 2457 1261 hoc
2477 1216 2558 1264 est
2577 1208 2631 1265 in
2646 1209 2775 1280 isto,
2797 1211 2924 1269 Ideo
2937 1217 3212 1288 exaudiui,
3232 1221 3345 1283 Do-q

1750 1286 1904 1354 mine,
1930 1304 2099 1344 vocent
2128 1294 2369 1351 orationis
2403 1313 2545 1355 mem.
2577 1264 2811 1361 Attende
2852 1305 2987 1363 illud
3036 1308 3091 1365 in
3133 1264 3310 1369 Pe'trov

1750 1380 1897 1436 videt
1922 1383 2203 1440 Dominum
2230 1387 2591 1447 ambulantem
2618 1392 2673 1449 in
2720 1397 2896 1466 aquis,
2937 1362 3090 1470 putat
3109 1362 3371 1474 piant;

1747 1488 1886 1529 sma.
1918 1475 2198 1535 Exclamat
2216 1479 2492 1550 Dominus,
2517 1484 2633 1558 Ego
2652 1501 2797 1556 sum,
2824 1492 2934 1548 noli
2959 1472 3170 1553 timere.
3192 1498 3342 1555 Cona-
3365 1472 3371 1488 ι

1749 1564 1866 1621 tidit
1891 1566 2102 1636 Petrus,
2142 1579 2198 1627 et
2233 1560 2381 1641 dicit,
2410 1574 2467 1632 Si
2497 1585 2551 1633 tu
2576 1592 2660 1645 es,
2700 1580 2828 1650 iube
2851 1596 2941 1641 me
2978 1589 3165 1645 venire
3188 1592 3258 1647 ad
3291 1599 3346 1649 te

1746 1672 1911 1728 super
1935 1675 2101 1756 aquas
2130 1679 2149 1718 :
2180 1662 2307 1721 hinc
2334 1668 2504 1737 probo
2523 1670 2568 1727 si
2592 1679 2649 1728 tu
2671 1687 2755 1737 es.
2775 1675 2822 1735 si
2848 1677 2902 1732 in
2929 1679 3095 1736 verbo
3120 1690 3214 1738 tuo
3239 1698 3353 1756 pou.

1747 1756 1905 1847 tuere
1930 1753 2073 1847 quod
2100 1762 2154 1809 tu
2176 1765 2350 1827 potes.
2398 1761 2491 1817 an
2520 1761 2631 1833 ille,
2662 1763 2819 1823 Veni.
2848 1767 2918 1825 Et
2939 1770 2957 1803 ι
3002 1772 3222 1831 verbum
3242 1753 3336 1847 in»

1744 1840 1924 1936 bontis
1947 1842 2087 1936 facta
2130 1855 2215 1902 est
2253 1858 2492 1919 potestas
2522 1855 2810 1913 audientis.
2844 1854 3000 1931 Veni,
3046 1864 3239 1936 inquit.
3256 1840 3341 1927 Ἐι

1742 1929 2062 2028 descendit:
2092 1939 2258 2008 erepit
2299 1941 2398 2009 ire,
2453 1941 2566 2000 ibat
2618 1945 2950 2019 intrepidus,
2983 1929 3251 2028 tanquam
3278 1961 3336 2017 in

1744 2022 1839 2080 illo
1858 2039 2082 2095 sperans
2110 2046 2125 2083 :
2158 2030 2344 2087 videns
2369 2042 2547 2091 autem
2574 2046 2791 2094 ventum
2830 2041 3087 2113 validum,
3110 2022 3331 2107 timuit.

1742 2113 1860 2186 Ego
1884 2117 1992 2173 dixi
2026 2120 2079 2174 in
2121 2124 2301 2177 scstasi
2343 2140 2455 2181 utea
2476 2141 2497 2181 :
2518 2125 2784 2200 Proiectus
2805 2146 2921 2190 sunt
2938 2148 2975 2189 tt
3010 2137 3141 2205 facis
3156 2142 3335 2197 mlo-

1739 2225 1855 2267 runt
1884 2219 2103 2267 tuarum.
2160 2215 2231 2271 Et
2269 2231 2393 2273 cum
2420 2219 2673 2291 ccepisset
2697 2226 2888 2297 mergi.
2917 2228 3186 2299 clamavit,
3222 2233 3332 2288 Βο-

1742 2300 1908 2368 tuine,
1940 2317 2123 2372 pereo.
2155 2305 2223 2361 Et
2243 2306 2401 2365 Jesns
2427 2314 2706 2386 porrigens
2751 2316 2800 2373 ci
2845 2329 3085 2389 manum,
3136 2323 3333 2383 levavit

1739 2406 1863 2450 eum
1891 2395 2097 2486 dicens,
2148 2398 2368 2458 Modica
2414 2402 2559 2474 ﬁdei,
2603 2423 2770 2478 quare
2808 2409 3062 2469 dubitasti
3115 2414 3330 2486 (Matth.

1739 2499 1851 2552 xxv,
1878 2485 2097 2559 26-33)?
2121 2488 2236 2546 Dixi
2257 2506 2386 2564 ergo
2415 2494 2469 2550 in
2495 2511 2697 2566 pavore
2734 2514 2880 2568 meo,
2908 2485 3176 2575 Proiectus
3212 2524 3327 2564 sunt

1713 2589 1772 2646 pa
1799 2575 1930 2646 [acie
1952 2578 2215 2635 oculorum
2242 2591 2444 2638 tuorum
2471 2601 2491 2641 :
2511 2595 2567 2643 et
2586 2596 2836 2661 tanquam
2853 2591 2965 2661 jam
2993 2597 3167 2663 perire
3194 2598 3328 2655 inci-

1737 2665 1932 2735 pientis
1977 2669 2029 2724 in
2059 2672 2216 2738 mari,
2254 2676 2528 2745 exaudiui,
2577 2677 2816 2750 Domina,
2868 2696 3037 2740 uocem
3083 2689 3329 2746 orationis

1737 2772 1879 2845 ntere.
1908 2758 2181 2817 Exaudiin
2205 2772 2408 2834 autem,
2447 2782 2565 2823 cum
2587 2770 2863 2828 clamarent
2906 2775 2977 2829 ad
3016 2785 3082 2832 ts.
3114 2778 3328 2836 Clamor

1734 2849 1805 2905 ad
1833 2848 2001 2907 Deum
2033 2868 2141 2909 non
2165 2864 2248 2910 est
2266 2871 2419 2924 voce,
2450 2859 2545 2915 sed
2587 2862 2775 2920 corde.
2799 2864 2950 2921 Multi
2992 2867 3216 2927 silentes
3244 2872 3325 2927 la-

1734 2941 1861 3013 biis,
1881 2943 2043 3001 corde
2068 2947 2434 3006 clamaverunt
2453 2968 2471 3008 ι
2491 2952 2651 3009 multi
2689 2969 2785 3013 ore
2804 2963 3124 3029 strepentes,
3161 2962 3325 3020 corde

1734 3037 2092 3124 aversoAniltil
2129 3038 2418 3109 impetraro
2464 3053 2767 3113 potuerunt.
2822 3048 2880 3105 Si
2921 3064 3053 3121 ergo
3095 3052 3322 3124 clamas,

1734 3119 1905 3178 clama
1930 3120 2095 3191 intus,
2124 3124 2213 3181 ubi
2239 3124 2387 3182 audit
2428 3126 2587 3186 Dens.
2618 3128 2750 3187 Cum
2793 3119 3101 3204 clamarem,
3131 3119 3325 3211 inquit,

1732 3213 1801 3270 ad
1829 3221 1901 3281 te,
1931 3216 2193 3273 exaudisti
2222 3232 2406 3275 vocem
2435 3222 2691 3279 orationis
2718 3239 2875 3283 meai.

1806 3306 1893 3362 li.
1916 3303 2070 3379 [υεη.
2095 3306 2213 3382 26.]
2256 3308 2375 3368 iam
2402 3327 2534 3384 ergo
2569 3325 2829 3387 expertus
2852 3320 2979 3391 quid
3007 3334 3108 3380 nos
3140 3321 3325 3383 berta-

1732 3399 1859 3455 ιιιιῖ
1884 3398 2093 3472 Ditigt’te
2123 3400 2416 3470 Dominum,
2464 3422 2637 3464 omnes
2686 3412 2849 3466 sancti
2872 3413 3004 3485 ejus.
3049 3415 3325 3489 Tanquam

1731 3490 1956 3559 diceret,
1978 3492 2194 3550 Credite
2235 3496 2389 3563 mihi,
2430 3513 2534 3569 ego
2576 3515 2695 3556 sum
2721 3514 3003 3573 expertus;
3034 3504 3195 3567 ltabui
3223 3512 3349 3567 tri»

1730 3579 2069 3651 bulstiones;
2095 3583 2357 3652 invocavi,
2384 3597 2573 3645 etnon
2597 3605 2716 3647 sum
2762 3592 3052 3666 deceptus;
3100 3601 3323 3672 speravi

1730 3673 1785 3731 in
1816 3675 2007 3745 Deum,
2053 3685 2111 3735 st
2131 3693 2240 3736 non
2288 3694 2407 3737 sum
2452 3681 2706 3739 contusus
2737 3701 2751 3739 ι
2781 3688 3133 3758 cogitationes
3171 3705 3322 3750 meas

1729 3767 2068 3837 illuminavit,
2122 3771 2536 3842 trepidationem
2588 3789 2763 3832 meam
2812 3776 3063 3835 ﬁrmavit.
3111 3779 3322 3856 Diligits

1730 3856 2029 3929 Dominum,
2058 3877 2230 3918 onum
2251 3864 2415 3919 sancti
2439 3865 2551 3936 ejus
2577 3880 2598 3920 δ
2619 3865 2673 3922 id
2698 3875 2802 3935 est,
2823 3883 2921 3927 vos
2939 3871 2960 3903 ⁸
2982 3871 3186 3945 diligite
3210 3875 3319 3931 Do-

1728 3950 1956 4019 minum,
1999 3953 2091 4023 qui
2126 3967 2235 4007 non
2276 3953 2494 4025 diligitis
2542 3956 2820 4024 mundum,
2868 3960 2973 4017 boc
3014 3971 3119 4029 est,
3144 3981 3319 4024 omnes

1727 4042 1889 4098 sancti
1928 4045 2056 4113 ejus.
2105 4041 2241 4099 Nam
2266 4045 2353 4100 cui
2378 4045 2502 4103 dico
2549 4055 2608 4111 ut
2643 4047 2828 4120 diligat
2869 4051 3174 4123 Dominum,
3225 4058 3317 4128 qui

1727 4132 1900 4189 adhuc
1925 4133 2097 4206 diligit
2132 4135 2626 4206 atnpbitheatrumi
2651 4137 2745 4196 Cui
2766 4138 2888 4198 dico
2916 4150 2978 4198 ut
3000 4143 3186 4216 diligat
3209 4147 3315 4202 Do-

1726 4227 1953 4293 minum,
1982 4228 2071 4298 qui
2099 4227 2275 4284 adhuc
2306 4228 2480 4300 diligit
2509 4230 2755 4299 mimum,
2795 4234 2887 4306 qui
2923 4235 3100 4294 adhuc
3145 4238 3318 4311 diligit

1726 4319 2113 4390 pantomimum
2130 4319 2243 4391 λιι),
2269 4321 2360 4392 qui
2385 4319 2565 4379 adhuc
2606 4321 2778 4394 diligit
2817 4326 3181 4398 vinolentiam,
3222 4330 3315 4401 'qul

1722 4413 1899 4497 adhuc
1926 4412 2101 4485 diligit
2120 4428 2346 4486 pompas
2381 4415 2588 4482 sateuli,
2619 4426 2675 4473 et
2699 4418 2963 4476 vanitates
3000 4435 3209 4489 anites,
3256 4430 3314 4480 et

1722 4506 1960 4565 insanias
1985 4506 2308 4567 mendaces?
2334 4509 2430 4566 Cui
2454 4508 2577 4566 dico
2605 4528 2619 4565 :
2651 4511 2804 4570 Disce
2843 4527 2949 4569 non
2986 4514 3225 4586 diligere,
3254 4527 3315 4574 ut

1722 4597 1900 4656 discas
1918 4597 2177 4672 diligere;
2206 4607 2472 4668 avertere,
2519 4609 2578 4657 ut
2621 4604 2983 4673 conversaris;
3039 4604 3221 4676 inuade,
3254 4617 3314 4666 ut

1722 4694 2018 4767 implearis.
2047 4695 2263 4770 Diligits
2282 4696 2580 4763 Dominum.
2603 4715 2776 4757 unum
2797 4704 2962 4757 sancti
2975 4705 3106 4776 t'jtts.

1796 4789 1883 4845 12.
1915 4789 2167 4858 Quoniam
2212 4793 2466 4848 ueritatem
2528 4793 2748 4860 requiret
2806 4792 3076 4852 Dominus.
3130 4798 3309 4858 Nostis

1719 4883 1844 4955 quia
1863 4883 2025 4939 modo
2049 4883 2201 4940 multi
2226 4883 2452 4940 maleﬁci
2467 4882 2489 4917 ⁸
2515 4883 2791 4953 videntur;
2814 4886 2983 4943 nostis
3002 4889 3125 4958 quia
3147 4891 3307 4947 modo

1720 4975 1776 5032 in
1802 4977 1916 5034 suis
1958 4977 2276 5034 vanitatibus
2331 4977 2665 5034 extolluntur
2696 4993 2712 5034 :
2739 4979 3019 5036 veritatem
3064 4985 3308 5053 requiret

1720 5067 1995 5126 Detninus.
2025 5066 2096 5124 Et
2115 5067 2350 5124 retribuet
2372 5068 2450 5124 Iu's
2481 5070 2567 5141 qui
2590 5070 2905 5126 abundanter
2927 5072 3121 5144 faciunt
3137 5088 3307 5145 super-

1720 5160 1876 5218 biant.
1906 5160 2067 5220 Ferte
2092 5161 2266 5219 donec
2289 5161 2544 5228 eﬂ'eratis,
2566 5162 2788 5220 tolerate
2829 5164 3002 5222 donec
3030 5167 3255 5222 carentis
3288 5185 3303 5223 :

1718 5266 1941 5312 necesse
1982 5261 2066 5310 est
2111 5253 2255 5311 enim
2298 5262 2359 5312 ut
2408 5253 2666 5311 Dominus
2699 5256 2979 5313 veritatem
3004 5258 3303 5329 requirens,

1781 5439 1800 5473 ι
1824 5443 1961 5500 Lov.,
1994 5442 2050 5488 Et
2085 5436 2152 5488 ad
2189 5435 2403 5489 verbum.
2429 5440 2485 5486 At
2505 5439 2581 5486 Er.
2617 5438 2672 5486 et
2706 5439 2814 5486 Itss.
2847 5440 3016 5489 carent
3051 5436 3302 5501 partimin,

1776 5538 2590 5635 inssqitiest,ittidiligitg.etc._
2710 5634 2713 5635 ν
2970 5620 2999 5635 η

1775 5629 1801 5663 ³
1820 5620 2039 5678 nonnulli
2073 5620 2138 5677 ex
2160 5620 2511 5692 natiquxbribus
2555 5632 2682 5687 δίδη
2704 5621 2846 5676 multi
2881 5620 3116 5690 maliﬁcss
3139 5624 3303 5678 aden-

1776 5727 1854 5818 (ny
1877 5749 2212 5825 funtomimos,
2228 5749 2445 5825 saltator,
2474 5753 2565 5868 arui
2589 5760 2755 5802 mores
2773 5758 2823 5800 et
2837 5747 3040 5800 structus
3055 5747 3302 5814 quoslith
3326 5766 3329 5771 ·

1776 5821 1862 5868 stu
1883 5814 2209 5877 sxpritnebat.
2231 5813 2450 5867 Valebis.
2524 5814 2831 5870 iam
2848 5812 3207 5877 dsistas.“
