3950 6418
659 493 920 553 retribuat
949 492 1030 548 his
1055 491 1142 562 qui
1174 487 1504 544 abundanter
1531 484 1730 543 faciunt
1753 483 2079 555 superbiam.
2126 480 2243 536 Jam

661 585 901 640 dicturus
921 598 978 638 es
1009 600 1020 635 :
1049 579 1271 649 Quando
1323 577 1624 634 retribuet?
1650 575 1877 644 Quando
1928 573 2060 627 vult.
2113 570 2248 640 Quia

660 678 918 735 retribuet
941 683 1116 729 certus
1136 673 1243 738 sis;
1273 672 1342 727 de
1377 671 1728 726 retributione
1780 684 1884 723 non
1921 667 2152 730 dubites,
2180 665 2249 720 de

661 780 898 838 tempore
929 781 1032 820 non
1061 763 1256 819 audeas
1285 763 1394 818 Deo
1420 763 1548 816 dare
1572 760 1873 816 consilium.
1904 759 2131 816 Prorsus
2156 770 2249 810 ve-

659 861 868 915 ritatem
904 857 1159 927 requiret,
1192 865 1247 911 et
1273 855 1532 911 retribuet
1573 853 1656 910 his
1683 853 1771 923 qui
1803 850 2138 906 abundanter
2165 847 2246 902 fa-

659 949 807 1004 ciunt
829 948 1158 1018 superbiam.
1199 945 1478 1017 Aliquibus
1506 955 1559 1000 et
1588 944 1672 1000 hic
1697 943 1978 1011 retribuet,
2016 949 2072 995 et
2109 938 2246 995 vidi-

661 1056 784 1098 mus
831 1049 887 1095 et
929 1039 1216 1095 didicimus
1269 1040 1390 1110 quia
1440 1036 1704 1094 retribuit.
1754 1035 1962 1090 Etenim
2033 1031 2247 1103 quando

657 1134 1004 1190 humiliantur
1021 1133 1112 1204 qui
1137 1133 1304 1188 Deum
1327 1131 1535 1198 timent,
1566 1131 1608 1184 si
1633 1128 1836 1184 fortein
1866 1126 2041 1197 aliqua
2070 1123 2247 1193 digni-

658 1234 768 1282 tate
795 1225 953 1295 hujus
990 1223 1169 1280 sarculi
1197 1222 1534 1287 refulserant,
1566 1219 1826 1275 humiliati
1878 1232 1986 1271 non
2031 1213 2245 1270 cecide-

659 1325 807 1383 runt,
838 1315 959 1386 quia
991 1315 1158 1370 Deum
1178 1313 1247 1369 dc
1275 1311 1436 1369 corde
1480 1327 1588 1366 non
1613 1309 1992 1366 excluserunt:
2022 1303 2244 1360 altitudo

659 1406 896 1477 ipsorum
927 1405 1068 1460 Deus
1095 1412 1193 1460 est.
1247 1402 1564 1457 llumiliatus
1590 1400 1871 1456 videbatur
1898 1396 1998 1452 Job
2038 1393 2246 1466 perdita

670 1494 969 1552 substantia
989 1509 1102 1559 sua,
1138 1492 1356 1564 perditis
1376 1492 1494 1549 ﬁliis
1511 1492 1641 1558 suis,
1673 1490 1893 1561 perditis
1912 1503 2032 1559 quas
2057 1501 2243 1542 serva-

661 1585 771 1652 bat,
794 1586 1015 1657 perditis
1031 1585 1221 1656 quibus
1233 1583 1497 1651 servabat;
1514 1581 1896 1639 remansitsine
1913 1577 2242 1642 haereditate,

656 1680 875 1752 et,quod
890 1688 973 1736 est
991 1680 1214 1744 tristius,
1233 1678 1349 1734 sine
1361 1676 1572 1732 baercde
1588 1675 1708 1746 (Job
1724 1676 1762 1747 t)
1782 1691 1796 1740 ;
1811 1673 2067 1730 remansit
2080 1670 2145 1725 ad
2157 1683 2245 1724 so-

658 1771 764 1827 lam
791 1786 1030 1835 uxorem,
1060 1786 1164 1825 non
1181 1785 1332 1824 suam
1359 1767 1787 1832 consolatricem,
1816 1763 1910 1820 sed
1933 1762 2126 1818 diaboli
2151 1777 2246 1832 po-

658 1864 763 1920 tius
782 1862 1093 1933 adjutricem
1123 1860 1232 1932 (Id.
1263 1877 1320 1927 n,
1339 1859 1396 1933 9)
1423 1875 1437 1913 :
1465 1859 1769 1913 humiliatus
1796 1855 2094 1920 videbatur;
2121 1853 2244 1909 vide

658 1957 704 2013 si
722 1957 886 2013 miser
902 1957 1070 2011 factus
1086 1964 1188 2019 est,
1208 1954 1328 2009 vide
1352 1953 1515 2007 sinon
1532 1951 1713 2006 eratin
1740 1947 2050 2004 abscondito
2070 1945 2244 2002 vultus

657 2049 772 2104 Dei.
795 2047 1003 2114 Nudus,
1023 2048 1116 2114 ait,
1137 2046 1236 2100 exii
1258 2042 1480 2099 deuterti
1490 2043 1666 2096 matris
1684 2057 1822 2104 meat,
1842 2039 2005 2095 nudus
2025 2046 2244 2093 revertar

653 2139 708 2193 in
747 2148 931 2192 terram
962 2154 979 2192 :
1018 2137 1266 2191 Dominus
1320 2135 1491 2198 dedit,
1528 2132 1779 2187 Dominus
1824 2130 2067 2196 abstulit;
2114 2129 2245 2182 sicut

656 2229 877 2284 Domino
905 2229 1112 2298 placuit,
1136 2228 1207 2281 ita
1235 2230 1425 2297 factum
1458 2234 1528 2280 est
1557 2240 1575 2280 :
1601 2225 1664 2279 sit
1690 2239 1870 2276 nomen
1909 2220 2117 2275 Domini
2161 2221 2246 2274 be-

655 2322 911 2376 nedictum
939 2319 1046 2392 (Id.
1077 2335 1114 2385 ι,
1138 2319 1250 2390 21).
1303 2317 1422 2372 Istic
1463 2331 1688 2386 gemmae
1745 2313 1917 2368 laudis
1955 2313 2046 2367 Dei
2102 2310 2244 2366 unde

654 2413 818 2468 sunt?
862 2411 1052 2467 Videte
1105 2411 1236 2465 foris
1282 2424 1591 2480 pauperem,
1650 2408 1793 2462 intus
1833 2405 2072 2460 divitem.
2124 2403 2243 2458 Ista:

656 2518 880 2574 gemmae
904 2502 1074 2557 laudis
1102 2502 1194 2556 Dei
1223 2500 1512 2556 cxireutde
1536 2499 1650 2570 ejus
1670 2513 1783 2561 ore,
1809 2498 1909 2552 nisi
1935 2497 2242 2550 thesaurum

657 2593 880 2648 haberet
910 2593 961 2647 in
987 2593 1186 2648 corde?
1215 2591 1314 2660 Qui
1343 2591 1533 2646 divites
1563 2604 1684 2646 esse
1724 2588 1900 2653 vultis,
1931 2587 2065 2642 tales
2104 2586 2242 2640 divi-

658 2687 758 2741 tias
785 2686 1164 2756 concupiscite,
1197 2699 1328 2755 quas
1346 2699 1443 2739 nec
1465 2685 1516 2738 in
1548 2683 1822 2753 naufragio
1843 2681 2066 2752 potestis
2088 2682 2245 2735 amit-

655 2788 786 2835 tere.
821 2779 959 2850 Ergo
987 2778 1119 2834 tales
1155 2778 1370 2848 quando
1401 2776 1766 2841 humiliantur,
1797 2775 1961 2829 nolite
2009 2790 2102 2829 eos
2150 2789 2245 2843 pu-

656 2881 770 2927 tare
796 2873 1042 2926 miseros.
1075 2869 1294 2936 lit-ratis,
1326 2883 1430 2923 non
1461 2869 1607 2924 scitis
1629 2867 1756 2938 quid
1802 2867 1944 2921 intus
1991 2865 2240 2919 habeant.

653 2962 733 3018 Ex
760 2963 913 3017 vobis
958 2962 1240 3032 conjicitis,
1283 2961 1372 3031 qui
1401 2961 1654 3014 mundum
1700 2957 1938 3027 diligitis,
1985 2957 2106 3026 quia
2149 2969 2245 3008 vos

653 3069 774 3108 cum
800 3055 919 3108 talia
950 3052 1193 3124 perditis,
1244 3051 1424 3106 miseri
1457 3050 1765 3104 remanetis.
1799 3049 2026 3102 Prorsus
2080 3046 2244 3100 nolite

657 3144 759 3199 ltoe
791 3156 1011 3214 putare;
1039 3143 1235 3198 habent
1265 3143 1404 3196 intus
1444 3157 1548 3211 quo
1575 3139 1857 3210 gaudeant.
1907 3137 2136 3191 Interior
2163 3144 2246 3190 est

656 3236 960 3292 dominator
1000 3250 1207 3295 eorum,
1242 3234 1464 3288 interior
1493 3241 1575 3287 est
1605 3242 1784 3300 pastor
1835 3239 1889 3284 ct
1942 3230 2246 3284 consolator

657 3327 914 3398 ipsorum.
945 3326 1048 3395 Ipsi
1074 3334 1197 3380 sunt
1225 3325 1314 3394 qui
1352 3324 1488 3377 male
1517 3321 1733 3387 cadunt,
1769 3323 1858 3392 qui
1897 3335 2048 3392 spem
2092 3335 2243 3374 suam

659 3417 712 3473 in
753 3417 854 3472 hoc
896 3416 1093 3471 szcculo
1143 3423 1365 3484 ponunt.
1395 3414 1646 3469 Aufertur
1678 3411 1820 3482 quod
1852 3411 2048 3466 nitebat
2093 3412 2241 3474 forts,

659 3510 794 3566 nihil
842 3516 1085 3566 remanet
1129 3509 1268 3562 intus
1323 3508 1421 3561 nisi
1465 3506 1640 3561 fumus
1691 3505 1844 3559 mala:
1881 3504 2242 3558 conscientiae.

657 3602 811 3660 Unde
834 3617 894 3658 se
920 3601 1265 3656 consolentur
1290 3613 1394 3654 non
1425 3598 1642 3665 habent,
1673 3611 1777 3651 non
1811 3595 2012 3650 habent
2031 3609 2139 3664 quo
2164 3595 2243 3648 fo-

657 3709 749 3751 ras
776 3701 992 3758 exeant,
1043 3707 1148 3748 non
1197 3691 1393 3746 habent
1438 3705 1544 3762 quo
1590 3690 1728 3744 intro
1769 3687 2008 3753 redeant,
2047 3686 2242 3741 deserti

660 3803 853 3858 pompa
880 3784 1146 3850 smculari,
1180 3785 1367 3838 inanes
1393 3784 1561 3854 gratia
1609 3781 1890 3853 spirituali,
1919 3797 2045 3837 vere
2073 3779 2245 3835 Immi-

659 3880 876 3937 liantur.
903 3878 971 3934 Et
994 3877 1177 3933 multis
1207 3875 1330 3930 facit
1373 3876 1509 3931 Deus
1536 3875 1632 3930 ista
1653 3875 1704 3929 iu
1731 3874 1833 3928 isto
1860 3882 2122 3943 tempore,
2149 3870 2245 3926 sed

658 3987 766 4027 non
788 3970 1057 4025 omnibus.
1091 3967 1145 4023 Si
1177 3969 1320 4022 enim
1351 3966 1549 4022 nemini
1581 3965 1802 4031 faceret,
1829 3964 1978 4036 quasi
2027 3979 2130 4018 non
2161 3963 2243 4017 vi-

656 4061 876 4118 deretur
895 4059 1114 4131 vigilare
1143 4059 1320 4114 divina
1349 4057 1677 4128 providentia
1707 4074 1719 4109 :
1746 4056 1790 4111 si
1811 4055 2056 4110 omnibus
2101 4056 2244 4110 facc-

659 4163 763 4222 ret,
796 4167 901 4208 nou
931 4160 1237 4207 servaretur
1264 4150 1440 4204 divina
1465 4147 1737 4218 patientia.
1760 4145 1840 4200 Tu
1872 4156 2068 4208 tamen,
2097 4144 2245 4199 chri-

661 4246 854 4308 stiane,
885 4243 1114 4298 tolerare
1157 4240 1410 4306 didicisti,
1457 4255 1562 4293 non
1592 4237 1877 4293 vindictam
1925 4237 2242 4292 retribuere.

659 4333 931 4390 Viudicari
983 4334 1084 4398 vis,
1137 4333 1465 4389 christiaue‘!
1521 4329 1768 4386 Nondum
1810 4327 2108 4383 viudicatus
2165 4336 2248 4383 est

659 4425 926 4482 Christus.
953 4428 1032 4482 An
1065 4435 1119 4481 ttt
1149 4440 1335 4495 passus
1355 4439 1414 4478 es
1434 4423 1755 4492 improbum,
1783 4431 1837 4476 et
1866 4420 1955 4476 ille
1985 4437 2091 4475 non
2119 4435 2244 4491 pas-

662 4533 755 4576 sus
774 4518 897 4575 est?
922 4517 1108 4573 Nonne
1133 4518 1278 4587 prior
1304 4531 1402 4586 pro
1423 4524 1475 4570 te
1503 4529 1690 4586 passus
1734 4521 1837 4578 est,
1875 4515 1963 4584 qui
2009 4529 2113 4569 non
2149 4513 2247 4568 ha-

662 4613 1015 4681 bebatquarc
1037 4609 1342 4680 pateretur?
1384 4609 1514 4664 Nam
1565 4610 1616 4662 in
1663 4617 1714 4662 te
1759 4607 2031 4662 tribulatio
2059 4606 2246 4662 fornax

662 4704 893 4758 aurificis
909 4711 991 4756 est
1017 4702 1083 4773 (si
1111 4711 1284 4755 tamen
1303 4714 1488 4754 aurum
1513 4699 1606 4764 sis,
1624 4707 1677 4753 et
1698 4713 1801 4752 non
1827 4698 2034 4768 palea),
2055 4708 2112 4751 ut
2133 4712 2250 4753 sor-

663 4796 818 4852 dibus
842 4810 1046 4860 careas,
1081 4810 1184 4849 non
1215 4795 1264 4848 in
1296 4793 1529 4848 cinerem
1561 4792 1908 4846 converteris.

735 4889 822 4944 15.
855 4887 1002 4960 [vers.
1033 4885 1150 4959 25.]
1184 4885 1387 4957 Diligite
1412 4885 1702 4949 Dominum,
1733 4899 1904 4938 omnes
1927 4884 2088 4936 sancti
2107 4884 2248 4954 ejus:

661 4981 899 5054 quoniam
942 4979 1197 5033 veritatem
1236 4977 1448 5048 requiret
1490 4975 1767 5040 Dominus,
1817 4983 1864 5029 et
1900 4975 2134 5029 retribuet
2173 4975 2252 5029 Itis

663 5075 748 5147 qui
786 5073 1098 5128 abundanter
1135 5073 1329 5142 faciunt
1367 5069 1674 5140 superbiam.
1711 5066 1817 5124 Sed
1858 5067 2068 5139 quando
2095 5068 2251 5123 retri-

664 5167 833 5221 buet?
860 5164 905 5220 Ο
937 5165 981 5220 si
1019 5164 1178 5219 modo
1211 5162 1567 5218 retribueret!
1598 5159 1756 5215 modo
1782 5174 1876 5216 eos
1896 5159 2139 5215 volebam
2169 5161 2251 5214 vi-

663 5260 794 5316 dere
830 5257 1136 5314 humiliatos
1172 5267 1330 5328 atque
1367 5261 1679 5325 prostratos.
1707 5253 1898 5308 Audite
1924 5253 2050 5324 quid
2077 5255 2255 5324 sequi-

665 5360 751 5407 tur
783 5369 798 5406 :
837 5350 1060 5404 Virititer
1095 5349 1243 5420 agite.
1272 5347 1444 5403 Nolite
1473 5347 1639 5400 lassas
1668 5359 1855 5400 manus
1880 5346 1931 5400 in
1963 5344 2256 5400 tribulatio-

666 5443 824 5499 nibus
861 5441 1128 5497 dimittere
1158 5481 1173 5506 ,
1215 5455 1320 5494 non
1364 5446 1547 5493 nutent
1583 5452 1754 5508 genua
1793 5446 1989 5493 vestra.
2037 5435 2257 5491 Viriliter

666 5536 836 5606 agite,
873 5541 920 5587 et
961 5534 1271 5603 confortatur
1314 5546 1402 5584 cor
1442 5538 1656 5584 vestrum
1685 5546 1702 5584 :
1729 5526 1796 5582 ad
1837 5526 2179 5598 perpetienda
2203 5535 2258 5582 et

668 5624 944 5682 toleranda
990 5623 1166 5678 omnia
1210 5621 1347 5678 mala
1391 5619 1546 5692 hujus
1583 5618 1763 5675 saeculi
1802 5618 2130 5674 confortetur
2165 5632 2260 5674 cor

667 5731 927 5774 vestrum.
967 5715 1070 5773 Sed
1110 5714 1198 5786 qui
1243 5723 1368 5770 sunt
1408 5713 1598 5784 quibus
1637 5712 1751 5767 haec
1791 5710 1921 5766 dicit
1947 5710 2208 5781 Propheta
2242 5729 2256 5767 :

681 5810 905 5868 Viriliter
915 5814 1048 5883 agito
1068 5849 1083 5877 ,
1113 5815 1161 5865 et
1180 5811 1489 5878 confortetur
1508 5821 1594 5861 cor
1620 5815 1837 5860 vestrum
1853 5806 1880 5858 .9
1903 5806 2155 5878 numquid
2180 5806 2262 5861 his

1833 371 1888 430 s.
1931 364 2291 428 AUGUSTINI
2335 364 2636 425 EPISCOPI
3651 325 3654 329 ’
3798 385 3868 442 ,5,

2359 481 2449 561 qui
2496 481 2722 554 diligunt
2760 484 3058 540 mundum?
3099 484 3236 544 Non.
3275 487 3381 544 Sed
3419 489 3610 560 quibus
3645 489 3784 560 dicit,
3811 513 3870 553 au-

2357 574 2468 629 dite
2495 593 2508 629 :
2537 575 2722 630 Omnes
2747 579 2833 645 qui
2859 581 3072 648 speratis
3093 581 3145 634 in
3167 577 3407 634 Domum.

3712 717 3860 739 ..η

2763 794 2845 855 ΙΝ
2888 792 3270 856 PSALMUM
3313 790 3537 854 XXXI

2890 913 3293 970 ENARRATIO
3332 913 3374 968 l.

2800 1025 2914 1097 Ipsi
2938 1025 3104 1081 David
3128 1026 3490 1097 intelligentia.

2428 1140 2482 1194 ί.
2516 1137 2666 1212 [uers.
2701 1119 2776 1213 1Ῐ]
2819 1139 2922 1211 ipsi
2951 1139 3116 1194 David
3146 1139 3544 1210 intelligentiae,
3575 1155 3672 1209 qua
3694 1139 3868 1211 inteliigi-

2353 1240 2439 1287 tur
2459 1247 2563 1287 non
2586 1231 2790 1287 meritis
2817 1248 3035 1302 operum
3053 1275 3068 1299 ,
3098 1231 3189 1286 sed
3216 1232 3383 1302 gratia
3413 1230 3509 1287 Dei
3531 1232 3772 1287 hominem
3787 1234 3870 1290 tibi.

2350 1323 2492 1388 rari,
2523 1322 2864 1378 confitentem
2899 1332 3110 1393 peccata
3135 1338 3252 1378 sua.

2422 1415 2475 1469 2.
2513 1413 2662 1488 [νει-ε.
2689 1414 2771 1488 2.]
2816 1415 2961 1470 Beati
2987 1432 3201 1488 quarunt
3227 1416 3451 1470 remissa:
3477 1425 3595 1471 sunt
3622 1416 3868 1487 iniquitates,

2351 1516 2397 1562 et
2440 1523 2654 1576 quorum
2697 1516 2826 1561 tecta
2868 1517 2982 1561 sunt
3019 1517 3224 1579 peccata
3263 1523 3282 1562 :
3320 1516 3373 1562 et
3395 1522 3621 1577 quorum
3647 1520 3818 1576 peccata
3838 1513 3866 1566 in

2349 1597 2670 1653 oblivionem
2719 1597 2876 1653 ducta
2920 1607 3063 1653 sunt.
3116 1597 3300 1653 Beatus
3340 1599 3414 1652 vir
3448 1600 3530 1652 cui
3558 1615 3653 1653 non
3680 1602 3868 1670 impulerit

2350 1687 2598 1743 Dominus
2645 1700 2940 1760 peccatum,
2983 1706 3074 1744 nec
3111 1690 3261 1745 estin
3298 1706 3385 1744 ore
3411 1691 3522 1760 ejus
3546 1689 3686 1743 dolus
3713 1707 3819 1746 :nec
3838 1693 3867 1746 in

2349 1795 2445 1835 ore
2465 1795 2562 1836 suo
2584 1780 2743 1836 habet
2767 1782 3177 1837 ostentationem
3203 1781 3422 1852 justitiae
3445 1824 3459 1847 ,
3486 1796 3606 1836 cum
3627 1783 3868 1837 conscientia

2349 1872 2465 1943 ejus
2493 1873 2721 1943 peccatis
2752 1874 2904 1944 plena
2932 1883 3033 1929 est.

2420 1965 2475 2019 ’5.
2507 1964 2656 2036 [vers.
2685 1963 2764 2036 5.]
2806 1964 3057 2032 Quoniam
3080 1965 3231 2030 tacui,
3257 1966 3864 2021 ittveteraveruntossataea:

2349 2059 2599 2128 quoniam
2651 2074 2754 2113 non
2805 2058 2996 2128 protuli
3041 2072 3135 2113 ore
3176 2056 3579 2112 confessionem
3620 2055 3680 2111 ad
3707 2057 3864 2112 salutem

2355 2149 2528 2220 (Rom.
2559 2166 2624 2216 χ,
2660 2149 2748 2219 10)
2770 2191 2784 2214 ,
2817 2151 2990 2204 omnis
3023 2149 3244 2203 firmitas
3271 2163 3388 2203 mea
3422 2149 3478 2202 in
3501 2147 3867 2201 iufirmitatecon-

2349 2241 2546 2298 senuit.
2595 2243 2634 2295 Α
2675 2241 2944 2295 clamando
2984 2257 3062 2294 me
3103 2249 3207 2294 tota
3249 2239 3330 2293 die
3355 2254 3524 2294 :cum
3554 2254 3712 2294 essem
3737 2239 3865 2308 impius

2349 2345 2508 2403 atque
2551 2332 2933 2401 blasphemus,
2987 2331 3268 2386 clamando
3311 2339 3503 2385 contra
3551 2330 3736 2396 Deum,
3771 2329 3864 2398 quasi

2351 2424 2646 2480 defendens
2671 2433 2727 2478 et
2752 2439 3014 2479 excusans
3040 2431 3254 2493 peccata
3280 2437 3420 2477 mea.

2421 2519 2475 2573 4.
2508 2515 2659 2589 [vers.
2689 2515 2766 2586 4.]
2821 2515 3070 2582 Quoniam
3101 2515 3181 2569 die
3214 2531 3272 2568 ac
3299 2523 3448 2567 nocte
3476 2522 3674 2584 gravata
3694 2520 3752 2567 est
3773 2526 3863 2579 stipa

2351 2626 2431 2664 me
2463 2625 2643 2663 manus
2673 2616 2758 2660 tua
2790 2624 2808 2662 :
2836 2608 3086 2678 quoniam
3115 2606 3362 2661 continua
3394 2604 3680 2658 afﬂictione
3704 2601 3862 2672 ﬂagello-

2351 2717 2467 2756 rum
2513 2709 2758 2764 tuorum,
2803 2697 3081 2753 Conversus
3119 2715 3231 2751 sum
3261 2699 3315 2751 in
3355 2713 3589 2751 aerumna
3614 2695 3862 2760 mea‘,dtm

2350 2793 2685 2864 conﬁgeretur
2720 2792 2888 2862 spina.
2917 2791 3076 2845 Miser
3101 2791 3268 2846 lactus
3293 2806 3415 2845 sum
3450 2788 3783 2861 cognoscendo
3803 2786 3861 2841 mi.

2350 2886 2544 2940 seriam
2574 2900 2745 2938 meam
2771 2925 2787 2950 ,
2820 2891 3172 2953 compunctus
3200 2883 3338 2936 mala
3363 2883 3701 2937 conscientia.

2421 2978 2477 3031 5.
2507 2975 2656 3046 [vers.
2690 2975 2768 3048 5.]
2815 2975 2891 3046 (α)
2920 2974 3194 3030 Peccatum
3222 2992 3387 3029 meum
3409 2975 3618 3047 cognovi
3637 3015 3652 3041 ,
3676 2973 3860 3042 etinjssti-

2351 3071 2474 3124 tiam
2498 3087 2660 3124 nteant
2688 3088 2787 3125 non
2815 3072 2995 3142 aperui
3023 3088 3040 3124 :
3071 3071 3120 3125 id
3149 3079 3227 3126 cst
3251 3113 3265 3136 ,
3297 3071 3609 3140 injustitiam
3639 3085 3777 3125 meam
3799 3080 3860 3120 non

2350 3164 2630 3227 occultavi.
2672 3163 2796 3216 Dixi
2826 3182 2845 3218 :
2874 3162 3221 3218 Pronuntiabo
3247 3164 3518 3219 adversum
3545 3180 3620 3218 me
3643 3162 3859 3235 injustitim

2350 3271 2514 3308 meum
2561 3253 2798 3308 Domino.
2846 3255 2961 3309 Dixi
3011 3273 3022 3308 :
3075 3255 3477 3323 Pronuntiabo,
3519 3271 3619 3311 non
3659 3254 3858 3308 adversum

2355 3346 2518 3400 Dcmn
2544 3388 2558 3410 ,
2590 3347 2727 3401 sicut
2755 3348 2804 3400 iu
2832 3347 3068 3402 clamore
3099 3347 3388 3416 impietatis
3421 3347 3629 3418 quando
3655 3344 3785 3409 tacui,
3805 3339 3858 3395 sed

2351 3436 2631 3492 adversum
2655 3453 2740 3492 me
2767 3438 3074 3506 injustitiam
3102 3454 3273 3493 meam
3302 3439 3549 3493 Domino.
3573 3435 3637 3492 Et
3663 3448 3707 3490 tu
3728 3432 3857 3488 remisi-

2351 3529 2416 3582 sti
2441 3529 2745 3598 impietatem
2776 3529 2943 3582 cordis
2970 3529 3068 3582 ntci
3092 3545 3111 3583 :
3141 3528 3361 3583 audiens
3389 3543 3576 3584 vocem
3598 3521 3857 3582 confessionis

2352 3621 2403 3675 in
2426 3620 2584 3676 corde
2605 3662 2619 3682 ,
2642 3630 2924 3690 antequam
2952 3635 3083 3674 voce
3111 3621 3462 3688 proferretur.

2422 3711 2476 3766 6.
2522 3710 2670 3783 [vei-s.
2739 3711 2816 3782 6.]
2863 3709 2970 3766 Pro
3007 3713 3102 3765 hac
3128 3712 3288 3764 orabit
3313 3711 3380 3763 ad
3405 3721 3457 3765 te
3480 3711 3634 3764 omnis
3658 3704 3854 3762 sanctum

2361 3816 2584 3876 tempore
2619 3815 2902 3877 opportuno
2949 3821 2968 3859 :
3011 3821 3105 3875 pro
3143 3807 3240 3859 hac
3279 3805 3552 3874 impietate
3583 3801 3735 3859 cordis
3760 3798 3804 3852 ad
3828 3805 3853 3847 te

2352 3899 2527 3953 orabit
2570 3898 2746 3952 omnis
2789 3906 3026 3951 sanctus.
3073 3896 3187 3951 Non
3231 3897 3371 3951 enim
3415 3895 3612 3951 meritis
3634 3894 3728 3949 suis
3751 3885 3852 3943 sancti

2353 4000 2539 4056 erunt,
2573 3989 2665 4044 sed
2695 3989 3090 4058 opportunitate
3115 3989 3389 4058 temporis,
3415 3987 3517 4042 hoc
3538 3997 3614 4042 est
3635 3987 3681 4042 in
3699 3983 3851 4038 advenit

2352 4086 2468 4154 ejus
2494 4084 2580 4154 qui
2609 4098 2706 4138 nos
2734 4099 2762 4136 a
2792 4083 3022 4153 peccatis
3044 4082 3286 4136 redemit.
3319 4080 3657 4136 Verumtamen
3678 4078 3721 4131 in
3734 4071 3851 4128 diluit

2352 4191 2601 4247 aquarum
2627 4174 2899 4228 multarum
2919 4213 2935 4236 ,
2966 4173 3034 4226 ad
3057 4189 3168 4226 eum
3196 4189 3293 4226 non
3318 4170 3850 4244 appropinquabanth

2353 4278 2652 4322 rumtamen
2685 4281 2842 4321 nemo
2871 4265 3158 4319 arbitretur
3181 4306 3197 4331 ,
3229 4279 3348 4318 eum
3382 4273 3597 4334 repente
3630 4261 3730 4314 linis
3751 4265 3851 4310 vene-

2354 4360 2455 4424 rit,
2499 4358 2636 4412 sicut
2674 4357 2726 4410 iu
2764 4355 2950 4411 diebus
2992 4354 3136 4421 Noe,
3180 4370 3459 4410 remanere
3490 4343 3849 4409 Ctlnrt‘SSlDlllSIO'

2355 4465 2475 4505 cum
2496 4491 2512 4516 ,
2547 4464 2642 4518 per
2668 4463 2822 4518 quam
2853 4448 3234 4518 propinquetur
3259 4447 3324 4502 ad
3353 4448 3542 4502 Deum.

2426 4545 2478 4596 7.
2527 4540 2674 4613 [vers.
2716 4540 2795 4611 7.]
2861 4539 2936 4594 Tu
2976 4540 3100 4593 milii
3141 4556 3191 4594 es
3225 4541 3476 4611 refugium
3509 4555 3540 4591 a
3573 4548 3768 4608 pressura
3787 4538 3849 4596 φιτ

2356 4633 2686 4690 circumdedit
2727 4649 2806 4687 me
2836 4648 2853 4686 :
2886 4641 2938 4686 tu
2967 4630 3094 4686 mihi
3123 4645 3181 4685 es
3206 4630 3464 4701 refugium
3494 4647 3521 4684 a
3553 4639 3760 4700 pressura
3781 4631 3849 4687 pet-

2355 4736 2595 4784 catorum
2620 4766 2635 4792 ,
2661 4740 2779 4797 qua:
2801 4724 3148 4780 circumdedit
3175 4739 3270 4778 cor
3289 4739 3486 4780 meum.
3511 4718 3845 4776 Exsultationw.

2356 4819 2546 4874 redime
2582 4833 2662 4872 me
2697 4833 2728 4870 a
2769 4815 3194 4870 circmndantibus
3238 4832 3317 4869 me
3344 4831 3363 4869 :
3393 4816 3445 4870 in
3477 4823 3529 4870 te
3555 4811 3671 4868 mihi
3697 4816 3848 4868 esteat"

2356 4908 2502 4964 dium
2523 4951 2539 4976 ,
2585 4907 2788 4964 redime
2822 4922 2910 4963 me
2934 4906 3002 4962 ab
3029 4921 3090 4962 ea
3118 4906 3327 4961 tristitia
3353 4947 3368 4973 ,
3393 4920 3547 4977 quam
3576 4901 3688 4958 mihi
3709 4902 3845 4968 peccata

2359 5015 2477 5056 mea
2503 4999 2720 5055 faciunt.

2429 5093 2483 5148 8ο
2527 5092 2678 5164 [υενδεο
2719 5089 2798 5163 8ο]
2844 5089 2924 5164 (b)
2979 5090 3274 5161 Responsio
3305 5090 3397 5145 Dei
3429 5107 3440 5143 :
3475 5070 3845 5142 Intellectttmdat’r

2362 5185 2449 5239 tibi
2473 5226 2487 5250 ,
2527 5195 2572 5239 et
2611 5193 2828 5238 statuam
2874 5194 2921 5238 te
2961 5185 3014 5238 in
3039 5184 3121 5238 via
3154 5184 3248 5237 hac
3272 5200 3372 5250 qua
3394 5181 3627 5254 gradieris
3652 5179 3685 5230 ’.
3711 5166 3830 5224 lulelic‘

2361 5287 2505 5332 etum
2545 5277 2681 5332 dabo
2723 5276 2813 5331 tibi
2856 5285 2976 5346 post
3003 5275 3392 5331 confessionem
3416 5316 3430 5340 ,
3463 5283 3518 5329 ιιι
3544 5287 3637 5327 non
3661 5263 3837 5321 recula“

2365 5371 2445 5425 via
2476 5385 2576 5442 qua
2609 5369 2949 5439 ingredieris,
2981 5384 3046 5424 ne
3083 5376 3185 5422 tuae
3217 5368 3487 5439 potestatis
3512 5378 3620 5420 esse
3643 5358 3758 5413 velis.
3784 5348 3829 5400 09

2432 5563 2448 5594 ¹
2476 5560 2698 5623 Plerique
2721 5566 2826 5609 Mss.
2851 5561 3027 5610 omisso
3058 5573 3180 5620 mea,
3207 5565 3480 5609 constanter
3501 5548 3720 5605 habentia
3737 5552 3834 5592 tm"

2365 5636 2495 5682 ηαηι,
2517 5635 2619 5672 sec.
2644 5629 2770 5670 LXX.

2433 5686 2454 5748 ξ
2480 5680 2584 5748 Iuss.
2612 5685 2659 5732 in
2683 5683 2771 5748 hac
2797 5692 2847 5733 et
2871 5687 2918 5733 in
2941 5690 3101 5734 Euarr.
3127 5697 3254 5748 seq,
3277 5680 3570 5747 ingredieris.

2435 5746 2507 5806 (tt)
2534 5744 2814 5806 Diapsahna.

2437 5805 2510 5870 (ιν)
2541 5805 2818 5868 Diapsalma.
