3950 6406
100 355 198 416 157

111 472 306 540 ﬁrmabo
338 487 491 541 super
532 482 581 527 te
619 472 793 528 oculos
819 487 954 527 meos
976 485 995 526 :
1020 470 1092 527 ita
1117 486 1278 543 super
1298 481 1348 526 te
1375 473 1564 526 faciam
1594 472 1686 527 lir-

110 578 236 619 mam
263 562 601 619 dilectionem
628 578 824 619 meam.

174 658 222 712 9.
256 656 417 730 laets.
449 655 530 730 9.]
563 655 739 712 Nolite
766 673 874 712 esse
896 656 1026 712 sicut
1050 673 1207 729 equus
1249 667 1299 711 et
1327 658 1495 712 mulus
1520 696 1535 723 ,
1567 658 1683 727 qui-

109 750 189 801 bus
226 764 324 800 non
362 757 435 802 est
471 747 775 802 intellectus.
817 746 940 804 Ideo
980 748 1144 817 seipsi
1177 763 1363 818 regere
1386 748 1593 803 volunt.
1624 748 1693 803 Et

110 856 201 893 vox
234 840 514 910 Propheta:
547 857 561 894 :
594 838 659 893 In
690 842 835 910 freno
857 849 905 895 et
929 856 1073 894 canto
1102 839 1341 895 maxillas
1370 856 1543 894 eorum
1571 856 1691 895 con-

88 931 298 999 gii-inge.
337 930 476 1001 Ergo
509 930 592 986 fac
630 930 736 987 illis
777 931 948 996 Deus,
994 930 1135 1002 quod
1176 932 1235 985 tit
1263 945 1402 1002 equo
1424 940 1480 987 ct
1509 931 1687 998 mulo,

94 1004 153 1075 nt
189 1022 360 1091 partis
382 1036 479 1077 eos
503 1037 662 1095 cogas
687 1024 825 1079 ferre
849 1023 1088 1095 regimen
1117 1030 1265 1079 tuum
1286 1064 1301 1091 ,
1328 1023 1417 1094 qui
1442 1040 1545 1077 non
1569 1039 1691 1095 pro-

76 1122 77 1125 ‘
99 1115 342 1184 pinquant
369 1113 439 1167 ad
466 1123 535 1168 te.

64 1242 91 1271 ._.
167 1203 252 1259 10.
297 1201 450 1276 [νει-δ.
498 1202 612 1278 10.]
654 1202 826 1259 Multa
861 1205 1067 1276 ﬂagella
1094 1205 1370 1277 peccatoris
1400 1221 1419 1259 :
1460 1205 1687 1261 multum

74 1295 389 1369 ‘ﬂagellatur
410 1335 426 1359 ,
465 1298 557 1366 qui
596 1311 702 1350 non
745 1298 1009 1351 conlitens
1040 1298 1149 1353 Deo
1179 1306 1392 1367 peccata
1423 1312 1516 1352 sua
1542 1339 1557 1362 ,
1604 1312 1693 1352 se-

44 1392 73 1445 ;
104 1389 273 1459 ipsum
292 1386 394 1441 sibi
411 1397 680 1442 rectorem
699 1401 819 1442 esse
840 1388 970 1442 vult.
996 1387 1297 1459 Sperantem
1318 1398 1485 1441 mitem
1504 1388 1556 1441 in
1581 1386 1691 1442 Do-

99 1480 232 1534 mino
276 1478 621 1534 misericordia
663 1480 994 1534 circumdabit
1040 1496 1058 1534 :
1105 1481 1193 1551 qui
1230 1490 1406 1537 autem
1433 1491 1613 1551 sperat
1639 1481 1691 1535 in

102 1571 326 1626 Domino
347 1612 363 1636 ,
386 1580 438 1627 et
466 1571 515 1626 ei
545 1586 605 1626 se
629 1570 808 1626 subdit
836 1570 1126 1641 regendum
1148 1613 1163 1639 ,
1194 1571 1559 1628 misericordia
1590 1570 1695 1626 cir-

102 1660 372 1718 cumdabit
396 1675 539 1715 eum.

169 1755 256 1810 ll.
305 1752 454 1826 [vers
497 1752 609 1827 ll.]
654 1754 922 1809 Laztamini
965 1756 1016 1809 in
1046 1754 1297 1820 Domino,
1327 1764 1374 1810 et
1407 1755 1653 1809 exsuttate
1677 1795 1691 1819 ,

105 1846 219 1919 justi
248 1862 265 1899 :
298 1844 581 1908 lactamini,
612 1853 668 1900 et
691 1845 974 1912 exsultate,
998 1845 1148 1915 justi,
1182 1860 1289 1900 non
1323 1846 1375 1900 in
1400 1845 1572 1909 vobis,
1600 1845 1695 1901 sed

107 1938 157 1991 in
197 1936 439 1991 Domino.
463 1934 529 1989 Et
556 1936 867 2007 gloriamini,
896 1953 1067 1992 omnes
1093 1938 1216 1991 recti
1241 1936 1392 1991 corde
1423 1953 1442 1992 :
1471 1946 1525 1992 et
1553 1938 1601 1991 in
1631 1953 1696 1992 eo

103 2026 398 2097 gloriamini
443 2042 666 2093 omnes,
715 2026 804 2098 qui
851 2027 1187 2084 intellexistis
1232 2037 1438 2084 rectum
1476 2042 1596 2084 esse
1622 2027 1697 2083 illi

97 2116 287 2185 subdi,
317 2128 375 2174 ut
402 2119 615 2176 caeteris
642 2118 1023 2191 praeferamini.

598 2242 601 2245 ’
654 2250 1049 2308 ENARRATIO
1087 2251 1151 2308 ll.

647 2382 822 2424 εειικο
847 2384 916 2424 ΔΙ)
942 2383 1167 2423 Ρικιιζιί.

167 2481 223 2535 1.
270 2479 517 2537 Psalmus
559 2480 576 2511 ⁸
622 2479 806 2550 gratim
851 2479 945 2536 Dei
987 2488 1041 2535 et
1077 2478 1470 2549 justiﬁeationis
1504 2486 1700 2533 nostra:

87 2572 263 2628 nullis
293 2569 717 2643 praecedentibus
744 2570 948 2637 meritis
975 2570 1192 2631 nostris.
1224 2571 1317 2626 sed
1346 2571 1703 2641 prmveniente

92 2679 199 2719 nos
223 2662 589 2718 misericordia
610 2662 818 2717 Domini
846 2662 939 2717 Dei
957 2662 1147 2729 nostri,
1170 2661 1577 2717 commendatus
1590 2677 1701 2716 ma-

92 2756 246 2810 xime
285 2769 380 2809 ore
411 2754 707 2825 apostolico
726 2795 743 2818 ,
772 2753 911 2808 sicut
939 2753 1245 2824 praecedens
1274 2752 1414 2808 hunc
1440 2753 1700 2823 psalmum

94 2844 262 2902 Icctio
307 2845 552 2899 omnibus
590 2845 886 2909 iutimavit,
932 2859 963 2899 a
1008 2854 1189 2900 nostra
1235 2846 1490 2901 tenuitate
1514 2860 1699 2899 susce-

96 2944 223 3005 ptus
267 2942 351 2990 est
384 2950 504 2989 cum
538 2934 725 2990 Vestra
755 2935 1023 2991 Charitate
1050 2936 1375 2991 tractandus.
1406 2936 1559 2993 Unde
1590 2936 1701 3005 pri-

98 3042 251 3081 mum
308 3025 666 3081 inﬁrmitatem
711 3042 884 3081 meam
932 3026 1261 3082 orationibus
1311 3028 1505 3082 vestris
1551 3042 1702 3082 com-

100 3118 303 3173 mendo
325 3158 340 3184 ,
379 3118 519 3172 sicut
557 3116 687 3173 dicit
721 3118 1037 3187 Apostolus,
1066 3128 1117 3172 ut
1144 3119 1290 3173 detur
1314 3119 1438 3173 mihi
1463 3136 1624 3173 sermo
1648 3119 1703 3172 in

99 3210 364 3279 apertione
406 3211 509 3264 oris
548 3210 648 3264 mei
689 3209 905 3281 (Ephes.
948 3226 1037 3279 v1,
1070 3211 1160 3282 l9)
1185 3254 1200 3278 ,
1233 3212 1311 3267 sic
1342 3212 1485 3283 loqui
1512 3212 1698 3280 vobis,

100 3302 552 3375 quemadmodum
582 3312 637 3359 et
660 3302 790 3358 mihi
821 3303 1002 3360 dicere
1032 3305 1387 3375 periculosum
1411 3321 1516 3359 non
1539 3305 1626 3370 sit,
1649 3312 1703 3360 et

100 3395 257 3451 vobis
282 3394 465 3450 audire
494 3395 725 3450 salutare
755 3394 845 3450 sit.
876 3396 1082 3464 Anceps
1109 3396 1249 3451 enim
1278 3398 1487 3452 animus
1514 3397 1702 3451 huma-

104 3500 250 3552 nus,
295 3496 349 3541 et
387 3485 649 3541 ﬂuctuans
685 3486 825 3541 inter
864 3487 1252 3543 confessionem
1294 3488 1615 3543 infirmitatis
1649 3497 1705 3544 et

103 3578 382 3633 audaciam
411 3580 843 3649 praesumptionis
865 3621 879 3645 ,
917 3580 1228 3651 plerumque
1251 3580 1375 3635 hinc
1400 3588 1558 3651 atque
1578 3580 1703 3637 inde

103 3669 451 3724 contunditur
474 3710 491 3737 ,
535 3679 587 3724 et
613 3670 685 3725 ita
711 3670 1001 3742 impellitur
1028 3680 1085 3725 nt
1111 3671 1160 3726 ei
1190 3671 1245 3727 in
1268 3671 1558 3742 quamlibet
1585 3686 1702 3741 par-

106 3772 214 3818 tem
263 3761 454 3817 cadere
498 3761 841 3832 pr.ecipitium
890 3763 978 3816 sit.
1030 3761 1086 3816 Si
1126 3763 1268 3816 enim
1308 3777 1366 3817 se
1406 3762 1698 3817 inﬁrmitati

104 3853 337 3924 propria:
376 3852 516 3907 omni
540 3868 607 3908 ex
647 3861 799 3922 parte
835 3852 1148 3918 donaverit,
1176 3853 1308 3907 etin
1335 3852 1472 3907 hanc
1498 3853 1702 3922 cogita-

106 3950 307 3998 tionem
347 3958 406 3999 se
443 3944 816 4009 inclinaverit,
865 3953 920 3998 ut
959 3945 1131 4008 dicat,
1174 3944 1295 4013 quia
1337 3944 1702 3999 misericordia

106 4035 203 4090 Dei
253 4034 497 4090 omnibus
547 4036 911 4105 peccatoribus
941 4077 955 4099 ,
1005 4036 1055 4090 in
1105 4035 1426 4104 quibuslibet
1472 4037 1701 4105 peccatis

105 4126 573 4195 perseverantibus
597 4168 610 4191 ,
651 4134 851 4180 tantum
889 4124 1229 4181 credentibus
1251 4128 1371 4196 quia
1400 4126 1538 4181 Deus
1564 4126 1702 4181 libeo

108 4228 212 4283 rat,
246 4218 386 4272 Deus
413 4218 654 4288 ignoscit,
684 4217 751 4270 ita
786 4218 838 4271 in
868 4218 969 4270 line
999 4226 1176 4287 parata
1199 4225 1280 4272 est
1307 4225 1362 4271 ut
1391 4231 1549 4271 nemo
1578 4232 1701 4286 per-

106 4319 195 4365 eat
232 4308 462 4364 ﬁdeiium
495 4310 831 4379 iniquorum;
867 4309 914 4363 id
946 4318 1060 4372 est,
1094 4324 1252 4364 nemo
1297 4319 1478 4379 pereat
1516 4326 1701 4364 eorum

105 4402 196 4472 qui
244 4402 343 4457 sibi
387 4401 607 4464 dicunt,
655 4400 872 4468 Quidvis
900 4401 1121 4467 faciam,
1155 4400 1479 4471 quibuslibet
1503 4401 1703 4456 facino-

106 4494 261 4547 ribus
299 4500 353 4548 et
393 4492 603 4562 llagitiis
644 4492 918 4561 inquiner,
948 4491 1333 4562 quantumlibet
1364 4508 1610 4561 peccem,
1640 4491 1703 4547 liv

103 4584 266 4640 berat
287 4599 373 4639 me
400 4583 540 4638 Deus
561 4582 925 4637 misericordia
946 4599 1061 4646 sua,
1102 4584 1227 4653 quia
1257 4584 1458 4639 credidi
1480 4584 1532 4638 in
1553 4600 1698 4639 eum.

105 4677 213 4745 Qui
256 4691 386 4744 ergo
425 4675 554 4730 dicit
596 4675 862 4730 neminem
912 4676 1084 4744 perire
1127 4677 1337 4741 talium,
1382 4677 1702 4749 cogitatione

105 4768 253 4824 mala
289 4769 572 4823 inclinatur
599 4768 649 4820 in
682 4766 1045 4837 impunitatem
1078 4777 1450 4836 peccatorum;
1479 4777 1533 4823 et
1564 4769 1702 4823 Deus

108 4860 201 4915 ille
245 4858 419 4928 justus
450 4899 465 4924 ,
517 4857 603 4912 cui
655 4866 897 4912 caritatur
943 4855 1302 4911 misericordia
1347 4866 1402 4911 et
1444 4857 1701 4926 judicium

108 4947 287 5019 (Psal.
321 4963 385 5013 c,
418 4947 467 5017 l)
493 4988 507 5013 ,
542 4962 646 5001 non
677 4949 787 5002 sola
813 4947 1197 5013 misericordia,
1222 4948 1317 5002 sed
1343 4956 1397 5002 et
1416 4947 1695 5017 judicium,

109 5042 317 5096 invenit
340 5039 608 5095 hominem
639 5040 777 5095 male
804 5039 871 5094 de
898 5054 956 5095 se
988 5050 1393 5109 praesumentem
1414 5082 1429 5109 ,
1458 5051 1511 5097 et
1534 5041 1601 5097 ad
1623 5042 1701 5097 in-

112 5136 330 5188 lct‘ilum
375 5149 530 5188 suum
577 5131 937 5186 misericordia
979 5132 1072 5187 Dci
1113 5132 1415 5189 abutentem
1449 5174 1464 5198 ,
1511 5144 1568 5189 et
1607 5151 1700 5190 ne-

109 5242 263 5281 cesse
300 5235 380 5281 est
413 5236 472 5280 ut
495 5226 726 5279 damnet.
758 5225 901 5279 Talis
931 5225 1107 5295 itaque
1134 5226 1381 5295 cogitatio
1408 5228 1701 5297 praecipitat

114 5317 383 5371 lioininem
431 5334 444 5371 :
490 5331 591 5385 qua
627 5315 848 5386 quisque
874 5316 1086 5371 territus
1106 5319 1125 5349 ³
1148 5358 1163 5383 ,
1190 5316 1237 5371 si
1259 5331 1318 5372 se
1344 5318 1393 5372 in
1423 5318 1698 5374 audaciam

112 5407 395 5476 quamdam
445 5407 869 5477 priesumptionis
894 5409 1149 5474 erexerit,
1180 5418 1234 5464 et
1269 5409 1335 5464 de
1361 5410 1470 5465 suis
1498 5412 1698 5467 viribus

107 5500 419 5570 justitiaqne
455 5499 890 5569 praesumpserit,
930 5508 985 5554 et
1023 5502 1355 5570 proposuerit
1390 5502 1567 5557 animo
1594 5504 1696 5559 im-

168 5635 328 5708 ‘ttnic
343 5635 566 5708 sermoni
586 5633 751 5707 titulus
778 5635 830 5708 in
853 5641 1086 5708 Reg-.313.
1118 5636 1346 5708 praeﬁxus
1364 5639 1458 5708 iste
1480 5646 1596 5708 est_:
1625 5648 1697 5690 m-

107 5694 788 5810 gmsghcgo
806 5697 828 5746 1
844 5732 860 5757 ,
884 5694 1073 5749 habitus
1106 5694 1263 5749 sermo
1281 5699 1333 5752 in
1354 5699 1521 5763 quinta
1549 5703 1695 5765 ferta,

171 5845 193 5875 ³
214 5840 464 5904 Edd.,qua
484 5839 681 5904 atrisque
699 5848 923 5899 terretur.
946 5850 1002 5898 At
1022 5845 1191 5911 plures
1205 5854 1331 5909 Mss,
1356 5846 1568 5901 territus.

1179 357 1582 414 ENARRATIO
1622 359 1685 414 ΙΝ
1725 357 2045 415 PSALMUM
2076 356 2269 416 XXXI.

3283 372 3388 432 258

1804 471 1951 540 plere
1987 472 2279 540 justitiam,
2323 485 2377 530 et
2415 479 2590 533 omnia
2617 495 2733 551 qua:
2761 481 3139 553 praecipiuntur
3166 486 3219 542 in
3247 488 3390 560 Lege

1797 560 1867 614 ita
1904 561 2076 617 lacere
2112 572 2170 616 ut
2199 564 2249 617 in
2282 566 2426 620 nullo
2451 568 2711 637 oll‘endat,
2738 584 2896 643 atque
2927 576 2976 629 in
3006 586 3269 646 potestate
3294 596 3390 638 sua

1797 666 1857 706 se
1898 652 2094 709 habere
2125 655 2284 711 vitam
2313 672 2461 713 suam
2486 702 2500 727 ,
2533 670 2590 715 ut
2617 665 2835 720 omnino
2864 683 3122 737 nusquam
3150 671 3388 739 labatur,

1798 761 2058 818 nusquam
2085 748 2331 816 deﬁciat,
2356 768 2614 824 nusquam
2639 757 2859 823 titubet,
2895 776 3152 829 nusquam
3174 764 3390 834 caliget,

1797 839 2007 910 sibique
2056 841 2157 897 hoc
2199 843 2430 912 tribuat,
2476 856 2530 901 et
2574 851 2872 917 potentatui
2914 853 3201 909 voluntatis
3230 832 3341 911 sua:
3375 875 3391 912 :
3428 832 3437 883 ί

1797 930 1959 984 etiam
1986 932 2029 985 si
2054 932 2191 989 forte
2214 935 2514 1004 impleverit
2536 940 2713 995 omnia
2736 959 2853 1012 qua:
2872 944 3012 1011 justa
3036 946 3282 1003 videntur
3302 963 3394 1004 co-

1798 1035 1914 1075 ram
1960 1024 2131 1078 ocnlis
2167 1025 2439 1082 hominum
2467 1071 2481 1095 ,
2527 1030 2595 1084 ita
2636 1041 2694 1086 ut
2722 1032 2849 1088 nihil
2883 1035 3181 1093 inveniatur
3206 1040 3257 1093 in
3286 1039 3391 1095 vita

1797 1110 1918 1180 ejus
1942 1154 1957 1177 ,
1998 1113 2138 1182 quod
2183 1118 2349 1185 possit
2387 1120 2704 1188 reprehendi
2744 1123 2811 1176 ab
2855 1123 3194 1195 hominibus,
3226 1129 3394 1198 ipsam

1796 1207 2271 1276 praisumptionem
2340 1209 2793 1285 jactationemque
2858 1220 3122 1286 superbia:
3177 1220 3395 1278 damnat

1801 1292 1958 1349 Deus.
1981 1297 2117 1365 Quid
2148 1299 2308 1369 igitur
2336 1303 2421 1368 lit,
2446 1304 2488 1358 si
2517 1320 2575 1360 se
2606 1305 2766 1362 homo
2789 1308 3198 1378 justilicavcrit,
3242 1323 3297 1369 et
3325 1314 3395 1371 de

1801 1382 2003 1454 justitia
2046 1403 2140 1443 sua
2186 1394 2625 1463 przcsumpserit?
2664 1396 2833 1453 Cadit.
2881 1400 2935 1456 Si
2973 1403 3319 1460 considerans
3343 1417 3399 1462 et

1800 1476 2041 1546 cogitans
2080 1479 2439 1539 inlirmitatem
2470 1501 2620 1541 suam
2652 1498 2705 1543 et
2737 1506 3064 1559 praesumens
3091 1494 3157 1550 de
3184 1497 3396 1554 miseri-

1800 1567 1979 1622 cordia
2011 1570 2101 1625 Dei
2127 1614 2140 1635 ,
2173 1574 2466 1642 neglexerit
2491 1577 2652 1633 vitam
2680 1595 2829 1637 suam
2857 1585 3116 1642 mundare
3146 1603 3175 1643 a
3205 1604 3398 1657 pecca-

1802 1657 1872 1747 tis
1892 1659 2002 1712 suis
2021 1702 2035 1725 ,
2062 1671 2117 1715 et
2144 1676 2202 1716 se
2230 1666 2372 1719 omni
2398 1669 2606 1740 gurgite
2629 1672 2945 1741 ﬂagitiorum
2973 1677 3284 1735 demerserit
3308 1698 3322 1747 ;
3345 1692 3401 1739 et

1802 1746 1916 1816 ipse
1945 1750 2105 1806 cadit.
2138 1753 2494 1827 Prmsmnptio
2516 1759 2582 1815 de
2602 1761 2836 1831 justitia,
2860 1770 3007 1836 quasi
3031 1770 3248 1826 dextera
3278 1746 3396 1831 cSt:

1803 1842 2054 1911 cogitatio
2095 1845 2424 1916 impunitatis
2464 1864 2801 1920 peccatorum
2824 1898 2837 1918 ,
2868 1860 3017 1927 quasi
3047 1861 3260 1918 sinistra
3290 1874 3395 1920 est.

1803 1931 2097 1989 Audiamus
2125 1936 2140 1966 ί
2189 1951 2373 1992 vocem
2417 1940 2506 1995 Dci
2546 1942 2813 1999 dicentem
2841 1948 2994 2002 nobis
3026 1967 3039 2002 :
3073 1950 3156 2004 Ne
3180 1952 3399 2011 declines

1802 2021 1856 2076 in
1897 2024 2155 2080 dexteram
2197 2038 2284 2082 aut
2322 2030 2580 2087 sinistram
2621 2034 2801 2107 (Prov.
2835 2055 2885 2093 tv
2905 2081 2919 2104 ,
2949 2040 3061 2113 27).
3094 2042 3170 2100 Ne
3199 2060 3399 2114 pracsu-

1803 2130 1920 2169 mas
1956 2117 2022 2171 ad
2055 2133 2274 2189 regnum
2305 2121 2373 2176 de
2396 2123 2599 2193 justitia
2634 2138 2746 2191 tua,
2781 2147 2846 2184 nc
2873 2146 3163 2199 pnrsumas
3187 2137 3251 2190 ad
3280 2154 3400 2206 pec-

1804 2206 2030 2262 candum
2071 2210 2138 2266 de
2182 2213 2545 2271 misericordia
2588 2218 2702 2273 Dei.
2750 2222 2831 2276 Ab
2859 2231 3079 2294 utroque
3108 2237 3159 2282 te
3188 2241 3402 2286 revocat

1804 2309 2128 2367 prmceptum
2168 2303 2403 2360 divinum
2432 2323 2446 2369 ;
2493 2316 2547 2363 et
2574 2308 2641 2362 ab
2669 2309 2754 2364 illa
2785 2312 3090 2380 altitudine,
3121 2326 3174 2371 et
3204 2317 3272 2371 ab
3299 2319 3400 2375 ista

1804 2388 2183 2458 profunditate.
2240 2394 2370 2451 Illuc
2443 2398 2486 2452 si
2540 2400 2881 2468 ascenderis,
2934 2406 3387 2477 prmcipitaheris;

1805 2479 1907 2536 hac
1928 2482 1971 2537 si
2004 2482 2181 2553 lapsus
2206 2486 2367 2542 fueris
2388 2530 2402 2554 ,
2434 2488 2780 2560 demergeris.
2808 2493 2919 2558 Ne,
2947 2496 3152 2564 inquit,
3181 2500 3401 2555 declines

1806 2570 1860 2625 in
1897 2572 2155 2629 dexteram
2197 2587 2284 2631 aut
2325 2580 2600 2635 sinistram.
2638 2582 2831 2639 lterum
2858 2586 2977 2640 dico
3002 2589 3143 2658 quod
3172 2590 3402 2649 breviter

1807 2660 1968 2717 ﬁxum
2008 2681 2195 2722 omnes
2234 2670 2414 2724 animo
2462 2676 2724 2728 teneatis:
2773 2676 2850 2731 Ne
2896 2695 3185 2746 prmsumas
3227 2682 3292 2737 ad
3319 2699 3404 2740 re-

1807 2770 1967 2825 gnum
1996 2758 2062 2812 de
2082 2759 2287 2829 justitia
2322 2772 2405 2816 tua
2431 2806 2444 2827 ,
2478 2781 2543 2819 ne
2575 2782 2864 2833 praesumus
2888 2770 2952 2824 ad
2986 2774 3307 2840 peccandum
3335 2775 3404 2832 de

1808 2846 2173 2904 misericordia
2222 2852 2339 2906 Dei.
2384 2854 2751 2925 BeSpondcbis
2799 2877 2811 2911 :
2853 2860 2987 2928 Quid
3019 2877 3147 2931 ergo
3172 2864 3404 2920 faciam?

1808 2937 2051 2995 Psalmus
2080 2941 2178 2997 iste
2203 2942 2360 2999 docet
2380 2961 2476 3001 nos
2509 2964 2522 3001 :
2555 2963 2661 3017 quo
2693 2951 2924 3019 perlecto
2954 2964 3114 3025 atque
3142 2965 3363 3013 tractato
3382 3000 3399 3025 ,

1806 3030 2039 3086 arbitror
2078 3033 2360 3103 adjuvante
2407 3037 2770 3095 misericordia
2800 3043 3040 3111 Domini,
3073 3046 3277 3102 visuros
3303 3064 3403 3105 nos

1808 3124 1944 3178 viam
1990 3125 2074 3180 vel
2118 3127 2204 3183 ubi
2242 3128 2352 3197 jam
2394 3131 2727 3188 ambulemus
2750 3174 2765 3199 ,
2795 3136 2879 3190 vel
2908 3153 3061 3206 quam
3099 3148 3279 3195 tenere
3302 3140 3401 3198 de—

1807 3218 2050 3274 beamus.
2091 3220 2463 3293 Unusquisque
2490 3240 2584 3294 pro
2611 3227 2827 3282 modulo
2858 3244 2954 3284 suo
2978 3232 3189 3298 audiat;
3219 3244 3272 3288 et
3300 3235 3403 3291 sic-

1807 3318 1866 3364 ut
1901 3310 2001 3364 sibi
2042 3314 2286 3368 conscius
2326 3314 2519 3383 fuerit,
2563 3318 2633 3371 ita
2674 3318 2758 3375 vel
2794 3319 2972 3376 doleat
3020 3324 3398 3394 corrigendus,

1807 3402 1890 3456 vel
1936 3403 2163 3473 gaudeat
2203 3408 2596 3477 approbandus.
2642 3408 2697 3466 Si
2740 3426 2799 3467 sc
2832 3412 3075 3471 deviasse
3104 3416 3397 3486 invenerit,

1807 3495 1993 3551 redeat
2035 3506 2090 3552 ut
2114 3498 2169 3552 in
2194 3499 2274 3553 via
2303 3500 2540 3557 ambulet
2568 3519 2581 3555 :
2614 3502 2658 3557 si
2686 3519 2746 3559 se
2775 3504 2825 3558 in
2852 3506 2935 3561 via
2965 3506 3226 3563 invenerit
3244 3550 3258 3574 ,
3286 3526 3402 3564 am-

1807 3586 1954 3642 bulet
1996 3599 2052 3643 ut
2091 3591 2388 3658 perveniat.
2432 3590 2604 3648 Nemo
2643 3594 2713 3649 sit
2752 3600 3012 3665 superbus
3038 3607 3187 3654 extra
3216 3600 3354 3656 viam
3380 3643 3397 3671 ,

1808 3694 1965 3734 nemo
1996 3681 2144 3751 piger
2173 3681 2226 3735 in
2254 3682 2356 3737 via.

1877 3772 1930 3824 '2.
1961 3771 2111 3827 Hunc
2135 3780 2310 3827 autem
2341 3775 2601 3845 psalmum
2629 3776 2695 3832 ad
2716 3793 2833 3834 eam
2861 3780 3080 3851 gratiam
3106 3782 3396 3854 pertinere,

1808 3877 1911 3931 qua
1961 3862 2235 3918 christiani
2289 3880 2503 3932 sumus,
2547 3876 2770 3925 testatus
2822 3880 2902 3925 est
2944 3873 3215 3940 apostolus
3258 3874 3397 3931 Pau-

1807 3949 1890 4004 lus
1934 3968 1945 4002 :
1996 3951 2135 4007 unde
2179 3952 2347 4022 ipsam
2394 3955 2675 4012 lectionem
2746 3958 2898 4014 vobis
2955 3962 3055 4032 legi
3111 3964 3394 4021 voluimus.

1809 4041 1920 4097 lloc
1944 4042 2075 4097 dixit
2099 4044 2406 4115 Apostolus,
2435 4062 2558 4102 cum
2579 4051 2977 4107 commendaret
2995 4053 3250 4124 justitiam
3276 4073 3396 4127 qua:

1807 4147 1871 4187 ex
1903 4132 2005 4187 (ide
2034 4143 2151 4199 est,
2208 4134 2463 4192 adversus
2498 4152 2593 4194 eos
2638 4142 2727 4209 qui
2769 4141 3062 4211 gloriantur
3100 4145 3168 4201 de
3190 4146 3396 4216 justitia

1807 4239 1928 4294 qua:
1952 4233 2124 4280 estex
2148 4228 2417 4296 Operibus,
2447 4228 2549 4285 hoc
2587 4231 2661 4285 ait
2689 4249 2703 4285 :
2741 4232 2877 4300 Quid
2918 4250 3037 4305 ergo
3063 4236 3285 4293 dicemus
3308 4240 3394 4295 in-

1808 4316 1999 4370 venisse
2020 4316 2275 4371 Abraham
2302 4328 2497 4387 patrem
2517 4330 2743 4375 nostrum
2765 4325 3039 4379 secundum
3058 4343 3262 4384 carnem
3282 4331 3308 4383 ?
3332 4329 3397 4386 Si

1807 4410 1939 4464 enim
1978 4409 2237 4464 Abraham
2278 4428 2341 4465 ea:
2364 4413 2598 4482 operibus
2618 4416 2936 4485 justi/icatus
2963 4428 3056 4485 est,
3088 4420 3234 4475 habet
3280 4422 3396 4493 glo-

1808 4500 1972 4567 riam,
2001 4502 2091 4556 sed
2115 4519 2216 4556 non
2241 4502 2309 4556 ad
2334 4502 2499 4557 Deum
2536 4505 2714 4574 (Rom.
2744 4522 2817 4572 tv,
2851 4509 2902 4573 l,
2926 4507 3007 4578 2).
3035 4510 3255 4566 Avertat
3282 4512 3398 4583 ipse

1809 4594 1950 4649 Deus
1977 4610 2006 4648 a
2032 4596 2187 4651 nobis
2231 4597 2388 4652 talem
2433 4598 2677 4668 gloriam,
2718 4609 2772 4657 et
2836 4600 2965 4656 illud
3000 4603 3177 4673 potius
3215 4604 3399 4661 audia-

1807 4699 1926 4739 mus
1953 4700 1968 4738 :
1998 4685 2098 4751 Qui
2121 4687 2389 4756 gloriatur,
2417 4688 2471 4742 in
2488 4686 2706 4744 Domino
2730 4691 2973 4762 glorietur
2998 4692 3043 4762 (ι
3067 4694 3183 4749 Cor.
3214 4712 3251 4758 ι,
3276 4696 3391 4767 5i).

1806 4772 1952 4828 Multi
1980 4775 2123 4830 enim
2151 4776 2443 4847 gloriantur
2469 4777 2538 4834 de
2563 4781 2834 4850 operibus,
2863 4790 2919 4838 et
2961 4782 3168 4840 invenis
3195 4787 3393 4843 multos

1807 4882 2042 4938 paganos
2075 4879 2353 4939 propterea
2381 4870 2522 4925 nolle
2547 4871 2661 4927 fieri
2689 4872 3009 4930 christianos
3028 4916 3043 4941 ,
3073 4878 3195 4947 quia
3235 4881 3389 4949 quasi

1808 4958 2079 5016 sulllciunt
2102 4961 2200 5016 sibi
2230 4962 2298 5017 de
2325 4961 2463 5018 bona
2485 4963 2593 5018 vita
2621 4978 2737 5019 sua.
2762 4964 2905 5021 Bene
2928 4967 3105 5023 vivere
3134 4985 3267 5040 opus
3289 4980 3392 5039 est,

1808 5052 1882 5106 ait
1912 5070 1925 5106 :
1958 5050 2080 5122 quid
2108 5052 2237 5105 mihi
2261 5062 2623 5124 praecepturus
2649 5064 2731 5111 est
2758 5054 3041 5112 Christus?
3068 5059 3288 5117 Utbenc
3314 5064 3395 5119 vi-

1805 5144 1962 5198 vam?
2004 5144 2122 5199 Jam
2158 5145 2293 5200 bene
2338 5145 2461 5201 vivo
2509 5164 2523 5201 :
2573 5147 2700 5218 quid
2753 5149 2882 5205 mihi
2933 5154 3269 5209 necessarius
3307 5164 3392 5212 est

1804 5235 2095 5292 Christus?
2118 5236 2328 5293 Nullum
2356 5238 2699 5295 homicidium
2724 5281 2741 5308 ,
2770 5243 2970 5298 nullum
3000 5245 3225 5311 furtum,
3270 5248 3392 5303 nul-

1804 5328 1907 5383 lam
1935 5330 2172 5400 rapinam
2210 5330 2367 5397 facio,
2408 5347 2497 5388 res
2522 5332 2724 5389 alienas
2749 5349 2856 5389 non
2878 5338 3219 5408 concupisco,
3247 5340 3391 5395 nullo

1804 5418 2066 5475 adulterio
2106 5423 2463 5477 contaminor.
2494 5422 2625 5478 Nam
2649 5424 2952 5480 inveniatur
2978 5428 3177 5497 aliquid
3206 5430 3256 5484 in
3286 5432 3392 5486 vita

1804 5526 1923 5565 mea
1946 5510 2088 5582 quod
2117 5512 2562 5583 reprehendatur,
2600 5525 2653 5570 et
2684 5515 2772 5585 qui
2801 5516 3204 5585 reprehenderit
3236 5520 3395 5576 faciat

1804 5602 2169 5659 christianum.
2204 5604 2373 5660 Habet
2406 5606 2650 5676 gloriam,
2682 5607 2775 5661 sed
2804 5623 2907 5661 non
2955 5608 3022 5662 ad
3052 5608 3237 5663 Dctun.
3273 5610 3389 5668 Non

1803 5702 1980 5751 autem
2005 5695 2083 5752 sic
2108 5705 2259 5767 pater
2284 5703 2469 5752 noster
2500 5696 2789 5753 Abraham.
2817 5696 2944 5754 Haec
2981 5700 3122 5754 enim
3169 5712 3388 5761 sentens

1866 5846 1885 5879 ί
1910 5846 2100 5913 Aliquot
2122 5848 2553 5914 δικηωάἰυὺιαω.

3391 5960 3431 5987 ⁴κ
