3950 6472
635 349 742 410 259

639 467 712 522 tia
737 460 1034 537 Scriptura:
1076 453 1144 539 ad
1183 452 1282 524 hoc
1306 459 1418 524 vult
1447 459 1798 520 intentionem
1827 466 2067 516 nostram
2093 455 2226 514 diri-

639 577 785 635 gere.
826 561 959 630 Quia
1008 557 1150 613 enim
1177 555 1426 623 fatemur,
1455 565 1512 612 et
1535 555 1650 626 ipsa
1678 562 1762 612 est
1801 551 1936 610 ﬁdes
1962 560 2143 612 nostra
2163 549 2232 610 de

641 661 827 707 emt-to
849 647 1151 710 Patriurcha
1170 688 1184 712 ,
1214 646 1304 718 qui
1335 646 1532 722 placuit
1572 646 1682 702 Deo
1707 686 1722 712 ,
1753 649 1814 708 ut
1841 642 2081 704 dicamus
2107 656 2232 701 eum

642 755 696 808 et
723 742 1024 804 noverimus
1065 739 1132 801 ad
1164 739 1336 796 Deum
1366 739 1567 795 habere
1608 736 1833 813 gloriam
1855 776 1872 811 ,
1908 735 1983 792 ait
2005 734 2235 806 Aposto-

641 837 722 892 lus
754 852 768 890 :
798 835 953 894 Certe
982 841 1165 896 notum
1189 839 1273 890 est
1296 831 1449 894 nobis
1467 838 1519 888 et
1537 827 1896 895 manifestum,
1924 828 2046 898 quia
2061 825 2234 884 Abra-

640 928 759 981 ham
791 925 856 980 ad
888 925 1054 980 Deum
1082 923 1244 979 habet
1269 923 1494 995 gloriam
1526 940 1538 976 :
1571 929 1627 985 at
1652 921 1696 980 si
1726 935 1790 979 ex
1809 918 2062 991 operibus
2077 915 2235 990 justi-

621 1011 824 1075 ticatus
842 1024 926 1074 est
943 1014 1234 1082 Abraham,
1250 1015 1411 1076 habet
1429 1014 1674 1088 gloriam,
1697 1011 1791 1068 sed
1814 1010 2005 1071 nonad
2030 1009 2229 1068 Deum:

640 1110 706 1163 ad
737 1110 902 1164 nemo
930 1116 1110 1164 autem
1145 1105 1576 1178 habetgloriam;
1608 1118 1714 1160 non
1745 1116 1871 1174 ergo
1891 1115 1957 1164 ex
1984 1098 2234 1170 operibus

576 1201 958 1282 u’justiﬁcatus
1005 1209 1106 1264 est,
1137 1199 1194 1256 Si
1237 1213 1365 1270 ergo
1396 1213 1500 1257 non
1544 1211 1610 1254 ex
1640 1193 1891 1264 operibus
1911 1189 2235 1282 iustiﬁcatus

557 1260 725 1354 ’δόξει
753 1260 1042 1358 Abraham,
1065 1260 1205 1350 unde
1225 1260 1546 1363 jitstiﬁcatits
1569 1260 1694 1344 esti
1720 1260 1992 1356 Sequitur,
2025 1292 2080 1337 et
2107 1279 2237 1342 dieit

640 1384 783 1442 unde
813 1403 825 1439 :
860 1382 997 1458 Quid
1027 1383 1163 1436 enim
1209 1381 1480 1452 Scriptura
1507 1377 1671 1438 dicit?
1698 1375 1748 1432 id
1776 1383 1890 1444 cst,
1921 1371 2076 1434 Unde
2106 1370 2234 1432 dicit

641 1477 911 1548 Scriptura
939 1472 1284 1544 justiﬁeatum
1307 1467 1620 1532 Abraham?
1647 1465 1868 1522 Credidit
1889 1474 2056 1522 niuem
2074 1461 2236 1521 Alu'ao

644 1569 763 1622 hum
787 1563 919 1638 Deo,
937 1575 983 1619 et
1006 1572 1294 1635 reputatum
1325 1571 1394 1617 est
1420 1561 1494 1616 illi
1524 1559 1592 1620 ad
1611 1557 1866 1632 justitiam
1889 1554 2065 1626 (Rom.
2084 1552 2232 1620 iv,5;

645 1659 774 1716 Gen.
799 1675 890 1727 xv,
919 1660 994 1729 6).
1020 1658 1159 1729 Ergo
1187 1672 1254 1714 ex
1281 1656 1384 1716 ﬁde
1409 1654 1731 1727 justiﬁeatus
1754 1660 1840 1708 est
1869 1647 2162 1706 Abraham.

716 1753 770 1808 5.
801 1749 918 1810 Jam
945 1749 1032 1821 qui
1060 1748 1252 1815 audit,
1295 1763 1401 1804 non
1426 1761 1493 1804 ex
1532 1743 1816 1816 operibus,
1846 1739 1940 1802 sed
1979 1754 2046 1795 ex
2091 1736 2231 1802 ﬁde;

643 1847 890 1908 observet
912 1844 1057 1900 illam
1083 1842 1412 1916 voraginem,
1447 1839 1513 1901 de
1531 1855 1634 1912 qua
1663 1838 1870 1898 loeutus
1895 1849 2014 1896 sum
2037 1832 2235 1894 :Vides

630 1935 770 2009 ergo
791 1980 807 2004 ,
857 1937 977 2013 quia
1008 1952 1071 1995 ex
1118 1934 1256 2006 ﬁde,
1288 1949 1393 1990 non
1423 1948 1488 1994 es
1517 1930 1768 2002 operibus
1793 1926 2112 2000 justiﬁcatus
2153 1930 2238 1983 est

644 2028 951 2093 Abraham;
982 2025 1174 2086 faciam
1203 2041 1332 2098 ergo
1352 2021 1613 2096 quidquid
1644 2021 1786 2085 volo,
1820 2019 1943 2090 quia
1964 2015 2068 2073 etsi
2096 2015 2235 2076 bona

643 2137 803 2195 Opera
837 2135 940 2174 non
974 2118 1236 2186 habuero,
1269 2126 1322 2174 et
1353 2126 1559 2172 tantum
1609 2112 1888 2172 credidero
1933 2111 1984 2166 in
2030 2109 2231 2176 Deum,

647 2213 934 2284 deputatur
962 2211 1089 2267 mihi
1121 2210 1489 2286 adjustitiam,
1517 2207 1574 2262 Si
1609 2206 1750 2264 dixit
1787 2214 1840 2259 et
1868 2202 2124 2268 decrevit,
2154 2200 2235 2259 la—

647 2320 777 2378 psus
807 2303 1086 2362 demersus
1113 2311 1198 2358 est
1229 2319 1242 2357 ;
1267 2302 1313 2357 si
1341 2299 1515 2357 adhuc
1535 2299 1731 2369 cogitat
1757 2296 2070 2362 ctﬁuctuat,
2096 2293 2237 2364 per-i-

645 2397 878 2456 clitatur.
934 2394 1210 2464 Scriptura
1257 2401 1436 2448 autem
1479 2391 1574 2448 Dei
1628 2385 2235 2458 verusquointelleelus,

647 2505 753 2546 non
772 2489 942 2546 solum
974 2487 1415 2558 periclitantema
1439 2483 1676 2555 periculo
1705 2482 1912 2544 liberat.
1943 2479 2038 2536 sed
2067 2477 2236 2538 etde»-

649 2594 883 2636 mersum
906 2594 934 2634 a
967 2577 1228 2650 profundo
1258 2577 1450 2634 elevat.
1483 2573 1802 2646 Respondeo
1831 2587 1960 2642 ergo
1986 2580 2236 2640 tanquam

645 2682 832 2730 contra
863 2671 1198 2741 Apostolum,
1244 2678 1301 2724 et
1345 2667 1467 2724 dico
1502 2667 1568 2728 de
1610 2667 1726 2736 ipso
1763 2663 2070 2728 Abraham,
2093 2659 2236 2732 quod

645 2763 949 2822 invenimus
967 2762 1124 2816 etiam
1158 2761 1208 2815 iu
1235 2759 1471 2832 Epistula
1497 2759 1716 2813 alterius
1751 2755 1999 2826 apostoli,
2026 2753 2118 2824 qui
2146 2767 2237 2810 vo—

645 2854 790 2910 lebat
809 2853 1076 2926 corrigere
1099 2851 1367 2918 homines,
1399 2851 1490 2921 qui
1508 2849 1646 2908 male
1675 2849 2050 2906 intellexerant
2076 2843 2235 2904 istum

649 2945 972 3016 apostolum.
1003 2943 1237 3006 Iacobus
1264 2944 1406 3002 enim
1442 2942 1495 2998 in
1525 2942 1762 3012 Epistola
1790 2955 1908 3008 tua,
1934 2945 2122 2998 contra
2142 2951 2237 2996 eos

643 3039 735 3110 qui
762 3037 1014 3102 nolebant
1042 3036 1178 3093 bene
1207 3035 1419 3108 cperari
1441 3034 1510 3092 de
1543 3034 1656 3090 sola
1687 3033 1792 3092 ﬁde
1819 3039 2233 3104 prrsumentes,

644 3131 813 3201 ipsius
861 3129 1092 3193 Abrabre
1148 3143 1313 3202 Opera
1365 3126 1784 3192 commendavit,
1833 3125 1986 3196 cujus
2043 3123 2237 3182 Paulus

649 3221 808 3284 ﬁdem
839 3239 852 3280 :
878 3229 932 3283 et
971 3235 1077 3280 non
1105 3227 1228 3276 sunt
1256 3217 1356 3278 sibi
1387 3216 1595 3274 adversi
1617 3215 1878 3285 Aposmli.
1903 3215 2236 3276 Dieitautem

646 3325 782 3384 opus
807 3311 1054 3373 omnibus
1102 3318 1322 3376 notum.
1350 3307 1620 3368 Abraham
1650 3307 1818 3366 ﬁlium
1856 3322 2010 3366 suum
2039 3305 2236 3365 immeo

647 3403 869 3467 landum
915 3401 1027 3463 Deo
1071 3401 1264 3462 obtulit
1298 3399 1505 3472 (Jacobi
1550 3417 1608 3469 ιι,
1638 3400 1758 3473 ἳι).
1789 3399 2034 3470 Magnum
2063 3412 2232 3468 opus,

656 3495 753 3558 sed
809 3510 874 3557 ex
953 3493 1077 3554 ﬁde.
1145 3492 1329 3550 Laudo
1387 3491 1962 3569 supermdiﬁcationem
2017 3491 2230 3562 operis,

648 3587 742 3648 sed
793 3586 948 3644 video
985 3586 1110 3642 ﬁdei
1159 3585 1563 3646 fundamentum
1597 3603 1610 3639 :
1643 3584 1802 3642 laudo
1848 3583 2076 3642 fructum
2107 3583 2234 3642 boni

647 3675 857 3748 cperis,
887 3675 980 3731 sed
1012 3677 1064 3730 in
1108 3675 1213 3730 ﬁde
1238 3690 1468 3746 agnosco
1500 3675 1754 3730 radicem.
1809 3674 1863 3732 Si
1906 3684 2084 3730 autem
2130 3673 2235 3731 hoc

647 3776 842 3839 praeter
859 3765 1017 3828 ﬁdem
1048 3778 1247 3826 rectam
1275 3767 1472 3822 laceret
1495 3764 1782 3830 Abraham,
1817 3765 1944 3822 nihil
1974 3764 2048 3822 illi
2076 3764 2235 3834 prod-

649 3853 793 3916 esset
821 3856 1205 3930 qualecumque
1251 3853 1379 3914 illud
1420 3869 1552 3929 opus
1581 3863 1744 3916 esset.
1785 3855 2014 3912 Rursum
2059 3855 2104 3912 si
2156 3856 2234 3914 sie

647 3956 856 4006 teneret
883 3947 1038 4008 ﬁdem
1084 3945 1377 4014 Abraham,
1414 3955 1470 4006 ut
1515 3961 1638 4006 eum
1671 3947 1720 4004 ei
1763 3945 1902 4002 Deus
1947 3947 2234 4016 imperaret

647 4039 839 4104 oll‘crrc
867 4041 967 4096 sibi
1019 4037 1404 4098 immolandum
1446 4038 1612 4100 ﬁlium
1647 4053 1837 4106 suum,
1865 4039 2067 4098 diceret
2090 4037 2233 4110 apud

645 4134 1030 4205 semetipsum,
1076 4133 1192 4192 Non
1237 4131 1410 4202 facio,
1457 4139 1512 4193 et
1555 4141 1731 4192 tamen
1779 4131 1944 4192 credo
1971 4132 2094 4202 quia
2144 4147 2235 4191 me

647 4225 810 4288 etiam
863 4233 1296 4284 contemnentem
1346 4224 1494 4299 iussa
1538 4239 1634 4281 sua
1663 4223 1856 4284 liberat
1897 4222 2069 4288 Deus;
2100 4221 2234 4284 ﬁdes

647 4315 766 4372 sine
791 4315 1044 4386 operibus
1089 4322 1298 4375 mortua
1338 4322 1515 4384 esset,
1546 4322 1601 4372 et
1647 4322 1898 4382 tanquam
1929 4310 2084 4370 radix
2116 4313 2235 4372 sine

649 4407 824 4470 fructu
851 4407 1045 4468 sterilis
1074 4415 1235 4482 atque
1259 4404 1406 4467 arida
1434 4413 1756 4464 remaneret.

721 4501 774 4562 4.
805 4499 941 4568 Quid
984 4497 1162 4576 ergo?
1212 4498 1478 4558 Debemus
1530 4498 1676 4554 nulla
1714 4512 1875 4566 opera
1921 4511 2237 4568 praeponere

652 4591 796 4656 ﬁdei,
829 4590 883 4645 id
924 4598 1006 4646 est
1042 4597 1104 4651 ut
1127 4597 1251 4648 ante
1300 4587 1461 4650 ﬁdem
1491 4628 1508 4652 ,
1537 4588 1815 4660 quisquam
1842 4587 2049 4648 dicatur
2096 4589 2232 4650 bene

649 4681 946 4752 operatus?
987 4680 1062 4742 Ea
1112 4679 1257 4744 enim
1309 4679 1424 4753 ipsa
1450 4693 1610 4756 Opera
1659 4695 1777 4751 qua:
1821 4680 2068 4741 dicuntur
2106 4691 2236 4744 ante

653 4772 834 4839 ﬁdem,
861 4773 1104 4848 quamvis
1131 4773 1410 4834 videantur
1435 4771 1739 4832 hominibus
1775 4773 2076 4842 laudabilia,
2111 4775 2228 4832 ina-

649 4867 736 4923 nia
766 4876 909 4924 sunt.
938 4865 1013 4927 lta
1041 4865 1170 4925 mibi
1213 4865 1457 4927 videntur
1482 4879 1622 4935 esse,
1657 4873 1717 4923 ut
1768 4882 1972 4944 {uagina
2000 4867 2139 4926 vires
2178 4878 2232 4929 et

649 4973 838 5018 cursus
864 4958 1175 5020 celerrimus
1195 4966 1388 5033 praeter
1415 4959 1574 5018 viam.
1597 4957 1769 5020 Nemo
1793 4975 1920 5030 ergo
1956 4969 2232 5032 computet

647 5050 787 5106 bona
825 5064 985 5124 opera
1013 5063 1106 5110 sua
1135 5056 1258 5109 ante
1287 5047 1447 5112 ﬁdem
1481 5066 1496 5108 :
1524 5048 1613 5109 ubi
1639 5048 1771 5110 ﬁdes
1797 5064 1904 5110 non
1946 5059 2062 5111 erat
2084 5091 2099 5117 .
2131 5051 2229 5110 ὑοσ-

647 5157 773 5198 num
801 5154 936 5210 opus
960 5153 1062 5198 non
1090 5146 1224 5201 erat.
1257 5138 1460 5199 Bonum
1487 5141 1630 5202 enim
1655 5155 1792 5210 Opus
1827 5141 2048 5202 intentio
2079 5141 2225 5209 facit,

646 5229 994 5294 intentionem
1035 5228 1167 5290 ﬁdes
1215 5229 1412 5302 dirigit.
1456 5229 1570 5291 Non
1622 5230 1776 5291 valde
1820 5230 2064 5291 attendas
2103 5232 2230 5302 quid

647 5327 807 5380 homo
831 5322 1005 5392 faciat,
1039 5321 1132 5384 sed
1149 5321 1272 5400 quid
1300 5337 1423 5383 cum
1452 5321 1577 5384 facit
1600 5322 1842 5391 aspiciat,
1866 5339 1969 5394 quo
1999 5323 2230 5384 lacertos

643 5418 856 5489 Optimae
911 5415 1309 5489 gubernationis
1359 5414 1571 5488 dirigat.
1616 5413 1724 5474 Fac
1776 5415 1918 5476 enim
1956 5415 2230 5476 hominem

642 5511 841 5583 Oplimc
883 5509 1179 5580 gubernare
1205 5507 1382 5566 navim
1408 5547 1424 5574 ,
1471 5515 1528 5562 et
1552 5505 1854 5583 perdidisse
1895 5521 2003 5578 quo
2029 5507 2228 5577 tendit;

642 5603 766 5672 quid
791 5602 934 5658 valet
955 5603 1076 5674 quia
1099 5610 1429 5664 artemonem
1453 5599 1652 5673 optime
1673 5608 1817 5660 tenet
1835 5641 1852 5669 ,
1880 5602 2083 5674 optinm
2106 5618 2224 5662 me.

641 5702 750 5758 vet,
791 5693 883 5754 dat
910 5708 1126 5763 proram
1164 5691 1435 5763 auctibus.
1483 5701 1640 5756 seret
1662 5707 1734 5759 ne
1754 5692 1926 5761 latera
1943 5694 1958 5777 ε
1983 5693 2227 5768 inuisam

704 5844 720 5877 ⁸
747 5841 967 5910 Plerique
989 5853 1118 5910 Mss,
1137 5843 1296 5898 lateri.

1846 345 1906 406 Β.
1939 340 2308 404 AUGUSTINI
2349 339 2655 402 EPISCOPI
3797 348 3868 411 ιω

2341 464 2460 523 tur;
2491 457 2650 512 tantis
2676 463 2759 513 est
2786 455 3018 522 viribus,
3052 463 3112 520 ut
3135 453 3473 528 detorqueat
3501 456 3677 516 navim
3708 473 3793 529 quo
3811 479 3867 521 te.

2341 549 2432 614 lit,
2467 557 2625 618 atquc
2669 547 2810 603 unde
2841 547 3006 602 velit:
3040 557 3093 603 et
3129 548 3346 612 dicetur
3374 548 3452 613 ei,
3485 546 3873 619 usquamnon”

2340 639 2504 708 dicat.
2532 639 2723 700 Nescio
2755 657 2767 694 :
2798 648 2890 700 aut
2935 654 3044 700 rion
3077 639 3253 706 dicat.
3283 639 3533 705 Nescio;
3557 641 3874 709 redditurum

2342 731 2494 790 illum
2519 741 2732 802 portum
2760 745 2848 795 eo,
2873 747 2972 794 nec
2992 731 3045 792 in
3073 742 3316 802 portum.
3337 731 3448 793 sed
3467 732 3523 792 in
3547 747 3669 790 san
3693 733 3874 794 (inuno!

2342 822 2531 884 Nonne
2583 825 2683 886 iste
2722 833 2922 896 quanto
2973 824 3076 884 sibi
3106 824 3322 888 videtur
3366 825 3431 886 in
3463 826 3876 896 oavigubernandi

2343 915 2531 988 agilior
2559 925 2615 978 et
2653 915 2952 984 efﬁcacior.
2984 924 3132 976 tanto
3169 916 3540 986 periculosius
3593 932 3703 976 eam
3729 921 3792 976 sic
3817 939 3876 992 go.

2343 1007 2554 1076 bernat,
2579 1017 2637 1068 ut
2662 1009 2728 1072 ad
2756 1009 3086 1080 naufragium
3109 1009 3468 1081 properando
3497 1010 3770 1080 perducat!
3786 1017 3875 1078 Tala

2344 1108 2426 1154 est
2449 1109 2501 1155 et
2526 1101 2612 1172 qui
2641 1101 2839 1171 optime
2863 1103 3028 1157 currit
3054 1113 3249 1173 prteter
3269 1104 3449 1159 viam.
3481 1102 3666 1162 Nonne
3684 1120 3875 1179 ageam

2343 1192 2537 1252 melius
2567 1203 2620 1250 ot
2652 1194 3014 1263 tolerabilius.
3047 1205 3106 1256 ut
3153 1197 3672 1268 esset‘gubornator
3714 1200 3789 1262 ille
3814 1205 3875 1258 ali-

2346 1295 2545 1358 quanto
2570 1287 2872 1356 involidior,
2900 1298 2956 1346 ut
2979 1303 3100 1346 cum
3125 1289 3309 1348 labore
3337 1297 3404 1346 et
3424 1291 3614 1362 aliqua
3637 1292 3873 1356 dlllleulute

2342 1377 2699 1447 nubernaettln
2729 1387 2964 1450 regeret.
3011 1391 3067 1438 et
3118 1390 3294 1439 tamen
3335 1391 3562 1440 rectum
3607 1385 3874 1460 debitumque

2343 1483 2560 1530 cursum
2589 1478 2794 1528 teneret
2818 1486 2834 1538 δ
2867 1487 3188 1544 rur5umquo
3218 1474 3309 1531 ille
3335 1475 3558 1546 pigrius
3580 1477 3732 1532 otism
3754 1489 3795 1535 et
3810 1483 3872 1536 lo-

2345 1561 2608 1628 becillius,
2644 1571 2820 1620 tamen
2847 1564 2900 1621 in
2940 1563 3025 1622 via
3046 1564 3374 1632 omlmlaret,
3403 1582 3574 1637 quem
3593 1578 3771 1641 praeter
3787 1574 3873 1628 vlui

2345 1652 2552 1708 fortiter
2577 1657 2853 1710 curreret?
2880 1656 3122 1727 Optimus
3140 1673 3267 1728 ergo
3294 1657 3391 1714 ille
3415 1659 3514 1729 qui
3539 1671 3596 1715 et
3619 1662 3746 1719 viam
3765 1673 3872 1730 tenet,

2342 1755 2399 1804 et
2427 1746 2564 1806 bene
2607 1747 2684 1805 ibi
2723 1747 2961 1809 ambulat
2988 1768 3000 1804 :
3031 1751 3309 1822 sequentis
3346 1760 3541 1808 autem
3573 1756 3704 1825 spei,
3721 1756 3796 1828 qui
3815 1761 3893 1814 cuii

2343 1839 2673 1909 aliquantum
2715 1841 3012 1910 claudicat,
3061 1857 3169 1899 non
3199 1845 3433 1900 omnino
3459 1853 3522 1901 ut
3547 1856 3701 1913 erret,
3731 1858 3893 1922 tum,

2342 1935 2624 2001 maneat‘,
2672 1934 2774 1992 sed
2817 1937 3152 2008 progreditur
3198 1941 3300 1995 otsl
3359 1939 3650 2012 paulatim.
3697 1929 3893 2004 renasci

2343 2025 2488 2083 enim
2515 2026 2844 2096 sperandum
2889 2037 2994 2095 est,
3022 2043 3149 2086 eum
3185 2046 3296 2102 quo
3339 2032 3526 2088 tendit
3549 2033 3709 2090 etiam
3731 2037 3870 2092 tardius

2343 2126 2744 2186 perventurum.
3373 2181 3376 2184 ἑ

2416 2206 2467 2261 5.
2499 2207 2658 2277 Ergo,
2685 2208 2906 2280 fratres,
2932 2225 2998 2271 ex
3025 2211 3129 2276 ﬁde
3162 2213 3504 2290 insuliamus
3530 2225 3612 2273 εει
3638 2217 3867 2274 Abraham:
3892 2233 3893 2290 ἢ

2341 2299 2436 2352 sed
2467 2298 2509 2353 si
2542 2298 2698 2354 ﬁdem
2728 2315 2891 2371 opera
2922 2317 3028 2357 non
3067 2315 3506 2372 prmcesserunt,
3545 2315 3714 2364 tamen
3749 2319 3869 2364 secuti

2343 2398 2488 2444 sunt.
2520 2389 2786 2462 Numquid
2816 2392 2960 2448 enim
2981 2393 3116 2450 ﬁdes
3149 2403 3235 2451 tua
3263 2398 3478 2454 sterilis
3516 2399 3653 2454 erit?
3674 2399 3722 2455 Si
3742 2403 3867 2456 sterilis

2341 2497 2450 2539 non
2477 2496 2556 2549 es,
2583 2483 2780 2539 sterilis
2807 2498 2914 2540 non
2942 2493 3026 2543 est
3050 2486 3184 2557 ipsa.
3224 2487 3450 2559 Aliquid
3473 2489 3607 2544 mli
3643 2491 3862 2554 Cl'cdidiSti,

2341 2584 2396 2631 et
2421 2575 2541 2646 igne
2565 2576 2785 2632 malitia
2812 2585 2918 2633 tuae
2963 2579 3205 2635 radicem
3240 2589 3352 2636 tuae
3393 2581 3526 2638 ﬁdei
3569 2584 3863 2638 concremant.

2343 2666 2490 2722 Tene
2518 2682 2650 2739 ergo
2673 2668 2832 2724 ﬁdem
2859 2679 3195 2741 operatur-us.
3227 2672 3339 2728 Sed
3363 2673 3514 2729 dicis
3532 2715 3548 2741 ,
3596 2673 3704 2729 Non
3730 2673 3866 2728 horai:

2341 2759 2614 2830 apostolus
2631 2759 2844 2815 Paulus.
2864 2761 2978 2816 bno
2997 2761 3097 2820 hoc
3113 2763 3185 2818 alt
3203 2764 3408 2821 Paulus
3421 2765 3696 2836 apostolus
3717 2782 3731 2816 :
3749 2763 3862 2830 Heln,

2343 2851 2515 2923 inquit
2537 2895 2551 2920 ,
2602 2869 2718 2924 qua
2759 2872 2852 2925 per
2891 2855 3212 2911 dilectionem
3237 2867 3498 2928 operatur
3523 2857 3662 2931 (Gal.
3686 2857 3808 2928 7,6);
3835 2867 3864 2912 et

2342 2947 2449 3002 alio
2485 2946 2606 3002 loco
2633 2964 2645 3000 :
2679 2948 2958 3004 Plenitudo
3005 2965 3130 3022 ergo
3157 2951 3302 3022 legis,
3353 2952 3592 3007 cherrima
3624 2950 3771 3024 (Rom.
3793 2965 3862 3012 xm,

2343 3035 2459 3108 {0);
2491 3045 2548 3092 et
2567 3037 2673 3093 alio
2703 3039 2822 3094 loco
2853 3057 2869 3093 :
2899 3039 3080 3095 Omnis
3097 3042 3231 3096 enim
3264 3042 3346 3098 ira:
3379 3044 3441 3097 in
3472 3059 3576 3098 una
3601 3055 3794 3098 sermone
3806 3042 3864 3093 im-

2341 3126 2526 3198 fletur,
2549 3128 2604 3182 in
2625 3145 2684 3184 eo
2706 3130 2841 3200 quod
2859 3132 3104 3200 scriptum
3127 3140 3202 3187 est
3219 3148 3240 3188 :
3261 3131 3473 3206 Dim
3488 3134 3756 3206 proximum
3777 3141 3863 3187 tm

2344 3226 2588 3290 tauquam
2606 3221 2819 3289 “ipsum
2843 3221 2988 3293 (Gal.
3009 3237 3063 3289 ν,
3093 3224 3206 3294 14).
3237 3225 3368 3281 Vide
3401 3227 3452 3281 si
3477 3241 3583 3282 non
3612 3225 3713 3282 ruit
3726 3231 3768 3281 te
3780 3237 3860 3295 ope-

2341 3313 2450 3369 rari
2475 3312 2567 3383 qui
2593 3313 2726 3368 dicit
2755 3331 2770 3368 :
2804 3312 2928 3370 Non
2973 3316 3307 3384 adulterabir,
3343 3316 3473 3372 Non
3502 3314 3860 3390 homicidium!»

2339 3402 2462 3471 cies,
2492 3401 2614 3458 Non
2637 3405 3033 3476 concupiscer,et
3048 3408 3095 3461 si
3118 3407 3255 3477 quod
3277 3416 3350 3464 est
3368 3409 3524 3464 aliud
3548 3404 3856 3470 mandaram

2339 3494 2437 3549 hoc
2457 3511 2685 3552 ser-tom
2697 3499 3065 3569 recapitulatur
3087 3516 3102 3554 :
3123 3499 3320 3572 Diliges
3346 3502 3644 3574 proximum
3658 3511 3780 3556 tum
3790 3505 3860 3552 trr-

2338 3601 2492 3655 quam
2521 3587 2740 3658 “ipsum
2766 3589 3008 3644 :dileetie
3033 3591 3252 3661 proximi
3279 3594 3478 3648 malum
3505 3610 3608 3650 non
3644 3598 3854 3663 operatur:

2340 3677 2620 3738 Plenitudo
2666 3689 2835 3738 autem
2874 3683 3033 3752 legis,
3085 3684 3307 3739 charm:
3338 3685 3537 3758 (Rom.
3567 3701 3675 3752 xm,
3707 3683 3750 3746 9,
3774 3680 3852 3735 illi.

2340 3770 2608 3843 Numquid
2637 3772 2870 3828 charltas
2900 3774 3163 3844 permittit
3191 3777 3394 3848 aliquid
3436 3779 3562 3834 mali
3597 3786 3644 3832 te
3671 3770 3850 3829 dicereet

2339 3879 2496 3933 quem
2519 3865 2730 3935 diligis?
2756 3865 2862 3922 Sed
2893 3867 3032 3923 forte
3060 3869 3434 3924 tantummodo
3463 3870 3586 3925 mali
3616 3865 3731 3923 nihil
3752 3861 3849 3924 lacis,

2339 3971 2447 4011 non
2476 3957 2634 4012 etiam
2667 3959 2866 4029 aliquid
2895 3959 3040 4014 boni.
3089 3960 3301 4031 Ergone
3332 3963 3352 3993 ⁸
3392 3961 3624 4017 charitas
3663 3951 3849 4029 permittit

2344 4055 2397 4104 te
2443 4063 2550 4103 non
2603 4058 2858 4119 praetore
2906 4050 3160 4122 quidquid
3198 4061 3347 4121 potes
3398 4054 3450 4108 ei
3498 4065 3652 4124 quem
3689 4041 3849 4114 diligis?

2339 4137 2526 4194 Nonne
2548 4140 2634 4194 illa
2672 4148 2754 4195 est
2777 4141 3005 4196 ehoritas
3027 4158 3146 4212 quae
3170 4152 3288 4199 orat
3329 4145 3493 4200 etiam
3524 4157 3620 4216 pro
3643 4131 3849 4195 inimicis!

2339 4230 2479 4301 Ergo
2503 4230 2702 4286 deserit
2727 4232 2955 4286 amicum
2977 4274 2992 4297 ,
3023 4233 3114 4303 qui
3133 4233 3268 4288 bene
3295 4244 3445 4304 optat
3467 4230 3704 4290 inimico?
3727 4226 3846 4293 linque

2338 4322 2383 4376 si
2412 4320 2540 4375 ﬁdes
2562 4321 2678 4376 sine
2703 4322 2985 4377 dilectione
3012 4322 3116 4389 sit,
3150 4324 3266 4379 sine
3294 4339 3458 4393 opere
3484 4325 3600 4380 erit.
3629 4321 3696 4376 Ne
3721 4326 3842 4373 antem

2338 4410 2503 4465 multa
2533 4410 2820 4481 eogitesde
2849 4427 3011 4483 opere
3055 4412 3174 4468 ﬁdei
3193 4454 3207 4479 ,
3238 4414 3373 4469 adde
3398 4415 3470 4470 illi
3501 4427 3644 4486 spem
3682 4418 3727 4464 et
3755 4404 3842 4459 dile-

2341 4503 2594 4568 ctionem,
2622 4511 2678 4559 et
2707 4503 2818 4557 noli
2849 4504 3083 4576 cogitare
3110 4505 3236 4575 quid
3261 4487 3666 4576 opererisflpsa
3692 4493 3842 4555 dilatio
3871 4507 3875 4550 ;

2340 4601 2530 4643 vacare
2557 4602 2661 4642 non
2698 4596 2890 4658 potest.
2937 4588 3080 4656 Quid
3124 4590 3266 4646 enim
3310 4591 3378 4646 de
3407 4603 3663 4663 quoquam
3689 4580 3842 4638 homine

2339 4677 2498 4735 ﬁliam
2529 4679 2668 4738 male
2696 4689 2967 4751 operatur,
3001 4681 3103 4736 nisi
3150 4684 3345 4738 amor?
3384 4685 3457 4740 Dn
3492 4683 3614 4739 mihi
3639 4683 3840 4735 νοωηιαη

2338 4783 2573 4827 amorem
2602 4781 2656 4826 et
2695 4772 2827 4826 nihil
2853 4782 3188 4843 operantem.
3220 4774 3442 4845 Flagitia
3461 4818 3476 4839 ,
3507 4769 3762 4830 adulteria,
3786 4761 3836 4814 ia-

2338 4860 2540 4928 eiuora,
2575 4861 2881 4930 homicidia,
2913 4863 3147 4920 luxurias
3176 4881 3384 4933 omnes,
3416 4881 3592 4923 nonne
3606 4874 3735 4917 arnor
3751 4865 3835 4920 ei"?

2337 4953 2508 5008 ratur?
2534 4953 2704 5023 Purga
2730 4969 2863 5024 ergo
2883 4969 3121 5011 antorem
3153 4965 3298 5012 tuum
3329 4977 3348 5012 :
3376 4973 3561 5029 aquam
3583 4956 3785 5010 ﬂuentem
3803 4941 3832 4991 in

2336 5043 2593 5108 cloacam,
2616 5053 2866 5102 converte
2901 5045 2968 5100 ad
3001 5045 3211 5104 hortum
3242 5065 3256 5100 :
3283 5050 3466 5118 crinales
3493 5051 3698 5117 impetus
3724 5034 3833 5092 iam”

2338 5133 2428 5189 bat
2453 5135 2520 5192 ad
2540 5136 2816 5201 mundum,
2843 5137 2974 5191 tales
2991 5136 3258 5192 habeatad
3277 5140 3533 5195 artiﬁcem
3553 5130 3723 5192 mundi.
3743 5123 3829 5178 Num

2336 5227 2485 5286 YObis
2513 5227 2704 5283 dicitur
2728 5244 2743 5281 ε
2765 5227 2907 5282 Nibil
2935 5228 3158 5284 ametis?
3183 5229 3353 5284 Absit.
3381 5229 3540 5302 Pigrl,
3569 5218 3748 5282 mortui.
3769 5210 3830 5302 θος

2338 5317 2587 5384 testandi,
2633 5318 2813 5374 miseri
2857 5318 3044 5385 eritis,
3075 5320 3123 5374 si
3166 5321 3298 5380 nihil
3341 5295 3548 5379 mea.
3577 5295 3827 5400 sinuosa!

2337 5408 2462 5479 quid
2481 5409 2676 5467 ametis
2694 5409 2887 5466 videte.
2921 5411 3090 5466 Amor
3116 5412 3231 5481 Dei,
3254 5428 3405 5470 auter
3428 5408 3638 5486 proximi
3659 5445 3672 5470 ,

2338 5509 2422 5560 tas
2439 5501 2636 5559 dicitur
2665 5520 2679 5557 :
2701 5517 2854 5558 arnor
2877 5504 3084 5574 mundi,
3108 5521 3260 5562 amor
3281 5483 3444 5578 hujus
3465 5500 3656 5562 εωωιῑ,
3681 5483 3824 5559 ουρῖάί·

2335 5604 2415 5650 tas
2443 5593 2652 5657 dicitur.
2699 5593 2970 5674 Cupiditas
3008 5596 3337 5672 refrenetur,
3375 5599 3600 5662 clior-itas
3618 5586 3822 5652 excitetur-

2371 5729 2414 5798 _'
2440 5729 2512 5778 sle
2529 5727 2713 5793 aliquot
2745 5736 2848 5780 Mss.
2872 5729 2958 5782 Am
2981 5740 3116 5796 vero,
3143 5732 3332 5786 omnino
3353 5739 3405 5787 ul
3436 5733 3620 5796 τηε-ω
3638 5718 3822 5781 ὦ*

2329 5801 2443 5841 ηυιο
2461 5799 2612 5847 errat,
2635 5798 2719 5841 aut
2743 5799 2969 5842 remanet.

2399 5855 2506 5904 ἰιι
2522 5861 2627 5906 Mss.
2656 5860 2711 5906 At
2735 5854 2865 5916 ωτι,
2892 5863 3129 5918 Imm
