3950 6410
111 289 195 348 εει
1165 265 1559 354 sustinuit)
1601 285 1663 339 lN
1707 284 2026 342 Ps.\t..\tU.\t
2075 283 2267 354 xxxt.

109 407 204 477 ipsa
232 403 363 461 enim
392 401 624 460 charitas
653 401 787 458 bene
833 401 1104 472 operantis
1130 400 1286 456 datei
1315 415 1464 471 spem
1494 399 1648 453 bona:

106 496 433 555 conscientizn.
463 493 624 565 Spem
646 494 784 549 enim
811 494 946 566 gerit
967 494 1103 549 bona
1123 491 1448 548 conscientia
1479 507 1492 546 :
1523 503 1657 561 quo—

104 591 243 646 modo
283 588 415 643 mala
455 586 778 643 conscientia
832 594 942 642 tota
996 585 1050 640 in
1100 583 1473 655 desperatione
1529 589 1651 649 est,

105 684 166 738 sic
193 680 319 736 bona
355 680 676 735 conscientia
717 688 824 734 tota
858 678 908 732 in
941 693 1056 746 spe.
1105 678 1168 732 Et
1190 685 1345 732 erunt
1385 674 1484 730 tria
1515 673 1652 740 hzcc,

102 772 156 826 de
181 771 360 842 quibus
389 770 514 826 dicit
542 768 832 839 Apostolus
851 810 866 834 ,
924 765 1102 834 Fides,
1135 767 1286 838 Spes,
1316 765 1552 822 Charitas
1591 763 1611 836 (
1634 764 1654 820 1

101 862 200 919 Cor.
229 876 345 925 xm,
376 862 486 927 i3).
516 860 582 915 Et
608 861 712 915 alio
737 860 855 915 loco
884 860 997 930 ipsa
1024 860 1123 914 tria
1142 901 1156 928 ,
1187 857 1281 914 sed
1306 873 1403 929 pro
1430 873 1525 928 spe
1555 857 1656 913 bo-

101 969 202 1008 nam
241 951 613 1006 conscientiam
643 951 821 1020 posuit
863 969 878 1006 :
927 949 1075 1005 Finis
1104 951 1234 1004 enim
1265 949 1503 1020 prwcepti
1532 958 1608 1004 est
1637 988 1653 1015 ,

100 1046 226 1099 dixit.
253 1043 384 1112 Quid
409 1050 491 1098 est
535 1041 654 1098 ﬁnis
679 1041 974 1114 praecepti?
1001 1042 1119 1112 Quo
1147 1043 1494 1113 perﬁciuntur
1520 1057 1658 1114 pras-

99 1146 246 1205 ccpta,
278 1149 378 1190 non
407 1148 514 1207 quo
552 1145 961 1190 consumuntur.
1004 1135 1173 1190 Aliter
1215 1135 1357 1189 enim
1390 1133 1614 1189 dicimus
1637 1175 1654 1202 ,

102 1229 278 1284 Finitus
323 1236 405 1283 est
448 1228 630 1294 cibus;
681 1229 834 1283 aiiter
859 1228 1114 1292 dicimus,
1153 1227 1326 1282 Finita
1356 1235 1438 1282 est
1478 1226 1656 1283 tunica

100 1337 197 1392 qute
231 1319 509 1376 texebatur
538 1338 552 1376 :
586 1320 766 1376 ﬁnitur
804 1320 955 1378 cibus
983 1331 1042 1376 ut
1073 1336 1176 1377 non
1201 1323 1307 1388 sit;
1351 1322 1531 1378 ﬁnitur
1576 1330 1658 1384 tu-

100 1415 193 1467 nica
223 1419 274 1466 ut
293 1410 530 1481 perfecta
572 1412 642 1468 sit
673 1428 686 1468 :
715 1420 769 1468 et
795 1411 881 1468 hic
922 1413 1042 1468 linis
1086 1411 1298 1482 dicitur,
1331 1420 1386 1468 et
1416 1413 1509 1468 ibi.
1539 1410 1656 1468 Non

98 1517 202 1574 ergo
222 1502 300 1557 hic
321 1501 484 1558 ﬁnem
507 1503 759 1579 praecepti
787 1503 938 1571 dixit,
967 1518 1074 1576 quo
1099 1505 1251 1576 quasi
1274 1513 1493 1575 pereant
1520 1519 1657 1582 prte-

97 1603 256 1664 cepta;
289 1593 381 1648 sed
420 1607 531 1664 quo
560 1595 924 1665 perﬁciantur,
975 1605 1027 1651 et
1058 1603 1513 1662 consummentur,
1550 1610 1656 1652 non

96 1692 466 1739 consumantur.
501 1683 650 1740 Finis
685 1699 810 1755 ergo
839 1696 1055 1764 propter
1077 1687 1152 1758 (a)
1186 1687 1282 1742 tria
1315 1688 1401 1746 illa
1438 1705 1450 1741 :
1487 1687 1653 1755 Finis,

97 1777 257 1845 inquit,
287 1777 533 1847 precepti
561 1787 632 1832 est
655 1777 879 1832 charitas
900 1778 962 1832 de
981 1779 1130 1833 corde
1153 1797 1300 1852 puro,
1335 1789 1379 1835 et
1401 1783 1658 1837 conscien-

97 1870 151 1920 tia
185 1867 333 1931 bona,
385 1877 433 1921 et
459 1867 570 1937 ﬁde
610 1885 710 1922 non
743 1869 866 1939 ﬁcta
896 1867 942 1939 (1
965 1868 1096 1925 Tim.
1133 1885 1170 1936 ι,
1205 1870 1284 1944 5).
1314 1871 1417 1928 Pro
1443 1887 1537 1944 spe
1557 1873 1656 1928 bo-

96 1972 192 2012 nam
211 1958 591 2013 conscientiam
619 1959 817 2035 posuit.
842 1959 934 2022 ille
957 1961 1097 2016 enim
1123 1972 1320 2038 sperat,
1346 1964 1434 2040 qui
1462 1963 1654 2021 bonam

96 2049 440 2104 conscientiam
467 2049 634 2121 gerit.
666 2051 834 2118 Quem
868 2065 995 2107 vero
1013 2053 1199 2130 pnngit
1223 2053 1359 2108 mala
1379 2055 1656 2111 conscien-

97 2143 167 2207 tia,
192 2142 401 2197 retrahit
447 2157 516 2198 se
540 2157 570 2198 a
601 2156 718 2215 spe,
747 2153 800 2200 et
829 2160 935 2199 non
969 2145 1067 2204 sibi
1097 2155 1277 2216 sperat
1300 2146 1401 2204 nisi
1429 2147 1653 2204 damna-

95 2231 279 2287 tionem.
324 2231 391 2290 Ut
417 2249 557 2305 ergo
581 2243 762 2305 speret
789 2249 1009 2306 regnum
1029 2277 1044 2303 ,
1077 2235 1273 2292 habeat
1297 2237 1490 2294 bonam
1521 2253 1653 2294 con~

93 2324 369 2391 scientiam;
404 2333 461 2380 et
497 2333 554 2380 ut
583 2325 988 2389 habeatbonam
1020 2323 1420 2400 Conscientiam,
1449 2330 1653 2400 credat,

91 2423 134 2469 et
152 2426 405 2485 operetur.
434 2416 601 2486 Quod
617 2418 787 2478 credit
811 2420 931 2476 ﬁdei
959 2430 1060 2484 est,
1085 2423 1224 2496 quod
1252 2431 1502 2500 Operatur
1527 2423 1656 2484 cha-

92 2504 232 2560 ritatis
258 2516 352 2562 est.
380 2505 490 2563 lito
517 2523 647 2580 ergo
686 2510 804 2564 loco
838 2526 867 2568 a
903 2510 1005 2568 ﬁde
1026 2511 1188 2586 coepit
1218 2514 1532 2584 Apostolus,
1562 2513 1657 2573 Fi-

89 2594 174 2663 des,
193 2595 331 2669 Spes,
355 2597 606 2654 Charitas
630 2615 648 2653 :
677 2597 782 2655 alio
807 2600 926 2658 loco
952 2603 1019 2657 ab
1047 2601 1159 2673 ipsa
1181 2602 1440 2660 charitate
1466 2603 1650 2682 coepit,

89 2685 292 2742 Charitas
309 2688 369 2742 de
390 2688 562 2744 corde
588 2705 732 2761 puro,
767 2700 814 2744 et
840 2691 1141 2746 conscientia
1169 2692 1320 2761 bona,
1353 2705 1400 2748 et
1429 2694 1530 2763 [ide
1546 2713 1648 2752 non

87 2775 199 2842 ﬁcta.
227 2776 375 2833 Modo
401 2793 515 2834 nos
542 2793 570 2832 a
599 2779 776 2835 medio
802 2781 1082 2854 coepimus,
1113 2781 1181 2837 ab
1217 2783 1330 2854 ipsa
1367 2785 1649 2840 conscien-

87 2867 140 2918 tia
163 2876 209 2921 et
249 2881 361 2938 spe.
404 2869 523 2939 Qui
550 2869 696 2933 vult,
727 2869 942 2941 inquam
963 2913 977 2938 ,
1008 2870 1204 2926 habere
1245 2871 1437 2928 bonam
1468 2888 1649 2944 spem,

88 2956 252 3013 habeat
273 2959 480 3015 bonam
502 2959 917 3028 conscientiam;
945 2971 1003 3016 ut
1030 2969 1206 3017 autem
1239 2961 1434 3019 habeat
1457 2964 1650 3021 bonam

84 3051 428 3107 conscientiam
454 3093 486 3117 ,
517 3051 722 3120 credat,
749 3061 806 3108 et
848 3064 1120 3125 operetur.
1145 3055 1188 3110 A
1217 3055 1393 3111 medio
1419 3057 1555 3114 imus
1585 3059 1653 3118 ad

83 3139 258 3196 initium
285 3150 339 3197 et
367 3142 547 3198 ﬁnem
576 3158 590 3198 :
620 3142 843 3211 credat,
871 3152 926 3200 et
953 3153 1226 3215 operetur.
1259 3145 1412 3215 Quod
1441 3148 1647 3220 credit,

85 3229 184 3286 lutei
215 3242 291 3288 est
319 3250 333 3288 :
357 3233 522 3304 quod
549 3228 821 3308 operitur,
851 3233 1125 3292 charitatis
1153 3245 1256 3293 est.

135 3323 180 3376 6.
203 3323 494 3392 Quomodo
541 3340 671 3396 ergo
709 3325 837 3382 dicit
860 3328 1148 3397 Apostolus
1170 3329 1448 3402 iustiﬁcari
1474 3330 1651 3388 homi-

81 3427 199 3480 nent,
233 3415 346 3471 sine
389 3416 666 3486 operibus
711 3432 776 3472 ex
805 3416 910 3473 ﬁde
928 3417 1105 3494 (Rom.
1129 3435 1208 3489 ιιι,
1235 3419 1361 3492 28);
1385 3437 1504 3478 cum
1545 3424 1653 3481 alio

86 3503 328 3562 looodieat
359 3526 374 3561 :
409 3506 580 3562 Fides
616 3521 734 3577 qua
761 3525 852 3578 per
889 3510 1206 3566 dilectionem
1252 3522 1491 3584 operatur
1507 3512 1648 3584 (Gal.

89 3606 131 3657 ι,
157 3594 238 3664 ii)?
257 3595 369 3652 Non
392 3613 528 3668 ergo
551 3597 806 3654 Iacobum
828 3601 1125 3672 apostolum
1147 3601 1331 3671 Paulo,
1361 3604 1453 3659 sed
1473 3604 1648 3676 ipsum

91 3681 278 3742 Paulum
321 3688 422 3758 ipsi
459 3688 634 3744 Paulo
678 3704 1029 3760 Opponamus,
1060 3703 1115 3748 et
1142 3692 1384 3749 dicamus
1412 3696 1460 3750 ci
1494 3713 1506 3749 :
1541 3696 1652 3751 llac

89 3790 168 3828 nos
203 3779 600 3848 quodammodo
651 3783 915 3852 permittis
959 3783 1174 3854 impune
1223 3800 1478 3854 peccare,
1529 3803 1650 3842 cum

87 3865 214 3934 dicis,
247 3872 574 3926 Arbitrantur
604 3873 887 3943 justi/ituri
920 3875 1174 3930 hominem
1216 3893 1305 3946 per
1351 3877 1504 3948 ﬁdem
1534 3880 1650 3933 sine

87 3959 286 4026 operiivus
307 3979 326 4017 :
349 3975 404 4018 ct
431 3964 540 4019 hac
562 3962 714 4030 dicis,
746 3963 903 4020 Fides
930 3980 1044 4037 qua:
1061 3983 1151 4038 per
1173 3966 1488 4022 dilectionem
1530 3985 1651 4039 ape-

81 4060 229 4106 mse.
265 4054 552 4123 Quomodo
598 4058 699 4112 hac
741 4058 892 4127 quasi
932 4070 1152 4114 securus
1195 4059 1284 4126 ﬁo,
1313 4060 1355 4115 si
1396 4069 1647 4132 operatus

82 4153 174 4196 non
198 4143 341 4202 fuere
373 4165 385 4202 :
417 4149 524 4206 hac
561 4156 738 4205 autem
783 4165 882 4207 nec
927 4166 1096 4222 spem,
1129 4168 1228 4209 nec
1275 4155 1444 4225 ipsam
1489 4155 1648 4211 ﬁdem

79 4235 244 4292 sulcos
279 4239 480 4298 habere
528 4241 745 4308 bonam,
771 4243 871 4298 nisi
901 4254 1151 4314 operatus
1189 4245 1342 4302 fuero
1378 4263 1472 4319 per
1517 4249 1651 4305 dile-

77 4325 320 4384 ctionem?
348 4331 605 4402 Teipsum
635 4333 814 4400 audio,
838 4335 1111 4406 Apostole.
1143 4337 1302 4394 Certe
1327 4339 1484 4395 ﬁdem
1519 4340 1649 4398 mihi

83 4413 158 4472 hic
179 4422 286 4479 sine
312 4427 572 4496 operibus
602 4427 682 4482 vis
709 4428 1088 4485 commendare
1118 4446 1130 4483 :
1161 4446 1295 4500 opus
1316 4441 1492 4489 antem
1522 4433 1646 4490 ﬁdei

84 4507 274 4570 dilectio
295 4527 413 4583 est;
442 4533 565 4589 qua:
601 4517 818 4574 dilectio
845 4534 1036 4576 vacare
1062 4536 1168 4577 non
1214 4533 1409 4594 potest,
1441 4526 1542 4581 nisi
1590 4536 1644 4584 et

83 4603 193 4658 mali
212 4608 334 4662 nihil
361 4620 633 4680 operetur,
654 4620 705 4666 ct
733 4612 987 4684 quidquid
1015 4624 1190 4686 potest
1219 4617 1343 4672 boni
1370 4627 1640 4688 operetur.

84 4690 202 4784 Qttid
223 4701 364 4755 enim
395 4701 522 4756 facit
546 4703 795 4760 dilectio?
823 4705 1032 4761 Declina
1049 4725 1078 4761 a
1097 4709 1250 4775 malo,
1275 4720 1320 4764 et
1357 4715 1440 4784 [ac
1463 4712 1649 4768 bonum

87 4781 246 4849 (Psat.
287 4805 470 4856 xxxvi,
502 4793 616 4863 37).
669 4793 815 4851 lianc
862 4811 988 4867 ergo
1033 4798 1190 4853 ﬁdem
1240 4781 1367 4857 sine
1394 4805 1645 4873 Operibus

83 4879 432 4949 commendas;
458 4893 514 4939 et
547 4887 651 4941 alio
696 4888 811 4943 loco
853 4888 986 4944 dicis
1017 4908 1029 4944 :
1060 4889 1171 4944 Etsi
1206 4893 1357 4961 [idem
1405 4895 1643 4968 habeam,

82 4964 143 5019 ita
159 4980 207 5023 ut
225 4983 414 5030 montes
438 4979 756 5048 transferam,
777 4982 1070 5039 charitatem
1095 4995 1262 5041 autent
1289 5005 1386 5043 non
1409 4964 1641 5066 habeam,

84 5059 196 5114 nihil
218 5065 338 5156 mihi
391 5072 592 5138 prodest
613 5073 663 5143 (1
693 5074 808 5129 Cor.
827 5092 938 5145 xm,
964 5077 1057 5148 2).
1090 5079 1227 5150 Ergo
1252 5081 1295 5136 si
1324 5081 1451 5138 nihil
1479 5059 1644 5156 prod;

83 5159 153 5204 est
185 5155 309 5212 ﬁdes
350 5160 471 5216 sine
506 5163 761 5222 charitate
786 5209 800 5232 ,
847 5167 1078 5224 charitas
1131 5179 1306 5227 autem
1355 5175 1442 5230 ubi
1481 5155 1646 5235 inerit

84 5250 384 5303 necesseest
412 5258 472 5304 ut
511 5266 780 5324 operetur,
821 5257 954 5313 ﬁdes
1003 5260 1111 5331 ipsa
1161 5277 1258 5332 per
1305 5263 1640 5324 dilectiOncm

84 5340 331 5432 operatur.
360 5338 642 5404 Quomodo
685 5361 812 5418 ergo
845 5349 1220 5419 justiﬁcabitur
1266 5356 1426 5413 homo
1451 5376 1546 5432 per
1575 5362 1641 5416 ﬁ-

84 5416 189 5476 dem
211 5425 322 5518 sino
347 5434 634 5499 operibus?
659 5416 961 5511 Respondet
986 5444 1097 5516 ipse
1122 5447 1406 5518 Apostolus
1513 5452 1643 5511 Pro-

87 5517 248 5576 plerea
273 5517 374 5574 hoc
401 5521 494 5577 tibi
513 5525 642 5594 dixi,
664 5543 697 5584 ο
713 5529 894 5598 homo,
912 5549 977 5589 ne
993 5539 1138 5607 quasi
1169 5517 1234 5595 de
1252 5543 1502 5612 operibus
1534 5548 1636 5603 tuis

86 5610 386 5666 minem
431 5615 699 5691 videreris,
725 5631 777 5680 et
825 5627 1017 5684 merito
1059 5610 1299 5700 operum
1329 5643 1536 5694 tuorum
1587 5648 1639 5695 te

139 5755 210 5821 (⁸)
231 5766 384 5828 los-te,
403 5775 652 5838 prterepti.

3236 303 3346 364 269.

1761 399 2030 467 accepisse
2078 399 2198 457 ﬁdei
2243 403 2498 482 gratiam.
2550 386 2668 460 Noli
2721 422 2848 480 ergo
2909 424 3229 490 praesumere
3277 419 3345 475 de

1761 491 2010 566 Operibus
2029 502 2154 548 ante
2182 493 2358 549 ﬁdem.
2383 495 2604 552 Noveris
2630 498 2750 569 quia
2779 510 3110 569 pcccatorem
3140 514 3192 561 te
3215 507 3345 564 ﬁdes

1761 580 1982 646 invenit,
2016 583 2117 637 etsi
2149 593 2198 639 te
2227 585 2357 640 ﬁdes
2381 586 2499 642 data
2529 587 2651 643 fecit
2682 587 2906 658 justum,
2939 591 3156 664 impium
3194 598 3345 654 inve-

1760 675 1835 729 nit
1858 689 2013 746 quem
2047 675 2246 734 faceret
2282 678 2503 749 justum.
2536 682 2786 750 Credenti,
2813 685 3000 756 inquit,
3029 689 3080 742 in
3110 705 3224 742 eunt
3263 696 3348 760 qui

1729 839 1732 842 ὶ
1749 766 2001 838 justiﬁeat
2019 766 2250 840 impium,
2267 772 2536 844 deputatur
2555 773 2680 840 ﬁdes
2700 777 2807 846 ejus
2828 778 2896 830 ad
2901 779 3153 850 justitiam
3169 782 3190 856 (
3196 782 3346 838 Rom.

1759 873 1831 925 tv,
1865 857 1943 930 5).
1973 860 2030 916 Si
2062 859 2384 932 jttstiﬁcatur
2428 863 2642 936 impius,
2675 880 2739 921 ex
2771 867 2933 938 impio
2961 871 3018 924 iit
3059 870 3234 942 justus
3264 893 3277 930 :
3303 877 3348 932 si

1759 963 1825 1004 ex
1853 949 2020 1021 impio
2045 951 2222 1022 justus
2252 953 2331 1022 ﬁt,
2356 970 2474 1026 qua:
2505 965 2629 1012 sunt
2655 972 2816 1028 opera
2843 961 3158 1031 impiorum?
3179 965 3350 1024 Jactet

1760 1041 1919 1096 etiam
1971 1043 2164 1122 impius
2209 1060 2372 1117 opera
2420 1063 2537 1116 sua,
2584 1059 2640 1106 et
2687 1049 2866 1107 dicat:
2901 1054 2978 1109 Do
3005 1060 3345 1128 pauperibus,

1760 1130 1890 1186 nihil
1914 1131 2071 1188 alicui
2100 1133 2305 1202 aufero,
2333 1151 2440 1193 non
2467 1154 2691 1195 uxorem
2720 1142 2949 1198 alienam
3000 1150 3344 1218 concupisco,

1761 1237 1867 1278 non
1893 1239 2210 1297 quemquam
2258 1229 2465 1296 occido,
2496 1230 2624 1286 nulli
2664 1231 2902 1289 fraudem
2948 1234 3103 1306 facio,
3131 1239 3347 1311 deposi-

1760 1321 1872 1369 tum
1912 1316 2053 1386 apud
2100 1333 2187 1374 me
2230 1318 2378 1374 nullo
2429 1330 2565 1378 teste
2607 1335 2963 1394 reprtesento;
3008 1328 3122 1384 haec
3169 1334 3348 1390 omnia

1760 1405 1902 1461 dicat
1933 1423 1950 1463 :
1975 1423 2159 1480 qumro
2189 1419 2363 1467 utrum
2393 1413 2512 1483 pius
2536 1415 2625 1482 sit,
2649 1430 2715 1471 an
2745 1417 2953 1488 impius.
2991 1419 3058 1475 Et
3083 1425 3348 1493 quomodo

1758 1510 1876 1552 sum
1921 1498 2137 1569 impius,
2188 1501 2378 1573 inquit,
2432 1507 2531 1560 Ista
2578 1505 2817 1562 faciens?
2842 1509 3121 1582 Quomodo
3160 1513 3254 1579 illi,
3282 1515 3350 1572 de

1759 1587 1953 1657 quibus
1977 1588 2178 1645 dictum
2206 1601 2287 1647 est
2322 1610 2334 1646 :
2366 1592 2438 1648 Et
2467 1596 2745 1650 seruierunt
2773 1609 3017 1654 creatura:
3035 1601 3382 1675 potiusquam

1757 1675 2005 1744 Creatori,
2036 1681 2122 1752 qui
2147 1691 2218 1736 est
2248 1681 2533 1738 benedictus
2570 1685 2622 1740 in
2647 1687 2834 1742 sarcula
2859 1687 2967 1759 (Id.
3001 1706 3038 1758 ι,
3059 1691 3176 1766 ‘25).
3203 1671 3374 1763 Quo:

1757 1767 1920 1824 modo
1945 1784 2005 1825 es
2029 1771 2259 1843 impius?
2284 1771 2420 1841 Quid
2452 1775 2496 1829 si
2521 1774 2589 1830 de
2613 1776 2694 1830 his
2719 1780 3002 1834 omnibus'
3032 1782 3187 1839 bonis
3216 1773 3366 1856 ope-.3

1758 1859 1925 1927 ribus,
1954 1870 2048 1917 aut
2086 1861 2212 1917 illud
2243 1877 2427 1933 speras
2451 1865 2590 1935 quod
2636 1870 2954 1945 sperandum
2986 1880 3090 1942 est,
3117 1874 3210 1930 sed
3241 1891 3346 1931 non

1757 1947 1824 2004 ab
1854 1949 1944 2004 ilio
1970 1963 2001 2004 a
2030 1966 2137 2024 quo
2187 1953 2510 2023 sperandum
2554 1965 2664 2023 est;
2691 1969 2784 2013 aut
2828 1959 2930 2016 hoc
2973 1975 3174 2032 speras,
3205 1967 3347 2036 quod

1758 2039 2078 2108 sperandum
2123 2057 2230 2098 non
2281 2052 2382 2111 est,
2435 2046 2595 2100 etiam
2639 2047 2706 2102 ab
2756 2048 2847 2104 illo
2885 2065 2914 2104 a
2970 2068 3077 2123 quo
3148 2065 3346 2113 aeterna

1755 2129 1864 2184 vita
1910 2131 2171 2201 speranda
2220 2133 2335 2188 est?
2365 2133 2469 2190 Pro
2507 2135 2660 2192 bonis
2699 2139 2949 2209 operibus
2979 2147 3203 2214 sperasti
3237 2156 3347 2201 ter-

1756 2234 1940 2275 renam
1985 2222 2268 2292 quamdam
2300 2223 2630 2292 felicitatem,
2661 2229 2854 2300 hnpius
2882 2246 2959 2286 es.
2995 2232 3111 2288 Non
3136 2245 3217 2290 est
3244 2235 3347 2296 ista

1761 2325 1971 2367 merces
2009 2310 2154 2368 ﬁdei.
2213 2313 2348 2369 Cara
2393 2330 2481 2372 res
2535 2327 2617 2373 est
2673 2318 2828 2388 fides,
2869 2323 2957 2377 vili
3009 2324 3152 2381 illam
3192 2327 3346 2384 addi-

1757 2402 1934 2458 xisti'.
1959 2403 2157 2475 impius
2181 2421 2309 2477 ergo
2335 2421 2415 2476 es,
2440 2417 2494 2464 et
2543 2411 2689 2466 nulla
2741 2422 2866 2468 sunt
2904 2414 3002 2470 ista
3029 2432 3191 2488 opera
3235 2429 3345 2476 tua.

1759 2493 1973 2550 Moveas
2016 2495 2140 2552 licet
2173 2497 2226 2552 in
2267 2497 2422 2556 bonis
2466 2501 2714 2570 operibus
2751 2502 3002 2574 lacertos,
3036 2516 3089 2563 et
3118 2509 3348 2568 videaris

1758 2584 1938 2640 navim
1983 2588 2186 2656 optime
2230 2591 2549 2660 gubernare,
2583 2593 2636 2648 in
2685 2608 2812 2650 saxa
2859 2596 3098 2654 iestinas.
3126 2599 3262 2669 Quid
3301 2603 3348 2659 si

1759 2676 1903 2746 quod
1927 2677 2250 2746 sperandum
2299 2688 2382 2736 est
2405 2695 2612 2752 speras,
2643 2685 2695 2739 id
2742 2695 2825 2741 est
2865 2687 3024 2742 vitam
3069 2701 3346 2762 aeternam,

1760 2768 1856 2823 sed
1905 2782 2011 2824 non
2041 2785 2072 2826 a
2105 2770 2328 2828 Domino
2381 2774 2493 2830 Deo
2543 2791 2642 2845 per
2679 2777 2862 2834 Jesnm
2914 2780 3205 2850 Christum,
3252 2803 3348 2857 per

1755 2873 1915 2929 quem
1945 2861 2117 2916 solum
2141 2863 2299 2919 datur
2323 2866 2428 2920 vita
2455 2876 2684 2936 aeterna;
2709 2871 2802 2926 sed
2825 2881 2978 2942 putas
3001 2883 3052 2930 te
3081 2878 3147 2932 ad
3176 2881 3338 2937 vitam

1752 2957 2008 3006 aeternam
2050 2964 2207 3022 posse
2246 2957 2523 3025 pervenire
2566 2973 2662 3028 per
2687 2961 2932 3018 militiam
2962 2967 3104 3034 creti,
3137 2982 3234 3038 per
3257 2984 3348 3026 so-

1754 3040 1859 3098 lem
1889 3051 1944 3100 et
1970 3043 2172 3114 lunam,
2191 3063 2290 3117 per
2314 3058 2605 3119 potestates
2625 3053 2785 3128 aeris,
2802 3065 2851 3110 et
2884 3060 3066 3128 maris,
3091 3068 3146 3115 et
3168 3070 3342 3134 terrae,

1755 3134 2333 3210 etsiderumilmpius
2381 3154 2460 3197 es.
2493 3140 2664 3199 Crede
2703 3146 2754 3200 in
2801 3161 2922 3202 eum
2966 3151 3054 3219 qui
3095 3151 3347 3223 justiﬁCat

1755 3224 1998 3296 impium,
2052 3236 2112 3283 ut
2155 3230 2361 3306 possint
2405 3239 2461 3288 et
2491 3232 2630 3288 bona
2676 3248 2839 3305 opera
2887 3245 2974 3294 tua
3023 3256 3143 3299 esse
3183 3258 3346 3320 opera

1753 3315 1913 3372 bona.
1934 3317 2068 3375 Nam
2099 3335 2198 3376 nec
2231 3319 2367 3377 bona
2397 3323 2483 3378 illa
2514 3325 2912 3395 appellaverim,
2944 3331 3200 3401 quamdiu
3224 3315 3346 3394 non

1749 3410 1824 3466 de
1864 3410 2044 3469 radice
2085 3412 2224 3470 bona
2267 3417 2581 3486 procedunt.
2610 3418 2753 3486 Quid
2781 3431 2861 3477 est
2893 3422 3029 3478 hoc?
3054 3426 3160 3482 Aut
3182 3428 3343 3486 vitam

1755 3504 2107 3573 temporalem
2134 3505 2200 3560 ab
2225 3514 2426 3562 mterno
2468 3508 2578 3564 Deo
2623 3525 2830 3584 speras,
2854 3523 2945 3569 aut
2988 3517 3151 3573 vitam
3191 3528 3348 3576 acter-

1754 3607 1876 3648 nam
1894 3609 1923 3648 a
1947 3593 2280 3652 dtemonibus
2301 3612 2488 3668 speras
2513 3617 2526 3654 :
2551 3599 2604 3655 in
2625 3602 2857 3672 qualibet
2875 3615 3025 3675 parte
3050 3608 3242 3679 impius
3263 3625 3342 3667 es.

1753 3682 1973 3756 Corrige
1996 3686 2176 3751 ﬁdem,
2193 3687 2359 3759 dirige
2386 3687 2542 3746 ﬁdem
2556 3691 2598 3756 ³,
2621 3691 2792 3766 dirige
2819 3696 2960 3752 viam
2995 3716 3008 3753 :
3041 3709 3093 3754 ct
3111 3701 3155 3755 si
3179 3701 3345 3760 habes

1753 3774 1925 3830 bonos
1951 3776 2135 3847 pedes,
2163 3777 2372 3833 ambula
2389 3779 2500 3849 jam
2527 3796 2765 3852 securus,
2789 3800 2966 3856 curre,
2990 3791 3128 3845 viam
3156 3799 3303 3849 tenes
3328 3813 3342 3851 :

1753 3875 1953 3937 quanto
1997 3870 2186 3925 melius
2234 3875 2552 3939 cucurreris,
2584 3882 2732 3931 tanto
2774 3877 2978 3936 facilius
3025 3886 3329 3956 pervenies.

1751 3958 1859 4014 Sed
1911 3961 2045 4017 forte
2088 3963 2353 4020 claudicas
2401 3967 2752 4040 aliquantum.
2803 3971 3002 4030 Saltem
3034 3990 3064 4030 a
3093 3978 3178 4033 via
3224 3981 3334 4036 noli

1753 4051 2037 4120 recedere;
2063 4055 2163 4110 etsi
2212 4056 2435 4123 tardius,
2486 4070 2838 4130 perventurus
2878 4079 2937 4120 es
2967 4085 2979 4120 :
3010 4068 3120 4124 noli
3165 4085 3344 4143 rema-

1754 4158 1909 4211 nere,
1944 4146 2054 4201 noli
2083 4155 2229 4203 retro
2255 4149 2516 4218 converti,
2545 4152 2652 4208 noli
2681 4153 2916 4213 deviare.

1828 4236 1880 4290 7.
1914 4234 2051 4303 Quid
2085 4240 2246 4310 ergo?
2275 4240 2374 4309 Qui
2414 4251 2536 4297 sunt
2565 4243 2738 4300 beati?
2768 4245 2883 4302 Non
2913 4249 2964 4304 in
2995 4250 3188 4322 quibus
3231 4269 3340 4313 non

1751 4327 2016 4384 invenerit
2055 4329 2196 4385 Deus
2239 4342 2512 4404 peccatum
2540 4350 2699 4391 :nam
2739 4338 2790 4394 in
2837 4341 3084 4398 omnibus
3117 4345 3338 4408 invenit.

1753 4417 1952 4474 Omnes
1977 4420 2119 4476 enim
2148 4435 2524 4493 peccaverunt,
2553 4435 2606 4481 ct
2632 4437 2788 4498 egent
2811 4431 2979 4500 gloria
3009 4433 3104 4489 Dei
3135 4436 3242 4513 (Id.
3262 4455 3338 4508 ιιι,

1751 4507 1869 4575 95).
1901 4510 1956 4566 Si
1987 4526 2116 4583 ergo
2159 4514 2211 4569 in
2243 4515 2489 4573 omnibus
2539 4529 2752 4588 peccata
2778 4507 3341 4592 invenittntur,vrema-

1753 4611 1844 4658 net
1870 4613 1928 4659 ut
1954 4619 2058 4661 non
2090 4607 2196 4662 sint
2222 4607 2383 4677 beati,
2418 4611 2519 4666 nisi
2548 4628 2776 4683 quorum
2816 4619 3037 4675 remissa
3067 4633 3190 4679 sunt
3215 4640 3339 4695 pec-

1753 4703 1891 4751 cata.
1925 4696 2037 4754 lioc
2065 4714 2192 4770 ergo
2219 4700 2505 4772 Apostolus
2536 4705 2612 4760 sic
2639 4710 3031 4766 commendavit
3061 4731 3075 4767 :
3109 4715 3336 4773 Credidit

1749 4785 2006 4843 Abraham
2048 4789 2181 4858 Deo,
2213 4800 2264 4846 et
2307 4804 2597 4864 reputatum
2626 4806 2698 4851 est
2721 4799 2769 4851 ei
2792 4800 2860 4852 ad
2895 4803 3174 4870 justitiam.
3205 4808 3271 4863 Et
3294 4811 3339 4865 ei

1748 4878 1838 4950 qui
1865 4889 2103 4950 operatur
2141 4879 2218 4955 (id
2246 4891 2348 4950 est,
2382 4884 2448 4940 de
2477 4886 2726 4957 operibus
2754 4894 3046 4960 prmsumit,
3070 4904 3124 4950 et
3153 4913 3336 4956 eorum

1748 4971 1938 5025 merito
1953 4971 2052 5027 sibi
2079 4970 2206 5027 dicit
2229 4973 2405 5029 datam
2433 4989 2553 5031 esse
2577 4979 2800 5047 gratiam
2830 4978 2996 5052 ﬁdei),
3030 5001 3220 5042 merces
3237 5005 3338 5046 non

1749 5061 2032 5131 imputatur
2073 5064 2349 5118 secundum
2395 5068 2631 5137 gratiam,
2661 5070 2751 5124 sed
2796 5074 3068 5128 secundum
3117 5079 3338 5137 debitum

1748 5151 1859 5224 (Id.
1888 5169 1960 5221 ιν,
1994 5154 2048 5221 5,
2070 5153 2150 5225 4).
2172 5153 2309 5222 Quid
2339 5166 2420 5211 est
2449 5155 2571 5226 hoc,
2599 5159 2700 5215 nisi
2725 5163 2900 5233 quod‘
2930 5181 3134 5224 merces
3157 5180 3338 5230 nostra

1744 5245 1911 5317 gratia
1969 5248 2228 5303 vocatur?
2255 5248 2310 5304 Si
2339 5251 2506 5322 gratia
2536 5262 2637 5319 est,
2667 5256 2829 5324 gratis
2853 5256 3028 5315 datur.
3063 5260 3198 5328 Quid
3229 5275 3331 5334 cst,

1750 5339 1916 5408 gratis
1961 5337 2152 5393 datur?
2185 5338 2364 5396 Gratis
2420 5353 2646 5399 constat.
2696 5345 2834 5402 Nihil
2888 5349 3010 5405 boni
3043 5351 3248 5422 fecisti,
3277 5367 3332 5412 et

1810 5434 1824 5459 ¹
1840 5428 1984 5504 χλιιι,
2011 5436 2129 5504 Ecce
2152 5431 2385 5504 quomde
2398 5447 2449 5484 es
2465 5433 2658 5504 impius.
2680 5438 2842 5504 Abest,
2871 5449 3017 5504 Ecce,
3042 5458 3069 5492 a
3110 5451 3214 5495 Mss.
3240 5448 3333 5498 sed

1743 5502 1809 5602 fx
1835 5491 1895 5540 iis
1911 5492 2024 5602 lduo
2046 5491 2229 5543 habent
2259 5496 2330 5545 sic
2353 5509 2366 5544 :
2393 5491 2633 5557 (mattde
2653 5512 2706 5550 es
2725 5491 2853 5565 pius,
2877 5491 2977 5566 qui
2996 5491 3337 5562 dehiscit—itit:

1776 5566 1848 5602 us.
1879 5566 1906 5602 e
1929 5566 1974 5602 c.

1776 5566 1848 5612 us,
1879 5562 1974 5604 etc.

1807 5617 1827 5678 ξ
1852 5614 2072 5678 Plerique
2089 5621 2217 5677 Mss,
2241 5615 2511 5671 adduxisti.

1808 5675 1830 5746 .'
1853 5682 1902 5746 Ψ
1921 5675 2026 5728 “33-
2050 5675 2214 5746 (ἔθεείῴ
2239 5679 2396 5744 dirige
2408 5680 2576 5746 ﬁdem.

1806 5737 1828 5768 ι
1851 5737 2276 5824 Μδε.“γίιῑὶο..1ὲες.
2302 5737 2522 5805 eiecto,
2549 5743 2672 5806 Quid
2690 5752 2760 5799 est
2795 5748 2920 5801 hoc!
2944 5761 3128 5810 ,ηαστε
3155 5766 3334 5824 nostra,

1747 5808 1862 5860 etc.,
1879 5803 2074 5862 omisso,
2213 5816 2330 5864 qua“
2348 5837 2362 5855 ι
2510 5803 2517 5805 “
2563 5803 2572 5806 ‘
2970 5803 3004 5810 νγ
3051 5803 3119 5808 ν--
3156 5803 3166 5818 η
