3950 6412
633 340 742 402 263

1842 331 1901 390 S.
1941 327 2310 388 AUGUSTINI
2348 326 2650 387 EPISCOPI
3778 339 3852 401 ισι

635 455 795 511 datur
840 453 935 509 tibi
983 449 1226 507 remissio
1258 455 1634 518 peccatorum.
1668 443 2033 500 Attenduntur
2055 457 2219 513 opera
2335 457 2465 513 ergo
2511 441 2880 514 intelligentia.
2914 452 2971 498 ut
2996 452 3048 501 te
3077 446 3290 503 noveris
3317 455 3666 518 peccatorem.
3693 451 3848 512 (longe.
3922 463 3923 523 ς

639 559 750 617 tua,
774 557 829 604 et
853 544 1197 603 inveniuntur
1224 540 1402 595 omnia
1434 539 1593 594 mala.
1627 537 1684 594 Si
1714 536 1856 608 quod
1879 535 2104 593 debetur
2121 535 2225 591 illis

638 639 907 712 aperibus,
941 637 1078 692 Deus
1121 633 1393 700 redderet,
1421 634 1604 702 utique
1652 630 1932 686 damnaret
1966 648 1978 683 :
2010 629 2226 699 Stipen-

636 735 779 788 dium
806 731 947 786 enim
988 728 1190 800 peccati
1235 741 1381 781 mors
1409 724 1584 798 (Rom.
1615 739 1693 790 vi,
1718 723 1836 794 25).
1869 722 2018 777 Malis
2042 721 2224 792 operi-

638 825 735 880 bus
759 822 885 894 quid
915 820 1162 886 debetur,
1179 819 1280 875 nisi
1303 817 1614 873 damnatio?
1640 815 1803 871 Bonis
1819 813 1944 884 quid
1971 813 2230 869 debetur?

637 921 878 992 Regnum
924 918 1206 975 ctelorum.
1234 914 1314 970 Tu
1361 921 1539 969 autem
1580 912 1634 967 in
1663 910 1818 966 malis
1860 907 2112 978 operibus
2139 907 2226 962 in-

636 1023 823 1069 ventus
849 1027 908 1067 es
937 1030 950 1064 :
982 1011 1028 1065 si
1067 1007 1321 1064 reddatur
1351 1005 1443 1060 tibi
1469 1003 1624 1079 quon
1657 1002 1899 1066 debetur,
1928 998 2229 1071 puniendus

637 1121 718 1160 es.
767 1102 907 1172 Quid
955 1116 1083 1170 ergo
1131 1099 1222 1153 lit?
1275 1096 1391 1153 Non
1441 1095 1535 1151 tibi
1584 1094 1726 1149 Deus
1774 1091 1949 1148 reddit
1995 1089 2228 1144 debitam

636 1210 887 1267 pinnam,
942 1191 1036 1247 sed
1109 1189 1276 1244 donat
1341 1185 1632 1242 indebitam
1683 1183 1941 1254 gratiam.
1992 1179 2232 1234 Debebat

636 1288 948 1348 vindictam,
993 1284 1083 1338 dat
1126 1279 1528 1351 indulgentiam.
1577 1277 1773 1348 Incipis
1830 1289 1958 1346 ergo
2004 1289 2126 1330 esse
2174 1272 2229 1326 in

637 1380 742 1436 ﬁde
774 1394 867 1448 per
898 1375 1306 1446 imlulgentiam;
1335 1373 1445 1443 jam
1472 1371 1602 1427 ﬁdes
1629 1356 1718 1425 illa
1746 1377 2020 1437 assumpta
2055 1381 2150 1436 spe
2175 1374 2232 1420 et

637 1470 923 1526 dilectione
970 1466 1154 1536 incipit
1201 1465 1338 1521 bene
1378 1461 1589 1534 operari
1624 1459 1760 1515 :sed
1799 1474 1899 1516 nec
1949 1468 2075 1512 tunc
2112 1457 2230 1527 glo-

638 1561 812 1626 rieris,
844 1569 898 1615 et
950 1559 1176 1614 extollas
1203 1566 1253 1612 te
1280 1574 1292 1610 :
1320 1563 1590 1610 memento
1619 1567 1647 1606 a
1677 1567 1782 1622 quo
1809 1551 1860 1604 in
1888 1551 1972 1604 via
2023 1548 2228 1618 positus

640 1659 744 1716 sis;
779 1661 1046 1707 memento
1077 1649 1197 1719 quia
1244 1655 1298 1702 et
1323 1647 1465 1701 sanis
1492 1644 1714 1716 pedibus
1737 1653 1794 1698 et
1837 1640 2106 1696 velocibus
2138 1654 2226 1694 er-

639 1748 826 1809 rabas;
857 1752 1125 1800 memento
1169 1741 1289 1810 quia
1317 1739 1419 1795 etsi
1446 1736 1754 1808 languebas,
1785 1743 1840 1790 et
1868 1735 1919 1788 in
1956 1733 2038 1787 via
2069 1731 2232 1787 senii-

635 1839 786 1890 vivus
828 1835 1064 1905 jacebas,
1098 1833 1302 1888 levatus
1330 1846 1390 1886 es
1422 1830 1472 1883 in
1512 1828 1830 1897 jumentum,
1863 1835 1916 1878 et
1945 1823 2229 1894 perductus

634 1928 690 1984 in
717 1928 980 1984 stabulum
1003 1923 1154 1996 (Luc.
1180 1940 1236 1990 x,
1264 1921 1380 1993 '50).
1406 1919 1471 1974 Ei
1491 1929 1682 1984 autem,
1713 1915 1904 1986 inquit,
1925 1915 2015 1986 qui
2038 1930 2226 1983 apera-

633 2030 735 2082 tur,
765 2035 952 2073 merces
986 2033 1086 2071 non
1129 2016 1406 2085 imputatur
1444 2010 1720 2065 scentulum
1761 2007 1997 2078 gratiam,
2028 2004 2118 2059 sed
2144 2020 2227 2059 se-

632 2109 856 2163 cundum
898 2106 1138 2161 debitum.
1178 2104 1234 2159 Si
1284 2103 1363 2158 vis
1407 2116 1528 2156 esse
1566 2099 1773 2152 alienus
1801 2112 1831 2150 τι
1857 2094 2046 2166 gratia,
2084 2094 2226 2164 jacta

633 2200 822 2257 merita
868 2209 976 2254 tua.
1012 2198 1103 2252 llle
1148 2205 1326 2250 autem
1363 2192 1508 2246 videt
1549 2188 1675 2261 quid
1707 2189 1776 2242 sit
1819 2187 1972 2252 inte,
2001 2194 2056 2240 et
2081 2185 2228 2239 novit

631 2291 758 2363 quid
786 2290 869 2345 cui
892 2288 1134 2342 ‘delzeat.
1154 2284 1220 2338 Ei
1249 2299 1360 2338 vero
1388 2282 1474 2354 qui
1505 2296 1604 2334 non
1633 2287 1889 2347 operatur,
1912 2275 2071 2346 quid?
2089 2274 2226 2329 Ecce

634 2396 777 2453 pone
831 2380 1061 2448 aliquem
1115 2375 1334 2445 impium
1388 2381 1744 2443 pec-calorem,
1796 2383 1904 2422 non
1945 2376 2220 2436 operatur.

631 2474 768 2541 Quid
797 2471 1010 2526 autem?
1034 2469 1217 2525 Credit
1245 2466 1462 2522 autcm’
1495 2465 1546 2518 in
1577 2478 1698 2519 cum
1720 2462 1808 2532 qui
1828 2458 2086 2530 justiﬁcat
2117 2459 2221 2512 im-

631 2567 798 2637 pium.
833 2566 907 2619 Ex
935 2579 1000 2619 co
1044 2563 1186 2618 enim
1216 2560 1337 2630 quia
1388 2575 1496 2612 non
1541 2565 1790 2626 operatur
1826 2555 1984 2617 bene,
2031 2551 2224 2622 impius

633 2667 718 2715 est
745 2677 758 2713 :
788 2658 888 2715 etsi
931 2657 1068 2711 bona
1099 2653 1337 2709 videatur
1361 2651 1554 2717 facere,
1577 2658 1775 2713 tamen,
1803 2648 1926 2718 quia
1952 2647 2068 2702 sine
2093 2645 2220 2713 ﬁde,

630 2766 732 2807 nec
763 2750 898 2804 bona
924 2745 1158 2802 vocanda
1185 2755 1326 2799 sunt.
1344 2741 1574 2797 Credenti
1599 2749 1770 2794 autem
1797 2739 1848 2792 in
1876 2755 1989 2792 eum
2013 2738 2099 2808 qui
2123 2738 2225 2808 ju-

629 2842 814 2905 stiﬁcat
841 2839 1069 2905 impium,
1101 2836 1372 2903 deputatur
1408 2833 1534 2902 ﬁdes
1558 2833 1669 2901 ejus
1695 2830 1764 2883 ad
1782 2829 2072 2900 justitiam;
2091 2827 2223 2882 sicut

627 2940 672 2985 et
705 2929 869 2983 David
895 2927 1036 2987 dicit,
1069 2924 1427 2979 beatitudinem
1447 2922 1684 2986 hominis,
1716 2921 1798 2974 cui
1841 2919 1979 2974 Deus
2017 2927 2221 2988 accepta

628 3023 722 3093 fert
753 3019 1006 3092 justitiam
1045 3017 1154 3070 sine
1194 3016 1426 3086 operibus
1453 3013 1630 3081 (liam.
1660 3028 1734 3079 tv,
1763 3012 1819 3079 5,
1849 3011 1929 3080 6).
1952 3010 2220 3065 Justitiam

630 3122 810 3166 autem
857 3109 1055 3178 quam?
1089 3106 1257 3172 Fidei,
1287 3120 1447 3176 quam
1492 3104 1628 3158 bona
1660 3118 1822 3173 opera
1855 3117 1961 3156 non
1989 3115 2219 3171 pmces-
2266 3129 2296 3186 -τ,
2331 3104 2513 3163 Video,
2537 3104 2727 3166 inquit,
2743 3104 2857 3151 sola
2888 3104 3101 3163 tolia,id
3118 3107 3202 3155 est
3227 3104 3339 3156 sola
3360 3104 3547 3168 verba,
3575 3104 3754 3174 absque
3779 3105 3847 3157 fru-

630 3208 833 3263 seruut,
857 3200 947 3252 sed
971 3213 1126 3264 quam
1157 3197 1294 3251 bona
1322 3211 1483 3264 opera
1510 3202 1932 3264 consequuntur.
2290 3187 2416 3244 ictu
2437 3189 3137 3264 :Arescat(.llattlc.xxt,l9),
3155 3195 3419 3264 inquit,ut
3443 3213 3548 3254 nec
3571 3198 3683 3253 folia
3700 3197 3847 3253 habent.

2301 3207 2416 3244 *cw
2437 3207 2671 3244 zarescat
2687 3207 3137 3264 tuamnxxuu),
3157 3207 3345 3265 inquit,
3360 3207 3419 3249 ut
3443 3213 3548 3254 nec
3571 3207 3683 3253 t'otia
3700 3207 3753 3252 lia

628 3208 833 3263 serunt,
857 3200 947 3252 sed
971 3213 1126 3268 quam
1157 3197 1294 3251 bona
1322 3211 1483 3265 opera
1510 3202 1932 3264 consequuntur.

701 3291 756 3347 8.
787 3288 1048 3344 lnteudite
1075 3303 1203 3357 ergo
1245 3301 1341 3340 vos
1369 3301 1384 3339 :
1416 3283 1652 3355 alioquin
1699 3283 1838 3339 male
1881 3283 2220 3354 intelligendo

631 3385 890 3458 projicitis
919 3397 1014 3437 vos
1061 3382 1112 3436 in
1141 3381 1285 3435 illam
1328 3379 1636 3450 voraginem
1665 3378 1880 3447 impune
1914 3378 2167 3448 peccandi
2201 3396 2216 3434 ε

629 3489 683 3536 ει
727 3493 828 3548 ego
862 3475 996 3530 liber
1020 3490 1161 3540 sunt,
1191 3473 1327 3528 sicut
1365 3471 1481 3541 ipse
1528 3471 1816 3541 Apostolus
1855 3470 1922 3525 ab
1965 3471 2213 3527 omnibus

633 3568 774 3624 male
813 3564 1227 3636 intelligentibus
1277 3562 1412 3618 liber
1441 3561 1557 3617 fuit.
1586 3562 1840 3617 Libenter
1885 3561 2027 3616 enim
2073 3561 2215 3617 male

629 3659 1028 3722 intellexerunt,
1055 3671 1123 3710 ne
1147 3655 1284 3708 bona
1323 3668 1483 3726 opera
1507 3663 1875 3724 sequerentur.
1907 3653 2078 3708 Nolite
2098 3667 2219 3708 esse

628 3750 698 3806 de
724 3764 948 3805 numero
975 3747 1176 3812 talium,
1209 3746 1418 3801 fratres.
1437 3745 1637 3799 Dicitur
1664 3744 1718 3799 in
1736 3743 1965 3815 quodam
1986 3744 2214 3814 psalmo,

635 3841 706 3897 de
732 3839 961 3912 quodam
993 3838 1209 3893 homine
1241 3837 1352 3903 tali,
1388 3835 1438 3891 id
1465 3845 1548 3892 est
1573 3836 1643 3892 de
1670 3837 1758 3890 tali
1807 3852 2022 3906 genere,
2066 3837 2217 3908 quasi

635 3934 706 3990 de
735 3949 839 3988 uno
863 3951 876 3986 :
904 3931 1103 3996 Noluit,
1127 3930 1314 4000 inquit,
1346 3930 1620 3999 intelligere
1639 3937 1694 3982 ut
1716 3928 1836 3982 bene
1853 3938 2019 4000 ageret
2044 3928 2213 4002 (Psul.

630 4042 797 4093 xxxv,
820 4027 898 4097 4).
923 4026 1036 4080 Νοιι
1072 4024 1270 4079 dictum
1300 4033 1399 4087 est,
1423 4021 1539 4078 Non
1582 4024 1753 4092 potuit
1772 4023 2084 4095 intelligere.
2112 4025 2217 4081 Vos

626 4136 755 4192 ergo
776 4128 984 4189 oportet
1007 4127 1063 4173 ut
1084 4117 1256 4172 velitis
1278 4115 1592 4186 intelligere,
1609 4125 1665 4170 ut
1686 4117 1822 4171 bene
1840 4118 2026 4187 agatis.
2050 4117 2216 4174 latel-

629 4213 799 4267 lectus
818 4211 960 4265 enini
991 4208 1142 4264 vobis
1171 4223 1277 4262 non
1304 4206 1475 4262 deerit
1496 4206 1826 4262 manifestus.
1844 4207 1971 4274 Quis
1997 4217 2081 4263 est
2099 4224 2215 4263 ma-

632 4304 853 4356 nil’estus
884 4299 1218 4355 intellectus?
1241 4298 1412 4354 Nemo
1432 4297 1598 4367 jactet
1630 4298 1766 4352 bona
1793 4313 1957 4367 apera
1979 4315 2072 4354 sua
2093 4308 2217 4356 ante

633 4393 816 4458 ﬁdem,
847 4406 1004 4448 nemo
1032 4392 1100 4446 sit
1123 4391 1272 4461 piger
1299 4391 1350 4444 in
1375 4389 1528 4444 bonis
1559 4389 1809 4460 operibus
1837 4401 2051 4460 accepta
2081 4393 2212 4449 tide.

636 4485 737 4540 Dat
782 4485 922 4538 Deus
958 4497 1086 4553 ergo
1116 4481 1495 4551 indulgentiam
1526 4481 1773 4537 omnibus
1798 4481 1995 4554 impiis,
2022 4493 2073 4540 et
2097 4500 2192 4542 eos

629 4574 889 4646 justilicat
909 4589 975 4628 ex
1003 4571 1124 4628 ﬁde.

701 4665 755 4720 9.
786 4663 943 4737 [aers.
974 4665 1025 4732 l,
1047 4662 1141 4736 2.]
1166 4662 1310 4717 Beati
1344 4662 1364 4694 ³
1395 4679 1607 4732 quarunt
1642 4665 1864 4720 remissa:
1890 4677 2003 4720 sunt
2027 4667 2215 4738 iniqui-

627 4768 776 4826 tates,
816 4766 863 4811 et
887 4773 1102 4827 quorum
1143 4764 1272 4810 tecta
1298 4765 1415 4810 sunt
1439 4765 1664 4824 peccata.
1690 4755 1878 4812 Beatus
1902 4759 1976 4812 vir
2004 4761 2085 4813 cui
2113 4776 2215 4815 nan

626 4848 888 4919 imputavit
931 4847 1176 4903 Dominus
1204 4857 1482 4918 peccatum,
1506 4864 1598 4901 nec
1616 4859 1688 4902 est
1711 4850 1763 4903 in
1801 4866 1886 4904 ore
1913 4851 2022 4921 ejus
2046 4851 2211 4907 dolus.

628 4941 746 4996 .lam
774 4940 1018 4994 Psalmus
1047 4940 1250 5010 incipit,
1273 4949 1328 4995 et
1351 4939 1538 5010 incipit
1562 4941 1877 4997 intellectus.
1908 4941 2215 5000 Intellectus

629 5046 760 5101 ergo
789 5029 871 5084 vel
900 5029 1239 5100 intelligentia
1266 5029 1378 5099 ipsa
1407 5040 1520 5097 est,
1556 5039 1613 5085 ut
1637 5033 1850 5086 noveris
1877 5048 1976 5088 nec
2012 5033 2214 5103 jactare

631 5136 683 5182 te
709 5125 905 5180 debere
943 5123 1008 5178 de
1037 5124 1240 5179 meritis
1267 5124 1390 5190 tuis,
1421 5139 1518 5179 nec
1545 5139 1867 5195 praesumere
1891 5126 1958 5182 dc
1986 5128 2216 5198 impuni-

636 5228 744 5273 tate
775 5219 998 5288 peccati.
1030 5215 1224 5270 Psalmi
1253 5216 1395 5270 enim
1425 5217 1608 5270 titulus
1637 5217 1704 5271 ita
1737 5227 1817 5272 est
1844 5236 1855 5269 :
1894 5218 2027 5272 Iluic
2050 5219 2216 5274 David

625 5311 928 5366 intellectus.
949 5307 1344 5378 Intelligentiaz‘
1371 5318 1588 5364 vocatur
1619 5310 1856 5379 psalmus
1885 5311 2003 5366 iste.
2034 5312 2211 5368 Prima

687 5426 703 5456 ³
733 5430 890 5484 Forte,
914 5429 960 5473 et
981 5420 1079 5482 cui,
1098 5419 1197 5480 vel,
1216 5421 1410 5485 cuique.
1468 5427 1526 5470 tt.

685 5488 707 5556 ξ
729 5481 996 5556 ξριιρριιρ,
1019 5481 1194 5543 autem,
1213 5481 1703 5556 legendum,_tameu.
1771 5491 1825 5556 tt.

686 5547 709 5579 ³
730 5545 802 5596 sic
835 5545 1024 5595 iu'ttss.
1060 5545 1296 5609 superiori
1346 5545 1614 5609 praelationi
1647 5547 1866 5607 proxime
1905 5548 2215 5609 conjungitur

621 5609 774 5669 altera
795 5609 964 5669 isttuec
980 5606 1145 5669 Psalnii
1160 5606 1215 5655 51
1239 5606 1496 5669 expasitio.
1523 5615 1578 5657 At
1596 5606 1801 5668 in'prius
1824 5609 1966 5657 editis
1982 5606 2042 5657 ab
2065 5606 2137 5658 Er.
2164 5616 2217 5660 et

622 5679 732 5720 Lov.
753 5668 1026 5780 ἓῗιὲὦιοε
1042 5668 1146 5720 loco
1180 5668 1464 5732 interposita
1499 5675 1661 5719 Enarr.
1697 5670 1751 5729 1,
1775 5682 1918 5734 quam
1946 5671 2099 5720 babes
2128 5684 2212 5721 su-

622 5744 729 5780 bra.
835 5765 846 5778 .
967 5766 980 5779 .

620 5744 729 5797 pra,
753 5743 846 5780 cat.
871 5743 980 5780 2w.

688 5792 709 5824 δ
731 5797 842 5842 tunc
883 5793 1050 5853 verba,
1091 5792 1213 5844 Huic
1257 5793 1411 5846 David
1448 5796 1730 5856 intellectus,
1765 5795 1872 5844 edd.
1911 5809 2082 5845 numes
2123 5795 2208 5845 lia-

2332 550 2503 607 quens
2528 535 2872 607 intelligentia
2889 546 2992 602 est,
3021 548 3079 592 ut
3103 553 3224 593 cum
3245 555 3309 595 ex
3339 540 3440 596 [ide
3461 556 3553 610 per
3575 542 3852 605 dilectionem

2335 630 2472 684 bene
2499 629 2727 700 coeperis
2755 630 3084 700 operari,~ne
3115 629 3218 687 hoc
3238 631 3442 688 viribus
3467 635 3584 698 tuis,
3617 635 3702 690 sed
3722 642 3855 708 gratia

2334 721 2429 777 Dei
2455 721 2816 793 deputaveris.
2849 722 2924 778 Ita
2967 737 3072 778 non
3101 724 3204 779 erit
3227 723 3383 779 dolus
3413 727 3465 780 in
3490 727 3648 784 corde
3674 738 3768 795 tuo,
3788 734 3856 789 hoc

2335 815 2492 870 estin
2516 829 2612 871 ore
2647 815 2902 871 interiore
2953 824 3080 882 tuo;
3112 832 3213 871 nec
3240 817 3382 872 aliud
3418 819 3468 872 in
3495 819 3644 874 labiis
3668 822 3852 884 habebis,

2333 905 2474 959 aliud
2504 906 2556 960 in
2599 905 2940 976 cogitatione.
2976 905 3093 960 Non
3135 910 3243 963 eris
3265 907 3334 963 de
3380 908 3480 962 illis
3521 909 3856 980 Pilal'lSiElS,dc

2333 996 2530 1066 quibus
2543 997 2741 1052 dictum
2757 1006 2867 1052 est:
2883 997 3090 1052 Similes
3101 999 3218 1052 estis
3244 1001 3578 1056 monumentis
3587 1001 3818 1067 dealbatis;
3839 1025 3856 1057 ιι

2335 1088 2461 1157 [aris
2483 1088 2686 1158 quidem
2711 1090 2966 1159 apparatis
2987 1089 3272 1144 hominibus
3283 1091 3433 1160 justi,
3446 1092 3581 1145 intus
3602 1104 3749 1147 autent
3767 1097 3858 1166 plan

2335 1179 2453 1233 estis
2473 1179 2589 1233 dala
2618 1189 2665 1235 et
2688 1179 2951 1251 iniquitate
2979 1179 3190 1252 (Matth.
3211 1196 3370 1244 xxnt,
3391 1181 3510 1252 27).
3532 1183 3629 1250 Qui
3648 1199 3759 1255 ergo
3777 1201 3857 1242 eum

2334 1271 2403 1323 sit
2433 1269 2642 1340 iniquus
2681 1270 2883 1340 justum
2916 1285 2975 1326 se
3002 1271 3307 1342 pra'teudit,
3331 1287 3508 1326 nonne
3543 1273 3745 1330 dolosas
3780 1276 3857 1333 est!

2333 1358 2449 1414 Non
2483 1360 2572 1415 ille
2598 1360 2891 1416 Natliauael
2935 1373 3017 1416 est
3039 1404 3054 1425 ,
3085 1361 3152 1416 de
3179 1377 3286 1433 quo
3309 1362 3568 1418 Dominus
3590 1364 3710 1419 dicit
3736 1385 3747 1420 :
3771 1367 3858 1426 Ecce

2334 1466 2446 1506 vere
2467 1449 2705 1506 Israelita
2727 1452 2780 1506 in
2808 1469 2908 1523 qua
2927 1453 3078 1507 dolus
3107 1469 3208 1508 nan
3238 1454 3348 1509 est?
3366 1453 3522 1510 Unde
3551 1465 3718 1511 autem
3744 1459 3783 1514 in
3799 1461 3857 1515 illo

2334 1542 2660 1597 Nathannele
2697 1542 2853 1596 dolus
2896 1558 3000 1597 non
3047 1543 3197 1598 erat?
3239 1542 3368 1598 Cum
3411 1561 3564 1606 esses.
3602 1547 3768 1616 inquit,
3798 1553 3854 1604 sub

2332 1633 2512 1686 arbore
2531 1633 2637 1701 ﬁci,
2655 1632 2756 1686 a'di
2775 1643 2822 1686 te
2841 1631 3019 1705 (Jaan.
3039 1649 3079 1700 t,
3098 1635 3190 1701 47,
3204 1634 3318 1706 48).
3334 1634 3446 1691 Sub
3471 1636 3661 1691 arbore
3677 1638 3747 1692 llci
3766 1653 3855 1704 erat,

2333 1723 2432 1778 sub
2443 1723 2745 1779 conditione
2755 1724 2931 1779 carnis
2951 1735 3086 1779 erat.
3101 1724 3157 1780 Si
3171 1726 3272 1780 sub
3283 1727 3590 1782 conditione
3599 1729 3755 1784 carnis
3766 1741 3856 1800 enat,

2332 1816 2452 1883 quia
2477 1813 2744 1883 impietate
2770 1814 3072 1884 prapaginis
3095 1817 3402 1882 tenebatur;
3427 1819 3530 1874 sub
3552 1818 3637 1873 illa
3657 1821 3857 1877 arborei-

2331 1903 2378 1958 ci
2422 1914 2555 1967 erat,
2591 1905 2642 1958 in
2669 1920 2771 1974 qua
2799 1906 3032 1976 gemitur
3063 1907 3114 1962 in
3137 1908 3243 1962 alio
3283 1910 3490 1979 psalmo
3516 1929 3530 1965 :
3559 1911 3681 1966 Ecce
3711 1915 3812 1968 enim
3825 1919 3857 1970 is

2331 1995 2593 2067 iniquitate
2629 2008 2898 2067 conceptus
2934 1999 3234 2072 sum(Psal.
3250 2017 3301 2068 t.,
3316 2002 3392 2073 7).
3413 2003 3523 2059 Sed
3551 2005 3784 2062 viditeum
3805 2011 3858 2066 ille

2331 2085 2421 2156 qui
2461 2088 2606 2142 venit
2637 2105 2759 2142 cum
2796 2089 2985 2158 gratia.
3013 2090 3149 2158 Quid
3195 2101 3297 2155 est,
3333 2093 3474 2150 Vidit
3500 2098 3654 2152 eum?
3682 2099 3857 2156 Miserius

2330 2186 2413 2231 est
2456 2179 2592 2247 ejus.
2627 2178 2769 2250 Ergo
2793 2180 3060 2238 hominem
3107 2184 3225 2240 sine
3264 2184 3389 2241 dolo
3433 2187 3518 2244 sic
3555 2191 3853 2255 commendat.

2331 2278 2390 2324 ut
2435 2272 2659 2341 gratiam
2695 2287 2845 2326 suam
2877 2273 2927 2327 in
2955 2274 3045 2329 illo
3088 2277 3448 2332 commendet.
3507 2280 3633 2335 Cum
3664 2300 3772 2339 esses
3798 2287 3856 2338 ait

2329 2359 2507 2416 arbore
2532 2362 2635 2430 ﬁci,
2665 2362 2768 2416 vidi
2795 2373 2861 2416 te.
2885 2362 3002 2417 Vidi
3016 2374 3081 2430 te,
3103 2364 3231 2435 quid
3246 2383 3498 2438 magnum
3521 2380 3624 2438 est,
3643 2373 3733 2428 nisi
3755 2374 3858 2429 intel-

2327 2451 2462 2522 ligas
2489 2452 2667 2524 aliquo
2709 2453 2869 2508 modo
2889 2453 3126 2510 dictum?
3164 2456 3301 2525 Quid
3345 2475 3599 2530 magnum
3636 2472 3710 2518 est
3733 2464 3855 2520 videre

2329 2541 2599 2598 hominem
2645 2546 2744 2600 sub
2771 2546 2963 2601 arbore
2984 2545 3068 2602 ﬁci
3081 2548 3105 2600 ?
3119 2547 3173 2604 Si
3195 2563 3301 2604 non
3324 2550 3549 2609 vidisset
3571 2553 3666 2609 sub
3691 2555 3770 2610 ista
3788 2555 3854 2610 ﬁcu

2327 2648 2495 2704 genus
2534 2638 2824 2692 humanum
2863 2636 3130 2706 Christus,
3158 2650 3250 2695 aut
3284 2656 3654 2700 aresceremus
3679 2646 3852 2708 omnino.

2327 2735 2438 2792 aut,
2475 2729 2743 2797 quomodo
2793 2729 3065 2796 Pharisaei,
3121 2732 3176 2787 in
3213 2732 3407 2803 quibus
3470 2735 3628 2791 dolus
3675 2747 3782 2800 erat,
3823 2738 3854 2791 id

2325 2829 2429 2886 est,
2470 2820 2825 2890 justiticabant
2863 2839 2923 2878 se
2953 2825 3149 2891 verbis,
3195 2824 3348 2881 factis
3375 2836 3561 2883 autem
3588 2830 3702 2884 mali
3733 2840 3850 2893 erant.

2327 2911 2448 2966 folia
2464 2913 2573 2967 sola
2600 2913 2962 2968 invenirentur
2981 2915 3033 2968 iu
3049 2915 3223 2982 nobis,
3241 2931 3347 2970 non
3369 2915 3598 2973 fructus.
3614 2919 3730 2974 Nam
3745 2919 3850 2974 talem
3901 2915 3904 2980 ξ

2325 3004 2570 3061 arborem
2599 3007 2682 3060 lici
2719 3006 2931 3076 quando
2950 3007 3355 3078 viditChristus,
3384 3011 3674 3079 maledixit,
3686 3012 3848 3069 claruit.

2328 3093 2513 3163 Video,
2537 3095 2727 3166 inquit,
2743 3097 2857 3151 sola
2888 3095 3035 3163 folia,
3052 3097 3101 3152 id
3118 3107 3202 3155 est
3227 3101 3339 3156 sola
3360 3103 3547 3168 verba,
3575 3104 3754 3174 absque
3779 3105 3849 3157 fru-

2327 3281 2521 3350 thuid
2563 3291 2617 3337 et
2656 3283 2818 3338 verba
2856 3285 3026 3340 tollit?
3051 3286 3230 3342 Arbor
3274 3288 3422 3343 arida
3467 3290 3613 3346 enim
3651 3306 3737 3347 nec
3766 3289 3849 3344 lolii

2323 3382 2500 3444 potest
2529 3373 2742 3430 habere.
2771 3375 2860 3431 Sic
2887 3391 3016 3448 ergo
3039 3388 3196 3434 erant
3234 3378 3426 3449 Judaai,
3457 3381 3705 3439 Pharisai
3742 3382 3848 3438 arbor

2322 3464 2411 3519 illa
2449 3473 2599 3520 erant
2627 3482 2646 3522 :
2678 3466 2840 3523 verba
2869 3467 3157 3536 habebant,
3186 3469 3326 3526 facta
3363 3487 3472 3528 non
3498 3473 3752 3531 habebant
3777 3487 3847 3528 εει

2322 3556 2588 3612 sententia
2640 3557 2848 3613 Domini
2879 3559 3178 3616 ariditatem
3213 3573 3549 3622 meruerunt.
3571 3563 3741 3621 Videat
3764 3577 3847 3633 ergo

2321 3661 2421 3701 nos
2451 3645 2698 3702 Christus
2736 3647 2836 3703 sub
2860 3649 3054 3705 arbore
3076 3649 3163 3706 [lci
3193 3670 3208 3706 :
3238 3652 3419 3708 videat
3438 3655 3492 3708 in
3534 3670 3688 3711 carne
3716 3663 3842 3709 nostra

2323 3737 2480 3792 etiam
2500 3737 2725 3793 fructum
2752 3739 2878 3795 boni
2895 3742 3096 3810 operis,
3141 3758 3209 3799 ne
3241 3744 3358 3814 ejus
3383 3746 3845 3803 maledictioneares—

2323 3830 2602 3886 camus.Et
2621 3832 2743 3901 quia
2761 3840 2929 3886 totum
2947 3834 3129 3905 gratia:
3144 3835 3260 3905 ejus
3276 3836 3346 3892 im
3353 3846 3690 3908 putatur,non
3701 3837 3844 3893 meritis

2322 3925 2539 3984 nostris,
2565 3921 2708 3976 Beati
2730 3938 2946 3993 quorum
2971 3925 3192 3981 remissa:
3231 3937 3349 3981 sunt
3376 3929 3676 4000 iniquitates,
3701 3937 3742 3984 et
3757 3942 3841 3998 quo-

2321 4029 2437 4066 rum
2476 4023 2606 4068 tecta
2645 4023 2761 4068 sunt
2809 4026 3050 4085 peccata;
3084 4033 3192 4073 non
3222 4019 3276 4074 in
3307 4021 3502 4091 quibus
3544 4038 3649 4078 non
3673 4020 3842 4077 suntin-

2324 4119 2421 4160 ven
2429 4112 2479 4160 ta
2497 4115 2732 4174 peccata,
2749 4107 2847 4163 sed
2859 4123 3086 4178 quorum
3100 4118 3235 4166 tecta
3255 4120 3380 4168 sunt
3399 4125 3632 4184 peccata.
3647 4115 3841 4184 Coopetla

2321 4206 2446 4252 sunt
2471 4207 2707 4267 peccata,
2737 4207 2877 4255 tecta
2902 4209 3043 4266 sunt,
3075 4201 3271 4257 abolita
3301 4213 3443 4260 sunt.
3469 4205 3525 4261 Si
3551 4207 3672 4262 texit
3689 4209 3839 4275 pedali

2325 4289 2494 4356 Deus,
2540 4291 2709 4346 noluit
2747 4291 3054 4359 advertere;
3093 4295 3138 4349 si
3180 4297 3349 4352 noluit
3390 4298 3684 4365 advertere,
3725 4294 3840 4353 noluit

2321 4381 2776 4449 animadvertere;
2799 4385 2844 4441 si
2863 4385 3032 4440 noluit
3045 4387 3489 4456 animadvertere,
3515 4391 3675 4447 noluit
3690 4387 3835 4460 punire:

2321 4472 2367 4528 si
2396 4473 2566 4528 noluit
2595 4476 2803 4545 punire,
2837 4476 3006 4532 noluit
3042 4492 3353 4548 agnoscere,
3379 4482 3568 4537 maluit
3603 4483 3833 4553 ignoscere.

2319 4563 2467 4618 Beati
2503 4583 2716 4637 quorum
2741 4569 2962 4624 remissa:
2987 4579 3105 4624 sunt
3129 4571 3436 4642 iniquitates,
3465 4585 3510 4630 et
3533 4581 3832 4646 quartanam

2302 4667 2438 4714 .suut
2484 4669 2707 4728 peccata.
2736 4660 2846 4716 Nec
2883 4662 2962 4716 sic
2995 4661 3298 4734 iutelligatis
3345 4665 3485 4737 quod
3513 4666 3660 4734 dixit,
3681 4669 3832 4735 peccata

2319 4759 2568 4820 cooperta
2615 4755 2931 4823 sunt,quasi
2975 4754 3044 4809 ibi
3091 4756 3199 4810 sint
3243 4765 3298 4812 et
3332 4758 3527 4814 vivant.
3575 4759 3721 4814 Tecta
3751 4765 3839 4826 ergo,

2320 4850 2537 4912 peccata
2581 4858 2746 4914 quare
2791 4844 2960 4900 dixit?
2983 4844 3052 4902 Ut
3081 4862 3184 4902 non
3235 4847 3559 4906 viderentur.
3589 4848 3709 4916 Quid
3737 4841 3830 4899 enim

2320 4940 2435 4988 erat
2465 4933 2559 4989 Dei
2595 4935 2775 4992 videre
2816 4946 3055 5008 peccata,
3079 4938 3182 4992 nisi
3208 4940 3396 5008 punire
3432 4940 3674 5012 peccata?
3697 4935 3829 4993 Utno-

2321 5025 2460 5080 veris
2487 5027 2610 5096 quia
2654 5027 2756 5082 hoc
2798 5039 2880 5082 est
2914 5029 3004 5083 Dei
3045 5029 3227 5084 videre
3273 5040 3507 5100 peccata,
3543 5028 3674 5102 quod
3697 5022 3829 5098 pullinl

2321 5125 2555 5184 peccata,
2585 5116 2710 5186 quid
2731 5118 2778 5172 ei
2808 5117 3034 5172 dicitur?
3066 5120 3242 5175 Averte
3264 5122 3601 5190 [aciemtuam
3623 5137 3652 5173 a
3670 5111 3826 5190 pactam

2322 5211 2441 5264 meis
2469 5209 2637 5283 (Psul.
2663 5227 2709 5274 ι,
2734 5211 2842 5281 ll).
2870 5211 3087 5266 Peccata
3127 5227 3253 5281 ergo
3281 5222 3368 5269 tua
3398 5229 3500 5270 non
3524 5212 3703 5275 videat,
3737 5212 3826 5260 ulle

2323 5301 2516 5357 videat.
2545 5302 2826 5370 Quomodo
2871 5313 2920 5358 te
2949 5303 3160 5358 videat?
3187 5305 3464 5371 Quomodo
3489 5297 3822 5360 Natbanaeletm

2321 5395 2448 5451 Cum
2471 5413 2600 5452 esses
2624 5396 2716 5451 sub
2741 5396 2920 5450 arbore
2939 5397 3043 5466 fici,
3061 5396 3165 5450 vidi
3187 5407 3250 5450 te.
3269 5396 3466 5454 Umbra
3491 5397 3573 5453 lici
3603 5412 3694 5452 non
3715 5394 3823 5457 impe

2319 5487 2452 5542 divit
2478 5487 2663 5542 oculos
2692 5485 3075 5542 misericordia:
3102 5487 3217 5542 Dei.

2391 5578 2478 5634 10.
2520 5576 2632 5634 Nec
2660 5587 2733 5633 est
2762 5578 2815 5632 in
2855 5595 2942 5634 are
2984 5579 3096 5650 ejus
3120 5579 3288 5637 dolus.
3327 5581 3396 5636 At
3433 5596 3553 5636 vero
3593 5577 3672 5650 qui
3689 5571 3821 5632 nolunt

2319 5737 2467 5801 bent;
2495 5743 2552 5801 et
2579 5744 2954 5801 pt‘osetpnintur,
2982 5736 3295 5801 Intelligentia
3320 5747 3521 5794 voratur,
3554 5749 3639 5788 etc.
3662 5741 3706 5786 ,ιι
3731 5738 3817 5783 Μῦθον

2319 5799 2483 5848 verbis
2505 5797 2600 5849 illis
2619 5797 2824 5863 omissis,
2845 5801 3026 5860 ferunt,
3051 5797 3373 5865 Intelligentia'
3397 5807 3590 5852 voratur.
