3950 6424
78 5002 85 5027 μ

80 5038 89 5053 Υ

64 5058 109 5269 1

54 5262 61 5271 γ

84 5870 99 5911 1

82 6002 91 6033 l

66 6158 99 6263 t,

292 5820 588 5882 ’ωαςεμ

222 5883 588 5937 σιω-ηοω·

277 341 396 400 εδδ

277 461 531 517 ecutiteri
578 469 789 527 peccata
812 498 825 519 ,
860 457 1100 509 laborant
1139 455 1255 510 sine
1282 470 1439 511 causa
1469 458 1519 511 in
1564 458 1877 516 defensione

276 559 626 620 peccatorum
657 564 892 603 suorum.
942 548 1004 603 Et
1054 558 1253 619 quanto
1303 549 1545 605 laborant
1585 552 1635 606 in
1691 552 1877 608 defen-

270 646 437 696 sione
470 651 806 711 peceatorqu
840 657 1058 695 suorum
1084 642 1347 709 jactantes
1391 644 1579 698 merita
1606 660 1698 700 sua
1727 688 1741 707 ,
1773 664 1877 703 non

273 734 534 789 videntes
561 733 864 805 iniquitates
907 750 1031 789 suas
1050 776 1064 799 ,
1095 744 1241 789 tanto
1267 737 1383 806 plus
1413 738 1577 792 robur
1602 754 1789 795 eorum
1819 752 1875 798 et

272 825 544 883 fortitudo
572 826 769 882 dcticit.
800 826 889 881 1110
926 828 1069 883 enim
1096 826 1249 881 fortis
1273 838 1388 890 est,
1436 831 1525 898 qui
1556 846 1659 885 non
1706 833 1755 885 in
1783 848 1875 901 se,

271 922 381 975 sed
402 922 453 976 in
486 921 596 975 Deo
619 921 768 975 fortis
792 930 893 975 cst.
928 921 1151 990 Propter
1178 921 1326 987 illud,
1360 921 1460 976 Ter
1489 923 1766 979 Dominum
1789 944 1876 981 ro-

269 1014 401 1081 gavi
450 1022 503 1066 ut
528 1016 746 1085 auferret
768 1029 879 1066 cum
909 1028 941 1065 a
969 1028 1079 1075 me;
1109 1022 1154 1066 ct
1189 1012 1318 1066 dixit
1354 1014 1478 1067 milii
1504 1032 1523 1068 :
1563 1016 1759 1087 Suﬁicit
1789 1019 1879 1073 tibi

267 1107 453 1175 gratia
481 1122 609 1159 mea.
643 1102 821 1158 Gratia
847 1121 957 1157 mea
976 1146 991 1166 ,
1020 1104 1183 1169 dixit;
1219 1121 1323 1159 non
1344 1145 1359 1168 ,
1394 1105 1572 1160 Virtus
1610 1108 1878 1180 tua..Suf—

268 1197 393 1265 ﬁcit
415 1240 431 1261 ,
466 1195 634 1266 inptit
657 1237 670 1259 ,
703 1196 788 1249 tibi
813 1196 977 1265 gratia
1004 1212 1153 1260 mea;
1181 1212 1299 1249 nam
1320 1196 1477 1250 virtus
1505 1200 1557 1251 in
1584 1199 1877 1267 infirmitate

269 1290 566 1358 per/icitur.
599 1287 747 1344 Unde
793 1287 896 1341 alio
938 1288 1057 1342 loro
1084 1287 1195 1355 ipse
1221 1287 1332 1342 ait:
1367 1288 1586 1356 Quando
1622 1291 1871 1358 in/irtnor,

267 1393 405 1437 tunc
429 1384 573 1456 fortis
601 1398 710 1435 smn
742 1380 817 1451 (11
840 1378 959 1435 Cor.
983 1396 1056 1435 xn
1083 1423 1094 1439 .
1119 1379 1313 1449 8-l0).
1345 1382 1487 1451 Ergo
1514 1383 1597 1449 qui
1631 1384 1741 1437 vult
1772 1384 1879 1439 for-

269 1477 352 1531 tis
397 1491 553 1542 esse,
599 1474 743 1529 velut
776 1487 1104 1541 pnesumens
1141 1471 1206 1525 de
1234 1488 1323 1536 se,
1368 1481 1424 1526 et
1452 1473 1660 1540 jactans
1690 1477 1875 1533 merita

267 1586 413 1636 sua,
455 1570 861 1640 qualiacumque
908 1567 993 1621 illa
1039 1566 1181 1629 sint,
1237 1566 1339 1619 erit
1377 1567 1562 1621 similis
1607 1568 1875 1625 Pltarismo

267 1662 378 1725 illi,
410 1661 498 1731 qui
528 1659 666 1729 quod
693 1675 722 1713 a
756 1659 864 1713 Deo
883 1673 941 1713 se
969 1658 1178 1713 dicebat
1198 1658 1499 1729 accepisse,
1525 1661 1751 1729 superbe
1784 1673 1864 1716 ta-

266 1769 404 1810 men
426 1752 658 1823 jactabat
681 1768 694 1805 :
720 1749 944 1814 Gratias,
978 1751 1181 1821 inquit,
1210 1750 1317 1803 tibi.
1349 1752 1615 1808 Attendite
1636 1796 1650 1816 ,
1687 1754 1874 1811 fratres

266 1845 386 1900 mei
408 1887 423 1909 ,
459 1843 615 1915 quale
645 1857 815 1914 genus
859 1841 1123 1910 superbi:e
1166 1842 1506 1898 commendet
1536 1844 1670 1898 Deus
1702 1863 1715 1898 :
1749 1862 1872 1901 vere

267 1938 438 2007 quale
469 1944 643 2004 potest
713 1934 1014 1990 subiutrare
1053 1933 1200 2001 justo
1229 1933 1428 1988 homini
1452 1977 1467 1999 ,
1519 1937 1671 2004 quale
1699 1947 1874 2005 potest

265 2030 572 2099 subrepere
598 2027 756 2082 etiam
786 2027 940 2080 bona:
966 2026 1078 2094 spei
1105 2025 1235 2079 viro.
1263 2024 1466 2080 Gratias
1484 2028 1603 2091 tibi,
1634 2029 1867 2084 dicebat.

269 2122 421 2191 Ergo
439 2136 559 2175 cum
581 2118 814 2181 dicebat,
840 2115 1045 2171 Gratias
1067 2118 1175 2183 tibi,
1208 2116 1473 2172 fatebatur
1490 2120 1557 2171 ab
1584 2120 1674 2171 illo
1694 2136 1753 2175 se
1782 2138 1872 2176 ac-

262 2213 485 2283 cepisse
498 2210 638 2282 quod
659 2210 905 2265 habebat.
921 2208 1055 2275 Quid
1078 2209 1218 2261 enim
1245 2210 1407 2263 babes
1423 2211 1564 2279 qttod
1588 2228 1689 2264 non
1716 2228 1870 2268 arce-

263 2305 397 2377 pisti
442 2305 483 2377 (1
504 2302 622 2359 Cor.
643 2317 719 2367 tv,
740 2302 822 2371 7)?
848 2302 1007 2372 Ergo,
1029 2299 1230 2355 Gratias
1247 2301 1335 2354 tibi
1353 2318 1468 2371 ago.
1494 2303 1644 2367 dixit;
1666 2303 1811 2358 Grati
1827 2323 1869 2360 18

269 2396 372 2450 tibi
397 2412 517 2466 ago,
548 2394 665 2463 quia
693 2410 793 2447 non
821 2409 934 2446 smn
960 2393 1085 2445 sicut
1114 2392 1283 2445 cnfteri
1313 2392 1560 2453 homines,
1594 2406 1823 2458 raptores
1843 2438 1857 2459 ,

263 2488 463 2557 injusti
486 2484 772 2549 ,adnlteri,
806 2484 935 2536 sicut
962 2493 1007 2537 et
1055 2481 1363 2535 I’ublicanus
1402 2484 1514 2537 istc.
1566 2482 1716 2539 Unde
1740 2502 1867 2556 ergo

262 2577 706 2650 superbus?Nou
725 2576 845 2646 quia
875 2575 942 2629 de
970 2575 1120 2628 bonis
1137 2575 1246 2628 suis
1276 2575 1383 2627 lleo
1428 2574 1625 2643 gratias
1654 2578 1863 2646 agebat,

260 2672 371 2728 sed
401 2672 524 2743 quia
550 2685 708 2740 super
735 2672 959 2722 altermn
990 2683 1048 2721 se
1073 2667 1141 2721 de
1167 2667 1295 2736 ipsis
1323 2667 1475 2721 bonis
1510 2671 1817 2725 extollebat.

348 2765 441 2820 11.
484 2761 780 2824 Attendite,
813 2761 1002 2814 fratres
1038 2775 1052 2811 :
1089 2774 1209 2811 nant
1253 2758 1391 2813 unde
1436 2762 1655 2827 emporit
1688 2762 1867 2819 dicere

263 2854 678 2912 similitudinem
707 2853 875 2924 ipsam
907 2852 1190 2914 Dominus,
1240 2852 1560 2921 evangelista
1592 2857 1862 2920 pra-misit.

260 2947 418 3003 Cum
442 2949 574 3001 enim
615 2946 858 3001 Christus
886 2946 1127 3009 dixisset,
1154 2943 1311 2998 Putas
1350 2946 1547 2999 veniens
1579 2945 1741 3000 Filius
1769 2949 1865 3003 lto-

270 3041 435 3095 minis
460 3040 664 3095 inveniet
712 3040 861 3101 [idem
890 3039 941 3091 in
972 3047 1103 3091 terra
1123 3038 1149 3091 .’
1168 3048 1219 3092 01
1239 3055 1304 3092 ne
1326 3038 1618 3094 existerent
1649 3043 1864 3111 quidam

278 3133 537 3195 hxretici,
565 3134 654 3202 qui
684 3132 1027 3187 attendentes
1065 3140 1121 3186 et
1169 3141 1416 3200 putantes
1456 3135 1606 3203 quasi
1656 3135 1860 3204 lapsum

279 3234 451 3282 totum
479 3224 751 3289 mundum,
774 3239 961 3278 omnes
990 3223 1131 3278 enim
1164 3222 1398 3279 bznretici
1430 3225 1480 3276 iu
1516 3243 1696 3289 pauets
1720 3240 1774 3282 et
1806 3229 1857 3285 in

293 3321 855 3390 partesunt,jactareut
874 3331 953 3381 se,
973 3316 1111 3385 quod
1137 3317 1186 3369 in
1206 3316 1332 3384 ipsis
1349 3320 1603 3373 ι-ριιιειηεῑι
1631 3322 1768 3391 quod
1796 3323 1862 3377 de

297 3422 401 3467 toto
418 3412 606 3468 mundo
624 3412 871 3481 perierit;
897 3411 965 3464 ibi
994 3411 1170 3463 statim
1200 3410 1285 3463 ubi
1313 3411 1385 3465 ait
1406 3413 1679 3479 Dominus,
1702 3414 1859 3472 Putas

303 3508 478 3561 veniens
506 3505 669 3560 Filius
697 3504 916 3557 hominis
945 3503 1157 3556 inveniet
1182 3504 1335 3572 [idem
1364 3504 1414 3557 in
1447 3507 1611 3559 terra?
1635 3509 1860 3575 subjecit

300 3596 607 3668 Evangelista
619 3606 672 3651 01
688 3596 757 3650 ait
779 3612 791 3648 :
814 3593 955 3649 Dixit
969 3604 1133 3646 autent
1151 3604 1194 3646 et
1209 3595 1276 3646 ad
1292 3595 1553 3664 quosdam,
1575 3600 1659 3665 qui
1672 3599 1765 3650 sibi
1775 3600 1862 3668 ju-

296 3688 655 3752 uividebantur,
680 3696 725 3741 et
741 3686 1038 3757 spernebant
1056 3696 1280 3751 cwteros,
1299 3688 1676 3742 similitudinem
1693 3692 1822 3746 IMNC
1840 3709 1859 3747 :

296 3782 492 3851 Quidam
521 3781 814 3836 Pharisazus
835 3788 881 3832 et
912 3777 1225 3831 Publicanus
1246 3789 1480 3831 venerunt
1512 3780 1562 3831 in
1614 3783 1858 3849 templum

292 3891 418 3929 orare
438 3918 451 3941 ,
479 3884 531 3930 et
558 3881 751 3929 cetera
800 3887 921 3940 quze
950 3869 1138 3924 nostis.
1174 3869 1476 3923 Pbarisams
1502 3887 1629 3940 ergo
1657 3874 1743 3928 ille
1771 3875 1857 3928 di-

293 3967 463 4033 cebat,
518 3965 724 4020 Gratias
767 3962 855 4016 tibi
882 3978 1001 4032 ago.
1047 3960 1151 4017 Sed
1201 3960 1345 4015 unde
1387 3964 1683 4029 superbus?
1724 3964 1856 4032 Quia

290 4061 810 4132 spemebatczetcros.
829 4054 982 4111 Unde
1011 4054 1236 4124 probas?
1259 4054 1313 4109 ln
1342 4054 1471 4123 ipsis
1493 4056 1690 4112 verbis.
1710 4058 1858 4126 Quo-

289 4154 466 4209 modo?
494 4152 795 4208 Pbarisarus
829 4189 843 4210 .
868 4146 1069 4217 inquit,
1094 4147 1180 4201 ille
1208 4148 1222 4179 ¹
1252 4147 1574 4215 contempsit
1602 4148 1670 4202 de
1694 4149 1853 4223 longe

291 4254 498 4302 stantem
523 4287 539 4311 ,
570 4244 654 4298 cui
679 4242 821 4297 Dens
850 4238 1127 4295 conﬁtenti
1171 4239 1576 4307 propinquabat.
1607 4238 1854 4295 Publica-

292 4354 393 4399 nus,
414 4337 613 4408 inquit,
645 4334 710 4388 de
752 4333 1028 4404 longinquo
1057 4331 1220 4385 stabat
1254 4346 1271 4385 :
1301 4331 1398 4385 sed
1436 4331 1572 4386 Deus
1613 4334 1678 4388 ad
1710 4335 1853 4391 illum

298 4426 355 4481 tle
375 4428 655 4497 longinquo
682 4439 786 4479 non
829 4421 1040 4477 stabat?
1060 4421 1236 4488 Quare
1267 4422 1407 4476 Deus
1426 4424 1495 4476 ab
1521 4425 1613 4479 illo
1638 4425 1706 4482 de
1734 4428 1853 4482 lou-

294 4519 466 4589 giuquo
516 4534 619 4573 non
674 4515 885 4571 stabat?
933 4513 1065 4581 Quia
1096 4514 1200 4567 alio
1231 4514 1348 4567 loco
1385 4514 1579 4570 dicitur
1616 4535 1630 4571 :
1685 4517 1856 4592 Prope

293 4622 351 4667 est
373 4611 607 4666 Dominus
627 4610 705 4664 bis
733 4607 815 4678 qui
846 4607 1147 4660 obtriverunt
1169 4622 1255 4658 cor
1281 4604 1451 4675 (Psal.
1485 4624 1680 4675 xxxut,
1731 4611 1845 4682 19).

292 4702 458 4757 Videte
484 4703 526 4757 si
554 4701 874 4757 Publicanus
896 4699 995 4752 iste
1033 4695 1324 4751 obtriverat
1347 4711 1473 4763 cor,
1519 4706 1574 4752 et
1600 4699 1671 4752 ibi
1701 4701 1850 4757 vide-

279 4795 394 4852 bitis
420 4796 534 4867 quia
568 4807 731 4863 prope
750 4799 833 4845 est
859 4790 1113 4844 Dominus
1142 4787 1226 4841 bis
1252 4787 1341 4855 qui
1368 4789 1705 4845 obtriverunt
1730 4808 1845 4847 cor.

279 4887 576 4945 Publicanus
600 4896 767 4940 autem
789 4885 851 4937 de
875 4882 1146 4953 longinquo
1162 4881 1345 4947 stabat,
1379 4892 1425 4935 et
1456 4899 1616 4952 neque
1654 4886 1849 4942 volebat

273 4984 519 5039 adradunt
541 4978 713 5035 oculos
731 4994 849 5031 suos
868 4976 1050 5039 levare,
1070 4974 1159 5028 sed
1176 4974 1477 5045 pcrcutiebat
1495 4986 1665 5045 pectus
1678 4995 1844 5036 suum.

269 5075 462 5134 l'unsio
492 5073 739 5143 pectoris,
759 5069 975 5123 obtritiu
994 5066 1189 5122 cordis.
1210 5065 1347 5135 Quid
1386 5066 1596 5122 dicebat
1619 5069 1845 5128 tundens

252 5167 466 5243 pectus?
486 5164 617 5219 Deus
635 5160 880 5232 prapitius
906 5169 1009 5214 esto
1026 5157 1150 5210 mihi
1176 5158 1443 5225 peccaturi.
1468 5156 1536 5212 Et
1560 5158 1685 5229 quid
1716 5177 1843 5217 sen-

254 5263 438 5321 tentia:
470 5255 784 5315 Dominus’?
809 5254 965 5309 Amen
982 5251 1095 5305 dico
1119 5248 1277 5313 vobis,
1303 5249 1561 5305 descendit
1580 5252 1842 5322 justi/ica-

242 5371 330 5415 tns
361 5355 423 5409 dc
456 5352 641 5422 templo
678 5346 993 5403 Publicanns
1021 5344 1128 5408 ille,
1159 5343 1320 5412 magis
1349 5359 1500 5413 quam
1528 5342 1615 5396 ille
1645 5342 1838 5399 Phari-

238 5467 402 5511 ;ayus.
431 5447 648 5517 Quare?
670 5444 782 5500 Hoc
805 5451 889 5499 est
926 5439 1184 5512 judicium
1236 5437 1352 5492 Dei.
1400 5436 1523 5491 Non
1562 5455 1675 5493 sum
1702 5442 1834 5496 sicut

238 5543 564 5606 Publicanus
593 5538 704 5603 iste,
737 5552 836 5591 non
862 5550 974 5589 sum
992 5533 1121 5586 sicut
1147 5529 1313 5584 caeteri
1338 5529 1584 5593 homines,
1614 5530 1792 5596 injusti
1817 5574 1833 5599 ,

232 5650 508 5714 raptores,
538 5627 757 5688 adulteri
788 5629 1000 5699 :iejuno
1037 5623 1112 5679 bis
1137 5624 1190 5678 in
1219 5623 1462 5691 sabbato,
1515 5622 1737 5679 decimas
1762 5625 1830 5679 do

338 5750 529 5805 Aliquot
543 5753 670 5796 διεδ
686 5741 923 5805 Quomodo
930 5746 977 5791 et
991 5730 1400 5805 Pubticauuntists
1415 5731 1709 5805 cometnpsit,
1733 5743 1827 5788 etc.

346 5762 423 5800 Altt
475 5762 529 5799 οι
544 5762 670 5796 315.:
686 5762 977 5804 gnomonum
991 5762 1299 5789 t’uuuuuuuu
1312 5762 1398 5784 ωισ
1415 5762 1709 5805 munan
1733 5762 1827 5788 σω,

509 5815 564 5859 ει
583 5817 694 5870 qua:
714 5801 946 5855 stridentia
969 5798 1177 5858 Domini.
1203 5804 1256 5849 At
1279 5802 1406 5847 Mss:
1426 5801 1480 5847 Et
1503 5796 1623 5859 qutd
1644 5805 1829 5852 sctum.

437 5934 666 5998 Sutor.
712 5928 989 5992 Accus'r.
1036 5925 1138 5988 IV.

1360 338 1757 400 ENARHATIO
1799 344 1864 401 IN
1904 345 2225 411 PSAIMUM
2270 354 2461 414 XXXI.

3464 392 3572 453 266

1948 512 1949 515 η
1993 471 2215 573 omnium
2232 488 2345 539 qua:
2364 478 2613 573 possideo.
2651 482 2744 541 1110
2774 503 2878 545 non
2905 495 3064 552 audet
3092 500 3157 556 ad
3177 506 3371 562 emtum
3394 508 3573 573 levare

1986 559 2344 662 oculossnos,
2373 567 2595 623 attendit
2620 581 2998 643 conscientiam
3026 605 3198 662 suam,

1986 657 2040 764 ﬁt
2064 649 2384 764 justiticatus
2398 667 2484 759 est
2509 664 2677 732 magis
2705 683 2862 737 quam
2890 672 2980 731 ille
3008 649 3573 764 Pharisacusionai-‘e;

1986 738 2137 812 Rogo
2159 752 2228 805 te.
2263 746 2506 848 Domine,
2539 767 2747 823 expone
2771 762 2925 819 nobis
2947 765 3083 825 hanc

1986 836 2374 940 expone-nobis
2403 843 2707 940 aequitatem
2732 848 2868 919 juris
2895 858 2989 911 tui.
3046 834 3573 940 Ex-ponitDeusmri;

1984 923 2160 1027 gulam
2199 925 2332 1033 legis
2364 944 2475 987 sua:
2502 933 2541 988 '.
2571 933 2744 995 Vultis
2783 945 2971 1003 audire
3001 923 3204 1023 quare?
3239 923 3569 1033 Quinem-ni;

1983 1030 2155 1129 ξ’ἷῖἷξῗ
2172 1019 2385 1129 Tim"
2415 1022 2804 1129 "u'i’i’f'i'i’i’mi
2822 1047 2868 1091 θ’
2888 1041 2976 1111 συί
3006 1060 3059 1099 δε
3084 1048 3338 1129 humilior.
3367 1068 3570 1127 exulta.

1984 1104 2117 1158 bitur
2138 1107 2289 1179 (Luc.
2315 1129 2465 1181 xvnt,
2497 1118 2679 1192 8-H).

1980 1480 2315 1596 attendebat,
2347 1497 2404 1540 ut
2427 1489 2599 1557 primo
2627 1494 2727 1550 sibi
2758 1497 3099 1576 displiceret,
3141 1524 3195 1568 et

1980 1579 2144 1677 ceret.
2194 1572 2273 1626 Tu
2314 1588 2490 1633 autem
2525 1580 2697 1650 jactas
2746 1594 2830 1656 te,
2872 1607 3049 1651 erecta
3085 1572 3432 1668 cervice

1984 1662 2239 1719 Dominus
2281 1673 2547 1741 superbo,
2579 1675 2694 1732 Non
2741 1681 2820 1737 vis
2848 1685 2913 1739 ad
2946 1697 2996 1743 te
3015 1662 3326 1756 attendere?
3346 1662 3569 1779 νξέοξζ

1984 1757 2134 1779 .--μιη
2190 1759 2275 1779 νε,
2316 1777 2323 1779 1
2380 1772 2391 1779 .
2549 1777 2556 1779 Α
2905 1777 2914 1779 _

1983 1757 2159 1863 ipa-tto.
2190 1759 2278 1812 \‘is
2306 1772 2481 1819 autem
2508 1777 2562 1821 ut
2592 1784 2698 1826 non
2736 1777 3044 1835 attendam?
3074 1794 3127 1840 tu
3170 1757 3569 1863 attendefld‘e-o

1982 1846 2301 1905 l’ublicanus
2323 1870 2425 1909 non
2444 1857 2671 1915 audebat
2691 1867 2873 1922 oculos
2893 1870 2958 1924 ad
2986 1876 3179 1933 caelum
3209 1846 3413 1957 leva-ig;

1978 1941 2575 2045 «st-ipsumitum-batur,
2636 1958 3017 2017 conscientiam
3067 1984 3215 2026 suam
3264 1941 3563 2045 puniebat:

1981 2031 2091 2143 ipse
2120 2034 2220 2088 sibi
2238 2036 2409 2143 judex
2442 2051 2587 2105 erat,
2613 2054 2667 2099 ut
2690 2046 2776 2101 ille
2808 2050 3197 2130 intercederet;
3233 2031 3566 2143 nise—ptime:-

1978 2122 2101 2226 bat.
2135 2134 2189 2178 ut
2217 2126 2306 2181 ille
2338 2128 2624 2196 liberaret;
2658 2136 2769 2205 ipse
2794 2146 3077 2203 accusabat
3101 2193 3115 2213 ,
3171 2122 3229 2211 ut
3254 2122 3348 2217 ille

1973 2214 2147 2320 deret.
2197 2219 2345 2321 Adeo
2389 2221 2629 2321 defendit
2669 2244 2791 2284 cum
2814 2274 2829 2296 ,
2864 2238 2983 2305 quia
3010 2238 3144 2296 dixit
3170 2260 3265 2312 pro
3296 2214 3564 2321 $5323;

1977 2308 2219 2421 tentiam;
2266 2310 2552 2421 “Descendit
2581 2321 2898 2392 justiﬁcatus
2938 2308 3250 2393 I’ublicanus
3276 2308 3565 2421 abegi}.

1973 2415 2123 2502 quam
2144 2401 2231 2454 ille
2257 2401 2586 2464 Pharisa-us:
2602 2413 2719 2481 quia
2731 2418 2892 2473 omnis
2912 2423 2999 2491 qui
3021 2442 3075 2479 se
3093 2432 3301 2501 exultat,

1973 2489 2633 2604 111111νῇ0117111801111111111111,
2658 2489 2981 2566 exaltabitur.
3005 2515 3245 2577 Attcndlt

1972 2588 2026 2633 et
2048 2581 2188 2635 nolui
2207 2600 2305 2653 ego
2321 2588 2633 2646 attendere:
2656 2596 2830 2652 audivi
2857 2599 3119 2661 dicentem
3141 2652 3154 2672 ,
3183 2580 3563 2683 Avente-ecum;

1971 2680 2083 2774 tuos
2182 2684 2406 2784 peccatis.
2422 2684 2562 2737 meis.
2591 2684 2720 2753 Quis
2748 2699 2831 2746 est
2856 2695 2997 2751 enim
3029 2703 3115 2768 qui
3134 2702 3262 2762 illud
3278 2711 3429 2784 dixit,

1972 2769 2237 2828 quietiam
2284 2769 2406 2823 illud
2438 2773 2590 2838 dixit,
2618 2777 2869 2842 Quoniam
2919 2786 3233 2857 iniquitalcm
3279 2769 3440 2861 meam

1974 2870 2187 2883 lup-nn---
2216 2859 2366 2883 11)-“:
2412 2880 2425 2883 _
2492 2866 2522 2883 υ
2584 2868 2599 2883 ι
2621 2870 2634 2883 ι
2651 2868 2695 2883 \n
2722 2872 2737 2883 ι
2966 2878 2984 2883 Α

1970 2870 2188 2961 ξ’ἕηοξίο
2214 2859 2382 2925 (Ρδπίο
2411 2880 2460 2927 ιιι
2490 2866 2543 2933 51
2582 2868 2695 2940 “i?
2722 2872 2928 2944 Ιιειίιιιε,
2960 2878 3150 2939 fratres
3178 2892 3304 2959 mei,
3354 2859 3561 2961 erat-et

1971 2945 2273 3004 littariszeus
2296 2952 2381 3007 ille
2412 2968 2675 3023 peccator.
2712 2961 2826 3018 Non
2853 2969 2994 3024 enim
3029 2976 3149 3042 quia
3172 2945 3558 3052 dicebai,-1ito:

1970 3053 2080 3090 sum
2132 3041 2262 3093 sicut
2289 3046 2456 3098 τίεται-ἰ
2487 3048 2732 3117 homines,
2766 3056 2959 3126 injusti,
2994 3041 3219 3135 raptores
3243 3114 3257 3136 ,
3298 3041 3558 3137 adulteri:

1972 3134 2275 3237 nequequia
2298 3135 2567 3206 jt'jllttaltal
2600 3143 2682 3197 bis
2710 3129 3558 3237 111511111111111;’110111101111111111001Ξ

1970 3240 2084 3278 tnas
2136 3226 2295 3282 dabat
2318 3272 2333 3293 ,
2390 3248 2493 3286 non
2523 3247 2639 3291 erat
2668 3252 2933 3307 peccator.
2992 3226 3167 3318 Quod
3197 3258 3242 3311 si
3271 3226 3387 3318 sine

1971 3324 2201 3385 peccatis
2226 3331 2403 3415 esset,
2440 3324 2550 3393 ipsa
2592 3332 2839 3396 superbia
2870 3340 3070 3405 grande
3096 3346 3296 3403 crimen
3326 3366 3472 3411 erat:
3502 3324 3556 3415 et

1969 3416 2143 3464 tamen
2172 3427 2297 3467 ecce
2319 3414 2405 3467 illa
2426 3418 2601 3472 omnia
2632 3420 2861 3479 dicebat.
2889 3428 3020 3495 Quis
3049 3437 3257 3493 tandem
3288 3445 3403 3501 sine
3429 3464 3557 3519 pec-

1966 3505 2273 3611 cpto'?.Qnis
2301 3509 2617 3578 gloriabitur
2638 3526 2843 3574 castum
2872 3537 2930 3576 se
2954 3524 3152 3585 habere
3182 3550 3294 3601 cor,
3318 3549 3409 3594 aut
3429 3505 3553 3611 quis

1963 3595 2275 3663 glot-iabittn-
2304 3602 2557 3656 mundum
2589 3620 2647 3659 se
2674 3623 2793 3665 esse
2813 3627 2843 3667 a
2872 3620 3101 3683 peccatis
3132 3595 3309 3692 (Prae.
3340 3650 3429 3699 xx,

1966 3688 2205 3745 llabcbat
2229 3709 2355 3763 etgo
2387 3695 2473 3750 ille
2502 3710 2744 3766 peccata;
2777 3706 2869 3759 sed
2902 3688 3207 3784 pervorsus,
3227 3729 3275 3774 ct
3307 3688 3554 3782 nesciatis

1964 3797 2071 3851 quo
2097 3784 2361 3850 venisset,
2401 3798 2516 3842 erat
2568 3800 2814 3861 tanquam
2862 3798 2910 3851 iu
2942 3804 3169 3862 statione
3210 3814 3401 3868 medici
3454 3834 3549 3873 cu-

1964 3873 2190 3938 raudus,
2222 3884 2275 3929 et
2300 3892 2428 3931 sana
2462 3881 2697 3936 membra
2730 3889 3080 3960 ostendebat,
3131 3900 3346 3958 vulnera
3400 3916 3548 3978 tege-

1966 3963 2073 4018 bat.
2118 3966 2420 4038 Deustegat
2448 3976 2708 4041 vulnera;
2756 3981 2863 4032 noli
2911 3990 2987 4036 tu.
3033 3986 3166 4042 Nam
3208 3994 3333 4048 situ
3370 3963 3543 4069 teget-6

1963 4055 2199 4110 Volueris
2225 4058 2547 4116 erubescens
2570 4105 2585 4130 ,
2620 4066 2857 4123 medicus
2886 4087 2990 4127 non
3040 4080 3264 4135 curabit.
3312 4055 3550 4147 Μιεόῖυειέ

1964 4154 2152 4247 tegat,
2180 4158 2234 4201 et
2279 4160 2459 4215 curet;
2488 4156 2776 4223 emplastro
2800 4160 2940 4215 enim
2975 4166 3119 4235 tegit.
3159 4170 3270 4225 Sub
3316 4181 3550 4247 tegmine

1960 4238 2152 4293 medici
2181 4253 2398 4297 sanatur
2432 4245 2655 4315 vulnus,
2709 4253 2808 4306 sub
2835 4257 3065 4325 tegmine
3109 4238 3547 4329 vulnerativcela—

1962 4340 2048 4386 tur
2068 4332 2279 4388 vulnus.
2301 4336 2609 4421 Cuicelas?
2636 4342 2734 4407 Qui
2768 4348 2911 4401 novit
2940 4354 3136 4409 omnia.

2035 4424 2171 4527 15.Α[
2191 4444 2317 4527 vers.
2344 4429 2397 4491 5,
2432 4429 2714 4527 6.]itaquc
2736 4436 2839 4504 bie,
2868 4440 3070 4507 fratres,
3103 4449 3278 4509 videte
3305 4459 3429 4527 quid
3461 4462 3545 4517 di-

1958 4514 2035 4569 xit
2062 4533 2076 4569 :
2110 4517 2362 4585 Quoniam
2393 4524 2528 4576 tacui
2546 4567 2561 4589 ,
2618 4527 3012 4589 inveteraverunt
3042 4554 3156 4594 ossa
3206 4514 3349 4613 inc-aI,
3378 4567 3408 4603 a
3434 4514 3543 4607 cia-

1957 4609 2142 4662 mando
2185 4628 2264 4665 me
2314 4623 2420 4666 tota
2452 4615 2552 4669 die.
2583 4617 2717 4685 Quid
2748 4631 2830 4677 est
2858 4625 2995 4681 hoc?
3023 4631 3182 4697 Quasi
3210 4609 3542 4702 contrarium

1955 4702 2185 4767 videtur,
2214 4705 2468 4771 Quoniam
2496 4713 2652 4778 tacui,
2682 4714 3077 4775 inveteraverunt
3105 4742 3220 4780 ossa
3247 4747 3355 4785 mea
3378 4751 3409 4787 a
3435 4736 3547 4792 cla-

1956 4795 2165 4896 mando.
2190 4797 2244 4851 Si
2268 4814 2300 4852 a
2327 4800 2628 4869 clamando,
2659 4808 2929 4875 quomodo
2950 4814 3147 4871 tacuit?
3174 4818 3359 4877 Tacuit
3380 4828 3541 4896 quid-

1953 4883 2074 4939 dam
2097 4929 2109 4951 ,
2159 4903 2265 4989 non
2296 4892 2466 4989 tae-uit
2500 4893 2791 4989 quiddam:
2835 4901 2998 4956 tacuit
3041 4907 3182 4963 unde
3213 4883 3499 4980 proficeret
3521 4964 3539 4989 ,

1952 4991 2058 5031 nou
2084 4980 2244 5035 tacuit
2268 4981 2409 5036 unde
2435 4982 2721 5051 deﬁceret;
2775 4992 2939 5045 tacuit
2976 4996 3392 5071 confessionem,
3422 4980 3539 5066 cla;

1950 5069 2116 5123 mavit
2145 5073 2631 5143 praesumptionem.
2669 5075 2828 5133 Tacui
2859 5082 3001 5138 enim
3042 5085 3206 5157 dixit,
3262 5069 3385 5150 non?
3414 5112 3535 5156 sum

1948 5162 2245 5219 confessus.
2280 5165 2355 5221 lbi
2382 5167 2662 5236 oportebat
2699 5180 2757 5225 ut
2784 5171 3131 5247 loqueretur;
3191 5190 3388 5243 taceret
3417 5205 3535 5248 me-

1947 5256 2046 5310 rita
2077 5271 2193 5319 sua,
2222 5258 2477 5314 clamaret
2500 5271 2716 5330 peccata
2736 5278 2830 5318 sua
2865 5282 2880 5320 :
2911 5283 3053 5324 nunc
3075 5281 3252 5328 autem
3280 5291 3539 5345 perverse

1948 5348 2111 5403 tacuit
2140 5360 2355 5419 peccata
2383 5367 2476 5406 sua
2499 5393 2514 5418 ,
2560 5354 2811 5411 clamavit
2838 5361 3022 5415 merita
3050 5377 3166 5420 sua.
3198 5366 3268 5421 Et
3296 5370 3420 5439 quid
3452 5372 3533 5433 illi

1943 5442 2211 5512 contigit?
2264 5444 2700 5504 lnveteraverunt
2730 5465 2851 5506 ossa
2878 5452 3013 5524 ejus.
3041 5456 3306 5518 lntendite
3334 5465 3458 5536 quia
3486 5468 3535 5524 s‘t

1942 5536 2198 5593 clamaret
2229 5550 2442 5609 peccata
2470 5556 2587 5611 sua,
2610 5553 2665 5600 et
2689 5555 2890 5603 taceret
2918 5552 3107 5607 merita
3136 5568 3256 5625 sua,
3310 5558 3533 5617 innova-

1939 5637 2127 5687 rentur
2150 5646 2270 5687 ossa
2291 5634 2427 5705 ejus,
2455 5634 2508 5691 id
2535 5646 2615 5692 est
2631 5638 2853 5697 virtutes
2880 5641 2995 5712 ejus
3028 5663 3043 5700 :
3069 5658 3213 5704 esset
3243 5650 3555 5723 robustus!

2000 5743 2418 5837 ἔὲἒξὶξὶυεὶίὲἑτ
2666 5751 2737 5837 (ἐξ.
2750 5754 2927 5837 19.11.95
2938 5755 3057 5830 “eis
3077 5774 3196 5837 was-

2248 5823 2398 5874 prope
2440 5817 2566 5872 uss,
2592 5813 2644 5864 id
2668 5820 2737 5865 est
2778 5813 2928 5869 virtus
2949 5813 3056 5883 ejus
3097 5824 3290 5878 robusta
3328 5837 3449 5883 esset
3476 5829 3531 5873 in

1936 5873 2151 5918 Damno.

3061 5949 3300 6035 (Neam
