3950 6460
509 506 569 559 tu
595 497 856 568 Domino,
903 495 1027 569 quia
1069 492 1395 554 inveniretur
1438 494 1496 550 to
1535 503 1599 545 ιο
1624 489 1892 544 infirmus.
1935 483 2095 542 Modo

509 600 696 649 autem
720 593 842 664 quia
869 591 924 648 in
951 607 1011 649 se
1033 591 1196 646 voluit
1218 596 1340 639 esse
1377 584 1566 638 (iratus
1591 621 1607 649 ,
1636 582 1809 638 iactus
1835 583 1921 638 est
1945 579 2096 636 iniit--

458 675 460 677 ’
518 700 660 750 mus,
684 695 738 741 et
765 685 1189 740 inveteraverunt
1214 690 1336 733 ossa
1379 677 1518 748 eius.
1558 675 1836 732 “emansit
1864 669 1918 732 in
1938 679 2098 731 vctu-

515 787 687 836 state,
730 773 816 843 qui
859 771 1029 826 uoluit
1070 769 1377 826 conﬁtendo
1419 779 1601 825 nutare
1646 767 1956 825 novitatem.
1996 765 2098 837 Qui

516 867 656 920 enim
688 866 817 918 liuut
845 862 988 929 utm',
1023 862 1226 928 nostis,
1253 862 1449 916 fratrea
1481 873 1493 915 t
1519 860 1645 932 quia
1667 901 1680 926 ,
1712 857 1858 915 Beati
1881 873 2099 931 quorum

513 960 732 1012 remissa:
751 965 870 1012 sunt
895 955 1182 1026 iniquitates
1199 995 1216 1020 ,
1264 964 1310 1008 et
1336 964 1552 1025 quorum
1581 957 1709 1007 tecta
1736 962 1851 1006 sunt
1875 959 2096 1022 peccata.

513 1051 690 1108 Noluit
723 1052 822 1104 istc
848 1051 949 1104 sibi
976 1049 1169 1104 dimitti
1199 1045 1500 1116 iniquitates
1521 1088 1534 1108 ,
1563 1046 1942 1116 exaggeravit,
1989 1037 2086 1099 de-

513 1141 682 1196 fendit
709 1141 846 1204 illas,
870 1139 1092 1210 jactavit
1121 1136 1307 1192 merita
1339 1151 1453 1190 sua.
1489 1131 1632 1207 Ergo
1659 1135 1906 1207 quoniam
1938 1135 2102 1189 tacuit

467 1213 474 1226 ί
513 1249 544 1290 a
573 1234 930 1296 confessione,
951 1230 1386 1285 inveteraveth
1415 1239 1537 1283 ossa
1583 1226 1720 1297 ejus.
1763 1223 1808 1280 Α
1832 1225 2099 1281 clamando

514 1342 593 1381 me
621 1335 725 1381 tota
749 1325 852 1379 die.
875 1321 1010 1390 Quid
1039 1332 1143 1388 est,
1170 1322 1217 1376 Α
1242 1321 1510 1376 clamando
1531 1333 1611 1375 me
1637 1329 1740 1374 tota
1758 1319 1880 1375 die?
1907 1317 2099 1376 Perse-

511 1417 750 1476 veraodo
780 1417 832 1472 in
863 1415 1172 1471 deicosiottc
1191 1424 1527 1486 peccatorum
1552 1427 1792 1470 etiamm.
1824 1413 1892 1469 Et
1921 1421 2100 1469 tamen

514 1512 695 1568 videte
721 1511 895 1583 qualis
937 1511 1024 1575 sit.
1049 1513 1170 1580 quia
1200 1511 1440 1580 agnoscit
1466 1521 1549 1564 se.
1608 1507 1725 1562 Erit
1766 1508 1912 1563 enim
1942 1507 2102 1563 modo

518 1603 867 1675 intelligentia
902 1620 914 1656 :
948 1603 1077 1656 nihil
1109 1609 1302 1670 prtetct'
1326 1613 1385 1654 sc
1410 1597 1683 1669 respiciet,
1716 1607 1774 1654 et
1795 1597 2104 1668 displicebit

517 1698 652 1764 sibi,
682 1696 804 1767 quia
831 1696 1068 1766 agnoscit
1088 1705 1166 1748 so.
1199 1692 1358 1747 Modo
1383 1692 1610 1747 audietis
1631 1733 1646 1758 ,
1693 1701 1753 1747 ut
1777 1687 2060 1747 sanemiui.

589 1791 676 1848 14.
717 1790 901 1845 Beatus
925 1789 1096 1844 uirenti
1118 1803 1221 1842 non
1241 1788 1507 1858 imputat-it
1537 1785 1785 1842 Dominus
1815 1795 2098 1859 peccatum,

515 1900 606 1940 nec
635 1891 704 1938 est
729 1883 780 1936 iu
809 1897 896 1936 ore
913 1881 1022 1952 (ius
1044 1881 1210 1935 datm.
1231 1878 1486 1945 Quantam
1509 1877 1665 1946 tacui,
1705 1877 2103 1934 inveteraverunt

516 1991 629 2031 ossa
655 1992 785 2041 utea,
809 1991 840 2027 a
867 1972 1136 2028 clamando
1160 1988 1240 2026 me
1257 1982 1362 2026 tota
1383 1972 1485 2026 die.
1512 1970 1763 2036 Quoniam
1781 1972 1864 2026 die
1881 1983 1940 2026 ac
1963 1981 2105 2026 nocte

512 2076 722 2139 gravata
743 2075 815 2120 est
843 2080 1095 2135 super-mc
1123 2079 1303 2119 manus
1323 2067 1431 2117 tua.
1471 2061 1612 2132 Quid
1659 2069 1762 2132 est,
1796 2073 2006 2136 gravata
2031 2072 2104 2118 est

514 2175 666 2232 super
693 2175 774 2214 me
801 2175 978 2213 manus
1015 2158 1147 2212 tua?
1194 2158 1377 2224 Magna
1419 2173 1535 2226 res,
1592 2153 1804 2214 fratres.
1836 2157 2105 2229 Respicite

517 2251 661 2310 illam
691 2249 1006 2306 seoteutiam
1034 2259 1238 2319 rectam
1265 2251 1282 2281 ⁸
1310 2250 1448 2305 inter
1469 2249 1604 2304 duos
1625 2291 1641 2316 ,
1671 2243 1999 2305 Pbarisacum
2051 2258 2106 2304 et

515 2343 885 2402 Publicanum.
917 2342 1055 2410 Quid
1081 2342 1279 2397 dictum
1301 2349 1383 2399 cst
1403 2343 1470 2399 dc
1499 2338 1808 2398 Pbarismo?
1834 2339 2102 2412 Quoniam

516 2433 844 2492 ltumiliatur.
874 2433 1013 2501 Quid
1041 2433 1243 2488 dictum
1291 2444 1378 2490 est
1397 2435 1467 2491 de
1493 2433 1816 2491 Publicano?
1841 2433 2105 2504 Quoniam

517 2527 801 2586 exaltatur.
832 2527 1009 2595 Quare
1039 2528 1131 2583 ille
1169 2527 1520 2584 itumiliatur?
1564 2525 1699 2596 Quia
1726 2527 1981 2586 exultavit
2023 2544 2103 2586 se.

519 2621 702 2691 Quare
746 2621 847 2676 isto
886 2617 1191 2676 enitatur?
1234 2619 1370 2689 Quia
1403 2619 1701 2677 bumiliavit
1742 2635 1819 2679 se.
1873 2617 2015 2695 Ergo
2051 2633 2108 2679 tit

523 2713 846 2770 exultantem
873 2727 932 2769 se
960 2713 1200 2769 bumiliet
1231 2711 1371 2769 Deus
1390 2756 1404 2781 ,
1433 2721 1794 2786 gravatsuper
1818 2709 1966 2770 illum
1994 2729 2108 2771 ma-

516 2824 669 2865 num.
699 2807 878 2863 Noluit
915 2805 1182 2863 humiliari
1228 2806 1564 2864 confessione
1607 2802 1903 2880 iniquitatis
1953 2823 2105 2879 sure,

515 2899 829 2956 humiliatus
856 2908 942 2956 est
965 2899 1203 2969 pondere
1227 2911 1416 2957 manus
1445 2898 1559 2956 Dei.
1603 2901 1829 2970 Quando
1867 2899 1955 2960 die
1982 2916 2108 2974 per-

512 2989 679 3047 ferret
706 3006 919 3046 manum
962 3003 1181 3062 gmvem
1228 2990 1592 3049 bumiliantis?
1642 2993 1816 3062 Quam
1858 2989 1990 3052 levis
2012 2991 2110 3050 fuit

513 3098 707 3139 manus
751 3083 1076 3138 sublevontis
1103 3080 1203 3156 (tt)!
1258 3083 1325 3139 Et
1359 3083 1414 3140 in
1443 3083 1534 3140 illo
1583 3083 1755 3152 fortis,
1807 3087 1864 3142 et
1907 3081 1961 3140 in
2013 3081 2109 3141 illo

516 3175 709 3231 fortis:
739 3176 894 3231 tortis
918 3177 984 3231 ad
1021 3177 1171 3232 illum
1223 3177 1608 3249 premendum,
1663 3175 1820 3234 fortis
1848 3173 1915 3234 ad
1955 3173 2107 3237 illum

515 3267 924 3326 sublevandum.

591 3363 678 3420 15.
722 3361 880 3433 Ergo,
914 3361 1170 3428 Quoniam
1211 3361 1294 3417 die
1330 3375 1395 3416 uc
1433 3369 1582 3417 nocte
1619 3365 1829 3434 gravata
1857 3365 1928 3418 est
1954 3377 2107 3435 super

515 3471 597 3510 me
617 3471 795 3510 atauus
822 3465 908 3509 tua
932 3470 949 3508 :
973 3466 1242 3511 conversus
1269 3467 1381 3509 sum
1415 3451 1472 3508 in
1512 3465 1742 3509 terttmua'
1790 3471 1935 3522 utea,
1985 3453 2106 3509 dum

516 3548 851 3619 conﬁgeretur
877 3548 1045 3615 spina.
1077 3543 1158 3601 Ex
1185 3546 1300 3617 ipsa
1342 3547 1719 3618 aggravationc
1743 3557 1936 3604 manus
1966 3557 2069 3604 tua:
2087 3589 2104 3616 ,

493 3656 584 3710 (ex
616 3644 726 3714 ipsa
757 3637 1125 3697 humiliationo
1148 3653 1440 3696 conversus
1467 3653 1588 3698 sum
1617 3641 1670 3697 in
1694 3655 1930 3698 :erumna
1961 3657 2104 3712 mea,

515 3735 688 3792 foetus
713 3748 831 3791 sum
855 3734 1268 3798 miser,eoniixa
1299 3743 1382 3791 est
1411 3733 1540 3791 mibi
1572 3735 1747 3807 spina,
1779 3745 2106 3808 compuncta

517 3840 603 3888 est
626 3830 950 3886 conscientia
980 3843 1119 3886 mea.
1152 3827 1288 3898 Quid
1316 3827 1509 3886 factum
1543 3839 1625 3886 est
1653 3846 1773 3887 cum
1811 3831 2110 3903 contigere-

519 3931 610 3979 tur
637 3922 827 3992 spina?
858 3920 1019 3976 Datus
1047 3929 1129 3977 est
1157 3922 1203 3976 ei
1231 3935 1421 3978 sensus
1443 3921 1676 3990 doloris,
1718 3919 1927 3979 invenit
1956 3921 2108 3978 iuiir-

515 4013 756 4070 mitatem
784 4027 958 4067 suam.
987 4011 1053 4068 Et
1079 4012 1168 4068 ilic
1188 4007 1275 4084 qui
1300 4021 1538 4070 tacuerat
1558 4014 1947 4070 confessionem
1979 4029 2105 4086 pec-

515 4106 620 4164 cati
648 4105 728 4159 sui
751 4147 767 4172 ,
797 4112 853 4160 ttt
875 4104 1158 4161 clamando
1188 4104 1241 4160 in
1273 4098 1584 4162 defensione
1612 4106 1815 4177 peccati
1848 4103 1931 4160 sui
1953 4106 2104 4161 inve-

515 4205 807 4255 tcrasceret
825 4197 991 4251 virtus
1007 4199 1144 4265 eius,
1170 4195 1222 4252 id
1245 4206 1347 4264 est,
1367 4211 1488 4252 ossa
1517 4197 1636 4266 ejus
1665 4205 2110 4252 converterentur

515 4292 571 4348 in
600 4299 935 4356 vetustatem,
966 4290 1125 4344 modo
1151 4289 1274 4359 quid
1306 4287 1434 4345 fecit
1459 4287 1667 4344 confixa
1695 4288 1887 4358 spina?
1916 4285 2107 4342 Pecca-

517 4393 625 4440 tum
652 4399 815 4436 meum
841 4383 1069 4454 cognovi.
1099 4379 1240 4451 Ergo
1258 4380 1367 4451 jam
1399 4383 1691 4451 cognoscit.
1712 4380 1769 4438 Si
1799 4381 1886 4437 ille
1911 4396 2110 4452 cogno-

524 4478 647 4544 scit,
672 4477 760 4531 ille
782 4476 1027 4547 ignoscit.
1059 4475 1252 4529 Audito
1275 4474 1404 4545 quid
1427 4474 1667 4546 sequitur
1693 4493 1706 4530 :
1735 4474 1909 4530 videte
1928 4473 1972 4530 si
2001 4491 2110 4538 non

518 4569 636 4641 ipse
661 4567 816 4632 dicit,
879 4566 1154 4620 Peccatum
1200 4579 1368 4620 meum
1413 4567 1623 4639 coyuovi
1646 4608 1662 4636 ,
1707 4575 1755 4621 et
1805 4563 2108 4639 iujus‘titiam

517 4675 811 4718 meantum!
855 4657 1056 4731 operui.
1099 4656 1214 4713 lioc
1239 4657 1349 4728 jam
1400 4655 1600 4713 dudum
1650 4657 1939 4715 dicebam:
1989 4657 2107 4716 Noli

522 4754 736 4824 operire
765 4761 852 4816 tu,
884 4760 937 4806 et
957 4748 1132 4820 open't
1156 4748 1315 4804 Deus.
1346 4744 1492 4804 Beati
1517 4765 1732 4819 quorum
1753 4752 1976 4806 remissa!
1992 4759 2109 4806 sunt

519 4844 828 4913 iniquitates,
857 4852 905 4897 et
947 4849 1314 4914 quor-amicat!
1341 4850 1460 4896 sunt
1501 4855 1731 4913 peccata.
1784 4840 1884 4912 Qui
1927 4851 2112 4914 tegunt

520 4947 740 5011 peccata
764 4977 782 5002 ,
813 4936 1085 4992 nudantur
1114 4951 1130 4993 :
1161 4935 1262 4992 iSte
1291 4943 1467 4992 autem
1496 4937 1738 5002 nudavit,
1773 4943 1833 4992 ut
1859 4939 2108 5010 cooperi-

519 5039 687 5088 retur.
719 5029 1040 5100 (iniquitatem
1081 5039 1245 5083 meum
1274 5041 1378 5084 non
1423 5030 1622 5099 operui.
1665 5025 1803 5098 Quid
1835 5037 1952 5098 est,
2005 5046 2107 5088 non

518 5123 733 5192 operui?
782 5121 898 5176 iam
953 5120 1151 5176 dttdum
1199 5129 1514 5177 tacueram:
1555 5120 1717 5177 modo
1755 5121 1918 5193 quid?
1964 5119 2107 5190 Dixi.

519 5215 784 5282 Quiddam
821 5211 1148 5268 centrariutn
1179 5209 1254 5267 illi
1281 5213 1650 5269 taciturnitati.
1679 5209 1818 5267 Dixi.
1863 5211 1996 5282 Quid
2023 5212 2108 5268 di-

519 5307 684 5364 xisti?
706 5305 1055 5361 Prommtiabo
1080 5304 1342 5361 adversum
1365 5319 1442 5359 me
1469 5305 1768 5376 iujustiliam
1806 5323 1969 5360 uicum
1996 5304 2106 5362 Do-

479 5357 689 5463 imiuo;
719 5408 833 5453 ettu
851 5393 1090 5452 dimisisti
1113 5395 1426 5466 impietatem
1449 5395 1615 5450 cordis
1647 5397 1763 5451 mei.
1797 5393 1940 5452 Dixi.
1970 5396 2107 5466 Quid

520 5489 739 5546 dixisti?
769 5491 883 5548 Non
908 5491 1016 5560 jam
1034 5487 1381 5561 pronuntiat,
1405 5485 1670 5559 promittit
1699 5502 1757 5544 se
1789 5491 2104 5558 pronuntia-

519 5589 732 5650 turum;
759 5593 814 5640 et
837 5585 926 5639 ille
948 5586 1058 5654 jam
1077 5579 1317 5638 dimittit.
1368 5581 1674 5648 Attendite,
1725 5581 1951 5647 fratres;
1988 5599 2104 5638 ma-
2140 5581 2143 5584 ’

517 5688 624 5746 grta
647 5689 775 5732 res:
801 5676 968 5739 dixit,
1001 5672 1380 5728 Pronuntiabo:
1411 5685 1516 5728 non
1543 5671 1709 5741 dixit,
1733 5668 2101 5746 Pronuntiavi,

489 5807 492 5812 .
579 5765 1174 5830 #Forteleg.,dictatn._
1236 5827 1289 5830 ί,
1533 5829 1539 5830 ί
1643 5828 1670 5830 μ
1785 5829 1789 5830 ,
2085 5809 2088 5812 ~

577 5827 857 5904 petitione,"
868 5840 1016 5890 ouum
1037 5828 1198 5893 gravis
1219 5827 1310 5892 fuit
1333 5841 1502 5881 manus
1522 5828 1815 5882 humilitatus
1826 5865 1843 5895 ,
1869 5837 1964 5884 tam
1989 5832 2103 5888 levis

502 5887 746 5961 {uineta

435 6015 500 6047 ⁵4

1729 374 1806 432 ὃ.
1842 363 2104 433 Αυϐυὸἳ

2245 364 2551 429 ΕΡῘΒΟΟΡῙ
3667 397 3754 460 εδδ

2205 491 2264 541 ct
2289 488 2345 582 tu
2365 480 2614 582 dimisisti
2628 501 2655 582 ;Δ
2670 481 3204 582 dixitLProuuntibbo
3226 502 3272 550 et
3288 505 3341 552 tu
3367 498 3592 559 dimisisti
3614 527 3634 566 .-
3655 515 3755 582 quia

2205 588 2272 633 eo
2296 577 2412 648 ipso
2440 575 2581 650 quod
2606 577 2775 649 dixit,
2803 577 3175 653 Pronuntiabo,
3232 590 3600 666 ostenditquia
3642 575 3754 657 non-

2205 667 2332 724 dum
2363 685 2457 726 ore
2501 672 2938 742 pronuntiaverat
2959 717 2972 739 ,
3002 673 3097 733 sed
3128 677 3290 737 corde
3334 688 3756 753 pronuntiaverat;

2207 759 2320 816 lloc
2387 761 2560 830 ipsum
2613 763 2792 821 dicere
2842 763 3228 839 Prommtiabo,
3273 779 3611 844 pronuntiare
3657 797 3758 842 cst:

2205 851 2328 908 ideo
2357 863 2402 907 et
2421 864 2474 907 tu
2509 853 2745 911 dimisisti
2788 857 3096 926 impietatem
3149 863 3318 920 cordis
3356 868 3473 924 mei.
3517 868 3760 932 Confessio

2204 957 2334 1033 ergo
2359 958 2474 999 mea
2507 946 2573 1000 ad
2626 959 2687 1002 os
2733 949 2972 1006 nondum
3023 963 3279 1022 venerat;
3332 957 3572 1014 dixeram
3611 967 3760 1033 enim,

2207 1031 2559 1094 Prounntiabo
2588 1039 2852 1096 adversum
2889 1060 2966 1098 me
2986 1061 3007 1099 :
3037 1058 3405 1107 verumtamen
3429 1050 3567 1111 Deus
3594 1031 3764 1116 audivit

2208 1143 2395 1185 vocem
2421 1132 2600 1186 cordis
2631 1131 2758 1189 mei.
2792 1130 2906 1192 Vox
2933 1153 3050 1194 mea
3075 1139 3128 1195 in
3151 1157 3244 1199 orc
3270 1145 3503 1204 nondum
3531 1161 3659 1219 erat,
3687 1155 3764 1209 sul

2206 1221 2353 1278 auris
2383 1221 2473 1279 Dei
2497 1223 2606 1295 jam
2636 1223 2686 1280 in
2717 1225 2878 1284 corde
2917 1239 3053 1286 erat.
3095 1229 3175 1288 Tu
3213 1235 3453 1296 dimisisti
3492 1237 3763 1314 impietatem

2207 1316 2374 1370 cordis
2395 1316 2522 1381 mei;
2550 1317 2672 1389 quia
2699 1319 2823 1386 dixi,
2853 1318 3226 1383 Prouwttiabo.

2278 1407 2366 1463 iii.
2397 1407 2500 1464 Sed
2529 1427 2634 1468 non
2671 1411 2955 1472 suliccerat
3000 1435 3014 1473 :
3047 1434 3153 1475 non
3184 1417 3203 1454 ⁸
3241 1417 3408 1494 dixit,
3449 1425 3766 1490 Prouuutiabo

2207 1501 2507 1576 iujustitiam
2529 1523 2690 1561 uteam
2714 1506 2936 1569 Domino
2966 1528 2985 1568 :
3016 1529 3121 1568 non
3152 1515 3268 1572 sine
3289 1532 3448 1574 causa
3472 1517 3625 1589 dixit,
3654 1525 3766 1582 Pro-

2207 1598 2449 1652 mmtiabo
2482 1598 2745 1656 aditet-smn
2773 1619 2850 1658 me
2890 1613 2987 1661 :et
3031 1605 3132 1664 boc
3176 1606 3417 1667 interest.
3460 1613 3608 1671 Multi
3649 1620 3770 1677 enim

2208 1689 2553 1759 pronuntiant
2592 1691 2923 1763 iniquitatem
2969 1711 3152 1765 suam,
3193 1701 3286 1756 sed
3331 1701 3585 1762 adversus
3623 1709 3772 1780 usum

2209 1777 2493 1838 Dominum
2525 1785 2693 1841 Deum
2725 1806 2736 1841 :
2763 1787 2974 1860 quando
3005 1789 3348 1852 inveniuntur
3376 1797 3429 1852 itt
3459 1777 3686 1870 peccatis
3704 1802 3769 1860 di-

2190 1873 2356 1942 cunt,
2389 1873 2529 1932 Deus
2558 1879 2658 1934 boc
2686 1880 2869 1935 voluit.
2900 1882 2954 1937 Si
2983 1884 3127 1940 enim
3158 1885 3315 1946 homo
3343 1890 3506 1959 dicit,
3529 1889 3645 1951 Non
3668 1895 3771 1960 ieci;

2209 1977 2320 2032 aut,
2352 1966 2462 2022 iloc
2487 1967 2676 2024 factum
2717 1971 2856 2041 quod
2887 1975 3064 2046 arguis
3094 1992 3198 2034 non
3230 1989 3313 2036 est
3339 1993 3617 2050 peceatum
3645 2005 3661 2044 ;
3685 2003 3774 2044 non

2208 2061 2516 2127 pronuntiat
2542 2077 2639 2116 nec
2667 2062 2946 2120 adversum
2983 2081 3075 2134 se,
3107 2083 3209 2126 nec
3243 2070 3502 2130 adversus
3531 2076 3776 2140 Dcmu.$i

2209 2145 2372 2216 dicat,
2401 2149 2625 2208 Prorsus
2651 2153 2768 2221 feci,
2797 2167 2850 2212 et
2877 2169 3147 2227 peccatum
3171 2172 3274 2231 est,
3297 2164 3391 2224 sed
3421 2167 3561 2226 Deus
3586 2168 3684 2226 hoc
3703 2186 3779 2228 vo-

2210 2237 2347 2311 lttit,
2378 2240 2504 2314 quid
2541 2261 2639 2315 ego
2686 2243 2825 2303 ieci?
2871 2247 2982 2306 lloc
3026 2259 3109 2310 est
3153 2258 3502 2326 pronuntiare
3541 2260 3780 2322 adversus

2213 2328 2400 2430 Deum.
2422 2333 2604 2430 forte
2630 2336 2818 2396 dicatis
2841 2382 2856 2408 ,
2887 2339 3054 2400 Nemo
3082 2345 3182 2404 boc
3221 2347 3352 2406 dicit
3390 2368 3403 2408 :
3431 2353 3550 2424 quis
3589 2365 3670 2412 est
3705 2360 3780 2430 qui

2210 2423 2349 2481 dicat
2376 2469 2390 2494 ,
2422 2425 2564 2485 Deus
2591 2430 2691 2487 boc
2716 2432 2919 2490 voluit?
2946 2435 3096 2492 Multi
3142 2450 3195 2496 et
3221 2439 3326 2498 boc
3354 2443 3542 2504 dicunt
3581 2466 3596 2501 ε
3625 2423 3782 2508 δαὶ-ιι

2211 2519 2300 2612 qui
2329 2519 2428 2576 hoc
2456 2538 2561 2578 non
2593 2521 2812 2595 dicunt,
2843 2528 2969 2599 quid
2998 2530 3142 2588 aliud
3175 2531 3394 2604 dicunt,
3437 2541 3530 2610 qui
3575 2541 3779 2612 dicunt.

2211 2606 2400 2708 Datum
2434 2614 2581 2708 mibi
2605 2614 2731 2708 iecit
2753 2659 2768 2685 ,
2799 2619 2971 2677 stellio
2997 2637 3130 2678 mea:
3162 2606 3534 2688 icceruutilta
3559 2632 3671 2706 jam

2211 2703 2492 2762 circuitum
2519 2706 2584 2761 ad
2612 2703 2780 2765 Deum
2821 2711 3007 2767 volunt
3051 2716 3352 2782 pervenire.
3381 2719 3486 2780 Per
3523 2703 3782 2783 circuitum

2208 2793 2399 2886 volunt
2440 2799 2717 2867 pervenire
2745 2799 2812 2855 ad
2854 2801 3022 2858 Deum
3053 2809 3410 2866 accusandum
3433 2852 3452 2879 ,
3482 2815 3576 2886 qui
3617 2819 3783 2878 ιιιοιυιιι

2210 2881 2281 2980 de
2305 2888 2622 2960 compendio
2643 2892 2828 2949 venire
2858 2893 2924 2952 ad
2949 2895 3111 2952 Deum
3144 2898 3482 2970 placandum,
3499 2881 3561 2964 et
3583 2906 3782 2980 dicunt,

2208 2975 2400 3037 Fatum
2431 2983 2560 3039 mibi
2603 2982 2746 3042 fecit.
2779 2982 2915 3058 Quid
2943 2999 3027 3045 est
3064 2990 3267 3048 fatum?
3289 2994 3470 3054 Stellae
3510 3015 3646 3058 mea:
3673 2975 3785 3062 iace

2210 3081 2358 3130 runt.
2387 3071 2527 3144 Quid
2554 3087 2678 3133 sunt
2703 3077 2911 3135 stellm?
2935 3078 3094 3138 Certe
3121 3083 3237 3142 ista:
3265 3101 3399 3158 quas
3426 3090 3479 3146 in
3505 3091 3648 3148 cmlo
3671 3107 3784 3151 euu-

2209 3163 2487 3238 splcimus.
2519 3167 2584 3224 Et
2610 3170 2727 3241 quis
2749 3186 2839 3226 eas
2867 3169 3032 3229 fecit?
3055 3173 3213 3234 Deus.
3241 3179 3371 3248 Quis
3396 3197 3490 3240 eas
3512 3185 3787 3244 ordinavit!

2211 3251 2378 3316 Deus.
2407 3257 2552 3333 Ergo
2581 3261 2732 3317 vides
2761 3261 2904 3334 quod
2930 3265 3140 3324 voluisti
3172 3269 3386 3343 diccrc,
3423 3275 3567 3335 Deus
3592 3277 3720 3338 fecit
3741 3292 3788 3340 ut

2209 3363 2512 3442 peecarem.
2559 3352 2638 3411 ita
2667 3353 2758 3412 ille
2785 3356 3012 3432 injustus
3034 3402 3050 3428 ,
3085 3371 3140 3417 tu
3175 3363 3351 3434 justus
3383 3370 3549 3439 :quia
3586 3372 3691 3442 nisi
3715 3374 3789 3432 illo

2209 3439 2449 3512 fecisset,
2478 3451 2537 3501 tu
2566 3461 2670 3502 non
2695 3463 2995 3520 peccasses.
3027 3451 3178 3510 Tolle
3201 3454 3326 3512 istas
3351 3439 3722 3526 excusationes
3745 3467 3787 3526 in

2210 3538 2447 3608 peccatis
2491 3555 2505 3593 :
2554 3551 2826 3598 memento
2869 3542 3012 3601 illius
3059 3549 3248 3617 psalmi
3281 3571 3296 3606 :
3324 3550 3410 3608 Ne
3453 3556 3672 3618 declines
3715 3576 3785 3614 ar

2213 3643 2378 3685 meum
2404 3631 2458 3687 in
2493 3631 2641 3690 verba
2680 3634 2905 3708 maligna
2931 3640 3000 3695 ad
3036 3645 3352 3701 excusandas
3379 3652 3720 3709 exaudiant;
3741 3654 3782 3708 in

2214 3723 2431 3793 peccatis
2453 3766 2469 3793 ,
2517 3743 2629 3780 cum
2676 3725 2962 3786 hominibus
3002 3737 3325 3803 operantibus
3363 3740 3691 3806 iniquitatem.
3727 3745 3784 3800 At

2213 3816 2355 3872 enim
2403 3819 2576 3888 magni
2623 3817 2722 3875 viri
2765 3832 2920 3890 sunt,
2965 3827 3054 3897 qui
3091 3825 3383 3884 defendunt
3420 3845 3635 3902 peccata
3667 3849 3781 3904 sua;

2213 3909 2392 3981 magni
2437 3918 2557 3965 sunt
2603 3920 2656 3967 et
2697 3911 2788 3984 qui
2826 3926 3106 3976 numerant
3143 3917 3315 3978 sidera
3338 3961 3354 3986 ,
3387 3932 3441 3978 et
3465 3925 3554 3994 qui
3581 3941 3780 3998 compit-

2213 4003 2327 4054 tant
2368 4003 2549 4057 stellas
2586 4012 2640 4057 et
2679 4013 2954 4074 tempora,
2995 4016 3050 4063 ct
3090 4007 3274 4065 dicunt
3315 4013 3433 4082 quis
3479 4018 3686 4086 quando
3711 4017 3781 4076 vel

2213 4098 2400 4163 peccet
2431 4093 2510 4147 vel
2536 4090 2673 4149 bene
2701 4095 2872 4162 vivat,
2903 4108 2956 4152 ct
2985 4100 3201 4170 quando
3228 4101 3364 4157 Mars
3395 4105 3553 4161 iaciat
3581 4108 3778 4164 homici-

2215 4175 2357 4247 dam,
2385 4193 2437 4240 et
2465 4182 2647 4242 Venus
2670 4184 2963 4244 adulteram
2996 4210 3007 4244 :
3043 4192 3217 4263 magni
3243 4236 3258 4260 ,
3282 4194 3423 4249 docti
3455 4197 3589 4266 viri,
3616 4207 3666 4254 et
3688 4199 3776 4256 cle-

2215 4275 2285 4331 cli
2317 4275 2563 4333 videntur
2591 4279 2644 4334 in
2681 4279 2781 4336 boc
2820 4283 3035 4338 saeculo.
3063 4283 3168 4340 Sed
3198 4286 3322 4356 quid
3352 4288 3427 4346 ait
3464 4289 3516 4344 ia
3563 4291 3775 4361 psalmo?

2217 4364 2302 4426 Ne
2345 4371 2564 4427 declines
2593 4388 2679 4426 cor
2722 4391 2886 4429 meum
2912 4377 2965 4431 in
3000 4377 3146 4434 t'erba
3175 4367 3310 4434 mala
3329 4423 3345 4448 ,
3375 4398 3489 4437 cum
3519 4385 3774 4440 Itouu'uibttt

2215 4465 2540 4536 operantibus
2569 4465 2911 4537 iniquitatem,
2942 4478 2991 4524 et
3013 4488 3112 4528 non
3146 4476 3524 4530 comunmicabo
3551 4494 3663 4532 cum
3697 4476 3776 4534 clt-

2214 4556 2308 4614 ctis
2341 4575 2513 4614 corum
2541 4555 2712 4630 (Psal.
2741 4576 2845 4618 CXL
2867 4604 2882 4632 ,
2913 4564 2948 4620 4
2971 4560 3016 4637 ).
3048 4565 3234 4622 Dieant
3263 4566 3338 4622 illi
3369 4567 3571 4625 electos
3608 4579 3662 4627 ct
3694 4570 3776 4626 do-

2216 4657 2332 4705 ctos
2359 4660 2728 4708 numeralores
2757 4651 2991 4710 siderum
3013 4695 3028 4721 ,
3067 4654 3248 4713 dicant
3283 4658 3358 4714 illi
3399 4661 3670 4730 sapientes
3699 4676 3776 4718 eos

2216 4743 2308 4815 qui
2345 4745 2495 4815 quasi
2535 4744 2780 4815 digerunt
2808 4747 2862 4803 in
2899 4748 3078 4821 digitis
3104 4749 3208 4806 fata
3249 4754 3270 4786 '
3297 4752 3531 4811 humana
3557 4797 3572 4824 ,
3612 4767 3666 4814 et
3695 4757 3773 4813 de-

2217 4836 2454 4894 scribunt
2482 4838 2548 4894 de
2571 4839 2738 4896 stellis
2759 4855 2936 4898 mores
2967 4842 3246 4901 humanos.
3291 4846 3426 4903 Cum
3456 4847 3628 4906 libero
3662 4848 3778 4906 arbi-

2218 4931 2322 4986 trio
2349 4946 2435 5000 me
2457 4933 2657 4988 ereavit
2686 4933 2827 4992 Deus
2859 4952 2871 4988 :
2900 4936 2945 4991 si
2991 4939 3248 5007 peccavi,
3288 4956 3388 5013 ego
3431 4957 3648 5013 peccavi
3685 4961 3700 4999 :
3733 4953 3778 4998 tu

2217 5037 2324 5078 non
2353 5021 2525 5080 solum
2569 5027 2908 5096 prontuttiem
2939 5027 3272 5100 iniquitatem
3320 5048 3495 5088 meam
3537 5036 3774 5100 Domino,

2217 5111 2312 5172 sed
2331 5115 2612 5173 adversum
2640 5133 2725 5174 me
2744 5159 2758 5183 .
2788 5134 2895 5176 non
2924 5120 3181 5179 adversus
3209 5139 3352 5180 eum.
3381 5124 3496 5198 Ego
3523 5128 3661 5194 dici,
3689 5125 3776 5182 Do-

2215 5206 2383 5275 mine,
2421 5209 2653 5266 miscrerc
2690 5211 2787 5266 mei
2816 5227 2834 5266 :
2859 5211 3056 5269 clamat
3081 5230 3224 5287 (νεαι-
3247 5215 3317 5272 ad
3343 5216 3647 5285 medicum,
3685 5217 3774 5290 Ego

2217 5302 2346 5358 dixi.
2377 5303 2572 5373 Quare,
2603 5304 2713 5378 Ego
2734 5307 2842 5363 dixi
2856 5309 2883 5365 2
2908 5308 3212 5378 Sufﬁceret,
3241 5312 3350 5368 dixi
3373 5327 3396 5368 .°-
3417 5312 3527 5385 Ego
3550 5329 3668 5369 cum
3685 5327 3774 5368 cnt-

2214 5394 2366 5467 phasi
2393 5395 2591 5453 dictant
2619 5407 2700 5454 est
2724 5416 2739 5465 ;
2769 5399 2910 5473 Ego,
2937 5417 3058 5474 ego,
3085 5419 3190 5459 non
3223 5403 3408 5473 fatum,
3432 5420 3541 5463 non
3567 5405 3768 5470 fortuna,

2214 5502 2322 5544 non
2353 5486 2630 5558 diabolus;
2667 5491 2788 5562 quia
2815 5508 2914 5550 uec
2943 5494 3058 5566 ipse
3081 5496 3295 5568 coegit,
3326 5498 3424 5554 sed
3454 5514 3555 5571 ego
3579 5511 3768 5570 perma-

2213 5582 2361 5641 dcnti
2386 5586 2633 5642 consensi
2661 5602 2676 5641 :
2703 5585 2816 5660 Ego
2847 5587 2976 5655 dixi,
3004 5587 3241 5657 Domine,
3271 5592 3506 5650 miseror:
3536 5593 3766 5660 mei,ma

2210 5677 2438 5734 uitiatum
2463 5694 2643 5750 meam,
2673 5681 2914 5754 quoniam
2937 5683 3139 5756 peccavi
3169 5684 3257 5742 tibi
3287 5683 3460 5758 (Pani.
3491 5701 3581 5757 ιι,
3608 5684 3676 5756 5).
3695 5678 3764 5739 Sic

2283 5835 2457 5909 {certe
2476 5833 2600 5909 leg;
2623 5839 2716 5909 sed
2734 5851 2828 5909 non
2841 5835 3094 5906 Sttﬂ'ecerat
3114 5843 3243 5909 quod
3256 5823 3398 5897 dixit.

2285 5899 2503 5962 'Aliquot
2528 5899 2652 5961 $155.,
2673 5902 2817 5962 facta.

3895 3609 3899 3658 1'

3895 3701 3899 3718 i
