3950 6410
154 555 199 602 et
221 543 297 599 hic
315 535 522 612 statuit,
552 545 609 592 ct
633 535 936 610 proposuit,
967 535 1132 591 Dixi:
1163 535 1508 592 Pronuntiubo
1537 539 1715 593 adver-

160 651 249 687 ium
278 646 348 682 me
372 629 680 701 iniquitatem
720 644 880 682 nteant
908 626 1157 697 Domino,
1197 638 1243 684 et
1269 639 1324 690 tu
1353 631 1585 685 remisisti
1613 631 1710 688 im-

157 726 365 794 ;..i.-mtem
387 721 555 776 cordis
582 720 694 775 mei.
866 768 888 792 ,

215 817 289 867 Π.
325 812 470 884 [rem
501 809 582 884 6.]
614 811 715 871 Pro,
756 812 851 866 Iun:
877 811 1037 868 orabit
1080 812 1149 867 ad
1189 823 1237 868 te
1263 814 1428 868 ontuis
1467 825 1706 879 sanctus,

149 913 190 962 in
224 920 432 976 tempore
474 915 777 980 Opportuna.
817 905 932 979 Quo
974 906 1252 974 tempore?
1298 905 1404 961 Pro
1443 905 1556 961 line.
1607 907 1708 961 l‘ro

147 1015 234 1070 qua
258 995 381 1052 hac?
411 997 510 1050 Pro
537 997 824 1068 impietate.
853 996 954 1052 Pro
980 997 1118 1066 qua?
1142 997 1242 1051 Pro
1273 998 1385 1067 ipsa
1412 999 1562 1053 venia
1587 1013 1709 1068 pce.-

146 1101 380 1146 ca'ornm.
412 1083 520 1140 Pro
544 1087 637 1140 Imc
666 1087 825 1142 orabit
854 1086 922 1142 ad
955 1096 1002 1142 te
1025 1087 1188 1142 omnis
1212 1098 1447 1154 sanctus,
1487 1088 1540 1141 in
1577 1098 1704 1143 tent-

145 1197 248 1251 pore
264 1189 562 1252 Opportuna.
589 1177 712 1232 ludo
741 1177 914 1236 Orabit
941 1177 1005 1231 ad
1033 1189 1082 1234 te
1111 1180 1282 1233 on'mis
1311 1189 1558 1247 sanctus,
1581 1181 1702 1250 quia

145 1271 361 1328 dimisisti
394 1281 628 1342 peccata.
654 1271 785 1327 Nam
812 1272 855 1326 si
884 1286 987 1326 non
1016 1271 1311 1327 diuritteres
1335 1283 1572 1340 peccata,
1596 1289 1701 1328 non

143 1377 263 1425 CS:Cl
298 1377 510 1423 sanctus
549 1365 638 1438 qui
674 1365 738 1420 ad
786 1374 836 1421 te
870 1373 1077 1430 oraret,
1127 1365 1230 1422 Pro
1259 1366 1353 1420 lntc
1379 1366 1536 1419 orabit
1565 1366 1634 1420 ad
1656 1375 1704 1420 te

142 1459 278 1514 omnis
300 1467 505 1515 sanctus
524 1495 542 1523 ,
571 1457 620 1510 in
647 1465 867 1526 (corpore
898 1465 1180 1525 Opportuna
1206 1472 1222 1509 :
1247 1455 1457 1526 quando
1483 1457 1702 1512 manife-

142 1535 338 1605 stabiiur
363 1547 570 1603 Novum
612 1549 1049 1612 Testamentum,
1079 1547 1289 1618 quando
1335 1548 1699 1603 manifestabi-

142 1651 210 1698 tur
227 1640 381 1713 gratia
409 1639 628 1706 Christi,
653 1638 792 1710 quod
824 1649 904 1693 est
930 1649 1136 1709 tempus
1167 1648 1540 1708 opportumnn.
1569 1638 1694 1696 Cum

142 1746 284 1788 autem
331 1732 459 1788 renit
514 1731 775 1802 plenitudo
827 1731 1100 1799 temporis,
1147 1731 1278 1784 misit
1321 1728 1459 1784 Deus
1509 1729 1700 1783 Filium

141 1843 292 1889 suum,
323 1827 515 1898 factum
539 1840 601 1878 ea:
629 1824 864 1887 muliere,
891 1823 938 1876 id
965 1832 1130 1877 estex
1157 1820 1348 1876 fetnina
1371 1838 1385 1884 ;
1417 1821 1698 1878 indiscrete

141 1921 254 1973 enim
297 1918 555 1974 vocabant
588 1917 689 1972 hoc
715 1916 922 1988 Antiqui
947 1956 962 1982 ,
994 1919 1183 1986 factum
1208 1913 1298 1970 sub
1334 1913 1466 1985 Lege
1490 1955 1504 1980 ,
1536 1926 1589 1970 ut
1615 1932 1697 1970 eos

138 2016 206 2085 qui
229 2014 310 2070 sub
339 2013 469 2085 Lege
488 2020 658 2076 erant,
687 2011 949 2066 redimeret
977 2008 1116 2077 (Cal.
1150 2025 1221 2075 tv,
1246 2009 1300 2074 6,
1330 2007 1405 2080 5).
1433 2008 1584 2063 Unde
1608 2025 1694 2065 re-

139 2110 366 2168 dimeret?
395 2112 437 2164 Λ
466 2108 706 2175 diabolo,
732 2122 760 2162 a
792 2106 1115 2176 perditione,
1145 2122 1173 2161 a
1201 2107 1431 2176 peccatis
1457 2107 1595 2170 suis,
1627 2108 1694 2162 ab

137 2220 188 2256 eo
211 2203 281 2256 cui
309 2218 366 2256 se
391 2201 768 2256 vendiderant.
790 2199 863 2272 Ut
887 2217 968 2256 eos
1005 2201 1090 2270 qui
1117 2201 1210 2255 sub
1237 2200 1367 2270 Lege
1389 2210 1528 2255 erant
1557 2201 1694 2254 redi-

138 2305 279 2351 meret.
309 2295 415 2350 Sub
437 2295 586 2366 Lege
612 2294 752 2348 enim
781 2303 933 2349 erant
955 2333 971 2361 ,
999 2294 1118 2365 quia
1147 2292 1421 2362 proruebat
1446 2309 1537 2348 eos
1559 2294 1687 2348 Lex.

135 2384 342 2441 Conditio
378 2401 469 2444 co.-
506 2386 822 2455 proruebat,
867 2385 1229 2440 convincenda
1258 2385 1324 2439 de
1355 2395 1536 2452 reatu,
1586 2403 1689 2441 non

137 2479 370 2533 Sﬂlt'illltlo.
401 2481 459 2533 Et
489 2477 714 2549 quidem
758 2477 895 2532 mala
943 2477 1258 2548 prohibebat
1285 2498 1299 2533 :
1329 2478 1421 2533 sed
1460 2477 1579 2548 quia
1618 2479 1693 2536 illi

136 2573 251 2629 vires
291 2589 389 2628 oon
418 2573 693 2629 habebant
736 2587 831 2643 per
859 2572 1061 2640 seipsos
1084 2570 1406 2640 jusriticandi
1450 2588 1544 2639 se,
1575 2573 1690 2627 cla-

135 2666 348 2720 mandum
378 2676 490 2720 erat
515 2664 594 2720 ad
621 2655 800 2729 ilum’,
829 2663 1097 2734 quomodo
1123 2663 1381 2718 clamabat
1406 2665 1494 2735 qui
1521 2666 1689 2734 capti-

133 2771 211 2810 vus
244 2757 522 2812 ducebatur
574 2755 674 2812 Sub
717 2755 832 2826 lege
867 2756 1067 2826 peccati
1111 2773 1124 2809 :
1173 2755 1329 2810 Miser
1366 2773 1456 2826 ego
1502 2757 1688 2824 Itonia,

133 2851 224 2921 quis
258 2869 326 2906 me
347 2851 581 2906 libri-abit
605 2850 667 2904 de
707 2866 918 2920 corpore
956 2849 1131 2905 mortis
1164 2850 1316 2919 ltnjus
1361 2849 1534 2921 (Rom.
1581 2865 1651 2905 ιιι
1673 2892 1687 2917 ,

131 2943 356 3015 23.24)?
391 2946 565 3000 Erant
605 2958 790 2998 omnes
834 2941 1075 2997 Iunnincs
1118 2941 1219 2995 sub
1262 2941 1436 3013 Lege,
1486 2958 1592 2996 non
1635 2943 1688 2999 in

133 3034 248 3106 Lege
272 3053 284 3088 :
308 3035 409 3103 jam
438 3035 523 3090 illa
561 3034 910 3104 deprimente,
943 3033 1027 3087 illa
1050 3032 1116 3088 de
1144 3041 1290 3087 reatu
1316 3033 1684 3090 eonvincente.

136 3126 486 3182 Detrunistravit
511 3128 666 3182 enim
698 3135 967 3196 peccaturo
992 3125 1096 3180 Lex
1129 3143 1144 3182 z
1187 3126 1268 3179 illa
1303 3125 1414 3178 fixit
1441 3125 1682 3194 Spinam,

134 3218 203 3271 illa
238 3217 350 3273 fecit
385 3235 476 3274 cor
505 3218 836 3288 compungi;
880 3217 990 3286 ipsa
1033 3217 1306 3272 admonuit
1343 3225 1397 3271 ut
1435 3233 1584 3271 reum
1626 3233 1688 3274 se

133 3311 320 3380 quisque
344 3319 720 3382 cognosceret,
749 3318 803 3366 et
828 3325 922 3379 pro
953 3310 1101 3364 venia
1132 3310 1384 3364 clamaret
1409 3309 1473 3364 ad
1499 3310 1684 3365 Deum.

135 3399 219 3458 Pro
240 3404 326 3458 luit:
346 3404 504 3458 orabit
535 3402 610 3456 ad
635 3414 681 3458 te
708 3403 868 3456 omnis
893 3412 1096 3456 sanctus
1117 3443 1130 3467 ,
1169 3402 1223 3456 in
1253 3409 1474 3471 tempore
1502 3418 1689 3472 appor-

133 3505 247 3549 tuno.
273 3497 401 3567 lingu
425 3495 675 3552 dicebam
706 3493 774 3550 de
805 3506 1042 3565 tempore
1079 3503 1377 3562 opportuno
1408 3510 1421 3548 :
1453 3492 1577 3548 Cum
1609 3511 1686 3550 re-

134 3587 190 3640 nit
219 3587 460 3656 plenitudo
489 3587 771 3660 temporis,
798 3585 928 3641 misit
965 3584 1104 3641 Deus
1133 3584 1323 3640 Filium
1351 3603 1516 3641 suurn.
1560 3587 1686 3642 item

135 3678 236 3733 dicit
263 3681 546 3751 Apostolus
573 3697 588 3734 :
619 3678 867 3749 Tempore
898 3679 1192 3750 acceptubtli
1232 3688 1277 3732 et
1321 3679 1506 3748 placito
1533 3695 1691 3734 exuu-

135 3769 216 3824 diri
242 3783 300 3839 te,
324 3787 366 3826 et
393 3773 442 3826 in
469 3772 562 3826 die
579 3771 757 3825 salutis
777 3768 947 3840 adjuvi
979 3779 1044 3823 te.
1069 3770 1131 3823 Et
1152 3768 1271 3839 quia
1296 3769 1396 3824 hoc
1425 3769 1492 3824 de
1517 3770 1690 3828 omni-

137 3859 212 3913 bus
237 3860 548 3918 Christianis
578 3861 652 3932 (η)
686 3861 994 3930 pra-dictum
1022 3869 1136 3914 erat
1164 3876 1192 3913 a
1224 3859 1486 3932 Propheta
1505 3901 1522 3925 ,
1565 3863 1693 3918 sub-
1733 3883 1743 3895 θ

131 3949 236 4020 jeth
275 3957 562 4025 Apostolus
593 3970 605 4006 :
635 3950 768 4006 Ecce
811 3968 944 4006 nunc
979 3960 1172 4022 ternpus
1213 3950 1545 4020 acceptabile,
1578 3968 1689 4006 erce

137 4059 243 4099 nunc
271 4047 370 4102 dies
407 4046 595 4103 salutis
626 4046 688 4117 (II
717 4043 833 4100 Cor.
861 4060 912 4099 vi
937 4085 950 4108 ,
978 4043 1056 4114 2).
1093 4042 1195 4097 Pro
1225 4044 1320 4097 ltac
1361 4044 1520 4100 orabit
1547 4044 1616 4098 ad
1641 4053 1691 4100 te

137 4139 271 4193 omnis
298 4152 517 4203 sanctus,
557 4140 607 4191 in
636 4148 857 4209 tempore
882 4147 1185 4206 Opportune.

196 4229 270 4286 18.
305 4230 659 4285 Verumtmnett
685 4231 735 4282 in
775 4229 964 4283 diluvio
999 4244 1242 4300 aquarum
1284 4227 1554 4282 multarum
1576 4270 1590 4295 ,
1621 4228 1690 4282 ad

141 4335 232 4376 cum
265 4338 358 4376 non
399 4320 898 4400 omimpinquabunt.
944 4318 1024 4372 Ad
1053 4335 1163 4372 eum
1205 4334 1221 4372 :
1263 4317 1329 4372 ad
1369 4318 1564 4389 quem?
1606 4317 1687 4373 Ad

142 4409 300 4466 Deum.
327 4414 466 4469 Solet
496 4413 640 4469 enim
678 4426 956 4482 personam
989 4419 1230 4465 Imitare:
1263 4409 1528 4480 quomodo
1570 4418 1684 4476 est,

140 4499 315 4558 Domini
353 4517 420 4559 est
458 4506 629 4569 solus,
672 4515 715 4558 et
762 4520 912 4574 super
950 4505 1190 4574 populum
1230 4513 1370 4558 tuum
1414 4503 1688 4558 benedictio

142 4600 210 4644 tua
237 4594 394 4666 (Paul.
419 4613 496 4662 tu,
527 4596 607 4667 9).
640 4595 752 4650 Non
781 4595 945 4660 dixit,
974 4595 1175 4649 Domini
1205 4604 1288 4649 est
1317 4596 1460 4649 salus
1485 4636 1494 4658 ,
1517 4603 1574 4650 et
1600 4610 1688 4648 su-

142 4697 220 4753 per
242 4689 477 4756 pupulum
503 4688 622 4757 ejus
648 4687 941 4742 benedictio
967 4687 1081 4757 ejus
1111 4703 1123 4738 :
1156 4695 1263 4748 aut,
1296 4686 1520 4742 Domine
1554 4728 1566 4750 ,
1601 4696 1686 4742 tua

143 4785 207 4828 est
228 4777 391 4845 salus,
433 4787 489 4835 ct
529 4794 692 4847 super
735 4782 981 4847 populum
1024 4786 1168 4830 tuum
1210 4777 1506 4832 benedictio
1551 4788 1682 4832 tua:

143 4864 216 4918 sed
241 4883 350 4922 cum
394 4869 651 4939 inciperet
672 4909 684 4931 ,
717 4866 919 4922 Domini
946 4878 1017 4921 est
1056 4867 1226 4933 salus,
1258 4883 1362 4921 non
1393 4867 1455 4921 ad
1496 4868 1643 4922 illum
1667 4911 1684 4937 ,

145 4957 298 5015 sedile
326 4962 415 5016 illo
441 4965 647 5028 dicens;
674 4962 740 5015 ibi
771 4975 1059 5016 conversus
1088 4969 1169 5014 cst
1197 4959 1262 5014 ad
1294 4959 1469 5024 illum,
1499 4969 1552 5014 et
1577 4961 1684 5026 ait,

147 5045 199 5100 Et
219 5065 354 5120 super
382 5052 623 5124 populant
657 5063 794 5105 tuum
823 5051 1094 5106 benedictio
1125 5062 1229 5104 tua.
1259 5050 1345 5105 Sic
1372 5060 1424 5104 et
1453 5051 1536 5105 hic
1564 5065 1684 5109 cum

145 5142 272 5197 audis
308 5147 469 5216 primo
496 5146 564 5200 ad
592 5157 666 5211 te,
698 5144 888 5199 deinde
930 5144 995 5196 ad
1041 5160 1187 5210 eum,
1237 5157 1304 5198 nc
1346 5151 1501 5214 putes
1527 5136 1685 5198 alium

146 5242 278 5296 esse;
309 5233 408 5290 Pro
447 5236 540 5290 liae
569 5236 730 5291 orabit
757 5235 826 5288 ad
855 5245 902 5288 te
929 5235 1089 5288 euntis
1117 5243 1319 5288 sanctus
1341 5275 1354 5299 ,
1386 5233 1437 5287 in
1465 5243 1688 5303 tempore

148 5334 414 5392 opportuno.
446 5324 793 5382 Verumtmnen
821 5325 872 5378 in
899 5325 1083 5379 diluvio
1109 5342 1351 5395 aquarum
1378 5325 1685 5393 multarunt,

149 5409 204 5462 ad
239 5427 340 5468 eum
380 5432 476 5470 non
524 5415 1016 5488 amn'Opinquubunt.
1065 5415 1201 5484 Quid
1240 5424 1358 5480 est,
1406 5416 1457 5468 in
1501 5416 1687 5469 diluvio

151 5517 364 5572 aptorum
402 5509 718 5564 multarunt?
757 5509 856 5575 Qui
899 5517 1080 5564 natant
1109 5507 1161 5562 in
1202 5507 1401 5562 diluvio
1431 5523 1684 5577 aquarum

151 5595 426 5670 multarum,
451 5617 552 5658 non
581 5603 1004 5674 apprOpinquant
1024 5599 1091 5655 ad
1125 5599 1305 5655 Demn.
1337 5599 1475 5667 Quid
1502 5609 1582 5654 est
1608 5598 1690 5655 di-

153 5682 328 5746 luvium
365 5708 611 5766 aquarum
657 5691 978 5750 multarum?
1024 5692 1379 5762 Multiplicitas
1421 5693 1684 5747 variarum

157 5774 496 5840 doctrinarum.
524 5786 808 5854 intendite,
841 5785 1048 5842 fratres.
1079 5783 1248 5838 Multa:
1277 5800 1423 5853 aqua!
1449 5793 1569 5840 sunt
1595 5797 1688 5836 va-

219 5887 279 5956 (ιι)
301 5900 444 5960 Forte,
467 5899 765 5962 tenuioribus.

1227 389 1618 476 ENARMTIO
1655 419 1721 474 IN
1761 419 2078 476 ossuum
2120 422 2311 480 xxxr.

2522 399 2550 428 ἵ..

3300 443 3406 505 270

1820 537 1912 590 riae
1939 535 2215 594 doctrinae.
2242 539 2492 596 Doctrina
2529 544 2623 600 Del
2653 564 2762 609 una
2783 559 2866 608 cst
2886 593 2901 619 ,
2930 569 3035 609 non
3065 565 3191 614 sunt
3221 564 3402 624 multa:

1815 643 1968 697 aqua)
1989 672 2001 693 ,
2050 630 2145 686 sed
2172 647 2276 686 una
2315 648 2474 704 aqua,
2505 637 2617 692 sive
2641 649 2958 698 sacramenti
2986 649 3260 716 baptismi.
3289 659 3402 713 sive

1815 717 2075 813 doctrime
2115 723 2390 780 salutaris.
2437 725 2511 782 De
2551 727 2665 798 ipsa
2709 732 2948 790 doctrina
2995 755 3094 808 qua
3123 741 3402 813 irrigantur

1813 824 1908 880 per
1939 808 2194 882 Spiritum
2235 823 2476 870 sanctum
2499 859 2512 882 ,
2558 817 2752 875 dicitur
2785 842 2798 878 :
2827 824 2949 880 Bibe
2987 845 3168 898 aquari:
3207 808 3269 887 de
3307 840 3402 892 tuis

1814 905 1946 956 vasis
1965 945 1979 968 ,
2023 916 2068 958 et
2101 904 2159 960 'le
2185 918 2448 975 puteorum
2475 919 2676 965 tuorum
2707 918 2928 985 fontibus
2957 920 3136 994 (Prov.
3177 942 3208 978 v
3227 969 3242 994 ,
3285 931 3394 1000 15).

1809 994 1892 1050 Ad
1927 996 2053 1052 istos
2079 997 2248 1054 fontes
2280 1016 2386 1054 non
2412 1003 2670 1059 accedunt
2700 1006 2885 1078 impii,
2917 1013 3007 1066 sed
3035 1016 3311 1072 credentes
3346 994 3395 1073 in

1810 1102 1930 1143 eum
1954 1089 2042 1164 qui
2064 1089 2322 1157 justiﬁcat
2349 1094 2568 1164 impium
2593 1096 2768 1166 (Rom.
2795 1113 2865 1163 Iv,
2991 1104 3096 1171 jam
3120 1107 3395 1176 iustificati

1809 1178 2086 1234 accedunt.
2119 1181 2250 1235 Alia!
2287 1198 2438 1253 aqua:
2477 1185 2656 1240 mult-.e
2677 1226 2692 1250 ,
2721 1188 2897 1242 multae
2935 1189 3187 1249 doctrina:
3219 1200 3392 1271 inqui-

1807 1277 1938 1328 nant
1977 1271 2180 1326 animas
2227 1272 2498 1329 hominum
2526 1317 2540 1343 ,
2586 1278 2726 1348 quod
2772 1282 2929 1348 paulo
2969 1293 3090 1340 ante
3131 1287 3390 1346 dicebam.

1807 1361 1924 1450 illia
1956 1362 2188 1444 doctrina
2220 1373 2334 1429 est,
2377 1364 2564 1423 Fatum
2595 1371 2723 1423 mihi
2767 1371 2910 1427 fecit.
2954 1376 3070 1430 Alia
3113 1377 3391 1450 doctrina,

1805 1449 1973 1509 Casus
2005 1455 2129 1508 mihi
2161 1456 2319 1522 ferit,
2349 1459 2554 1514 fortuna
2601 1460 2742 1517 fecit.
2789 1463 2844 1518 Si
2885 1467 3095 1522 casibus
3141 1449 3396 1543 teguntur

1805 1542 2084 1613 homines,
2128 1549 2268 1604 trulla
2314 1551 2645 1619 providentia
2687 1557 2882 1625 aliquid
2926 1561 3130 1629 geritur
3161 1582 3174 1617 :
3202 1542 3255 1621 et
3279 1566 3391 1636 ipsa

1804 1632 2040 1690 doctrina
2065 1647 2162 1694 est.
2197 1640 2344 1695 Alios
2371 1642 2503 1697 dixit
2526 1686 2539 1709 ,
2572 1645 2662 1698 Est
2685 1661 2818 1716 gens
2849 1654 3111 1706 contraria
3143 1632 3392 1718 tenebra-

1801 1742 1916 1779 rum
1939 1770 1962 1821 ,Δ
1985 1744 2099 1821 ῳιῴ
2140 1731 2418 1788 rebellavit
2443 1735 2698 1792 adversus
2740 1739 2902 1793 Deum
2929 1785 2943 1809 ,
2973 1743 3084 1812 ipsa
3112 1747 3234 1804 facit
3262 1766 3391 1821 pec-

1801 1833 1926 1872 care
1955 1818 2214 1876 homines.
2244 1821 2299 1878 ln
2334 1824 2434 1880 hoc
2463 1827 2662 1882 diluvio
2707 1845 2963 1900 aquarum
3004 1818 3285 1895 tnultarum
3321 1846 3387 1900 ad

1802 1905 1972 1963 Deum
2012 1927 2113 1966 1.0a
2146 1917 2663 1987 appropinqnalmnt.
2695 1921 2823 1990 Qua:
2849 1937 2932 1980 est
2971 1928 3057 1983 illa
3085 1946 3218 2002 aqua
3245 1977 3259 2001 ,
3302 1936 3388 1991 illa

1798 2015 1922 2054 vera
1947 2020 2064 2071 qum
2094 2016 2271 2061 manat
2295 2007 2361 2062 de
2391 2009 2574 2065 intimo
2605 2012 2752 2068 fonte
2783 2033 2928 2086 purae
2955 2036 3102 2076 vente
3126 2028 3387 2084 veritatis?

1798 2090 1926 2159 Qum
1958 2093 2040 2146 illa
2068 2112 2201 2166 aqua
2229 2107 2342 2163 est,
2380 2097 2602 2169 fratres,
2650 2104 2748 2159 nisi
2788 2123 2906 2178 qua:
2945 2110 3102 2167 docet
3145 2117 3385 2174 confiteri

1800 2183 2065 2240 Domino?
2089 2191 2216 2256 Qua:
2248 2200 2328 2244 est
2359 2191 2442 2245 illa
2478 2209 2613 2263 aqua
2633 2237 2647 2261 ,
2681 2196 2779 2250 nisi
2821 2216 2939 2268 quae
2969 2201 3155 2272 docet,
3185 2207 3384 2265 Bonum

1795 2284 1865 2329 est
1889 2278 2116 2348 con/lteri
2142 2277 2360 2334 Domino
2387 2280 2552 2357 (Psal.
2587 2301 2693 2350 xei,
2726 2286 2808 2361 2)?
2838 2289 2967 2356 Qua:
2988 2303 3070 2348 est
3095 2295 3178 2349 illa
3210 2314 3380 2370 aqua,

1795 2367 1894 2422 nisi
1918 2386 2035 2438 qua:
2064 2372 2219 2426 docet
2247 2371 2382 2431 hanc
2406 2392 2612 2442 vocem,
2645 2379 2765 2435 Diri
2781 2425 2794 2449 ,
2829 2383 3177 2442 Pronuntiabo
3206 2367 3384 2450 adver;

1794 2476 1904 2512 sunt
1931 2479 2008 2515 nte
2032 2463 2326 2532 injustitiant
2355 2485 2515 2521 nteant
2545 2468 2763 2527 Domino
2796 2490 2814 2528 :
2843 2484 2897 2534 et
2917 2520 2931 2543 ,
2965 2477 3074 2550 Ego
3106 2481 3212 2536 dixi
3232 2525 3246 2550 ,
3278 2483 3384 2544 Do-

1793 2559 1929 2608 mine
1949 2596 1962 2620 ,
1994 2559 2225 2611 miserere
2252 2559 2348 2611 mei
2367 2601 2380 2625 ,
2411 2577 2536 2615 sana
2565 2566 2787 2618 animum
2814 2585 2994 2637 meum,
3019 2575 3253 2640 quoniam
3277 2595 3388 2648 psc-

1791 2647 1902 2700 cuvi
1951 2647 2080 2702 tibi?
2118 2649 2240 2705 llaec
2282 2667 2415 2728 aqua
2458 2654 2808 2720 confessionis
2853 2675 3226 2732 peccatorum,
3269 2669 3383 2726 haec

1792 2754 1928 2810 aqua
1950 2739 2329 2798 lnnniliationis
2356 2745 2568 2815 cordis,
2603 2745 2717 2804 haec
2737 2767 2871 2821 aqua
2906 2755 3025 2809 vitae
3060 2757 3074 2785 ¹
3099 2759 3377 2830 salutaris,

1792 2830 2089 2899 abjicientis
2116 2847 2193 2894 se,
2228 2833 2358 2888 nihil
2389 2834 2454 2890 de
2484 2853 2541 2891 se
2574 2843 2963 2907 pta-sumentis,
2997 2845 3128 2900 nihil
3161 2863 3268 2902 sua:
3294 2867 3380 2921 po-

1795 2923 1972 2976 tentia:
2018 2926 2246 2992 superbe
2276 2925 2576 2984 tribuentis.
2607 2930 2731 2987 llrcc
2759 2948 2894 3003 aqua
2923 2934 2976 2989 in
3005 2939 3161 2994 nullis
3188 2941 3378 2997 alieni-

1790 3031 2052 3086 genarum
2083 3017 2229 3072 libris
2252 3029 2335 3074 cst
2359 3062 2372 3087 ,
2407 3038 2509 3078 non
2544 3023 2593 3078 in
2619 3025 2878 3096 epicurcis
2899 3069 2912 3093 ,
2943 3046 3046 3085 non
3078 3031 3128 3087 in
3161 3035 3342 3091 stoicis
3362 3079 3376 3102 ,

1791 3125 1899 3164 non
1924 3109 1973 3164 in
1999 3113 2328 3181 tnanicharis,
2349 3131 2452 3171 non
2473 3118 2521 3172 in
2543 3119 2839 3188 platonicis.
2867 3122 3196 3198 Ubicumque
3218 3132 3376 3192 etiam

1791 3201 2136 3259 inveniuntur
2179 3207 2376 3277 Optima
2411 3223 2673 3280 praecepta
2705 3229 2911 3270 morum
2957 3226 3010 3271 et
3047 3218 3372 3290 disciplinm,

1791 3295 2064 3353 humilitas
2103 3307 2278 3354 tamen
2326 3301 2426 3356 ista
2455 3317 2562 3358 non
2607 3304 2894 3362 invenitur.
2942 3307 3036 3364 Via
3069 3312 3379 3370 humilitatis

1791 3388 1949 3462 hujus
1975 3391 2185 3448 aliunde
2215 3395 2234 3425 ²
2277 3404 2454 3452 manat
2485 3416 2496 3449 :
2529 3413 2556 3452 a
2597 3398 2813 3456 Christo
2852 3404 3015 3460 venit.
3047 3405 3172 3462 llrce
3200 3409 3282 3462 via
3312 3411 3378 3468 ab

1791 3482 1884 3539 illo
1907 3494 2007 3548 est,
2037 3485 2126 3554 qui
2156 3501 2274 3538 cum
2301 3496 2443 3548 esset
2463 3489 2619 3555 altus,
2648 3490 2863 3550 humilis
2885 3497 3046 3549 venit.
3071 3496 3206 3566 Quid
3233 3501 3373 3558 enim

1790 3575 1931 3629 aliud
1954 3576 2134 3631 docuit
2163 3575 2491 3634 humiliando
2517 3595 2606 3648 se,
2633 3581 2801 3638 factus
2839 3585 3095 3645 obediens
3123 3605 3288 3660 usque
3311 3593 3377 3648 ad

1790 3677 2049 3735 mortem,
2074 3679 2298 3724 mortem
2327 3681 2501 3726 autem
2538 3674 2713 3729 crucis
2737 3673 2993 3747 (Philipp.
3024 3695 3081 3743 ιι,
3115 3681 3212 3751 8)?
3239 3683 3376 3750 Quid

1790 3761 1932 3816 aliud
1963 3762 2142 3817 docuit
2171 3763 2424 3818 Solvendo
2449 3766 2588 3833 quod
2616 3783 2718 3820 non
2739 3767 2998 3834 debebat,
3024 3782 3082 3828 ut
3117 3789 3213 3827 nos
3239 3789 3268 3830 a
3294 3776 3379 3832 dc-

1791 3854 1902 3911 bito
1924 3855 2214 3910 liberaret?
2236 3856 2370 3922 Quid
2397 3857 2540 3911 aliud
2565 3858 2741 3913 docuit
2761 3861 3056 3930 baptizatus
3083 3867 3168 3933 qui
3199 3883 3380 3936 pecca-

1793 3957 1901 4004 tum
1934 3962 2038 4002 non
2070 3945 2226 4010 fecit,
2268 3948 2550 4002 crucitixus
2593 3949 2681 4018 qui
2727 3960 2932 4006 reatum
2975 3968 3077 4006 non
3110 3955 3378 4018 habebat?

1791 4039 1925 4109 Quid
1962 4037 2103 4101 aliud
2143 4038 2354 4103 docuit,
2391 4040 2491 4094 nisi
2520 4039 2656 4094 hanc
2703 4041 3097 4098 lun'nili‘aten't?
3125 4045 3240 4101 Non
3271 4049 3372 4104 im-

1792 4132 1984 4194 merito
2019 4131 2090 4184 ait
2125 4147 2138 4183 :
2171 4131 2279 4201 Ego
2304 4149 2416 4186 sunt
2457 4134 2535 4186 ria
2559 4144 2604 4186 et
2633 4135 2810 4188 veritas
2839 4145 2884 4190 et
2915 4137 3015 4190 rita
3057 4137 3233 4209 (Joan.
3263 4157 3371 4210 xw,

1789 4226 1866 4297 li).
1914 4225 1969 4280 lu
2018 4224 2114 4280 hac
2142 4239 2270 4294 ergo
2311 4224 2607 4280 humilitate
2648 4228 3030 4297 prOpinquatur
3069 4231 3134 4286 ad
3168 4233 3370 4300 Deum,

1790 4317 1908 4389 quia
1934 4331 2097 4386 prope
2126 4327 2207 4372 cst
2231 4317 2486 4372 Dominus
2506 4319 2589 4374 his
2618 4320 2705 4389 qui
2732 4321 3065 4379 obtriverunt
3084 4341 3176 4381 cor
3202 4326 3371 4398 (Psal.

1793 4423 1956 4464 xxxm
1982 4449 1993 4469 ,
2026 4406 2136 4480 19).
2179 4408 2231 4462 lu
2264 4408 2461 4465 diluvio
2483 4418 2655 4464 autem
2684 4427 2938 4481 aquarum
2967 4417 3250 4472 multarum
3279 4436 3374 4478 cx-

1793 4500 2089 4554 tollentium
2116 4513 2172 4554 se
2197 4500 2452 4557 adversus
2483 4502 2649 4556 Deum
2675 4545 2688 4568 ,
2714 4513 2768 4558 et
2788 4505 3089 4562 docentium
3120 4513 3374 4580 superbas

1791 4591 2107 4660 impietates,
2137 4590 2200 4644 ad
2231 4591 2392 4645 Deum
2418 4607 2520 4648 non
2546 4596 3063 4665 appropinquabunt.

1864 4683 1950 4738 tt).
1977 4679 2125 4754 [ι’σιδ.
2151 4679 2228 4744 ’⁷.Ῑ
2259 4681 2335 4736 Tu
2367 4693 2541 4739 autem
2565 4685 2688 4754 quid
2715 4728 2727 4750 ,
2759 4688 2844 4755 qui
2875 4689 3032 4744 etiam
3053 4691 3373 4760 juSIilicatus

1757 4765 1760 4768 ’
1791 4788 1867 4841 es,
1895 4775 2031 4830 inter
2057 4774 2258 4829 medias
2288 4775 2402 4828 illas
2427 4791 2589 4845 aquas
2615 4779 2704 4831 es?
2733 4779 2994 4849 Undique,
3026 4782 3216 4840 fratres
3247 4791 3370 4856 uici,

1790 4865 1950 4924 etiam
1975 4881 2094 4920 eum
2123 4865 2439 4919 confitemur
2468 4875 2678 4934 peccata
2705 4908 2716 4928 ,
2749 4879 3086 4940 perstrepunt
3115 4876 3253 4933 circa
3281 4896 3378 4935 nos

1793 4973 1941 5027 aqum
1964 4957 2064 5010 illm
2094 4956 2297 5010 diluvii.
2327 4954 2440 5009 Non
2469 4971 2649 5009 sumus
2679 4958 2729 5010 in
2761 4959 2876 5027 ipso
2901 4961 3119 5026 diluvio.
3145 4968 3237 5022 sed
3268 4974 3376 5024 cir-

1792 5047 2105 5104 cumdamur
2129 5045 2195 5099 ab
2221 5046 2334 5116 ipso
2355 5045 2572 5100 diluvio.
2607 5047 2858 5104 Premunt
2879 5067 2972 5106 nos
2994 5095 3008 5119 ,
3034 5055 3128 5110 sed
3155 5075 3256 5112 non
3279 5077 3377 5129 op-

1794 5138 2028 5210 primunt
2051 5178 2065 5202 ,
2089 5146 2275 5205 urgeat
2305 5150 2400 5190 nos
2423 5178 2437 5202 ,
2467 5136 2559 5193 scd
2584 5154 2686 5191 non
2709 5139 3038 5213 demergunt.
3072 5145 3206 5216 Quid
3247 5165 3373 5221 ergo

1794 5242 1848 5286 ιιι
1874 5229 2034 5285 facies
2056 5271 2070 5295 ,
2095 5228 2216 5299 quia
2242 5229 2294 5283 in
2321 5228 2494 5285 medio
2522 5230 2720 5287 diluvio
2749 5252 2836 5301 cs,
2866 5238 3144 5295 ambulans
3173 5241 3226 5296 in
3273 5243 3370 5300 bo:

1793 5319 2186 5378 smeulMNom
2211 5322 2349 5376 enim
2380 5336 2483 5376 non
2513 5322 2655 5378 audit
2687 5325 2814 5380 tales
2843 5326 3108 5397 doctores,
3142 5347 3246 5386 non
3278 5350 3355 5388 an-

1795 5414 1873 5470 dit
1898 5412 2026 5468 tales
2051 5413 2326 5482 superbos,
2355 5423 2444 5467 aut
2475 5429 2580 5468 non
2609 5431 2673 5470 ex
2705 5418 2876 5472 verbis
2907 5434 3087 5475 eorum
3115 5425 3376 5494 quotidia-

1798 5519 1893 5561 nas
1922 5505 2113 5575 patitur
2142 5503 2191 5556 in
2219 5505 2378 5558 cordo
2399 5520 2493 5561 suo
2515 5509 2954 5577 persecutiones?
2978 5512 3112 5578 Quid
3136 5530 3262 5586 ergo
3287 5516 3338 5572 di
3356 5549 3370 5557 ο

1795 5596 2005 5654 eatiste
2038 5593 2144 5664 jam
2181 5595 2497 5665 justifieatus
2530 5605 2583 5653 et
2621 5615 2952 5670 pra:sumcas
2989 5603 3055 5660 dc
3099 5606 3240 5676 Deo,
3289 5611 3375 5679 qui

1865 5776 1878 5806 ί
1909 5781 1956 5823 ιιι
1979 5776 2203 5824 omnibus
2219 5788 2368 5835 prope
2393 5783 2518 5835 Mss,
2544 5775 2648 5827 riaz.

1796 5837 1979 5946 mflji'c
2014 5844 2119 5885 Mss.
2148 5844 2200 5885 at
2221 5837 2333 5885 add.
2375 5849 2480 5886 cum
2517 5848 2730 5900 negante
2771 5844 3030 5908 partimin,
3055 5848 3252 5904 aliunde
3287 5864 3378 5904 non

1847 5912 1887 5943 .ιῖ

1847 5912 1887 5943 ι’ῖῖ
1896 5912 1953 5943 III!
1963 5934 1971 5942 .
