3950 6446
586 377 692 437 1⁸11

589 491 952 553 circumdatur
975 484 1176 542 diluvio
1200 481 1340 537 isto?
1367 477 1448 534 Tu
1469 474 1594 530 mihi
1630 488 1684 526 es
1709 470 1964 543 refugium
1987 485 2020 522 a
2046 484 2176 538 pres-

591 603 714 644 sura
738 599 851 656 quae
877 575 1202 635 circumdedi:
1241 585 1340 623 me.
1366 565 1651 636 Refugiant
1689 561 1804 628 illi,
1834 561 1922 617 vel
1955 559 2022 615 ad
2049 559 2180 615 deos

591 654 852 747 suos,rvel
873 675 941 728 ad
960 670 1231 726 dmmones
1256 677 1412 728 suos,
1441 660 1527 716 vel
1552 658 1620 715 ad
1649 659 1791 714 vires
1819 672 1942 712 suas
1965 698 1980 722 ,
2008 655 2090 711 vel
2113 654 2180 710 ad

592 770 952 832 defensionem
980 769 1318 833 peccatorum
1360 769 1579 811 suorum
1612 751 1782 806 :milii
1821 750 1874 806 in
1918 750 2020 805 isto
2045 748 2182 803 dilu-

591 867 679 922 vio
699 877 806 919 non
829 866 912 916 est
933 853 1199 924 refugium
1232 847 1335 905 nisi
1360 857 1414 904 tu
1433 889 1450 917 ,
1479 862 1510 901 a
1534 858 1782 918 pressura
1811 858 1930 914 qua:
1955 842 2185 898 circum-

591 957 738 1016 dedit
763 968 869 1010 me.

661 1049 753 1104 20.
797 1041 1084 1101 Exsultatio
1122 1054 1253 1103 mea,
1300 1035 1487 1091 redime
1519 1049 1620 1088 me.
1666 1031 1722 1087 Si
1767 1031 1876 1100 jam
1918 1027 2181 1094 exsultas,

592 1144 720 1219 quid
746 1142 826 1198 vis
869 1135 1102 1195 redimi?
1150 1128 1438 1186 Exsultatio
1472 1144 1603 1191 mea,
1644 1124 1834 1180 redime
1879 1139 1978 1176 me.
2012 1119 2186 1175 Audio

593 1212 778 1294 vocem
791 1227 990 1299 gaudii,
1016 1223 1302 1280 Exsultatio
1321 1238 1429 1276 mea
1446 1236 1465 1275 :
1491 1218 1650 1274 audio
1675 1216 1950 1288 gemitum,
1975 1212 2188 1268 Redime

592 1345 692 1384 me.
717 1323 950 1388 Gaudes,
975 1329 1029 1375 ct
1051 1317 1237 1390 gemis.
1265 1315 1363 1382 lta,
1392 1315 1580 1384 inquit,
1603 1321 1657 1366 et
1674 1309 1899 1382 gaudeo,
1922 1315 1978 1363 et
1995 1321 2181 1378 gemo:

593 1420 802 1496 gaudeo
830 1417 886 1472 in
913 1429 1027 1485 spe,
1056 1425 1210 1483 gemo
1236 1407 1408 1462 adhuc
1438 1407 1492 1461 in
1519 1421 1598 1460 re.
1629 1401 1919 1457 Exsultatio
1946 1415 2080 1466 mea,
2108 1415 2189 1453 re-

594 1493 728 1571 dime
762 1527 859 1566 me.
893 1507 998 1579 Spe
1025 1503 1296 1576 gaudentes
1319 1543 1334 1567 ,
1363 1499 1438 1553 ait
1481 1495 1788 1567 Apostolus.
1820 1493 1960 1563 Ergo
2000 1499 2145 1545 recte
2167 1530 2184 1557 ,

595 1608 887 1668 Exsultatio
916 1620 1026 1658 mea
1049 1645 1066 1668 ,
1094 1600 1282 1655 redime
1325 1611 1420 1650 me.
1449 1592 1599 1649 Unde
1630 1588 1821 1645 redime
1848 1588 1968 1642 me?
1997 1585 2188 1656 Sequi-

597 1715 717 1770 tur,
750 1700 814 1754 In
848 1694 1164 1751 tribulatione
1190 1689 1430 1762 patientes
1458 1684 1634 1757 (Itoni.
1668 1697 1737 1736 χιι
1758 1723 1773 1747 ,
1804 1679 1916 1749 ιθ).
1950 1677 2193 1733 Exsulta-

595 1799 664 1852 tio
684 1811 816 1858 utea,
842 1789 1027 1844 redime
1050 1800 1146 1838 me.
1174 1780 1289 1836 .Iam
1307 1777 1627 1848 justilicatus
1651 1782 1768 1829 erat
1791 1781 1846 1828 et
1869 1770 2187 1842 Apostolus:

594 1901 648 1947 ct
672 1885 796 1958 quid
826 1882 936 1938 ait?
968 1879 1089 1934 Non
1121 1877 1304 1938 solum,
1335 1871 1525 1942 inquit,
1552 1867 1639 1924 sed
1663 1867 1811 1921 etiam
1838 1881 1928 1919 nos
1957 1864 2055 1932 ipsi
2081 1861 2190 1934 pri-

595 1955 761 2037 mitias
802 1975 1037 2030 habentes
1067 1967 1291 2040 Spiritus
1312 2006 1327 2027 ,
1358 1973 1402 2019 et
1430 1961 1530 2033 ipsi
1557 1962 1609 2014 in
1640 1956 2010 2024 nobismetipsis
2053 1955 2193 2026 inge-

595 2072 873 2128 miscimus.
919 2062 1073 2121 Unde
1102 2060 1290 2114 redime
1315 2055 1434 2109 me?
1461 2051 1592 2119 Quia
1613 2051 1714 2119 ipsi
1737 2051 1790 2105 in
1825 2047 2194 2117 nobismetipsis

595 2162 969 2238 ingemiscimus
988 2200 1003 2223 ,
1045 2154 1367 2225 adoptionem
1391 2156 1733 2218 exspectantes
1757 2186 1773 2209 ,
1801 2144 2195 2215 redemptionem

597 2236 824 2328 corporis
849 2249 1028 2306 nostri.
1049 2249 1184 2303 Ecce
1208 2259 1337 2316 ergo
1355 2241 1496 2297 unde
1525 2239 1714 2294 redime
1737 2254 1850 2303 me;
1872 2237 1994 2308 quia
2021 2236 2196 2292 adbuc

598 2355 969 2418 exspectamus
1010 2343 1060 2395 iu
1112 2337 1266 2393 nobis
1315 2333 1724 2406 ingemisceutcs
1769 2328 2196 2398 redemptionem

598 2439 840 2512 corporis
870 2433 1058 2491 nostri.
1093 2421 1245 2488 Unde
1274 2443 1403 2499 ergo
1439 2423 1709 2482 exsultatio
1735 2423 1885 2477 mea?
1915 2421 1988 2476 lbi
2020 2421 2197 2491 sequi-

600 2511 873 2590 turiidcm
922 2523 1214 2596 apostolus,
1259 2529 1315 2576 et
1356 2518 1520 2585 dicit,
1571 2515 1678 2587 Spe
1723 2513 1854 2568 enim
1905 2511 2031 2567 salvi
2077 2511 2200 2584 [acti

600 2644 771 2687 sumus
796 2639 813 2678 :
833 2637 946 2693 spes
967 2627 1134 2673 autem
1153 2630 1265 2682 qua:
1288 2612 1502 2676 videtur,
1528 2617 1720 2664 nonest
1743 2625 1877 2679 spes.
1900 2606 2049 2675 Quod
2069 2605 2201 2660 enim

600 2723 732 2778 videt
755 2720 887 2790 quis,
935 2713 1056 2786 quid
1083 2708 1299 2781 sperat?
1348 2705 1410 2762 Si
1448 2712 1616 2758 autem
1657 2701 1795 2773 quod
1833 2717 1932 2756 non
1977 2700 2201 2754 videmus

601 2789 884 2883 speramus,
909 2822 997 2878 per
1024 2800 1316 2874 patientiam
1336 2803 1684 2867 exspectamus
1707 2791 1818 2864 (Id.
1847 2807 1958 2856 vnt,
1984 2789 2198 2861 '23-‘25).

603 2881 661 2962 Si
689 2915 893 2973 speras,
919 2894 1152 2967 gaudes;
1178 2891 1222 2948 si
1254 2903 1347 2960 per
1373 2886 1677 2957 patientiam
1700 2891 2000 2952 exspectas,
2029 2881 2203 2936 adhuc

603 2999 815 3070 gemis:
858 3006 965 3046 non
998 2986 1138 3043 enim
1183 2997 1318 3052 opus
1343 2989 1426 3036 est
1459 2977 1736 3051 patientia,
1786 2975 1872 3030 ubi
1909 2975 2036 3028 nihil
2079 2974 2201 3028 mali

605 3065 923 3160 perpeteris.
956 3075 1259 3134 Tolerantia
1290 3087 1408 3142 qua:
1440 3071 1669 3134 dicitur,
1697 3066 1947 3138 patientia
1977 3082 2095 3136 qua:
2123 3065 2205 3119 di-

606 3155 767 3244 citur,
795 3170 1107 3228 sustinentia
1137 3182 1254 3237 quae
1280 3164 1492 3226 dicitur,
1522 3157 1898 3230 longanimitas
1926 3174 2043 3226 quru
2068 3155 2204 3211 dici-

610 3280 715 3334 tur,
745 3283 851 3322 non
877 3273 958 3320 est
981 3261 1082 3317 nisi
1105 3261 1158 3314 in
1181 3257 1354 3313 malis.
1387 3254 1484 3310 Ubi
1517 3251 1795 3322 premeris,
1821 3249 1890 3305 ibi
1923 3251 1937 3281 ¹
1965 3249 2207 3319 angustia

608 3372 713 3419 est.
744 3360 885 3428 Ergo
915 3355 960 3410 si
985 3369 1081 3425 per
1110 3348 1416 3422 patientiam
1444 3353 1839 3414 exspectamus,
1867 3340 2043 3394 adhuc
2071 3339 2206 3394 dici-

611 3468 755 3516 mus,
784 3448 1008 3506 Redime
1050 3460 1138 3499 me
1181 3459 1209 3494 a
1251 3454 1499 3511 pressura
1539 3452 1660 3507 qua:
1701 3432 2052 3490 circumdedit
2078 3448 2204 3487 me:

611 3549 734 3620 quia
767 3558 896 3600 vero
920 3556 1015 3612 spe
1039 3538 1167 3593 salvi
1196 3535 1316 3590 facti
1344 3548 1550 3596 sumus,
1578 3531 1734 3586 simul
1765 3527 2050 3600 utrumque
2074 3527 2208 3583 dici-

614 3657 754 3704 mus,
785 3632 1076 3690 Exsultatio
1105 3645 1238 3692 mea,
1268 3627 1455 3680 redime
1482 3640 1578 3678 me.

683 3732 773 3785 2|.
818 3727 989 3800 [vers
1023 3721 1102 3796 8.]
1142 3717 1555 3788 ReSpoudetttr:
1585 3713 1906 3770 Intellectum
1941 3712 2070 3766 dabo
2098 3710 2208 3766 tibi.

617 3825 735 3895 Ipse
762 3829 843 3876 est
869 3817 1105 3890 psalmus
1126 3809 1504 3882 iutelligentim.
1534 3806 1850 3862 Intellectum
1871 3804 2000 3858 dabo
2030 3803 2136 3868 tibi,
2164 3811 2212 3856 et

615 3923 832 3972 statuam
862 3920 908 3963 te
936 3909 988 3962 in
1014 3907 1093 3961 via
1123 3906 1238 3969 hac,
1268 3919 1367 3972 qua
1395 3900 1663 3973 gradieris.
1693 3896 1829 3964 Quid
1860 3904 1958 3958 est,
1992 3905 2213 3949 statuam

617 4019 666 4064 te
689 4009 739 4062 in
767 4006 846 4060 via
875 4003 989 4065 hac,
1011 4016 1109 4070 qua
1137 3994 1428 4068 gradieris?
1457 3992 1568 4048 Non
1595 4002 1654 4046 ut
1681 3990 1887 4044 luereas
1917 3989 2008 4054 ibi,
2035 3987 2128 4043 sed
2157 3994 2216 4042 ut.

614 4100 684 4155 ab
711 4115 772 4153 ea
801 4110 906 4150 non
936 4093 1173 4145 aberres.
1206 4085 1351 4141 Dabo
1379 4084 1726 4146 intellectum,
1758 4088 1816 4134 ut
1838 4094 2129 4150 cognoscas
2161 4086 2214 4133 te

621 4205 850 4260 semper.
874 4196 925 4240 et
944 4197 1156 4250 semper
1181 4177 1410 4248 gaudeas
1431 4175 1484 4229 in
1509 4190 1605 4244 spe
1630 4173 1694 4227 ad
1722 4172 1923 4236 Deum;
1956 4170 2127 4225 donec
2147 4168 2214 4224 ad

623 4284 762 4342 illam
811 4277 1034 4347 patrima
1085 4270 1382 4340 pervenias,
1415 4265 1630 4334 ubijam
1659 4278 1763 4317 non
1809 4278 1953 4333 Spes,
1997 4262 2089 4316 sed
2131 4275 2216 4317 res

624 4375 740 4432 erit.
778 4366 1068 4439 Obftrmabo
1097 4379 1246 4434 super
1277 4373 1322 4414 te
1351 4359 1524 4414 oculos
1568 4371 1704 4410 meos
1728 4371 1746 4408 :
1777 4371 1883 4408 non
1910 4369 1940 4407 a
1968 4367 2020 4409 te
2064 4351 2215 4409 aufe-

624 4483 732 4524 ratu
762 4464 945 4519 oculos
977 4474 1145 4521 meos,
1174 4455 1294 4525 quia
1325 4461 1379 4506 cl
1405 4460 1459 4505 tu
1494 4464 1598 4503 non
1628 4446 1837 4502 auferes
1864 4463 1893 4500 a
1923 4461 2010 4500 me
2034 4446 2216 4501 oculos

625 4569 761 4614 tuos.
791 4555 908 4610 Jatn
931 4550 1270 4622 jostiticatus.
1294 4528 1402 4614 jam
1431 4552 1549 4612 post
1572 4537 1941 4595 remissionem
1969 4546 2217 4609 peceato-

624 4668 742 4708 rum
787 4650 900 4704 leva
940 4643 1124 4699 oculos
1155 4650 1274 4694 tuos
1300 4636 1366 4691 ad
1412 4636 1602 4691 Deum.
1631 4633 1910 4688 Putruerat
1942 4631 2084 4687 enim
2126 4645 2220 4687 cor

627 4749 772 4797 tuum
805 4753 926 4793 cum
957 4741 1098 4790 esset
1129 4732 1180 4786 in
1217 4741 1374 4784 terra.
1420 4724 1533 4781 Non
1579 4724 1744 4795 gratis
1773 4722 1947 4791 audis,
1993 4723 2219 4779 Sursum

623 4848 751 4896 cor,
801 4844 867 4884 ne
911 4834 1142 4899 putrcat.
1188 4822 1326 4890 Ergo
1369 4828 1424 4874 et
1467 4827 1524 4872 tu
1564 4816 1680 4871 leva
1715 4816 1826 4886 jam
1871 4816 2056 4872 oculos
2101 4824 2220 4870 tuos

625 4938 839 4996 semper
870 4922 920 4975 iu
954 4921 1142 4980 Deum,
1173 4926 1227 4971 ut
1259 4915 1433 4970 firmet
1459 4927 1618 4982 super
1649 4919 1701 4967 te
1726 4911 1910 4968 oculos
1938 4925 2083 4965 suos.
2113 4909 2222 4966 Sed

625 5017 753 5090 quid
783 5013 936 5069 times
964 5027 1030 5066 ne
1058 5025 1177 5065 cum
1210 5006 1377 5062 babes
1402 5006 1586 5061 oculos
1613 5003 1679 5058 ad
1709 5005 1874 5060 Deum
1900 5046 1915 5070 ,
1945 5003 2183 5060 oﬂ‘cudas
2201 5045 2218 5071 ,

628 5124 698 5164 ne
725 5123 828 5162 non
852 5103 1105 5174 respicias
1129 5111 1250 5155 ante
1271 5109 1343 5164 to,
1367 5108 1420 5154 et
1445 5097 1578 5152 forte
1601 5097 1841 5152 incurras
1861 5095 1914 5150 in
1937 5095 2221 5167 laqueum?

627 5199 748 5255 Noli
775 5199 966 5254 timere
991 5213 1005 5249 :
1033 5194 1103 5248 ibi
1133 5193 1274 5248 enim
1296 5201 1418 5247 sunt
1443 5190 1580 5246 oculi
1610 5190 1794 5260 ipsius,
1817 5204 1951 5260 quos
1975 5189 2223 5244 oblirtnat.

629 5308 794 5364 super
824 5300 914 5358 te;
949 5287 1144 5356 Nolite,
1172 5286 1363 5358 inquit,
1387 5284 1591 5339 solliciti
1618 5301 1724 5338 esse
1756 5283 1966 5354 (Matth.
1999 5300 2074 5350 γι,
2105 5282 2221 5356 ’51);

630 5397 688 5444 et
711 5385 984 5459 apostolus
1021 5384 1252 5439 Petrus:
1307 5379 1520 5434 Omnem
1567 5377 1959 5432 sollicitudinem
2009 5388 2224 5432 vestram

630 5497 786 5550 super
811 5479 957 5533 illum
983 5476 1178 5539 mittite,
1207 5473 1326 5543 quia
1366 5472 1443 5524 illi
1483 5487 1605 5523 cura
1642 5479 1715 5523 est
1741 5469 1804 5524 de
1828 5470 1964 5524 vobis
1993 5469 2033 5540 (l
2078 5467 2221 5523 Pelr.

632 5591 700 5639 ν,
728 5574 807 5645 7).
854 5573 994 5642 Ergo
1029 5567 1300 5636 obfirmabo
1345 5582 1496 5634 super
1521 5576 1568 5617 te
1607 5564 1777 5619 oculos
1813 5581 1960 5618 meos.
1992 5563 2070 5619 Tu
2098 5579 2226 5637 ergo

637 5664 824 5720 oculos
851 5671 972 5719 tuos
995 5661 1049 5716 in
1078 5659 1228 5714 illum
1257 5658 1425 5728 erige,
1451 5666 1506 5714 et
1529 5671 1634 5712 nou
1658 5655 1888 5725 timebis,
1916 5666 1974 5712 ut
2001 5656 2130 5724 dixi,
2157 5673 2227 5757 ne

705 5819 725 5889 ξ
753 5825 869 5881 neg.
899 5825 950 5890 et
972 5820 1117 5890 \‘atic.
1139 5824 1268 5880 Mss...
1291 5828 1385 5870 non
1406 5821 1476 5871 est
1497 5813 1593 5868 nisi
1616 5813 1665 5868 in
1688 5812 1847 5878 malis,
1869 5813 1952 5868 ubi
1971 5818 2226 5884 premeris,

640 5879 725 5933 ubi
739 5879 958 5944 angustia
979 5887 1063 5932 est.

1827 357 1887 415 s.
1927 348 2294 412 AUGUSTINI
2333 348 2642 410 EPtSCOPt
3735 369 3814 430 ,π

2287 464 2340 520 in
2361 464 2607 536 laqueum
2635 467 2894 522 ineurras.
2926 464 3061 522 Audi
3081 466 3242 523 alium
3269 468 3570 540 psalmum:
3601 477 3728 534 Oculi
3747 489 3814 541 ιιιά

2285 571 2482 626 semper
2509 556 2577 609 ad
2601 555 2895 611 Dominum.
2923 557 2990 612 Et
3007 559 3155 630 quasi
3177 558 3448 618 diceretur
3473 564 3542 618 illi
3569 584 3580 620 :
3603 567 3717 635 Quid
3738 579 3816 646 agis

2287 647 2355 702 de
2392 646 2616 718 pedibus
2638 649 2761 713 tuis,
2797 665 2917 704 cum
2957 660 3208 708 nouaute
3246 661 3296 710 te
3339 656 3600 712 attendis?
3624 660 3818 726 Quoniam

2286 740 2413 810 ipse,
2441 740 2640 812 inquit,
2663 742 2834 797 evellet
2880 741 2944 798 de
2972 743 3146 813 laqueo
3172 745 3323 818 pedes
3354 763 3492 804 meos
3517 748 3675 824 (Psal.
3699 771 3816 829 xxiv,
3892 761 3893 782 ‘

2290 835 2401 906 15).
2427 835 2719 903 Obﬁrmabo
2746 853 2898 906 super
2921 849 2968 893 te
2992 839 3164 895 oculos
3195 858 3348 898 meos.

2358 925 2448 980 22.
2493 925 2512 1001 [
2541 945 2665 982 vers.
2693 928 2773 1002 9.]
2813 929 3060 986 Promisit
3091 929 3213 989 lmic
3236 943 3290 989 et
3319 935 3641 996 intellectum
3665 952 3711 998 et
3731 961 3820 1015 pro-

2289 1020 2573 1076 tectionem
2603 1036 2750 1075 suam
2776 1038 2790 1074 :
2835 1024 3097 1078 convertit
3120 1039 3180 1080 se
3209 1024 3274 1080 ad
3303 1029 3565 1097 superbos
3588 1032 3821 1094 defenden-

2291 1122 2371 1166 tes
2401 1122 2611 1182 peceata
2640 1128 2756 1178 sua,
2786 1122 2842 1169 et
2865 1115 3096 1170 ostendit
3123 1116 3279 1171 nobis
3303 1119 3435 1188 quid
3461 1120 3531 1176 sit
3560 1121 3819 1197 intellectus,

2291 1204 2469 1260 Nolite
2497 1223 2602 1260 esse
2623 1208 2750 1261 sicut
2784 1224 2939 1274 equus
2980 1219 3026 1264 et
3053 1213 3238 1275 mutas,
3273 1211 3458 1282 quibus
3493 1231 3590 1269 non
3618 1227 3682 1270 est
3717 1220 3822 1274 intel-

2289 1296 2466 1353 lectus.
2498 1299 2674 1368 Equus
2699 1308 2752 1354 et
2779 1301 2953 1356 mulus
2989 1310 3166 1358 erecta
3195 1303 3407 1360 cervice
3445 1315 3586 1362 sunt.
3617 1307 3715 1364 Non
3740 1323 3823 1367 sunt

2289 1405 2460 1462 equus
2484 1399 2538 1446 et
2569 1391 2741 1446 nntius
2762 1435 2775 1456 ,
2808 1392 2946 1448 sicut
2975 1393 3063 1448 ille
3101 1392 3197 1450 bos
3222 1395 3312 1464 qui
3363 1397 3578 1467 agnovit
3615 1415 3823 1468 possesso-

2290 1498 2406 1539 rem
2431 1500 2584 1538 suum
2605 1527 2619 1550 ,
2650 1494 2704 1540 ct
2725 1485 2909 1540 asinus
2935 1502 3174 1558 praesepe
3206 1487 3414 1543 domini
3444 1490 3524 1546 sui
3548 1490 3685 1562 (Isai.
3709 1512 3747 1558 ι,
3769 1497 3820 1568 5).

2293 1574 2468 1631 Nolite
2481 1593 2590 1631 esse
2602 1577 2728 1631 sicut
2744 1594 2898 1644 equus
2917 1587 2962 1632 et
2979 1580 3166 1645 mulus,
3185 1581 3364 1650 quibus
3381 1598 3484 1636 non
3500 1595 3568 1637 est
3589 1585 3822 1644 intellectas.

2291 1668 2429 1739 Quid
2457 1670 2597 1726 cnim
2630 1670 2898 1741 patiuntur
2927 1672 3093 1727 tales?
3117 1670 3183 1726 In
3208 1677 3353 1744 freno
3386 1683 3435 1729 et
3467 1693 3608 1732 canto
3646 1681 3823 1738 tttnxllldt

2291 1777 2463 1815 eorum
2487 1762 2770 1833 constringe
2787 1803 2802 1828 ,
2829 1763 2916 1832 qui
2939 1780 3039 1817 non
3065 1765 3483 1836 appropinquant
3509 1768 3576 1821 ad
3601 1779 3661 1825 te.
3697 1770 3823 1841 Equus

2292 1861 2346 1907 et
2368 1853 2541 1908 mulus
2568 1852 2648 1908 vis
2667 1869 2808 1920 esse,
2836 1854 2914 1909 vis
2936 1870 3040 1909 non
3063 1854 3261 1912 habere
3283 1871 3554 1913 sessorem
3575 1860 3597 1912 Υ
3615 1860 3822 1918 Constrin-

2292 1955 2446 2016 getur
2465 1961 2526 2000 os
2548 1955 2692 2000 tuum
2716 1956 2769 2001 et
2793 1946 3019 2001 maxilla:
3044 1956 3147 2002 tua:
3175 1947 3225 2003 in
3248 1948 3402 2004 freno
3428 1958 3482 2005 ct
3508 1965 3652 2007 canto
3672 1970 3686 2007 :
3703 1952 3822 2023 ipsum

2294 2052 2355 2091 os
2384 2045 2529 2091 tuum
2556 2037 2968 2108 constringetur,
2995 2054 3101 2109 quo
3120 2038 3291 2108 jactzts
3321 2041 3513 2096 merita
3541 2051 3640 2104 tua.
3662 2056 3704 2099 et
3727 2056 3823 2102 taces

2295 2141 2509 2203 peccata
2540 2140 2648 2185 tua.
2674 2130 2919 2186 Maxillas
2943 2148 3115 2186 eormn
3137 2134 3447 2206 constringe,
3469 2136 3556 2205 qui
3578 2152 3668 2190 non
3687 2154 3821 2208 appro-

2298 2228 2545 2295 pinquant
2571 2224 2639 2278 ad
2664 2233 2712 2277 te
2735 2214 3061 2280 lntmiliando
3087 2241 3167 2282 se.

2368 2316 2457 2372 23.
2500 2314 2670 2388 iners.
2705 2316 2819 2388 10.]
2861 2315 3027 2371 Multa
3070 2319 3278 2390 ﬂagella
3320 2321 3616 2390 peccatoris.
3661 2321 3751 2377 Non
3771 2335 3822 2379 est

2298 2406 2490 2462 mirum
2518 2406 2562 2461 si
2603 2406 2840 2460 adhibito
2884 2405 3035 2462 freno
3072 2419 3372 2477 sequuntur
3403 2410 3624 2482 ﬂagella.
3655 2411 3822 2468 Indomi-

2302 2507 2411 2552 tum
2459 2497 2601 2553 enim
2647 2497 2841 2553 animal
2878 2513 3000 2556 esse
3040 2500 3307 2571 cupiebat,
3357 2501 3601 2559 domatur
3642 2503 3821 2560 fremet

2300 2589 2547 2660 ﬂagello:
2595 2600 2754 2659 atque
2794 2590 2995 2645 utinam
3028 2591 3414 2662 perdpmeturt
3465 2594 3734 2652 Vereudum
3772 2606 3822 2652 est

2300 2682 2444 2737 enim
2491 2697 2557 2736 ne
2601 2681 2821 2737 ninnium
2870 2652 3196 2753 resistendi:
3243 2685 3561 2742 indomitum
3607 2690 3623 2722 ³
3662 2689 3821 2759 relinqui

2304 2786 2590 2843 mercatur,
2623 2787 2677 2831 et
2702 2777 2778 2832 ire
2809 2780 2860 2832 in
2888 2793 3038 2833 suam
3066 2794 3251 2850 vagam
3288 2779 3580 2841 licentiam.
3607 2791 3658 2836 ut
3680 2781 3822 2835 dicatur

2303 2869 2370 2924 de
2418 2870 2543 2924 illo:
2597 2869 2806 2924 Prodiet
2851 2881 3090 2944 tanquam
3140 2889 3202 2926 ea:
3244 2873 3402 2943 adipe
3446 2875 3669 2944 iniquitas
3705 2891 3821 2929 eorum

2306 2958 2476 3031 (Psal.
2506 2977 2646 3016 LXXII
2667 3001 2683 3027 ,
2711 2962 2768 3032 7)
2796 2981 2808 3016 :
2837 2963 2973 3017 sicut
2997 2963 3064 3018 de
3092 2963 3214 3029 illis,
3246 2966 3442 3035 quibus
3471 2966 3622 3020 modo
3647 2977 3743 3020 sunt
3762 2966 3822 3018 im-

2308 3054 2483 3123 punita
2513 3063 2746 3123 peccata.
2778 3053 2916 3125 Ergo
2941 3070 3062 3110 cum
3089 3053 3425 3125 ﬂagellatur,
3458 3057 3737 3128 corrigatur.
3758 3055 3820 3109 do-

2307 3157 2508 3210 metur;
2554 3147 2676 3216 quia
2708 3156 2764 3204 et
2811 3148 2910 3204 iste
2952 3149 3029 3204 sic
3073 3165 3132 3206 se
3169 3150 3302 3206 dixit
3346 3152 3648 3206 edomitum.
3679 3148 3820 3219 Equum

2308 3248 2362 3294 et
2385 3241 2584 3295 tuulum
2614 3240 2920 3303 sedixerat,
2949 3242 3196 3313 quoniam
3224 3243 3389 3299 tacuit
3414 3263 3427 3298 :
3456 3243 3547 3300 sed
3569 3241 3689 3298 unde
3707 3239 3821 3293 dumi-

2311 3341 2397 3387 tus
2421 3333 2540 3387 est?
2567 3331 2835 3402 Flagellis.
2867 3331 3144 3389 Conversus
3169 3352 3282 3390 sum
3303 3377 3318 3401 ,
3353 3335 3522 3407 inquit
3543 3377 3558 3401 ,
3590 3335 3637 3388 in
3660 3345 3821 3387 a'runus

2310 3440 2440 3488 mea,
2469 3423 2589 3477 dum
2615 3425 2952 3495 conﬁgeretur
2979 3426 3145 3497 spina.
3177 3425 3298 3482 Sive
3329 3427 3537 3496 ﬂagella
3572 3426 3728 3490 dicas,
3751 3422 3821 3476 sive

2310 3516 2558 3571 stimulos
2603 3516 2768 3580 dicas,
2809 3515 2986 3572 domat
3035 3517 3172 3573 Dens
3203 3517 3504 3589 jumentmu
3546 3517 3622 3573 cui
3657 3512 3819 3570 iit-idet:

2312 3607 2433 3678 quia
2460 3607 2697 3678 iumento
2725 3608 2940 3676 expedit
2966 3618 3021 3662 ut
3051 3609 3365 3666 iusideatur.
3399 3609 3510 3665 Non
3538 3608 3664 3663 enim
3689 3601 3820 3659 delati-

2311 3711 2463 3771 gatus
2493 3700 2629 3755 Dens
2652 3701 2976 3756 ambulando
3005 3701 3229 3773 pedibus
3248 3745 3263 3768 ,
3293 3702 3736 3771 insidetjumento.
3758 3697 3822 3748 Aut

2313 3809 2442 3850 vero
2471 3808 2575 3847 non
2604 3792 2816 3863 plenum
2849 3793 3085 3865 mysterii
3116 3802 3218 3859 cst,
3253 3793 3395 3865 ιιιιυίι
3426 3793 3613 3849 asellus
3634 3787 3819 3843 adductus

2314 3897 2398 3946 est
2442 3888 2667 3943 Domino
2707 3885 2918 3959 (Matth.
2953 3903 3076 3952 XXI,
3105 3888 3195 3958 7)?
3225 3887 3458 3958 Populus
3487 3887 3618 3941 mitis
3653 3893 3698 3939 et
3721 3892 3819 3934 man-

2315 3990 2495 4038 suetus
2537 3990 2755 4051 portans
2786 3980 2921 4035 bene
2951 3980 3229 4034 Dominum
3251 4023 3265 4044 ,
3293 3983 3490 4038 asellus
3526 3988 3619 4043 est,
3647 3969 3818 4031 etteztdil

2316 4075 2368 4130 iu
2398 4074 2711 4130 Jerusalem.
2744 4073 2936 4145 Diriget
2965 4075 3096 4127 enim
3128 4075 3269 4129 mites
3294 4077 3345 4128 in
3365 4075 3586 4146 judicio,
3612 4063 3819 4126 siculdidl

2317 4167 2452 4221 alius
2494 4166 2768 4236 psalmus,
2821 4165 3012 4220 docebit
3058 4179 3345 4222 mansuetos
3390 4169 3493 4221 vias
3543 4180 3650 4220 suas
3689 4153 3817 4228 (Ριαί-

2317 4274 2467 4322 xxiv,
2498 4259 2578 4326 9).
2610 4258 2751 4325 Quos
2781 4257 3134 4313 mansuetos?
3166 4257 3280 4313 Non
3327 4261 3586 4330 erigentes
3629 4250 3816 4309 ccrtlca‘m

2317 4349 2572 4405 adversus
2598 4349 2911 4404 domitorem
2958 4365 3132 4416 suum,
3180 4349 3440 4420 patientes
3483 4346 3666 4419 ﬂagella
3689 4338 3814 4397 etfre-

2319 4457 2445 4496 tuun
2471 4457 2484 4503 ;
2521 4450 2698 4509 postea
2729 4442 2805 4495 sic
2831 4440 3036 4504 domiti,
3071 4451 3128 4495 ut
3159 4443 3273 4497 sine
3301 4443 3504 4515 ﬂagello
3535 4435 3815 4494 amlmlent,cl

2319 4536 2436 4590 sine
2465 4533 2616 4588 freno
2643 4544 2696 4588 et
2724 4549 2876 4589 camo
2904 4536 3038 4589 viam
3069 4545 3301 4590 teneant.
3329 4537 3385 4592 Si
3412 4533 3630 4591 carueris
3655 4529 3814 4583 istoscS’

2321 4643 2463 4693 sorc,
2514 4637 2570 4682 tu
2614 4626 2793 4692 cades,
2825 4644 2928 4681 non
2971 4628 3080 4683 ille.
3124 4626 3291 4683 Multa
3338 4628 3538 4701 ﬂagella
3581 4615 3812 4695 peccatoris:

2319 4728 2602 4790 sperantem
2626 4727 2792 4772 autem
2836 4720 2891 4773 in
2926 4717 3142 4775 Domino
3173 4719 3509 4775 misericordia
3550 4705 3810 4770 circumdabit.

2321 4811 2600 4880 Quomodo
2625 4821 2707 4866 est
2736 4811 2995 4883 refugium
3025 4829 3054 4868 a
3085 4829 3327 4883 pressura
3349 4817 3372 4869 ?
3396 4815 3556 4884 Quem
3586 4807 3724 4881 primo
3749 4799 3812 4852 cit:

2323 4906 2538 4962 cumd‘“
2587 4921 2833 4975 Nessum
2864 4948 2878 4969 ,
2930 4917 3112 4976 postea
3156 4909 3446 4964 circumdat
3495 4887 3811 4960 misericordia:

2323 5001 2571 5073 quoniam
2600 4999 3013 5054 misericordiam
3036 4999 3218 5067 dabit,
3250 5001 3340 5073 qni
3372 5002 3532 5073 legem
3556 4992 3678 5052 dedit
3700 4981 3812 5059 (Ρεαίο

2325 5109 2519 5150 Lxxxnt
2540 5135 2554 5160 ,
2582 5092 2637 5164 8)
2663 5108 2677 5158 ;
2707 5092 2875 5162 legem
2898 5092 2951 5147 in
2978 5092 3200 5164 ﬂagellis
3222 5135 3235 5159 ,
3266 5089 3653 5150 misericordiam
3676 5081 3812 5164 incuti-

2324 5183 2694 5240 solatiouibus.
2722 5183 3027 5254 Sperantem
3053 5193 3217 5240 autem
3248 5185 3299 5242 in
3327 5184 3534 5241 Domino
3560 5161 3810 5234 misatle

2326 5275 2674 5332 circumdabit.
3771 5342 3776 5353 ι
3797 5340 3804 5350 ί

2397 5370 2487 5425 24.
2529 5367 2702 5443 [vers.
2749 5368 2862 5442 11.]
2902 5370 3041 5441 Ergo
3074 5369 3201 5442 quid
3242 5361 3591 5428 concluditur?
3624 5355 3808 5447 Laterani

2328 5463 2381 5518 in
2408 5461 2645 5529 Domino,
2676 5471 2722 5516 et
2747 5463 2990 5518 exsultate
3007 5463 3158 5534 justi.
3185 5462 3230 5519 Ο
3253 5465 3340 5533 qui
3370 5454 3597 5518 lmtamiui
3620 5451 3662 5505 iu
3687 5431 3805 5496 vobis!

2328 5569 2364 5610 ο
2393 5553 2540 5625 impii
2561 5593 2578 5620 ,
2603 5568 2638 5608 ο
2664 5553 2912 5623 superbi,
2944 5553 3033 5624 qui
3063 5553 3316 5610 luctamini
3347 5553 3398 5609 in
3430 5546 3598 5605 vobis:
3619 5540 3706 5610 iam

2330 5616 2520 5706 dentes
2550 5616 2602 5702 in
2632 5616 2754 5704 eum
2778 5647 2866 5718 qui
2905 5616 3160 5718 justiﬂcat
3189 5647 3403 5719 impium
3423 5686 3437 5711 ,
3467 5639 3704 5720 άοβυίεψτ
3723 5616 3805 5720 “fit?

2330 5755 2508 5801 vestra
2535 5741 2603 5798 ad
2623 5742 2880 5813 justitiam
2903 5740 3081 5811 (Rom.
3113 5756 3184 5808 iv,
3213 5718 3289 5810 5).
3321 5731 3566 5794 Ltetatnini
3583 5728 3624 5783 in
3645 5718 3803 5776 υοιύκθν

3885 2428 3894 2698 l

3805 5585 3894 6346 J

2398 5882 2411 5913 ¹
2435 5887 2486 5931 ιιι
2507 5875 2674 5932 multis
2695 5883 2822 5940 Mss,
2843 5873 3113 5930 resistendo
3131 5871 3369 5927 domitori.
