  <div class='ocr_page' id='page_1' title='image "/cluster/home/n/w/nwhite01/storage/ocr_20150623/36/uva.x000827105/144.png"; bbox 0 0 3950 6408; ppageno 0'>
   <div class='ocr_carea' id='block_1_1' title="bbox 116 400 211 463">
    <p class='ocr_par' dir='ltr' id='par_1_1' title="bbox 116 400 211 463">
     <span class='ocr_line' id='line_1_1' title="bbox 116 400 211 463; baseline 0 0"><span class='ocrx_word' id='word_1_1' title='bbox 116 400 211 463; x_wconf 73' lang='grc'><strong>275</strong></span> 
     </span>
    </p>
   </div>
   <div class='ocr_carea' id='block_1_2' title="bbox 111 512 1678 589">
    <p class='ocr_par' dir='ltr' id='par_1_2' title="bbox 111 512 1678 589">
     <span class='ocr_line' id='line_1_2' title="bbox 111 512 1678 589; baseline -0.01 -8"><span class='ocrx_word' id='word_1_2' title='bbox 111 535 153 581; x_wconf 81' lang='lat' dir='ltr'><strong>et</strong></span> <span class='ocrx_word' id='word_1_3' title='bbox 184 521 414 579; x_wconf 71' lang='lat' dir='ltr'><strong>multata</strong></span> <span class='ocrx_word' id='word_1_4' title='bbox 446 516 594 589; x_wconf 78' lang='lat' dir='ltr'><strong>justi.</strong></span> <span class='ocrx_word' id='word_1_5' title='bbox 640 515 710 570; x_wconf 82' lang='lat' dir='ltr'><strong>Et</strong></span> <span class='ocrx_word' id='word_1_6' title='bbox 735 514 1004 581; x_wconf 72' lang='lat' dir='ltr'><strong>exsultate,</strong></span> <span class='ocrx_word' id='word_1_7' title='bbox 1047 513 1301 581; x_wconf 78' lang='lat' dir='ltr'><strong>subaudi,</strong></span> <span class='ocrx_word' id='word_1_8' title='bbox 1330 513 1384 569; x_wconf 89' lang='lat' dir='ltr'><strong>in</strong></span> <span class='ocrx_word' id='word_1_9' title='bbox 1430 512 1678 569; x_wconf 91' lang='lat' dir='ltr'><strong>Domino.</strong></span> 
     </span>
    </p>
   </div>
   <div class='ocr_carea' id='block_1_3' title="bbox 110 605 1685 683">
    <p class='ocr_par' dir='ltr' id='par_1_3' title="bbox 110 605 1685 683">
     <span class='ocr_line' id='line_1_3' title="bbox 110 605 1685 683; baseline -0.004 -17"><span class='ocrx_word' id='word_1_10' title='bbox 110 612 304 683; x_wconf 80' lang='lat' dir='ltr'><strong>Quare?</strong></span> <span class='ocrx_word' id='word_1_11' title='bbox 331 612 462 679; x_wconf 89' lang='lat' dir='ltr'><strong>Quia</strong></span> <span class='ocrx_word' id='word_1_12' title='bbox 496 608 606 679; x_wconf 84' lang='lat' dir='ltr'><strong>jam</strong></span> <span class='ocrx_word' id='word_1_13' title='bbox 646 607 797 678; x_wconf 88' lang='lat' dir='ltr'><strong>justi.</strong></span> <span class='ocrx_word' id='word_1_14' title='bbox 828 605 981 663; x_wconf 87' lang='lat' dir='ltr'><strong>Unde</strong></span> <span class='ocrx_word' id='word_1_15' title='bbox 1015 608 1183 674; x_wconf 84' lang='lat' dir='ltr'><strong>justi?</strong></span> <span class='ocrx_word' id='word_1_16' title='bbox 1207 607 1321 662; x_wconf 81' lang='lat' dir='ltr'><strong>Non</strong></span> <span class='ocrx_word' id='word_1_17' title='bbox 1353 606 1558 661; x_wconf 90' lang='lat' dir='ltr'><strong>meritis</strong></span> <span class='ocrx_word' id='word_1_18' title='bbox 1593 620 1685 660; x_wconf 88' lang='lat' dir='ltr'><strong>ve-</strong></span> 
     </span>
    </p>
   </div>
   <div class='ocr_carea' id='block_1_4' title="bbox 109 698 1596 771">
    <p class='ocr_par' dir='ltr' id='par_1_4' title="bbox 109 698 1596 771">
     <span class='ocr_line' id='line_1_4' title="bbox 109 698 1596 771; baseline -0.008 -9"><span class='ocrx_word' id='word_1_19' title='bbox 109 707 217 762; x_wconf 73' lang='lat' dir='ltr'><strong>stris</strong></span> <span class='ocrx_word' id='word_1_20' title='bbox 234 746 251 768; x_wconf 88' lang='lat'><strong>,</strong></span> <span class='ocrx_word' id='word_1_21' title='bbox 276 702 366 758; x_wconf 86' lang='lat' dir='ltr'><strong>sed</strong></span> <span class='ocrx_word' id='word_1_22' title='bbox 392 700 557 771; x_wconf 86' lang='lat' dir='ltr'><strong>gratia</strong></span> <span class='ocrx_word' id='word_1_23' title='bbox 582 700 742 755; x_wconf 89' lang='lat' dir='ltr'><strong>illius.</strong></span> <span class='ocrx_word' id='word_1_24' title='bbox 776 698 927 755; x_wconf 88' lang='lat' dir='ltr'><strong>Unde</strong></span> <span class='ocrx_word' id='word_1_25' title='bbox 949 698 1121 769; x_wconf 86' lang='lat' dir='ltr'><strong>justi?</strong></span> <span class='ocrx_word' id='word_1_26' title='bbox 1147 698 1277 767; x_wconf 89' lang='lat' dir='ltr'><strong>Quia</strong></span> <span class='ocrx_word' id='word_1_27' title='bbox 1300 698 1596 768; x_wconf 85' lang='lat' dir='ltr'><strong>juslilicati.</strong></span> 
     </span>
    </p>
   </div>
   <div class='ocr_carea' id='block_1_5' title="bbox 168 791 1688 867">
    <p class='ocr_par' dir='ltr' id='par_1_5' title="bbox 168 791 1688 867">
     <span class='ocr_line' id='line_1_5' title="bbox 168 791 1688 867; baseline -0.003 -16"><span class='ocrx_word' id='word_1_28' title='bbox 168 798 246 852; x_wconf 75' lang='lat'><strong>9.5.</strong></span> <span class='ocrx_word' id='word_1_29' title='bbox 291 794 353 849; x_wconf 77' lang='lat' dir='ltr'><strong>Et</strong></span> <span class='ocrx_word' id='word_1_30' title='bbox 381 793 673 867; x_wconf 80' lang='lat' dir='ltr'><strong>gloriamini</strong></span> <span class='ocrx_word' id='word_1_31' title='bbox 698 808 869 846; x_wconf 85' lang='lat' dir='ltr'><strong>omnes</strong></span> <span class='ocrx_word' id='word_1_32' title='bbox 898 793 1019 846; x_wconf 82' lang='lat' dir='ltr'><strong>recti</strong></span> <span class='ocrx_word' id='word_1_33' title='bbox 1043 792 1211 846; x_wconf 77' lang='lat' dir='ltr'><strong>corde.</strong></span> <span class='ocrx_word' id='word_1_34' title='bbox 1241 792 1377 859; x_wconf 83' lang='lat' dir='ltr'><strong>Quid</strong></span> <span class='ocrx_word' id='word_1_35' title='bbox 1409 800 1491 846; x_wconf 85' lang='lat' dir='ltr'><strong>cst.</strong></span> <span class='ocrx_word' id='word_1_36' title='bbox 1510 833 1523 851; x_wconf 89' lang='lat'><strong>.</strong></span> <span class='ocrx_word' id='word_1_37' title='bbox 1567 791 1688 846; x_wconf 84' lang='lat' dir='ltr'><strong>recti</strong></span> 
     </span>
    </p>
   </div>
   <div class='ocr_carea' id='block_1_6' title="bbox 108 878 1681 952">
    <p class='ocr_par' dir='ltr' id='par_1_6' title="bbox 108 878 1681 952">
     <span class='ocr_line' id='line_1_6' title="bbox 108 878 1681 952; baseline -0.004 -6"><span class='ocrx_word' id='word_1_38' title='bbox 108 889 275 946; x_wconf 80' lang='lat' dir='ltr'><strong>corde?</strong></span> <span class='ocrx_word' id='word_1_39' title='bbox 298 886 411 943; x_wconf 86' lang='lat' dir='ltr'><strong>Non</strong></span> <span class='ocrx_word' id='word_1_40' title='bbox 442 878 755 942; x_wconf 86' lang='lat' dir='ltr'><strong>resistentes</strong></span> <span class='ocrx_word' id='word_1_41' title='bbox 781 885 909 941; x_wconf 92' lang='lat' dir='ltr'><strong>Deo.</strong></span> <span class='ocrx_word' id='word_1_42' title='bbox 936 884 1173 940; x_wconf 87' lang='lat' dir='ltr'><strong>lutemlat</strong></span> <span class='ocrx_word' id='word_1_43' title='bbox 1198 884 1445 940; x_wconf 83' lang='lat' dir='ltr'><strong>Charitas</strong></span> <span class='ocrx_word' id='word_1_44' title='bbox 1473 886 1681 952; x_wconf 75' lang='lat' dir='ltr'><strong>Vestra,</strong></span> 
     </span>
    </p>
   </div>
   <div class='ocr_carea' id='block_1_7' title="bbox 108 976 1683 1049">
    <p class='ocr_par' dir='ltr' id='par_1_7' title="bbox 108 976 1683 1049">
     <span class='ocr_line' id='line_1_7' title="bbox 108 976 1683 1049; baseline -0.004 -10"><span class='ocrx_word' id='word_1_45' title='bbox 108 994 153 1039; x_wconf 82' lang='lat' dir='ltr'><strong>et</strong></span> <span class='ocrx_word' id='word_1_46' title='bbox 187 980 456 1049; x_wconf 89' lang='lat' dir='ltr'><strong>intelligite</strong></span> <span class='ocrx_word' id='word_1_47' title='bbox 486 986 689 1033; x_wconf 87' lang='lat' dir='ltr'><strong>rectum</strong></span> <span class='ocrx_word' id='word_1_48' title='bbox 734 991 849 1032; x_wconf 92' lang='lat' dir='ltr'><strong>cor.</strong></span> <span class='ocrx_word' id='word_1_49' title='bbox 901 976 1141 1032; x_wconf 84' lang='lat' dir='ltr'><strong>Breviter</strong></span> <span class='ocrx_word' id='word_1_50' title='bbox 1176 976 1318 1041; x_wconf 90' lang='lat' dir='ltr'><strong>dico,</strong></span> <span class='ocrx_word' id='word_1_51' title='bbox 1362 976 1455 1031; x_wconf 90' lang='lat' dir='ltr'><strong>sed</strong></span> <span class='ocrx_word' id='word_1_52' title='bbox 1507 986 1683 1031; x_wconf 90' lang='lat' dir='ltr'><strong>tamen</strong></span> 
     </span>
    </p>
   </div>
   <div class='ocr_carea' id='block_1_8' title="bbox 110 1068 1683 1139">
    <p class='ocr_par' dir='ltr' id='par_1_8' title="bbox 110 1068 1683 1139">
     <span class='ocr_line' id='line_1_8' title="bbox 110 1068 1683 1139; baseline -0.004 -10"><span class='ocrx_word' id='word_1_53' title='bbox 110 1075 315 1131; x_wconf 79' lang='lat' dir='ltr'><strong>maxime</strong></span> <span class='ocrx_word' id='word_1_54' title='bbox 353 1068 868 1127; x_wconf 87' lang='lat' dir='ltr'><strong>commendandum:</strong></span> <span class='ocrx_word' id='word_1_55' title='bbox 905 1069 1013 1123; x_wconf 87' lang='lat' dir='ltr'><strong>Deo</strong></span> <span class='ocrx_word' id='word_1_56' title='bbox 1057 1079 1234 1123; x_wconf 89' lang='lat' dir='ltr'><strong>autem</strong></span> <span class='ocrx_word' id='word_1_57' title='bbox 1278 1068 1475 1139; x_wconf 78' lang='lat' dir='ltr'><strong>gratias</strong></span> <span class='ocrx_word' id='word_1_58' title='bbox 1498 1109 1511 1132; x_wconf 92' lang='lat'><strong>,</strong></span> <span class='ocrx_word' id='word_1_59' title='bbox 1540 1069 1683 1138; x_wconf 88' lang='lat' dir='ltr'><strong>quod</strong></span> 
     </span>
    </p>
   </div>
   <div class='ocr_carea' id='block_1_9' title="bbox 114 1159 1681 1230">
    <p class='ocr_par' dir='ltr' id='par_1_9' title="bbox 114 1159 1681 1230">
     <span class='ocr_line' id='line_1_9' title="bbox 114 1159 1681 1230; baseline -0.004 -9"><span class='ocrx_word' id='word_1_60' title='bbox 114 1164 150 1221; x_wconf 88' lang='lat' dir='ltr'><strong>in</strong></span> <span class='ocrx_word' id='word_1_61' title='bbox 188 1165 282 1219; x_wconf 85' lang='lat' dir='ltr'><strong>line</strong></span> <span class='ocrx_word' id='word_1_62' title='bbox 305 1172 407 1230; x_wconf 87' lang='lat' dir='ltr'><strong>est,</strong></span> <span class='ocrx_word' id='word_1_63' title='bbox 459 1161 717 1217; x_wconf 83' lang='lat' dir='ltr'><strong>iub-.creat</strong></span> <span class='ocrx_word' id='word_1_64' title='bbox 762 1161 1007 1216; x_wconf 88' lang='lat' dir='ltr'><strong>scnsilms</strong></span> <span class='ocrx_word' id='word_1_65' title='bbox 1059 1161 1271 1215; x_wconf 78' lang='lat' dir='ltr'><strong>Vestris.</strong></span> <span class='ocrx_word' id='word_1_66' title='bbox 1310 1159 1452 1215; x_wconf 86' lang='lat' dir='ltr'><strong>Inter</strong></span> <span class='ocrx_word' id='word_1_67' title='bbox 1478 1170 1681 1215; x_wconf 90' lang='lat' dir='ltr'><strong>rectum</strong></span> 
     </span>
    </p>
   </div>
   <div class='ocr_carea' id='block_1_10' title="bbox 109 1252 1685 1324">
    <p class='ocr_par' dir='ltr' id='par_1_10' title="bbox 109 1252 1685 1324">
     <span class='ocr_line' id='line_1_10' title="bbox 109 1252 1685 1324; baseline -0.004 -11"><span class='ocrx_word' id='word_1_68' title='bbox 109 1273 203 1319; x_wconf 76' lang='lat' dir='ltr'><strong>car,</strong></span> <span class='ocrx_word' id='word_1_69' title='bbox 229 1265 279 1311; x_wconf 89' lang='lat' dir='ltr'><strong>ct</strong></span> <span class='ocrx_word' id='word_1_70' title='bbox 306 1269 530 1324; x_wconf 80' lang='lat' dir='ltr'><strong>pravum</strong></span> <span class='ocrx_word' id='word_1_71' title='bbox 555 1268 648 1308; x_wconf 92' lang='lat' dir='ltr'><strong>cor</strong></span> <span class='ocrx_word' id='word_1_72' title='bbox 669 1252 771 1308; x_wconf 90' lang='lat' dir='ltr'><strong>hoc</strong></span> <span class='ocrx_word' id='word_1_73' title='bbox 796 1253 1051 1307; x_wconf 79' lang='lat' dir='ltr'><strong>interest:</strong></span> <span class='ocrx_word' id='word_1_74' title='bbox 1079 1252 1320 1322; x_wconf 76' lang='lat' dir='ltr'><strong>quisquis</strong></span> <span class='ocrx_word' id='word_1_75' title='bbox 1348 1252 1506 1306; x_wconf 88' lang='lat' dir='ltr'><strong>homo</strong></span> <span class='ocrx_word' id='word_1_76' title='bbox 1532 1252 1685 1322; x_wconf 87' lang='lat' dir='ltr'><strong>quid-</strong></span> 
     </span>
    </p>
   </div>
   <div class='ocr_carea' id='block_1_11' title="bbox 110 1345 1683 1422">
    <p class='ocr_par' dir='ltr' id='par_1_11' title="bbox 110 1345 1683 1422">
     <span class='ocr_line' id='line_1_11' title="bbox 110 1345 1683 1422; baseline -0.005 -17"><span class='ocrx_word' id='word_1_77' title='bbox 110 1351 211 1422; x_wconf 88' lang='lat' dir='ltr'><strong>quid</strong></span> <span class='ocrx_word' id='word_1_78' title='bbox 252 1350 448 1419; x_wconf 88' lang='lat' dir='ltr'><strong>patitur</strong></span> <span class='ocrx_word' id='word_1_79' title='bbox 477 1357 669 1416; x_wconf 77' lang='lat' dir='ltr'><strong>pra-ter</strong></span> <span class='ocrx_word' id='word_1_80' title='bbox 696 1345 1025 1401; x_wconf 72' lang='lat' dir='ltr'><strong>voluntatem</strong></span> <span class='ocrx_word' id='word_1_81' title='bbox 1051 1388 1067 1411; x_wconf 97' lang='lat'><strong>,</strong></span> <span class='ocrx_word' id='word_1_82' title='bbox 1098 1345 1415 1399; x_wconf 83' lang='lat' dir='ltr'><strong>afï¬‚ictiones</strong></span> <span class='ocrx_word' id='word_1_83' title='bbox 1438 1388 1453 1411; x_wconf 90' lang='lat'><strong>,</strong></span> <span class='ocrx_word' id='word_1_84' title='bbox 1482 1362 1683 1400; x_wconf 73' lang='lat' dir='ltr'><strong>moero-</strong></span> 
     </span>
    </p>
   </div>
   <div class='ocr_carea' id='block_1_12' title="bbox 111 1436 1683 1506">
    <p class='ocr_par' dir='ltr' id='par_1_12' title="bbox 111 1436 1683 1506">
     <span class='ocr_line' id='line_1_12' title="bbox 111 1436 1683 1506; baseline -0.002 -11"><span class='ocrx_word' id='word_1_85' title='bbox 111 1458 195 1506; x_wconf 72' lang='lat' dir='ltr'><strong>res,</strong></span> <span class='ocrx_word' id='word_1_86' title='bbox 223 1442 448 1506; x_wconf 79' lang='lat' dir='ltr'><strong>labores,</strong></span> <span class='ocrx_word' id='word_1_87' title='bbox 482 1438 908 1504; x_wconf 85' lang='lat' dir='ltr'><strong>Innniliattoncs,</strong></span> <span class='ocrx_word' id='word_1_88' title='bbox 943 1453 1047 1491; x_wconf 92' lang='lat' dir='ltr'><strong>non</strong></span> <span class='ocrx_word' id='word_1_89' title='bbox 1083 1436 1262 1491; x_wconf 88' lang='lat' dir='ltr'><strong>tribuit</strong></span> <span class='ocrx_word' id='word_1_90' title='bbox 1293 1437 1392 1491; x_wconf 92' lang='lat' dir='ltr'><strong>nisi</strong></span> <span class='ocrx_word' id='word_1_91' title='bbox 1426 1436 1683 1492; x_wconf 85' lang='lat' dir='ltr'><strong>voluntati</strong></span> 
     </span>
    </p>
   </div>
   <div class='ocr_carea' id='block_1_13' title="bbox 109 1530 1682 1608">
    <p class='ocr_par' dir='ltr' id='par_1_13' title="bbox 109 1530 1682 1608">
     <span class='ocr_line' id='line_1_13' title="bbox 109 1530 1682 1608; baseline -0.006 -13"><span class='ocrx_word' id='word_1_92' title='bbox 109 1540 183 1595; x_wconf 84' lang='lat' dir='ltr'><strong>Dei</strong></span> <span class='ocrx_word' id='word_1_93' title='bbox 218 1538 389 1608; x_wconf 64' lang='lat' dir='ltr'><strong>justas,</strong></span> <span class='ocrx_word' id='word_1_94' title='bbox 442 1550 547 1590; x_wconf 90' lang='lat' dir='ltr'><strong>nou</strong></span> <span class='ocrx_word' id='word_1_95' title='bbox 596 1535 666 1589; x_wconf 87' lang='lat' dir='ltr'><strong>illi</strong></span> <span class='ocrx_word' id='word_1_96' title='bbox 714 1534 849 1588; x_wconf 90' lang='lat' dir='ltr'><strong>dans</strong></span> <span class='ocrx_word' id='word_1_97' title='bbox 893 1532 1284 1602; x_wconf 89' lang='lat' dir='ltr'><strong>insipientiam,</strong></span> <span class='ocrx_word' id='word_1_98' title='bbox 1341 1530 1482 1602; x_wconf 88' lang='lat' dir='ltr'><strong>quod</strong></span> <span class='ocrx_word' id='word_1_99' title='bbox 1530 1531 1682 1601; x_wconf 90' lang='lat' dir='ltr'><strong>quasi</strong></span> 
     </span>
    </p>
   </div>
   <div class='ocr_carea' id='block_1_14' title="bbox 109 1623 1680 1698">
    <p class='ocr_par' dir='ltr' id='par_1_14' title="bbox 109 1623 1680 1698">
     <span class='ocr_line' id='line_1_14' title="bbox 109 1623 1680 1698; baseline -0.006 -13"><span class='ocrx_word' id='word_1_100' title='bbox 109 1630 279 1685; x_wconf 86' lang='lat' dir='ltr'><strong>nesciat</strong></span> <span class='ocrx_word' id='word_1_101' title='bbox 305 1627 429 1698; x_wconf 90' lang='lat' dir='ltr'><strong>quid</strong></span> <span class='ocrx_word' id='word_1_102' title='bbox 456 1635 598 1697; x_wconf 91' lang='lat' dir='ltr'><strong>agat,</strong></span> <span class='ocrx_word' id='word_1_103' title='bbox 627 1625 750 1697; x_wconf 91' lang='lat' dir='ltr'><strong>quia</strong></span> <span class='ocrx_word' id='word_1_104' title='bbox 776 1624 933 1678; x_wconf 80' lang='lat' dir='ltr'><strong>talem</strong></span> <span class='ocrx_word' id='word_1_105' title='bbox 963 1623 1187 1694; x_wconf 85' lang='lat' dir='ltr'><strong>flagellat</strong></span> <span class='ocrx_word' id='word_1_106' title='bbox 1210 1666 1225 1686; x_wconf 94' lang='lat'><strong>,</strong></span> <span class='ocrx_word' id='word_1_107' title='bbox 1254 1632 1309 1677; x_wconf 90' lang='lat' dir='ltr'><strong>et</strong></span> <span class='ocrx_word' id='word_1_108' title='bbox 1334 1623 1528 1678; x_wconf 82' lang='lat' dir='ltr'><strong>talibus</strong></span> <span class='ocrx_word' id='word_1_109' title='bbox 1555 1638 1680 1694; x_wconf 88' lang='lat' dir='ltr'><strong>par-</strong></span> 
     </span>
    </p>
   </div>
   <div class='ocr_carea' id='block_1_15' title="bbox 108 1714 1677 1790">
    <p class='ocr_par' dir='ltr' id='par_1_15' title="bbox 108 1714 1677 1790">
     <span class='ocr_line' id='line_1_15' title="bbox 108 1714 1677 1790; baseline -0.005 -13"><span class='ocrx_word' id='word_1_110' title='bbox 108 1722 192 1784; x_wconf 83' lang='lat' dir='ltr'><strong>cit;</strong></span> <span class='ocrx_word' id='word_1_111' title='bbox 214 1719 321 1790; x_wconf 89' lang='lat' dir='ltr'><strong>ipse</strong></span> <span class='ocrx_word' id='word_1_112' title='bbox 341 1727 425 1774; x_wconf 62' lang='lat' dir='ltr'><strong>est</strong></span> <span class='ocrx_word' id='word_1_113' title='bbox 446 1726 627 1773; x_wconf 89' lang='lat' dir='ltr'><strong>rectus</strong></span> <span class='ocrx_word' id='word_1_114' title='bbox 651 1715 812 1772; x_wconf 86' lang='lat' dir='ltr'><strong>corde</strong></span> <span class='ocrx_word' id='word_1_115' title='bbox 837 1734 850 1769; x_wconf 90' lang='lat'><strong>:</strong></span> <span class='ocrx_word' id='word_1_116' title='bbox 883 1714 1117 1785; x_wconf 80' lang='lat' dir='ltr'><strong>perversi</strong></span> <span class='ocrx_word' id='word_1_117' title='bbox 1145 1724 1323 1770; x_wconf 73' lang='lat' dir='ltr'><strong>autem</strong></span> <span class='ocrx_word' id='word_1_118' title='bbox 1347 1715 1511 1769; x_wconf 90' lang='lat' dir='ltr'><strong>corde</strong></span> <span class='ocrx_word' id='word_1_119' title='bbox 1532 1724 1677 1783; x_wconf 89' lang='lat' dir='ltr'><strong>sunt,</strong></span> 
     </span>
    </p>
   </div>
   <div class='ocr_carea' id='block_1_16' title="bbox 108 1807 1677 1882">
    <p class='ocr_par' dir='ltr' id='par_1_16' title="bbox 108 1807 1677 1882">
     <span class='ocr_line' id='line_1_16' title="bbox 108 1807 1677 1882; baseline -0.004 -15"><span class='ocrx_word' id='word_1_120' title='bbox 108 1822 150 1868; x_wconf 90' lang='lat' dir='ltr'><strong>et</strong></span> <span class='ocrx_word' id='word_1_121' title='bbox 175 1811 308 1882; x_wconf 86' lang='lat' dir='ltr'><strong>pravi</strong></span> <span class='ocrx_word' id='word_1_122' title='bbox 336 1819 391 1866; x_wconf 87' lang='lat' dir='ltr'><strong>et</strong></span> <span class='ocrx_word' id='word_1_123' title='bbox 417 1809 660 1872; x_wconf 88' lang='lat' dir='ltr'><strong>distorti,</strong></span> <span class='ocrx_word' id='word_1_124' title='bbox 695 1808 784 1879; x_wconf 90' lang='lat' dir='ltr'><strong>qui</strong></span> <span class='ocrx_word' id='word_1_125' title='bbox 827 1807 1006 1862; x_wconf 90' lang='lat' dir='ltr'><strong>omnia</strong></span> <span class='ocrx_word' id='word_1_126' title='bbox 1053 1823 1171 1876; x_wconf 74' lang='lat' dir='ltr'><strong>qum</strong></span> <span class='ocrx_word' id='word_1_127' title='bbox 1198 1811 1471 1878; x_wconf 87' lang='lat' dir='ltr'><strong>patiuntttr</strong></span> <span class='ocrx_word' id='word_1_128' title='bbox 1501 1809 1635 1861; x_wconf 88' lang='lat' dir='ltr'><strong>tnala</strong></span> <span class='ocrx_word' id='word_1_129' title='bbox 1662 1850 1677 1872; x_wconf 98' lang='lat'><strong>,</strong></span> 
     </span>
    </p>
   </div>
   <div class='ocr_carea' id='block_1_17' title="bbox 109 1900 1680 1976">
    <p class='ocr_par' dir='ltr' id='par_1_17' title="bbox 109 1900 1680 1976">
     <span class='ocr_line' id='line_1_17' title="bbox 109 1900 1680 1976; baseline -0.003 -16"><span class='ocrx_word' id='word_1_130' title='bbox 109 1906 260 1976; x_wconf 83' lang='lat' dir='ltr'><strong>inique</strong></span> <span class='ocrx_word' id='word_1_131' title='bbox 299 1919 356 1959; x_wconf 89' lang='lat' dir='ltr'><strong>se</strong></span> <span class='ocrx_word' id='word_1_132' title='bbox 399 1903 509 1974; x_wconf 85' lang='lat' dir='ltr'><strong>pati</strong></span> <span class='ocrx_word' id='word_1_133' title='bbox 563 1901 770 1966; x_wconf 89' lang='lat' dir='ltr'><strong>dicunt,</strong></span> <span class='ocrx_word' id='word_1_134' title='bbox 819 1900 1009 1955; x_wconf 87' lang='lat' dir='ltr'><strong>dantes</strong></span> <span class='ocrx_word' id='word_1_135' title='bbox 1052 1900 1128 1954; x_wconf 92' lang='lat' dir='ltr'><strong>illi</strong></span> <span class='ocrx_word' id='word_1_136' title='bbox 1182 1900 1535 1971; x_wconf 88' lang='lat' dir='ltr'><strong>iniquitatem.</strong></span> <span class='ocrx_word' id='word_1_137' title='bbox 1585 1915 1680 1970; x_wconf 90' lang='lat' dir='ltr'><strong>per</strong></span> 
     </span>
    </p>
   </div>
   <div class='ocr_carea' id='block_1_18' title="bbox 108 1992 1681 2066">
    <p class='ocr_par' dir='ltr' id='par_1_18' title="bbox 108 1992 1681 2066">
     <span class='ocr_line' id='line_1_18' title="bbox 108 1992 1681 2066; baseline -0.003 -14"><span class='ocrx_word' id='word_1_138' title='bbox 108 1998 233 2066; x_wconf 80' lang='lat' dir='ltr'><strong>cujus</strong></span> <span class='ocrx_word' id='word_1_139' title='bbox 265 1996 591 2050; x_wconf 75' lang='lat' dir='ltr'><strong>voluntatem</strong></span> <span class='ocrx_word' id='word_1_140' title='bbox 632 1992 936 2063; x_wconf 89' lang='lat' dir='ltr'><strong>patiuntur;</strong></span> <span class='ocrx_word' id='word_1_141' title='bbox 966 2003 1056 2046; x_wconf 88' lang='lat' dir='ltr'><strong>aut</strong></span> <span class='ocrx_word' id='word_1_142' title='bbox 1083 1992 1203 2062; x_wconf 91' lang='lat' dir='ltr'><strong>quia</strong></span> <span class='ocrx_word' id='word_1_143' title='bbox 1247 2008 1351 2047; x_wconf 90' lang='lat' dir='ltr'><strong>non</strong></span> <span class='ocrx_word' id='word_1_144' title='bbox 1391 1993 1439 2047; x_wconf 89' lang='lat' dir='ltr'><strong>ei</strong></span> <span class='ocrx_word' id='word_1_145' title='bbox 1480 1992 1681 2048; x_wconf 87' lang='lat' dir='ltr'><strong>audent</strong></span> 
     </span>
    </p>
   </div>
   <div class='ocr_carea' id='block_1_19' title="bbox 109 2083 1678 2156">
    <p class='ocr_par' dir='ltr' id='par_1_19' title="bbox 109 2083 1678 2156">
     <span class='ocr_line' id='line_1_19' title="bbox 109 2083 1678 2156; baseline -0.003 -13"><span class='ocrx_word' id='word_1_146' title='bbox 109 2086 215 2143; x_wconf 84' lang='lat' dir='ltr'><strong>dare</strong></span> <span class='ocrx_word' id='word_1_147' title='bbox 250 2087 602 2156; x_wconf 87' lang='lat' dir='ltr'><strong>iniquitatem.</strong></span> <span class='ocrx_word' id='word_1_148' title='bbox 649 2083 896 2139; x_wconf 87' lang='lat' dir='ltr'><strong>auferunt</strong></span> <span class='ocrx_word' id='word_1_149' title='bbox 941 2084 989 2139; x_wconf 90' lang='lat' dir='ltr'><strong>ci</strong></span> <span class='ocrx_word' id='word_1_150' title='bbox 1032 2083 1492 2154; x_wconf 75' lang='lat' dir='ltr'><strong>gubernationem.</strong></span> <span class='ocrx_word' id='word_1_151' title='bbox 1544 2084 1678 2152; x_wconf 89' lang='lat' dir='ltr'><strong>Quia</strong></span> 
     </span>
    </p>
   </div>
   <div class='ocr_carea' id='block_1_20' title="bbox 109 2175 1675 2252">
    <p class='ocr_par' dir='ltr' id='par_1_20' title="bbox 109 2175 1675 2252">
     <span class='ocr_line' id='line_1_20' title="bbox 109 2175 1675 2252; baseline -0.004 -15"><span class='ocrx_word' id='word_1_152' title='bbox 109 2182 217 2252; x_wconf 87' lang='lat' dir='ltr'><strong>ipse,</strong></span> <span class='ocrx_word' id='word_1_153' title='bbox 235 2180 417 2251; x_wconf 86' lang='lat' dir='ltr'><strong>inquit,</strong></span> <span class='ocrx_word' id='word_1_154' title='bbox 442 2194 553 2233; x_wconf 90' lang='lat' dir='ltr'><strong>non</strong></span> <span class='ocrx_word' id='word_1_155' title='bbox 573 2186 747 2248; x_wconf 85' lang='lat' dir='ltr'><strong>potest</strong></span> <span class='ocrx_word' id='word_1_156' title='bbox 776 2177 948 2232; x_wconf 87' lang='lat' dir='ltr'><strong>facere.</strong></span> <span class='ocrx_word' id='word_1_157' title='bbox 964 2175 1222 2246; x_wconf 90' lang='lat' dir='ltr'><strong>iniquum,</strong></span> <span class='ocrx_word' id='word_1_158' title='bbox 1246 2176 1481 2246; x_wconf 92' lang='lat' dir='ltr'><strong>iniquum</strong></span> <span class='ocrx_word' id='word_1_159' title='bbox 1498 2186 1675 2231; x_wconf 89' lang='lat' dir='ltr'><strong>autem</strong></span> 
     </span>
    </p>
   </div>
   <div class='ocr_carea' id='block_1_21' title="bbox 109 2266 1678 2342">
    <p class='ocr_par' dir='ltr' id='par_1_21' title="bbox 109 2266 1678 2342">
     <span class='ocr_line' id='line_1_21' title="bbox 109 2266 1678 2342; baseline -0.004 -14"><span class='ocrx_word' id='word_1_160' title='bbox 109 2283 172 2328; x_wconf 83' lang='lat' dir='ltr'><strong>est</strong></span> <span class='ocrx_word' id='word_1_161' title='bbox 191 2281 239 2326; x_wconf 91' lang='lat' dir='ltr'><strong>ut</strong></span> <span class='ocrx_word' id='word_1_162' title='bbox 256 2287 349 2342; x_wconf 90' lang='lat' dir='ltr'><strong>ego</strong></span> <span class='ocrx_word' id='word_1_163' title='bbox 376 2270 572 2341; x_wconf 87' lang='lat' dir='ltr'><strong>patiar,</strong></span> <span class='ocrx_word' id='word_1_164' title='bbox 594 2278 649 2323; x_wconf 90' lang='lat' dir='ltr'><strong>et</strong></span> <span class='ocrx_word' id='word_1_165' title='bbox 674 2267 764 2323; x_wconf 89' lang='lat' dir='ltr'><strong>ille</strong></span> <span class='ocrx_word' id='word_1_166' title='bbox 788 2282 891 2322; x_wconf 93' lang='lat' dir='ltr'><strong>non</strong></span> <span class='ocrx_word' id='word_1_167' title='bbox 910 2268 1167 2338; x_wconf 84' lang='lat' dir='ltr'><strong>patiatur;</strong></span> <span class='ocrx_word' id='word_1_168' title='bbox 1190 2266 1427 2322; x_wconf 83' lang='lat' dir='ltr'><strong>concedo</strong></span> <span class='ocrx_word' id='word_1_169' title='bbox 1449 2267 1588 2322; x_wconf 89' lang='lat' dir='ltr'><strong>enim</strong></span> <span class='ocrx_word' id='word_1_170' title='bbox 1622 2276 1678 2322; x_wconf 91' lang='lat' dir='ltr'><strong>ut</strong></span> 
     </span>
    </p>
   </div>
   <div class='ocr_carea' id='block_1_22' title="bbox 110 2360 1677 2436">
    <p class='ocr_par' dir='ltr' id='par_1_22' title="bbox 110 2360 1677 2436">
     <span class='ocr_line' id='line_1_22' title="bbox 110 2360 1677 2436; baseline -0.003 -16"><span class='ocrx_word' id='word_1_171' title='bbox 110 2366 188 2421; x_wconf 85' lang='lat' dir='ltr'><strong>sim</strong></span> <span class='ocrx_word' id='word_1_172' title='bbox 208 2373 441 2436; x_wconf 81' lang='lat' dir='ltr'><strong>peccator</strong></span> <span class='ocrx_word' id='word_1_173' title='bbox 460 2406 476 2430; x_wconf 93' lang='lat'><strong>,</strong></span> <span class='ocrx_word' id='word_1_174' title='bbox 505 2371 656 2417; x_wconf 89' lang='lat' dir='ltr'><strong>certe</strong></span> <span class='ocrx_word' id='word_1_175' title='bbox 684 2370 808 2417; x_wconf 85' lang='lat' dir='ltr'><strong>sunt</strong></span> <span class='ocrx_word' id='word_1_176' title='bbox 835 2361 1044 2431; x_wconf 86' lang='lat' dir='ltr'><strong>pejores</strong></span> <span class='ocrx_word' id='word_1_177' title='bbox 1073 2362 1161 2431; x_wconf 91' lang='lat' dir='ltr'><strong>qui</strong></span> <span class='ocrx_word' id='word_1_178' title='bbox 1191 2360 1436 2416; x_wconf 70' lang='lat' dir='ltr'><strong>laetantur</strong></span> <span class='ocrx_word' id='word_1_179' title='bbox 1455 2402 1469 2424; x_wconf 92' lang='lat'><strong>,</strong></span> <span class='ocrx_word' id='word_1_180' title='bbox 1496 2370 1551 2417; x_wconf 89' lang='lat' dir='ltr'><strong>et</strong></span> <span class='ocrx_word' id='word_1_181' title='bbox 1579 2375 1677 2431; x_wconf 91' lang='lat' dir='ltr'><strong>ego</strong></span> 
     </span>
    </p>
   </div>
   <div class='ocr_carea' id='block_1_23' title="bbox 112 2452 1677 2528">
    <p class='ocr_par' dir='ltr' id='par_1_23' title="bbox 112 2452 1677 2528">
     <span class='ocr_line' id='line_1_23' title="bbox 112 2452 1677 2528; baseline -0.004 -16"><span class='ocrx_word' id='word_1_182' title='bbox 112 2459 302 2513; x_wconf 87' lang='lat' dir='ltr'><strong>tribulor</strong></span> <span class='ocrx_word' id='word_1_183' title='bbox 322 2475 334 2512; x_wconf 93' lang='lat'><strong>:</strong></span> <span class='ocrx_word' id='word_1_184' title='bbox 356 2457 479 2528; x_wconf 84' lang='lat' dir='ltr'><strong>quia</strong></span> <span class='ocrx_word' id='word_1_185' title='bbox 503 2470 637 2526; x_wconf 89' lang='lat' dir='ltr'><strong>ergo</strong></span> <span class='ocrx_word' id='word_1_186' title='bbox 666 2454 766 2509; x_wconf 93' lang='lat' dir='ltr'><strong>hoc</strong></span> <span class='ocrx_word' id='word_1_187' title='bbox 804 2453 1038 2524; x_wconf 92' lang='lat' dir='ltr'><strong>iniquum</strong></span> <span class='ocrx_word' id='word_1_188' title='bbox 1065 2462 1166 2519; x_wconf 89' lang='lat' dir='ltr'><strong>est,</strong></span> <span class='ocrx_word' id='word_1_189' title='bbox 1196 2462 1253 2507; x_wconf 92' lang='lat' dir='ltr'><strong>ut</strong></span> <span class='ocrx_word' id='word_1_190' title='bbox 1280 2454 1437 2507; x_wconf 86' lang='lat' dir='ltr'><strong>etiam</strong></span> <span class='ocrx_word' id='word_1_191' title='bbox 1468 2452 1677 2523; x_wconf 55' lang='lat' dir='ltr'><strong>pejores</strong></span> 
     </span>
    </p>
   </div>
   <div class='ocr_carea' id='block_1_24' title="bbox 109 2546 1676 2619">
    <p class='ocr_par' dir='ltr' id='par_1_24' title="bbox 109 2546 1676 2619">
     <span class='ocr_line' id='line_1_24' title="bbox 109 2546 1676 2619; baseline -0.003 -13"><span class='ocrx_word' id='word_1_192' title='bbox 109 2567 178 2606; x_wconf 86' lang='lat' dir='ltr'><strong>me</strong></span> <span class='ocrx_word' id='word_1_193' title='bbox 200 2552 450 2613; x_wconf 63' lang='lat' dir='ltr'><strong>latenter,</strong></span> <span class='ocrx_word' id='word_1_194' title='bbox 479 2558 538 2603; x_wconf 87' lang='lat' dir='ltr'><strong>et</strong></span> <span class='ocrx_word' id='word_1_195' title='bbox 572 2564 674 2619; x_wconf 87' lang='lat' dir='ltr'><strong>ego</strong></span> <span class='ocrx_word' id='word_1_196' title='bbox 703 2547 942 2611; x_wconf 88' lang='lat' dir='ltr'><strong>tribuler,</strong></span> <span class='ocrx_word' id='word_1_197' title='bbox 977 2546 1065 2618; x_wconf 89' lang='lat' dir='ltr'><strong>qui</strong></span> <span class='ocrx_word' id='word_1_198' title='bbox 1093 2555 1184 2600; x_wconf 91' lang='lat' dir='ltr'><strong>aut</strong></span> <span class='ocrx_word' id='word_1_199' title='bbox 1221 2546 1426 2616; x_wconf 88' lang='lat' dir='ltr'><strong>justus,</strong></span> <span class='ocrx_word' id='word_1_200' title='bbox 1456 2556 1548 2600; x_wconf 90' lang='lat' dir='ltr'><strong>aut</strong></span> <span class='ocrx_word' id='word_1_201' title='bbox 1573 2546 1676 2601; x_wconf 84' lang='lat' dir='ltr'><strong>mi-</strong></span> 
     </span>
    </p>
   </div>
   <div class='ocr_carea' id='block_1_25' title="bbox 110 2636 1679 2712">
    <p class='ocr_par' dir='ltr' id='par_1_25' title="bbox 110 2636 1679 2712">
     <span class='ocr_line' id='line_1_25' title="bbox 110 2636 1679 2712; baseline -0.003 -16"><span class='ocrx_word' id='word_1_202' title='bbox 110 2656 192 2696; x_wconf 86' lang='lat' dir='ltr'><strong>nus</strong></span> <span class='ocrx_word' id='word_1_203' title='bbox 214 2650 449 2712; x_wconf 88' lang='lat' dir='ltr'><strong>peccator</strong></span> <span class='ocrx_word' id='word_1_204' title='bbox 478 2654 644 2710; x_wconf 89' lang='lat' dir='ltr'><strong>quam</strong></span> <span class='ocrx_word' id='word_1_205' title='bbox 676 2637 747 2691; x_wconf 91' lang='lat' dir='ltr'><strong>illi</strong></span> <span class='ocrx_word' id='word_1_206' title='bbox 768 2653 916 2702; x_wconf 83' lang='lat' dir='ltr'><strong>sum,</strong></span> <span class='ocrx_word' id='word_1_207' title='bbox 947 2646 1000 2691; x_wconf 92' lang='lat' dir='ltr'><strong>ct</strong></span> <span class='ocrx_word' id='word_1_208' title='bbox 1039 2647 1244 2691; x_wconf 90' lang='lat' dir='ltr'><strong>certum</strong></span> <span class='ocrx_word' id='word_1_209' title='bbox 1284 2648 1367 2691; x_wconf 89' lang='lat' dir='ltr'><strong>est</strong></span> <span class='ocrx_word' id='word_1_210' title='bbox 1408 2636 1548 2708; x_wconf 90' lang='lat' dir='ltr'><strong>apud</strong></span> <span class='ocrx_word' id='word_1_211' title='bbox 1592 2652 1679 2691; x_wconf 90' lang='lat' dir='ltr'><strong>me</strong></span> 
     </span>
    </p>
   </div>
   <div class='ocr_carea' id='block_1_26' title="bbox 111 2730 1679 2804">
    <p class='ocr_par' dir='ltr' id='par_1_26' title="bbox 111 2730 1679 2804">
     <span class='ocr_line' id='line_1_26' title="bbox 111 2730 1679 2804; baseline -0.003 -16"><span class='ocrx_word' id='word_1_212' title='bbox 111 2734 192 2790; x_wconf 85' lang='lat' dir='ltr'><strong>hoc</strong></span> <span class='ocrx_word' id='word_1_213' title='bbox 214 2750 323 2791; x_wconf 76' lang='lat' dir='ltr'><strong>esse</strong></span> <span class='ocrx_word' id='word_1_214' title='bbox 351 2734 614 2804; x_wconf 85' lang='lat' dir='ltr'><strong>injustum</strong></span> <span class='ocrx_word' id='word_1_215' title='bbox 633 2773 649 2797; x_wconf 90' lang='lat'><strong>,</strong></span> <span class='ocrx_word' id='word_1_216' title='bbox 678 2742 732 2786; x_wconf 90' lang='lat' dir='ltr'><strong>et</strong></span> <span class='ocrx_word' id='word_1_217' title='bbox 753 2740 958 2786; x_wconf 90' lang='lat' dir='ltr'><strong>certum</strong></span> <span class='ocrx_word' id='word_1_218' title='bbox 986 2738 1069 2785; x_wconf 89' lang='lat' dir='ltr'><strong>est</strong></span> <span class='ocrx_word' id='word_1_219' title='bbox 1106 2730 1243 2799; x_wconf 90' lang='lat' dir='ltr'><strong>apud</strong></span> <span class='ocrx_word' id='word_1_220' title='bbox 1270 2745 1356 2784; x_wconf 90' lang='lat' dir='ltr'><strong>me</strong></span> <span class='ocrx_word' id='word_1_221' title='bbox 1383 2730 1503 2799; x_wconf 89' lang='lat' dir='ltr'><strong>quia</strong></span> <span class='ocrx_word' id='word_1_222' title='bbox 1542 2730 1679 2783; x_wconf 87' lang='lat' dir='ltr'><strong>Deus</strong></span> 
     </span>
    </p>
   </div>
   <div class='ocr_carea' id='block_1_27' title="bbox 110 2823 1673 2898">
    <p class='ocr_par' dir='ltr' id='par_1_27' title="bbox 110 2823 1673 2898">
     <span class='ocr_line' id='line_1_27' title="bbox 110 2823 1673 2898; baseline -0.003 -16"><span class='ocrx_word' id='word_1_223' title='bbox 110 2843 197 2883; x_wconf 86' lang='lat' dir='ltr'><strong>non</strong></span> <span class='ocrx_word' id='word_1_224' title='bbox 222 2828 335 2884; x_wconf 87' lang='lat' dir='ltr'><strong>facit</strong></span> <span class='ocrx_word' id='word_1_225' title='bbox 360 2828 625 2898; x_wconf 86' lang='lat' dir='ltr'><strong>injustum</strong></span> <span class='ocrx_word' id='word_1_226' title='bbox 652 2841 667 2891; x_wconf 90' lang='lat'><strong>;</strong></span> <span class='ocrx_word' id='word_1_227' title='bbox 699 2825 840 2880; x_wconf 88' lang='lat' dir='ltr'><strong>Deus</strong></span> <span class='ocrx_word' id='word_1_228' title='bbox 870 2839 975 2878; x_wconf 90' lang='lat' dir='ltr'><strong>non</strong></span> <span class='ocrx_word' id='word_1_229' title='bbox 996 2823 1255 2893; x_wconf 80' lang='lat' dir='ltr'><strong>gubernat</strong></span> <span class='ocrx_word' id='word_1_230' title='bbox 1280 2839 1365 2878; x_wconf 90' lang='lat' dir='ltr'><strong>res</strong></span> <span class='ocrx_word' id='word_1_231' title='bbox 1396 2823 1673 2887; x_wconf 88' lang='lat' dir='ltr'><strong>lmmanas,</strong></span> 
     </span>
    </p>
   </div>
   <div class='ocr_carea' id='block_1_28' title="bbox 108 2916 1680 2989">
    <p class='ocr_par' dir='ltr' id='par_1_28' title="bbox 108 2916 1680 2989">
     <span class='ocr_line' id='line_1_28' title="bbox 108 2916 1680 2989; baseline -0.003 -14"><span class='ocrx_word' id='word_1_232' title='bbox 108 2935 192 2975; x_wconf 84' lang='lat' dir='ltr'><strong>nec</strong></span> <span class='ocrx_word' id='word_1_233' title='bbox 216 2936 327 2976; x_wconf 90' lang='lat' dir='ltr'><strong>cura</strong></span> <span class='ocrx_word' id='word_1_234' title='bbox 356 2933 436 2977; x_wconf 89' lang='lat' dir='ltr'><strong>est</strong></span> <span class='ocrx_word' id='word_1_235' title='bbox 478 2921 558 2975; x_wconf 85' lang='lat' dir='ltr'><strong>illi</strong></span> <span class='ocrx_word' id='word_1_236' title='bbox 590 2918 659 2975; x_wconf 88' lang='lat' dir='ltr'><strong>de</strong></span> <span class='ocrx_word' id='word_1_237' title='bbox 698 2917 870 2973; x_wconf 90' lang='lat' dir='ltr'><strong>nobis.</strong></span> <span class='ocrx_word' id='word_1_238' title='bbox 905 2917 1043 2989; x_wconf 81' lang='lat' dir='ltr'><strong>Ergo</strong></span> <span class='ocrx_word' id='word_1_239' title='bbox 1069 2918 1217 2986; x_wconf 89' lang='lat' dir='ltr'><strong>pravi</strong></span> <span class='ocrx_word' id='word_1_240' title='bbox 1260 2916 1442 2981; x_wconf 89' lang='lat' dir='ltr'><strong>corde,</strong></span> <span class='ocrx_word' id='word_1_241' title='bbox 1491 2916 1541 2970; x_wconf 92' lang='lat' dir='ltr'><strong>id</strong></span> <span class='ocrx_word' id='word_1_242' title='bbox 1596 2926 1680 2972; x_wconf 91' lang='lat' dir='ltr'><strong>est</strong></span> 
     </span>
    </p>
   </div>
   <div class='ocr_carea' id='block_1_29' title="bbox 111 3006 1679 3078">
    <p class='ocr_par' dir='ltr' id='par_1_29' title="bbox 111 3006 1679 3078">
     <span class='ocr_line' id='line_1_29' title="bbox 111 3006 1679 3078; baseline -0.002 -12"><span class='ocrx_word' id='word_1_243' title='bbox 111 3010 287 3068; x_wconf 78' lang='lat' dir='ltr'><strong>distorti</strong></span> <span class='ocrx_word' id='word_1_244' title='bbox 315 3012 498 3078; x_wconf 86' lang='lat' dir='ltr'><strong>corde,</strong></span> <span class='ocrx_word' id='word_1_245' title='bbox 545 3020 655 3066; x_wconf 90' lang='lat' dir='ltr'><strong>tres</strong></span> <span class='ocrx_word' id='word_1_246' title='bbox 694 3008 891 3064; x_wconf 89' lang='lat' dir='ltr'><strong>habent</strong></span> <span class='ocrx_word' id='word_1_247' title='bbox 934 3010 1244 3064; x_wconf 81' lang='lat' dir='ltr'><strong>sententias.</strong></span> <span class='ocrx_word' id='word_1_248' title='bbox 1278 3010 1403 3071; x_wconf 81' lang='lat' dir='ltr'><strong>Aut,</strong></span> <span class='ocrx_word' id='word_1_249' title='bbox 1444 3006 1556 3062; x_wconf 88' lang='lat' dir='ltr'><strong>Non</strong></span> <span class='ocrx_word' id='word_1_250' title='bbox 1595 3017 1679 3063; x_wconf 93' lang='lat' dir='ltr'><strong>est</strong></span> 
     </span>
    </p>
   </div>
   <div class='ocr_carea' id='block_1_30' title="bbox 111 3102 1679 3166">
    <p class='ocr_par' dir='ltr' id='par_1_30' title="bbox 111 3102 1679 3166">
     <span class='ocr_line' id='line_1_30' title="bbox 111 3102 1679 3166; baseline -0.001 -7"><span class='ocrx_word' id='word_1_251' title='bbox 111 3102 260 3160; x_wconf 89' lang='lat' dir='ltr'><strong>Deus:</strong></span> <span class='ocrx_word' id='word_1_252' title='bbox 286 3105 414 3161; x_wconf 77' lang='lat' dir='ltr'><strong>dixit</strong></span> <span class='ocrx_word' id='word_1_253' title='bbox 443 3105 597 3161; x_wconf 90' lang='lat' dir='ltr'><strong>enim</strong></span> <span class='ocrx_word' id='word_1_254' title='bbox 628 3104 821 3159; x_wconf 87' lang='lat' dir='ltr'><strong>stultus</strong></span> <span class='ocrx_word' id='word_1_255' title='bbox 850 3102 901 3157; x_wconf 92' lang='lat' dir='ltr'><strong>in</strong></span> <span class='ocrx_word' id='word_1_256' title='bbox 937 3102 1099 3158; x_wconf 90' lang='lat' dir='ltr'><strong>corde</strong></span> <span class='ocrx_word' id='word_1_257' title='bbox 1127 3118 1245 3166; x_wconf 92' lang='lat' dir='ltr'><strong>suo,</strong></span> <span class='ocrx_word' id='word_1_258' title='bbox 1274 3102 1387 3156; x_wconf 84' lang='lat' dir='ltr'><strong>Non</strong></span> <span class='ocrx_word' id='word_1_259' title='bbox 1429 3111 1511 3157; x_wconf 91' lang='lat' dir='ltr'><strong>est</strong></span> <span class='ocrx_word' id='word_1_260' title='bbox 1540 3103 1679 3157; x_wconf 82' lang='lat' dir='ltr'><strong>Deus</strong></span> 
     </span>
    </p>
   </div>
   <div class='ocr_carea' id='block_1_31' title="bbox 113 3192 1674 3269">
    <p class='ocr_par' dir='ltr' id='par_1_31' title="bbox 113 3192 1674 3269">
     <span class='ocr_line' id='line_1_31' title="bbox 113 3192 1674 3269; baseline 0.001 -21"><span class='ocrx_word' id='word_1_261' title='bbox 113 3192 255 3267; x_wconf 77' lang='lat' dir='ltr'><strong>(Ptol.</strong></span> <span class='ocrx_word' id='word_1_262' title='bbox 296 3213 422 3263; x_wconf 77' lang='lat' dir='ltr'><strong>xm,</strong></span> <span class='ocrx_word' id='word_1_263' title='bbox 449 3196 537 3269; x_wconf 78' lang='grc'><strong>1).</strong></span> <span class='ocrx_word' id='word_1_264' title='bbox 591 3195 659 3250; x_wconf 82' lang='lat' dir='ltr'><strong>Et</strong></span> <span class='ocrx_word' id='word_1_265' title='bbox 706 3194 801 3249; x_wconf 87' lang='lat' dir='ltr'><strong>fttit</strong></span> <span class='ocrx_word' id='word_1_266' title='bbox 847 3193 1045 3249; x_wconf 85' lang='lat' dir='ltr'><strong>dictum</strong></span> <span class='ocrx_word' id='word_1_267' title='bbox 1089 3193 1155 3249; x_wconf 88' lang='lat' dir='ltr'><strong>de</strong></span> <span class='ocrx_word' id='word_1_268' title='bbox 1198 3192 1397 3248; x_wconf 85' lang='lat' dir='ltr'><strong>diluvio</strong></span> <span class='ocrx_word' id='word_1_269' title='bbox 1446 3193 1535 3248; x_wconf 91' lang='lat' dir='ltr'><strong>illo</strong></span> <span class='ocrx_word' id='word_1_270' title='bbox 1558 3193 1674 3267; x_wconf 81' lang='lat' dir='ltr'><strong>(rt):</strong></span> 
     </span>
    </p>
   </div>
   <div class='ocr_carea' id='block_1_32' title="bbox 113 3284 1677 3354">
    <p class='ocr_par' dir='ltr' id='par_1_32' title="bbox 113 3284 1677 3354">
     <span class='ocr_line' id='line_1_32' title="bbox 113 3284 1677 3354; baseline 0.001 -15"><span class='ocrx_word' id='word_1_271' title='bbox 113 3299 198 3340; x_wconf 78' lang='lat' dir='ltr'><strong>non</strong></span> <span class='ocrx_word' id='word_1_272' title='bbox 227 3285 384 3343; x_wconf 83' lang='lat' dir='ltr'><strong>defuit</strong></span> <span class='ocrx_word' id='word_1_273' title='bbox 411 3287 542 3342; x_wconf 88' lang='lat' dir='ltr'><strong>talis</strong></span> <span class='ocrx_word' id='word_1_274' title='bbox 578 3284 818 3341; x_wconf 84' lang='lat' dir='ltr'><strong>doctrina</strong></span> <span class='ocrx_word' id='word_1_275' title='bbox 850 3284 1308 3354; x_wconf 90' lang='lat' dir='ltr'><strong>philosophorum,</strong></span> <span class='ocrx_word' id='word_1_276' title='bbox 1353 3302 1457 3339; x_wconf 91' lang='lat' dir='ltr'><strong>non</strong></span> <span class='ocrx_word' id='word_1_277' title='bbox 1496 3285 1677 3340; x_wconf 86' lang='lat' dir='ltr'><strong>defue-</strong></span> 
     </span>
    </p>
   </div>
   <div class='ocr_carea' id='block_1_33' title="bbox 114 3376 1680 3453">
    <p class='ocr_par' dir='ltr' id='par_1_33' title="bbox 114 3376 1680 3453">
     <span class='ocr_line' id='line_1_33' title="bbox 114 3376 1680 3453; baseline -0.001 -18"><span class='ocrx_word' id='word_1_278' title='bbox 114 3387 215 3435; x_wconf 85' lang='lat' dir='ltr'><strong>runt</strong></span> <span class='ocrx_word' id='word_1_279' title='bbox 257 3380 341 3453; x_wconf 89' lang='lat' dir='ltr'><strong>qui</strong></span> <span class='ocrx_word' id='word_1_280' title='bbox 384 3381 637 3438; x_wconf 89' lang='lat' dir='ltr'><strong>dicereut</strong></span> <span class='ocrx_word' id='word_1_281' title='bbox 681 3394 785 3434; x_wconf 89' lang='lat' dir='ltr'><strong>non</strong></span> <span class='ocrx_word' id='word_1_282' title='bbox 837 3393 957 3433; x_wconf 88' lang='lat' dir='ltr'><strong>esse</strong></span> <span class='ocrx_word' id='word_1_283' title='bbox 1014 3376 1219 3443; x_wconf 90' lang='lat' dir='ltr'><strong>Deum,</strong></span> <span class='ocrx_word' id='word_1_284' title='bbox 1276 3378 1364 3446; x_wconf 86' lang='lat' dir='ltr'><strong>qui</strong></span> <span class='ocrx_word' id='word_1_285' title='bbox 1418 3379 1680 3448; x_wconf 77' lang='lat' dir='ltr'><strong>gubernat</strong></span> 
     </span>
    </p>
   </div>
   <div class='ocr_carea' id='block_1_34' title="bbox 116 3469 1678 3533">
    <p class='ocr_par' dir='ltr' id='par_1_34' title="bbox 116 3469 1678 3533">
     <span class='ocr_line' id='line_1_34' title="bbox 116 3469 1678 3533; baseline -0.002 -5"><span class='ocrx_word' id='word_1_286' title='bbox 116 3474 260 3529; x_wconf 84' lang='lat' dir='ltr'><strong>omnia</strong></span> <span class='ocrx_word' id='word_1_287' title='bbox 278 3483 329 3531; x_wconf 87' lang='lat' dir='ltr'><strong>et</strong></span> <span class='ocrx_word' id='word_1_288' title='bbox 347 3472 594 3530; x_wconf 84' lang='lat' dir='ltr'><strong>condidit</strong></span> <span class='ocrx_word' id='word_1_289' title='bbox 607 3471 806 3533; x_wconf 86' lang='lat' dir='ltr'><strong>omnia;</strong></span> <span class='ocrx_word' id='word_1_290' title='bbox 820 3469 912 3525; x_wconf 92' lang='lat' dir='ltr'><strong>sed</strong></span> <span class='ocrx_word' id='word_1_291' title='bbox 927 3485 1045 3525; x_wconf 87' lang='lat' dir='ltr'><strong>esse</strong></span> <span class='ocrx_word' id='word_1_292' title='bbox 1064 3470 1258 3524; x_wconf 91' lang='lat' dir='ltr'><strong>multos</strong></span> <span class='ocrx_word' id='word_1_293' title='bbox 1278 3470 1410 3525; x_wconf 86' lang='lat' dir='ltr'><strong>deos</strong></span> <span class='ocrx_word' id='word_1_294' title='bbox 1431 3481 1678 3527; x_wconf 87' lang='lat' dir='ltr'><strong>vacantes</strong></span> 
     </span>
    </p>
   </div>
   <div class='ocr_carea' id='block_1_35' title="bbox 117 3561 1675 3636">
    <p class='ocr_par' dir='ltr' id='par_1_35' title="bbox 117 3561 1675 3636">
     <span class='ocr_line' id='line_1_35' title="bbox 117 3561 1675 3636; baseline -0.003 -16"><span class='ocrx_word' id='word_1_295' title='bbox 117 3563 196 3620; x_wconf 83' lang='lat' dir='ltr'><strong>sibi</strong></span> <span class='ocrx_word' id='word_1_296' title='bbox 220 3575 399 3636; x_wconf 60' lang='lat' dir='ltr'><strong>prater</strong></span> <span class='ocrx_word' id='word_1_297' title='bbox 420 3564 709 3630; x_wconf 86' lang='lat' dir='ltr'><strong>mundum,</strong></span> <span class='ocrx_word' id='word_1_298' title='bbox 731 3576 837 3618; x_wconf 92' lang='lat' dir='ltr'><strong>non</strong></span> <span class='ocrx_word' id='word_1_299' title='bbox 855 3570 1100 3616; x_wconf 86' lang='lat' dir='ltr'><strong>curantes</strong></span> <span class='ocrx_word' id='word_1_300' title='bbox 1126 3561 1245 3615; x_wconf 90' lang='lat' dir='ltr'><strong>ista.</strong></span> <span class='ocrx_word' id='word_1_301' title='bbox 1275 3561 1415 3632; x_wconf 81' lang='lat' dir='ltr'><strong>Ergo</strong></span> <span class='ocrx_word' id='word_1_302' title='bbox 1427 3571 1537 3625; x_wconf 88' lang='lat' dir='ltr'><strong>aut.</strong></span> <span class='ocrx_word' id='word_1_303' title='bbox 1563 3561 1675 3616; x_wconf 80' lang='lat' dir='ltr'><strong>Nntt</strong></span> 
     </span>
    </p>
   </div>
   <div class='ocr_carea' id='block_1_36' title="bbox 118 3653 1678 3727">
    <p class='ocr_par' dir='ltr' id='par_1_36' title="bbox 118 3653 1678 3727">
     <span class='ocr_line' id='line_1_36' title="bbox 118 3653 1678 3727; baseline -0.004 -13"><span class='ocrx_word' id='word_1_304' title='bbox 118 3668 183 3714; x_wconf 83' lang='lat' dir='ltr'><strong>est</strong></span> <span class='ocrx_word' id='word_1_305' title='bbox 205 3660 364 3715; x_wconf 86' lang='lat' dir='ltr'><strong>Deus:</strong></span> <span class='ocrx_word' id='word_1_306' title='bbox 393 3661 504 3717; x_wconf 91' lang='lat' dir='ltr'><strong>hoc</strong></span> <span class='ocrx_word' id='word_1_307' title='bbox 533 3657 663 3713; x_wconf 89' lang='lat' dir='ltr'><strong>dicit</strong></span> <span class='ocrx_word' id='word_1_308' title='bbox 688 3656 902 3727; x_wconf 88' lang='lat' dir='ltr'><strong>impius,</strong></span> <span class='ocrx_word' id='word_1_309' title='bbox 932 3655 1016 3710; x_wconf 89' lang='lat' dir='ltr'><strong>cui</strong></span> <span class='ocrx_word' id='word_1_310' title='bbox 1045 3653 1284 3723; x_wconf 85' lang='lat' dir='ltr'><strong>displicet</strong></span> <span class='ocrx_word' id='word_1_311' title='bbox 1319 3654 1570 3723; x_wconf 87' lang='lat' dir='ltr'><strong>quidquid</strong></span> <span class='ocrx_word' id='word_1_312' title='bbox 1605 3654 1678 3708; x_wconf 93' lang='lat' dir='ltr'><strong>illi</strong></span> 
     </span>
    </p>
   </div>
   <div class='ocr_carea' id='block_1_37' title="bbox 120 3747 1681 3823">
    <p class='ocr_par' dir='ltr' id='par_1_37' title="bbox 120 3747 1681 3823">
     <span class='ocr_line' id='line_1_37' title="bbox 120 3747 1681 3823; baseline 0 -19"><span class='ocrx_word' id='word_1_313' title='bbox 120 3751 273 3807; x_wconf 82' lang='lat' dir='ltr'><strong>accidit</strong></span> <span class='ocrx_word' id='word_1_314' title='bbox 298 3762 491 3823; x_wconf 72' lang='lat' dir='ltr'><strong>prteter</strong></span> <span class='ocrx_word' id='word_1_315' title='bbox 524 3750 875 3814; x_wconf 71' lang='lat' dir='ltr'><strong>voluntatem,</strong></span> <span class='ocrx_word' id='word_1_316' title='bbox 904 3757 959 3803; x_wconf 91' lang='lat' dir='ltr'><strong>ct</strong></span> <span class='ocrx_word' id='word_1_317' title='bbox 986 3747 1139 3802; x_wconf 88' lang='lat' dir='ltr'><strong>alt&#39;eri</strong></span> <span class='ocrx_word' id='word_1_318' title='bbox 1164 3764 1267 3801; x_wconf 90' lang='lat' dir='ltr'><strong>non</strong></span> <span class='ocrx_word' id='word_1_319' title='bbox 1296 3747 1489 3802; x_wconf 86' lang='lat' dir='ltr'><strong>accidit</strong></span> <span class='ocrx_word' id='word_1_320' title='bbox 1508 3747 1594 3803; x_wconf 91' lang='lat' dir='ltr'><strong>cui</strong></span> <span class='ocrx_word' id='word_1_321' title='bbox 1621 3763 1681 3804; x_wconf 92' lang='lat' dir='ltr'><strong>se</strong></span> 
     </span>
    </p>
   </div>
   <div class='ocr_carea' id='block_1_38' title="bbox 119 3839 1681 3913">
    <p class='ocr_par' dir='ltr' id='par_1_38' title="bbox 119 3839 1681 3913">
     <span class='ocr_line' id='line_1_38' title="bbox 119 3839 1681 3913; baseline -0.003 -16"><span class='ocrx_word' id='word_1_322' title='bbox 119 3845 380 3913; x_wconf 68' lang='lat' dir='ltr'><strong>prmponit:</strong></span> <span class='ocrx_word' id='word_1_323' title='bbox 408 3853 528 3910; x_wconf 90' lang='lat' dir='ltr'><strong>aut,</strong></span> <span class='ocrx_word' id='word_1_324' title='bbox 559 3840 790 3912; x_wconf 82' lang='lat' dir='ltr'><strong>lnjustus</strong></span> <span class='ocrx_word' id='word_1_325' title='bbox 820 3841 958 3895; x_wconf 89' lang='lat' dir='ltr'><strong>Deus</strong></span> <span class='ocrx_word' id='word_1_326' title='bbox 978 3848 1081 3905; x_wconf 90' lang='lat' dir='ltr'><strong>est,</strong></span> <span class='ocrx_word' id='word_1_327' title='bbox 1110 3840 1193 3893; x_wconf 90' lang='lat' dir='ltr'><strong>cui</strong></span> <span class='ocrx_word' id='word_1_328' title='bbox 1227 3839 1325 3893; x_wconf 82' lang='lat' dir='ltr'><strong>ista</strong></span> <span class='ocrx_word' id='word_1_329' title='bbox 1360 3839 1596 3908; x_wconf 87' lang='lat' dir='ltr'><strong>placent,</strong></span> <span class='ocrx_word' id='word_1_330' title='bbox 1625 3848 1681 3895; x_wconf 92' lang='lat' dir='ltr'><strong>et</strong></span> 
     </span>
    </p>
   </div>
   <div class='ocr_carea' id='block_1_39' title="bbox 120 3933 1676 4004">
    <p class='ocr_par' dir='ltr' id='par_1_39' title="bbox 120 3933 1676 4004">
     <span class='ocr_line' id='line_1_39' title="bbox 120 3933 1676 4004; baseline 0.001 -15"><span class='ocrx_word' id='word_1_331' title='bbox 120 3935 189 4003; x_wconf 86' lang='lat' dir='ltr'><strong>qui</strong></span> <span class='ocrx_word' id='word_1_332' title='bbox 212 3934 314 3992; x_wconf 62' lang='lat' dir='ltr'><strong>bare</strong></span> <span class='ocrx_word' id='word_1_333' title='bbox 340 3934 462 3994; x_wconf 89' lang='lat' dir='ltr'><strong>facit</strong></span> <span class='ocrx_word' id='word_1_334' title='bbox 488 3955 505 3991; x_wconf 94' lang='lat'><strong>:</strong></span> <span class='ocrx_word' id='word_1_335' title='bbox 536 3944 659 4000; x_wconf 90' lang='lat' dir='ltr'><strong>aut,</strong></span> <span class='ocrx_word' id='word_1_336' title='bbox 688 3933 803 3990; x_wconf 85' lang='lat' dir='ltr'><strong>Non</strong></span> <span class='ocrx_word' id='word_1_337' title='bbox 829 3935 1091 4004; x_wconf 82' lang='lat' dir='ltr'><strong>gubernat</strong></span> <span class='ocrx_word' id='word_1_338' title='bbox 1121 3934 1259 3988; x_wconf 86' lang='lat' dir='ltr'><strong>Deus</strong></span> <span class='ocrx_word' id='word_1_339' title='bbox 1287 3950 1372 3988; x_wconf 88' lang='lat' dir='ltr'><strong>res</strong></span> <span class='ocrx_word' id='word_1_340' title='bbox 1399 3934 1676 4001; x_wconf 86' lang='lat' dir='ltr'><strong>humanas.</strong></span> 
     </span>
    </p>
   </div>
   <div class='ocr_carea' id='block_1_40' title="bbox 122 4024 1681 4083">
    <p class='ocr_par' dir='ltr' id='par_1_40' title="bbox 122 4024 1681 4083">
     <span class='ocr_line' id='line_1_40' title="bbox 122 4024 1681 4083; baseline 0.003 -6"><span class='ocrx_word' id='word_1_341' title='bbox 122 4037 200 4079; x_wconf 76' lang='lat' dir='ltr'><strong>nec</strong></span> <span class='ocrx_word' id='word_1_342' title='bbox 217 4040 331 4081; x_wconf 89' lang='lat' dir='ltr'><strong>cura</strong></span> <span class='ocrx_word' id='word_1_343' title='bbox 350 4037 433 4083; x_wconf 89' lang='lat' dir='ltr'><strong>est</strong></span> <span class='ocrx_word' id='word_1_344' title='bbox 454 4026 538 4082; x_wconf 89' lang='lat' dir='ltr'><strong>illi</strong></span> <span class='ocrx_word' id='word_1_345' title='bbox 561 4025 628 4080; x_wconf 90' lang='lat' dir='ltr'><strong>de</strong></span> <span class='ocrx_word' id='word_1_346' title='bbox 652 4025 899 4080; x_wconf 87' lang='lat' dir='ltr'><strong>omnibus</strong></span> <span class='ocrx_word' id='word_1_347' title='bbox 931 4026 968 4077; x_wconf 79' lang='grc'><strong>Â¹.</strong></span> <span class='ocrx_word' id='word_1_348' title='bbox 996 4024 1050 4079; x_wconf 93' lang='lat' dir='ltr'><strong>In</strong></span> <span class='ocrx_word' id='word_1_349' title='bbox 1078 4025 1193 4079; x_wconf 92' lang='lat' dir='ltr'><strong>istis</strong></span> <span class='ocrx_word' id='word_1_350' title='bbox 1215 4026 1382 4079; x_wconf 90' lang='lat' dir='ltr'><strong>tribus</strong></span> <span class='ocrx_word' id='word_1_351' title='bbox 1402 4028 1681 4082; x_wconf 86' lang='lat' dir='ltr'><strong>sententiis</strong></span> 
     </span>
    </p>
   </div>
   <div class='ocr_carea' id='block_1_41' title="bbox 122 4117 1679 4191">
    <p class='ocr_par' dir='ltr' id='par_1_41' title="bbox 122 4117 1679 4191">
     <span class='ocr_line' id='line_1_41' title="bbox 122 4117 1679 4191; baseline 0.001 -20"><span class='ocrx_word' id='word_1_352' title='bbox 122 4129 281 4188; x_wconf 81' lang='lat' dir='ltr'><strong>magna</strong></span> <span class='ocrx_word' id='word_1_353' title='bbox 321 4120 592 4191; x_wconf 83' lang='lat' dir='ltr'><strong>impietas,</strong></span> <span class='ocrx_word' id='word_1_354' title='bbox 636 4127 726 4172; x_wconf 90' lang='lat' dir='ltr'><strong>aut</strong></span> <span class='ocrx_word' id='word_1_355' title='bbox 773 4134 967 4188; x_wconf 84' lang='lat' dir='ltr'><strong>negare</strong></span> <span class='ocrx_word' id='word_1_356' title='bbox 1012 4117 1195 4182; x_wconf 89' lang='lat' dir='ltr'><strong>Deum,</strong></span> <span class='ocrx_word' id='word_1_357' title='bbox 1234 4127 1324 4171; x_wconf 90' lang='lat' dir='ltr'><strong>aut</strong></span> <span class='ocrx_word' id='word_1_358' title='bbox 1366 4118 1545 4173; x_wconf 86' lang='lat' dir='ltr'><strong>dicere</strong></span> <span class='ocrx_word' id='word_1_359' title='bbox 1599 4120 1679 4173; x_wconf 87' lang='lat' dir='ltr'><strong>in-</strong></span> 
     </span>
    </p>
   </div>
   <div class='ocr_carea' id='block_1_42' title="bbox 122 4205 1681 4281">
    <p class='ocr_par' dir='ltr' id='par_1_42' title="bbox 122 4205 1681 4281">
     <span class='ocr_line' id='line_1_42' title="bbox 122 4205 1681 4281; baseline 0.004 -19"><span class='ocrx_word' id='word_1_360' title='bbox 122 4205 307 4278; x_wconf 72' lang='lat' dir='ltr'><strong>iustum,</strong></span> <span class='ocrx_word' id='word_1_361' title='bbox 333 4222 424 4268; x_wconf 90' lang='lat' dir='ltr'><strong>aut</strong></span> <span class='ocrx_word' id='word_1_362' title='bbox 447 4210 667 4266; x_wconf 89' lang='lat' dir='ltr'><strong>auferre</strong></span> <span class='ocrx_word' id='word_1_363' title='bbox 696 4209 769 4265; x_wconf 87' lang='lat' dir='ltr'><strong>illi</strong></span> <span class='ocrx_word' id='word_1_364' title='bbox 794 4210 1231 4281; x_wconf 83' lang='lat' dir='ltr'><strong>gubernatiOnem</strong></span> <span class='ocrx_word' id='word_1_365' title='bbox 1265 4228 1463 4267; x_wconf 90' lang='lat' dir='ltr'><strong>rerum.</strong></span> <span class='ocrx_word' id='word_1_366' title='bbox 1505 4212 1681 4279; x_wconf 87' lang='lat' dir='ltr'><strong>Quare</strong></span> 
     </span>
    </p>
   </div>
   <div class='ocr_carea' id='block_1_43' title="bbox 125 4300 1681 4374">
    <p class='ocr_par' dir='ltr' id='par_1_43' title="bbox 125 4300 1681 4374">
     <span class='ocr_line' id='line_1_43' title="bbox 125 4300 1681 4374; baseline 0.003 -18"><span class='ocrx_word' id='word_1_367' title='bbox 125 4300 238 4358; x_wconf 76' lang='lat' dir='ltr'><strong>hoc?</strong></span> <span class='ocrx_word' id='word_1_368' title='bbox 262 4304 387 4374; x_wconf 87' lang='lat' dir='ltr'><strong>Quia</strong></span> <span class='ocrx_word' id='word_1_369' title='bbox 412 4305 688 4362; x_wconf 87' lang='lat' dir='ltr'><strong>&#39;distortus</strong></span> <span class='ocrx_word' id='word_1_370' title='bbox 730 4315 812 4359; x_wconf 90' lang='lat' dir='ltr'><strong>est</strong></span> <span class='ocrx_word' id='word_1_371' title='bbox 856 4304 1036 4359; x_wconf 89' lang='lat' dir='ltr'><strong>corde.</strong></span> <span class='ocrx_word' id='word_1_372' title='bbox 1084 4304 1282 4359; x_wconf 80' lang='lat' dir='ltr'><strong>Rectus</strong></span> <span class='ocrx_word' id='word_1_373' title='bbox 1324 4317 1406 4360; x_wconf 89' lang='lat' dir='ltr'><strong>est</strong></span> <span class='ocrx_word' id='word_1_374' title='bbox 1439 4306 1595 4370; x_wconf 86' lang='lat' dir='ltr'><strong>Deus.</strong></span> <span class='ocrx_word' id='word_1_375' title='bbox 1629 4317 1681 4361; x_wconf 92' lang='lat' dir='ltr'><strong>et</strong></span> 
     </span>
    </p>
   </div>
   <div class='ocr_carea' id='block_1_44' title="bbox 126 4391 1681 4467">
    <p class='ocr_par' dir='ltr' id='par_1_44' title="bbox 126 4391 1681 4467">
     <span class='ocr_line' id='line_1_44' title="bbox 126 4391 1681 4467; baseline 0.002 -17"><span class='ocrx_word' id='word_1_376' title='bbox 126 4391 224 4450; x_wconf 79' lang='lat' dir='ltr'><strong>ideo</strong></span> <span class='ocrx_word' id='word_1_377' title='bbox 245 4396 523 4453; x_wconf 89' lang='lat' dir='ltr'><strong>distortum</strong></span> <span class='ocrx_word' id='word_1_378' title='bbox 552 4411 647 4451; x_wconf 87' lang='lat' dir='ltr'><strong>cor</strong></span> <span class='ocrx_word' id='word_1_379' title='bbox 672 4396 692 4427; x_wconf 81' lang='lat'>&#39;</span> <span class='ocrx_word' id='word_1_380' title='bbox 722 4396 797 4450; x_wconf 92' lang='lat' dir='ltr'><strong>illi</strong></span> <span class='ocrx_word' id='word_1_381' title='bbox 828 4411 932 4449; x_wconf 91' lang='lat' dir='ltr'><strong>non</strong></span> <span class='ocrx_word' id='word_1_382' title='bbox 967 4396 1273 4467; x_wconf 81' lang='lat' dir='ltr'><strong>acquiescit.</strong></span> <span class='ocrx_word' id='word_1_383' title='bbox 1306 4397 1456 4467; x_wconf 83' lang='lat' dir='ltr'><strong>Quod</strong></span> <span class='ocrx_word' id='word_1_384' title='bbox 1501 4400 1549 4452; x_wconf 90' lang='lat' dir='ltr'><strong>in</strong></span> <span class='ocrx_word' id='word_1_385' title='bbox 1576 4402 1681 4453; x_wconf 86' lang='lat' dir='ltr'><strong>alio</strong></span> 
     </span>
    </p>
   </div>
   <div class='ocr_carea' id='block_1_45' title="bbox 128 4486 1682 4559">
    <p class='ocr_par' dir='ltr' id='par_1_45' title="bbox 128 4486 1682 4559">
     <span class='ocr_line' id='line_1_45' title="bbox 128 4486 1682 4559; baseline 0.003 -18"><span class='ocrx_word' id='word_1_386' title='bbox 128 4486 302 4553; x_wconf 81' lang='lat' dir='ltr'><strong>psalmo</strong></span> <span class='ocrx_word' id='word_1_387' title='bbox 328 4499 428 4559; x_wconf 89' lang='lat' dir='ltr'><strong>est,</strong></span> <span class='ocrx_word' id='word_1_388' title='bbox 462 4490 634 4558; x_wconf 85' lang='lat' dir='ltr'><strong>Quam</strong></span> <span class='ocrx_word' id='word_1_389' title='bbox 665 4489 823 4543; x_wconf 86' lang='lat' dir='ltr'><strong>bonus</strong></span> <span class='ocrx_word' id='word_1_390' title='bbox 854 4487 989 4542; x_wconf 89' lang='lat' dir='ltr'><strong>Deus</strong></span> <span class='ocrx_word' id='word_1_391' title='bbox 1015 4486 1204 4551; x_wconf 80' lang='lat' dir='ltr'><strong>Israel,</strong></span> <span class='ocrx_word' id='word_1_392' title='bbox 1235 4491 1381 4542; x_wconf 86' lang='lat' dir='ltr'><strong>rectis</strong></span> <span class='ocrx_word' id='word_1_393' title='bbox 1405 4490 1593 4545; x_wconf 87' lang='lat' dir='ltr'><strong>corde!</strong></span> <span class='ocrx_word' id='word_1_394' title='bbox 1619 4493 1682 4545; x_wconf 68' lang='lat' dir='ltr'><strong>lit</strong></span> 
     </span>
    </p>
   </div>
   <div class='ocr_carea' id='block_1_46' title="bbox 128 4578 1680 4653">
    <p class='ocr_par' dir='ltr' id='par_1_46' title="bbox 128 4578 1680 4653">
     <span class='ocr_line' id='line_1_46' title="bbox 128 4578 1680 4653; baseline 0.003 -23"><span class='ocrx_word' id='word_1_395' title='bbox 128 4578 225 4646; x_wconf 86' lang='lat' dir='ltr'><strong>quia</strong></span> <span class='ocrx_word' id='word_1_396' title='bbox 248 4581 398 4637; x_wconf 87' lang='lat' dir='ltr'><strong>talem</strong></span> <span class='ocrx_word' id='word_1_397' title='bbox 427 4581 661 4637; x_wconf 84' lang='lat' dir='ltr'><strong>habebat</strong></span> <span class='ocrx_word' id='word_1_398' title='bbox 682 4580 794 4653; x_wconf 87' lang='lat' dir='ltr'><strong>ipse</strong></span> <span class='ocrx_word' id='word_1_399' title='bbox 817 4580 1102 4651; x_wconf 69' lang='lat' dir='ltr'><strong>aliquando</strong></span> <span class='ocrx_word' id='word_1_400' title='bbox 1126 4582 1443 4635; x_wconf 89' lang='lat' dir='ltr'><strong>sententiam</strong></span> <span class='ocrx_word' id='word_1_401' title='bbox 1470 4581 1510 4645; x_wconf 83' lang='grc'><strong>Â³,</strong></span> <span class='ocrx_word' id='word_1_402' title='bbox 1540 4582 1680 4647; x_wconf 86' lang='lat' dir='ltr'><strong>Quo-</strong></span> 
     </span>
    </p>
   </div>
   <div class='ocr_carea' id='block_1_47' title="bbox 128 4671 1680 4740">
    <p class='ocr_par' dir='ltr' id='par_1_47' title="bbox 128 4671 1680 4740">
     <span class='ocr_line' id='line_1_47' title="bbox 128 4671 1680 4740; baseline 0.004 -17"><span class='ocrx_word' id='word_1_403' title='bbox 128 4671 256 4725; x_wconf 78' lang='lat' dir='ltr'><strong>modo</strong></span> <span class='ocrx_word' id='word_1_404' title='bbox 282 4674 415 4730; x_wconf 76' lang='lat' dir='ltr'><strong>scivit</strong></span> <span class='ocrx_word' id='word_1_405' title='bbox 439 4673 602 4740; x_wconf 84' lang='lat' dir='ltr'><strong>Deus,</strong></span> <span class='ocrx_word' id='word_1_406' title='bbox 630 4682 716 4727; x_wconf 88' lang='lat' dir='ltr'><strong>aut</strong></span> <span class='ocrx_word' id='word_1_407' title='bbox 740 4673 784 4727; x_wconf 84' lang='lat' dir='ltr'><strong>si</strong></span> <span class='ocrx_word' id='word_1_408' title='bbox 808 4682 880 4727; x_wconf 82' lang='lat' dir='ltr'><strong>est</strong></span> <span class='ocrx_word' id='word_1_409' title='bbox 908 4672 1116 4726; x_wconf 80' lang='lat' dir='ltr'><strong>scientia</strong></span> <span class='ocrx_word' id='word_1_410' title='bbox 1140 4672 1398 4727; x_wconf 80' lang='lat' dir='ltr'><strong>Altissimo</strong></span> <span class='ocrx_word' id='word_1_411' title='bbox 1416 4673 1442 4727; x_wconf 81' lang='lat'><strong><em>?</em></strong></span> <span class='ocrx_word' id='word_1_412' title='bbox 1470 4673 1588 4729; x_wconf 89' lang='lat' dir='ltr'><strong>ideo</strong></span> <span class='ocrx_word' id='word_1_413' title='bbox 1612 4674 1680 4729; x_wconf 89' lang='lat' dir='ltr'><strong>ibi</strong></span> 
     </span>
    </p>
   </div>
   <div class='ocr_carea' id='block_1_48' title="bbox 130 4761 1676 4838">
    <p class='ocr_par' dir='ltr' id='par_1_48' title="bbox 130 4761 1676 4838">
     <span class='ocr_line' id='line_1_48' title="bbox 130 4761 1676 4838; baseline 0.004 -23"><span class='ocrx_word' id='word_1_414' title='bbox 130 4761 324 4832; x_wconf 71' lang='lat' dir='ltr'><strong>subjecit</strong></span> <span class='ocrx_word' id='word_1_415' title='bbox 347 4784 361 4819; x_wconf 91' lang='lat'><strong>:</strong></span> <span class='ocrx_word' id='word_1_416' title='bbox 390 4765 494 4835; x_wconf 80' lang='lat' dir='ltr'><strong>Mei</strong></span> <span class='ocrx_word' id='word_1_417' title='bbox 514 4775 682 4820; x_wconf 86' lang='lat' dir='ltr'><strong>autem</strong></span> <span class='ocrx_word' id='word_1_418' title='bbox 702 4781 830 4836; x_wconf 83' lang='lat' dir='ltr'><strong>pene</strong></span> <span class='ocrx_word' id='word_1_419' title='bbox 854 4764 977 4818; x_wconf 86' lang='lat' dir='ltr'><strong>moti</strong></span> <span class='ocrx_word' id='word_1_420' title='bbox 997 4772 1114 4817; x_wconf 86' lang='lat' dir='ltr'><strong>sunt</strong></span> <span class='ocrx_word' id='word_1_421' title='bbox 1135 4764 1286 4834; x_wconf 89' lang='lat' dir='ltr'><strong>pedes</strong></span> <span class='ocrx_word' id='word_1_422' title='bbox 1307 4763 1479 4838; x_wconf 84' lang='lat' dir='ltr'><strong>(Psal.</strong></span> <span class='ocrx_word' id='word_1_423' title='bbox 1512 4782 1676 4832; x_wconf 78' lang='lat' dir='ltr'><strong>Lxxn,</strong></span> 
     </span>
    </p>
   </div>
   <div class='ocr_carea' id='block_1_49' title="bbox 132 4850 1678 4930">
    <p class='ocr_par' dir='ltr' id='par_1_49' title="bbox 132 4850 1678 4930">
     <span class='ocr_line' id='line_1_49' title="bbox 132 4850 1678 4930; baseline 0.005 -25"><span class='ocrx_word' id='word_1_424' title='bbox 132 4850 181 4922; x_wconf 80' lang='grc' dir='ltr'>Î¹,</span> <span class='ocrx_word' id='word_1_425' title='bbox 204 4853 282 4923; x_wconf 81' lang='lat' dir='ltr'><strong>ll,</strong></span> <span class='ocrx_word' id='word_1_426' title='bbox 305 4855 381 4930; x_wconf 77' lang='lat'><strong>2).</strong></span> <span class='ocrx_word' id='word_1_427' title='bbox 406 4856 684 4927; x_wconf 86' lang='lat' dir='ltr'><strong>Quomodo</strong></span> <span class='ocrx_word' id='word_1_428' title='bbox 722 4856 1002 4912; x_wconf 89' lang='lat' dir='ltr'><strong>distortum</strong></span> <span class='ocrx_word' id='word_1_429' title='bbox 1029 4856 1228 4926; x_wconf 89' lang='lat' dir='ltr'><strong>lignum</strong></span> <span class='ocrx_word' id='word_1_430' title='bbox 1253 4896 1269 4921; x_wconf 89' lang='lat'><strong>,</strong></span> <span class='ocrx_word' id='word_1_431' title='bbox 1307 4858 1405 4910; x_wconf 87' lang='lat' dir='ltr'><strong>etsi</strong></span> <span class='ocrx_word' id='word_1_432' title='bbox 1434 4872 1601 4927; x_wconf 85' lang='lat' dir='ltr'><strong>ponas</strong></span> <span class='ocrx_word' id='word_1_433' title='bbox 1628 4859 1678 4912; x_wconf 91' lang='lat' dir='ltr'><strong>in</strong></span> 
     </span>
    </p>
   </div>
   <div class='ocr_carea' id='block_1_50' title="bbox 132 4944 1677 5020">
    <p class='ocr_par' dir='ltr' id='par_1_50' title="bbox 132 4944 1677 5020">
     <span class='ocr_line' id='line_1_50' title="bbox 132 4944 1677 5020; baseline 0.003 -22"><span class='ocrx_word' id='word_1_434' title='bbox 132 4944 397 5009; x_wconf 77' lang='lat' dir='ltr'><strong>pavimento</strong></span> <span class='ocrx_word' id='word_1_435' title='bbox 420 4949 628 5020; x_wconf 79' lang='lat' dir='ltr'><strong>:cquali,</strong></span> <span class='ocrx_word' id='word_1_436' title='bbox 660 4962 765 5003; x_wconf 91' lang='lat' dir='ltr'><strong>non</strong></span> <span class='ocrx_word' id='word_1_437' title='bbox 794 4948 1108 5013; x_wconf 88' lang='lat' dir='ltr'><strong>collocatur,</strong></span> <span class='ocrx_word' id='word_1_438' title='bbox 1131 4964 1237 5001; x_wconf 89' lang='lat' dir='ltr'><strong>non</strong></span> <span class='ocrx_word' id='word_1_439' title='bbox 1259 4950 1677 5018; x_wconf 83' lang='lat' dir='ltr'><strong>compaginatur,</strong></span> 
     </span>
    </p>
   </div>
   <div class='ocr_carea' id='block_1_51' title="bbox 133 5039 1679 5113">
    <p class='ocr_par' dir='ltr' id='par_1_51' title="bbox 133 5039 1679 5113">
     <span class='ocr_line' id='line_1_51' title="bbox 133 5039 1679 5113; baseline 0.008 -26"><span class='ocrx_word' id='word_1_440' title='bbox 133 5047 216 5090; x_wconf 87' lang='lat' dir='ltr'><strong>nec</strong></span> <span class='ocrx_word' id='word_1_441' title='bbox 247 5039 558 5113; x_wconf 72' lang='lat' dir='ltr'><strong>adiungitur,</strong></span> <span class='ocrx_word' id='word_1_442' title='bbox 586 5056 798 5112; x_wconf 85' lang='lat' dir='ltr'><strong>semper</strong></span> <span class='ocrx_word' id='word_1_443' title='bbox 840 5040 1068 5111; x_wconf 88' lang='lat' dir='ltr'><strong>agitatur</strong></span> <span class='ocrx_word' id='word_1_444' title='bbox 1103 5048 1158 5095; x_wconf 91' lang='lat' dir='ltr'><strong>et</strong></span> <span class='ocrx_word' id='word_1_445' title='bbox 1180 5048 1367 5107; x_wconf 89' lang='lat' dir='ltr'><strong>nutat;</strong></span> <span class='ocrx_word' id='word_1_446' title='bbox 1409 5056 1515 5095; x_wconf 92' lang='lat' dir='ltr'><strong>non</strong></span> <span class='ocrx_word' id='word_1_447' title='bbox 1560 5044 1679 5112; x_wconf 89' lang='lat' dir='ltr'><strong>quia</strong></span> 
     </span>
    </p>
   </div>
   <div class='ocr_carea' id='block_1_52' title="bbox 135 5121 1679 5205">
    <p class='ocr_par' dir='ltr' id='par_1_52' title="bbox 135 5121 1679 5205">
     <span class='ocr_line' id='line_1_52' title="bbox 135 5121 1679 5205; baseline 0.008 -28"><span class='ocrx_word' id='word_1_448' title='bbox 135 5121 360 5199; x_wconf 69' lang='lat' dir='ltr'><strong>inaequale</strong></span> <span class='ocrx_word' id='word_1_449' title='bbox 380 5144 460 5189; x_wconf 92' lang='lat' dir='ltr'><strong>est</strong></span> <span class='ocrx_word' id='word_1_450' title='bbox 483 5134 567 5189; x_wconf 93' lang='lat' dir='ltr'><strong>ubi</strong></span> <span class='ocrx_word' id='word_1_451' title='bbox 595 5131 837 5205; x_wconf 77' lang='lat' dir='ltr'><strong>posuisti,</strong></span> <span class='ocrx_word' id='word_1_452' title='bbox 863 5131 959 5188; x_wconf 89' lang='lat' dir='ltr'><strong>sed</strong></span> <span class='ocrx_word' id='word_1_453' title='bbox 988 5132 1109 5202; x_wconf 91' lang='lat' dir='ltr'><strong>quia</strong></span> <span class='ocrx_word' id='word_1_454' title='bbox 1130 5131 1411 5187; x_wconf 87' lang='lat' dir='ltr'><strong>distortum</strong></span> <span class='ocrx_word' id='word_1_455' title='bbox 1435 5134 1679 5203; x_wconf 87' lang='lat' dir='ltr'><strong>estquod</strong></span> 
     </span>
    </p>
   </div>
   <div class='ocr_carea' id='block_1_53' title="bbox 133 5220 1682 5293">
    <p class='ocr_par' dir='ltr' id='par_1_53' title="bbox 133 5220 1682 5293">
     <span class='ocr_line' id='line_1_53' title="bbox 133 5220 1682 5293; baseline 0.005 -21"><span class='ocrx_word' id='word_1_456' title='bbox 133 5220 356 5281; x_wconf 83' lang='lat' dir='ltr'><strong>posuisti:</strong></span> <span class='ocrx_word' id='word_1_457' title='bbox 405 5224 473 5279; x_wconf 86' lang='lat' dir='ltr'><strong>ita</strong></span> <span class='ocrx_word' id='word_1_458' title='bbox 517 5235 569 5281; x_wconf 89' lang='lat' dir='ltr'><strong>et</strong></span> <span class='ocrx_word' id='word_1_459' title='bbox 613 5239 708 5279; x_wconf 92' lang='lat' dir='ltr'><strong>cor</strong></span> <span class='ocrx_word' id='word_1_460' title='bbox 745 5232 895 5279; x_wconf 90' lang='lat' dir='ltr'><strong>tuum</strong></span> <span class='ocrx_word' id='word_1_461' title='bbox 940 5222 1190 5293; x_wconf 90' lang='lat' dir='ltr'><strong>quamdiu</strong></span> <span class='ocrx_word' id='word_1_462' title='bbox 1235 5238 1453 5293; x_wconf 88' lang='lat' dir='ltr'><strong>pravum</strong></span> <span class='ocrx_word' id='word_1_463' title='bbox 1502 5233 1584 5278; x_wconf 90' lang='lat' dir='ltr'><strong>est</strong></span> <span class='ocrx_word' id='word_1_464' title='bbox 1627 5233 1682 5280; x_wconf 89' lang='lat' dir='ltr'><strong>et</strong></span> 
     </span>
    </p>
   </div>
   <div class='ocr_carea' id='block_1_54' title="bbox 135 5304 1677 5389">
    <p class='ocr_par' dir='ltr' id='par_1_54' title="bbox 135 5304 1677 5389">
     <span class='ocr_line' id='line_1_54' title="bbox 135 5304 1677 5389; baseline 0.008 -30"><span class='ocrx_word' id='word_1_465' title='bbox 135 5304 400 5381; x_wconf 87' lang='lat' dir='ltr'><strong>distortum,</strong></span> <span class='ocrx_word' id='word_1_466' title='bbox 423 5332 523 5372; x_wconf 91' lang='lat' dir='ltr'><strong>non</strong></span> <span class='ocrx_word' id='word_1_467' title='bbox 550 5325 726 5389; x_wconf 89' lang='lat' dir='ltr'><strong>potest</strong></span> <span class='ocrx_word' id='word_1_468' title='bbox 749 5316 1009 5371; x_wconf 92' lang='lat' dir='ltr'><strong>colliniari</strong></span> <span class='ocrx_word' id='word_1_469' title='bbox 1034 5315 1335 5389; x_wconf 89' lang='lat' dir='ltr'><strong>rectitudini</strong></span> <span class='ocrx_word' id='word_1_470' title='bbox 1361 5316 1472 5381; x_wconf 88' lang='lat' dir='ltr'><strong>Dei,</strong></span> <span class='ocrx_word' id='word_1_471' title='bbox 1498 5326 1677 5373; x_wconf 89' lang='lat' dir='ltr'><strong>etnon</strong></span> 
     </span>
    </p>
   </div>
   <div class='ocr_carea' id='block_1_55' title="bbox 136 5406 1681 5476">
    <p class='ocr_par' dir='ltr' id='par_1_55' title="bbox 136 5406 1681 5476">
     <span class='ocr_line' id='line_1_55' title="bbox 136 5406 1681 5476; baseline 0.006 -22"><span class='ocrx_word' id='word_1_472' title='bbox 136 5410 284 5465; x_wconf 78' lang='lat' dir='ltr'><strong>potest</strong></span> <span class='ocrx_word' id='word_1_473' title='bbox 330 5406 379 5461; x_wconf 92' lang='lat' dir='ltr'><strong>in</strong></span> <span class='ocrx_word' id='word_1_474' title='bbox 422 5408 511 5465; x_wconf 89' lang='lat' dir='ltr'><strong>illo</strong></span> <span class='ocrx_word' id='word_1_475' title='bbox 544 5408 797 5466; x_wconf 86' lang='lat' dir='ltr'><strong>collocari</strong></span> <span class='ocrx_word' id='word_1_476' title='bbox 841 5415 900 5463; x_wconf 90' lang='lat' dir='ltr'><strong>ut</strong></span> <span class='ocrx_word' id='word_1_477' title='bbox 941 5407 1142 5462; x_wconf 81' lang='lat' dir='ltr'><strong>lucreat</strong></span> <span class='ocrx_word' id='word_1_478' title='bbox 1187 5406 1285 5474; x_wconf 91' lang='lat' dir='ltr'><strong>illi,</strong></span> <span class='ocrx_word' id='word_1_479' title='bbox 1329 5418 1384 5463; x_wconf 92' lang='lat' dir='ltr'><strong>et</strong></span> <span class='ocrx_word' id='word_1_480' title='bbox 1421 5406 1551 5463; x_wconf 70' lang='lat' dir='ltr'><strong>ttatâ€˜</strong></span> <span class='ocrx_word' id='word_1_481' title='bbox 1578 5407 1681 5476; x_wconf 81' lang='lat' dir='ltr'><strong>Qui</strong></span> 
     </span>
    </p>
   </div>
   <div class='ocr_carea' id='block_1_56' title="bbox 180 5553 849 5622">
    <p class='ocr_par' dir='ltr' id='par_1_56' title="bbox 180 5553 849 5622">
     <span class='ocr_line' id='line_1_56' title="bbox 180 5553 849 5622; baseline -0.013 0"><span class='ocrx_word' id='word_1_482' title='bbox 180 5553 195 5622; x_wconf 66' lang='grc' dir='ltr'>á¿˜</span> <span class='ocrx_word' id='word_1_483' title='bbox 218 5560 344 5609; x_wconf 68' lang='grc' dir='ltr'><strong>Ï„ÎµÎ¹á½¶Î¿.</strong></span> <span class='ocrx_word' id='word_1_484' title='bbox 359 5566 457 5622; x_wconf 64' lang='grc' dir='ltr'><strong>ÎœÏ‚Î·</strong></span> <span class='ocrx_word' id='word_1_485' title='bbox 488 5565 551 5618; x_wconf 82' lang='lat' dir='ltr'><strong>de</strong></span> <span class='ocrx_word' id='word_1_486' title='bbox 564 5562 849 5616; x_wconf 78' lang='lat' dir='ltr'><strong>hominibus.</strong></span> 
     </span>
    </p>
   </div>
   <div class='ocr_carea' id='block_1_57' title="bbox 172 5614 1619 5706">
    <p class='ocr_par' dir='ltr' id='par_1_57' title="bbox 172 5614 1619 5706">
     <span class='ocr_line' id='line_1_57' title="bbox 172 5614 1619 5706; baseline 0 0"><span class='ocrx_word' id='word_1_487' title='bbox 172 5614 1032 5706; x_wconf 45' lang='lat' dir='ltr'><strong>:semesae:tegeaee</strong></span> <span class='ocrx_word' id='word_1_488' title='bbox 1048 5625 1251 5706; x_wconf 63' lang='grc' dir='ltr'>Î¹Î¹Î¾Î¹Î¡ÎµÎ¹Î¾á½²Î½</span> <span class='ocrx_word' id='word_1_489' title='bbox 1275 5626 1581 5706; x_wconf 54' lang='lat' dir='ltr'><strong>secrete</strong></span> <span class='ocrx_word' id='word_1_490' title='bbox 1605 5690 1619 5706; x_wconf 81' lang='lat'><strong>_.</strong></span> 
     </span>
    </p>
   </div>
   <div class='ocr_carea' id='block_1_58' title="bbox 185 5679 1675 5754">
    <p class='ocr_par' dir='ltr' id='par_1_58' title="bbox 185 5679 1675 5754">
     <span class='ocr_line' id='line_1_58' title="bbox 185 5679 1675 5754; baseline -0.009 0"><span class='ocrx_word' id='word_1_491' title='bbox 308 5690 407 5735; x_wconf 59' lang='lat' dir='ltr'><strong>ms:</strong></span> <span class='ocrx_word' id='word_1_492' title='bbox 456 5698 524 5740; x_wconf 60' lang='grc' dir='ltr'><strong>*á½·</strong></span> <span class='ocrx_word' id='word_1_493' title='bbox 560 5679 706 5752; x_wconf 58' lang='lat' dir='ltr'><strong>mu</strong></span> <span class='ocrx_word' id='word_1_494' title='bbox 748 5679 1010 5754; x_wconf 69' lang='lat' dir='ltr'><strong>aliquando</strong></span> <span class='ocrx_word' id='word_1_495' title='bbox 1063 5688 1125 5738; x_wconf 81' lang='lat' dir='ltr'><strong>de</strong></span> <span class='ocrx_word' id='word_1_496' title='bbox 1180 5679 1249 5738; x_wconf 37' lang='lat' dir='ltr'><strong>se.</strong></span> <span class='ocrx_word' id='word_1_497' title='bbox 1279 5688 1558 5740; x_wconf 72' lang='lat' dir='ltr'><strong>sententiam</strong></span> <span class='ocrx_word' id='word_1_498' title='bbox 1598 5690 1675 5742; x_wconf 81' lang='lat' dir='ltr'><strong>in-</strong></span> 
     </span>
    </p>
   </div>
   <div class='ocr_carea' id='block_1_59' title="bbox 132 5745 1314 5877">
    <p class='ocr_par' dir='ltr' id='par_1_59' title="bbox 132 5745 1314 5877">
     <span class='ocr_line' id='line_1_59' title="bbox 132 5745 1314 5877; baseline -0.012 1"><span class='ocrx_word' id='word_1_499' title='bbox 364 5815 407 5861; x_wconf 72' lang='grc' dir='ltr'><strong>Î¹Î¹</strong></span> <span class='ocrx_word' id='word_1_500' title='bbox 426 5808 505 5876; x_wconf 75' lang='lat' dir='ltr'><strong>iiut</strong></span> <span class='ocrx_word' id='word_1_501' title='bbox 526 5820 723 5867; x_wconf 83' lang='lat' dir='ltr'><strong>rectum.</strong></span> <span class='ocrx_word' id='word_1_502' title='bbox 749 5814 914 5877; x_wconf 79' lang='lat' dir='ltr'><strong>Abest,</strong></span> <span class='ocrx_word' id='word_1_503' title='bbox 934 5818 1138 5876; x_wconf 68' lang='lat' dir='ltr'><strong>rectam,</strong></span> <span class='ocrx_word' id='word_1_504' title='bbox 1160 5825 1189 5864; x_wconf 85' lang='lat' dir='ltr'><strong>a</strong></span> <span class='ocrx_word' id='word_1_505' title='bbox 1206 5819 1314 5865; x_wconf 77' lang='lat' dir='ltr'><strong>Mss.</strong></span> 
     </span>
    </p>
   </div>
   <div class='ocr_carea' id='block_1_60' title="bbox 197 5858 598 5934">
    <p class='ocr_par' dir='ltr' id='par_1_60' title="bbox 197 5858 598 5934">
     <span class='ocr_line' id='line_1_60' title="bbox 197 5858 598 5934; baseline 0.005 -11"><span class='ocrx_word' id='word_1_506' title='bbox 197 5858 262 5926; x_wconf 72' lang='grc' dir='ltr'><strong>(Î¹)</strong></span> <span class='ocrx_word' id='word_1_507' title='bbox 280 5858 503 5934; x_wconf 44' lang='lat' dir='ltr'><strong>sumain:</strong></span> <span class='ocrx_word' id='word_1_508' title='bbox 525 5858 598 5925; x_wconf 56' lang='lat' dir='ltr'><strong>iis:</strong></span> 
     </span>
    </p>
   </div>
   <div class='ocr_carea' id='block_1_61' title="bbox 1217 387 2312 452">
    <p class='ocr_par' dir='ltr' id='par_1_61' title="bbox 1217 387 2312 452">
     <span class='ocr_line' id='line_1_61' title="bbox 1217 387 2312 452; baseline 0 -1"><span class='ocrx_word' id='word_1_509' title='bbox 1217 389 1616 451; x_wconf 79' lang='lat' dir='ltr'><strong>ENARRATIO</strong></span> <span class='ocrx_word' id='word_1_510' title='bbox 1651 387 1723 446; x_wconf 83' lang='lat' dir='ltr'><strong>IN</strong></span> <span class='ocrx_word' id='word_1_511' title='bbox 1758 388 2085 450; x_wconf 78' lang='lat' dir='ltr'><strong>PSALMUM</strong></span> <span class='ocrx_word' id='word_1_512' title='bbox 2119 393 2312 452; x_wconf 85' lang='lat' dir='ltr'><strong>XXXI.</strong></span> 
     </span>
    </p>
   </div>
   <div class='ocr_carea' id='block_1_62' title="bbox 3277 409 3387 467">
    <p class='ocr_par' dir='ltr' id='par_1_62' title="bbox 3277 409 3387 467">
     <span class='ocr_line' id='line_1_62' title="bbox 3277 409 3387 467; baseline 0.036 -4"><span class='ocrx_word' id='word_1_513' title='bbox 3277 409 3387 467; x_wconf 62' lang='grc'><strong>274</strong></span> 
     </span>
    </p>
   </div>
   <div class='ocr_carea' id='block_1_63' title="bbox 1792 513 3386 602">
    <p class='ocr_par' dir='ltr' id='par_1_63' title="bbox 1792 513 3386 602">
     <span class='ocr_line' id='line_1_63' title="bbox 1792 513 3386 602; baseline 0.014 -36"><span class='ocrx_word' id='word_1_514' title='bbox 1792 513 2017 569; x_wconf 69' lang='lat' dir='ltr'><strong>adliceret</strong></span> <span class='ocrx_word' id='word_1_515' title='bbox 2050 515 2288 585; x_wconf 90' lang='lat' dir='ltr'><strong>Domino,</strong></span> <span class='ocrx_word' id='word_1_516' title='bbox 2319 537 2449 576; x_wconf 83' lang='lat' dir='ltr'><strong>unus</strong></span> <span class='ocrx_word' id='word_1_517' title='bbox 2473 524 2679 594; x_wconf 81' lang='lat' dir='ltr'><strong>spiritus</strong></span> <span class='ocrx_word' id='word_1_518' title='bbox 2700 534 2776 582; x_wconf 83' lang='lat' dir='ltr'><strong>est</strong></span> <span class='ocrx_word' id='word_1_519' title='bbox 2804 526 2842 600; x_wconf 91' lang='grc'><strong>(1</strong></span> <span class='ocrx_word' id='word_1_520' title='bbox 2865 527 2984 583; x_wconf 87' lang='lat' dir='ltr'><strong>Cor.</strong></span> <span class='ocrx_word' id='word_1_521' title='bbox 3014 544 3089 598; x_wconf 88' lang='lat' dir='ltr'><strong>vt,</strong></span> <span class='ocrx_word' id='word_1_522' title='bbox 3122 528 3235 602; x_wconf 80' lang='lat' dir='ltr'><strong>l7).</strong></span> <span class='ocrx_word' id='word_1_523' title='bbox 3260 529 3386 588; x_wconf 72' lang='lat' dir='ltr'><strong>ideo</strong></span> 
     </span>
    </p>
   </div>
   <div class='ocr_carea' id='block_1_64' title="bbox 1790 607 3353 693">
    <p class='ocr_par' dir='ltr' id='par_1_64' title="bbox 1790 607 3353 693">
     <span class='ocr_line' id='line_1_64' title="bbox 1790 607 3353 693; baseline 0.012 -34"><span class='ocrx_word' id='word_1_524' title='bbox 1790 608 1912 660; x_wconf 85' lang='lat' dir='ltr'><strong>recti</strong></span> <span class='ocrx_word' id='word_1_525' title='bbox 1935 607 2088 663; x_wconf 84' lang='lat' dir='ltr'><strong>corde</strong></span> <span class='ocrx_word' id='word_1_526' title='bbox 2110 609 2400 679; x_wconf 84' lang='lat' dir='ltr'><strong>gloriamini</strong></span> <span class='ocrx_word' id='word_1_527' title='bbox 2427 612 2578 669; x_wconf 78' lang='lat' dir='ltr'><strong>dixit.</strong></span> <span class='ocrx_word' id='word_1_528' title='bbox 2608 616 2885 683; x_wconf 81' lang='lat' dir='ltr'><strong>Quomodo</strong></span> <span class='ocrx_word' id='word_1_529' title='bbox 2916 620 3045 675; x_wconf 88' lang='lat' dir='ltr'><strong>recti</strong></span> <span class='ocrx_word' id='word_1_530' title='bbox 3076 620 3239 677; x_wconf 91' lang='lat' dir='ltr'><strong>corde</strong></span> <span class='ocrx_word' id='word_1_531' title='bbox 3263 624 3353 693; x_wconf 91' lang='lat' dir='ltr'><strong>glo</strong></span> 
     </span>
    </p>
   </div>
   <div class='ocr_carea' id='block_1_65' title="bbox 1790 694 3411 777">
    <p class='ocr_par' dir='ltr' id='par_1_65' title="bbox 1790 694 3411 777">
     <span class='ocr_line' id='line_1_65' title="bbox 1790 694 3411 777; baseline 0.01 -25"><span class='ocrx_word' id='word_1_532' title='bbox 1790 699 2033 754; x_wconf 88' lang='lat' dir='ltr'><strong>riantur?</strong></span> <span class='ocrx_word' id='word_1_533' title='bbox 2068 701 2260 756; x_wconf 83' lang='lat' dir='ltr'><strong>Audite</strong></span> <span class='ocrx_word' id='word_1_534' title='bbox 2308 703 2677 774; x_wconf 88' lang='lat' dir='ltr'><strong>gloriationem</strong></span> <span class='ocrx_word' id='word_1_535' title='bbox 2728 709 2996 777; x_wconf 78' lang='lat' dir='ltr'><strong>ipSurtnu:</strong></span> <span class='ocrx_word' id='word_1_536' title='bbox 3053 708 3172 763; x_wconf 86' lang='lat' dir='ltr'><strong>Non</strong></span> <span class='ocrx_word' id='word_1_537' title='bbox 3216 694 3411 767; x_wconf 23' lang='lat' dir='ltr'><strong>solun.â€˜</strong></span> 
     </span>
    </p>
   </div>
   <div class='ocr_carea' id='block_1_66' title="bbox 1790 792 3383 868">
    <p class='ocr_par' dir='ltr' id='par_1_66' title="bbox 1790 792 3383 868">
     <span class='ocr_line' id='line_1_66' title="bbox 1790 792 3383 868; baseline 0.009 -25"><span class='ocrx_word' id='word_1_538' title='bbox 1790 804 1977 856; x_wconf 87' lang='lat' dir='ltr'><strong>autem,</strong></span> <span class='ocrx_word' id='word_1_539' title='bbox 2004 792 2131 848; x_wconf 85' lang='lat' dir='ltr'><strong>dicit</strong></span> <span class='ocrx_word' id='word_1_540' title='bbox 2158 797 2463 864; x_wconf 82' lang='lat' dir='ltr'><strong>Apostolus,</strong></span> <span class='ocrx_word' id='word_1_541' title='bbox 2491 797 2579 851; x_wconf 84' lang='lat' dir='ltr'><strong>sed</strong></span> <span class='ocrx_word' id='word_1_542' title='bbox 2603 808 2650 851; x_wconf 84' lang='lat' dir='ltr'><strong>et</strong></span> <span class='ocrx_word' id='word_1_543' title='bbox 2670 801 2947 868; x_wconf 84' lang='lat' dir='ltr'><strong>gloriantur</strong></span> <span class='ocrx_word' id='word_1_544' title='bbox 2969 801 3019 854; x_wconf 86' lang='lat' dir='ltr'><strong>in</strong></span> <span class='ocrx_word' id='word_1_545' title='bbox 3042 802 3383 857; x_wconf 50' lang='lat' dir='ltr'><strong>tribulationiv</strong></span> 
     </span>
    </p>
   </div>
   <div class='ocr_carea' id='block_1_67' title="bbox 1790 882 3381 964">
    <p class='ocr_par' dir='ltr' id='par_1_67' title="bbox 1790 882 3381 964">
     <span class='ocr_line' id='line_1_67' title="bbox 1790 882 3381 964; baseline 0.008 -26"><span class='ocrx_word' id='word_1_546' title='bbox 1790 882 1900 940; x_wconf 83' lang='lat' dir='ltr'><strong>bus.</strong></span> <span class='ocrx_word' id='word_1_547' title='bbox 1930 884 2060 939; x_wconf 88' lang='lat' dir='ltr'><strong>Nam</strong></span> <span class='ocrx_word' id='word_1_548' title='bbox 2090 902 2194 941; x_wconf 90' lang='lat' dir='ltr'><strong>non</strong></span> <span class='ocrx_word' id='word_1_549' title='bbox 2217 898 2566 957; x_wconf 86' lang='lat' dir='ltr'><strong>estmagnum</strong></span> <span class='ocrx_word' id='word_1_550' title='bbox 2592 889 2804 959; x_wconf 89' lang='lat' dir='ltr'><strong>gloriari</strong></span> <span class='ocrx_word' id='word_1_551' title='bbox 2835 892 2886 945; x_wconf 92' lang='lat' dir='ltr'><strong>in</strong></span> <span class='ocrx_word' id='word_1_552' title='bbox 2914 891 3135 962; x_wconf 85' lang='lat' dir='ltr'><strong>gaudiis,</strong></span> <span class='ocrx_word' id='word_1_553' title='bbox 3161 893 3381 964; x_wconf 87' lang='lat' dir='ltr'><strong>gloriari</strong></span> 
     </span>
    </p>
   </div>
   <div class='ocr_carea' id='block_1_68' title="bbox 1791 979 3378 1060">
    <p class='ocr_par' dir='ltr' id='par_1_68' title="bbox 1791 979 3378 1060">
     <span class='ocr_line' id='line_1_68' title="bbox 1791 979 3378 1060; baseline 0.007 -27"><span class='ocrx_word' id='word_1_554' title='bbox 1791 979 1843 1033; x_wconf 90' lang='lat' dir='ltr'><strong>in</strong></span> <span class='ocrx_word' id='word_1_555' title='bbox 1871 980 2105 1036; x_wconf 69' lang='lat' dir='ltr'><strong>laetitiis:</strong></span> <span class='ocrx_word' id='word_1_556' title='bbox 2138 992 2315 1036; x_wconf 90' lang='lat' dir='ltr'><strong>rectus</strong></span> <span class='ocrx_word' id='word_1_557' title='bbox 2338 983 2500 1037; x_wconf 87' lang='lat' dir='ltr'><strong>corde</strong></span> <span class='ocrx_word' id='word_1_558' title='bbox 2532 986 2690 1038; x_wconf 89' lang='lat' dir='ltr'><strong>etiam</strong></span> <span class='ocrx_word' id='word_1_559' title='bbox 2725 985 2775 1038; x_wconf 92' lang='lat' dir='ltr'><strong>in</strong></span> <span class='ocrx_word' id='word_1_560' title='bbox 2809 986 3147 1060; x_wconf 68' lang='lat' dir='ltr'><strong>trilmlationc</strong></span> <span class='ocrx_word' id='word_1_561' title='bbox 3176 988 3378 1058; x_wconf 83' lang='lat' dir='ltr'><strong>gloria-</strong></span> 
     </span>
    </p>
   </div>
   <div class='ocr_carea' id='block_1_69' title="bbox 1792 1075 3378 1154">
    <p class='ocr_par' dir='ltr' id='par_1_69' title="bbox 1792 1075 3378 1154">
     <span class='ocr_line' id='line_1_69' title="bbox 1792 1075 3378 1154; baseline 0.006 -26"><span class='ocrx_word' id='word_1_562' title='bbox 1792 1075 1992 1139; x_wconf 50' lang='lat' dir='ltr'><strong>tur,Et</strong></span> <span class='ocrx_word' id='word_1_563' title='bbox 2033 1075 2155 1129; x_wconf 88' lang='lat' dir='ltr'><strong>audi</strong></span> <span class='ocrx_word' id='word_1_564' title='bbox 2185 1075 2452 1145; x_wconf 90' lang='lat' dir='ltr'><strong>quomodo</strong></span> <span class='ocrx_word' id='word_1_565' title='bbox 2474 1078 2732 1148; x_wconf 72' lang='lat' dir='ltr'><strong>gloriatur</strong></span> <span class='ocrx_word' id='word_1_566' title='bbox 2757 1078 2807 1131; x_wconf 91' lang='lat' dir='ltr'><strong>in</strong></span> <span class='ocrx_word' id='word_1_567' title='bbox 2846 1078 3219 1147; x_wconf 87' lang='lat' dir='ltr'><strong>tribulatione;</strong></span> <span class='ocrx_word' id='word_1_568' title='bbox 3253 1084 3378 1154; x_wconf 87' lang='lat' dir='ltr'><strong>quia</strong></span> 
     </span>
    </p>
   </div>
   <div class='ocr_carea' id='block_1_70' title="bbox 1788 1165 3380 1239">
    <p class='ocr_par' dir='ltr' id='par_1_70' title="bbox 1788 1165 3380 1239">
     <span class='ocr_line' id='line_1_70' title="bbox 1788 1165 3380 1239; baseline 0.007 -20"><span class='ocrx_word' id='word_1_569' title='bbox 1788 1180 1895 1220; x_wconf 89' lang='lat' dir='ltr'><strong>non</strong></span> <span class='ocrx_word' id='word_1_570' title='bbox 1925 1165 2117 1222; x_wconf 88' lang='lat' dir='ltr'><strong>frttstra</strong></span> <span class='ocrx_word' id='word_1_571' title='bbox 2156 1168 2467 1239; x_wconf 88' lang='lat' dir='ltr'><strong>quisquam,</strong></span> <span class='ocrx_word' id='word_1_572' title='bbox 2507 1183 2611 1223; x_wconf 90' lang='lat' dir='ltr'><strong>non</strong></span> <span class='ocrx_word' id='word_1_573' title='bbox 2644 1185 3008 1237; x_wconf 87' lang='lat' dir='ltr'><strong>supervacue:</strong></span> <span class='ocrx_word' id='word_1_574' title='bbox 3040 1172 3157 1228; x_wconf 90' lang='lat' dir='ltr'><strong>vide</strong></span> <span class='ocrx_word' id='word_1_575' title='bbox 3175 1182 3380 1230; x_wconf 90' lang='lat' dir='ltr'><strong>rectum</strong></span> 
     </span>
    </p>
   </div>
   <div class='ocr_carea' id='block_1_71' title="bbox 1788 1257 3383 1334">
    <p class='ocr_par' dir='ltr' id='par_1_71' title="bbox 1788 1257 3383 1334">
     <span class='ocr_line' id='line_1_71' title="bbox 1788 1257 3383 1334; baseline 0.004 -22"><span class='ocrx_word' id='word_1_576' title='bbox 1788 1272 1903 1321; x_wconf 86' lang='lat' dir='ltr'><strong>cor,</strong></span> <span class='ocrx_word' id='word_1_577' title='bbox 1938 1257 2183 1325; x_wconf 86' lang='lat' dir='ltr'><strong>Scientes,</strong></span> <span class='ocrx_word' id='word_1_578' title='bbox 2215 1259 2414 1329; x_wconf 88' lang='lat' dir='ltr'><strong>inquit,</strong></span> <span class='ocrx_word' id='word_1_579' title='bbox 2445 1261 2564 1329; x_wconf 83' lang='lat' dir='ltr'><strong>quia</strong></span> <span class='ocrx_word' id='word_1_580' title='bbox 2592 1261 2848 1315; x_wconf 82' lang='lat' dir='ltr'><strong>tribulatio</strong></span> <span class='ocrx_word' id='word_1_581' title='bbox 2879 1262 3172 1331; x_wconf 74' lang='lat' dir='ltr'><strong>patientiam</strong></span> <span class='ocrx_word' id='word_1_582' title='bbox 3202 1281 3383 1334; x_wconf 87' lang='lat' dir='ltr'><strong>opera-</strong></span> 
     </span>
    </p>
   </div>
   <div class='ocr_carea' id='block_1_72' title="bbox 1788 1351 3379 1425">
    <p class='ocr_par' dir='ltr' id='par_1_72' title="bbox 1788 1351 3379 1425">
     <span class='ocr_line' id='line_1_72' title="bbox 1788 1351 3379 1425; baseline 0.005 -24"><span class='ocrx_word' id='word_1_583' title='bbox 1788 1356 1889 1410; x_wconf 87' lang='lat' dir='ltr'><strong>tur,</strong></span> <span class='ocrx_word' id='word_1_584' title='bbox 1920 1351 2160 1419; x_wconf 83' lang='lat' dir='ltr'><strong>patientia</strong></span> <span class='ocrx_word' id='word_1_585' title='bbox 2188 1363 2357 1404; x_wconf 87' lang='lat' dir='ltr'><strong>autem</strong></span> <span class='ocrx_word' id='word_1_586' title='bbox 2393 1353 2754 1421; x_wconf 82' lang='lat' dir='ltr'><strong>probationem,</strong></span> <span class='ocrx_word' id='word_1_587' title='bbox 2804 1354 3034 1423; x_wconf 86' lang='lat' dir='ltr'><strong>probatio</strong></span> <span class='ocrx_word' id='word_1_588' title='bbox 3060 1371 3173 1409; x_wconf 87' lang='lat' dir='ltr'><strong>vero</strong></span> <span class='ocrx_word' id='word_1_589' title='bbox 3193 1371 3333 1425; x_wconf 87' lang='lat' dir='ltr'><strong>spem</strong></span> <span class='ocrx_word' id='word_1_590' title='bbox 3360 1398 3379 1423; x_wconf 92' lang='lat'><strong>,</strong></span> 
     </span>
    </p>
   </div>
   <div class='ocr_carea' id='block_1_73' title="bbox 1787 1445 3382 1518">
    <p class='ocr_par' dir='ltr' id='par_1_73' title="bbox 1787 1445 3382 1518">
     <span class='ocr_line' id='line_1_73' title="bbox 1787 1445 3382 1518; baseline 0.005 -22"><span class='ocrx_word' id='word_1_591' title='bbox 1787 1458 1901 1513; x_wconf 84' lang='lat' dir='ltr'><strong>spes</strong></span> <span class='ocrx_word' id='word_1_592' title='bbox 1928 1452 2093 1497; x_wconf 87' lang='lat' dir='ltr'><strong>autem</strong></span> <span class='ocrx_word' id='word_1_593' title='bbox 2119 1460 2221 1497; x_wconf 91' lang='lat' dir='ltr'><strong>non</strong></span> <span class='ocrx_word' id='word_1_594' title='bbox 2250 1445 2536 1518; x_wconf 75' lang='lat' dir='ltr'><strong>confundit,</strong></span> <span class='ocrx_word' id='word_1_595' title='bbox 2566 1446 2685 1514; x_wconf 82' lang='lat' dir='ltr'><strong>quia</strong></span> <span class='ocrx_word' id='word_1_596' title='bbox 2711 1445 2933 1500; x_wconf 76' lang='lat' dir='ltr'><strong>Charitas</strong></span> <span class='ocrx_word' id='word_1_597' title='bbox 2968 1445 3059 1501; x_wconf 90' lang='lat' dir='ltr'><strong>Dei</strong></span> <span class='ocrx_word' id='word_1_598' title='bbox 3088 1446 3279 1515; x_wconf 74' lang='lat' dir='ltr'><strong>diffusa</strong></span> <span class='ocrx_word' id='word_1_599' title='bbox 3307 1459 3382 1504; x_wconf 81' lang='lat' dir='ltr'><strong>est</strong></span> 
     </span>
    </p>
   </div>
   <div class='ocr_carea' id='block_1_74' title="bbox 1786 1534 3383 1609">
    <p class='ocr_par' dir='ltr' id='par_1_74' title="bbox 1786 1534 3383 1609">
     <span class='ocr_line' id='line_1_74' title="bbox 1786 1534 3383 1609; baseline 0.006 -21"><span class='ocrx_word' id='word_1_600' title='bbox 1786 1534 1838 1588; x_wconf 83' lang='lat' dir='ltr'><strong>in</strong></span> <span class='ocrx_word' id='word_1_601' title='bbox 1866 1534 2099 1588; x_wconf 83' lang='lat' dir='ltr'><strong>cordibus</strong></span> <span class='ocrx_word' id='word_1_602' title='bbox 2126 1536 2311 1589; x_wconf 89' lang='lat' dir='ltr'><strong>nostris</strong></span> <span class='ocrx_word' id='word_1_603' title='bbox 2352 1554 2442 1608; x_wconf 87' lang='lat' dir='ltr'><strong>per</strong></span> <span class='ocrx_word' id='word_1_604' title='bbox 2468 1536 2720 1608; x_wconf 84' lang='lat' dir='ltr'><strong>Spiritum</strong></span> <span class='ocrx_word' id='word_1_605' title='bbox 2757 1549 2989 1593; x_wconf 83' lang='lat' dir='ltr'><strong>sanctum</strong></span> <span class='ocrx_word' id='word_1_606' title='bbox 3019 1540 3104 1609; x_wconf 86' lang='lat' dir='ltr'><strong>qui</strong></span> <span class='ocrx_word' id='word_1_607' title='bbox 3135 1540 3284 1595; x_wconf 85' lang='lat' dir='ltr'><strong>datus</strong></span> <span class='ocrx_word' id='word_1_608' title='bbox 3309 1549 3383 1597; x_wconf 78' lang='lat' dir='ltr'><strong>cst</strong></span> 
     </span>
    </p>
   </div>
   <div class='ocr_carea' id='block_1_75' title="bbox 1788 1627 2375 1701">
    <p class='ocr_par' dir='ltr' id='par_1_75' title="bbox 1788 1627 2375 1701">
     <span class='ocr_line' id='line_1_75' title="bbox 1788 1627 2375 1701; baseline 0.007 -21"><span class='ocrx_word' id='word_1_609' title='bbox 1788 1627 1929 1681; x_wconf 86' lang='lat' dir='ltr'><strong>nobis</strong></span> <span class='ocrx_word' id='word_1_610' title='bbox 1952 1627 2127 1701; x_wconf 81' lang='lat' dir='ltr'><strong>(fiant.</strong></span> <span class='ocrx_word' id='word_1_611' title='bbox 2150 1645 2182 1683; x_wconf 90' lang='lat' dir='ltr'><strong>v</strong></span> <span class='ocrx_word' id='word_1_612' title='bbox 2197 1671 2211 1693; x_wconf 93' lang='lat'><strong>,</strong></span> <span class='ocrx_word' id='word_1_613' title='bbox 2234 1629 2375 1701; x_wconf 78' lang='lat'><strong>5-5).</strong></span> 
     </span>
    </p>
   </div>
   <div class='ocr_carea' id='block_1_76' title="bbox 1855 1717 3371 1797">
    <p class='ocr_par' dir='ltr' id='par_1_76' title="bbox 1855 1717 3371 1797">
     <span class='ocr_line' id='line_1_76' title="bbox 1855 1717 3371 1797; baseline 0.008 -26"><span class='ocrx_word' id='word_1_614' title='bbox 1855 1717 1947 1773; x_wconf 76' lang='lat'><strong>â€˜26.</strong></span> <span class='ocrx_word' id='word_1_615' title='bbox 1987 1719 2074 1774; x_wconf 88' lang='lat' dir='ltr'><strong>Sic</strong></span> <span class='ocrx_word' id='word_1_616' title='bbox 2112 1729 2191 1773; x_wconf 89' lang='lat' dir='ltr'><strong>est</strong></span> <span class='ocrx_word' id='word_1_617' title='bbox 2235 1734 2364 1789; x_wconf 92' lang='lat' dir='ltr'><strong>ergo</strong></span> <span class='ocrx_word' id='word_1_618' title='bbox 2403 1728 2605 1776; x_wconf 90' lang='lat' dir='ltr'><strong>rectum</strong></span> <span class='ocrx_word' id='word_1_619' title='bbox 2631 1735 2761 1786; x_wconf 90' lang='lat' dir='ltr'><strong>cor,</strong></span> <span class='ocrx_word' id='word_1_620' title='bbox 2794 1720 3003 1778; x_wconf 87' lang='lat' dir='ltr'><strong>fratres.</strong></span> <span class='ocrx_word' id='word_1_621' title='bbox 3034 1723 3371 1797; x_wconf 85' lang='lat' dir='ltr'><strong>Cuicumque</strong></span> 
     </span>
    </p>
   </div>
   <div class='ocr_carea' id='block_1_77' title="bbox 1784 1811 3381 1883">
    <p class='ocr_par' dir='ltr' id='par_1_77' title="bbox 1784 1811 3381 1883">
     <span class='ocr_line' id='line_1_77' title="bbox 1784 1811 3381 1883; baseline 0.006 -18"><span class='ocrx_word' id='word_1_622' title='bbox 1784 1812 1980 1883; x_wconf 87' lang='lat' dir='ltr'><strong>aliquid</strong></span> <span class='ocrx_word' id='word_1_623' title='bbox 2020 1811 2231 1879; x_wconf 91' lang='lat' dir='ltr'><strong>accidit,</strong></span> <span class='ocrx_word' id='word_1_624' title='bbox 2261 1812 2443 1868; x_wconf 80' lang='lat' dir='ltr'><strong>dicat:</strong></span> <span class='ocrx_word' id='word_1_625' title='bbox 2495 1814 2747 1870; x_wconf 92' lang='lat' dir='ltr'><strong>Dominus</strong></span> <span class='ocrx_word' id='word_1_626' title='bbox 2772 1815 2938 1881; x_wconf 90' lang='lat' dir='ltr'><strong>dedit,</strong></span> <span class='ocrx_word' id='word_1_627' title='bbox 2960 1816 3218 1873; x_wconf 89' lang='lat' dir='ltr'><strong>Dominus</strong></span> <span class='ocrx_word' id='word_1_628' title='bbox 3256 1820 3381 1875; x_wconf 85' lang='lat' dir='ltr'><strong>abs-</strong></span> 
     </span>
    </p>
   </div>
   <div class='ocr_carea' id='block_1_78' title="bbox 1787 1904 3379 1977">
    <p class='ocr_par' dir='ltr' id='par_1_78' title="bbox 1787 1904 3379 1977">
     <span class='ocr_line' id='line_1_78' title="bbox 1787 1904 3379 1977; baseline 0.006 -21"><span class='ocrx_word' id='word_1_629' title='bbox 1787 1904 1925 1958; x_wconf 90' lang='lat' dir='ltr'><strong>tulit.</strong></span> <span class='ocrx_word' id='word_1_630' title='bbox 1962 1904 2098 1959; x_wconf 84' lang='lat' dir='ltr'><strong>Ecce</strong></span> <span class='ocrx_word' id='word_1_631' title='bbox 2142 1913 2343 1959; x_wconf 89' lang='lat' dir='ltr'><strong>rectum</strong></span> <span class='ocrx_word' id='word_1_632' title='bbox 2379 1920 2473 1959; x_wconf 91' lang='lat' dir='ltr'><strong>cor</strong></span> <span class='ocrx_word' id='word_1_633' title='bbox 2518 1923 2532 1958; x_wconf 91' lang='lat'><strong>:</strong></span> <span class='ocrx_word' id='word_1_634' title='bbox 2575 1904 2723 1961; x_wconf 85' lang='lat' dir='ltr'><strong>Sicut</strong></span> <span class='ocrx_word' id='word_1_635' title='bbox 2764 1906 2992 1960; x_wconf 92' lang='lat' dir='ltr'><strong>Domino</strong></span> <span class='ocrx_word' id='word_1_636' title='bbox 3038 1908 3253 1977; x_wconf 90' lang='lat' dir='ltr'><strong>placuit,</strong></span> <span class='ocrx_word' id='word_1_637' title='bbox 3303 1911 3379 1966; x_wconf 86' lang='lat' dir='ltr'><strong>ita</strong></span> 
     </span>
    </p>
   </div>
   <div class='ocr_carea' id='block_1_79' title="bbox 1785 1994 3377 2073">
    <p class='ocr_par' dir='ltr' id='par_1_79' title="bbox 1785 1994 3377 2073">
     <span class='ocr_line' id='line_1_79' title="bbox 1785 1994 3377 2073; baseline 0.004 -26"><span class='ocrx_word' id='word_1_638' title='bbox 1785 1994 1980 2049; x_wconf 85' lang='lat' dir='ltr'><strong>facunn</strong></span> <span class='ocrx_word' id='word_1_639' title='bbox 2030 2002 2113 2049; x_wconf 91' lang='lat' dir='ltr'><strong>est</strong></span> <span class='ocrx_word' id='word_1_640' title='bbox 2155 2010 2169 2048; x_wconf 93' lang='lat'><strong>:</strong></span> <span class='ocrx_word' id='word_1_641' title='bbox 2211 1995 2279 2049; x_wconf 91' lang='lat' dir='ltr'><strong>sit</strong></span> <span class='ocrx_word' id='word_1_642' title='bbox 2330 2010 2523 2051; x_wconf 90' lang='lat' dir='ltr'><strong>nomen</strong></span> <span class='ocrx_word' id='word_1_643' title='bbox 2572 1996 2777 2050; x_wconf 91' lang='lat' dir='ltr'><strong>Domini</strong></span> <span class='ocrx_word' id='word_1_644' title='bbox 2837 1996 3178 2054; x_wconf 85' lang='lat' dir='ltr'><strong>benedictum</strong></span> <span class='ocrx_word' id='word_1_645' title='bbox 3228 1997 3377 2073; x_wconf 80' lang='lat' dir='ltr'><strong>(Job</strong></span> 
     </span>
    </p>
   </div>
   <div class='ocr_carea' id='block_1_80' title="bbox 1784 2086 3378 2159">
    <p class='ocr_par' dir='ltr' id='par_1_80' title="bbox 1784 2086 3378 2159">
     <span class='ocr_line' id='line_1_80' title="bbox 1784 2086 3378 2159; baseline 0.003 -17"><span class='ocrx_word' id='word_1_646' title='bbox 1784 2102 1829 2151; x_wconf 83' lang='grc' dir='ltr'>Î¹,</span> <span class='ocrx_word' id='word_1_647' title='bbox 1875 2086 1985 2159; x_wconf 73' lang='lat'><strong>2|).</strong></span> <span class='ocrx_word' id='word_1_648' title='bbox 2043 2087 2174 2156; x_wconf 84' lang='lat' dir='ltr'><strong>Quis</strong></span> <span class='ocrx_word' id='word_1_649' title='bbox 2220 2088 2477 2142; x_wconf 83' lang='lat' dir='ltr'><strong>abstulit?</strong></span> <span class='ocrx_word' id='word_1_650' title='bbox 2524 2088 2649 2158; x_wconf 90' lang='lat' dir='ltr'><strong>qttid</strong></span> <span class='ocrx_word' id='word_1_651' title='bbox 2697 2089 2947 2143; x_wconf 78' lang='lat' dir='ltr'><strong>abstulit?</strong></span> <span class='ocrx_word' id='word_1_652' title='bbox 2988 2092 3073 2144; x_wconf 92' lang='lat' dir='ltr'><strong>cui</strong></span> <span class='ocrx_word' id='word_1_653' title='bbox 3117 2091 3378 2148; x_wconf 79' lang='lat' dir='ltr'><strong>abstulit?</strong></span> 
     </span>
    </p>
   </div>
   <div class='ocr_carea' id='block_1_81' title="bbox 1782 2179 3378 2250">
    <p class='ocr_par' dir='ltr' id='par_1_81' title="bbox 1782 2179 3378 2250">
     <span class='ocr_line' id='line_1_81' title="bbox 1782 2179 3378 2250; baseline 0.003 -17"><span class='ocrx_word' id='word_1_654' title='bbox 1782 2179 1995 2250; x_wconf 89' lang='lat' dir='ltr'><strong>quando</strong></span> <span class='ocrx_word' id='word_1_655' title='bbox 2054 2179 2315 2234; x_wconf 79' lang='lat' dir='ltr'><strong>abstulit?</strong></span> <span class='ocrx_word' id='word_1_656' title='bbox 2372 2179 2451 2234; x_wconf 89' lang='lat' dir='ltr'><strong>Sit</strong></span> <span class='ocrx_word' id='word_1_657' title='bbox 2494 2195 2688 2234; x_wconf 82' lang='lat' dir='ltr'><strong>nomen</strong></span> <span class='ocrx_word' id='word_1_658' title='bbox 2748 2179 2959 2235; x_wconf 83' lang='lat' dir='ltr'><strong>Domini</strong></span> <span class='ocrx_word' id='word_1_659' title='bbox 3017 2180 3378 2238; x_wconf 87' lang='lat' dir='ltr'><strong>benedictum.</strong></span> 
     </span>
    </p>
   </div>
   <div class='ocr_carea' id='block_1_82' title="bbox 1784 2271 3379 2339">
    <p class='ocr_par' dir='ltr' id='par_1_82' title="bbox 1784 2271 3379 2339">
     <span class='ocr_line' id='line_1_82' title="bbox 1784 2271 3379 2339; baseline 0.001 -11"><span class='ocrx_word' id='word_1_660' title='bbox 1784 2272 1853 2328; x_wconf 85' lang='lat' dir='ltr'><strong>Et</strong></span> <span class='ocrx_word' id='word_1_661' title='bbox 1905 2288 2007 2328; x_wconf 91' lang='lat' dir='ltr'><strong>non</strong></span> <span class='ocrx_word' id='word_1_662' title='bbox 2062 2272 2237 2335; x_wconf 84' lang='lat' dir='ltr'><strong>dixit,</strong></span> <span class='ocrx_word' id='word_1_663' title='bbox 2299 2272 2551 2327; x_wconf 89' lang='lat' dir='ltr'><strong>Dominus</strong></span> <span class='ocrx_word' id='word_1_664' title='bbox 2603 2271 2783 2339; x_wconf 91' lang='lat' dir='ltr'><strong>dedit,</strong></span> <span class='ocrx_word' id='word_1_665' title='bbox 2837 2272 3086 2328; x_wconf 88' lang='lat' dir='ltr'><strong>diabolus</strong></span> <span class='ocrx_word' id='word_1_666' title='bbox 3140 2274 3379 2331; x_wconf 87' lang='lat' dir='ltr'><strong>abstulit.</strong></span> 
     </span>
    </p>
   </div>
   <div class='ocr_carea' id='block_1_83' title="bbox 1786 2362 3380 2434">
    <p class='ocr_par' dir='ltr' id='par_1_83' title="bbox 1786 2362 3380 2434">
     <span class='ocr_line' id='line_1_83' title="bbox 1786 2362 3380 2434; baseline 0 -13"><span class='ocrx_word' id='word_1_667' title='bbox 1786 2365 2030 2422; x_wconf 89' lang='lat' dir='ltr'><strong>lntendat</strong></span> <span class='ocrx_word' id='word_1_668' title='bbox 2050 2380 2178 2434; x_wconf 86' lang='lat' dir='ltr'><strong>ergo</strong></span> <span class='ocrx_word' id='word_1_669' title='bbox 2209 2363 2455 2419; x_wconf 84' lang='lat' dir='ltr'><strong>Charitas</strong></span> <span class='ocrx_word' id='word_1_670' title='bbox 2480 2363 2694 2430; x_wconf 76' lang='lat' dir='ltr'><strong>Vestra,</strong></span> <span class='ocrx_word' id='word_1_671' title='bbox 2728 2379 2794 2417; x_wconf 89' lang='lat' dir='ltr'><strong>ne</strong></span> <span class='ocrx_word' id='word_1_672' title='bbox 2826 2362 2960 2419; x_wconf 88' lang='lat' dir='ltr'><strong>forte</strong></span> <span class='ocrx_word' id='word_1_673' title='bbox 2988 2364 3218 2420; x_wconf 88' lang='lat' dir='ltr'><strong>dicatis:</strong></span> <span class='ocrx_word' id='word_1_674' title='bbox 3253 2366 3380 2421; x_wconf 70' lang='lat' dir='ltr'><strong>llaec</strong></span> 
     </span>
    </p>
   </div>
   <div class='ocr_carea' id='block_1_84' title="bbox 1784 2454 3378 2513">
    <p class='ocr_par' dir='ltr' id='par_1_84' title="bbox 1784 2454 3378 2513">
     <span class='ocr_line' id='line_1_84' title="bbox 1784 2454 3378 2513; baseline -0.001 -1"><span class='ocrx_word' id='word_1_675' title='bbox 1784 2457 1915 2513; x_wconf 88' lang='lat' dir='ltr'><strong>mihi</strong></span> <span class='ocrx_word' id='word_1_676' title='bbox 1941 2457 2185 2511; x_wconf 88' lang='lat' dir='ltr'><strong>diabolus</strong></span> <span class='ocrx_word' id='word_1_677' title='bbox 2211 2456 2355 2511; x_wconf 88' lang='lat' dir='ltr'><strong>fecit.</strong></span> <span class='ocrx_word' id='word_1_678' title='bbox 2389 2455 2617 2510; x_wconf 88' lang='lat' dir='ltr'><strong>Prorsus</strong></span> <span class='ocrx_word' id='word_1_679' title='bbox 2644 2455 2709 2509; x_wconf 88' lang='lat' dir='ltr'><strong>ad</strong></span> <span class='ocrx_word' id='word_1_680' title='bbox 2738 2455 2905 2510; x_wconf 89' lang='lat' dir='ltr'><strong>Deum</strong></span> <span class='ocrx_word' id='word_1_681' title='bbox 2937 2465 3082 2510; x_wconf 90' lang='lat' dir='ltr'><strong>tuum</strong></span> <span class='ocrx_word' id='word_1_682' title='bbox 3111 2454 3253 2511; x_wconf 87' lang='lat' dir='ltr'><strong>refer</strong></span> <span class='ocrx_word' id='word_1_683' title='bbox 3278 2454 3378 2510; x_wconf 83' lang='lat' dir='ltr'><strong>fla-</strong></span> 
     </span>
    </p>
   </div>
   <div class='ocr_carea' id='block_1_85' title="bbox 1783 2548 3379 2622">
    <p class='ocr_par' dir='ltr' id='par_1_85' title="bbox 1783 2548 3379 2622">
     <span class='ocr_line' id='line_1_85' title="bbox 1783 2548 3379 2622; baseline 0.001 -19"><span class='ocrx_word' id='word_1_684' title='bbox 1783 2552 1978 2622; x_wconf 86' lang='lat' dir='ltr'><strong>gellum</strong></span> <span class='ocrx_word' id='word_1_685' title='bbox 2008 2559 2176 2615; x_wconf 87' lang='lat' dir='ltr'><strong>ttttnn,</strong></span> <span class='ocrx_word' id='word_1_686' title='bbox 2202 2550 2322 2619; x_wconf 88' lang='lat' dir='ltr'><strong>quia</strong></span> <span class='ocrx_word' id='word_1_687' title='bbox 2348 2564 2446 2604; x_wconf 88' lang='lat' dir='ltr'><strong>nec</strong></span> <span class='ocrx_word' id='word_1_688' title='bbox 2470 2548 2716 2603; x_wconf 88' lang='lat' dir='ltr'><strong>diabolus</strong></span> <span class='ocrx_word' id='word_1_689' title='bbox 2750 2550 2844 2602; x_wconf 90' lang='lat' dir='ltr'><strong>tibi</strong></span> <span class='ocrx_word' id='word_1_690' title='bbox 2874 2550 3073 2615; x_wconf 77' lang='lat' dir='ltr'><strong>aliquid</strong></span> <span class='ocrx_word' id='word_1_691' title='bbox 3102 2549 3246 2615; x_wconf 88' lang='lat' dir='ltr'><strong>facit,</strong></span> <span class='ocrx_word' id='word_1_692' title='bbox 3273 2549 3379 2605; x_wconf 86' lang='lat' dir='ltr'><strong>nisi</strong></span> 
     </span>
    </p>
   </div>
   <div class='ocr_carea' id='block_1_86' title="bbox 1784 2640 3383 2711">
    <p class='ocr_par' dir='ltr' id='par_1_86' title="bbox 1784 2640 3383 2711">
     <span class='ocr_line' id='line_1_86' title="bbox 1784 2640 3383 2711; baseline 0 -13"><span class='ocrx_word' id='word_1_693' title='bbox 1784 2643 1876 2698; x_wconf 92' lang='lat' dir='ltr'><strong>ille</strong></span> <span class='ocrx_word' id='word_1_694' title='bbox 1921 2643 2189 2711; x_wconf 89' lang='lat' dir='ltr'><strong>permittat</strong></span> <span class='ocrx_word' id='word_1_695' title='bbox 2228 2642 2318 2711; x_wconf 92' lang='lat' dir='ltr'><strong>qui</strong></span> <span class='ocrx_word' id='word_1_696' title='bbox 2345 2641 2572 2711; x_wconf 85' lang='lat' dir='ltr'><strong>desuper</strong></span> <span class='ocrx_word' id='word_1_697' title='bbox 2599 2640 2759 2696; x_wconf 84' lang='lat' dir='ltr'><strong>habet</strong></span> <span class='ocrx_word' id='word_1_698' title='bbox 2788 2651 3147 2711; x_wconf 88' lang='lat' dir='ltr'><strong>potestatem,</strong></span> <span class='ocrx_word' id='word_1_699' title='bbox 3192 2649 3283 2696; x_wconf 90' lang='lat' dir='ltr'><strong>aut</strong></span> <span class='ocrx_word' id='word_1_700' title='bbox 3311 2642 3383 2698; x_wconf 90' lang='lat' dir='ltr'><strong>ad</strong></span> 
     </span>
    </p>
   </div>
   <div class='ocr_carea' id='block_1_87' title="bbox 1783 2733 3379 2805">
    <p class='ocr_par' dir='ltr' id='par_1_87' title="bbox 1783 2733 3379 2805">
     <span class='ocr_line' id='line_1_87' title="bbox 1783 2733 3379 2805; baseline 0 -16"><span class='ocrx_word' id='word_1_701' title='bbox 1783 2750 2019 2805; x_wconf 67' lang='lat' dir='ltr'><strong>poenam,</strong></span> <span class='ocrx_word' id='word_1_702' title='bbox 2048 2744 2138 2788; x_wconf 90' lang='lat' dir='ltr'><strong>aut</strong></span> <span class='ocrx_word' id='word_1_703' title='bbox 2162 2733 2228 2787; x_wconf 90' lang='lat' dir='ltr'><strong>ad</strong></span> <span class='ocrx_word' id='word_1_704' title='bbox 2255 2734 2588 2803; x_wconf 81' lang='lat' dir='ltr'><strong>disciplinam</strong></span> <span class='ocrx_word' id='word_1_705' title='bbox 2622 2752 2634 2786; x_wconf 92' lang='lat'><strong>:</strong></span> <span class='ocrx_word' id='word_1_706' title='bbox 2664 2733 2729 2788; x_wconf 91' lang='lat' dir='ltr'><strong>ad</strong></span> <span class='ocrx_word' id='word_1_707' title='bbox 2761 2749 2971 2804; x_wconf 69' lang='lat' dir='ltr'><strong>pteuam</strong></span> <span class='ocrx_word' id='word_1_708' title='bbox 2996 2734 3163 2802; x_wconf 89' lang='lat' dir='ltr'><strong>impii,</strong></span> <span class='ocrx_word' id='word_1_709' title='bbox 3197 2735 3263 2790; x_wconf 88' lang='lat' dir='ltr'><strong>ad</strong></span> <span class='ocrx_word' id='word_1_710' title='bbox 3290 2735 3379 2791; x_wconf 90' lang='lat' dir='ltr'><strong>di-</strong></span> 
     </span>
    </p>
   </div>
   <div class='ocr_carea' id='block_1_88' title="bbox 1783 2824 3381 2896">
    <p class='ocr_par' dir='ltr' id='par_1_88' title="bbox 1783 2824 3381 2896">
     <span class='ocr_line' id='line_1_88' title="bbox 1783 2824 3381 2896; baseline 0.002 -17"><span class='ocrx_word' id='word_1_711' title='bbox 1783 2826 2061 2894; x_wconf 87' lang='lat' dir='ltr'><strong>sciplinam</strong></span> <span class='ocrx_word' id='word_1_712' title='bbox 2097 2825 2207 2878; x_wconf 87' lang='lat' dir='ltr'><strong>filii.</strong></span> <span class='ocrx_word' id='word_1_713' title='bbox 2255 2824 2510 2894; x_wconf 86' lang='lat' dir='ltr'><strong>Flagellat</strong></span> <span class='ocrx_word' id='word_1_714' title='bbox 2551 2836 2728 2879; x_wconf 89' lang='lat' dir='ltr'><strong>autem</strong></span> <span class='ocrx_word' id='word_1_715' title='bbox 2760 2840 2975 2880; x_wconf 88' lang='lat' dir='ltr'><strong>omnem</strong></span> <span class='ocrx_word' id='word_1_716' title='bbox 3022 2825 3186 2879; x_wconf 86' lang='lat' dir='ltr'><strong>filium</strong></span> <span class='ocrx_word' id='word_1_717' title='bbox 3216 2841 3381 2896; x_wconf 90' lang='lat' dir='ltr'><strong>quem</strong></span> 
     </span>
    </p>
   </div>
   <div class='ocr_carea' id='block_1_89' title="bbox 1784 2913 3379 2986">
    <p class='ocr_par' dir='ltr' id='par_1_89' title="bbox 1784 2913 3379 2986">
     <span class='ocr_line' id='line_1_89' title="bbox 1784 2913 3379 2986; baseline 0 -15"><span class='ocrx_word' id='word_1_718' title='bbox 1784 2917 1971 2984; x_wconf 88' lang='lat' dir='ltr'><strong>recipit</strong></span> <span class='ocrx_word' id='word_1_719' title='bbox 2004 2914 2158 2986; x_wconf 84' lang='lat' dir='ltr'><strong>(Heb.</strong></span> <span class='ocrx_word' id='word_1_720' title='bbox 2191 2931 2287 2981; x_wconf 80' lang='lat' dir='ltr'><strong>xu,</strong></span> <span class='ocrx_word' id='word_1_721' title='bbox 2319 2913 2395 2985; x_wconf 87' lang='lat'><strong>6).</strong></span> <span class='ocrx_word' id='word_1_722' title='bbox 2419 2914 2528 2969; x_wconf 85' lang='lat' dir='ltr'><strong>Nec</strong></span> <span class='ocrx_word' id='word_1_723' title='bbox 2557 2924 2608 2969; x_wconf 88' lang='lat' dir='ltr'><strong>te</strong></span> <span class='ocrx_word' id='word_1_724' title='bbox 2632 2915 2747 2968; x_wconf 91' lang='lat' dir='ltr'><strong>sine</strong></span> <span class='ocrx_word' id='word_1_725' title='bbox 2779 2914 2991 2983; x_wconf 84' lang='lat' dir='ltr'><strong>ï¬‚agello</strong></span> <span class='ocrx_word' id='word_1_726' title='bbox 3019 2930 3205 2986; x_wconf 84' lang='lat' dir='ltr'><strong>speres</strong></span> <span class='ocrx_word' id='word_1_727' title='bbox 3232 2916 3379 2971; x_wconf 88' lang='lat' dir='ltr'><strong>futu-</strong></span> 
     </span>
    </p>
   </div>
   <div class='ocr_carea' id='block_1_90' title="bbox 1783 3005 3380 3077">
    <p class='ocr_par' dir='ltr' id='par_1_90' title="bbox 1783 3005 3380 3077">
     <span class='ocr_line' id='line_1_90' title="bbox 1783 3005 3380 3077; baseline -0.001 -14"><span class='ocrx_word' id='word_1_728' title='bbox 1783 3025 1921 3073; x_wconf 88' lang='lat' dir='ltr'><strong>rmn,</strong></span> <span class='ocrx_word' id='word_1_729' title='bbox 1956 3007 2053 3061; x_wconf 90' lang='lat' dir='ltr'><strong>nisi</strong></span> <span class='ocrx_word' id='word_1_730' title='bbox 2093 3010 2224 3061; x_wconf 85' lang='lat' dir='ltr'><strong>forte</strong></span> <span class='ocrx_word' id='word_1_731' title='bbox 2254 3008 2455 3077; x_wconf 88' lang='lat' dir='ltr'><strong>cogitas</strong></span> <span class='ocrx_word' id='word_1_732' title='bbox 2484 3005 2834 3061; x_wconf 77' lang='lat' dir='ltr'><strong>exhaeredari.</strong></span> <span class='ocrx_word' id='word_1_733' title='bbox 2885 3006 3380 3077; x_wconf 81' lang='lat' dir='ltr'><strong>Flagellatomnem</strong></span> 
     </span>
    </p>
   </div>
   <div class='ocr_carea' id='block_1_91' title="bbox 1784 3098 3380 3171">
    <p class='ocr_par' dir='ltr' id='par_1_91' title="bbox 1784 3098 3380 3171">
     <span class='ocr_line' id='line_1_91' title="bbox 1784 3098 3380 3171; baseline 0 -15"><span class='ocrx_word' id='word_1_734' title='bbox 1784 3100 1947 3156; x_wconf 86' lang='lat' dir='ltr'><strong>filium</strong></span> <span class='ocrx_word' id='word_1_735' title='bbox 1990 3117 2149 3171; x_wconf 79' lang='lat' dir='ltr'><strong>quem</strong></span> <span class='ocrx_word' id='word_1_736' title='bbox 2202 3100 2409 3170; x_wconf 80' lang='lat' dir='ltr'><strong>recipit.</strong></span> <span class='ocrx_word' id='word_1_737' title='bbox 2452 3100 2599 3154; x_wconf 90' lang='lat' dir='ltr'><strong>ltaue</strong></span> <span class='ocrx_word' id='word_1_738' title='bbox 2637 3098 2890 3153; x_wconf 87' lang='lat' dir='ltr'><strong>omnem?</strong></span> <span class='ocrx_word' id='word_1_739' title='bbox 2931 3098 3030 3155; x_wconf 92' lang='lat' dir='ltr'><strong>Ubi</strong></span> <span class='ocrx_word' id='word_1_740' title='bbox 3079 3108 3129 3154; x_wconf 88' lang='lat' dir='ltr'><strong>te</strong></span> <span class='ocrx_word' id='word_1_741' title='bbox 3160 3100 3380 3156; x_wconf 86' lang='lat' dir='ltr'><strong>volebas</strong></span> 
     </span>
    </p>
   </div>
   <div class='ocr_carea' id='block_1_92' title="bbox 1783 3190 3382 3261">
    <p class='ocr_par' dir='ltr' id='par_1_92' title="bbox 1783 3190 3382 3261">
     <span class='ocr_line' id='line_1_92' title="bbox 1783 3190 3382 3261; baseline 0.001 -14"><span class='ocrx_word' id='word_1_742' title='bbox 1783 3194 2148 3249; x_wconf 73' lang='lat' dir='ltr'><strong>abscmndere?</strong></span> <span class='ocrx_word' id='word_1_743' title='bbox 2180 3191 2403 3247; x_wconf 88' lang='lat' dir='ltr'><strong>Omnem</strong></span> <span class='ocrx_word' id='word_1_744' title='bbox 2435 3211 2447 3245; x_wconf 90' lang='lat'><strong>:</strong></span> <span class='ocrx_word' id='word_1_745' title='bbox 2482 3202 2535 3247; x_wconf 91' lang='lat' dir='ltr'><strong>et</strong></span> <span class='ocrx_word' id='word_1_746' title='bbox 2563 3190 2740 3246; x_wconf 88' lang='lat' dir='ltr'><strong>nulhts</strong></span> <span class='ocrx_word' id='word_1_747' title='bbox 2761 3198 3037 3261; x_wconf 69' lang='lat' dir='ltr'><strong>exceptus,</strong></span> <span class='ocrx_word' id='word_1_748' title='bbox 3066 3192 3242 3247; x_wconf 90' lang='lat' dir='ltr'><strong>nullus</strong></span> <span class='ocrx_word' id='word_1_749' title='bbox 3262 3193 3382 3248; x_wconf 84' lang='lat' dir='ltr'><strong>sine</strong></span> 
     </span>
    </p>
   </div>
   <div class='ocr_carea' id='block_1_93' title="bbox 1783 3282 3379 3356">
    <p class='ocr_par' dir='ltr' id='par_1_93' title="bbox 1783 3282 3379 3356">
     <span class='ocr_line' id='line_1_93' title="bbox 1783 3282 3379 3356; baseline -0.001 -16"><span class='ocrx_word' id='word_1_750' title='bbox 1783 3284 1993 3356; x_wconf 80' lang='lat' dir='ltr'><strong>flagello</strong></span> <span class='ocrx_word' id='word_1_751' title='bbox 2040 3286 2158 3340; x_wconf 88' lang='lat' dir='ltr'><strong>erit.</strong></span> <span class='ocrx_word' id='word_1_752' title='bbox 2209 3284 2387 3351; x_wconf 86' lang='lat' dir='ltr'><strong>Quid?</strong></span> <span class='ocrx_word' id='word_1_753' title='bbox 2430 3282 2493 3337; x_wconf 87' lang='lat' dir='ltr'><strong>ad</strong></span> <span class='ocrx_word' id='word_1_754' title='bbox 2540 3283 2795 3339; x_wconf 88' lang='lat' dir='ltr'><strong>omnem?</strong></span> <span class='ocrx_word' id='word_1_755' title='bbox 2853 3283 2942 3337; x_wconf 82' lang='lat' dir='ltr'><strong>V&#39;is</strong></span> <span class='ocrx_word' id='word_1_756' title='bbox 2985 3284 3170 3339; x_wconf 88' lang='lat' dir='ltr'><strong>audire</strong></span> <span class='ocrx_word' id='word_1_757' title='bbox 3217 3300 3379 3354; x_wconf 88' lang='lat' dir='ltr'><strong>quam</strong></span> 
     </span>
    </p>
   </div>
   <div class='ocr_carea' id='block_1_94' title="bbox 1784 3376 3380 3445">
    <p class='ocr_par' dir='ltr' id='par_1_94' title="bbox 1784 3376 3380 3445">
     <span class='ocr_line' id='line_1_94' title="bbox 1784 3376 3380 3445; baseline 0.001 -15"><span class='ocrx_word' id='word_1_758' title='bbox 1784 3377 2036 3431; x_wconf 88' lang='lat' dir='ltr'><strong>omnem?</strong></span> <span class='ocrx_word' id='word_1_759' title='bbox 2071 3377 2241 3431; x_wconf 77' lang='lat' dir='ltr'><strong>Etiam</strong></span> <span class='ocrx_word' id='word_1_760' title='bbox 2273 3376 2466 3431; x_wconf 88' lang='lat' dir='ltr'><strong>Unicus</strong></span> <span class='ocrx_word' id='word_1_761' title='bbox 2490 3376 2606 3430; x_wconf 88' lang='lat' dir='ltr'><strong>sine</strong></span> <span class='ocrx_word' id='word_1_762' title='bbox 2637 3384 2873 3445; x_wconf 84' lang='lat' dir='ltr'><strong>peccato,</strong></span> <span class='ocrx_word' id='word_1_763' title='bbox 2903 3391 3008 3431; x_wconf 91' lang='lat' dir='ltr'><strong>non</strong></span> <span class='ocrx_word' id='word_1_764' title='bbox 3052 3386 3229 3431; x_wconf 91' lang='lat' dir='ltr'><strong>tamen</strong></span> <span class='ocrx_word' id='word_1_765' title='bbox 3261 3378 3380 3432; x_wconf 88' lang='lat' dir='ltr'><strong>sine</strong></span> 
     </span>
    </p>
   </div>
   <div class='ocr_carea' id='block_1_95' title="bbox 1786 3470 3378 3541">
    <p class='ocr_par' dir='ltr' id='par_1_95' title="bbox 1786 3470 3378 3541">
     <span class='ocr_line' id='line_1_95' title="bbox 1786 3470 3378 3541; baseline -0.001 -15"><span class='ocrx_word' id='word_1_766' title='bbox 1786 3470 2010 3541; x_wconf 86' lang='lat' dir='ltr'><strong>flagello.</strong></span> <span class='ocrx_word' id='word_1_767' title='bbox 2041 3471 2189 3528; x_wconf 90' lang='lat' dir='ltr'><strong>Unde</strong></span> <span class='ocrx_word' id='word_1_768' title='bbox 2218 3473 2331 3541; x_wconf 87' lang='lat' dir='ltr'><strong>ipse</strong></span> <span class='ocrx_word' id='word_1_769' title='bbox 2359 3470 2555 3527; x_wconf 89' lang='lat' dir='ltr'><strong>Unicus</strong></span> <span class='ocrx_word' id='word_1_770' title='bbox 2575 3480 2789 3540; x_wconf 82' lang='lat' dir='ltr'><strong>portans</strong></span> <span class='ocrx_word' id='word_1_771' title='bbox 2813 3470 3177 3525; x_wconf 86' lang='lat' dir='ltr'><strong>infirmitatem</strong></span> <span class='ocrx_word' id='word_1_772' title='bbox 3208 3484 3378 3540; x_wconf 88' lang='lat' dir='ltr'><strong>tuam,</strong></span> 
     </span>
    </p>
   </div>
   <div class='ocr_carea' id='block_1_96' title="bbox 1786 3564 3382 3634">
    <p class='ocr_par' dir='ltr' id='par_1_96' title="bbox 1786 3564 3382 3634">
     <span class='ocr_line' id='line_1_96' title="bbox 1786 3564 3382 3634; baseline 0.001 -16"><span class='ocrx_word' id='word_1_773' title='bbox 1786 3574 1839 3618; x_wconf 88' lang='lat' dir='ltr'><strong>et</strong></span> <span class='ocrx_word' id='word_1_774' title='bbox 1872 3564 2211 3633; x_wconf 65' lang='lat' dir='ltr'><strong>pra&#39;figurans</strong></span> <span class='ocrx_word' id='word_1_775' title='bbox 2242 3564 2291 3616; x_wconf 93' lang='lat' dir='ltr'><strong>in</strong></span> <span class='ocrx_word' id='word_1_776' title='bbox 2323 3578 2380 3617; x_wconf 86' lang='lat' dir='ltr'><strong>se.</strong></span> <span class='ocrx_word' id='word_1_777' title='bbox 2419 3578 2701 3631; x_wconf 88' lang='lat' dir='ltr'><strong>personam</strong></span> <span class='ocrx_word' id='word_1_778' title='bbox 2735 3574 2911 3630; x_wconf 88' lang='lat' dir='ltr'><strong>tuam,</strong></span> <span class='ocrx_word' id='word_1_779' title='bbox 2945 3571 3193 3634; x_wconf 80' lang='lat' dir='ltr'><strong>tanquam</strong></span> <span class='ocrx_word' id='word_1_780' title='bbox 3220 3574 3382 3634; x_wconf 85' lang='lat' dir='ltr'><strong>caput</strong></span> 
     </span>
    </p>
   </div>
   <div class='ocr_carea' id='block_1_97' title="bbox 1784 3656 3380 3727">
    <p class='ocr_par' dir='ltr' id='par_1_97' title="bbox 1784 3656 3380 3727">
     <span class='ocr_line' id='line_1_97' title="bbox 1784 3656 3380 3727; baseline -0.001 -16"><span class='ocrx_word' id='word_1_781' title='bbox 1784 3667 2001 3726; x_wconf 51' lang='lat' dir='ltr'><strong>gestans</strong></span> <span class='ocrx_word' id='word_1_782' title='bbox 2027 3670 2305 3724; x_wconf 80' lang='lat' dir='ltr'><strong>persmtam</strong></span> <span class='ocrx_word' id='word_1_783' title='bbox 2333 3656 2489 3710; x_wconf 89' lang='lat' dir='ltr'><strong>etiam</strong></span> <span class='ocrx_word' id='word_1_784' title='bbox 2521 3656 2761 3724; x_wconf 86' lang='lat' dir='ltr'><strong>corporis</strong></span> <span class='ocrx_word' id='word_1_785' title='bbox 2798 3656 2899 3717; x_wconf 83' lang='lat' dir='ltr'><strong>sui,</strong></span> <span class='ocrx_word' id='word_1_786' title='bbox 2934 3671 3054 3711; x_wconf 89' lang='lat' dir='ltr'><strong>cum</strong></span> <span class='ocrx_word' id='word_1_787' title='bbox 3085 3658 3380 3727; x_wconf 89' lang='lat' dir='ltr'><strong>appropin-</strong></span> 
     </span>
    </p>
   </div>
   <div class='ocr_carea' id='block_1_98' title="bbox 1786 3747 3377 3819">
    <p class='ocr_par' dir='ltr' id='par_1_98' title="bbox 1786 3747 3377 3819">
     <span class='ocr_line' id='line_1_98' title="bbox 1786 3747 3377 3819; baseline 0.003 -18"><span class='ocrx_word' id='word_1_788' title='bbox 1786 3759 1971 3819; x_wconf 85' lang='lat' dir='ltr'><strong>quaret</strong></span> <span class='ocrx_word' id='word_1_789' title='bbox 1999 3748 2247 3818; x_wconf 88' lang='lat' dir='ltr'><strong>passioni,</strong></span> <span class='ocrx_word' id='word_1_790' title='bbox 2277 3764 2339 3802; x_wconf 79' lang='lat' dir='ltr'><strong>ex</strong></span> <span class='ocrx_word' id='word_1_791' title='bbox 2369 3747 2584 3802; x_wconf 88' lang='lat' dir='ltr'><strong>homine</strong></span> <span class='ocrx_word' id='word_1_792' title='bbox 2606 3764 2763 3817; x_wconf 88' lang='lat' dir='ltr'><strong>quem</strong></span> <span class='ocrx_word' id='word_1_793' title='bbox 2790 3749 3009 3816; x_wconf 87' lang='lat' dir='ltr'><strong>gerebat</strong></span> <span class='ocrx_word' id='word_1_794' title='bbox 3028 3749 3377 3806; x_wconf 87' lang='lat' dir='ltr'><strong>contristatus</strong></span> 
     </span>
    </p>
   </div>
   <div class='ocr_carea' id='block_1_99' title="bbox 1787 3839 3379 3907">
    <p class='ocr_par' dir='ltr' id='par_1_99' title="bbox 1787 3839 3379 3907">
     <span class='ocr_line' id='line_1_99' title="bbox 1787 3839 3379 3907; baseline 0.001 -12"><span class='ocrx_word' id='word_1_795' title='bbox 1787 3851 1887 3905; x_wconf 89' lang='lat' dir='ltr'><strong>cst,</strong></span> <span class='ocrx_word' id='word_1_796' title='bbox 1919 3849 1976 3893; x_wconf 91' lang='lat' dir='ltr'><strong>ttt</strong></span> <span class='ocrx_word' id='word_1_797' title='bbox 2006 3851 2056 3895; x_wconf 92' lang='lat' dir='ltr'><strong>te</strong></span> <span class='ocrx_word' id='word_1_798' title='bbox 2082 3839 2409 3903; x_wconf 63' lang='lat' dir='ltr'><strong>ltetilâ€˜tcaret;</strong></span> <span class='ocrx_word' id='word_1_799' title='bbox 2442 3840 2787 3893; x_wconf 87' lang='lat' dir='ltr'><strong>contristatus</strong></span> <span class='ocrx_word' id='word_1_800' title='bbox 2812 3849 2924 3907; x_wconf 87' lang='lat' dir='ltr'><strong>est,</strong></span> <span class='ocrx_word' id='word_1_801' title='bbox 2954 3849 3007 3894; x_wconf 91' lang='lat' dir='ltr'><strong>ut</strong></span> <span class='ocrx_word' id='word_1_802' title='bbox 3042 3851 3093 3899; x_wconf 91' lang='lat' dir='ltr'><strong>te</strong></span> <span class='ocrx_word' id='word_1_803' title='bbox 3128 3842 3379 3897; x_wconf 83' lang='lat' dir='ltr'><strong>consola-</strong></span> 
     </span>
    </p>
   </div>
   <div class='ocr_carea' id='block_1_100' title="bbox 1788 3931 3375 4000">
    <p class='ocr_par' dir='ltr' id='par_1_100' title="bbox 1788 3931 3375 4000">
     <span class='ocr_line' id='line_1_100' title="bbox 1788 3931 3375 4000; baseline 0.001 -14"><span class='ocrx_word' id='word_1_804' title='bbox 1788 3941 1951 3986; x_wconf 89' lang='lat' dir='ltr'><strong>retur.</strong></span> <span class='ocrx_word' id='word_1_805' title='bbox 1988 3932 2162 3984; x_wconf 85' lang='lat' dir='ltr'><strong>Potuit</strong></span> <span class='ocrx_word' id='word_1_806' title='bbox 2186 3931 2327 3985; x_wconf 91' lang='lat' dir='ltr'><strong>enim</strong></span> <span class='ocrx_word' id='word_1_807' title='bbox 2354 3932 2533 3998; x_wconf 88' lang='lat' dir='ltr'><strong>utique</strong></span> <span class='ocrx_word' id='word_1_808' title='bbox 2561 3931 2675 3985; x_wconf 90' lang='lat' dir='ltr'><strong>sine</strong></span> <span class='ocrx_word' id='word_1_809' title='bbox 2708 3931 2920 3985; x_wconf 87' lang='lat' dir='ltr'><strong>tristitia</strong></span> <span class='ocrx_word' id='word_1_810' title='bbox 2951 3947 3070 3987; x_wconf 76' lang='lat' dir='ltr'><strong>esse</strong></span> <span class='ocrx_word' id='word_1_811' title='bbox 3096 3933 3375 4000; x_wconf 88' lang='lat' dir='ltr'><strong>Dominus,</strong></span> 
     </span>
    </p>
   </div>
   <div class='ocr_carea' id='block_1_101' title="bbox 1788 4023 3379 4095">
    <p class='ocr_par' dir='ltr' id='par_1_101' title="bbox 1788 4023 3379 4095">
     <span class='ocr_line' id='line_1_101' title="bbox 1788 4023 3379 4095; baseline 0.003 -16"><span class='ocrx_word' id='word_1_812' title='bbox 1788 4026 1956 4080; x_wconf 90' lang='lat' dir='ltr'><strong>iturus</strong></span> <span class='ocrx_word' id='word_1_813' title='bbox 1975 4026 2039 4078; x_wconf 88' lang='lat' dir='ltr'><strong>ad</strong></span> <span class='ocrx_word' id='word_1_814' title='bbox 2068 4026 2388 4095; x_wconf 80' lang='lat' dir='ltr'><strong>passionem.</strong></span> <span class='ocrx_word' id='word_1_815' title='bbox 2419 4023 2472 4079; x_wconf 89' lang='lat' dir='ltr'><strong>Si</strong></span> <span class='ocrx_word' id='word_1_816' title='bbox 2515 4025 2685 4093; x_wconf 60' lang='lat' dir='ltr'><strong>patuit</strong></span> <span class='ocrx_word' id='word_1_817' title='bbox 2730 4026 2903 4088; x_wconf 88' lang='lat' dir='ltr'><strong>miles,</strong></span> <span class='ocrx_word' id='word_1_818' title='bbox 2940 4042 3044 4080; x_wconf 90' lang='lat' dir='ltr'><strong>non</strong></span> <span class='ocrx_word' id='word_1_819' title='bbox 3076 4028 3243 4095; x_wconf 89' lang='lat' dir='ltr'><strong>potuit</strong></span> <span class='ocrx_word' id='word_1_820' title='bbox 3273 4030 3379 4083; x_wconf 88' lang='lat' dir='ltr'><strong>im-</strong></span> 
     </span>
    </p>
   </div>
   <div class='ocr_carea' id='block_1_102' title="bbox 1788 4116 3377 4188">
    <p class='ocr_par' dir='ltr' id='par_1_102' title="bbox 1788 4116 3377 4188">
     <span class='ocr_line' id='line_1_102' title="bbox 1788 4116 3377 4188; baseline 0.003 -16"><span class='ocrx_word' id='word_1_821' title='bbox 1788 4117 2037 4188; x_wconf 85' lang='lat' dir='ltr'><strong>perator?</strong></span> <span class='ocrx_word' id='word_1_822' title='bbox 2063 4116 2341 4185; x_wconf 88' lang='lat' dir='ltr'><strong>Quomodo</strong></span> <span class='ocrx_word' id='word_1_823' title='bbox 2364 4118 2532 4186; x_wconf 91' lang='lat' dir='ltr'><strong>potttit</strong></span> <span class='ocrx_word' id='word_1_824' title='bbox 2556 4118 2745 4171; x_wconf 87' lang='lat' dir='ltr'><strong>utiles?</strong></span> <span class='ocrx_word' id='word_1_825' title='bbox 2782 4119 3012 4174; x_wconf 82' lang='lat' dir='ltr'><strong>Attende</strong></span> <span class='ocrx_word' id='word_1_826' title='bbox 3034 4119 3253 4174; x_wconf 85' lang='lat' dir='ltr'><strong>Paulum</strong></span> <span class='ocrx_word' id='word_1_827' title='bbox 3279 4136 3377 4177; x_wconf 77' lang='lat' dir='ltr'><strong>cx-</strong></span> 
     </span>
    </p>
   </div>
   <div class='ocr_carea' id='block_1_103' title="bbox 1786 4211 3373 4284">
    <p class='ocr_par' dir='ltr' id='par_1_103' title="bbox 1786 4211 3373 4284">
     <span class='ocr_line' id='line_1_103' title="bbox 1786 4211 3373 4284; baseline 0.003 -20"><span class='ocrx_word' id='word_1_828' title='bbox 1786 4212 2091 4276; x_wconf 81' lang='lat' dir='ltr'><strong>sultanletn,</strong></span> <span class='ocrx_word' id='word_1_829' title='bbox 2125 4212 2564 4281; x_wconf 85' lang='lat' dir='ltr'><strong>propinquantem</strong></span> <span class='ocrx_word' id='word_1_830' title='bbox 2595 4212 2825 4280; x_wconf 87' lang='lat' dir='ltr'><strong>passioni</strong></span> <span class='ocrx_word' id='word_1_831' title='bbox 2858 4230 2870 4265; x_wconf 92' lang='lat'><strong>:</strong></span> <span class='ocrx_word' id='word_1_832' title='bbox 2908 4211 3018 4283; x_wconf 81' lang='lat' dir='ltr'><strong>Ego</strong></span> <span class='ocrx_word' id='word_1_833' title='bbox 3044 4223 3212 4267; x_wconf 85' lang='lat' dir='ltr'><strong>autem</strong></span> <span class='ocrx_word' id='word_1_834' title='bbox 3233 4215 3373 4284; x_wconf 84' lang='lat' dir='ltr'><strong>jam,</strong></span> 
     </span>
    </p>
   </div>
   <div class='ocr_carea' id='block_1_104' title="bbox 1789 4303 3374 4375">
    <p class='ocr_par' dir='ltr' id='par_1_104' title="bbox 1789 4303 3374 4375">
     <span class='ocr_line' id='line_1_104' title="bbox 1789 4303 3374 4375; baseline 0.001 -16"><span class='ocrx_word' id='word_1_835' title='bbox 1789 4304 1976 4375; x_wconf 89' lang='lat' dir='ltr'><strong>inquit,</strong></span> <span class='ocrx_word' id='word_1_836' title='bbox 1999 4304 2250 4369; x_wconf 88' lang='lat' dir='ltr'><strong>immolor,</strong></span> <span class='ocrx_word' id='word_1_837' title='bbox 2280 4313 2327 4356; x_wconf 89' lang='lat' dir='ltr'><strong>et</strong></span> <span class='ocrx_word' id='word_1_838' title='bbox 2353 4313 2549 4373; x_wconf 81' lang='lat' dir='ltr'><strong>tempus</strong></span> <span class='ocrx_word' id='word_1_839' title='bbox 2578 4303 2896 4357; x_wconf 85' lang='lat' dir='ltr'><strong>resolutionis</strong></span> <span class='ocrx_word' id='word_1_840' title='bbox 2927 4321 3049 4359; x_wconf 77' lang='lat' dir='ltr'><strong>mea:</strong></span> <span class='ocrx_word' id='word_1_841' title='bbox 3068 4305 3241 4358; x_wconf 81' lang='lat' dir='ltr'><strong>instat.</strong></span> <span class='ocrx_word' id='word_1_842' title='bbox 3268 4304 3374 4361; x_wconf 58' lang='lat' dir='ltr'><strong>Bo.</strong></span> 
     </span>
    </p>
   </div>
   <div class='ocr_carea' id='block_1_105' title="bbox 1788 4395 3380 4465">
    <p class='ocr_par' dir='ltr' id='par_1_105' title="bbox 1788 4395 3380 4465">
     <span class='ocr_line' id='line_1_105' title="bbox 1788 4395 3380 4465; baseline 0.003 -16"><span class='ocrx_word' id='word_1_843' title='bbox 1788 4413 1907 4449; x_wconf 86' lang='lat' dir='ltr'><strong>nunt</strong></span> <span class='ocrx_word' id='word_1_844' title='bbox 1933 4406 2179 4449; x_wconf 82' lang='lat' dir='ltr'><strong>certamen</strong></span> <span class='ocrx_word' id='word_1_845' title='bbox 2207 4395 2411 4461; x_wconf 78' lang='lat' dir='ltr'><strong>certari,</strong></span> <span class='ocrx_word' id='word_1_846' title='bbox 2448 4412 2652 4449; x_wconf 85' lang='lat' dir='ltr'><strong>cursum</strong></span> <span class='ocrx_word' id='word_1_847' title='bbox 2695 4398 3055 4463; x_wconf 83' lang='lat' dir='ltr'><strong>consummavi,</strong></span> <span class='ocrx_word' id='word_1_848' title='bbox 3090 4398 3241 4465; x_wconf 78' lang='lat' dir='ltr'><strong>ï¬dem</strong></span> <span class='ocrx_word' id='word_1_849' title='bbox 3272 4416 3380 4453; x_wconf 86' lang='lat' dir='ltr'><strong>ser-</strong></span> 
     </span>
    </p>
   </div>
   <div class='ocr_carea' id='block_1_106' title="bbox 1787 4488 3381 4560">
    <p class='ocr_par' dir='ltr' id='par_1_106' title="bbox 1787 4488 3381 4560">
     <span class='ocr_line' id='line_1_106' title="bbox 1787 4488 3381 4560; baseline 0.003 -18"><span class='ocrx_word' id='word_1_850' title='bbox 1787 4490 1931 4543; x_wconf 81' lang='lat' dir='ltr'><strong>vavi:</strong></span> <span class='ocrx_word' id='word_1_851' title='bbox 1956 4488 2018 4542; x_wconf 89' lang='lat' dir='ltr'><strong>de</strong></span> <span class='ocrx_word' id='word_1_852' title='bbox 2039 4499 2215 4543; x_wconf 71' lang='lat' dir='ltr'><strong>cratera</strong></span> <span class='ocrx_word' id='word_1_853' title='bbox 2240 4499 2466 4557; x_wconf 76' lang='lat' dir='ltr'><strong>superest</strong></span> <span class='ocrx_word' id='word_1_854' title='bbox 2485 4488 2608 4541; x_wconf 75' lang='lat' dir='ltr'><strong>milii</strong></span> <span class='ocrx_word' id='word_1_855' title='bbox 2626 4505 2811 4541; x_wconf 81' lang='lat' dir='ltr'><strong>corona</strong></span> <span class='ocrx_word' id='word_1_856' title='bbox 2822 4490 3055 4560; x_wconf 77' lang='lat' dir='ltr'><strong>justitiw,</strong></span> <span class='ocrx_word' id='word_1_857' title='bbox 3084 4507 3233 4559; x_wconf 84' lang='lat' dir='ltr'><strong>quant</strong></span> <span class='ocrx_word' id='word_1_858' title='bbox 3255 4494 3381 4548; x_wconf 80' lang='lat' dir='ltr'><strong>mihi</strong></span> 
     </span>
    </p>
   </div>
   <div class='ocr_carea' id='block_1_107' title="bbox 1786 4580 3380 4652">
    <p class='ocr_par' dir='ltr' id='par_1_107' title="bbox 1786 4580 3380 4652">
     <span class='ocr_line' id='line_1_107' title="bbox 1786 4580 3380 4652; baseline 0.003 -17"><span class='ocrx_word' id='word_1_859' title='bbox 1786 4580 2037 4635; x_wconf 85' lang='lat' dir='ltr'><strong>Dominus</strong></span> <span class='ocrx_word' id='word_1_860' title='bbox 2055 4580 2222 4635; x_wconf 84' lang='lat' dir='ltr'><strong>reddet</strong></span> <span class='ocrx_word' id='word_1_861' title='bbox 2239 4582 2287 4635; x_wconf 88' lang='lat' dir='ltr'><strong>in</strong></span> <span class='ocrx_word' id='word_1_862' title='bbox 2304 4581 2396 4635; x_wconf 87' lang='lat' dir='ltr'><strong>illa</strong></span> <span class='ocrx_word' id='word_1_863' title='bbox 2413 4581 2494 4635; x_wconf 88' lang='lat' dir='ltr'><strong>die</strong></span> <span class='ocrx_word' id='word_1_864' title='bbox 2501 4582 2671 4652; x_wconf 85' lang='lat' dir='ltr'><strong>justus</strong></span> <span class='ocrx_word' id='word_1_865' title='bbox 2679 4581 2862 4651; x_wconf 69' lang='lat' dir='ltr'><strong>judex.</strong></span> <span class='ocrx_word' id='word_1_866' title='bbox 2891 4581 3010 4635; x_wconf 91' lang='lat' dir='ltr'><strong>Non</strong></span> <span class='ocrx_word' id='word_1_867' title='bbox 3028 4583 3190 4637; x_wconf 86' lang='lat' dir='ltr'><strong>solum</strong></span> <span class='ocrx_word' id='word_1_868' title='bbox 3210 4596 3380 4641; x_wconf 88' lang='lat' dir='ltr'><strong>autem</strong></span> 
     </span>
    </p>
   </div>
   <div class='ocr_carea' id='block_1_108' title="bbox 1788 4671 3377 4747">
    <p class='ocr_par' dir='ltr' id='par_1_108' title="bbox 1788 4671 3377 4747">
     <span class='ocr_line' id='line_1_108' title="bbox 1788 4671 3377 4747; baseline 0.003 -21"><span class='ocrx_word' id='word_1_869' title='bbox 1788 4674 1931 4732; x_wconf 83' lang='lat' dir='ltr'><strong>mihi.</strong></span> <span class='ocrx_word' id='word_1_870' title='bbox 1956 4672 2042 4726; x_wconf 78' lang='lat' dir='ltr'><strong>sed</strong></span> <span class='ocrx_word' id='word_1_871' title='bbox 2059 4681 2101 4724; x_wconf 87' lang='lat' dir='ltr'><strong>et</strong></span> <span class='ocrx_word' id='word_1_872' title='bbox 2122 4671 2349 4726; x_wconf 86' lang='lat' dir='ltr'><strong>omnibus</strong></span> <span class='ocrx_word' id='word_1_873' title='bbox 2374 4673 2457 4742; x_wconf 87' lang='lat' dir='ltr'><strong>qui</strong></span> <span class='ocrx_word' id='word_1_874' title='bbox 2485 4673 2699 4742; x_wconf 84' lang='lat' dir='ltr'><strong>diligunt</strong></span> <span class='ocrx_word' id='word_1_875' title='bbox 2726 4671 2993 4727; x_wconf 85' lang='lat' dir='ltr'><strong>adventum</strong></span> <span class='ocrx_word' id='word_1_876' title='bbox 3015 4675 3123 4745; x_wconf 85' lang='lat' dir='ltr'><strong>ejus</strong></span> <span class='ocrx_word' id='word_1_877' title='bbox 3153 4674 3218 4747; x_wconf 88' lang='lat' dir='ltr'><strong>(ll</strong></span> <span class='ocrx_word' id='word_1_878' title='bbox 3244 4676 3377 4731; x_wconf 88' lang='lat' dir='ltr'><strong>Tim.</strong></span> 
     </span>
    </p>
   </div>
   <div class='ocr_carea' id='block_1_109' title="bbox 1787 4764 3379 4836">
    <p class='ocr_par' dir='ltr' id='par_1_109' title="bbox 1787 4764 3379 4836">
     <span class='ocr_line' id='line_1_109' title="bbox 1787 4764 3379 4836; baseline 0.003 -15"><span class='ocrx_word' id='word_1_879' title='bbox 1787 4784 1859 4834; x_wconf 85' lang='lat' dir='ltr'><strong>tv,</strong></span> <span class='ocrx_word' id='word_1_880' title='bbox 1886 4768 1920 4821; x_wconf 82' lang='lat'><strong>6</strong></span> <span class='ocrx_word' id='word_1_881' title='bbox 1952 4765 2028 4836; x_wconf 91' lang='lat'><strong>8).</strong></span> <span class='ocrx_word' id='word_1_882' title='bbox 2067 4764 2252 4821; x_wconf 82' lang='lat' dir='ltr'><strong>Videte</strong></span> <span class='ocrx_word' id='word_1_883' title='bbox 2273 4766 2717 4836; x_wconf 88' lang='lat' dir='ltr'><strong>quemadmodum</strong></span> <span class='ocrx_word' id='word_1_884' title='bbox 2741 4767 2999 4831; x_wconf 83' lang='lat' dir='ltr'><strong>exsultat,</strong></span> <span class='ocrx_word' id='word_1_885' title='bbox 3033 4778 3287 4825; x_wconf 89' lang='lat' dir='ltr'><strong>venturus</strong></span> <span class='ocrx_word' id='word_1_886' title='bbox 3310 4772 3379 4826; x_wconf 86' lang='lat' dir='ltr'><strong>ad</strong></span> 
     </span>
    </p>
   </div>
   <div class='ocr_carea' id='block_1_110' title="bbox 1786 4857 3381 4929">
    <p class='ocr_par' dir='ltr' id='par_1_110' title="bbox 1786 4857 3381 4929">
     <span class='ocr_line' id='line_1_110' title="bbox 1786 4857 3381 4929; baseline 0.003 -18"><span class='ocrx_word' id='word_1_887' title='bbox 1786 4859 2110 4929; x_wconf 86' lang='lat' dir='ltr'><strong>passionem.</strong></span> <span class='ocrx_word' id='word_1_888' title='bbox 2164 4858 2300 4928; x_wconf 81' lang='lat' dir='ltr'><strong>Ergo</strong></span> <span class='ocrx_word' id='word_1_889' title='bbox 2342 4858 2536 4928; x_wconf 89' lang='lat' dir='ltr'><strong>gaudet</strong></span> <span class='ocrx_word' id='word_1_890' title='bbox 2578 4857 2914 4910; x_wconf 84' lang='lat' dir='ltr'><strong>coronandus</strong></span> <span class='ocrx_word' id='word_1_891' title='bbox 2966 4875 2979 4910; x_wconf 91' lang='lat'><strong>:</strong></span> <span class='ocrx_word' id='word_1_892' title='bbox 3036 4862 3381 4918; x_wconf 86' lang='lat' dir='ltr'><strong>contristatur</strong></span> 
     </span>
    </p>
   </div>
   <div class='ocr_carea' id='block_1_111' title="bbox 1786 4947 3379 5022">
    <p class='ocr_par' dir='ltr' id='par_1_111' title="bbox 1786 4947 3379 5022">
     <span class='ocr_line' id='line_1_111' title="bbox 1786 4947 3379 5022; baseline 0.001 -18"><span class='ocrx_word' id='word_1_893' title='bbox 1786 4959 2153 5014; x_wconf 78' lang='lat' dir='ltr'><strong>corottaturus.</strong></span> <span class='ocrx_word' id='word_1_894' title='bbox 2194 4948 2329 5016; x_wconf 87' lang='lat' dir='ltr'><strong>Quid</strong></span> <span class='ocrx_word' id='word_1_895' title='bbox 2371 4948 2526 5018; x_wconf 83' lang='lat' dir='ltr'><strong>igitur</strong></span> <span class='ocrx_word' id='word_1_896' title='bbox 2552 4947 2827 5016; x_wconf 79' lang='lat' dir='ltr'><strong>portabat?</strong></span> <span class='ocrx_word' id='word_1_897' title='bbox 2852 4948 3213 5005; x_wconf 88' lang='lat' dir='ltr'><strong>Infirmitatem</strong></span> <span class='ocrx_word' id='word_1_898' title='bbox 3240 4968 3379 5022; x_wconf 84' lang='lat' dir='ltr'><strong>quo-</strong></span> 
     </span>
    </p>
   </div>
   <div class='ocr_carea' id='block_1_112' title="bbox 1788 5042 3380 5113">
    <p class='ocr_par' dir='ltr' id='par_1_112' title="bbox 1788 5042 3380 5113">
     <span class='ocr_line' id='line_1_112' title="bbox 1788 5042 3380 5113; baseline 0.004 -16"><span class='ocrx_word' id='word_1_899' title='bbox 1788 5044 2052 5108; x_wconf 85' lang='lat' dir='ltr'><strong>rumdam,</strong></span> <span class='ocrx_word' id='word_1_900' title='bbox 2089 5044 2179 5113; x_wconf 91' lang='lat' dir='ltr'><strong>qui</strong></span> <span class='ocrx_word' id='word_1_901' title='bbox 2222 5043 2467 5099; x_wconf 88' lang='lat' dir='ltr'><strong>veniente</strong></span> <span class='ocrx_word' id='word_1_902' title='bbox 2496 5042 2839 5099; x_wconf 88' lang='lat' dir='ltr'><strong>tribulatione</strong></span> <span class='ocrx_word' id='word_1_903' title='bbox 2870 5044 2951 5099; x_wconf 88' lang='lat' dir='ltr'><strong>vel</strong></span> <span class='ocrx_word' id='word_1_904' title='bbox 2980 5056 3150 5100; x_wconf 89' lang='lat' dir='ltr'><strong>morte</strong></span> <span class='ocrx_word' id='word_1_905' title='bbox 3179 5049 3380 5103; x_wconf 89' lang='lat' dir='ltr'><strong>contri-</strong></span> 
     </span>
    </p>
   </div>
   <div class='ocr_carea' id='block_1_113' title="bbox 1787 5130 3375 5205">
    <p class='ocr_par' dir='ltr' id='par_1_113' title="bbox 1787 5130 3375 5205">
     <span class='ocr_line' id='line_1_113' title="bbox 1787 5130 3375 5205; baseline 0.003 -15"><span class='ocrx_word' id='word_1_906' title='bbox 1787 5145 2013 5191; x_wconf 87' lang='lat' dir='ltr'><strong>stantur.</strong></span> <span class='ocrx_word' id='word_1_907' title='bbox 2050 5135 2153 5189; x_wconf 87' lang='lat' dir='ltr'><strong>Sed</strong></span> <span class='ocrx_word' id='word_1_908' title='bbox 2177 5134 2296 5190; x_wconf 86' lang='lat' dir='ltr'><strong>vide</strong></span> <span class='ocrx_word' id='word_1_909' title='bbox 2321 5135 2591 5205; x_wconf 91' lang='lat' dir='ltr'><strong>quomodo</strong></span> <span class='ocrx_word' id='word_1_910' title='bbox 2614 5150 2709 5191; x_wconf 87' lang='lat' dir='ltr'><strong>eos</strong></span> <span class='ocrx_word' id='word_1_911' title='bbox 2728 5135 2874 5191; x_wconf 88' lang='lat' dir='ltr'><strong>ducit</strong></span> <span class='ocrx_word' id='word_1_912' title='bbox 2905 5136 2960 5190; x_wconf 91' lang='lat' dir='ltr'><strong>in</strong></span> <span class='ocrx_word' id='word_1_913' title='bbox 2986 5130 3332 5193; x_wconf 83' lang='lat' dir='ltr'><strong>directionem</strong></span> <span class='ocrx_word' id='word_1_914' title='bbox 3357 5142 3375 5172; x_wconf 81' lang='grc'>Â¹</span> 
     </span>
    </p>
   </div>
   <div class='ocr_carea' id='block_1_114' title="bbox 1786 5228 3379 5295">
    <p class='ocr_par' dir='ltr' id='par_1_114' title="bbox 1786 5228 3379 5295">
     <span class='ocr_line' id='line_1_114' title="bbox 1786 5228 3379 5295; baseline 0.002 -11"><span class='ocrx_word' id='word_1_915' title='bbox 1786 5230 1980 5284; x_wconf 90' lang='lat' dir='ltr'><strong>cordis.</strong></span> <span class='ocrx_word' id='word_1_916' title='bbox 2014 5228 2148 5283; x_wconf 85' lang='lat' dir='ltr'><strong>Ecce</strong></span> <span class='ocrx_word' id='word_1_917' title='bbox 2179 5237 2231 5283; x_wconf 91' lang='lat' dir='ltr'><strong>tu</strong></span> <span class='ocrx_word' id='word_1_918' title='bbox 2275 5228 2489 5283; x_wconf 88' lang='lat' dir='ltr'><strong>volebas</strong></span> <span class='ocrx_word' id='word_1_919' title='bbox 2516 5229 2724 5295; x_wconf 85' lang='lat' dir='ltr'><strong>vivere,</strong></span> <span class='ocrx_word' id='word_1_920' title='bbox 2758 5244 2862 5284; x_wconf 94' lang='lat' dir='ltr'><strong>non</strong></span> <span class='ocrx_word' id='word_1_921' title='bbox 2894 5230 3108 5284; x_wconf 88' lang='lat' dir='ltr'><strong>volebas</strong></span> <span class='ocrx_word' id='word_1_922' title='bbox 3151 5231 3244 5285; x_wconf 90' lang='lat' dir='ltr'><strong>tibi</strong></span> <span class='ocrx_word' id='word_1_923' title='bbox 3278 5232 3379 5287; x_wconf 85' lang='lat' dir='ltr'><strong>ali-</strong></span> 
     </span>
    </p>
   </div>
   <div class='ocr_carea' id='block_1_115' title="bbox 1786 5321 3376 5395">
    <p class='ocr_par' dir='ltr' id='par_1_115' title="bbox 1786 5321 3376 5395">
     <span class='ocr_line' id='line_1_115' title="bbox 1786 5321 3376 5395; baseline 0.004 -21"><span class='ocrx_word' id='word_1_924' title='bbox 1786 5322 1909 5395; x_wconf 87' lang='lat' dir='ltr'><strong>quid</strong></span> <span class='ocrx_word' id='word_1_925' title='bbox 1941 5321 2213 5387; x_wconf 86' lang='lat' dir='ltr'><strong>accidere;</strong></span> <span class='ocrx_word' id='word_1_926' title='bbox 2240 5321 2332 5377; x_wconf 88' lang='lat' dir='ltr'><strong>sed</strong></span> <span class='ocrx_word' id='word_1_927' title='bbox 2359 5321 2497 5375; x_wconf 89' lang='lat' dir='ltr'><strong>Deus</strong></span> <span class='ocrx_word' id='word_1_928' title='bbox 2528 5321 2670 5376; x_wconf 90' lang='lat' dir='ltr'><strong>aliud</strong></span> <span class='ocrx_word' id='word_1_929' title='bbox 2700 5321 2904 5376; x_wconf 90' lang='lat' dir='ltr'><strong>voluit:</strong></span> <span class='ocrx_word' id='word_1_930' title='bbox 2934 5321 3055 5376; x_wconf 79' lang='lat' dir='ltr'><strong>duae</strong></span> <span class='ocrx_word' id='word_1_931' title='bbox 3075 5323 3376 5381; x_wconf 88' lang='lat' dir='ltr'><strong>voluntates</strong></span> 
     </span>
    </p>
   </div>
   <div class='ocr_carea' id='block_1_116' title="bbox 1786 5412 3507 5483">
    <p class='ocr_par' dir='ltr' id='par_1_116' title="bbox 1786 5412 3507 5483">
     <span class='ocr_line' id='line_1_116' title="bbox 1786 5412 3507 5483; baseline -0.001 -13"><span class='ocrx_word' id='word_1_932' title='bbox 1786 5426 1908 5470; x_wconf 88' lang='lat' dir='ltr'><strong>sunt</strong></span> <span class='ocrx_word' id='word_1_933' title='bbox 1933 5432 1947 5481; x_wconf 88' lang='lat'><strong>;</strong></span> <span class='ocrx_word' id='word_1_934' title='bbox 1976 5413 2070 5470; x_wconf 91' lang='lat' dir='ltr'><strong>scd</strong></span> <span class='ocrx_word' id='word_1_935' title='bbox 2100 5413 2345 5468; x_wconf 89' lang='lat' dir='ltr'><strong>voluntas</strong></span> <span class='ocrx_word' id='word_1_936' title='bbox 2369 5422 2456 5467; x_wconf 90' lang='lat' dir='ltr'><strong>tua</strong></span> <span class='ocrx_word' id='word_1_937' title='bbox 2481 5414 2776 5483; x_wconf 88' lang='lat' dir='ltr'><strong>corrigatur</strong></span> <span class='ocrx_word' id='word_1_938' title='bbox 2802 5412 2868 5467; x_wconf 85' lang='lat' dir='ltr'><strong>ad</strong></span> <span class='ocrx_word' id='word_1_939' title='bbox 2896 5413 3222 5468; x_wconf 88' lang='lat' dir='ltr'><strong>voluntatem</strong></span> <span class='ocrx_word' id='word_1_940' title='bbox 3253 5414 3373 5483; x_wconf 90' lang='lat' dir='ltr'><strong>Dei,</strong></span> <span class='ocrx_word' id='word_1_941' title='bbox 3451 5476 3459 5483; x_wconf 48' lang='grc'><em>,</em></span> <span class='ocrx_word' id='word_1_942' title='bbox 3494 5422 3507 5438; x_wconf 83' lang='grc'><em>â€™</em></span> 
     </span>
    </p>
   </div>
   <div class='ocr_carea' id='block_1_117' title="bbox 1786 5505 3380 5577">
    <p class='ocr_par' dir='ltr' id='par_1_117' title="bbox 1786 5505 3380 5577">
     <span class='ocr_line' id='line_1_117' title="bbox 1786 5505 3380 5577; baseline 0 -16"><span class='ocrx_word' id='word_1_943' title='bbox 1786 5522 1891 5561; x_wconf 90' lang='lat' dir='ltr'><strong>non</strong></span> <span class='ocrx_word' id='word_1_944' title='bbox 1922 5507 2165 5560; x_wconf 85' lang='lat' dir='ltr'><strong>voluntas</strong></span> <span class='ocrx_word' id='word_1_945' title='bbox 2205 5505 2299 5560; x_wconf 88' lang='lat' dir='ltr'><strong>Dei</strong></span> <span class='ocrx_word' id='word_1_946' title='bbox 2340 5505 2718 5577; x_wconf 78' lang='lat' dir='ltr'><strong>detorquentur</strong></span> <span class='ocrx_word' id='word_1_947' title='bbox 2765 5505 2830 5558; x_wconf 88' lang='lat' dir='ltr'><strong>ad</strong></span> <span class='ocrx_word' id='word_1_948' title='bbox 2876 5515 3039 5559; x_wconf 87' lang='lat' dir='ltr'><strong>tuam.</strong></span> <span class='ocrx_word' id='word_1_949' title='bbox 3081 5505 3249 5559; x_wconf 84' lang='lat' dir='ltr'><strong>Prava</strong></span> <span class='ocrx_word' id='word_1_950' title='bbox 3294 5515 3380 5561; x_wconf 85' lang='lat' dir='ltr'><strong>est</strong></span> 
     </span>
    </p>
   </div>
   <div class='ocr_carea' id='block_1_118' title="bbox 1784 5598 3378 5670">
    <p class='ocr_par' dir='ltr' id='par_1_118' title="bbox 1784 5598 3378 5670">
     <span class='ocr_line' id='line_1_118' title="bbox 1784 5598 3378 5670; baseline -0.001 -15"><span class='ocrx_word' id='word_1_951' title='bbox 1784 5601 1924 5655; x_wconf 89' lang='lat' dir='ltr'><strong>enim</strong></span> <span class='ocrx_word' id='word_1_952' title='bbox 1955 5608 2063 5666; x_wconf 91' lang='lat' dir='ltr'><strong>tua,</strong></span> <span class='ocrx_word' id='word_1_953' title='bbox 2091 5598 2269 5670; x_wconf 84' lang='lat' dir='ltr'><strong>regula</strong></span> <span class='ocrx_word' id='word_1_954' title='bbox 2297 5607 2377 5653; x_wconf 89' lang='lat' dir='ltr'><strong>est</strong></span> <span class='ocrx_word' id='word_1_955' title='bbox 2406 5598 2491 5651; x_wconf 91' lang='lat' dir='ltr'><strong>illa</strong></span> <span class='ocrx_word' id='word_1_956' title='bbox 2518 5616 2531 5650; x_wconf 89' lang='lat'><strong>:</strong></span> <span class='ocrx_word' id='word_1_957' title='bbox 2558 5608 2661 5653; x_wconf 89' lang='lat' dir='ltr'><strong>stet</strong></span> <span class='ocrx_word' id='word_1_958' title='bbox 2692 5598 2889 5666; x_wconf 84' lang='lat' dir='ltr'><strong>regula,</strong></span> <span class='ocrx_word' id='word_1_959' title='bbox 2915 5605 2969 5650; x_wconf 92' lang='lat' dir='ltr'><strong>ut</strong></span> <span class='ocrx_word' id='word_1_960' title='bbox 2989 5598 3127 5666; x_wconf 88' lang='lat' dir='ltr'><strong>quod</strong></span> <span class='ocrx_word' id='word_1_961' title='bbox 3156 5615 3378 5669; x_wconf 89' lang='lat' dir='ltr'><strong>pravum</strong></span> 
     </span>
    </p>
   </div>
   <div class='ocr_carea' id='block_1_119' title="bbox 1784 5689 3381 5764">
    <p class='ocr_par' dir='ltr' id='par_1_119' title="bbox 1784 5689 3381 5764">
     <span class='ocr_line' id='line_1_119' title="bbox 1784 5689 3381 5764; baseline -0.004 -14"><span class='ocrx_word' id='word_1_962' title='bbox 1784 5704 1887 5763; x_wconf 83' lang='lat' dir='ltr'><strong>est,</strong></span> <span class='ocrx_word' id='word_1_963' title='bbox 1917 5693 1984 5748; x_wconf 87' lang='lat' dir='ltr'><strong>ad</strong></span> <span class='ocrx_word' id='word_1_964' title='bbox 2014 5691 2248 5764; x_wconf 86' lang='lat' dir='ltr'><strong>regulam</strong></span> <span class='ocrx_word' id='word_1_965' title='bbox 2279 5690 2590 5762; x_wconf 86' lang='lat' dir='ltr'><strong>corrigatur.</strong></span> <span class='ocrx_word' id='word_1_966' title='bbox 2626 5689 2815 5746; x_wconf 84' lang='lat' dir='ltr'><strong>Videte</strong></span> <span class='ocrx_word' id='word_1_967' title='bbox 2840 5689 3109 5761; x_wconf 88' lang='lat' dir='ltr'><strong>quomodo</strong></span> <span class='ocrx_word' id='word_1_968' title='bbox 3148 5689 3253 5749; x_wconf 92' lang='lat' dir='ltr'><strong>hoc</strong></span> <span class='ocrx_word' id='word_1_969' title='bbox 3280 5692 3381 5749; x_wconf 84' lang='lat' dir='ltr'><strong>do-</strong></span> 
     </span>
    </p>
   </div>
   <div class='ocr_carea' id='block_1_120' title="bbox 1851 5872 2508 5935">
    <p class='ocr_par' dir='ltr' id='par_1_120' title="bbox 1851 5872 2508 5935">
     <span class='ocr_line' id='line_1_120' title="bbox 1851 5872 2508 5935; baseline -0.008 -9"><span class='ocrx_word' id='word_1_970' title='bbox 1851 5878 1869 5911; x_wconf 80' lang='grc'>Â¹</span> <span class='ocrx_word' id='word_1_971' title='bbox 1892 5875 2059 5926; x_wconf 83' lang='lat' dir='ltr'><strong>Plures</strong></span> <span class='ocrx_word' id='word_1_972' title='bbox 2078 5881 2207 5935; x_wconf 67' lang='lat' dir='ltr'><strong>tatas,</strong></span> <span class='ocrx_word' id='word_1_973' title='bbox 2230 5872 2508 5925; x_wconf 76' lang='lat' dir='ltr'><strong>directione.</strong></span> 
     </span>
    </p>
   </div>
  </div>
