3950 6428
547 402 656 460 275

547 525 631 573 cet
684 515 944 572 Dominus
975 517 1131 572 Jesus
1173 511 1416 567 Christus
1451 526 1465 565 :
1510 509 1694 564 Tristis
1721 516 1794 562 est
1833 505 2005 561 mxima
2029 519 2142 558 mea

546 625 707 680 usque
730 609 799 662 ad
823 618 1028 661 mortem
1053 623 1075 658 .·
1099 614 1173 667 et,
1209 602 1384 668 Pater,
1421 603 1464 657 si
1490 603 1605 670 ﬁeri
1643 610 1823 670 potest,
1863 608 2080 654 transeat
2105 613 2140 651 α

547 717 627 755 me
652 702 788 755 colis:
822 701 930 752 iste.
984 696 1120 751 Ecce
1170 695 1408 750 ostendit
1455 694 1741 749 humanam
1788 692 2135 745 voluntatem.

545 797 652 852 Sed
677 794 795 848 vide
822 803 1024 848 rectum
1058 808 1151 847 cor
1191 811 1204 846 :
1255 791 1442 845 Verum
1474 807 1570 844 non
1597 790 1730 849 quod
1753 803 1846 857 ego
1873 787 1984 840 volo
2003 827 2018 849 ,
2046 784 2140 840 sed

544 886 678 957 quod
706 894 760 938 tu
785 886 875 948 vis,
901 882 1052 937 Pater
1078 882 1290 953 (ΜιιίιΙι.
1322 881 1578 945 xxvr,58,
1607 879 1724 948 59).
1743 878 1854 933 Hoc
1878 889 2004 945 ergo
2034 877 2134 940 fac,

543 979 777 1050 gaudens
805 980 857 1032 in
886 978 967 1031 bis
997 994 1117 1046 quae
1157 977 1246 1030 tibi
1279 975 1524 1031 accidunt
1561 991 1574 1028 :
1621 982 1674 1027 et
1709 973 1752 1027 si
1791 970 1993 1028 venerit
2020 969 2138 1025 dies

543 1071 630 1126 ille
663 1070 898 1132 ultimus,
923 1069 1113 1139 gaude.
1137 1070 1243 1124 Ant
1261 1068 1304 1121 si
1335 1066 1569 1134 subrepit
1593 1065 1835 1120 luunana:
1860 1062 2135 1131 cujusdam

542 1162 832 1220 voluntatis
860 1161 1140 1232 fragilitas,
1165 1162 1269 1215 cito
1303 1160 1558 1229 dirigatur
1583 1160 1634 1213 in
1668 1161 1870 1220 Deum;
1903 1165 1957 1210 ut
1981 1158 2054 1210 sis
2081 1157 2137 1210 iu

542 1255 622 1311 eis
643 1254 839 1325 quibus
864 1253 1075 1320 dicitur,
1105 1253 1403 1308 Gloriantini
1424 1267 1592 1307 omnes
1621 1251 1740 1306 recti
1769 1249 1936 1304 corde.

541 1373 2125 1408 Μ

939 1464 1021 1529 ΙΝ
1063 1462 1441 1526 PSALMUM
1485 1459 1737 1522 XXXII

1112 1585 1505 1642 ENARRATIO
1560 1583 1599 1639 Ι.

615 1709 669 1762 1.
711 1705 859 1778 [vcrs.
898 1701 974 1776 1.]
1017 1701 1280 1756 Exsultate
1307 1701 1438 1771 justi
1478 1700 1529 1754 in
1572 1699 1832 1754 Domino:
1870 1697 2132 1754 exsultate

541 1801 687 1874 justi,
720 1814 822 1854 non
852 1799 904 1854 in
927 1797 1096 1861 vobis,
1121 1811 1226 1850 non
1257 1795 1399 1850 enim
1425 1794 1522 1847 hoc
1551 1802 1720 1847 tutum
1748 1793 1764 1823 ί
1799 1802 1917 1856 est;
1957 1790 2049 1845 sed
2077 1790 2136 1844 in

543 1891 793 1948 Domino.
838 1889 1020 1944 Βαίτιος
1062 1888 1199 1942 dccet
1243 1886 1469 1942 laudatio
1518 1899 1536 1938 :
1578 1884 1674 1954 ipsi
1705 1882 1920 1938 laudant
1948 1880 2134 1934 Domi-

548 2001 693 2049 num,
725 1983 813 2054 qui
853 1997 910 2038 se
939 1979 1173 2037 subdunt
1199 1979 1462 2043 Domino;
1490 1977 1642 2031 aliter
1668 1975 1813 2032 enim
1844 1973 2052 2030 distorti
2078 1979 2134 2029 et

539 2077 692 2146 prati
723 2084 868 2130 sunt.

566 2233 572 2238 _
613 2170 667 2223 2.
710 2165 858 2240 [vera
901 2165 980 2236 2.]
1022 2164 1342 2232 Contitcutini
1375 2163 1591 2217 Domino
1616 2162 1667 2215 in
1695 2161 1888 2214 cithara
1919 2176 1936 2214 :
1966 2159 2136 2214 conli-

543 2261 726 2318 temiui
755 2258 1000 2322 Domino,
1038 2256 1351 2311 exhibentes
1372 2255 1418 2308 ei
1444 2268 1666 2322 corpora
1696 2261 1874 2307 vestra
1899 2251 2130 2312 hostiam

543 2353 715 2409 vivam
740 2352 913 2423 (Rom.
938 2367 1028 2415 xu,
1054 2351 1127 2419 1).
1153 2349 1217 2403 ln
1242 2347 1479 2415 psalterio
1497 2348 1809 2403 demo/cordo
1831 2345 2032 2416 psallite
2056 2346 2102 2400 ci
2117 2361 2137 2400 :

544 2443 780 2499 serviant
808 2441 1045 2496 membra
1075 2449 1250 2494 vestra
1279 2439 1551 2494 dilectioni
1593 2438 1679 2492 Dei
1716 2446 1770 2493 et
1795 2436 2050 2507 proximi,
2083 2439 2136 2490 in

547 2535 738 2607 quibus
765 2534 862 2587 tria
893 2542 946 2587 et
965 2540 1164 2601 septem
1193 2541 1451 2600 prteccpta
1485 2539 1780 2584 servantur.

618 2628 672 2682 5.
715 2625 865 2698 [rers.
911 2624 990 2697 5.]
1029 2623 1236 2680 Cantatc
1262 2625 1305 2678 ei
1327 2624 1574 2678 canticum
1598 2613 1781 2676 novum
1811 2637 1828 2676 :
1855 2629 2062 2676 cantate
2087 2621 2139 2677 ei

549 2719 814 2775 canticum
844 2717 1029 2788 gratia:
1078 2717 1217 2772 lidei.
1250 2715 1388 2770 Bcne
1413 2726 1608 2769 cantate
1639 2715 1680 2768 ci
1706 2715 1759 2768 in
1792 2714 2098 2786 jubilutionc
2121 2729 2142 2770 :

548 2811 687 2868 bene
707 2819 917 2866 cantate
939 2812 986 2864 ei
1022 2811 1070 2863 iu
1098 2811 1299 2864 lartitia.

619 2905 672 2958 4.
715 2901 864 2975 [vers.
913 2901 992 2975 4.]
1049 2903 1303 2969 Quoniam
1348 2911 1513 2956 rectus
1560 2911 1630 2957 est
1669 2917 1831 2956 sermo
1875 2899 2087 2954 Domini
2120 2917 2140 2956 :

550 2996 798 3066 quoniam
827 3004 1003 3048 rectus
1031 3005 1114 3049 est
1157 3009 1336 3050 sermo
1381 2995 1609 3057 Domini,
1640 2993 1706 3048 ad
1740 2993 2011 3048 faciendos
2047 3006 2144 3048 vos

551 3085 691 3156 quod
717 3101 810 3155 per
831 3102 923 3138 vos
951 3085 1063 3139 ﬁeri
1091 3101 1194 3140 non
1227 3088 1467 3154 pole5tis.
1497 3083 1564 3137 Et
1589 3085 1758 3140 omnia
1789 3102 1940 3154 opera
1961 3087 2068 3155 ejus
2091 3085 2142 3140 in

553 3179 655 3248 ﬁde
689 3193 703 3229 :
742 3192 808 3232 ne
837 3178 1113 3249 quisjuam
1159 3193 1220 3233 se
1247 3179 1449 3234 meritis
1475 3194 1693 3248 operum
1733 3179 2039 3248 pervenisse
2073 3179 2142 3234 ad

553 3269 713 3324 Iidem
747 3278 911 3338 putet,
951 3285 1072 3324 cum
1099 3271 1151 3322 in
1189 3270 1303 3340 ipsa
1343 3271 1450 3326 ﬁde
1489 3273 1594 3325 sint
1623 3273 1799 3328 omnia
1836 3287 1998 3340 Opera
2024 3287 2144 3341 quin

553 3359 723 3430 diligit
751 3361 905 3416 Deus.

627 3452 682 3507 5.
725 3449 874 3524 [vcrs.
1041 3451 1220 3524 Diligit
1251 3453 1640 3509 miscricordiam
1670 3465 1714 3509 ct
1732 3456 1983 3526 judicium
2011 3475 2029 3512 :
2057 3457 2142 3513 dio

555 3543 836 3614 ligitenim
881 3547 1320 3614 misericordiam,
1365 3565 1523 3619 quam
1571 3565 1710 3605 nunc
1753 3563 2043 3621 praet'ogat;
2090 3561 2142 3607 et

550 3636 836 3707 judicium,
862 3626 967 3708 quo
992 3638 1041 3692 id
1072 3640 1210 3709 quod
1241 3643 1610 3711 praerogarerit
1637 3643 1818 3712 exigit.
1850 3643 2142 3698 Misericor-

556 3729 644 3782 dia
674 3726 880 3783 Domini
913 3730 1060 3797 plcna
1085 3739 1156 3784 cst
1182 3742 1313 3785 terra
1349 3749 1367 3786 :
1396 3749 1488 3800 per
1512 3734 1694 3787 orbem
1722 3745 1939 3803 peccata
1967 3735 2144 3789 dimit-

557 3830 741 3876 tuntur
771 3822 1072 3877 hominibus
1104 3824 1154 3878 in
1180 3825 1541 3880 misericordia
1575 3813 1798 3881 Domini.

629 3913 682 3969 6.
724 3911 871 3986 [rem
901 3913 977 3987 6.]
1027 3913 1184 3968 Yet-lto
1228 3914 1436 3970 Domini
1483 3919 1593 3972 cocti
1630 3919 1817 3985 ﬁrmati
1846 3927 2005 3974 sunt:
2036 3935 2142 3974 non

555 4005 700 4060 enim
725 4023 753 4058 a
781 4006 970 4076 seipsis
995 4048 1009 4072 ,
1054 4007 1146 4061 sed
1181 4007 1352 4061 Verbo
1384 4010 1588 4062 Domini
1616 4009 1744 4078 justi
1773 4010 1964 4064 ﬁrmati
1996 4021 2138 4067 sunt.

555 4094 624 4149 Et
655 4095 850 4168 Spiritu
873 4099 973 4150 oris
999 4100 1106 4167 ejus
1133 4100 1292 4152 ontnis
1318 4100 1469 4154 rirtns
1493 4117 1667 4155 eorum
1695 4117 1712 4156 .'
1739 4112 1792 4157 et
1820 4113 2002 4158 sancto
2027 4103 2142 4173 ejus

555 4188 756 4257 Spiritu
786 4190 960 4244 omnis
990 4189 1118 4244 ﬁdes
1147 4207 1353 4245 eorum.

628 4280 679 4332 7.
725 4279 873 4351 [vcrs.
905 4279 980 4352 7.]
1021 4280 1340 4352 Congrcgans
1365 4285 1493 4336 sicut
1519 4286 1570 4338 in
1593 4297 1752 4342 utrem
1775 4306 1931 4360 aquas
1953 4295 2144 4352 maris:

555 4381 844 4440 congregat
876 4373 1094 4440 populos
1122 4374 1300 4426 sweuli
1335 4374 1384 4428 iu
1419 4378 1808 4435 cnul’essionetu
1843 4386 2142 4442 tuortilicati

556 4465 782 4536 peccati,
817 4481 882 4518 tte
911 4481 1001 4532 per
1025 4466 1326 4534 superbiam
1369 4468 1534 4524 libere
1563 4471 1816 4530 deﬂuant.
1860 4473 2066 4534 Poncns
2090 4481 2143 4534 in

559 4557 807 4612 thesauris
831 4557 1036 4626 abyssos
1065 4573 1083 4610 :
1110 4567 1161 4612 ct
1189 4558 1242 4612 in
1269 4561 1288 4590 ²
1319 4559 1395 4615 eis
1419 4564 1623 4619 occulta
1648 4578 1742 4620 sua
1767 4578 1945 4622 servat
1969 4570 2034 4624 ad
2061 4570 2146 4626 di-

557 4650 733 4705 vitias.

633 4746 687 4800 8.
730 4744 880 4818 [vcrs.
911 4744 994 4816 8.]
1036 4744 1228 4799 Timcat
1259 4745 1534 4804 Dominum
1575 4755 1735 4806 omnis
1767 4763 1896 4808 terra
1919 4771 1938 4810 :
1965 4756 2149 4812 timeat

557 4837 732 4894 omnis
778 4845 1040 4906 peccator,
1081 4845 1135 4891 ut
1179 4854 1396 4907 peccare
1433 4841 1659 4897 desinat.
1710 4845 1786 4898 Ab
1833 4847 1942 4914 ipso
1981 4860 2146 4905 autem

498 4972 500 4974 .
558 4939 962 4985 commoveantur
990 4945 1009 4983 :
1049 4947 1145 4985 nec
1191 4933 1481 4988 terroribus
1526 4934 1802 4993 hominum
1845 4940 1924 5014 yel
1969 4942 2145 5010 cujus-

557 5037 718 5092 quam
749 5033 1026 5088 creaturze,
1059 5023 1152 5078 sed
1183 5024 1248 5079 ab
1270 5025 1386 5096 ipso
1411 5040 1847 5088 commoveantur
1873 5050 2042 5092 omnes
2061 5039 2148 5108 qui

478 5154 480 5156 τ
557 5113 839 5168 inhabitant
865 5114 1050 5169 orbem.

473 5206 478 5282 ξ
629 5208 683 5264 9.
728 5206 875 5280 [vers
909 5208 988 5281 9.]
1032 5209 1280 5274 Quoniam
1307 5214 1412 5282 ipsc
1432 5214 1580 5281 dixit,
1609 5228 1655 5271 et
1683 5219 1818 5286 facta
1841 5231 1957 5276 sunt
1988 5238 2007 5278 :
2039 5237 2144 5280 non

469 5309 472 5334 ⁵
559 5303 705 5359 enim
752 5317 811 5356 ea
844 5318 959 5372 qua:
1005 5302 1240 5366 timeant,
1292 5306 1428 5359 alius
1463 5306 1653 5376 aliquis
1693 5311 1850 5376 fecit;
1900 5314 1992 5368 sed
2035 5317 2147 5384 ipso

559 5391 713 5458 dixit,
743 5402 796 5447 et
824 5392 957 5446 laeta
986 5404 1124 5447 sunt.
1158 5393 1280 5464 Ipse
1304 5399 1576 5465 mandavit,
1609 5411 1652 5454 et
1671 5413 1836 5456 creata
1856 5417 1972 5460 sunt
1992 5423 2010 5460 :
2035 5407 2147 5476 ipse

561 5483 831 5538 mandarit
863 5484 1036 5538 Verbo
1063 5503 1178 5550 suo,
1209 5495 1263 5540 et
1289 5499 1627 5545 creatusaut.

633 5575 720 5630 10.
765 5572 914 5647 [reis
947 5574 1057 5647 10.]
1097 5575 1349 5633 Dominus
1387 5580 1600 5650 dissipat
1638 5587 1850 5640 consilia
1876 5592 2096 5660 gentium
2124 5613 2144 5648 :

561 5681 668 5722 non
698 5681 813 5737 ejus
839 5680 1086 5736 regnum,
1113 5667 1206 5724 sed
1233 5685 1326 5727 sua
1357 5676 1706 5743 quaerentium
1730 5694 1912 5751 regna.
1943 5681 2141 5756 Repra-

627 5803 645 5866 f
671 5807 719 5849 tn
742 5799 926 5866 aliquot
944 5810 1068 5865 Mss,
1079 5804 1281 5866 justum.

625 5864 645 5895 ²
665 5868 794 5928 Mss,
817 5863 862 5916 et
880 5863 966 5931 eis,
988 5863 1171 5932 absum:
1194 5874 1540 5941 propositione,
1555 5875 1626 5930 in.

2947 302 3044 377 Ta:

1827 391 1888 449 s.
1915 345 2288 446 sueusrmt
2331 380 2640 444 Et'lSCOPl
3021 345 3065 444 ἶ
3134 441 3141 451 ,
3722 402 3804 466 tu

2249 497 2333 554 bat
2360 508 2528 552 autem
2550 500 2881 570 cogitationes
2898 497 3208 577 populorum
3231 517 3253 561 τ
3273 503 3654 567 beatitudinem
3672 523 3806 578 terre.

2247 605 2370 644 nam
2395 591 2912 659 concupiscentiam.
2949 593 3014 668 Et
3037 596 3272 664 reprobat
3292 599 3505 655 consilia
3526 605 3806 676 print-ipim:

2248 681 2440 735 talibus
2467 682 2677 750 populis
2705 683 2972 740 dominari
2995 688 3371 755 qumrentium.
3815 753 3822 762 ,

2319 771 2406 826 11.
2448 768 2603 845 [rem
2661 772 2776 846 11.]
2832 772 3112 833 Consilium
3160 792 3276 833 vero
3326 778 3539 838 Domini
3584 795 3734 844 manet
3768 794 3806 849 in

2246 875 2492 918 cateruam
2523 879 2544 919 .'
2575 865 2862 920 consilium
2894 881 3022 922 rem
3051 866 3262 924 Domini
3289 910 3305 938 ,
3351 888 3457 940 quo
3502 875 3702 932 beatum
3726 899 3806 942 nun

2245 954 2372 1011 facit
2414 955 2515 1009 nisi
2550 956 2826 1012 subditum
2857 959 2980 1022 sibi,
3025 970 3207 1016 manet
3238 962 3289 1015 in
3325 973 3607 1024 a-teruum.
3637 971 3806 1043 Cegita-
3900 1031 3901 1044 χ

2245 1047 2404 1102 tiones
2443 1049 2613 1102 cordis
2653 1050 2767 1120 ejus
2795 1050 2849 1104 in
2872 1051 3062 1106 statuta
3092 1054 3392 1110 seculorum
3440 1073 3462 1112 :
3503 1062 3809 1130 cogitationes

2245 1141 2526 1210 sapientise
2568 1141 2685 1211 ejus
2717 1158 2826 1199 non
2869 1155 3000 1200 sunt
3031 1147 3336 1214 mutabiles,
3371 1149 3467 1206 sed
3497 1168 3750 1214 tumentes
3770 1163 3808 1218 in

2243 1233 2495 1288 surculum
2521 1235 2721 1289 satculi.

2317 1326 2405 1380 12.
2447 1324 2599 1398 [ι’ρνι.
2634 1325 2748 1401 1‘3]
2790 1327 2948 1386 Beata
2991 1347 3116 1402 gens
3141 1335 3294 1405 cujus
3318 1343 3393 1390 est
3429 1333 3678 1395 Dominus
3704 1340 3809 1404 Deut

2244 1431 2416 1469 eorum
2444 1433 2466 1472 :
2496 1433 2596 1471 una
2625 1433 2758 1488 gens
2795 1419 2954 1475 beata
3000 1433 3103 1488 est,
3151 1425 3426 1494 pertinens
3468 1428 3537 1482 ad
3575 1432 3807 1492 calestem

2242 1509 2535 1576 civitatem,
2581 1527 2701 1581 quin
2743 1513 2846 1568 sibi
2901 1514 3185 1572 hominum
3232 1520 3445 1573 nonnisi
3481 1521 3645 1578 Deum
3684 1541 3808 1584 suum

2242 1599 2424 1670 elegit.
2470 1600 2703 1670 Populus
2741 1619 2887 1673 quem
2932 1604 3080 1672 elegit
3119 1604 3375 1662 Dominus
3418 1611 3474 1664 in
3505 1611 3808 1675 harcditatmt

2241 1692 2338 1747 sibi
2363 1709 2382 1748 :
2412 1709 2584 1764 neque
2614 1696 2727 1753 haec
2751 1712 2784 1751 ο
2812 1698 3011 1768 seipsa,
3037 1699 3134 1756 sed
3165 1701 3266 1758 Dei
3293 1719 3523 1762 munere
3543 1709 3700 1766 electa
3727 1724 3806 1780 est,

2243 1794 2300 1839 ut
2339 1787 2664 1856 possidendo
2684 1803 2838 1866 (iam,
2879 1790 3136 1848 incultam
3179 1802 3242 1852 et
3273 1796 3531 1855 miseram
3575 1815 3692 1858 esse
3725 1820 3807 1862 non

2242 1876 2405 1934 sinat.

2316 1970 2404 2026 13.
2447 1967 2595 2042 [vcrs.
2643 1969 2758 2044 13.]
2815 1969 2899 2029 De
2947 1975 3075 2032 coelo
3115 1979 3339 2047 respuit
3391 1978 3666 2047 Dominus,
3709 1987 3807 2041 sidit

2243 2075 2414 2115 omnes
2444 2062 2578 2129 ﬁlios
2607 2061 2867 2118 hominum
2896 2081 2916 2121 :
2941 2064 3009 2122 de
3037 2069 3213 2124 anima
3238 2069 3383 2140 justa
3416 2074 3802 2136 misericorditer

2242 2150 2374 2204 \‘ltill
2403 2150 2659 2207 Dominus
2683 2168 2873 2212 omnes
2895 2155 2983 2226 qui
3015 2157 3071 2212 in
3101 2175 3294 2217 novam
3322 2163 3488 2220 vitam
3513 2143 3708 2225 renasci
3735 2183 3802 2224 rs-

2245 2240 2384 2296 ltmt.
2735 2283 2742 2290 -

2317 2333 2405 2389 11.
2446 2331 2596 2406 [rem
2623 2333 2737 2409 14.]
2775 2334 2856 2392 De
2879 2349 3168 2410 prosperata
3188 2342 3479 2402 habitacula
3501 2365 3596 2404 suo
3618 2367 3636 2406 :
3657 2351 3716 2408 de
3736 2353 3808 2407 h-

2243 2424 2478 2482 bitacnlo
2503 2429 2857 2499 susceptionis
2883 2433 3150 2501 humanas,
3177 2437 3320 2506 quod
3352 2443 3673 2510 praeparavit
3698 2445 3795 2501 sibi.

2247 2519 2502 2591 Ilexpcxit
2531 2538 2680 2592 super
2705 2538 2878 2578 omnes
2909 2526 2997 2594 qui
3020 2525 3307 2587 inhabitant
3327 2541 3522 2588 terram
3549 2535 3567 2569 ⁸
3593 2554 3606 2590 :
3635 2538 3803 2593 miseri-

2246 2613 2482 2669 corditer
2503 2614 2631 2668 vidit
2655 2629 2844 2672 omnes
2864 2618 2955 2688 qui
2975 2617 3273 2679 inhabitant
3293 2638 3538 2695 carnem,
3593 2638 3646 2685 ut
3665 2630 3804 2701 parsit

2247 2705 2355 2761 illis
2386 2706 2436 2760 in
2464 2707 2698 2777 regendo
2724 2724 2839 2766 eos.

2325 2799 2409 2854 15.
2451 2795 2605 2872 [vers.
2654 2799 2769 2874 13.]
2811 2801 2913 2868 Qui
2937 2803 3086 2873 ﬁnxit
3111 2806 3411 2877 singillatim
3441 2811 3601 2866 corda
3626 2825 3804 2870 eorum:

2248 2889 2337 2961 qui
2359 2890 2609 2945 cordibus
2631 2905 2816 2948 eorum
2848 2892 2987 2949 dona
3014 2897 3228 2966 propria
3255 2900 3616 2969 spiritualiter
3642 2905 3802 2970 tribuit,

2250 2987 2308 3032 ut
2359 2995 2459 3037 nec
2509 2988 2678 3036 totum
2734 2997 2932 3055 corpus
2983 2988 3204 3055 oculus,
3256 3005 3356 3047 nec
3409 3001 3588 3050 totum
3639 2995 3803 3052 audiuit

2252 3069 2294 3144 (l
2324 3071 2442 3128 Cor.
2469 3089 2562 3138 xu,
2607 3076 2733 3148 17);
2764 3077 2860 3133 sed
2899 3079 3034 3146 alius
3055 3081 3152 3147 sic,
3188 3083 3323 3142 alius
3350 3097 3540 3144 autem
3571 3089 3645 3144 sic
3669 3088 3802 3144 incen-

2250 3175 2506 3234 porentur
2550 3167 2784 3224 Christo.
2829 3169 2931 3236 Qui
2958 3172 3192 3244 intelligit
3227 3177 3400 3231 omnia
3428 3191 3586 3245 opera
3618 3191 3800 3238 tam:

2248 3255 2388 3325 apud
2411 3257 2560 3314 illum
2585 3258 2856 3315 intellecta
2883 3272 3006 3317 sunt
3029 3266 3208 3320 omnia
3237 3282 3405 3336 opera
3429 3283 3638 3326 eorum.

2321 3351 2408 3405 16.
2452 3348 2600 3425 [vcrs.
2636 3351 2749 3425 16.]
2791 3353 2912 3410 Non
2955 3358 3124 3413 saluus
3160 3359 3246 3428 ﬁet
3293 3377 3387 3416 rex
3434 3364 3489 3417 in
3526 3364 3800 3422 multitudine

2247 3443 2442 3498 uirtutis
2465 3461 2484 3498 :
2515 3459 2620 3499 non
2656 3447 2834 3503 salvus
2872 3448 2965 3506 lict
2991 3452 3080 3521 qui
3109 3468 3328 3511 carnem
3353 3469 3510 3515 suam
3535 3461 3680 3530 regit,
3703 3459 3797 3514 siin

2248 3550 2342 3590 sua
2366 3537 2557 3590 virtute
2583 3539 2811 3596 multum
2843 3547 3262 3614 praesumpserit.
3306 3546 3422 3604 Nec
3446 3551 3588 3622 gigas
3608 3555 3638 3584 "
3664 3551 3797 3607 salter

2248 3628 2341 3682 erit
2371 3629 2422 3683 in
2466 3628 2789 3688 multitudine
2823 3633 3022 3691 virtutis
3047 3652 3154 3692 stuc
3189 3652 3208 3694 :
3247 3654 3348 3696 nec
3377 3643 3622 3713 quisquis
3647 3641 3795 3696 militat

2247 3730 2433 3776 contra
2461 3723 2898 3779 consuetudinem
2950 3729 3396 3799 concupiscentia
3436 3749 3567 3799 sum,
3597 3733 3670 3789 \‘el
3699 3745 3795 3790 solt-

2249 3820 2328 3865 tra
2373 3811 2640 3868 diabolum
2684 3823 2736 3870 et
2777 3817 3000 3885 angelos
3034 3818 3174 3888 ejus,
3199 3820 3380 3877 saluts
3406 3825 3532 3892 erit,
3567 3825 3614 3882 si
3637 3836 3795 3880 sesua

2248 3903 2541 3959 ful'llltttlllll
2571 3908 2794 3962 inultum
2825 3911 3174 3968 commiserit.

2319 3998 2407 4052 17.
2449 3996 2598 4072 [vers
2632 3998 2742 4071 17.]
2787 3999 3012 4056 Mendax
3039 4020 3192 4073 equus
3213 4005 3286 4060 ad
3310 4006 3530 4064 salutem
3556 4024 3580 4064 ξ
3613 4009 3790 4071 fallitur,
3883 3993 3886 4052 Ῑ

2246 4091 2484 4160 (ιυῖεψιίς
2518 4100 2667 4161 putat
2705 4093 2786 4147 vel
2839 4107 2934 4162 per
2959 4093 3203 4151 homines
3234 4096 3375 4154 inter
3399 4099 3637 4156 homines
3668 4113 3791 4156 acte-

2250 4191 2390 4251 ptam
2418 4199 2474 4236 se
2501 4183 2724 4239 salutem
2747 4185 2986 4256 adipisci,
3021 4189 3102 4242 vel
3133 4189 3332 4258 impetu
3355 4193 3694 4252 animositatis
3708 4207 3788 4247 sua!

2248 4272 2461 4329 ιιι-[πάϊ
2503 4290 2530 4328 a
2573 4276 2828 4348 pernicie.
2869 4277 2938 4333 lu
2958 4278 3270 4338 abundantia
3293 4295 3461 4341 autem
3494 4286 3683 4342 uirtutis
3711 4297 3790 4339 sua

2249 4383 2348 4421 non
2381 4369 2470 4421 crit
2495 4369 2661 4423 salvus
2687 4370 2725 4425 ³.

2323 4457 2409 4513 18.
2458 4457 2609 4531 [rer-s.
2642 4459 2759 4534 18.]
2803 4460 2936 4520 Ecce
2977 4463 3112 4519 oculi
3140 4463 3346 4523 Domini
3393 4485 3550 4540 super
3567 4475 3789 4524 nutricata

2250 4567 2362 4603 cuin
2393 4565 2412 4605 ε
2445 4551 2565 4620 quia
2605 4552 2650 4606 si
2693 4553 2920 4612 salutem
2949 4559 3168 4627 quzeris,
3209 4575 3338 4618 ccoo
3373 4563 3588 4618 dilectio
3621 4558 3786 4618 Domini

2251 4657 2412 4713 super
2453 4645 2700 4702 timentes
2735 4663 2881 4703 cum.
2938 4649 3215 4721 Sperantes
3252 4670 3405 4726 super
3443 4655 3786 4712 utiserlcordiau

2251 4739 2362 4806 ejus
2389 4752 2409 4791 :
2437 4747 2490 4792 et
2518 4749 2798 4809 sperantes
2827 4757 2932 4797 non
2968 4741 3024 4798 iu
3060 4744 3252 4802 virtute
3279 4760 3396 4814 sua.
3423 4749 3518 4806 sed
3546 4749 3598 4810 in
3625 4743 3786 4803 miseri-

2252 4829 2431 4884 cordia
2462 4830 2599 4901 ejus.

2325 4920 2410 4977 19.
2454 4921 2745 4997 [vcrs.19.]
2787 4922 2855 4981 Ut
2877 4935 3020 4980 eruat
3056 4943 3090 4981 a
3126 4937 3286 4983 morte
3321 4933 3515 4986 (animus
3556 4945 3724 4994 eorum,
3750 4934 3783 4979 et

2253 4997 2358 5068 alat
2384 5031 2466 5067 eos
2491 5013 2541 5068 iu
2578 5016 2710 5083 {mne
2739 5034 2758 5073 :
2791 5027 2847 5072 ut
2867 5018 2958 5074 det
2982 5019 3060 5074 eis
3098 5021 3408 5079 alimentum
3438 5025 3581 5082 veriti
3607 5033 3654 5078 et
3675 5033 3782 5077 sem-

2254 5107 2476 5176 piterna:
2507 5109 2764 5177 veritatis,
2797 5112 2942 5181 quod
2965 5115 3254 5170 amiserant
3279 5117 3402 5171 dum
3429 5124 3720 5188 prmsnmunt
3740 5112 3781 5166 in

2253 5202 2453 5256 viribus
2485 5203 2616 5270 suis,
2645 5212 2700 5260 ct
2734 5205 2855 5262 ideo
2894 5221 2995 5263 nec
3034 5207 3176 5278 ipsas
3197 5210 3342 5267 Vires
3369 5211 3558 5268 habent
3583 5210 3702 5266 Eum
3717 5205 3780 5273 ὶυ·

2253 5293 2431 5347 sxitiae.
3485 5325 3490 5329 ι

2325 5383 2412 5438 ‘20.
2452 5383 2608 5457 [rers.
2655 5385 2770 5460 20.]
2811 5390 2991 5444 Anima
3033 5403 3202 5448 nostra
3231 5397 3424 5465 patiens
3447 5396 3537 5452 crit
3564 5391 3778 5448 Domino:

2256 5488 2311 5529 ut
2338 5487 2513 5532 autem
2540 5489 2722 5548 postea
2747 5483 3015 5551 saginetnr
3043 5486 3178 5539 csris
3209 5489 3686 5559 ineorruplibilibus,
3714 5482 3772 5536 itt-

2255 5572 2405 5626 terim
2430 5572 2551 5628 dum
2579 5574 2665 5630 hic
2691 5584 2792 5642 est,
2819 5577 2990 5631 anima
3022 5579 3201 5638 nostra
3234 5563 3435 5653 patiens
3458 5583 3550 5639 erit
3578 5573 3770 5635 Demino.

2253 5706 2487 5818 aliptae,
2514 5717 2707 5758 mrum:
2727 5748 2742 5771 ,
2767 5720 2858 5772 pro
2888 5721 3011 5763 voce
3046 5718 3262 5780 terram;
3295 5709 3665 5772 dissentientibus
3690 5715 3768 5766 κει.

2315 5829 2535 5907 :tnatss.
2559 5830 2844 5907 commutet-
2863 5835 3107 5899 seruntur,
3134 5839 3319 5907 gigans.

2315 5892 2336 5924 ³
2359 5891 2431 5941 sic
2446 5897 2521 5944 Er.
2549 5901 2599 5945 et
2618 5902 2723 5948 MSS.
2747 5903 2805 5947 At
2822 5904 2949 5961 Lor.,
2971 5912 3065 5953 non
3082 5891 3340 5958 erit
