3950 6472
156 359 254 417 277
270 365 274 368 ‘

158 476 400 548 Quoniam
440 475 649 547 adjutor
683 479 731 527 et
758 476 1007 545 protector
1035 473 1202 523 uoster
1234 474 1308 520 cst
1338 479 1358 519 :
1405 462 1618 533 adiutor
1646 477 1746 518 tto-

152 560 254 633 stcr
276 581 376 634 est,
407 570 540 624 dum
565 582 822 623 conamur
840 562 907 620 ad
927 576 1083 630 eum;
1108 566 1162 618 ct
1181 565 1473 633 protector,
1503 556 1629 614 dum
1650 570 1743 613 re-

152 666 384 722 sistimus
419 660 753 717 adversario.

216 756 302 812 2i.
344 751 503 833 [vers.
530 748 644 827 2L]
685 750 816 819 Quia
841 748 892 805 iu
930 747 1041 819 ipso
1073 744 1325 803 (relabitur
1353 760 1441 801 cor
1465 752 1691 800 nostrum
1721 759 1740 800 :

151 863 250 904 non
274 846 414 901 enim
435 845 489 899 in
522 843 691 909 nobis,
720 842 806 897 ubi
830 855 1021 918 magna
1042 839 1160 896 sine
1187 837 1280 896 illo
1300 837 1476 908 iunpia
1499 843 1617 904 est;
1644 833 1739 894 scd

152 945 197 998 in
240 942 352 1015 ipso
390 937 667 994 laetabitur
694 951 788 992 cor
823 944 1092 991 nostrum.
1139 930 1207 987 Et
1247 928 1303 985 iu
1337 930 1538 985 nomine
1563 937 1741 986 sancto

151 1036 249 1108 τίεις
286 1033 609 1103 speravimus
645 1031 662 1063 ¹
696 1048 711 1085 :
741 1037 795 1086 et
836 1027 959 1083 ideo
1000 1023 1333 1101 speravimus
1361 1032 1614 1080 venturos
1641 1032 1739 1079 nos

152 1127 210 1184 ad
240 1122 431 1193 Deum,
459 1125 588 1198 quia
613 1120 768 1179 nobis
794 1116 1103 1179 absentibus
1133 1132 1231 1196 per
1268 1116 1427 1174 iidem
1456 1117 1601 1173 misit
1641 1126 1740 1177 tto-

152 1235 262 1275 men
289 1232 472 1273 suum.

212 1307 299 1369 22.
340 1306 498 1385 [verm
527 1301 644 1385 9.2.]
682 1300 804 1361 Fiat
826 1301 1169 1360 misericordia
1193 1308 1301 1370 tua,
1331 1292 1567 1369 Domine,
1587 1310 1740 1383 super

154 1420 248 1471 nos,
279 1402 408 1458 sicut
428 1399 743 1472 speravimus
772 1398 825 1453 iu
850 1406 897 1454 te
917 1412 937 1453 :
965 1395 1056 1453 ﬂat
1084 1392 1445 1452 misericordia
1483 1402 1595 1461 tua,
1618 1392 1734 1449 Do-

154 1495 303 1567 mine,
325 1510 499 1566 super
529 1509 628 1551 nos
648 1508 665 1565 ;
699 1507 824 1569 spes
842 1491 986 1550 enim
1012 1505 1122 1548 non
1141 1484 1439 1559 confundit,
1466 1486 1592 1561 quia
1615 1492 1739 1567 spe-

153 1590 369 1648 ravimus
393 1586 453 1645 in
477 1597 554 1645 te.

690 1695 1092 1761 ENARRATIO
1130 1695 1200 1759 li.

816 1827 1069 1873 ειιιοι.

601 1928 682 1988 De
708 1930 871 2007 prima
897 1938 1040 2005 patre
1066 1926 1284 1985 Psalmi.

213 2048 260 2107 l.
297 2044 451 2129 [rem
502 2042 586 2127 1.]
624 2044 871 2107 Psalmus
907 2046 1010 2103 iste
1051 2042 1300 2102 admonet
1335 2057 1436 2100 nos
1464 2041 1735 2103 exsultare

154 2142 199 2199 in
232 2130 478 2199 Domino.
514 2136 835 2197 luserihitur
871 2148 1071 2206 autem,
1107 2132 1224 2211 Ipsi
1259 2135 1447 2194 David.
1476 2134 1576 2209 Qui
1607 2151 1736 2208 ergo

151 2222 402 2307 pertinent
425 2230 496 2291 ad
521 2224 941 2289 sacratissimum
965 2245 1149 2288 semen
1172 2228 1359 2301 David,
1391 2225 1611 2288 audiant
1642 2245 1737 2286 vo-

153 2343 253 2385 cem
279 2342 451 2401 suam,
480 2334 539 2383 et
561 2324 744 2382 dicant
766 2340 948 2383 vocem
977 2340 1148 2390 suam,
1180 2332 1234 2385 et
1254 2322 1528 2381 exsultent
1552 2324 1603 2380 in
1628 2324 1734 2380 Do-

151 2419 297 2478 mino.
324 2416 414 2478 Sic
442 2429 632 2477 autem
676 2414 901 2493 incipit:
936 2412 1204 2477 Exsultate
1228 2416 1359 2492 justi
1394 2418 1448 2473 in
1495 2416 1733 2483 Domino,

154 2500 320 2588 iniusti
347 2514 629 2572 exsultent
658 2513 711 2570 in
741 2512 971 2570 srcculo:
1008 2511 1156 2569 ﬁnito
1181 2508 1401 2579 szcculo,
1429 2509 1608 2567 linitur
1633 2525 1729 2568 ex-

153 2606 349 2665 sultatio
400 2605 753 2683 injustorum.
816 2604 1096 2664 Exsultent
1143 2614 1320 2660 autem
1360 2602 1490 2676 justi
1529 2602 1584 2661 in
1630 2601 1736 2659 Do—

155 2692 314 2759 mino;
338 2701 458 2779 quia
478 2708 835 2775 permanente
852 2695 1099 2766 Domino,
1119 2695 1453 2771 permanebit
1468 2693 1733 2770 iustorum

155 2791 440 2849 exsultatio.
487 2788 779 2853 Exsultarc
809 2799 990 2847 autem
1017 2788 1072 2846 in
1102 2786 1327 2843 Domino
1355 2786 1427 2844 ita
1454 2787 1732 2862 convenit,

156 2897 203 2951 ut
222 2886 486 2949 laudemus
504 2884 660 2949 illum
681 2882 769 2959 qui
792 2876 935 2940 solus
961 2896 1067 2938 non
1096 2879 1257 2937 habet
1280 2876 1420 2954 quod
1438 2878 1592 2937 nobis
1620 2876 1736 2937 dis-

154 2976 362 3050 pliceat,
426 2988 486 3037 et
530 2991 697 3034 nemo
730 2985 836 3033 tam
882 2972 1047 3033 multa
1073 2971 1237 3029 habet
1275 2988 1396 3047 qua:
1434 2968 1736 3030 inﬁdelibus

156 3067 435 3143 displicent.
463 3068 536 3127 Et
568 3067 735 3124 breve
762 3076 1086 3145 przeceptum
1114 3073 1197 3121 est
1226 3080 1240 3119 :
1274 3062 1369 3121 ille
1396 3063 1571 3139 placet
1598 3060 1731 3137 Deo,

157 3159 228 3215 cui
254 3160 418 3231 placet
448 3160 621 3218 Deus.
655 3157 765 3221 Nec
795 3157 913 3217 leve
941 3156 1138 3235 putetis
1168 3153 1292 3225 hoc,
1321 3154 1605 3212 carissimi.
1637 3150 1737 3211 Vi-

160 3250 280 3307 detis
300 3253 439 3308 enim
470 3268 642 3325 quam
668 3249 820 3315 multi
850 3247 1123 3325 disputent
1147 3257 1334 3304 contra
1361 3244 1550 3316 Deum,
1576 3263 1736 3321 quam

160 3332 323 3403 multis
351 3344 683 3421 displiceant
706 3359 867 3415 opera
894 3341 1031 3419 ejus.
1060 3339 1193 3398 Cum
1217 3339 1359 3398 enim
1386 3340 1560 3397 facere
1586 3340 1739 3397 volu-

163 3439 250 3499 erit
276 3450 456 3495 contra
487 3436 825 3493 voluntatem
856 3434 1155 3503 hominum,
1183 3433 1306 3507 quia
1336 3432 1591 3491 Dominus
1615 3440 1697 3490 est
1715 3474 1733 3507 ,

165 3539 209 3586 et
237 3532 372 3588 novit
400 3531 534 3609 quid
567 3529 747 3599 faciat,
777 3543 877 3584 nec
902 3537 1010 3584 tam
1039 3524 1262 3583 attendit
1286 3534 1525 3584 nostram
1551 3525 1739 3582 volun-

168 3633 309 3683 tatem
330 3642 488 3699 quam
522 3623 806 3683 utilitatem
831 3640 846 3691 ;
877 3618 951 3681 illi
977 3620 1066 3695 qui
1094 3616 1295 3677 malunt
1319 3634 1469 3675 suam
1495 3618 1740 3675 volunta-

168 3725 257 3775 tem
290 3717 494 3795 impleri
542 3730 704 3789 quam
735 3712 829 3770 Dei
850 3756 866 3781 ,
901 3710 1088 3771 volunt
1123 3710 1190 3771 ad
1229 3726 1380 3769 suam
1409 3710 1737 3769 voluntatem

169 3806 359 3865 lleclcre
383 3804 585 3875 Deum,
615 3822 720 3865 non
752 3821 902 3862 suam
930 3804 1196 3876 corrigere
1222 3802 1287 3862 ad
1312 3804 1497 3863 Deum.
1522 3800 1739 3860 Talibus

170 3898 448 3961 hominibus
478 3890 813 3971 inﬁdelibus,
844 3898 1042 3973 impiis,
1077 3894 1294 3968 iniquis,
1322 3895 1461 3971 quod
1490 3895 1632 3973 piget
1659 3893 1743 3952 di-

172 4008 295 4064 cere,
322 3997 410 4057 sed
444 4004 629 4055 tamen
656 3990 853 4061 dicam,
887 3991 1056 4048 neSIis
1085 3989 1228 4046 enim
1252 4003 1410 4061 quam
1443 4003 1631 4051 verum
1660 3986 1742 4044 di-

173 4099 293 4153 cam,
323 4087 535 4147 facilius
561 4087 734 4163 placet
763 4084 1121 4157 pantomimus
1148 4080 1223 4159 (η)
1252 4097 1412 4159 quam
1440 4078 1598 4142 Deus.

230 4174 283 4232 2.
300 4177 586 4252 Propterea
598 4193 719 4236 eum
740 4177 981 4244 dixisset,
1002 4173 1264 4233 Exsultat:
1267 4174 1399 4251 justi
1419 4174 1471 4230 iu
1493 4174 1744 4241 Domino;

177 4266 280 4339 quia
307 4272 578 4328 exsultare
620 4270 672 4325 in
721 4269 811 4325 illo
850 4269 950 4323 nisi
990 4265 1256 4323 laudando
1294 4281 1399 4321 non
1435 4279 1740 4337 possumus,

180 4356 283 4412 eum
305 4371 473 4418 autem
496 4361 798 4424 laudamus,
823 4358 910 4415 cui
932 4368 1077 4413 tanto
1099 4357 1265 4431 magis
1288 4355 1558 4431 placemus
1577 4374 1746 4435 quan-

181 4455 229 4504 to
250 4451 406 4525 magis
435 4453 552 4527 ipse
583 4450 737 4508 nobis
777 4449 1068 4525 placuerit;
1111 4446 1293 4506 ηεσιοδ
1314 4490 1329 4521 ,
1361 4449 1566 4524 inquit,
1606 4448 1746 4509 decet

184 4540 403 4601 laudatio.
436 4546 537 4617 Qui
563 4554 688 4601 sunt
716 4540 893 4601 recti?
931 4541 1033 4613 Qui
1071 4541 1307 4614 dirigunt
1334 4557 1428 4598 eor
1454 4539 1747 4603 secundum

185 4632 485 4693 voluntatem
510 4636 602 4693 Dei
623 4654 639 4704 ;
662 4645 713 4692 et
736 4636 781 4691 si
802 4649 896 4691 eos
919 4633 1192 4709 perturbat
1214 4633 1445 4689 humana
1469 4634 1744 4707 fragilitas,

188 4721 342 4784 divina
367 4731 674 4801 consolatur
694 4729 919 4799 tenuitas
944 4745 957 4781 :
980 4727 1222 4799 quamvis
1250 4726 1393 4785 enim
1420 4726 1581 4784 corde
1606 4743 1750 4784 mor-

191 4814 269 4873 tali
295 4820 530 4889 privatim
558 4819 759 4899 aliquid
791 4818 954 4877 velint
975 4860 992 4886 ,
1023 4814 1165 4893 quod
1193 4834 1303 4875 sua:
1329 4819 1544 4879 interim
1573 4836 1751 4878 causa:

193 4906 261 4960 vel
297 4912 499 4983 negotio
521 4955 536 4978 ,
567 4912 652 4968 vel
692 4909 940 4983 praesenti
971 4908 1280 4969 necessitati
1311 4912 1630 4980 conveniat;
1659 4911 1752 4971 ubi

168 4980 529 5060 iintelleseriut
554 5013 609 5061 et
636 4980 982 5077 cognoverint
1022 4999 1165 5058 aliud
1202 4999 1370 5059 Deum
1401 5000 1540 5059 velle
1562 5043 1580 5073 ,
1610 5018 1752 5074 pra:-

199 5102 379 5156 pommt
405 5095 725 5157 voluntatem
758 5092 995 5155 melioris
1022 5093 1281 5149 voluntati
1307 5108 1444 5159 sure,
1478 5104 1534 5151 et
1557 5095 1750 5150 volun-

203 5187 342 5237 tatettt
383 5186 755 5263 omnipotentis
793 5185 1052 5243 voluntati
1090 5184 1308 5254 inﬁrmi,
1342 5194 1397 5244 et
1426 5186 1752 5245 voluntatem

205 5267 285 5325 Dei
310 5276 552 5335 voluntati
580 5278 839 5337 hominis.
866 5279 1130 5346 Quantum
1157 5279 1298 5335 enim
1330 5278 1473 5337 Deus
1496 5280 1658 5337 distat
1686 5280 1755 5339 ab

206 5355 397 5423 homine
424 5410 439 5435 ,
480 5376 680 5427 tantum
719 5367 964 5425 voluntas
1002 5368 1099 5426 Dei
1136 5386 1167 5425 a
1198 5370 1471 5428 voluntate
1500 5370 1753 5429 hominis.

209 5444 344 5508 Unde
378 5472 571 5533 gerens
599 5460 872 5518 hominem
914 5460 1159 5518 Christus
1182 5503 1199 5529 ,
1237 5469 1293 5517 ct
1333 5461 1571 5534 regulam
1603 5463 1757 5535 nobis

205 5554 474 5614 imponens
495 5597 509 5620 ,
541 5538 741 5611 docens
767 5569 864 5610 nos
888 5554 1069 5611 vivere
1090 5596 1106 5622 ,
1130 5564 1186 5612 et
1212 5564 1469 5627 prtestans
1497 5555 1652 5614 nobis
1675 5557 1757 5619 vi.

196 5642 339 5705 me.
365 5646 604 5703 ostendit
643 5645 877 5703 hominis
916 5645 1197 5721 quamdam
1226 5647 1486 5720 privatam
1509 5646 1759 5703 volunta-

200 5780 203 5787 ·
513 5784 565 5845 At
582 5778 693 5829 md.
717 5778 878 5845 ιιραει
897 5780 1118 5845 proximo
1138 5777 1261 5841 loco.
1286 5778 1601 5845 speratum.

274 5824 342 5893 in)
362 5824 1113 5902 ραιιιὸήὶὲηῐσῖὧὸυὲἰιὲἑῗῐιὲἆίἷ
1125 5824 1261 5905 iiii]
1272 5824 1609 5904 ἇὸὦῗιῐζὶῖῗὶ
1622 5846 1663 5895 t.
1724 5876 1731 5883 ε

1234 320 1634 402 manuario
1670 324 1736 395 lN
1771 336 2095 401 PSALMUM
2134 345 2347 405 χχχιι.

3332 379 3437 440 278
3452 353 3456 357 ⁴

1854 468 1983 530 tem,
2028 464 2079 520 in
2117 483 2218 538 qua
2259 485 2409 529 suam
2450 474 2691 549 figuravit
2728 492 2783 539 et
2823 497 3080 559 nostram,
3120 494 3242 565 quia
3275 512 3437 571 caput
3476 492 3484 562 ῗ

1849 564 2087 655 nostrum
2119 568 2219 629 cst,
2250 571 2304 618 et
2326 565 2393 621 ad
2419 584 2561 636 cum,
2592 572 2727 629 sicut
2754 579 2942 646 nostis,
2987 592 3234 655 tauquam
3262 564 3437 648 mem-

1846 646 1941 748 bra
1970 650 2153 722 utique
2181 655 2508 727 pertinemus
2537 679 2552 719 :
2582 661 2755 735 Pater,
2787 668 2992 743 inquit,
3023 678 3069 731 si
3095 646 3210 745 'licri
3239 646 3436 754 potest,

1847 744 2070 798 transeat
2107 762 2139 799 a
2176 764 2253 802 me
2292 750 2427 807 calix
2450 753 2560 811 istc.
2602 756 2727 816 llmc
2756 760 2986 820 humana
3015 744 3259 828 voluntas
3285 744 3434 845 erat;

1848 836 2120 906 proprium
2158 840 2355 910 aliquid
2395 852 2447 899 et
2487 853 2737 920 tanquam
2776 854 3038 922 privatum
3078 863 3282 921 volens.
3324 836 3435 928 Sed

1847 928 2198 1032 quia-rectum
2226 934 2388 993 corde
2413 939 2580 995 voluit
2606 956 2725 999 esse
2753 943 3021 1005 hominem
3047 993 3063 1018 ,
3090 964 3149 1009 ut
3177 957 3433 1032 quidquid

1846 1018 1901 1075 in
1940 1020 2032 1078 illo
2064 1024 2389 1095 aliquantum
2429 1046 2651 1090 curvum
2680 1046 2856 1105 esset,
2897 1040 2964 1097 ad
2996 1044 3145 1102 illum
3182 1018 3434 1124 dirigeret

1845 1113 1935 1184 qui
1961 1128 2174 1185 semper
2202 1126 2283 1174 est
2309 1131 2520 1190 rectus;
2558 1123 2742 1182 Verum
2771 1145 2872 1186 non
2893 1134 3028 1201 quod
3055 1154 3146 1210 ego
3173 1113 3314 1212 volo:
3333 1144 3429 1214 ait,

1844 1205 2098 1305 sed-quod-
2123 1220 2211 1305 tu,
2233 1211 2391 1269 Pater
2409 1213 2625 1287 (Matth.
2655 1236 2800 1290 xxvr,
2833 1224 2947 1296 59).
2974 1205 3228 1303 Sed—quid
3255 1205 3432 1305 posset

1838 1299 1971 1353 mali
1997 1300 2131 1399 vute
2154 1302 2435 1362 Christus?
2455 1308 2590 1379 Quid
2613 1322 2886 1383 postremo
2906 1317 3049 1374 aliud
3073 1299 3429 1399 posset-velle,
3475 1376 3486 1388 .

1844 1402 2000 1463 quam
2044 1392 2237 1451 Pater?
2262 1397 2499 1468 Quorum
2534 1416 2638 1459 una
2676 1415 2759 1462 est
2793 1406 3043 1468 divinitas
3066 1455 3082 1483 ,
3122 1430 3227 1472 non
3255 1392 3429 1492 potest

1844 1494 1967 1540 esse
1992 1484 2173 1556 dispar
2206 1490 2472 1549 voluntas.
2503 1493 2609 1551 Sed
2636 1511 2700 1552 ex
2730 1513 2957 1568 persona
2987 1502 3223 1563 hominis
3254 1484 3432 1569 imus-

1845 1574 2078 1645 llgurans
2100 1579 2149 1633 in
2172 1594 2231 1636 se
2252 1595 2397 1651 suos,
2422 1599 2555 1656 quos
2574 1587 2629 1643 in
2650 1603 2709 1645 se
2731 1591 3123 1663 transﬂguravit
3139 1639 3155 1665 ,
3178 1614 3299 1656 cum
3319 1604 3429 1673 ait,

1843 1663 2067 1764 _Esurivi,
2091 1680 2137 1725 et
2157 1670 2365 1729 dedistis
2385 1676 2510 1733 nti/ti
2531 1678 2840 1738 manducare
2859 1681 2970 1757 (Id.
2993 1702 3123 1756 xxv,
3144 1663 3237 1763 V55)
3257 1708 3272 1758 ;
3295 1663 3432 1764 quos

1840 1755 1895 1854 in
1917 1772 1977 1815 se
1996 1761 2407 1834 transiiguravit,
2430 1779 2552 1823 cum
2572 1767 2767 1828 furenti
2788 1783 2840 1830 et
2858 1755 3071 1835 sanctos
3090 1755 3432 1854 perseqttenti

1839 1846 2004 1948 Sunio
2030 1851 2281 1948 clamavit
2307 1856 2555 1929 desuper,
2583 1876 2740 1934 quem
2764 1881 2921 1924 nemo
2942 1846 3211 1942 tangebat,
3235 1846 3426 1948 Saule,

1841 1937 2024 2038 Satrio,
2046 1943 2172 2013 quid
2189 1961 2269 2038 nte
2288 1952 2596 2019 persequeris
2618 1949 2751 2024 (Act.
2775 1971 2850 2022 ιι,
2876 1958 2933 2030 4)
2949 1958 2974 2013 2
2993 1937 3225 2020 ostendit
3244 1937 3431 2038 quam;

1841 2032 1964 2089 dum
2004 2033 2236 2093 hominis
2274 2042 2543 2112 propriam
2585 2045 2956 2117 voluntatem;
2990 2055 3223 2112 ostendit
3252 2032 3306 2115 te
3328 2101 3344 2127 ,
3374 2071 3433 2117 et:

1840 2127 2076 2183 correxit
2101 2136 2172 2184 te.
2202 2129 2340 2188 Ecce
2366 2133 2521 2204 vide,
2554 2137 2762 2209 inquit,
2796 2147 2848 2196 te
2876 2142 2927 2197 in
2960 2160 3085 2212 me;
3126 2148 3248 2220 quia
3275 2160 3429 2222 potes

1839 2218 2038 2290 aliquid
2064 2223 2340 2295 proprium
2371 2226 2510 2285 velle
2528 2271 2545 2297 ,
2572 2238 2630 2285 ut
2652 2230 2793 2288 aliud
2825 2233 2966 2307 Deus
2993 2218 3157 2306 velit,
3181 2218 3432 2302 con-cedi-

1842 2319 1930 2368 tur
1955 2311 2058 2370 hoe
2082 2315 2329 2374 humana:
2359 2319 2648 2393 fragilitati,
2674 2327 2986 2384 conceditur
3014 2329 3260 2391 humana:
3284 2336 3433 2395 infir-

1839 2403 2047 2472 mitati;
2074 2407 2273 2480 aliquid
2300 2414 2571 2485 proprium
2594 2416 2753 2486 velle,
2780 2412 3000 2479 difﬁcile
3021 2432 3103 2479 est
3129 2434 3186 2480 ut
3207 2442 3313 2482 non
3337 2430 3433 2487 tibi

1841 2498 2110 2568 contingat
2140 2515 2155 2554 :
2184 2500 2277 2557 sed
2315 2506 2494 2560 statim
2532 2507 2703 2581 cogita
2744 2510 2833 2581 qui
2859 2512 2928 2568 sit
2956 2528 3115 2586 supra
3155 2525 3241 2585 te;
3280 2520 3431 2578 illum

1841 2605 2000 2663 supra
2027 2601 2109 2661 te,
2141 2603 2193 2650 te
2218 2595 2354 2653 infra
2384 2598 2566 2669 illum;
2597 2602 2743 2659 illum
2775 2614 3075 2664 creatorem
3097 2651 3111 2677 ,
3141 2619 3196 2668 te
3218 2623 3433 2672 creatu-

1840 2697 1985 2751 ram;
2011 2685 2159 2741 illum
2181 2686 2472 2758 dominum,
2498 2702 2549 2750 te
2568 2709 2805 2764 servum;
2820 2696 2967 2754 illum
2990 2701 3431 2775 omnipotentem,

1841 2774 1897 2830 te
1936 2776 2205 2834 iulirmum
2228 2821 2243 2847 ,
2274 2782 2548 2857 corrigens
2578 2794 2666 2854 te,
2703 2787 3136 2867 subjungensque
3168 2774 3433 2856 voluntati

1841 2864 2070 2960 eiustac
2093 2868 2296 2937 dicens,
2334 2870 2517 2928 Verum
2544 2892 2643 2931 non
2668 2879 2804 2949 quod
2829 2897 2918 2952 ego
2942 2864 3074 2949 volo,
3102 2886 3194 2940 sed
3215 2889 3352 2960 quod
3378 2899 3434 2945 tu

1841 2956 1935 3021 eis.
1968 2956 2128 3016 Pater
2149 2976 2169 3015 :
2188 2964 2455 3033 quomodo
2481 2963 2778 3038 disiunctus
2799 2984 2859 3026 es
2878 2986 2907 3026 a
2933 2973 3065 3041 Deo,
3088 2977 3177 3046 qui
3197 2956 3306 3048 jam
3330 2979 3433 3037 hoc

1841 3049 1924 3105 vis
1948 3048 2089 3122 quod
2119 3050 2303 3109 Deus?
2327 3053 2448 3112 Eris
2471 3070 2600 3129 ergo
2622 3068 2824 3127 rectus,
2853 3072 2905 3120 et
2932 3070 2983 3121 te
3009 3064 3220 3125 decebit
3244 3069 3432 3129 lauda-

1842 3140 1951 3209 tio;
1983 3144 2235 3214 quoniam
2266 3156 2429 3204 rectos
2456 3149 2596 3205 decet
2623 3150 2871 3210 laudatio.
3408 3180 3411 3183 ·

1911 3233 1966 3291 3.
1997 3234 2052 3293 Si
2077 3243 2253 3294 autem
2278 3252 2472 3297 curvus
2496 3239 2678 3310 fueris,
2704 3241 2889 3303 laudas
2911 3244 3076 3305 Deum
3098 3252 3313 3321 quando
3335 3254 3433 3313 tibi

1840 3324 1977 3384 bene
2015 3337 2133 3399 est,
2165 3328 2505 3404 blasphemas
2543 3334 2759 3406 quando
2799 3337 2895 3396 tibi
2939 3341 3079 3399 male
3112 3352 3198 3400 est
3237 3362 3253 3401 :
3292 3348 3436 3418 quod

1842 3421 2055 3494 quidem
2084 3423 2223 3482 male
2251 3425 2296 3483 si
2317 3425 2522 3498 justum
2548 3437 2650 3497 est,
2682 3445 2789 3487 non
2815 3442 2898 3490 est
2920 3435 3093 3502 male;
3121 3436 3323 3508 justum
3351 3449 3436 3497 est

1841 3523 2043 3586 autem,
2075 3517 2324 3589 quoniam
2351 3516 2419 3574 ab
2444 3520 2534 3576 illo
2558 3521 2617 3577 iit
2641 3521 2731 3595 qui
2755 3520 2950 3596 injuste
2976 3527 3154 3585 facere
3177 3530 3308 3585 nihil
3333 3544 3434 3603 po-

1842 3604 1986 3665 test:
2013 3619 2067 3667 et
2091 3610 2197 3667 eris
2224 3611 2457 3669 insulsus
2481 3627 2615 3685 puer
2634 3614 2687 3671 in
2713 3613 2876 3672 domo
2900 3619 3097 3690 patris,
3126 3636 3311 3678 amans
3337 3638 3434 3694 pa-

1844 3708 1980 3757 trem
2008 3700 2055 3757 si
2081 3700 2174 3758 tibi
2203 3700 2527 3774 blandiatur,
2559 3716 2615 3763 ct
2638 3705 2763 3762 odio
2791 3706 2996 3765 habens
3021 3711 3234 3782 quando
3262 3720 3312 3768 te
3340 3713 3437 3768 lla-

1843 3794 2034 3866 gellat;
2053 3796 2201 3869 quasi
2219 3811 2325 3852 non
2343 3807 2395 3854 et
2412 3796 2686 3856 blandiens
2702 3808 2756 3858 et
2773 3800 3046 3874 ﬂagellatis
3063 3805 3431 3862 haereditatem

1844 3894 2015 3957 paret.
2044 3884 2179 3944 Vide
2208 3898 2383 3945 autem
2423 3891 2869 3961 quemadmodum
2896 3895 3083 3953 deceat
3108 3908 3289 3954 rectos
3318 3899 3437 3955 lau-

1846 3979 2028 4050 datio,
2072 3981 2192 4037 audi
2232 3996 2417 4039 vocem
2456 3985 2591 4041 recti
2633 3985 2896 4044 laudantis
2933 4004 2999 4045 es
3038 3991 3141 4045 alio
3180 3992 3435 4062 psalmo:

1844 4066 2147 4127 Benedicatu
2178 4071 2452 4128 Dominam
2472 4070 2525 4128 in
2549 4076 2687 4130 omni
2713 4084 2955 4149 tempore,
2976 4095 3171 4155 semper
3190 4082 3307 4138 laus
3326 4082 3438 4155 ejus

1846 4161 1899 4216 iu
1929 4177 2016 4216 ore
2038 4178 2147 4216 meo
2175 4161 2360 4235 (Psol.
2390 4178 2557 4221 χχχιιι
2578 4209 2592 4233 ,
2616 4164 2712 4239 2).
2739 4166 2892 4236 Quod
2918 4179 2996 4226 est
3019 4212 3034 4237 ,
3063 4170 3118 4226 in
3146 4173 3285 4227 omni
3307 4182 3437 4229 tem-

1850 4266 2006 4324 pore;
2031 4250 2134 4310 hoc
2158 4262 2240 4310 est
2258 4295 2272 4319 ,
2299 4270 2496 4328 semper
2537 4272 2558 4311 :
2592 4266 2649 4312 ct
2675 4256 2820 4328 quod
2849 4268 2954 4328 est,
2982 4258 3267 4317 benedicens
3283 4279 3305 4331 ;
3336 4265 3439 4322 hoc

1849 4357 1931 4403 εει
1953 4387 1968 4413 ,
2001 4349 2114 4402 laus
2142 4348 2253 4419 ejus
2279 4346 2333 4402 in
2361 4363 2449 4403 oro
2482 4365 2609 4404 meo.
2641 4350 2799 4406 Omni
2840 4358 3084 4424 tempore
3108 4364 3163 4411 et
3189 4369 3437 4426 semper,

1850 4440 1962 4496 sive
1986 4438 2039 4497 in
2068 4441 2338 4512 prosperis
2361 4439 2474 4499 sive
2502 4441 2554 4498 in
2580 4440 2839 4500 adversis.
2863 4443 2999 4500 Nam
3020 4446 3065 4501 si
3090 4446 3143 4501 in
3166 4450 3442 4519 prosperis

1850 4542 1906 4589 et
1926 4548 2031 4589 non
2059 4530 2112 4589 in
2137 4533 2394 4603 adversis,
2422 4535 2693 4606 quomodo
2716 4536 2861 4592 omni
2889 4545 3150 4609 tempore,
3172 4524 3446 4609 quomodo

1851 4623 2106 4697 seraper?
2131 4634 2184 4681 et
2214 4624 2512 4686 audivimus
2537 4628 2735 4685 multas
2757 4628 3044 4685 multorum
3075 4630 3209 4686 tales
3236 4644 3400 4687 voces
3421 4645 3440 4686 :

1852 4712 2064 4791 quando
2089 4718 2195 4777 illis
2222 4721 2470 4790 provenit
2493 4720 2667 4792 aliqua
2698 4718 2944 4790 felicitas,
2977 4723 3279 4791 exsultant,
3307 4738 3445 4795 gau-

1853 4810 2018 4880 dent,
2048 4819 2264 4872 eantant
2290 4813 2421 4879 Deo.
2442 4811 2662 4872 laudant
2699 4812 2869 4873 Deum
2892 4830 2910 4883 ;
2935 4829 3045 4873 non
3084 4823 3208 4871 sunt
3237 4816 3445 4888 impro-

1854 4902 2036 4971 bandi,
2072 4904 2178 4959 imo
2205 4904 2540 4976 gaudendum
2569 4912 2654 4961 est
2680 4904 2803 4973 illis,
2836 4904 2959 4976 quia
2988 4906 3139 4962 multi
3166 4922 3266 4964 nec
3295 4915 3447 4967 tunc.

1853 4997 1961 5057 Sed
1991 4998 2076 5056 isti
2100 4999 2189 5072 qui
2215 5000 2324 5070 jam
2356 4999 2527 5061 Deum
2559 4994 2777 5061 laudare
2802 5013 2868 5060 ex
2897 5002 3267 5074 prosperitatis
3298 5014 3451 5077 parte

1855 5101 2150 5164 creperum,
2177 5090 2405 5149 docendi
2425 5100 2549 5149 sunt
2570 5101 2773 5165 patrem
2795 5107 3084 5165 agnoscere
3103 5103 3158 5149 et
3177 5094 3454 5168 flagellan-

1857 5192 1965 5240 tem
1983 5226 1996 5249 ,
2019 5199 2119 5240 nec
2138 5175 2469 5245 murmurare
2489 5183 2746 5243 adversus
2766 5184 3083 5258 corrigentis
3106 5200 3319 5242 manum
3340 5202 3356 5254 ;
3378 5202 3453 5243 ne

1857 5292 2074 5349 semper
2103 5279 2250 5349 pravi
2286 5289 2623 5337 mmaneates
2650 5278 2988 5340 exhatredari
3023 5289 3349 5348 mercantur,
3390 5286 3454 5335 ut

1860 5368 1986 5429 facti
2028 5370 2139 5442 jam
2159 5370 2315 5441 recti,
2341 5369 2489 5445 (quid
2511 5381 2591 5431 cst
2612 5372 2780 5437 recti?
2800 5371 2871 5429 Ut
2891 5371 3021 5427 nihil
3044 5372 3148 5428 illis
3167 5371 3451 5444 displiceat

1858 5461 2000 5533 quod
2027 5462 2210 5519 fecerit
2231 5462 2416 5533 Deus.)
2438 5463 2645 5531 possint
2662 5473 2719 5523 et
2738 5464 2791 5525 in
2809 5462 3050 5525 adversis
3068 5463 3239 5525 Deum
3259 5458 3454 5523 lauda.

1859 5572 1939 5623 re,
1967 5566 2020 5619 et
2045 5557 2262 5621 dicere:
2288 5558 2542 5615 Dominus
2566 5556 2735 5631 dedit,
2762 5559 3018 5616 Dominus
3034 5559 3288 5626 abstulit;
3311 5560 3452 5619 sicut

1864 5651 2091 5708 Domino
2127 5651 2357 5723 placuit,
2397 5651 2468 5707 ita
2504 5648 2703 5711 factum
2737 5660 2824 5711 est
2858 5669 2873 5707 :
2909 5652 2981 5709 sit
3007 5666 3202 5711 nomen
3237 5652 3456 5713 Domini

1860 5738 2203 5805 benedictum
2235 5742 2356 5819 (Iob
2409 5743 2593 5818 1,21).
2622 5742 2782 5803 't‘ales
2808 5753 2984 5802 rectos
3008 5745 3165 5804 decet
3192 5745 3450 5817 laudatio,
3478 5765 3489 5788 τ

1868 5853 1976 5895 non
2006 5838 2179 5909 primo
2205 5836 2514 5894 laudaturos
2532 5879 2548 5905 ,
2577 5847 2630 5895 et
2654 5830 2837 5908 postea
2864 5838 3287 5910 vituperaturus.
3475 5850 3495 5877 κ
