3950 6418
545 298 646 355 9.79

613 417 664 468 4.
712 413 846 480 lirgu
870 409 996 479 justi
1025 405 1176 472 recti,
1207 403 1463 459 exsultale
1495 401 1544 454 in
1576 397 1804 453 Domino
1839 416 1851 450 :
1883 397 2001 465 qttia
2031 411 2126 451 vos

541 507 695 559 llr-cet
744 503 991 557 laudatio.
1038 501 1204 554 Nemo
1245 496 1384 550 dicat
1418 513 1429 548 :
1462 494 1592 562 Quis
1637 507 1736 562 ego
1774 491 1990 561 justus,
2035 501 2127 546 aut

540 600 753 668 quando
779 614 876 666 ego
905 599 917 626 ³
943 596 1114 662 justus
1135 592 1160 644 ?
1183 590 1354 645 Nolite
1383 604 1478 643 vos
1502 588 1734 659 ahjiccre
1758 597 1814 642 et
1838 587 2124 657 desperare

539 693 604 746 de
636 692 800 745 vobis.
836 689 1087 742 llomines
1112 686 1260 749 estis,
1289 684 1353 737 ad
1380 684 1659 752 imaginem
1689 682 1779 735 Dei
1807 681 1926 735 lacti
1952 683 2118 736 estis:

538 785 625 854 qtti
657 798 750 834 vos
778 780 1018 833 homines
1051 778 1193 844 fecit,
1226 793 1322 846 pro
1351 777 1500 830 vobis
1527 787 1574 829 et
1609 776 1768 827 homo
1798 773 1963 828 factus
1991 783 2073 828 est
2105 792 2119 828 :

537 885 590 930 ut
623 874 769 928 multi
801 872 890 925 lilii
921 871 985 923 ad
1019 870 1384 924 hmreditatem
1426 867 1804 938 sempiternam
1837 866 2121 937 adoptare-

535 966 682 1029 mini,
712 964 926 1032 sanguis
957 962 1106 1018 Unici
1135 976 1230 1029 pro
1256 960 1406 1014 vobis
1430 960 1626 1014 ell'nsus
1648 969 1749 1013 est.
1772 957 1827 1014 Si
1856 975 1950 1013 vos
1973 959 2123 1014 vobis

535 1067 741 1112 terrena
775 1053 1059 1123 fragilitate
1089 1051 1316 1106 viluistis
1336 1091 1350 1115 ,
1383 1066 1445 1104 ex
1477 1051 1648 1120 pretio
1678 1061 1854 1104 vestro
1891 1065 1985 1103 vos
2021 1066 2120 1119 ap-

533 1151 748 1220 penditc
777 1167 791 1202 :
821 1146 946 1216 quid
977 1145 1324 1204 manducetis.
1360 1143 1484 1214 quid
1516 1143 1728 1208 bibatis,
1757 1159 1864 1214 quo
1889 1142 2122 1197 subseri-

532 1242 670 1297 batis
700 1243 870 1295 Amen
913 1242 934 1272 ²
960 1281 976 1306 ,
1007 1239 1165 1310 digne
1189 1239 1438 1309 cogitate.
1467 1237 1730 1308 Numquid
1762 1237 1861 1291 hoc
1885 1254 1979 1292 vos
2008 1253 2124 1292 mo-

530 1350 743 1396 nemus.
771 1343 828 1388 nt
849 1333 1060 1403 superbi
1085 1332 1221 1397 sitis,
1243 1339 1296 1386 et
1319 1331 1468 1385 vobis
1486 1331 1714 1401 aliquam
1741 1329 2119 1401 perfectionem

529 1426 773 1482 audeatis
812 1422 1102 1495 arrogare?
1141 1421 1245 1478 Sed
1277 1439 1380 1474 noti
1426 1422 1614 1475 iterum
1647 1422 1714 1475 ab
1743 1421 1888 1476 onmi
1913 1423 2119 1490 jnslilia

529 1533 627 1574 vos
649 1527 834 1588 putare
855 1515 1061 1571 debetis
1087 1513 1270 1568 exules
1295 1513 1428 1568 fieri.
1455 1511 1590 1567 ano
1612 1513 1752 1568 enim
1777 1527 1872 1568 vos
1893 1513 2120 1568 interro-

530 1629 659 1685 gare
689 1611 754 1666 de
779 1610 981 1681 jnstitia
1012 1617 1221 1672 vestra;
1257 1606 1495 1661 fortassis
1522 1606 1667 1661 enim
1698 1621 1856 1661 nemo
1883 1617 2117 1662 vestrum

529 1705 660 1761 mihi
706 1702 900 1758 audeat
941 1699 1295 1770 respondere.
1328 1697 1509 1754 Justus
1535 1713 1651 1752 smn
1682 1715 1697 1753 :
1730 1698 1821 1753 sed
1852 1698 2119 1769 interrogo

532 1811 626 1852 vos
651 1796 718 1851 de
746 1793 848 1849 lide
881 1803 1077 1848 vestra.
1105 1789 1257 1849 Sicut
1285 1805 1442 1845 nemo
1470 1799 1702 1844 vestrum
1729 1789 1892 1844 audet
1914 1788 2114 1857 dicere,

527 1890 709 1947 Justus
734 1903 850 1944 sum
878 1903 892 1951 ;
921 1887 997 1941 sic
1024 1899 1182 1940 nemo
1205 1883 1368 1939 audet
1392 1884 1590 1948 dicere,
1619 1882 1816 1938 Fidelis
1841 1899 1944 1937 non
1973 1899 2114 1939 sum.

524 1984 766 2042 Nondum
798 1995 982 2052 qnzero
1016 1978 1142 2050 qttid
1183 1977 1330 2032 vivas
1353 2019 1369 2043 ,
1413 1977 1505 2031 sed
1536 1993 1718 2046 qnzcro
1749 1976 1874 2046 quid
1905 1977 2114 2032 eredas.

523 2076 898 2146 Responsnrns
927 2086 986 2126 es
1013 2070 1233 2124 credere
1274 2080 1328 2123 te
1367 2069 1418 2122 in
1458 2067 1747 2122 Christum.
1777 2065 1890 2121 Non
1922 2067 2115 2121 audisti

521 2169 834 2240 Apostolnm
868 2185 881 2220 :
911 2164 1093 2218 Justus
1118 2178 1181 2217 ea:
1204 2162 1308 2232 [ide
1335 2162 1451 2214 vivit
1480 2160 1662 2231 (llam.
1707 2175 1744 2222 ι,
1780 2160 1844 2215 l7
1865 2160 1930 2232 )?
1959 2159 2118 2215 Fides

521 2273 632 2328 tua,
659 2260 860 2331 justitia
898 2267 980 2312 tua
1013 2274 1026 2310 :
1054 2256 1176 2326 quia
1208 2255 1389 2325 tttiqne
1416 2255 1459 2308 si
1491 2253 1685 2317 ert-dis,
1716 2268 1874 2308 caves
1899 2272 1913 2317 ;
1942 2254 1987 2308 si
2015 2269 2105 2308 att-

523 2368 628 2414 tcm
656 2368 835 2419 caves,
864 2350 1111 2414 conaris;
1145 2356 1200 2404 et
1227 2356 1475 2402 conatum
1507 2357 1651 2399 tntnn
1681 2347 1826 2399 novit
1857 2345 1993 2399 Deus
2013 2387 2028 2412 ,
2059 2354 2114 2400 et

519 2446 846 2502 voluntatem
882 2451 1024 2496 tuam
1053 2439 1304 2509 inspicit,
1337 2447 1390 2492 et
1420 2437 1616 2492 luctam
1645 2452 1765 2491 cum
1791 2452 1952 2492 carne
1979 2453 2111 2491 con-

519 2538 740 2600 siderat,
773 2547 827 2591 et
857 2534 1102 2588 hortatur
1129 2541 1187 2586 ιιι
1218 2543 1419 2600 pugnes
1443 2570 1455 2590 ,
1491 2539 1542 2583 et
1573 2528 1785 2598 adjuvat
1814 2539 1871 2582 nt
1896 2529 2108 2595 vineas,

517 2641 574 2688 et
601 2637 892 2685 certantem
919 2635 1193 2696 exspectat
1217 2624 1239 2656 ³
1259 2665 1274 2691 ,
1305 2635 1359 2678 et
1388 2622 1722 2679 deﬁcientem
1753 2623 2026 2686 sublevat,
2054 2629 2111 2680 et

517 2725 818 2778 vincentem
847 2727 1086 2774 coronat.
1121 2717 1279 2788 Ergo,
1312 2714 1582 2770 Exsultate
1597 2715 1731 2786 justi
1755 2716 1809 2769 in
1845 2714 2060 2769 Domino
2082 2729 2105 2770 :

516 2816 618 2870 hoc
641 2814 886 2878 dixerim,
919 2809 1190 2865 Exsultatc
1238 2805 1424 2862 ﬁdeles
1446 2805 1497 2859 in
1528 2805 1771 2869 Domino,
1794 2805 2109 2876 quiajustns

514 2924 581 2965 ex
623 2907 725 2962 ﬁde
764 2907 912 2960 vivit.
960 2902 1141 2956 Recto:
1185 2900 1325 2954 decet
1368 2898 1618 2953 laudatio.
1668 2897 1865 2953 Discite
1907 2898 2108 2968 gratias

513 3015 670 3073 agere
697 2999 806 3052 Deo
833 3007 886 3051 et
913 2995 963 3048 in
997 2989 1462 3063 prosperitatibus,
1491 2998 1546 3042 et
1573 2987 1624 3041 in
1657 2988 2105 3045 tribulationibus.

513 3091 714 3148 Discite
757 3087 952 3140 habere
993 3085 1042 3136 iu
1083 3080 1248 3137 corde
1285 3079 1426 3150 quod
1456 3078 1618 3133 habet
1651 3078 1825 3132 omnis
1866 3079 2025 3133 homo
2051 3079 2105 3134 in

512 3184 689 3254 lingua
720 3199 732 3234 :
766 3177 918 3246 Quod
951 3176 1062 3230 vult
1103 3175 1264 3228 Dens.
1303 3173 1415 3241 Ipsa
1446 3172 1622 3242 lingua
1652 3172 1918 3241 popularis
1941 3211 1955 3235 ,
1989 3173 2104 3240 ple-

512 3289 734 3344 rumque
779 3280 861 3324 est
893 3267 1134 3324 doctrina
1171 3264 1440 3318 salutaris.
1474 3263 1606 3330 Quis
1632 3279 1737 3317 non
1765 3264 2001 3332 quotidie
2024 3264 2106 3318 di-

511 3368 583 3423 cit
614 3383 629 3421 :
662 3361 813 3431 Quod
855 3360 965 3414 vult
997 3360 1136 3414 Deus
1177 3357 1278 3412 hoc
1306 3355 1468 3426 agat?
1499 3355 1566 3410 Et
1593 3366 1768 3411 rectus
1795 3357 1896 3412 erit
1919 3355 1940 3387 ⁸
1965 3358 2105 3413 inter

510 3471 605 3514 eos
633 3457 719 3524 qui
751 3451 1016 3509 exsultant
1044 3447 1094 3502 in
1129 3447 1377 3510 Domino,
1406 3455 1460 3500 et
1487 3461 1623 3516 quos
1648 3445 1802 3502 decet
1829 3446 2059 3503 laudatio
2085 3467 2099 3503 :

511 3548 694 3620 quales
741 3542 1028 3614 alloquitur
1068 3548 1460 3609 consequenter
1503 3537 1778 3600 Psalmns.
1829 3550 1883 3595 et
1923 3541 2099 3597 dicit:

511 3638 832 3709 Conﬁtentini
861 3635 1080 3689 Domino
1102 3633 1154 3686 in
1176 3632 1371 3687 cit/mra
1385 3673 1402 3696 ,
1427 3631 1479 3684 in
1503 3631 1742 3701 psalterio
1763 3633 1928 3687 decem
1949 3635 2101 3689 chor-

510 3736 691 3791 darum
722 3731 924 3804 psallite
951 3729 1016 3783 ci.
1044 3727 1157 3782 Hoc
1186 3726 1326 3780 enim
1356 3725 1516 3780 etiam
1545 3725 1705 3780 modo
1732 3727 2100 3797 cantabamus,

510 3829 613 3884 hoc
658 3841 751 3882 ore
790 3838 1026 3881 consono
1068 3819 1463 3892 exprimentes,
1497 3817 1660 3874 corda
1686 3829 1861 3874 vestra
1890 3819 1914 3852 ⁸
1936 3819 2100 3877 doce-

509 3919 824 4084 ωὲἶηῗιοειοε.
871 4004 952 4081 3.]
993 4005 1180 4061 Nonne
1225 4004 1276 4059 id
1321 4003 1431 4073 egit
1475 4002 1738 4059 institutio
1781 4005 1835 4060 in
1889 4007 2103 4063 nomine

508 4103 702 4161 Christi
733 4099 1045 4171 Vigiliarum
1096 4097 1318 4151 istarum
1350 4093 1450 4166 (a).
1484 4102 1541 4148 nt
1565 4110 1632 4149 ex
1663 4095 1765 4150 isto
1793 4095 1911 4151 loco
1935 4097 2104 4152 citha-

508 4213 583 4255 rae
616 4189 983 4266 pellerentur?
1011 4189 1078 4244 Et
1101 4203 1231 4245 ecce
1262 4188 1393 4256 ipse
1425 4185 1679 4255 jubentur
1703 4201 1896 4243 sonare
1923 4207 1937 4243 :
1963 4188 2102 4245 Con-

509 4289 740 4362 ﬁtemini,
774 4285 962 4355 inquit,
995 4281 1210 4335 Domino
1237 4279 1291 4332 in
1316 4278 1540 4341 cit/tura,
1576 4279 1629 4332 in
1659 4278 1901 4349 psalterio
1929 4282 2102 4338 decem

510 4380 818 4438 chordarum
863 4373 1066 4446 psallite
1093 4372 1159 4425 ei.
1202 4368 1368 4425 Nemo
1395 4378 1669 4424 convertat
1695 4385 1790 4426 cor
1813 4371 1878 4426 ad
1905 4388 2102 4445 organa

511 4469 789 4532 theatrica.
823 4467 977 4535 Quod
1005 4465 1051 4521 ei
1080 4463 1296 4535 jubetnr
1316 4504 1330 4526 ,
1366 4464 1419 4516 in
1478 4476 1537 4518 se
1566 4462 1763 4530 habet,
1792 4465 1931 4521 sicut
1979 4467 2102 4522 alibi

508 4567 705 4624 dicitur
735 4583 749 4618 :
779 4561 846 4615 In
875 4576 955 4614 me
982 4566 1097 4613 sunt
1125 4555 1264 4609 Deus
1291 4563 1424 4620 vota,
1451 4571 1565 4626 qua:
1588 4556 1800 4610 reddam
1823 4556 1990 4611 laudis
2012 4558 2103 4612 tibi

510 4658 682 4734 (Psal.
727 4671 831 4722 ιν,
874 4651 989 4723 12).
1031 4647 1383 4704 Meminerunt
1420 4649 1509 4719 qui
1547 4648 1754 4718 pridem
1797 4648 2100 4716 aﬂucrunt,

575 4822 593 4852 ι
622 4823 688 4867 tta
726 4821 832 4864 Mss.
875 4815 934 4860 At
968 4802 1240 4867 Edd.:Quis
1275 4817 1390 4871 ergo
1414 4802 1614 4868 justus,
1652 4809 1737 4855 aut
1785 4804 1980 4870 quando
2018 4819 2105 4858 ero

507 4888 732 4949 Ιῖιιῖίηδο..
889 4935 902 4949 .
1243 4936 1396 4949 ._---__
1474 4929 1691 4949 -.-μ-.-.ιη

573 4929 615 4975 ἶ
639 4929 784 4999 Edd.,
830 4929 1192 4999 subscribamitti
1239 4936 1415 4999 tamen.
1473 4929 1693 4981 Nonnulli
1746 4942 1811 4980 ex
1846 4931 2104 4999 atss.,__sul;-

507 5003 732 5058 sci-ibatis
770 4992 961 5051 tantum
1001 5009 1020 5048 :
1060 4997 1151 5047 sed
1198 5008 1262 5045 ex
1299 4995 1359 5044 iis
1395 5006 1570 5058 magna
1609 5006 1754 5056 pars,
1792 4992 2103 5046 subscribatis

508 5081 750 5185 "gelida,
770 5125 1019 5187 inspectat.
1037 5131 1142 5172 Mss.
1155 5133 1294 5180 vero,
1317 5124 1562 5187 exspectat
1588 5130 1607 5168 :
1629 5116 1757 5182 quod
1769 5117 1944 5168 eodem
1953 5131 2103 5170 sensu

509 5194 685 5267 passus
707 5180 770 5240 αἱ»
789 5180 1055 5267 elusum
1064 5180 1720 5267 εξιςιθιξι.νν.ρέεξ.ί1¹²ξεξυεῖε·.
1747 5242 1874 5267 ..

573 5258 595 5286 δ
621 5252 808 5316 Aliquot
828 5249 956 5298 διὲκ
985 5256 1084 5298 Hoc
1095 5252 1233 5312 agat,
1266 5250 1311 5295 et
1343 5250 1504 5295 rectus
1536 5249 1606 5294 est
1634 5254 1652 5292 :
1675 5249 1720 5293 et
1742 5249 1834 5294 erit
1854 5249 1980 5295 inter
2001 5256 2099 5304 eos,

508 5325 845 5438 θιῖἰἸρι-ἱιιιιιι
887 5380 1016 5433 Mss,
1053 5377 1222 5423 nostra
1251 5367 1432 5438 :_forte
1470 5381 1572 5438 non
1609 5368 1770 5417 minus
1811 5368 1944 5418 bene
1989 5381 2103 5438 eum

507 5439 660 5493 haece
701 5428 962 5486 verborum
999 5428 1391 5496 interpunctione
1422 5444 1435 5480 :
1461 5429 1580 5491 hoc,
1603 5443 1688 5481 ore
1708 5442 1910 5482 consono
1931 5428 2101 5495 expri-

507 5510 686 5555 mentes
703 5499 853 5566 corda
877 5504 1057 5557 nostra,
1081 5495 1386 5566 demittimus.
1476 5555 1507 5566 ι.
1583 5555 1596 5566 ε
1619 5554 1630 5566 ν

575 5552 647 5628 (ιι)
672 5561 878 5628 Consule
897 5552 1177 5610 sennunem
1197 5558 1251 5606 3|
1269 5558 1327 5628 l,_
1344 5568 1449 5617 cap.
1475 5555 1528 5628 5,
1548 5554 1631 5628 ubi
1649 5554 1756 5604 haec
1776 5556 1879 5626 ipsa
1901 5565 1988 5604 res
2021 5552 2100 5628 lu-

508 5617 757 5679 Culteittius
770 5625 1016 5680 refertur;
1044 5634 1205 5684 eoque
1231 5633 1292 5684 ex
1315 5618 1438 5684 loco,
1461 5619 1537 5684 uti
1557 5624 1610 5666 et
1634 5629 1697 5684 ex
1720 5617 1940 5678 proxime
1980 5617 2100 5684 sub-

507 5676 738 5752 sapienti
763 5676 1069 5752 tinarratione
1093 5676 1198 5752 ιιζξ)
1237 5679 1484 5752 intelliges
1524 5676 1877 5752 hosce—iuga
1904 5676 2092 5752 psalmo

509 5743 743 5803 tractatus
765 5748 956 5798 habitos
986 5746 1140 5799 fuisse
1169 5745 1221 5796 in
1254 5743 1463 5794 ecclesia
1500 5743 1586 5792 ubi
1619 5743 1836 5805 Cypriani
1875 5743 2102 5806 martyris

509 5823 688 5873 corpus
702 5810 910 5873 iacebat.

1783 278 1842 338 s.
1882 275 2252 339 AUGUSTINI
2288 277 2596 337 EPISCOPI
3718 291 3802 352 τεο

2238 393 2454 464 quando
2476 394 2602 466 quid
2632 396 2839 452 intersit
2863 397 3003 456 inter
3031 400 3338 470 psalterium
3364 413 3424 461 et
3444 404 3694 462 citharam
3719 407 3798 481 la),

2236 486 2376 538 sicut
2405 488 2694 555 potuimus,
2727 505 2974 547 sermone
2999 492 3381 564 discrevimus,
3415 507 3474 552 et
3499 497 3564 552 ad
3591 498 3799 558 intellec-

2237 586 2346 632 ttnn
2361 580 2595 633 omnium
2611 580 2899 649 perducere
2922 583 3130 639 interim
3147 588 3320 642 conati
3339 603 3530 642 sumus
3553 607 3565 638 :
3584 602 3802 658 quantum

2235 681 2412 727 autem
2444 673 2776 729 ellecerimns
2800 718 2815 741 ,
2857 664 3091 732 viderint
3131 681 3218 750 qni
3259 682 3567 737 audierunt.
3602 683 3663 739 Et
3690 703 3804 744 nunc

2235 778 2340 816 non
2371 764 2671 834 importune
2699 770 2987 836 repetimus
3011 812 3027 835 ,
3059 781 3114 824 ιιι
3145 772 3195 825 in
3227 773 3322 827 ista
3353 774 3669 832 diversitate
3693 777 3801 831 duo-

2232 870 2351 912 rum
2381 859 2852 916 instrmnrntorutn
2885 865 3235 930 musicorum,
3265 867 3636 923 diversitatem
3666 868 3803 928 farto-

2233 964 2351 1005 rtnn
2383 951 2738 1007 humanorum
2771 954 3102 1010 inveniamus
3126 999 3142 1020 ,
3173 957 3532 1026 significatam
3564 976 3657 1030 per
3675 959 3801 1026 haec,

2233 1042 2556 1110 implendam
2580 1052 2756 1100 autem
2781 1060 2876 1116 per
2898 1047 3058 1102 vitam
3079 1057 3334 1104 nostram.
3351 1047 3577 1104 Cithara
3598 1052 3614 1082 ⁸
3631 1051 3802 1122 lignum

2231 1133 2360 1189 illud
2401 1149 2695 1191 concavum
2726 1146 2976 1208 tanquam
3008 1149 3316 1211 tympanum
3361 1143 3639 1212 pendente
3667 1154 3803 1200 testu-

2230 1227 2376 1292 dine,
2401 1229 2486 1283 cui
2520 1229 2661 1298 ligno
2685 1231 2899 1285 chorda:
2925 1233 3247 1300 innituntur,
3277 1243 3329 1288 ιιι
3358 1245 3519 1290 laeta:
3543 1249 3800 1292 resonent:

2229 1334 2338 1375 non
2371 1321 2630 1392 ph-ctrnm
2661 1322 2781 1379 dico
2809 1340 2914 1395 quo
2958 1335 3248 1396 tanguntur
3269 1369 3283 1391 .
3327 1329 3422 1384 sed
3467 1328 3668 1399 lignum
3699 1331 3803 1386 illud

2228 1411 2338 1466 dixi
2367 1428 2659 1469 concavum
2687 1416 2773 1470 cui
2803 1417 3173 1487 snperjaccnt,
3204 1419 3289 1473 cui
3315 1419 3716 1491 qnodannnodo
3736 1422 3802 1478 in-

2227 1505 2505 1570 cumbunt,
2535 1517 2591 1560 ut
2617 1521 2680 1562 ex
2714 1508 2806 1561 illo
2833 1523 2955 1563 cum
2983 1519 3272 1580 tanguntur
3298 1512 3657 1579 tremefactze,
3683 1525 3731 1571 et
3751 1534 3803 1574 ex

2229 1598 2317 1654 illa
2357 1601 2690 1656 concavitate
2726 1618 2919 1659 sonum
2958 1607 3357 1675 concipientes.
3401 1610 3580 1680 magis
3620 1626 3802 1669 canora:

2228 1691 2555 1745 reddantur:
2582 1691 2682 1749 hoc
2705 1708 2833 1765 ergo
2862 1694 3062 1765 lignum
3083 1696 3284 1751 cithara
3310 1697 3361 1752 in
3392 1696 3656 1756 inferiore
3677 1697 3803 1771 parte

2227 1780 2421 1848 habet,
2465 1785 2771 1853 pSaIterinm
2813 1787 2863 1840 in
2905 1789 3199 1857 superiore.
3243 1791 3368 1846 llaec
3405 1803 3494 1847 est
3532 1792 3799 1850 distinctio.

2227 1873 2484 1930 Jubemnr
2505 1886 2678 1931 autem
2698 1878 2856 1933 modo
2870 1882 3109 1936 eonliteri
3131 1882 3180 1936 in
3197 1883 3397 1938 cithara
3417 1927 3434 1951 ,
3454 1895 3510 1940 et
3531 1888 3744 1955 psallere
3759 1891 3800 1944 in

2228 1966 2480 2035 psalterio
2504 1967 2689 2023 decem
2716 1969 3054 2027 chordarum.
3089 1971 3204 2028 Non
3233 1974 3369 2030 dixit
3405 1977 3458 2030 in
3491 1978 3694 2032 cithara
3720 1980 3798 2034 de-

2224 2072 2341 2112 cem
2371 2058 2715 2126 chnrdarnm,
2751 2078 2921 2133 neque
2949 2062 3001 2118 in
3030 2065 3130 2120 hoc
3159 2067 3384 2137 psalmo,
3415 2084 3619 2140 neque,
3646 2072 3689 2128 si
3713 2089 3798 2130 non

2223 2150 2396 2216 fallor,
2431 2153 2645 2209 alicubi.
2676 2153 2896 2225 Legant,
2925 2168 2977 2212 et
3007 2160 3346 2216 considerent
3374 2163 3572 2219 melius
3601 2175 3655 2219 et
3677 2166 3796 2220 otio-

2222 2242 2334 2296 sius
2361 2243 2453 2297 lilii
2481 2245 2646 2299 n0stri
2671 2244 2926 2303 Lectores
2951 2267 2966 2303 :
2993 2260 3166 2305 tamen
3193 2263 3450 2322 quantum
3477 2256 3611 2310 mihi
3639 2257 3797 2313 videor

2220 2337 2551 2404 meminisse,
2587 2340 2766 2395 multis
2794 2341 2925 2397 locis
2957 2344 3256 2400 invenimus
3281 2349 3603 2418 psalterium
3631 2353 3792 2408 decem

2219 2426 2563 2499 chordarum,
2588 2433 2848 2488 citharam
2871 2434 3056 2490 decem
3078 2437 3398 2495 chordarum
3421 2458 3684 2514 nusquam
3707 2445 3791 2500 mi-

2221 2521 2273 2575 hi
2308 2522 2502 2579 lecttnn
2534 2526 2789 2581 occurrit.
2820 2525 3145 2583 Mementote
3173 2529 3432 2587 citharam
3463 2549 3531 2589 ex
3565 2536 3793 2593 inferiore

2219 2625 2374 2681 parte
2403 2613 2605 2670 habere
2632 2632 2740 2687 quo
2768 2629 2943 2685 sonat,
2975 2620 3283 2691 psalterium
3313 2639 3378 2680 ex
3406 2629 3702 2698 superiore.
3727 2629 3791 2687 Ex

2216 2703 2469 2761 inferiore
2495 2707 2623 2774 vita,
2653 2708 2702 2762 id
2730 2718 2815 2765 est
2841 2719 3051 2767 terrena
3070 2757 3085 2780 ,
3117 2713 3375 2773 habemus
3403 2722 3790 2790 prosperitatem

2215 2807 2270 2852 et
2302 2797 2713 2867 adversitatem,
2745 2802 2886 2859 unde
2918 2804 3082 2859 Deum
3110 2805 3386 2864 laudemus
3410 2810 3432 2842 ²
3459 2811 3511 2865 in
3546 2823 3785 2885 utroque,

2215 2898 2273 2944 ιιι
2297 2905 2513 2962 semper
2539 2893 2609 2947 sit
2637 2893 2750 2949 laus
2775 2895 2891 2965 ejus
2916 2895 2966 2950 in
2989 2911 3083 2952 ore
3111 2908 3316 2966 nostro,
3344 2910 3399 2955 et
3427 2902 3787 2962 bcnedicamus

2215 2983 2499 3040 Dominum
2526 2987 2577 3040 in
2602 2992 2745 3043 omni
2772 2999 3012 3059 tempore
3033 2991 3202 3063 (Psal.
3229 3010 3417 3061 χχχιιι,
3441 2997 3523 3071 2).
3551 2999 3643 3056 Est
3663 3002 3783 3058 enim

2212 3076 2454 3147 quaedam
2484 3089 2688 3135 terrena
2720 3083 3066 3152 prosperitas,
3089 3094 3170 3139 est
3195 3087 3438 3156 quaedam
3470 3099 3679 3148 terrena
3703 3093 3782 3148 ad-

2211 3169 2438 3224 versitas
2465 3186 2479 3226 :
2507 3185 2570 3226 ex
2605 3184 2830 3242 utroque
2862 3174 3156 3230 laudandus
3183 3188 3260 3232 est
3297 3179 3471 3248 Deus,
3500 3193 3556 3236 ιιι
3583 3183 3782 3240 cithari-

2212 3276 2414 3316 zenins.
2443 3262 2572 3329 Qua:
2597 3273 2681 3318 est
2709 3272 2916 3319 terrena
2944 3269 3305 3338 prosperitas?
3328 3269 3462 3325 Cum
3485 3275 3599 3328 sani
3620 3290 3780 3332 sumus

2211 3353 2502 3407 secundum
2531 3369 2771 3418 carnem,
2801 3371 2921 3410 cum
2949 3357 3223 3414 abundant
3252 3363 3426 3416 omnia
3454 3366 3644 3435 quibus
3668 3367 3779 3422 rivi-

2211 3460 2332 3500 mus
2355 3487 2372 3511 ,
2403 3461 2524 3500 cum
2556 3446 2895 3501 incolumitas
2926 3459 3107 3504 nostra
3137 3464 3381 3508 servatur
3405 3496 3420 3520 ,
3450 3470 3570 3512 enm
3600 3457 3776 3515 fructus

2209 3537 2355 3607 large
2387 3539 2735 3606 proveniunt,
2779 3555 2898 3594 eum
2941 3543 3106 3598 solem
3150 3559 3303 3600 suum
3330 3549 3461 3603 oriri
3494 3550 3612 3606 facit
3637 3568 3776 3624 super

2209 3627 2380 3682 bonos
2401 3639 2452 3684 et
2473 3630 2661 3693 malos.
2686 3642 2735 3685 ct
2756 3632 2886 3702 pluit
2904 3635 3252 3705 superjnstos
3267 3648 3316 3692 et
3339 3638 3565 3710 injustas
3583 3643 3771 3714 (Matth.

2209 3734 2262 3786 v,
2285 3719 2398 3792 45).
2428 3720 2554 3777 Ηωο
2572 3723 2751 3777 omnia
2773 3725 2836 3778 ad
2858 3725 3016 3779 vitam
3042 3735 3304 3784 terrenam
3330 3734 3526 3788 valent.
3549 3735 3773 3807 Quisquis

2208 3811 2333 3868 inde
2356 3827 2460 3867 non
2483 3813 2661 3869 laudat
2684 3815 2872 3884 Deum,
2899 3816 3134 3888 ingratus
3152 3829 3253 3876 est.
3275 3821 3541 3896 Numquid
3560 3830 3671 3899 quia
3691 3838 3772 3884 ter-

2208 3918 2360 3971 rena,
2384 3904 2504 3960 ideo
2534 3920 2640 3960 non
2670 3906 2763 3962 Dei
2795 3909 2955 3962 sunt?
2981 3911 3087 3964 Ant
3113 3911 3230 3968 ideo
3255 3914 3388 3969 alter
3411 3932 3476 3972 ea
3501 3919 3624 3976 dare
3648 3921 3769 3992 cogi-

2210 3995 2400 4051 tandns
2428 4007 2531 4064 est,
2563 3998 2684 4069 quia
2715 3999 2910 4054 dantur
2937 4010 2992 4054 et
3021 4003 3216 4058 malis?
3241 4005 3517 4078 Multiplex
3544 4023 3623 4067 est
3647 4014 3766 4069 enim

2209 4088 2572 4144 tniserieordia
2605 4091 2719 4158 Dei,
2749 4093 2954 4162 patiens
2980 4103 3082 4160 est,
3112 4095 3449 4167 longanimis.
3480 4103 3604 4161 Inde
3627 4106 3766 4178 magis

2208 4180 2474 4252 signiﬁcat
2493 4182 2618 4253 quid
2641 4193 2819 4239 servet
2839 4183 3017 4250 bonis,
3037 4201 3156 4240 eum
3175 4189 3407 4246 ostendit
3423 4205 3614 4263 quanta
3630 4195 3766 4252 donet

2208 4287 2260 4333 et
2282 4279 2456 4333 malis.
2476 4278 2842 4335 Adversitates
2857 4292 3058 4348 autent,
3079 4299 3144 4338 ex
3162 4285 3410 4343 inferiore
3427 4292 3605 4363 tttique
3620 4303 3762 4364 parte,

2206 4368 2274 4424 de
2303 4371 2587 4442 fragilitate
2610 4373 2821 4444 generis
2843 4373 3077 4439 humani,
3107 4377 3157 4430 in
3182 4377 3476 4449 doloribus,
3503 4383 3553 4439 in
3578 4387 3775 4456 langno-'

2207 4461 2380 4530 ribus,
2415 4463 2465 4518 in
2500 4465 2798 4534 pressuris.
2830 4463 2881 4519 in
2915 4467 3376 4537 tribulationilms,
3407 4474 3459 4529 in
3492 4478 3762 4532 tentationi-

2206 4553 2324 4610 bus.
2356 4553 2565 4626 Ubique
2589 4556 2768 4612 laudet
2795 4557 2957 4614 Deum
2983 4560 3071 4629 qui
3097 4561 3394 4619 eitbarizat.
3419 4565 3532 4623 Non
3555 4569 3760 4625 attendat

2205 4653 2329 4723 quia
2361 4649 2612 4706 inferiora
2639 4662 2783 4720 sunt,
2814 4653 2907 4710 sed
2934 4655 3055 4725 quia
3081 4664 3136 4710 et
3162 4656 3272 4728 regi
3298 4667 3352 4712 et
3379 4660 3650 4731 gubernari
3676 4678 3757 4717 non

2207 4753 2465 4816 possunt,
2508 4743 2610 4799 nisi
2649 4743 2718 4799 ab
2756 4743 2844 4799 illa
2881 4743 3186 4815 Sapientia,
3225 4765 3346 4820 qua!
3381 4754 3593 4827 attingit
3621 4772 3646 4811 a
3679 4755 3757 4810 line

2207 4851 2376 4907 usque
2413 4834 2480 4890 ad
2521 4835 2678 4892 linem
2721 4835 2945 4905 fortiter,
2987 4848 3038 4894 et
3075 4839 3310 4910 disponit
3346 4846 3523 4900 omnia
3561 4849 3757 4903 suaviter

2209 4926 2364 5001 (Sap.
2394 4944 2484 4983 vni
2509 4970 2524 4994 ,
2559 4928 2636 4999 l).
2673 4927 2789 4983 Non
2828 4929 2969 4984 enim
3005 4932 3242 4987 coelestia
3283 4937 3456 5006 regit,
3495 4949 3549 4994 et
3584 4949 3754 4995 terrena

2205 5021 2403 5077 deserit
2433 5040 2446 5076 :
2476 5031 2568 5075 aut
2595 5036 2698 5076 non
2733 5021 2808 5076 illi
2838 5022 3063 5089 dicitur,
3099 5026 3210 5092 Quo
3235 5028 3383 5083 abibo
3411 5047 3442 5083 a
3465 5034 3634 5102 spiritu
3656 5047 3754 5087 tuo.

2206 5126 2253 5172 et
2289 5134 2322 5170 a
2359 5117 2489 5189 facie
2515 5126 2602 5169 tua
2631 5132 2730 5186 quo
2761 5117 2952 5188 fugiant
2975 5119 2999 5172 ?
3025 5118 3087 5174 Si
3114 5121 3389 5176 escendero
3419 5127 3468 5176 in
3497 5128 3661 5179 caelum
3680 5165 3693 5187 ,
3720 5135 3743 5174 ιι

2205 5211 2276 5265 ibi
2303 5227 2377 5274 es;
2407 5209 2451 5263 si
2475 5208 2778 5263 descendero
2800 5209 2852 5264 in
2880 5210 3152 5282 infernum,
3180 5213 3302 5266 ades
3332 5211 3502 5283 (Psal.
3530 5231 3724 5270 cvxvvin

2207 5305 2261 5373 7,
2290 5303 2384 5378 8)?
2407 5302 2509 5359 Ubi
2533 5317 2659 5375 ergo
2684 5302 2834 5360 deest
2853 5304 2941 5375 qui
2963 5320 3222 5376 nusquam
3243 5323 3349 5362 non
3371 5311 3485 5366 est?
3503 5311 3629 5380 Ergo
3648 5326 3745 5362 cnn-

2270 5487 2447 5555 fAl-Jdda
2473 5486 2671 5555 (illlam
2689 5494 2758 5555 est
2792 5485 2989 5552 lignum.
3028 5493 3293 5554 Expunge,
3318 5497 3389 5542 est
3418 5503 3435 5541 :
3458 5491 3563 5555 quia
3585 5497 3738 5537 sensum

2206 5550 2348 5607 tollit.
2374 5564 2466 5601 nec
2487 5550 2698 5600 habetur
2721 5551 2768 5599 in
2792 5550 2899 5600 MSS.

2268 5612 2680 5682 {rlerique‘tussa
2712 5621 2784 5662 Ex
2805 5612 3032 5682 inferiore
3064 5611 3159 5664 rita
3175 5649 3190 5672 ,
3214 5628 3279 5666 ea:
3300 5616 3392 5667 ista
3413 5623 3536 5667 terra
3557 5614 3734 5663 Itabcmtu

2206 5673 2337 5742 unde
2356 5672 2505 5742 neunt
2529 5672 2797 5742 laudemus,
2821 5672 2931 5724 etin
2957 5683 3173 5742 utroque,
3199 5683 3250 5726 ut
3271 5692 3473 5742 sentpcr,
3497 5685 3583 5728 etc.

2271 5735 2346 5799 (a)
2373 5735 2586 5799 I’salterti
2625 5742 2675 5784 et
2704 5738 2902 5786 cithara:
2937 5732 3216 5789 discrimen.
3256 5732 3530 5791 \'id.'Euar.
3566 5742 3610 5791 ιιι
3645 5732 3731 5786 rsJ.

2209 5795 2394 5860 uiuet
2415 5795 2516 5848 t‘sal
2565 5809 2681 5858 ιιι,
2704 5811 2852 5848 serat.
2883 5799 2957 5860 tl,
2981 5813 3032 5849 ιι.
3063 5800 3137 5850 tl.
