3950 6410
112 486 307 553 {itere
331 478 553 536 Domino
583 476 634 531 in
663 472 885 529 cithara.
918 466 1049 526 Sive
1078 463 1175 520 tibi
1199 459 1434 517 abundet
1458 468 1729 513 terrenum

110 548 367 645 :a‘lliquid,
397 570 593 643 gratias
620 582 717 636 age
746 563 822 618 illi
849 561 940 631 qui
966 558 1152 622 dedit;
1181 556 1294 609 sive
1325 552 1418 608 tibi
1442 551 1582 606 desit
1604 592 1617 613 ,
1648 548 1731 604 vel

122 643 294 735 forte
317 666 506 720 danmo
532 661 624 716 tibi
650 658 941 719 auferatur,
969 651 1220 708 cithariza
1248 661 1488 703 securus.
1516 643 1629 699 Non
1652 651 1732 697 est

116 734 298 817 cnim
323 757 402 809 ille
430 753 521 807 tibi
546 752 752 806 ablatus
776 747 865 818 qui
894 744 1070 806 dedit,
1099 739 1341 811 quamvis
1372 736 1463 790 tibi
1491 734 1729 790 ablatum

130 849 317 911 fuerit
338 843 474 915 quod
502 843 669 897 dedit.
701 838 872 895 Etiam
900 836 999 900 sic,
1032 834 1272 902 inquam,
1303 827 1555 884 cithariza
1581 840 1733 880 secu-

132 958 282 1006 rus;
303 914 473 993 certus
500 936 549 989 iit
580 935 688 988 Deo
710 941 801 986 tuo
819 971 835 995 ,
861 937 1015 998 tange
1040 922 1269 980 chordas
1295 922 1347 975 in
1369 918 1551 983 corde,
1576 925 1628 971 et
1649 914 1735 970 dic

142 1046 399 1103 tanquam
436 1030 487 1084 in
514 1026 719 1081 cithara
750 1028 803 1077 in
832 1019 1083 1076 inferiore
1120 1023 1269 1086 parte
1296 1014 1432 1067 bene
1460 1017 1684 1064 sonante
1716 1023 1731 1061 :

144 1100 409 1184 Dominus
437 1120 603 1184 dedit,
641 1116 896 1172 Dominus
926 1109 1178 1173 abstulit;
1206 1107 1343 1161 sicut
1369 1103 1592 1159 Domino
1620 1100 1735 1169 pla-

150 1220 271 1276 cuit
292 1261 306 1283 ,
339 1220 406 1271 ita
450 1215 647 1269 factum
673 1219 758 1266 est
789 1226 803 1262 :
836 1208 906 1264 sit
932 1219 1126 1261 nomen
1159 1199 1365 1257 Domini
1395 1195 1733 1253 benedictum

152 1315 280 1387 (Job
304 1329 338 1377 ι,
363 1310 477 1381 ει).

233 1412 284 1465 6.
310 1378 577 1462 Jam'vero
603 1414 722 1455 cum
753 1393 981 1452 atteadis
999 1390 1271 1461 superiora
1294 1386 1433 1442 dona
1461 1383 1577 1447 Dei,
1609 1378 1736 1452 quid

150 1503 251 1558 libi
278 1496 555 1555 contulerit
599 1500 979 1563 praeceptorum
1000 1528 1015 1553 ,
1045 1501 1146 1555 qua
1182 1482 1419 1537 doctrina
1450 1478 1652 1534 cmlesti
1684 1486 1734 1533 te

148 1592 433 1651 imbuerit,
465 1585 590 1657 qttid
623 1584 713 1638 tibi
756 1582 986 1651 desuper
1028 1593 1092 1631 ex
1139 1575 1278 1628 illius
1320 1571 1553 1627 veritatis
1594 1567 1737 1622 fonte

148 1681 465 1756 prmccperit
492 1680 507 1711 ι
539 1720 555 1744 ,
601 1686 919 1732 convertere
965 1679 1018 1724 et
1065 1667 1131 1721 ad
1183 1663 1518 1735 psalterium,
1572 1659 1735 1729 psalle

150 1755 377 1832 Domino
424 1773 475 1827 itt
529 1768 779 1839 psalterio
833 1765 1017 1819 decem
1070 1759 1406 1815 chordarum.
1465 1755 1735 1822 Przeccma

146 1874 291 1928 enim
326 1868 457 1939 legis
505 1865 691 1919 decem
731 1869 855 1914 sunt
887 1877 900 1913 :
933 1856 985 1910 in
1029 1854 1212 1909 decem
1262 1848 1541 1920 pra-ceptis
1581 1846 1736 1914 Legis

150 1963 315 2018 babes
346 1938 673 2029 psalterium.
705 1951 940 2008 Perfecta
972 1962 1057 2001 res
1077 1955 1175 2000 est.
1206 1942 1379 1998 llahes
1404 1939 1472 1994 ibi
1497 1938 1737 1993 dilectio-

150 2070 275 2111 nem
305 2052 400 2107 Dei
429 2052 479 2104 in
514 2049 710 2110 trilms,
740 2052 793 2099 et
820 2040 1153 2096 dilectionem
1186 2034 1407 2106 proximi
1432 2033 1481 2085 in
1509 2042 1733 2098 septem.

152 2149 217 2204 Et
248 2127 431 2215 utique
462 2141 596 2195 nosti
623 2180 637 2201 ,
672 2135 892 2192 Domino
922 2132 1132 2186 dicente
1151 2169 1167 2192 ,
1195 2128 1316 2196 quia
1354 2126 1404 2177 in
1432 2124 1509 2175 liis
1542 2121 1737 2175 duobus

153 2238 536 2311 prleceptistola
567 2230 671 2285 Lex
699 2228 877 2297 pendet
919 2234 966 2279 et
1006 2222 1276 2292 Prop/reue
1321 2218 1339 2289 (
1361 2218 1543 2271 Manli.
1590 2230 1735 2281 χιιι,

154 2305 281 2405 ὶο).
328 2330 463 2384 Dicit
506 2325 596 2379 tibi
648 2322 787 2377 Deus
819 2319 1083 2386 desuper,
1143 2312 1264 2382 quia
1311 2308 1557 2363 Dominus
1605 2305 1738 2360 Deus

158 2397 299 2487 tutis,
332 2420 468 2475 Deus
496 2431 624 2471 unus
648 2422 720 2467 est
747 2427 766 2466 :
792 2410 954 2465 habes
981 2420 1137 2461 unam
1159 2402 1433 2459 chordam.
1466 2397 1584 2453 Non
1605 2397 1742 2451 acci-

163 2517 270 2589 pias
294 2516 345 2567 in
373 2526 551 2565 vanum
586 2522 766 2561 nomen
802 2501 1001 2556 Domini
1043 2497 1139 2552 Dei
1178 2497 1252 2549 tui
1281 2512 1298 2550 :
1325 2494 1487 2549 habes
1516 2493 1738 2547 alteram

168 2585 437 2661 chordam.
469 2600 687 2654 Observa
717 2594 849 2648 diem
878 2590 1104 2655 sabbati,
1154 2603 1257 2640 non
1285 2585 1598 2646 carnaliter,
1634 2597 1738 2637 nou

168 2701 384 2772 jmlaicis
421 2694 657 2757 deliciis,
702 2689 791 2761 qui
833 2686 942 2741 otio
989 2684 1278 2738 abutuntur
1316 2679 1381 2733 ad
1428 2678 1737 2747 nequitiam.

172 2768 351 2848 Delius
376 2789 512 2844 enim
545 2785 726 2853 utique
758 2791 862 2834 tota
890 2777 977 2832 die
1008 2775 1247 2830 luderent
1274 2815 1289 2838 ,
1326 2787 1483 2842 quain
1520 2780 1625 2824 tota
1656 2768 1742 2823 die

173 2884 439 2939 saltarent.
467 2876 571 2934 Sed
600 2885 653 2929 tu
680 2871 921 2942 cogitans
943 2866 1181 2936 requiem
1208 2865 1259 2917 in
1290 2863 1400 2917 Deo
1425 2873 1515 2915 tuo
1543 2869 1596 2915 et
1624 2876 1745 2927 pro-

174 2986 292 3045 pter
320 2976 473 3041 ipsam
507 2966 744 3035 requiem
776 2961 952 3016 omnia
982 2958 1213 3019 faciens,
1244 2954 1451 3008 ahStine
1488 2951 1553 3005 ab
1582 2964 1745 3021 opere

177 3066 369 3121 Servili.
409 3059 593 3117 Omnis
644 3054 784 3109 enim
810 3052 896 3122 qui
927 3049 1050 3104 facit
1080 3058 1351 3117 peccatum
1377 3085 1392 3108 ,
1445 3057 1636 3096 servus
1664 3050 1747 3095 cst

180 3152 559 3228 peceatiann.
607 3146 965 3216 vtn,5.i):ct
1013 3141 1209 3195 utinam
1254 3135 1516 3202 hominis,
1560 3145 1744 3189 etnon

184 3226 405 3317 peccati!
435 3243 555 3299 llaec
587 3241 685 3295 tria
718 3237 980 3309 pertinent
1010 3231 1075 3286 ad
1122 3229 1458 3285 dilectionem
1495 3226 1618 3293 Dei,
1650 3239 1746 3280 cu-

182 3340 261 3409 ius
288 3341 445 3407 cogita
465 3336 738 3395 unitatem,
757 3329 1029 3383 veritatem
1049 3333 1101 3379 et
1115 3321 1482 3393 voluptatem’.
1501 3318 1745 3374 Estenim

188 3432 407 3501 quzetlattt
440 3427 678 3494 voluptas
726 3423 776 3474 in
808 3419 1029 3473 Domino
1050 3459 1063 3480 ,
1094 3415 1180 3470 ubi
1239 3429 1418 3465 verum
1447 3410 1745 3473 sabbatum,

193 3538 305 3578 vera
334 3522 554 3589 requies.
588 3514 738 3572 Unde
767 3511 992 3566 dicitur:
1028 3506 1292 3560 Delectarc
1330 3504 1380 3556 iu
1415 3501 1660 3567 Domino,
1704 3508 1750 3553 et

193 3616 314 3668 dubii
345 3615 421 3667 tibi
463 3611 720 3680 petitiones
746 3605 911 3657 cordis
940 3601 1013 3654 tui
1042 3596 1227 3670 (Psal.
1259 3611 1417 3650 XXXVI
1444 3637 1457 3658 ,
1489 3595 1519 3647 4
1621 3592 1751 3659 Quis

196 3710 318 3763 enim
346 3710 415 3761 sic
443 3706 667 3759 deleCIat
688 3742 703 3765 ,
733 3712 891 3765 quam
925 3695 1008 3746 ille
1035 3691 1121 3760 qui
1157 3689 1278 3743 fecit
1308 3688 1484 3741 omnia
1518 3701 1637 3754 qu:e
1664 3683 1752 3738 de-

199 3799 482 3856 lectant?-ln
515 3798 596 3849 bis
640 3794 807 3848 tribus
851 3788 1082 3843 clrzritas
1122 3784 1245 3846 Dei,
1289 3783 1338 3835 in
1386 3790 1588 3848 septem
1632 3776 1753 3832 aliis

200 3892 403 3946 Charitas
432 3887 689 3959 proximi,
742 3900 806 3936 ne
839 3879 996 3933 iacias
1039 3875 1126 3929 alii
1162 3871 1302 3943 quod
1352 3870 1455 3940 pati
1502 3884 1605 3922 non
1650 3869 1749 3921 vis.

207 3982 408 4039 "enarra
436 3992 625 4053 patrem
648 3988 693 4031 ct
718 3985 926 4029 matrem
948 3987 966 4024 :
985 3969 1101 4037 quia
1126 3972 1204 4019 vis
1227 3976 1276 4019 te
1300 3962 1545 4019 honorari
1574 3978 1601 4013 a
1632 3961 1754 4015 ﬁliis

206 4079 312 4132 luis.
345 4076 454 4132 Non
478 4071 734 4127 intueberis
764 4084 782 4121 :
808 4066 927 4135 quia
962 4077 1059 4117 nec
1085 4056 1338 4114 ttithliari
1367 4071 1584 4109 uxorem
1612 4062 1752 4107 tuam

205 4180 307 4239 post
345 4178 392 4223 lc
430 4171 523 4222 vis.
575 4162 694 4218 Non
747 4152 1118 4223 ocritlas:quia
1164 4159 1219 4204 et
1270 4146 1438 4202 occidi
1490 4162 1593 4199 non
1651 4144 1752 4197 vis.

208 4233 308 4314 Non
355 4256 713 4332 furerisuptiu
770 4252 962 4304 furtum
1018 4243 1121 4314 pati
1177 4256 1281 4294 non
1334 4238 1435 4292 vis.
1496 4234 1616 4289 Non
1655 4233 1758 4303 {al-

207 4364 298 4411 tum
339 4326 661 4404 testimonium
708 4335 1031 4408 dicus:qnia
1062 4332 1218 4387 odisti
1248 4330 1527 4384 adversum
1575 4336 1626 4381 te
1661 4326 1753 4381 fal-

120 4464 125 4465 ί
208 4455 305 4496 sum
334 4439 678 4497 testimonium
708 4435 994 4487 dicentem.
1033 4425 1151 4480 Non
1180 4423 1507 4493 concupiscas
1551 4436 1758 4473 uxorem

209 4536 395 4605 proximi
417 4534 485 4586 tui
515 4549 532 4586 :
563 4530 683 4601 quia
712 4536 763 4581 et
795 4536 935 4578 tuam
969 4537 1071 4574 non
1097 4520 1174 4572 vis
1202 4516 1271 4571 ab
1298 4516 1402 4570 alio
1429 4513 1754 4583 concupisci.

207 4627 311 4684 Non
334 4626 649 4698 concupiscas
678 4637 782 4675 rem
810 4618 1033 4687 aliquant
1068 4610 1285 4683 proximi
1314 4610 1386 4663 tui
1407 4611 1424 4679 (
1450 4608 1618 4662 Exod.
1650 4623 1753 4675 xx,

206 4723 344 4784 H7;
379 4720 523 4773 Deut.
551 4733 582 4769 v
603 4758 617 4783 ,
652 4711 772 4769 6-21
797 4712 815 4781 )
841 4728 854 4763 :
878 4708 998 4778 quia
1027 4705 1069 4757 si
1098 4703 1216 4773 quis
1243 4712 1383 4756 tuam
1408 4699 1755 4769 concupiscit,

197 4818 421 4886 displicet
453 4813 561 4867 tibi.
592 4809 854 4862 Converte
880 4812 929 4856 et
960 4800 1010 4853 in
1044 4807 1093 4851 te
1126 4796 1353 4862 linguam
1373 4833 1388 4855 ,
1418 4790 1631 4861 quando
1664 4789 1758 4844 tibi

194 4880 421 4978 displicet
442 4903 527 4973 qui
548 4899 638 4954 tibi
660 4905 829 4951 ιιυοιιι.
854 4890 978 4946 llaec
999 4887 1173 4941 omnia
1201 4892 1461 4952 priecepta
1493 4880 1582 4934 Dei
1612 4890 1755 4945 sunt,

190 4969 437 5071 sapientia
463 4969 693 5047 donante
719 4986 839 5040 data
879 4988 1036 5045 sunt,
1068 4977 1297 5044 desuper
1322 4979 1531 5027 sonant.
1579 4969 1759 5035 Tange

184 5066 486 5171 psalterium
508 5130 521 5150 ,
552 5083 710 5153 imple
736 5080 966 5148 Legem,
998 5086 1154 5142 quain
1189 5067 1439 5123 Dominus
1471 5066 1610 5119 Deus
1640 5072 1760 5118 tuus

181 5155 293 5249 iam
343 5186 478 5237 \‘t'llil
516 5179 759 5238 solvere,
804 5169 895 5225 sed
943 5166 1231 5233 adimplere
1264 5158 1490 5231 (Matth.
1544 5172 1596 5219 v,
1638 5155 1757 5227 17).

178 5295 257 5345 Ini
304 5281 432 5335 lebis
458 5278 596 5332 enim
625 5282 840 5332 amore,
870 5261 1007 5334 quod
1048 5258 1237 5313 timore
1269 5270 1371 5309 non
1401 5262 1631 5323 poteras.
1662 5247 1761 5317 Qui

176 5346 325 5435 σοςιῖηι
359 5369 589 5425 lltlltmtltt
625 5379 729 5417 non
763 5355 879 5412 filClI
911 5352 1081 5411 male,
1112 5347 1295 5403 lllﬂllCl
1324 5343 1528 5406 Emere,
1562 5344 1604 5395 si
1633 5341 1760 5393 “cc.

177 5499 211 5529 iu
244 5485 281 5524 t.
315 5470 486 5534 Itaque
516 5458 611 5512 etsi
638 5452 858 5508 facultas
886 5462 987 5499 non
1016 5443 1191 5504 datur,
1224 5437 1469 5490 voluntas
1488 5432 1507 5464 ³
1534 5441 1759 5486 leuetur.

181 5526 296 5626 ;\'ntt
328 5526 479 5613 fin-io.
512 5548 699 5619 inquit.
729 5536 942 5611 Quare?
969 5534 1101 5604 Quia
1130 5532 1311 5585 timeo.
1343 5526 1585 5582 Nondum
1616 5536 1764 5577 antas

674 5873 801 5925 Mss,
822 5858 1035 5913 volimtas
1054 5866 1138 5904 rea
1158 5855 1357 5903 tenetur.

1205 342 1597 406 ENABRATIO
1633 340 1701 398 IN
1738 340 2060 400 PSALMUM
2099 343 2313 402 XXX".

3314 339 3423 402 382

1836 459 2095 530 justitiam
2115 503 2132 530 ,
2163 462 2335 518 adhuc
2369 476 2556 520 servus
2588 478 2648 521 es
2676 481 2689 520 :
2718 472 2835 521 esto
2864 464 3024 523 ﬁlius.
3052 465 3158 525 Sed
3188 483 3254 526 ex
3276 467 3422 530 bono

1839 570 1997 611 servo
2026 556 2078 611 iit
2126 556 2298 611 bonus
2336 556 2492 612 ﬁlius.
2539 557 2753 613 interim
2785 559 3020 616 timendo
3066 560 3173 617 noli
3208 561 3420 636 facere,

1840 646 2014 703 disces
2039 656 2094 702 et
2121 648 2349 701 amando
2378 663 2483 702 non
2515 649 2707 705 facere.
2738 648 2833 705 Est
2859 652 3002 706 enim
3033 654 3274 723 qumdam
3303 656 3425 727 pul-

1839 738 2084 794 chi-itndo
2108 739 2348 808 justitire.
2397 740 2555 796 Ptena
2586 751 2637 796 te
2676 742 2963 801 deterreat.
3011 744 3177 803 llabet
3218 749 3423 818 jnStitia

1839 832 2063 887 formam
2086 847 2234 887 suam
2251 876 2264 897 ,
2290 834 2474 889 oculos
2495 836 2713 905 quaerit,
2736 840 2976 895 accendit
2993 851 3258 897 amatores
3274 858 3421 902 suos.

1840 921 1944 977 I’ro
1975 922 2072 977 hac
2098 923 2356 996 Martyres
2394 926 2646 981 saeculum
2690 927 2988 997 calcantes,
3012 934 3322 1005 sanguinem
3349 938 3426 992 lit-

1840 1012 2054 1067 derunt.
2082 1014 2219 1081 Quid
2259 1016 2537 1084 amabant,
2566 1020 2777 1088 quando
2802 1021 2919 1077 iStis
2945 1026 3192 1081 omnibus
3219 1043 3424 1083 renun-

1840 1104 2081 1159 tiabant?
2114 1105 2246 1160 Num
2273 1107 2416 1161 enim
2458 1108 2532 1163 illi
2562 1124 2665 1165 non
2691 1122 2845 1167 erant
2868 1119 3174 1172 amatores?
3199 1129 3291 1175 aut
3321 1120 3424 1175 hoc

1839 1197 1991 1252 vobis
2017 1197 2265 1266 dicimus,
2286 1210 2345 1254 ut
2372 1216 2477 1255 non
2507 1204 2737 1257 ametis?
2765 1205 2864 1271 Qui
2896 1221 3000 1260 non
3032 1220 3193 1271 amat.
3220 1210 3423 1282 friguit,

1840 1290 2089 1362 obriguit.
2136 1292 2393 1361 Ametur,
2440 1294 2536 1349 sed
2577 1296 2662 1351 illa
2706 1298 3045 1367 pulchritudo
3084 1318 3204 1369 qua:
3245 1305 3425 1362 cordis

1839 1384 2023 1438 oculos
2049 1386 2257 1454 quatrit.
2290 1386 2540 1451 Amctur,
2569 1388 2659 1443 sed
2689 1389 2774 1443 illa
2807 1391 3141 1459 pulchritudo
3171 1412 3287 1465 qua:
3309 1399 3422 1453 lau-

1839 1474 1958 1530 data
1984 1475 2185 1545 justitia
2226 1476 2463 1533 incendit
2490 1479 2717 1535 animos.
2751 1480 3006 1538 Promnnt
3036 1487 3230 1555 verba,
3254 1491 3423 1549 edunt

1839 1585 2035 1633 voces,
2065 1571 2297 1641 undique
2343 1571 2560 1639 dicunt,
2606 1576 2782 1639 Bene,
2826 1577 3051 1648 Optime.
3092 1581 3229 1650 Quid
3276 1584 3423 1641 vide-

1841 1664 2004 1719 runt?
2030 1662 2293 1719 Juaitiam
2326 1666 2590 1730 viderunt,
2622 1668 2673 1722 in
2700 1687 2801 1740 qua
2829 1672 2843 1703 ¹
2871 1673 3089 1740 pulcher
3124 1685 3205 1729 est
3230 1692 3429 1737 curvus

1839 1771 2025 1813 senex.
2054 1756 2166 1813 Non
2189 1760 2330 1814 enim
2352 1760 2395 1814 si
2428 1762 2674 1831 procedat
2702 1778 2862 1819 senex
2886 1764 3091 1835 jnsms,
3118 1777 3200 1822 est
3224 1770 3424 1841 aliquid

1841 1848 1893 1903 in
1924 1849 2040 1918 ejus
2079 1864 2303 1921 corpore
2342 1852 2482 1923 quod
2527 1865 2734 1908 ametur
2758 1897 2773 1920 ,
2806 1866 2859 1909 et
2903 1866 3077 1913 tamen
3106 1871 3314 1917 amatur
3356 1864 3424 1919 ab

1840 1946 2105 2002 onmihus.
2139 1944 2210 2002 lbi
2241 1956 2468 2013 amatur,
2501 1948 2587 2002 tibi
2632 1964 2735 2002 non
2766 1950 3013 2018 videtur;
3046 1955 3151 2008 imo
3179 1956 3248 2011 ibi
3280 1973 3424 2013 ama-

1842 2049 1960 2107 tur,
1995 2040 2082 2095 ubi
2109 2040 2271 2095 corde
2302 2041 2529 2096 videtur.
2582 2042 2815 2097 Delecth
2849 2061 2943 2101 vos
2968 2063 3131 2118 ergo,
3162 2058 3215 2103 et
3242 2061 3426 2122 rogate

1842 2132 2120 2187 Dominum
2140 2141 2196 2187 ut
2214 2133 2458 2189 delectet.
2485 2133 2737 2191 Dominus
2751 2137 2891 2191 enim
2917 2137 3064 2193 dabit
3087 2143 3424 2210 suavitatem,

1842 2243 1895 2285 ct
1924 2240 2063 2285 terra
2111 2241 2290 2287 nostra
2330 2230 2478 2286 dabit
2519 2232 2745 2287 fructum
2786 2248 2939 2287 suum
2980 2233 3165 2303 (Psal.
3198 2252 3425 2303 vaxtv,

1844 2320 1948 2392 15)
1983 2338 1995 2373 :
2030 2330 2087 2374 ut
2116 2337 2211 2391 per
2235 2322 2548 2378 charitatem
2582 2324 2844 2392 impleatis
2872 2325 3011 2395 quod
3049 2342 3144 2397 per
3183 2328 3427 2385 timorem

1844 2412 2067 2483 implere
2106 2414 2320 2469 difficile
2362 2423 2463 2469 est.
2507 2413 2643 2483 Quid
2692 2415 2858 2471 dieo’
2886 2416 3103 2473 diflicile
3152 2419 3276 2473 est?
3313 2418 3429 2477 Non

1845 2516 2020 2576 potest
2048 2507 2223 2562 adhuc
2246 2507 2457 2563 aninms
2487 2524 2501 2562 :
2533 2509 2716 2563 mallet
2745 2523 2847 2564 non
2874 2524 2995 2565 esse
3020 2511 3160 2581 quod
3194 2514 3431 2584 przecipi-

1848 2606 1933 2651 tttr
1954 2640 1968 2661 ,
2000 2599 2044 2653 si
2076 2598 2140 2652 ad
2172 2598 2467 2653 faciendum
2499 2616 2682 2655 amore
2710 2615 2813 2654 non
2844 2601 3087 2668 ducitur,
3118 2604 3211 2658 sed
3240 2606 3433 2663 timore

1846 2698 2162 2744 coarctatnr.
2186 2689 2300 2743 Noli
2331 2688 2525 2744 furtum
2553 2690 2745 2754 facere,
2767 2692 2891 2748 time
2916 2692 3190 2763 gehennas
3215 2714 3228 2748 :
3253 2697 3433 2755 mallet

1849 2795 1956 2835 non
1987 2796 2106 2835 esse
2125 2781 2431 2850 gcltenuas,
2460 2782 2512 2836 in
2540 2798 2671 2851 quas
2700 2784 3016 2839 mitteretur.
3052 2785 3274 2851 Quando
3303 2788 3435 2841 inei-

1850 2871 1926 2941 pit
1978 2887 2156 2926 amare
2192 2872 2487 2940 justitiam,
2521 2873 2621 2927 nisi
2665 2874 2877 2943 quando
2923 2873 3102 2929 mallet
3150 2874 3284 2930 furta
3328 2892 3433 2933 nou

1848 2976 1971 3016 esse
1992 3004 2008 3028 ,
2033 2962 2131 3016 etsi
2162 2963 2420 3032 gehennae
2462 2979 2568 3017 non
2594 2975 2808 3029 essent,
2837 2964 2889 3018 in
2918 2978 3051 3034 quas
3082 2965 3227 3021 fures
3262 2968 3425 3024 mitte-

1850 3057 2081 3110 rentur?
2111 3054 2221 3109 lloc
2243 3065 2322 3109 est
2351 3057 2828 3125 amarejustitiam.

1922 3148 1973 3203 7.
2022 3149 2085 3201 Et
2129 3149 2239 3217 ipsa
2285 3149 2484 3218 justitia
2514 3150 2685 3219 qualis
2708 3150 2833 3205 est?
2872 3151 2991 3222 quis
3032 3152 3175 3206 illam
3224 3154 3437 3225 pingit?

1851 3241 2123 3313 Sapientia
2158 3243 2245 3297 Dei
2274 3259 2431 3313 quam
2462 3243 2902 3313 pulchritudinem
2932 3246 3133 3301 habet?
3165 3246 3265 3302 Per
3294 3249 3437 3307 illam

1853 3334 2069 3404 pulchra
2095 3346 2216 3388 sunt
2239 3337 2435 3397 omnia,
2471 3350 2591 3405 qure
2619 3336 2789 3391 oculis
2818 3336 3025 3406 placent
3051 3355 3064 3390 :
3096 3338 3144 3392 ei
3175 3339 3437 3407 νὶιΙειιιΙςιι,

1852 3426 2292 3497 cmnplectendm,
2312 3426 2471 3481 corda
2497 3426 2794 3482 mundanda
2821 3436 2963 3482 sunt.
2996 3429 3161 3499 llujus
3178 3446 3273 3484 nos
3292 3447 3440 3486 aina-

1856 3523 2001 3574 tores'
2031 3520 2340 3589 profitemur
2370 3538 2381 3573 :
2414 3520 2525 3589 ipsa
2566 3535 2664 3575 nos
2701 3522 3000 3590 componit,
3022 3531 3079 3576 ut
3105 3524 3151 3577 ei
3194 3539 3298 3578 non
3329 3524 3439 3578 dis-

1857 3613 2165 3681 pliceamus.
2226 3612 2288 3666 Et
2318 3611 2531 3682 quando
2562 3627 2659 3667 nos
2688 3613 3086 3682 reprehendunt
3117 3615 3359 3671 homines
3388 3618 3440 3673 in

1858 3705 1941 3759 bis
1971 3705 2163 3769 rebus,
2208 3706 2259 3758 in
2288 3706 2478 3775 quibus
2520 3705 2568 3760 ei
2615 3720 2773 3775 quam
2819 3706 3087 3773 diligimus
3137 3709 3439 3776 placemus,

1858 3798 2124 3868 quomodo
2148 3797 2292 3867 parvi
2320 3796 2575 3851 habemus
2596 3796 3012 3866 reprehensores
3042 3811 3274 3865 nostros,
3304 3818 3442 3870 quo-

1859 3889 2017 3944 modo
2040 3890 2159 3943 illos
2174 3888 2567 3942 contemnimus
2585 3896 2638 3941 et
2661 3889 2881 3941 omnino
2908 3889 3050 3941 nihili
3075 3890 3352 3956 pendimus
3374 3891 3394 3922 ³
3420 3893 3443 3946 ?

1859 3986 2141 4037 Amatores
2173 3981 2360 4035 lubrici
2406 3991 2458 4035 et
2487 3980 2817 4034 damnabilcs
2848 3980 3162 4036 feminarum
3185 4024 3198 4044 ,
3230 3984 3444 4051 quando

1859 4086 2049 4131 amata:
2095 4077 2329 4144 ipsorum
2372 4084 2697 4143 COmpouuut
2752 4072 2870 4127 illos
2919 4074 3209 4128 secundum
3261 4076 3445 4130 oculos

1860 4183 1986 4223 suos
2008 4209 2024 4230 ,
2057 4166 2100 4221 si
2134 4166 2262 4235 ipsis
2292 4165 2567 4234 placeant,
2598 4178 2701 4217 llOil
2730 4173 2918 4218 curant
2960 4180 3054 4218 eos
3097 4162 3288 4233 quibus
3329 4164 3443 4220 dis-

1863 4262 2095 4333 plicent,
2146 4267 2390 4329 putantes
2440 4256 2539 4311 sibi
2578 4256 2823 4311 snflicere
2866 4255 3005 4326 quod
3055 4272 3236 4309 carum
3276 4258 3445 4313 oculis

1863 4358 2090 4427 placent,
2109 4352 2174 4407 ad
2197 4367 2325 4422 quas
2341 4351 2589 4405 all‘ectant
2617 4369 2629 4404 :
2652 4358 2703 4404 et
2732 4350 3039 4418 plerumque
3060 4349 3310 4418 gravibus
3335 4350 3445 4405 dis-

1862 4452 2059 4522 plicent
2081 4488 2098 4512 ,
2128 4447 2234 4500 imo
2281 4459 2495 4512 semper
2522 4443 2773 4513 gravibus
2796 4440 3077 4510 diSpIicent
3096 4480 3111 4505 ,
3139 4453 3193 4494 et
3222 4440 3447 4496 meliore

1858 4542 2060 4614 judicio
2084 4536 2561 4609 reprehenduntur.
2593 4534 2707 4589 Non
2736 4533 2872 4588 bene
2899 4544 3081 4587 tonsus
3108 4547 3188 4596 es,
3215 4532 3339 4586 dieit
3370 4533 3449 4587 vir

1863 4637 2039 4709 gravis
2064 4635 2262 4689 lascivo
2288 4630 2615 4687 adolescenti
2638 4669 2653 4692 ,
2688 4643 2792 4682 non
2832 4637 2882 4682 te
2926 4625 3081 4681 decet
3107 4641 3226 4681 cum
3257 4626 3447 4681 talibus

1863 4730 2123 4788 cincinnis
2152 4728 2415 4783 incedere.
2448 4723 2604 4779 Novit
2629 4730 2804 4775 antem
2830 4719 2920 4773 ille
2940 4719 3161 4789 capillos
3192 4718 3313 4773 illos
3342 4718 3450 4787 pla-

1864 4839 1986 4881 cere
2014 4821 2192 4876 nescio
2220 4819 2301 4873 cui
2329 4833 2341 4870 :
2367 4816 2478 4869 odit
2500 4825 2550 4868 te
2579 4810 3057 4881 reprehendentem
3078 4824 3204 4865 vero
3223 4809 3446 4879 judicio,

1865 4926 1919 4972 et
1952 4923 2126 4970 servat
2155 4912 2205 4964 in
2236 4925 2295 4963 se
2321 4905 2459 4977 quod
2494 4905 2662 4974 placet
2692 4916 2946 4971 perverso
2988 4902 3229 4955 consilio.
3266 4900 3449 4955 Inimi-

1866 5025 1986 5066 cum
2015 5017 2065 5061 te
2104 5013 2272 5075 putat,
2305 5001 2426 5071 quia
2457 4998 2836 5067 turpitudinem
2858 4994 3026 5049 dentis
3046 4992 3100 5046 ⁸.
3136 4992 3287 5063 Fugit
3318 5010 3444 5047 oeu-

1867 5102 1948 5156 los
1976 5110 2093 5153 tuos
2114 5140 2128 5162 ,
2156 5105 2209 5150 et
2236 5092 2454 5150 omnino
2478 5107 2580 5143 non
2611 5097 2762 5143 curat
2790 5102 2890 5157 qua
2922 5086 3099 5155 regula
3120 5085 3337 5155 justitize
3369 5103 3453 5140 re-

1868 5190 2246 5265 prehendatur.
2271 5186 2326 5242 Si
2352 5200 2477 5255 ergo
2499 5180 2571 5237 illi
2596 5196 2700 5236 non
2720 5188 2907 5234 curant
2928 5177 3340 5249 reprehensores
3366 5193 3454 5232 ve-

1934 5339 1948 5368 ¹
1975 5331 2046 5381 sic
2062 5327 2283 5395 plerique.
2308 5335 2362 5374 ac
2368 5318 2587 5395 melioris
2602 5324 2729 5395 notae
2743 5323 2849 5395 Mss.
2870 5314 2981 5395 edd.
2999 5328 3135 5387 vero.
3148 5313 3233 5365 sed
3247 5312 3333 5386 illa
3353 5313 3454 5395 pui-

1869 5375 2232 5453 rlirituiibrqna:
2262 5386 2504 5453 laudatur.
2541 5379 2733 5453 {Iustitia
2770 5376 2982 5453 incendit
3020 5375 3203 5453 animos
3232 5389 3249 5453 ί
3262 5375 3455 5437 justi.'ia

1869 5437 2307 5519 iii'ciiiéiprasina
2324 5447 2489 5519 rerbo‘.‘
2509 5442 2654 5519 edunt
2675 5438 3060 5519 t°ocef,‘mtdique
3084 5437 3249 5487 dicunt
3266 5473 3279 5492 .
3312 5448 3451 5519 serie,

2082 5498 2448 5590 Etiiittnifideruut
2468 5508 2489 5559 ?
2529 5515 2579 5554 In
2601 5518 2694 5565 quo
2716 5498 3199 5590 mitellie’roes'tqcnreus
3220 5512 3367 5550 aenea:
3383 5498 3407 5549 εδ

1933 5560 2395 5639 διττὸέιήάἱεο.
2432 5582 2533 5639 trss.
2561 5560 2679 5617 vero
2696 5560 2849 5639 {Quid
2874 5560 3025 5639 diro?

1935 5650 1954 5680 ³
1978 5624 2106 5695 itii};
2121 5624 2298 5690 fisi-At
2320 5639 2367 5684 ia
2391 5636 2522 5688 t-idd.,
2540 5624 2943 5696 quomodopfaei
2958 5624 3188 5696 habentur
3211 5626 3342 5696 apud
3376 5638 3454 5676 re-

1870 5688 2178 5776 preliensores
2201 5706 2413 5776 nostros,
2439 5688 2672 5759 quatitodo
2693 5690 2754 5741 ab
2777 5688 2873 5740 illis
2906 5688 3270 5747 rontenmimur,
3294 5693 3337 5739 et
3359 5700 3455 5739 om-

1868 5762 1983 5825 nino
1997 5766 2135 5819 nihili
2153 5762 2420 5833 pendimus.
2438 5828 2465 5833 _
2537 5820 2547 5831 ο

1934 5812 2219 5885 agatis;
2245 5821 2417 5886 diligit.
2438 5820 2633 5883 Beuigu.
2654 5815 2826 5873 codex,
2846 5812 3063 5864 dammis.
