3950 6430
565 352 655 420 ιετ

567 488 678 540 xix,
710 470 830 546 23).
851 471 1004 542 Quod
1031 471 1151 530 ideo
1171 483 1467 537 monemus,
1495 475 1553 524 ut
1575 467 1810 524 sciamus
1831 467 1972 540 quod
1996 467 2155 523 modo

565 565 886 622 audivimus.
933 566 1048 636 Ipse
1089 563 1232 619 enim
1270 563 1398 618 dicit
1441 561 1548 617 alio
1592 561 1711 617 loco
1744 562 1796 616 in
1829 561 2151 632 Evangelio:

570 656 671 729 Ego
711 675 810 712 non
839 657 1019 727 judico
1056 672 1396 727 quemquam:
1424 671 1588 710 sermo
1626 671 1773 726 quem
1806 655 2001 708 locutus
2045 670 2157 706 sum

564 753 650 813 eis.
688 753 794 821 ipse
808 748 1060 821 judicabit
1089 765 1174 804 eos
1203 751 1254 803 in
1287 749 1556 804 novissimo
1580 748 1662 802 die
1689 746 1868 818 (Joan.
1905 763 2013 810 \‘lll,
2052 747 2153 811 15;

564 859 657 906 xn,
683 843 794 914 λί8)ἶ
813 841 920 897 Nec
941 858 1000 897 se
1021 851 1262 906 excuset,
1285 847 1372 912 qui
1405 841 1589 897 audire
1617 858 1719 896 non
1744 841 1855 894 vult
1880 855 1948 896 ne
1969 838 2119 910 quasi
2138 840 2154 872 ⁸

561 938 628 992 sit
658 935 798 1006 quod
823 934 1000 989 abillo
1021 936 1282 1004 exigatur.
1309 934 1538 1005 Idipsnm
1569 934 1710 989 enim
1748 933 2004 1004 exigitur,
2033 930 2156 1002 quia

563 1028 734 1081 noluit
781 1027 1025 1096 accipere
1075 1043 1197 1081 cum
1250 1025 1486 1080 daretur.
1534 1024 1688 1079 Alitul
1732 1035 1815 1078 est
1855 1023 1996 1078 enim
2049 1037 2155 1078 non

567 1133 726 1188 posse
752 1105 1014 1187 accipere,
1046 1117 1186 1172 aliud
1219 1118 1359 1172 nolle
1389 1135 1401 1169 :
1434 1117 1540 1172 illic
1567 1116 1839 1170 excusatio
1869 1116 2156 1170 necessita-

567 1212 634 1263 tis
659 1219 760 1273 est,
791 1208 875 1264 hic
905 1219 1085 1264 reatus
1112 1210 1416 1264 voluntatis.
1443 1209 1601 1277 Ergo,
1641 1209 1810 1262 omnia
1849 1224 2004 1277 opera
2045 1209 2155 1277 ejus

563 1303 614 1356 in
646 1301 748 1369 ﬁde
774 1317 792 1354 :
822 1301 988 1370 diligit
1019 1301 1412 1354 misericordiam
1440 1311 1486 1353 et
1501 1300 1772 1371 judicium.
1797 1299 2035 1368 Accipite
2057 1298 2155 1353 mi-

563 1391 938 1460 sericordiam,
968 1402 1020 1449 et
1053 1393 1232 1449 timete
1255 1391 1512 1464 judicium
1539 1408 1552 1455 ;
1585 1405 1650 1445 ne
1678 1391 1769 1446 ille
1796 1406 1918 1446 cum
1949 1390 2155 1444 venerit

563 1499 612 1540 ut
645 1488 820 1557 exigat
851 1501 966 1551 nos,
993 1489 1070 1542 sic
1097 1505 1193 1542 nos
1218 1488 1394 1558 exigat
1421 1496 1476 1541 ut
1505 1485 1690 1541 inanes
1708 1483 1958 1538 dimittat.
1981 1482 2154 1554 Exigit

561 1584 702 1635 enim
745 1583 1041 1646 rationem;
1075 1579 1280 1636 reddita
1312 1581 1538 1646 ratione,
1575 1581 1740 1634 donat
1773 1577 2146 1635 asternilatem.

562 1672 799 1740 Accipite
824 1686 953 1742 ergo
981 1669 1423 1737 misericordiam,
1455 1671 1666 1735 fratres,
1694 1671 2018 1742 accipiamus
2042 1687 2152 1726 om-

564 1785 679 1838 nes.
724 1767 889 1822 Nemo
935 1778 1176 1824 nostrum
1228 1769 1279 1823 in
1327 1768 1640 1840 accipiendo
1680 1768 1927 1835 dormiat,
1973 1785 2039 1826 ne
2076 1769 2146 1826 ad

559 1859 886 1915 reddendum
920 1861 1057 1918 male
1078 1863 1099 1893 ’
1121 1861 1404 1918 excitetur.
1428 1862 1665 1932 Accipite
1691 1862 2144 1924 miscricordiam:

555 1955 632 2005 sic
673 1951 738 2005 ad
784 1966 880 2006 nos
923 1954 1118 2008 clamat
1150 1954 1322 2022 Deus,
1352 1965 1599 2023 tanquam
1640 1954 1683 2010 si
1718 1963 1957 2026 tempore
1995 1955 2148 2012 famis

555 2043 842 2106 dit-eretur,
890 2045 1130 2115 Accipite
1181 2044 1525 2102 frumentum.
1571 2046 1724 2116 Quod
1767 2062 1887 2102 cum
1933 2047 2148 2105 audires

555 2143 796 2202 tempore
819 2135 993 2197 famis,
1019 2135 1259 2205 profecto
1287 2138 1402 2207 ipso
1430 2137 1648 2192 stimulo
1668 2140 2000 2194 necessitatis
2020 2156 2146 2196 con-

553 2227 690 2279 citus
734 2241 982 2280 enrreres
1002 2267 1017 2291 ,
1056 2241 1278 2281 versans
1309 2236 1360 2283 te
1388 2226 1488 2283 hac
1515 2237 1673 2299 atque
1705 2228 1844 2294 illac,
1875 2245 2145 2300 quaereres

554 2317 693 2371 umle
710 2317 981 2386 acciperes
999 2317 1141 2387 quod
1162 2317 1358 2373 dictum
1379 2328 1482 2385 est,
1497 2319 1754 2389 Accipite.
1775 2319 1840 2374 Et
1859 2336 1979 2375 cum
1999 2319 2146 2377 inve-

552 2409 696 2464 nires
722 2409 764 2474 ⁸,
787 2409 1001 2480 quando
1032 2418 1085 2465 te
1125 2411 1374 2466 teneres?
1410 2427 1567 2482 quam
1598 2428 1802 2466 moram
1833 2413 2141 2483 interpone-

551 2503 672 2556 res?
696 2502 782 2557 Sic
809 2512 863 2556 ct
889 2518 1031 2557 llllllc
1057 2503 1254 2556 dictum
1282 2512 1385 2570 est,
1421 2503 1656 2573 Accipite
1698 2504 2137 2561 misericordiam.

550 2591 730 2665 Diligit
752 2593 892 2648 enim
916 2593 1309 2649 misericordiam
1336 2605 1381 2648 et
1395 2593 1821 2665 judicium.Cum
1841 2597 2136 2668 acceperis,

548 2685 686 2742 bene
735 2697 912 2750 ntere;
944 2695 994 2740 ut
1042 2684 1237 2740 bonam
1285 2686 1545 2740 rationem
1589 2685 1802 2750 reddas,
1840 2701 1960 2742 cum
1995 2687 2139 2757 judi-

546 2777 684 2832 cium
713 2775 915 2832 venerit
939 2774 1056 2847 ejus
1079 2776 1170 2847 qui
1199 2775 1290 2831 tibi
1317 2774 1478 2832 modo
1504 2785 1766 2848 prterogat
1789 2777 1843 2832 in
1872 2777 1972 2832 ista
1997 2777 2137 2835 fame

544 2867 985 2924 misericordiam.

611 2960 664 3016 3.
695 2958 844 3034 [vers.
876 2959 956 3036 5.]
983 2959 1118 3018 Nolo
1141 2976 1270 3034 ergo
1311 2962 1442 3019 mihi
1480 2961 1651 3028 dicas,
1683 2961 1838 3019 Unde
1878 2965 2133 3035 accipio?

540 3067 646 3124 quo
676 3053 785 3108 eo?
824 3052 1130 3109 Recordare
1174 3053 1316 3122 quod
1345 3053 1593 3119 cantasti,
1641 3051 1996 3108 Misericordia
2025 3053 2134 3110 Do-

539 3143 664 3198 mini
689 3143 844 3212 plena
865 3151 936 3198 est
966 3152 1118 3198 terra.
1146 3142 1246 3198 Ubi
1274 3143 1385 3212 jam
1412 3157 1517 3198 non
1548 3142 1892 3214 Evangelium
1935 3145 2132 3215 prtedi-

538 3234 728 3292 catur?
766 3235 853 3290 ubi
899 3249 1076 3290 sermo
1119 3233 1329 3289 Domini
1378 3233 1561 3290 tacet?
1590 3233 1682 3290 ubi
1724 3234 1872 3290 salus
1914 3238 2132 3292 cessat?

538 3326 684 3396 Opus
712 3335 796 3382 est
837 3337 894 3381 ut
933 3325 1065 3382 velis
1091 3326 1334 3398 accipere
1365 3344 1378 3381 :
1411 3325 1565 3398 plena
1591 3335 1716 3383 sunt
1745 3327 1957 3384 horrea.
2001 3329 2128 3388 Hmc

536 3420 651 3491 ipsa
696 3419 969 3492 plenitudo
998 3430 1052 3476 et
1076 3418 1400 3476 abundantia
1451 3434 1557 3476 non
1586 3429 1639 3476 te
1680 3421 1984 3478 venientem
2028 3438 2126 3479 ex-

535 3523 935 3585 spectaverunt,
965 3514 1059 3570 sed
1088 3513 1155 3570 ad
1180 3514 1535 3572 dormientem
1563 3515 1676 3586 ipsa
1702 3528 1985 3574 venerunt.
2008 3519 2124 3576 Non

534 3607 733 3664 dictum
764 3619 866 3673 est,
894 3607 1124 3681 Surgant
1151 3620 1357 3679 gentes,
1385 3619 1440 3666 et
1467 3621 1589 3666 eant
1617 3609 1684 3666 ad
1714 3627 1875 3667 unum
1909 3613 2120 3670 locum:

535 3699 629 3755 sed
660 3701 966 3755 annuntiata
995 3710 1118 3756 sunt
1145 3701 1242 3757 ista
1269 3699 1516 3772 gentibus
1546 3702 1632 3757 tibi
1659 3711 1832 3769 erant,
1863 3713 1922 3758 ut
1946 3705 2122 3759 adim-

535 3794 773 3864 plerctur
787 3793 978 3850 exinde
1001 3794 1272 3866 prophetia
1300 3795 1484 3851 dicens
1516 3812 1530 3848 :
1561 3793 1804 3850 Adorabit
1830 3813 1943 3850 eum
1966 3813 2122 3852 unus-

530 3887 740 3957 quisque
778 3884 841 3939 de
870 3886 978 3940 loco
1005 3902 1097 3940 suo
1127 3884 1318 3958 (Sapit.
1351 3901 1408 3949 ll,
1439 3881 1551 3957 ll).

599 3978 654 4034 4.
683 3975 831 4051 [vers.
878 3975 958 4051 6.]
990 3975 1343 4032 Misericordia
1395 3976 1598 4032 Domini
1649 3977 1800 4048 plena
1845 3986 1918 4033 est
1960 3988 2114 4038 terra.

526 4069 662 4140 Quid
687 4069 851 4126 cmli?
875 4069 1009 4125 Audi
1039 4070 1164 4140 quid
1193 4070 1334 4126 coeli.
1361 4068 1474 4126 Non
1505 4071 1646 4126 enim
1676 4072 1918 4143 indigent
1951 4075 2115 4132 mise-

529 4159 777 4225 ricordia,
806 4160 896 4214 ubi
924 4159 1062 4215 nulla
1087 4170 1171 4215 est
1218 4161 1451 4217 miseria.
1484 4159 1540 4216 In
1574 4172 1717 4217 terra
1747 4164 1981 4219 ahnntlat
2012 4165 2113 4223 ho-

526 4254 685 4309 minis
733 4253 969 4314 miseria,
1017 4252 1412 4321 superabundat
1447 4253 1654 4308 Domini
1700 4254 2108 4313 misericordia:

524 4347 738 4403 miseria
770 4344 998 4399 hominis
1037 4345 1189 4415 plena
1221 4354 1299 4400 est
1329 4357 1488 4412 terra,
1519 4355 1573 4401 et
1607 4347 1967 4404 misericordia
2001 4351 2110 4405 Do-

523 4438 650 4492 mini
679 4437 828 4507 plena
855 4448 937 4492 est
959 4445 1120 4491 terra.
1148 4435 1446 4507 leiergo,
1474 4437 1562 4491 ubi
1591 4439 1732 4494 nulla
1761 4451 1841 4495 est
1871 4443 2107 4510 miseria,

523 4529 774 4598 numquid
801 4527 922 4598 quia
952 4545 1054 4582 non
1082 4527 1318 4598 indigent
1338 4528 1717 4596 misericordia,
1738 4546 1842 4585 non
1872 4531 2110 4602 indigent

521 4618 786 4674 Domino?
809 4617 997 4674 Omnia
1020 4617 1256 4689 indigent
1275 4618 1518 4686 Domino,
1540 4629 1593 4674 et
1614 4621 1806 4675 misera
1830 4630 1882 4674 ct
1905 4623 2099 4678 felicia.

515 4707 645 4764 Sine
686 4709 777 4764 illo
823 4707 987 4764 miser
1029 4723 1136 4764 non
1177 4709 1504 4776 sublevatur,
1553 4711 1668 4766 sine
1699 4711 1788 4766 illo
1830 4711 1955 4768 felix
1995 4730 2103 4770 non

513 4803 717 4871 regitur
745 4800 785 4854 ‘.
818 4799 978 4871 Ergo,
1012 4816 1079 4857 ne
1108 4799 1242 4856 forte
1268 4800 1337 4857 de
1365 4803 1517 4858 caelis
1537 4818 1827 4872 quaereres,
1858 4819 1978 4858 eum
2010 4821 2101 4860 au.

509 4894 674 4958 diros,
715 4891 1064 4947 Misericordia
1106 4892 1311 4950 Domini
1337 4895 1488 4965 plena
1529 4903 1600 4948 est
1631 4904 1780 4958 terra,
1815 4896 1936 4950 audi
1975 4898 2096 4968 quia

509 4983 737 5039 Domino
760 4991 814 5038 et
830 4981 949 5038 coeli
974 4983 1238 5054 indigent;
1271 4985 1516 5040 Sermone
1535 4981 1743 5037 Domini
1763 4984 1876 5040 caeli
1893 4988 2099 5044 solidati

505 5084 642 5129 smn.
675 5071 804 5126 Nam
838 5088 940 5127 non
965 5087 996 5127 a
1036 5087 1095 5128 se
1121 5073 1219 5128 sibi
1266 5075 1672 5130 solidamentum
1717 5074 1948 5143 fuerunt,
1997 5096 2095 5136 nec

504 5164 604 5234 ipsi
636 5164 754 5218 οωιί
781 5164 1084 5219 firmitatem
1107 5165 1208 5219 sibi
1233 5166 1498 5235 propriam
1518 5168 1898 5236 pnestiterunt.
1936 5167 2092 5225 Verbo

509 5255 714 5309 Domini
735 5254 848 5310 ccli
871 5257 1063 5326 ﬁrmati
1085 5267 1223 5323 sunt,
1253 5268 1299 5312 et
1321 5257 1520 5328 Spiritu
1543 5260 1645 5313 oris
1668 5260 1777 5331 ejus
1805 5263 1968 5316 omnis
1992 5265 2092 5318 vir-

501 5357 580 5402 tus
608 5366 798 5402 eorum.
830 5347 945 5404 Non
973 5349 1274 5405 habuerunt
1314 5349 1513 5422 aliquid
1540 5367 1605 5406 ex
1634 5367 1712 5413 se,
1745 5363 1799 5407 et
1840 5363 2087 5424 tanquam

498 5444 926 5512 Supplementmn
955 5459 985 5498 a
1017 5443 1240 5499 Domino
1285 5457 1658 5517 perceperunt.
1704 5446 1905 5517 Spiritu
1944 5453 2085 5508 enim

559 5597 577 5664 ξ
604 5602 652 5645 tu
675 5595 808 5654 Edd.,
831 5609 892 5648 ne
913 5597 1054 5664 quasi
1074 5611 1168 5649 non
1195 5598 1275 5650 sit.
1303 5602 1449 5652 Abest
1465 5601 1715 5664 particula,
1740 5615 1852 5664 non,
1874 5616 1905 5654 ει
1928 5613 2032 5657 Mss.

557 5658 578 5723 ξ
603 5663 752 5723 Fr_._et
775 5666 904 5715 Iov.,
926 5658 1122 5723 malum.
1152 5669 1208 5712 Αι
1229 5673 1326 5711 Am.
1357 5671 1408 5713 et
1431 5658 1557 5723 Mss,
1581 5658 1724 5715 male.

558 5718 748 5787 fetida
777 5726 830 5770 Et
853 5734 962 5787 cum
985 5720 1185 5773 venires.
1203 5732 1267 5787 At
1287 5718 1602 5787 pluresttss"
1629 5726 1880 5778 intenires.

553 5778 967 5856 ξψιξιξεειειᾳιόιρε.
1008 5791 1141 5856 ριξεη
1425 5786 1548 5852 [σλιπ
1590 5778 1685 5840 non
1718 5789 1941 5856 erigitur.
1985 5791 2077 5845 Alii

489 5841 707 5906 ςιιιικιιιδ
729 5855 746 5895 ε
770 5841 1262 5910 meamne.

1841 353 1902 414 S.
1941 351 2310 412 AUGUSTINI
2351 354 2652 414 EPISCOPI

2264 468 2367 523 oris
2392 470 2500 540 ejus
2531 485 2636 526 non
2667 488 2811 544 pars,
2842 477 2936 534 sed
2967 483 3130 538 omnis
3153 484 3310 542 virtus
3337 504 3532 547 eorum.

2334 561 2388 617 5.
2423 563 2582 667 Sane,
2602 568 2824 667 fratres,
2851 571 3028 629 videte
3054 576 3245 634 eadem
3274 596 3430 652 opera
3462 586 3580 644 Filii
3604 601 3655 647 et
3675 595 3806 667 Spiri.

2264 661 2348 708 tus
2376 662 2566 711 sancti.
2601 659 2712 715 Neu
2740 663 2881 718 enim
2916 669 3245 738 negligenter
3273 683 3686 744 pra-terenmlum
3708 659 3774 743 ist
3793 737 3806 757 ,

2263 756 2480 816 propter
2507 751 2764 820 quosdam
2815 755 3023 827 iniquos
3064 760 3386 820 discreturos
3427 779 3485 824 t-t
3526 751 3807 839 tnrlntlcutus

2261 839 2591 897 confusores.
2626 844 2916 919 Utrumque
2941 854 3084 908 enim
3112 859 3252 911 male
3281 861 3356 913 lit.
3387 861 3712 925 llunfnmhmt
3739 877 3806 938 illi.

2262 932 2401 988 male
2430 933 2805 1006 discernenda,
2837 954 3134 1001 creaturam
3162 964 3284 1004 cum
3325 954 3617 1023 (Iri-aiore;
3646 977 3692 1017 et
3721 932 3806 1026 anni

2259 1024 2328 1080 sit
2346 1038 2558 1083 creator
2576 1029 2802 1100 Spiritus
2826 1033 2938 1094 Dei.
2960 1038 3098 1094 inter
3112 1056 3387 1099 creaturas
3406 1066 3528 1102 cum
3553 1068 3804 1115 nunternut.

2260 1115 2337 1172 Illi
2363 1118 2687 1188 discernunt,
2719 1134 2773 1179 et
2799 1128 3129 1188 confundunt
3159 1151 3172 1186 :
3203 1138 3618 1202 confundantur.
3644 1161 3687 1199 ιιι
3709 1170 3802 1205 tvm.

2258 1219 2553 1265 vertantur.
2598 1213 2735 1269 Audi
2779 1218 2939 1273 modo
2982 1237 3143 1278 ιιιιιιιιι
3192 1243 3326 1296 opus
3370 1229 3485 1284 Filii
3530 1247 3578 1286 et
3623 1235 3811 1306 Spiritus

2258 1302 2452 1357 sancti.
2484 1302 2713 1361 Verbum
2743 1320 2888 1366 certe
2926 1312 3018 1368 Dei
3066 1315 3228 1373 Filius
3257 1333 3360 1384 est,
3407 1336 3458 1378 ct
3487 1302 3705 1394 Spiritus
3728 1355 3809 1390 «ns

2258 1393 2374 1464 ejus
2401 1395 2630 1466 Spiritus
2679 1415 2897 1459 sanctus
2925 1416 3025 1462 est.
3072 1407 3229 1465 Verbo
3261 1411 3470 1470 Domini
3493 1393 3606 1474 τιειι
3647 1429 3808 1481 ιηΙὶώιιι

2255 1497 2391 1541 sunt.
2420 1489 2556 1556 Quid
2583 1505 2666 1548 est
2693 1505 2870 1552 autem
2909 1501 3164 1558 solidatas
3189 1522 3326 1573 esse,
3379 1512 3480 1566 nisi
3515 1515 3704 1573 habere
3724 1536 3802 1575 sla-

2254 1577 2415 1637 bilem
2441 1590 2497 1636 et
2536 1583 2742 1640 firmam
2770 1589 3064 1646 virtutem?
3095 1594 3159 1648 Et
3188 1595 3384 1667 Spiritu
3413 1604 3521 1657 oris
3545 1609 3651 1674 ejus
3685 1618 3808 1669 ontnis

2254 1675 2415 1734 virtus
2441 1695 2634 1737 eorum.
2663 1680 2847 1744 Posset
2876 1695 2929 1744 et
2955 1688 3034 1747 sic
3061 1687 3188 1752 dici,
3222 1692 3420 1764 Spiritu
3452 1699 3564 1753 oris
3595 1704 3700 1770 ejus
3716 1711 3807 1763 m-li

2255 1771 2467 1863 solidati
2523 1788 2665 1844 sunt,
2695 1790 2752 1837 et
2805 1783 2976 1840 Verbo
3003 1786 3208 1846 Domini
3238 1792 3414 1851 ιιπιιιῖε
3438 1793 3608 1856 virtus
3638 1823 3804 1863 eorum.

2252 1861 2404 1930 Quod
2442 1877 2526 1921 est
2571 1869 2714 1925 enim
2757 1876 2919 1930 onmis
2962 1881 3118 1936 virtus
3155 1900 3350 1951 eorum,
3393 1889 3499 1943 hoc.
3525 1906 3600 1948 est
3645 1903 3807 1957 solidati

2249 1964 2386 2047 sunt.
2419 1955 2533 2014 [loc
2557 1975 2686 2032 ergo
2714 1962 2839 2020 facit
2877 1967 3039 2024 Filius
3065 1983 3120 2028 et
3154 1976 3380 2045 Spiritus
3408 1996 3650 2044 sant-tus.
3681 1955 3804 2047 Νηιιιξ

2252 2045 2389 2142 quid,
2407 2049 2522 2106 sine
2551 2050 2708 2109 Patre
2727 2057 2752 2108 τ
2777 2057 2908 2126 Quis
2933 2077 3061 2133 ergo
3088 2065 3207 2120 facit
3233 2085 3325 2138 per
3352 2069 3589 2131 Verbum
3618 2097 3748 2136 suum
3769 2045 3803 2142 ιι

2251 2134 2508 2242 Spiritum
2539 2159 2715 2211 suum,
2747 2151 2848 2205 nisi
2877 2153 3028 2222 cujus
3057 2134 3290 2215 Verbum
3320 2173 3427 2229 est,
3466 2179 3521 2222 et
3548 2134 3803 2242 t-ttjttS;ii:

2249 2231 2422 2288 ritus?
2446 2234 2678 2294 Trinitas
2704 2256 2831 2313 ergo
2857 2243 2972 2301 lucc
2999 2263 3135 2303 unus
3167 2251 3323 2308 Dens.
3357 2255 3517 2312 llunc
3544 2231 3800 2339 adnuatque

2248 2324 2396 2414 novit
2415 2325 2661 2395 adorare,
2689 2330 2828 2387 hunc
2853 2335 3050 2405 ubique
3076 2338 3239 2397 habet
3261 2347 3350 2413 qui
3376 2349 3390 2379 ¹
3416 2365 3482 2404 se
3497 2324 3798 2414 converti-rit.

2245 2409 2362 2469 Non
2405 2417 2548 2473 enim
2573 2423 2830 2490 qutrrilur
2853 2425 2920 2480 ab
2947 2431 3187 2498 aversis;
3225 2409 3318 2491 sed
3358 2438 3479 2508 ipse
3509 2409 3798 2506 vocat

2243 2517 2356 2569 sos,
2383 2517 2441 2562 ut
2471 2508 2688 2580 impleat
2713 2529 3024 2575 conversos.

2316 2599 2369 2656 6.
2394 2599 2562 2698 Sane,
2597 2603 2809 2675 fratres,
2856 2615 3093 2682 exceptis
3137 2617 3241 2672 illis
3279 2622 3435 2680 caelis
3477 2631 3796 2698 superioribus

2244 2694 2438 2790 ignotis
2481 2699 2634 2756 nobis
2664 2701 2717 2758 in
2747 2713 2886 2760 terra
2924 2707 3310 2780 laborantibus,
3343 2727 3400 2772 et
3448 2694 3559 2790 peri
3583 2723 3794 2785 luunanas

2240 2787 2576 2889 conjecturas
2643 2803 2930 2868 utcumque
2974 2799 3072 2855 ista
3134 2787 3550 2880 quaerentibus;
3596 2821 3792 2889 exceptis

2239 2894 2368 2952 ergo
2397 2883 2504 2940 illis
2525 2887 2697 2955 caelis,
2738 2891 2827 2960 qui
2855 2895 3124 2962 quomodo
3152 2898 3259 2955 sint
3287 2915 3454 2973 super
3496 2883 3790 2967 invicem-vel

2238 2986 2367 3073 quot
2404 2978 2531 3042 sint,
2576 2981 2660 3037 vel
2687 2984 2877 3054 quibus
2903 2987 3073 3046 modis
3099 2989 3335 3050 distincti
3366 2998 3502 3067 sint,
3531 3004 3708 3073 quibus
3727 3007 3788 3062 in-

2237 3067 2370 3165 colis
2396 3069 2597 3142 impleti
2618 3073 2746 3140 sint,
2768 3092 2870 3147 qua
2892 3078 3243 3150 dispositione
3264 3067 3788 3165 regnatum-quomodo

2236 3160 2307 3216 ibi
2354 3178 2489 3220 unus
2529 3165 2743 3236 quidam
2795 3170 3024 3243 hymnus
3067 3176 3377 3236 indeliciens
3421 3160 3704 3246 concinens
3737 3192 3788 3247 ab

2234 3255 2482 3313 omnibus
2525 3259 2780 3327 prmdicet
2808 3261 2973 3320 Deum
3003 3268 3048 3336 ⁸,
3078 3271 3299 3328 multum
3325 3285 3410 3332 est
3450 3281 3520 3335 ad
3559 3297 3653 3339 nos
3676 3286 3786 3340 inve-

2233 3347 2369 3412 nire,
2402 3351 2690 3420 satagimus
2721 3363 2895 3410 tamen
2925 3361 3222 3428 pervenire.
3254 3363 3329 3421 lbi
3359 3378 3447 3424 est
3481 3374 3620 3428 enim
3648 3377 3781 3444 patria

2232 3450 2436 3506 nostra,
2468 3457 2625 3512 quam
2655 3443 2807 3516 longa
2835 3447 3062 3508 fortasse
3093 3458 3528 3526 peregrinatione
3551 3443 3689 3521 obliti
3711 3482 3781 3522 su-

2230 3545 2372 3586 mus.
2407 3531 2518 3589 Vox
2547 3535 2690 3591 enim
2735 3549 2912 3594 nostra
2943 3553 3027 3597 est
3055 3543 3107 3598 in
3149 3545 3242 3601 illo
3271 3551 3483 3618 psalmo
3518 3573 3533 3609 :
3572 3555 3678 3612 Ηιιι
3700 3574 3781 3625 me,

2227 3625 2844 3722 quoniam-peregrinatio
2886 3648 2998 3687 mea
3039 3636 3318 3708 longinqua
3364 3645 3508 3714 facta
3533 3660 3603 3702 est
3641 3648 3779 3722 (Psnl.

2226 3731 2369 3780 cxnx,
2402 3716 2492 3790 5)!
2538 3719 2678 3791 Ergo
2702 3721 2770 3778 de
2797 3722 2901 3778 illis
2925 3726 3076 3783 cwlis
3117 3738 3173 3784 et
3200 3731 3326 3786 mihi
3367 3735 3589 3795 difficile
3614 3716 3780 3796 estdis-

2226 3817 2416 3878 putare
2446 3851 2463 3876 ,
2509 3809 2555 3864 si
2597 3819 2772 3867 tamen
2813 3830 2916 3870 non
2947 3815 3300 3888 impossibile,
3343 3835 3399 3881 et
3429 3830 3579 3884 vobis
3621 3832 3777 3887 intelli-

2222 3913 2369 3970 gere.
2401 3898 2560 3958 Ccrte
2587 3903 2677 3973 qui
2703 3920 2790 3961 me
2819 3905 2871 3960 in
2920 3907 3003 3963 his
3028 3911 3187 3967 rebus
3217 3914 3494 3976 intellectu
3536 3924 3772 3992 pra'vcnit,

2222 3992 2430 4051 fruatttr
2473 4013 2580 4068 quo
2628 4002 2932 4070 praecessit,
2981 4014 3036 4060 et
3081 4016 3199 4063 oret
3238 4025 3339 4082 pro
3384 4029 3476 4072 me
3523 4026 3580 4074 ut
3617 4034 3774 4090 sequar

2221 4101 2340 4158 ego.
2373 4088 2586 4146 Interim
2615 4094 2850 4164 exceptis
2879 4095 2981 4151 illis
3006 4098 3179 4168 caelis,
3212 4101 3385 4160 habeo
3409 4107 3482 4164 de
3510 4088 3695 4181 quibus
3709 4112 3771 4165 hic

2219 4189 2506 4252 utcumque
2548 4183 2829 4252 disseram,
2873 4188 3026 4243 nobis
3065 4195 3336 4261 proximos
3384 4201 3555 4258 caelos
3593 4215 3768 4259 sanctos

2219 4271 2311 4327 Dei
2343 4276 2647 4346 Apostolos,
2681 4278 3057 4347 prmdieatores
3085 4287 3234 4342 verbi
3258 4294 3520 4356 veritatis.
3548 4311 3636 4366 per
3660 4310 3767 4367 quos

2215 4369 2382 4460 ctelos
2419 4372 2674 4442 compluti
2703 4388 2910 4441 sumus,
2952 4386 3010 4433 ut
3038 4395 3133 4449 per
3172 4390 3337 4439 totum
3369 4389 3620 4445 mundum
3645 4405 3764 4460 seges

2215 4459 2467 4516 Ecclesia:
2510 4463 2829 4531 pullularet;
2857 4469 2956 4522 etsi
2997 4485 3119 4525 cum
3148 4473 3365 4530 zizaniis
3410 4479 3615 4535 interim
3640 4459 3760 4536 coin-

2212 4569 2426 4610 munem
2453 4555 2640 4612 bibens
2663 4558 2914 4628 pluviam,
2937 4562 3030 4618 sed
3055 4574 3230 4622 tamen
3257 4567 3510 4629 horreum
3528 4590 3626 4630 non
3650 4573 3760 4628 habio

2212 4652 2327 4700 tttra
2353 4661 2657 4704 commune.

2279 4738 2332 4792 7.
2359 4736 2500 4808 Ergo
2512 4754 2632 4794 cum
2652 4739 2851 4798 dictum
2871 4755 3035 4812 esset,
3054 4746 3402 4809 Misericordia
3427 4755 3624 4813 Domini
3637 4760 3755 4829 plena

2205 4839 2279 4885 est
2313 4839 2446 4884 terra
2479 4845 2501 4886 :
2529 4833 2680 4902 quasi
2725 4850 3019 4905 quaereres,
3070 4840 3220 4898 Unde
3266 4844 3480 4915 impleta
3524 4862 3597 4906 est
3642 4861 3752 4904 terra

2205 4921 2566 4978 misericordia
2598 4925 2845 4981 Domini?
2879 4928 3028 4984 Prius
3057 4933 3205 4989 missi
3234 4947 3358 4992 sunt
3383 4941 3526 5004 caeli,
3556 4943 3636 5011 qui
3673 4942 3749 4995 mi-

2203 5011 2543 5068 sericordiam
2572 5014 2778 5070 Domini
2821 5031 3132 5089 Spargerent
3158 5038 3320 5095 super
3349 5039 3561 5090 terram.
3598 5033 3748 5086 ethoc

2200 5117 2364 5171 super
2411 5113 2572 5160 totam
2621 5117 2837 5163 terram.
2869 5109 3000 5167 Nam
3041 5113 3161 5170 vide
3205 5119 3330 5189 quid
3369 5121 3437 5177 de
3479 5124 3600 5194 ipsis
3626 5124 3745 5178 uelis

2197 5194 2322 5249 alibi
2346 5194 2540 5251 dicitur
2563 5215 2575 5250 :
2599 5196 2725 5252 Caeli
2750 5211 2988 5256 enarrant
3026 5205 3240 5275 gloriam
3270 5210 3386 5275 Dei,
3428 5224 3474 5268 et
3494 5231 3636 5286 opera
3660 5229 3740 5267 ma-

2196 5305 2352 5343 nuum
2395 5291 2504 5355 eius
2547 5293 2813 5347 annuntiat
2861 5297 3253 5357 firmamentum.
3300 5304 3452 5373 Quod
3494 5307 3638 5371 caeli,
3663 5306 3739 5358 hoc

2195 5382 2605 5440 firmamentum.
2639 5383 2758 5439 Dies
2799 5385 2904 5442 diei
2941 5400 3131 5444 eructat
3171 5394 3393 5462 verbum,
3434 5406 3481 5453 et
3514 5393 3738 5452 prostituti

2192 5477 2456 5530 annuntiat
2495 5478 2772 5531 scientiam.
2806 5478 2918 5533 Non
2964 5493 3222 5550 cessatur,
3269 5502 3373 5541 non
3406 5497 3615 5544 tacetur.
3653 5484 3734 5540 Sed

2190 5565 2279 5620 ubi
2325 5567 2763 5636 praedicaverunt,
2808 5578 2865 5624 et
2904 5587 3179 5645 quousque
3224 5579 3609 5646 pervenerunt?
3635 5574 3731 5631 Non

2188 5667 2305 5713 sunt
2347 5657 2576 5730 loquelae,
2608 5677 2763 5730 neque
2790 5677 3065 5731 sermones,
3100 5684 3314 5735 quorum
3355 5687 3456 5727 non
3493 5671 3729 5726 audiantur

2249 5792 2268 5860 ξ
2293 5791 2365 5841 sic
2386 5797 2492 5841 Mss.
2518 5800 2574 5843 At
2595 5792 2726 5852 add,
2757 5807 2849 5860 quo
2870 5809 2921 5848 se
2941 5800 3240 5851 converterit.

2247 5855 2270 5885 ’
2288 5859 2394 5904 uss.
2431 5861 2546 5918 Reg.
2575 5863 2628 5906 et
2646 5855 2812 5918 \‘aticl,
2836 5859 3128 5921 prwcinetur
3151 5871 3267 5914 Deo.
