3950 6442
109 349 200 404 Ξιδὸ
1141 331 1534 394 ΕΝᾹΒΒΔἸἸΟ
1573 328 1635 386 IN
1673 329 1995 390 PSALMUM
2032 327 2248 393 XXXII.

109 464 218 532 Quis
259 469 339 517 est
376 458 466 530 qui
504 471 618 514 non
654 454 754 512 hoc
777 454 959 510 audito
986 453 1155 523 erigat
1183 451 1285 506 so?
1308 451 1508 508 Amant
1531 447 1672 503 enim

98 568 271 613 outues
313 550 694 608 beatitudinem
734 564 746 602 :
786 555 840 604 et
878 546 998 602 ideo
1022 544 1255 616 perversi
1281 551 1404 598 sunt
1432 541 1674 596 homines

103 647 205 714 quia
232 644 353 698 mali
381 641 572 697 volunt
592 656 708 697 esse
730 679 745 704 ,
772 638 953 696 miseri
981 637 1168 692 nohmt
1197 655 1209 692 :
1241 644 1294 691 et
1319 649 1440 690 cum
1467 634 1538 688 sit
1564 649 1676 688 ma-

105 738 212 792 litia:
253 733 516 789 inditidua
558 745 737 786 eomes
779 730 1024 796 miseria,
1076 730 1160 782 isti
1194 727 1427 797 perversi
1459 743 1561 779 non
1587 739 1674 780 so-

106 833 196 884 lum
226 827 342 881 mali
364 840 486 880 esse
516 825 734 888 volunt,
764 832 815 878 et
845 821 1020 876 miseri
1054 820 1235 876 nolunt
1258 818 1398 888 quod
1425 817 1536 871 fieri
1569 832 1672 872 non

103 932 286 994 potest;
330 916 424 974 sed
468 916 595 972 ideo
631 915 816 971 volunt
857 914 980 968 mali
1019 926 1139 970 esse
1164 954 1179 978 ,
1221 927 1288 966 ne
1330 910 1510 966 miseri
1545 909 1669 964 sint.

100 1012 217 1081 Quid
254 1019 331 1066 est
373 1009 477 1064 hoc
518 1009 658 1078 quod
701 1007 809 1062 dixi
855 1025 870 1062 :
915 1006 1035 1062 ldeo
1061 1004 1244 1058 volunt
1270 1004 1391 1058 mali
1420 1016 1576 1066 esse,
1605 1017 1674 1056 ne

102 1103 257 1159 miseri
300 1101 452 1158 sint?
493 1100 843 1157 Considerate
883 1097 984 1155 hoc
1024 1098 1292 1168 pauluium
1340 1097 1393 1150 in
1429 1096 1674 1150 omnibus

102 1195 379 1250 hominibus
427 1192 521 1263 qui
569 1193 703 1246 mala
742 1191 943 1246 faciunt
967 1231 981 1257 ,
1025 1191 1166 1247 beati
1195 1205 1410 1259 semper
1436 1203 1556 1244 esse
1581 1201 1676 1242 vo-

104 1288 214 1342 lunt.
244 1283 467 1339 Furtum
498 1282 630 1338 facit
659 1301 674 1340 :
706 1283 900 1352 qttzeris
919 1322 934 1347 ,
967 1284 1172 1352 quare?
1196 1281 1418 1349 Propter
1441 1279 1633 1335 l'amern
1653 1319 1667 1344 ,

97 1358 292 1450 [propter
327 1376 731 1432 necessitatem.
775 1374 917 1445 Ergo
945 1390 1010 1430 ne
1039 1374 1202 1429 miser
1225 1373 1327 1437 sit,
1357 1373 1526 1427 malus
1552 1381 1669 1438 est;

104 1483 146 1529 et
166 1471 272 1526 ideo
294 1469 554 1526 miserior
576 1476 677 1532 est,
704 1469 826 1538 quia
858 1469 1030 1524 malus
1050 1477 1152 1524 est.
1185 1468 1523 1536 Depellendae
1547 1481 1673 1536 ergo

105 1563 304 1620 miseria:
329 1576 492 1617 causa
518 1600 535 1628 ,
566 1569 622 1617 et
641 1561 980 1632 acquircmhe
1010 1559 1350 1618 beatitudinis
1369 1574 1526 1614 causa
1551 1599 1566 1624 ,
1596 1558 1673 1612 fa-

105 1657 227 1712 ciunt
265 1667 452 1709 omnes
504 1651 748 1708 homines
792 1652 1045 1723 quidquid
1093 1652 1174 1708 vel
1215 1651 1338 1706 boni
1367 1650 1564 1706 faciunt
1590 1651 1671 1704 vel

103 1747 204 1802 ntali
245 1762 262 1798 :
300 1759 519 1815 semper
557 1758 685 1814 ergo
729 1743 869 1802 beati
897 1757 1015 1800 esse
1046 1743 1245 1797 volunt.
1278 1741 1404 1798 Sive
1429 1742 1566 1798 male
1592 1741 1671 1793 vi-

105 1846 262 1894 ventes
283 1877 298 1902 ,
321 1837 436 1892 sive
459 1836 600 1892 bene
625 1837 860 1892 viventes
878 1876 893 1901 ,
923 1835 1061 1890 beati
1087 1849 1206 1890 esse
1233 1835 1414 1890 volunt
1442 1852 1456 1890 :
1489 1842 1669 1889 etnon

108 1931 332 2001 contingit
367 1929 627 1986 erunibus
662 1928 804 2000 quod
843 1945 1030 1984 0mle
1060 1944 1179 1985 esse
1223 1928 1426 1984 volunt.
1471 1928 1672 1983 Omnes

107 2023 222 2082 enim
259 2021 395 2078 beati
425 2037 550 2078 esse
577 2021 798 2089 volunt,
829 2036 936 2075 non
961 2030 1136 2076 autem
1166 2031 1322 2078 erunt
1351 2021 1450 2075 nisi
1480 2019 1549 2074 illi
1581 2021 1670 2091 qui

105 2115 203 2186 justi
229 2130 338 2170 esse
365 2113 656 2170 voluerint.
687 2113 749 2167 Et
769 2128 894 2169 ecce
925 2113 1106 2168 nescio
1125 2113 1244 2182 quis
1267 2125 1324 2166 ut
1350 2112 1488 2167 male
1513 2111 1671 2167 faciat

104 2205 260 2261 beatus
294 2205 405 2261 vult
445 2219 596 2260 esse.
643 2204 835 2266 Unde?
873 2205 952 2260 Ex
997 2205 1248 2274 pecunia,
1279 2219 1342 2260 ex
1370 2213 1596 2274 argento
1619 2213 1672 2259 et

106 2311 362 2362 auro,-ex
414 2295 674 2366 przediis,
727 2295 906 2350 fundis
937 2335 953 2362 ,
1009 2296 1296 2363 domibus,
1353 2296 1668 2368 itiaueipiis,

105 2401 262 2460 pompa
295 2387 501 2454 smeuli,
558 2386 766 2443 honore
791 2387 1017 2443 volatico
1045 2397 1099 2442 et
1131 2388 1386 2457 perituro.
1416 2388 1672 2447 liabendo

105 2479 268 2551 aliquid
308 2482 492 2536 volunt
530 2481 682 2537 beati
722 2495 840 2536 esse
873 2499 887 2534 :
917 2496 1098 2550 quaere
1125 2497 1253 2551 ergo
1279 2485 1403 2553 quid
1437 2484 1632 2540 habeas
1653 2525 1670 2552 ,

105 2584 148 2628 ut
179 2573 342 2632 beatus
371 2575 466 2631 sis.
496 2575 642 2630 Cum
673 2575 815 2630 enim
842 2573 1029 2632 beatus
1056 2577 1250 2642 fueris,
1281 2577 1468 2632 melior
1494 2578 1672 2647 utique

106 2667 216 2730 eris,
252 2682 399 2738 quam
429 2681 564 2722 cum
596 2667 760 2723 miser
788 2681 869 2725 es.
903 2669 1040 2724 Fieri
1070 2680 1247 2724 autem
1279 2686 1382 2725 non
1411 2679 1589 2742 potest
1617 2679 1673 2725 ut

105 2771 172 2810 res
193 2756 405 2812 deterior
432 2766 482 2812 te
510 2750 682 2815 faciat
714 2760 1012 2816 meliorem.
1048 2760 1217 2814 Homo
1241 2774 1300 2814 es
1322 2801 1338 2825 ,
1361 2759 1595 2815 deterius
1621 2769 1672 2816 te

108 2860 170 2902 est
187 2849 416 2921 quidquid
439 2854 628 2924 cupis,
651 2868 757 2924 quo
779 2853 964 2910 beatus
988 2865 1107 2908 esse
1131 2851 1422 2908 desideras.
1448 2854 1669 2920 Aurum,

105 2949 374 3012 argentum,
405 2945 670 3018 quaelibet.
695 2959 918 3014 corpora
939 2986 954 3010 ,
984 2943 1177 3014 quibus
1199 2942 1370 2997 inhias
1397 2946 1672 3014 acquiren-

109 3032 201 3106 dis,
229 3037 598 3110 possidendis,
627 3036 867 3093 fruendis
887 3077 902 3104 ,
935 3034 1187 3091 inferiora
1209 3045 1332 3090 sunt
1359 3044 1428 3092 te.
1458 3035 1536 3090 Tu
1564 3051 1674 3090 tne-

109 3129 186 3183 liur
230 3144 284 3186 es
328 3138 382 3184 tu
420 3130 609 3199 potior
653 3129 670 3160 ³
714 3143 774 3183 es
820 3145 832 3181 :
879 3136 934 3183 et
975 3127 1156 3197 utique
1219 3127 1297 3182 vis
1338 3127 1525 3181 melior
1553 3142 1673 3184 esse

109 3237 233 3289 quam
257 3239 312 3278 es
332 3263 346 3288 ,
378 3237 495 3278 eum
545 3222 730 3277 beatus
754 3235 873 3276 esse
895 3220 1006 3286 vis,
1036 3221 1156 3290 quia
1186 3219 1348 3275 miser
1376 3235 1455 3275 es.
1489 3219 1673 3275 Melius

110 3316 309 3370 esteuim
331 3317 507 3386 utique
552 3314 760 3370 beatum
782 3329 903 3370 esse
925 3354 940 3381 ,
963 3329 1119 3384 quam
1145 3314 1417 3368 miserum.
1442 3313 1534 3369 Vis
1553 3330 1674 3370 esse

111 3408 261 3463 melior
286 3418 332 3463 te
359 3426 371 3463 :
396 3419 446 3463 et
466 3408 678 3478 quzeris
698 3447 712 3470 ,
737 3405 999 3476 perquiris
1029 3422 1122 3475 per
1146 3422 1263 3476 qua:
1285 3407 1334 3462 id
1367 3407 1454 3460 tiat
1474 3449 1488 3468 .
1520 3406 1672 3462 dete-

111 3499 223 3555 riora
256 3510 319 3566 te,
362 3499 641 3569 Quidquid
685 3497 961 3568 quiesieris
1003 3497 1056 3552 in
1105 3507 1240 3552 terra
1267 3535 1281 3562 ,
1323 3497 1556 3554 deterius
1591 3507 1673 3552 est

111 3603 238 3658 quam
269 3600 335 3646 ttt.
365 3591 476 3646 llue
500 3589 690 3644 omnis
719 3588 879 3643 homo
905 3596 1053 3655 optat
1080 3589 1252 3642 amico
1278 3603 1375 3642 sno
1399 3631 1414 3654 ,
1446 3590 1526 3645 sic
1549 3605 1672 3645 cum

112 3680 282 3750 ailjurat
311 3702 330 3738 :
371 3683 455 3752 Sic
496 3682 702 3738 rnclior
731 3681 806 3736 sis
829 3722 842 3744 .
869 3681 947 3736 sic
976 3682 1247 3735 meliorem
1277 3690 1328 3736 te
1359 3682 1630 3737 videamus
1654 3722 1669 3746 ,

115 3772 174 3826 sic
191 3773 245 3829 de
268 3784 314 3830 te
337 3776 565 3831 meliore
600 3773 943 3845 gaudeamus.
977 3772 1128 3839 Quod
1156 3773 1328 3827 amico
1356 3782 1503 3840 Optat
1526 3814 1542 3836 ,
1573 3774 1673 3828 hoc

115 3873 156 3916 et
187 3867 283 3933 ipse
317 3867 440 3921 vult.
487 3867 698 3935 Accipe
737 3879 865 3934 ergo
896 3863 1052 3918 lidele
1079 3864 1379 3917 consilium.
1409 3863 1591 3916 Melior
1623 3872 1672 3917 te

118 3951 179 4008 vis
209 3970 344 4023 esse,
393 3957 528 4012 novi
553 3998 566 4020 ,
609 3971 798 4010 omnes
839 3955 1081 4008 novimus
1111 3994 1125 4016 ,
1168 3968 1354 4008 omnes
1392 3955 1669 4008 volumus:

119 4060 262 4115 qumre
285 4050 416 4120 quod
445 4059 535 4106 est
565 4049 754 4104 melius
783 4056 834 4102 te
854 4089 870 4114 ,
900 4057 955 4100 ιιι
978 4046 1100 4100 inde
1121 4045 1368 4099 eiliciaris
1391 4046 1578 4100 melior
1599 4053 1671 4099 te.

176 4139 246 4193 10.
284 4142 484 4198 intuere
538 4156 681 4196 nunc
728 4139 921 4195 cmlum
969 4147 1022 4194 et
1065 4147 1259 4192 terram
1293 4154 1306 4189 :
1339 4152 1441 4190 non
1471 4138 1562 4191 tibi
1593 4139 1671 4193 sic

123 4231 305 4296 pulchra
328 4251 552 4307 corpora
587 4234 850 4305 placeant,
882 4240 937 4286 ut
967 4231 1044 4286 eis
1075 4232 1184 4285 ιιοιι
1216 4231 1402 4286 beatus
1434 4231 1582 4285 velis.
1615 4229 1672 4285 In

125 4325 272 4381 animo
305 4328 544 4400 estquod
585 4326 803 4397 qna-ris.
835 4324 1026 4378 Beatus
1065 4323 1208 4377 enim
1248 4337 1367 4377 esse
1406 4322 1485 4376 vis
1515 4341 1526 4375 :
1559 4323 1673 4391 ipso

127 4419 273 4472 animo
298 4429 379 4474 ttto
399 4436 580 4491 qurere
605 4416 729 4488 quid
763 4417 830 4470 sit
855 4416 1061 4470 melius.
1093 4415 1221 4470 Cum
1251 4414 1394 4470 enim
1425 4413 1529 4468 duo
1567 4415 1675 4470 sint

128 4512 332 4576 quaedam
356 4555 370 4579 ,
398 4515 498 4570 hoc
525 4521 645 4578 est,
675 4511 883 4565 animus
921 4517 974 4564 et
1010 4523 1235 4577 corpus,
1273 4523 1338 4563 eo
1375 4507 1515 4578 quod
1561 4508 1674 4563 iSiiS

129 4600 300 4660 duobus
333 4606 457 4662 illud
498 4606 690 4662 melius
727 4604 795 4657 sit
821 4602 960 4672 quod
1008 4603 1214 4655 animus
1239 4600 1433 4655 dicitur
1456 4642 1471 4667 ,
1504 4608 1676 4670 potest

131 4707 291 4765 corpus
315 4707 454 4752 tuum
497 4697 690 4753 melius
729 4695 841 4750 fieri
881 4709 972 4764 per
1002 4692 1273 4747 meliorem
1301 4734 1316 4758 ,
1345 4692 1467 4762 quia
1498 4691 1678 4760 subje-

132 4797 248 4844 ctum
270 4802 347 4848 est
375 4808 569 4862 corpus
596 4792 795 4844 animo.
826 4789 1008 4842 Potest
1038 4801 1165 4855 ergo
1194 4785 1383 4842 melius
1415 4784 1525 4839 fieri
1554 4801 1674 4839 eur-

135 4892 212 4948 pus
248 4892 380 4939 tuum
426 4902 518 4955 per
565 4884 796 4938 animum
839 4891 984 4934 tuum
1012 4898 1022 4930 :
1048 4887 1104 4932 ut
1143 4893 1263 4933 cum
1305 4876 1462 4930 fuerit
1500 4878 1677 4945 justus

135 4973 310 5031 animus
335 4987 466 5043 tuus,
485 4979 552 5032 sit
581 4984 761 5048 postea
789 4971 1086 5028 inuuortale
1105 4970 1262 5026 etiam
1289 4983 1481 5036 corpus
1505 4977 1673 5026 ttutnt.

135 5061 218 5119 Per
239 5071 386 5124 animi
409 5072 549 5126 enim
575 5069 1014 5125 illuminationem
1040 5071 1272 5119 meretur
1289 5078 1481 5131 corpus
1503 5061 1676 5115 inror-

138 5160 399 5225 ruptionem
421 5205 433 5229 ,
466 5175 520 5218 ut
554 5163 641 5217 iiat
672 5159 937 5215 inferioris
963 5157 1226 5224 reparatio
1255 5170 1348 5224 per
1378 5153 1676 5208 meliorem.

137 5245 184 5302 Si
215 5265 328 5323 ergo
351 5256 584 5327 corporis
627 5254 701 5308 tui
739 5254 933 5308 botmm
973 5250 1184 5303 animus
1229 5257 1349 5301 tuus
1416 5255 1526 5309 est,
1556 5245 1678 5316 quia

141 5353 334 5412 corpore
379 5358 464 5403 tuo
492 5349 678 5404 melior
719 5355 799 5401 est.
828 5362 843 5411 ;
875 5361 994 5400 cum
1026 5342 1221 5412 «pueris
1263 5341 1460 5395 bonum
1492 5348 1636 5392 tuum
1662 5380 1675 5404 ,

142 5428 249 5487 “illd
272 5453 437 5505 uiuere
465 5439 599 5510 quod
633 5437 822 5493 melius
853 5446 932 5491 est
969 5435 1147 5488 animo
1179 5443 1290 5489 tuo.
1315 5430 1448 5498 Quid
1477 5437 1559 5484 est
1586 5446 1681 5482 au-

145 5526 234 5574 tem
264 5526 456 5584 animus
489 5531 644 5584 tuus?
664 5527 912 5586 Attende.
945 5541 1008 5580 ne
1041 5524 1173 5578 forte
1194 5531 1539 5576 contemnens
1568 5518 1682 5572 ani-

146 5622 268 5664 nnnn
289 5622 442 5683 tuum,
460 5629 508 5674 et
526 5629 713 5692 putans
735 5617 915 5673 nescio
935 5615 1056 5686 quid
1075 5630 1194 5670 esse
1212 5614 1311 5668 vile
1328 5623 1377 5666 et
1395 5611 1677 5679 abiectum,

149 5700 304 5760 viliora
338 5723 530 5779 quaeras
577 5711 768 5786 quibus
813 5708 1146 5765 beatiliectur
1185 5706 1394 5762 animus
1438 5711 1578 5759 tuus.
1626 5704 1680 5757 In

207 5864 220 5894 ³
243 5868 304 5917 sic
324 5881 480 5922 novem
503 5882 603 5925 Mss.
633 5873 714 5924 Alii
739 5882 862 5933 octo,
889 5867 1135 5934 potentior.
1164 5876 1217 5917 Αι
1240 5867 1367 5928 Edth
1397 5865 1581 5928 ιν

3257 333 3365 396 ut

1782 446 1961 502 animo
1993 455 2082 502 tuo
2126 457 2208 502 est
2250 447 2422 517 imago
2449 445 2544 502 Dei
2570 487 2585 512 ,
2614 460 2768 503 mens
2797 446 3026 504 hominis
3053 451 3194 520 capit
3221 468 3363 508 eam.

1781 541 2002 608 Accepit
2027 555 2168 606 eam,
2199 549 2251 594 et
2283 540 2583 596 inelinando
2607 558 2666 596 se
2689 542 2753 595 ad
2783 553 3054 612 peccatum
3083 542 3364 600 decolora-

1782 632 1888 688 vitI
1911 648 2048 687 eam.
2083 635 2199 703 Ipse
2227 635 2292 688 ad
2321 652 2436 689 eam
2468 637 2608 690 venit
2637 637 2972 700 reformatur,
2992 640 3078 708 qui
3105 650 3217 694 erat
3248 641 3370 710 ejus

1780 725 2193 810 anteofot-mator
2216 745 2228 791 ;
2251 727 2370 796 quia
2402 744 2497 797 per
2524 729 2742 783 verbum
2774 729 2910 784 facta
2933 743 3055 785 sunt
3084 735 3285 798 omnia,
3314 745 3369 789 et

1774 832 1875 886 per
1893 817 2124 872 Verbum
2151 819 2402 889 impressa
2425 832 2503 875 est
2528 821 2639 875 haec
2665 823 3019 893 imago.Vcnit
3045 828 3211 895 ipsum
3233 827 3366 884 Ver-

1779 908 1935 973 bum,
1970 921 2025 964 ut
2051 911 2354 966 audiremus
2389 914 2455 965 ab
2478 915 2733 982 Apostolo
2758 954 2773 978 ,
2803 915 3167 985 Ileformamini
3189 922 3242 974 in
3272 937 3367 975 no-

1779 1002 1926 1056 vitate
1951 1005 2130 1059 mentis
2159 1014 2332 1059 rcslrre
2357 1005 2530 1076 (Rom.
2564 1023 2656 1072 xu,
2681 1007 2755 1077 Ξ).
2789 1008 2902 1063 Jatn
2931 1026 3057 1081 ergo
3086 1026 3363 1083 superest,

1779 1099 1836 1146 ttt
1868 1109 2077 1164 qumras
2115 1097 2238 1164 quid
2269 1097 2338 1152 sit
2381 1099 2566 1152 melius
2597 1115 2752 1168 quam
2793 1101 3000 1157 anitnits
3050 1111 3189 1160 tuus.
3229 1105 3366 1174 Quid

1776 1187 1899 1252 erit,
1932 1187 2158 1242 obsecro
2186 1229 2200 1253 ,
2228 1189 2329 1242 nisi
2359 1190 2500 1244 Deus
2525 1191 2684 1244 tttus?
2709 1191 2822 1245 Non
2853 1193 3058 1249 invenis
3084 1197 3223 1251 aliud
3253 1215 3366 1254 me-

1779 1277 1882 1358 lius
1907 1279 2086 1335 animo
2114 1288 2236 1345 tuo;
2270 1282 2390 1350 quia
2419 1299 2538 1336 cum
2572 1283 2727 1338 l‘uet'it
2759 1285 2989 1354 perfecta
3026 1303 3210 1343 natura
3239 1300 3325 1346 tua
3347 1335 3363 1358 ,

1775 1352 1995 1439 An'gelis
2029 1374 2342 1442 aequabitur.
2375 1374 2490 1428 Jam
2521 1390 2680 1445 supra
2712 1393 2817 1430 non
2861 1388 2944 1433 est
2983 1380 3083 1435 nisi
3123 1379 3361 1438 Creator.

1777 1459 1936 1529 Erige
1989 1471 2040 1517 te
2081 1462 2147 1518 ad
2201 1463 2382 1530 illum,
2429 1466 2536 1520 noli
2591 1467 2918 1538 desperare,
2964 1471 3072 1526 noii
3137 1473 3315 1531 dicere
3345 1514 3361 1539 .

1773 1550 1995 1606 Multum
2042 1563 2122 1607 est
2152 1554 2217 1609 ad
2265 1571 2371 1610 me.
2407 1556 2571 1626 Magis
2602 1561 2820 1613 multum
2856 1569 2939 1616 est
2981 1563 3048 1616 ad
3093 1571 3142 1620 te
3171 1564 3367 1626 habere

1772 1641 1914 1699 forte
1974 1660 2162 1700 auram
2227 1647 2367 1717 quod
2415 1649 2638 1718 qumvis.
2684 1650 2884 1706 Aurum
2933 1654 3031 1707 etsi
3087 1655 3363 1723 volueris,

1774 1734 1912 1791 forte
1966 1751 2069 1791 non
2115 1738 2366 1804 habebis;
2418 1740 2582 1796 Deum
2629 1758 2749 1796 cum
2797 1744 3055 1809 volueris,
3103 1745 3363 1804 habebis:

1775 1827 1895 1896 quia
1943 1838 1998 1882 et
2041 1839 2322 1900 antequam
2350 1833 2514 1887 velles
2545 1834 2685 1888 venit
2715 1833 2780 1888 ad
2821 1843 2872 1890 te
2894 1877 2910 1901 ,
2936 1844 2992 1892 et
3033 1852 3152 1890 cum
3181 1854 3366 1898 πνοι-δε

1775 1919 2047 1976 voluntate
2076 1936 2222 1977 esses
2263 1925 2470 1978 vocavit
2500 1935 2580 1989 te,
2609 1936 2662 1981 ct
2706 1941 2826 1982 eum
2879 1942 3171 1986 conversus
3217 1947 3366 1990 esses

1777 2009 1965 2070 terruit
2013 2025 2063 2071 te
2090 2056 2106 2081 ,
2157 2027 2211 2072 et
2255 2031 2374 2072 cum
2428 2020 2644 2075 territus
2681 2022 3014 2080 confitercris
3063 2025 3083 2056 ⁸
3121 2026 3368 2080 com-ola-

1775 2115 1861 2162 tus
1888 2116 1969 2163 est
1998 2120 2068 2165 te.
2097 2108 2199 2166 iste
2225 2111 2310 2182 qui
2345 2114 2436 2168 tibi
2463 2115 2707 2182 praestitit
2729 2115 2907 2168 omnia
2933 2157 2948 2181 ,
2979 2115 3080 2171 iste
3111 2117 3202 2186 qui
3242 2119 3366 2180 fecit

1774 2206 1834 2255 ut
1858 2214 2036 2266 esses,
2067 2205 2156 2270 qui
2201 2219 2321 2259 cum
2365 2206 2446 2260 his
2483 2209 2571 2275 qui
2615 2215 2788 2262 tecum
2833 2219 2954 2262 sunt
2999 2212 3158 2264 etiam
3210 2211 3363 2270 malis

1774 2305 1993 2366 pnestat
2013 2296 2202 2363 solem,
2233 2307 2448 2366 pr.rstat
2479 2299 2728 2368 pluviam,
2759 2310 2974 2369 praestat
2999 2300 3220 2362 fructus.
3249 2303 3366 2359 l'on-

1775 2400 1877 2455 tcs,
1904 2391 2063 2443 vitam
2085 2433 2098 2457 ,
2125 2392 2387 2458 salutem,
2415 2400 2587 2446 tantas
2606 2393 2998 2448 consolationes
3021 2435 3036 2457 ,
3065 2407 3240 2454 servat
3272 2397 3364 2454 tibi

1774 2481 1972 2550 aliquid
2011 2482 2152 2552 quod
2181 2497 2282 2536 ιιοιι
2310 2482 2404 2536 det
2434 2484 2533 2537 nisi
2568 2484 2682 2538 tibi.
2715 2484 2850 2552 Quid
2890 2494 2973 2540 est
3007 2497 3184 2542 autem
3226 2488 3366 2557 quod

1773 2575 1869 2629 tibi
1892 2584 2066 2629 servat
2090 2615 2104 2641 ,
2135 2575 2236 2630 nisi
2265 2579 2365 2630 se?
2398 2575 2524 2631 Pete
2549 2576 2689 2631 aliud
2712 2619 2726 2640 ,
2760 2576 2803 2630 si
2835 2577 3027 2632 melius
3055 2577 3362 2634 inveneris;

1776 2681 1835 2722 se
1866 2669 1957 2722 tibi
1986 2679 2162 2724 servat
2190 2669 2348 2724 Dens.
2375 2671 2566 2736 Arare,
2595 2670 2721 2740 quid
2748 2670 2919 2725 inltias
2942 2671 3079 2725 cmlo
3099 2680 3151 2727 et
3176 2672 3368 2730 terrai?

1773 2758 1961 2814 Mefior
1979 2769 2060 2814 est
2089 2761 2175 2827 qui
2200 2761 2323 2814 fecit
2343 2763 2535 2815 cretum
2563 2771 2617 2815 et
2649 2769 2843 2816 terram
2874 2779 2888 2815 :
2917 2761 3090 2830 ipsum
3119 2763 3363 2832 \‘iSttrtts,

1777 2850 1949 2922 ipsum
1983 2851 2259 2905 habiturus
2284 2851 2305 2882 ³
2330 2867 2407 2905 es.
2437 2852 2571 2918 Quid
2596 2852 2792 2921 quau-is
2815 2861 2870 2905 ut
2891 2861 2977 2905 tua
3007 2852 3075 2906 sit
3106 2852 3193 2907 illa
3219 2855 3363 2922 villa,

1775 2953 1829 2998 et
1860 2945 2122 2999 transiens
2153 2960 2247 3013 per
2274 2944 2416 2998 illam
2447 2945 2577 2999 dicis
2602 2963 2614 2998 :
2643 2944 2838 2999 Beatus
2864 2943 3018 3014 cujus
3038 2955 3120 2999 est
3151 2961 3334 3014 posses

1774 3037 1857 3089 sio
1899 3035 2035 3090 ista?
2063 3036 2177 3089 lloc
2212 3035 2396 3089 dicu..t
2433 3050 2590 3104 quam
2639 3036 2786 3089 tuulti
2821 3035 2912 3105 qui
2959 3045 3232 3090 transeunt
3273 3052 3365 3105 per

1776 3127 1919 3181 illam
1947 3136 2033 3181 :et
2063 3135 2237 3181 tamen
2268 3141 2388 3179 cum
2418 3126 2670 3191 dixerint,
2699 3136 2752 3180 et
2779 3137 3055 3184 transeunt
3082 3143 3175 3195 per
3196 3129 3361 3196 illam,

1776 3227 1998 3287 possunt
2021 3226 2177 3288 caput
2205 3219 2407 3288 agitare
2433 3228 2488 3274 et
2515 3219 2806 3287 suspirare,
2837 3219 3088 3289 numquid
3115 3228 3169 3273 et
3196 3220 3366 3288 possi—

1774 3311 1935 3366 dere?
1960 3311 2124 3366 Sonat
2151 3312 2414 3380 cupiditas
2433 3353 2449 3378 ,
2481 3321 2634 3366 sonat
2659 3312 2907 3382 iniquitas
2932 3330 2943 3363 :
2969 3311 3062 3366 sed
3098 3327 3200 3366 non
3231 3327 3364 3367 con-

1773 3407 2016 3475 cupiscas
2045 3421 2155 3460 rem
2187 3406 2410 3475 proximi
2440 3406 2514 3458 tui
2541 3402 2723 3474 (Deut.
2753 3421 2805 3472 v,
2833 3405 2948 3472 2|).
2978 3404 3170 3458 Beatus
3212 3405 3366 3474 cujus

1774 3511 1858 3555 est
1888 3501 1971 3554 illa
1996 3500 2138 3563 vilia,
2165 3500 2316 3569 cujus
2338 3507 2421 3554 est
2446 3499 2638 3554 domus
2663 3500 2782 3564 ista,
2812 3498 2965 3567 cujus
2983 3508 3067 3553 est
3096 3514 3221 3568 ager
3243 3499 3364 3554 iste.

1772 3593 2069 3666 Compesce
2115 3593 2486 3660 iniquitatem,
2528 3591 2652 3647 audi
2691 3592 2966 3666 veritatem
3001 3609 3014 3644 :
3049 3589 3206 3644 Uenta
3247 3608 3366 3660 gens

1773 3686 1923 3756 cujus
1951 3663 2042 3739 est.
2075 3684 2244 3752 Quid?
2264 3684 2380 3738 Jaut
2424 3684 2592 3738 nostis
2620 3683 2746 3753 quid
2777 3663 3014 3738 ιΙιιὶῘῆιῚιε
3057 3698 3198 3736 sum.
3229 3681 3368 3752 Ergo

1771 3777 2076 3832 desiderate
2129 3786 2184 3828 ιιι
2240 3777 2516 3842 habeatis,
2574 3785 2698 3830 tunc
2746 3775 2960 3830 demum
3013 3775 3148 3830 beati
3196 3777 3364 3829 eritis.

1775 3871 1889 3924 Hoc
1915 3871 2028 3924 solo
2058 3870 2192 3923 beati
2221 3868 2369 3922 eritis
2403 3885 2415 3921 :
2446 3884 2502 3922 re
2531 3869 2746 3922 meliore
2775 3884 2934 3936 quam
2961 3883 3054 3921 vos
3082 3868 3231 3932 estis,
3258 3883 3365 3922 me-

1777 3962 1937 4016 liores
1965 3961 2131 4015 eritis.
2165 3962 2303 4015 Deus
2322 3969 2424 4025 ρει,
2450 3960 2685 4027 inquam,
2712 3961 2899 4014 melior
2929 3969 3000 4022 te,
3031 3962 3117 4027 qui
3148 3960 3264 4015 fecit
3293 3969 3362 4015 te.

1777 4052 1934 4106 Bea'a
1960 4069 2080 4123 grus
2107 4053 2252 4122 cujus
2276 4062 2348 4104 est
2390 4051 2642 4104 Dominus
2676 4049 2813 4105 Deus
2837 4067 3027 4104 eorum.
3065 4051 3172 4104 lloe
3198 4066 3314 4103 ama
3345 4093 3362 4116 ,

1777 4145 1879 4198 hoe
1922 4143 2174 4213 posside,
2204 4143 2304 4198 hoc
2349 4157 2471 4198 cum
2519 4143 2601 4196 vis
2644 4142 2898 4209 habebis,
2933 4144 3033 4198 hoc
3073 4144 3235 4213 gratis
3263 4143 3360 4199 ha-

1771 4237 1946 4292 bebis.

1851 4331 1935 4383 17.
1979 4326 2136 4382 Beata
2174 4343 2293 4396 grus
2319 4327 2460 4396 cujus
2494 4333 2564 4380 est
2596 4323 2844 4378 Dominus
2878 4323 3012 4379 Deus
3037 4342 3228 4379 eorum.
3256 4327 3363 4381 No-

1776 4429 1891 4476 ster
1921 4421 2086 4474 Deus!
2114 4417 2276 4488 Cujus
2298 4421 2437 4472 enim
2465 4434 2568 4472 ιιοιι
2600 4430 2680 4473 est
2709 4418 2844 4472 Deus
2868 4419 2887 4471 ’ἒ
2911 4417 3024 4472 Non
3069 4419 3224 4487 plane
3253 4437 3367 4472 ιιιιιη

1779 4514 1924 4568 nium
1954 4511 2140 4568 eodem
2168 4510 2346 4564 modo.
2373 4508 2566 4566 Nosfet'
2594 4511 2778 4580 magis,
2811 4521 2990 4564 noster
3019 4512 3106 4580 qui
3139 4511 3367 4565 vivimus

1777 4604 1844 4658 dc
1885 4603 1974 4656 illo
2017 4612 2263 4670 tanquam
2303 4599 2369 4654 de
2412 4615 2547 4668 pane
2589 4611 2792 4655 nostro.
2823 4601 2940 4670 Ipse
2977 4603 3044 4656 sit
3086 4602 3368 4655 hatreditas

1780 4707 1998 4762 nostra,
2027 4694 2295 4766 possessio
2346 4706 2543 4748 nostra.
2575 4693 2656 4748 An
2702 4693 2836 4750 forte
2894 4705 3093 4749 temere
3141 4695 3368 4750 dicimus

1779 4787 2021 4845 faciendo
2046 4787 2196 4842 nobis
2223 4787 2384 4840 Deum
2415 4786 2825 4854 possessionem,
2854 4800 2972 4839 eum
2995 4787 3061 4839 sit
3093 4787 3364 4853 Dominus,

1778 4896 1899 4936 cum
1932 4881 2000 4933 sit
2041 4878 2296 4932 Cl'CalOI'?
2318 4877 2429 4931 Non
2460 4886 2538 4930 cst
2571 4877 2667 4930 iSZa
2701 4877 2969 4930 temeritas
3002 4893 3016 4930 :
3048 4879 3268 4933 allectus
3290 4892 3368 4934 est

1781 4971 2030 5026 desiderii
2058 5011 2071 5035 ,
2102 4977 2158 5024 et
2203 4966 2424 5021 dulcedo
2455 4967 2586 5036 spei.
2617 4966 2762 5020 lliCal
2804 4967 3011 5032 anima,
3037 4973 3253 5023 omnino
3282 4987 3364 5024 sc-

1782 5079 1908 5119 Cura
1935 5063 2070 5116 dicat
2102 5080 2112 5114 :
2143 5062 2278 5114 Deus
2307 5075 2451 5111 meus
2482 5073 2539 5112 es
2561 5067 2634 5119 tu;
2657 5062 2741 5127 qui
2774 5059 3109 5114 dicilaninta:
3140 5074 3364 5118 nostra‘:

1786 5156 1940 5210 Salus
1970 5165 2054 5206 tuo
2075 5169 2163 5223 ego
2194 5169 2302 5204 sunt
2331 5149 2504 5217 (Prol.
2540 5166 2724 5217 xxxiv,
2749 5151 2824 5220 '5).
2862 5153 3005 5205 Dii-at
3027 5194 3040 5216 ,
3070 5169 3253 5206 secura
3285 5154 3365 5207 di-

1784 5258 1869 5303 eat
1899 5265 1909 5297 :
1942 5260 2043 5300 non
2075 5243 2229 5299 faciet.
2265 5240 2506 5310 iniuriam
2543 5255 2661 5296 Cum
2699 5242 2800 5298 hoc
2827 5242 3049 5310 dixerit;
3084 5246 3188 5308 imo
3217 5247 3367 5301 faciet

1785 5339 1829 5396 si
1858 5355 1962 5394 non
1996 5337 2205 5390 dixerit.
2232 5333 2467 5388 Arbores
2494 5334 2705 5388 volebas
2735 5335 2928 5390 habere
2962 5338 3155 5405 quibus
3184 5336 3368 5392 beatus

1786 5434 1966 5490 esses?
1995 5430 2132 5486 Audi
2177 5429 2503 5497 Seriptttram
2532 5428 2794 5481 dicentem
2843 5423 2908 5481 de
2951 5429 3207 5496 sapientia
3243 5448 3256 5483 :
3289 5429 3372 5482 Li-

1787 5543 1941 5600 gumu
1969 5525 2082 5578 vita:
2101 5531 2171 5577 est
2203 5521 2434 5574 oomibus
2457 5519 2819 5590 possidentibus
2840 5537 2969 5574 cum.
3000 5523 3137 5577 Ecce
3161 5537 3370 5591 posses.

1788 5622 1995 5676 sionem
2038 5627 2270 5670 nostram
2312 5613 2451 5667 dixit
2493 5628 2612 5668 esse
2640 5613 2974 5684 sapientiam.
3006 5614 3110 5670 Sed
3135 5631 3200 5670 uc
3221 5628 3370 5687 putes

1855 5735 1869 5766 ί
1899 5733 2080 5795 Aliquot
2101 5736 2226 5787 3155.,
2249 5723 2579 5797 dedecorum.

1856 5799 1874 5827 ²
1899 5797 2112 5855 quiaque
2140 5801 2265 5845 uss...
2290 5795 2619 5857 coralgrereit's.

1860 5862 1875 5886 ³
1900 5850 2164 5904 (interi-vctu!
2193 5861 2290 5900 “5'5-
2313 5887 2324 5908 ς
2361 5850 2604 5901 bibitur“;-
