3950 6428
631 309 737 366 295

631 437 801 508 ipsam
823 434 1157 504 sapientiori,
1187 433 1305 502 quia
1337 430 1726 500 possessionem
1751 439 1894 486 tuam
1919 431 2049 487 dixit
2073 434 2214 488 Scri-

632 540 807 602 ptura,
841 529 1036 594 aliquid
1076 544 1191 579 esse
1237 525 1374 593 quod
1421 525 1490 577 sit
1521 535 1571 578 te
1622 525 1876 588 inferius,
1899 528 2138 596 sequitur
2163 537 2217 581 ει

629 625 866 695 adjuugit
898 641 910 674 :
943 620 1005 674 Et
1035 618 1426 672 incumbentibus
1453 621 1502 669 in
1531 634 1640 670 eam
1669 618 1797 671 velut
1819 620 1870 672 in
1905 618 2177 673 hominum
2197 661 2213 685 ,

629 718 768 772 tnta'
795 713 976 783 (Prov.
994 728 1070 775 ιιι,
1098 712 1202 780 18).
1237 711 1371 765 Ecce
1389 710 1644 763 Dominus
1672 718 1790 764 tuus
1822 712 1989 764 lactus
2013 721 2094 790 es}
2120 710 2214 765 tibi

627 810 773 880 quasi
818 807 1033 860 baculus
1058 824 1070 857 :
1096 819 1314 858 securus
1343 803 1503 857 homo
1525 803 1815 866 incumbit,
1843 802 1963 872 quia
1991 802 2079 857 ille
2107 819 2212 858 non

625 899 941 956 succumbit.
976 898 1066 950 Die
1091 913 1220 966 ergo
1250 910 1500 960 securus,
1533 894 1799 962 possessio
1831 903 1918 949 tua
1950 905 2066 958 est,
2093 912 2212 964 pos-

622 991 899 1048 sidentibus
929 1008 1061 1046 cam.
1094 990 1366 1061 Scriptura
1389 989 1540 1052 dixit,
1575 987 1814 1057 implevit
1841 987 2028 1042 lidncia
2056 988 2212 1043 dubi-

624 1089 878 1143 tationem
909 1087 928 1116 ⁸
959 1100 1099 1137 mam
1131 1101 1142 1135 :
1172 1082 1259 1137 die
1300 1095 1520 1136 securus
1547 1122 1563 1144 ,
1608 1096 1724 1134 ama
1747 1095 1971 1134 securus
2003 1121 2017 1143 ,
2056 1095 2210 1150 spera

621 1194 862 1236 securus.
894 1179 1004 1232 'l'ua
1026 1177 1184 1230 etiam
1213 1175 1296 1228 illa
1320 1173 1478 1228 verba
1501 1173 1607 1226 sint
1634 1172 1683 1225 iu
1709 1171 1940 1238 Psalmo,
1961 1169 2209 1225 Dominus

622 1293 740 1347 pars
770 1273 1075 1328 liwretlitatis
1101 1285 1223 1324 mea:
1249 1267 1419 1339 (Psal.
1443 1283 1531 1329 xv,
1559 1267 1639 1337 5).

692 1369 780 1423 18.
837 1366 974 1436 Ergo
1015 1363 1136 1417 imle
1184 1361 1322 1416 beati
1369 1360 1605 1425 erinms,
1649 1358 1816 1412 Deum
1863 1357 2204 1428 possidendo.

619 1459 755 1528 Quid
794 1457 957 1525 ergo?
984 1455 1090 1509 Nos
1134 1451 1520 1524 poSsidebimus
1557 1465 1714 1512 etuu,
1741 1459 1792 1504 et
1836 1449 1926 1504 ille
1963 1465 2065 1503 non
2111 1465 2210 1505 nos

622 1548 949 1622 possidebit?
986 1545 1134 1602 Unde
1171 1558 1299 1614 ergo
1345 1541 1504 1596 Isaias
1536 1558 1549 1593 :
1583 1539 1799 1595 Domine
1821 1581 1838 1607 ,
1871 1541 2070 1611 posside
2116 1556 2208 1596 nos

623 1646 773 1719 (Isai.
805 1661 921 1700 xxvi
943 1684 956 1705 ,
992 1643 1091 1708 15,
1123 1656 1223 1694 sec.
1258 1638 1458 1707 LXX)?
1490 1637 1732 1692 Possidet
1756 1652 1883 1708 ergo
1906 1677 1921 1700 ,
1953 1645 2009 1692 et
2040 1638 2209 1708 possi-

618 1742 792 1806 detur,
820 1749 873 1795 et
899 1746 1061 1791 totmn
1095 1742 1312 1804 propter
1333 1749 1450 1788 nos.
1485 1731 1600 1785 Non
1631 1732 1773 1787 enim
1814 1730 2116 1798 «promodo,
2151 1739 2209 1786 ut

617 1849 715 1889 nos
740 1849 802 1888 ex
835 1832 923 1885 illo
950 1829 1087 1884 beati
1113 1827 1300 1884 simus.
1327 1823 1630 1893 possidetur
1658 1839 1687 1876 a
1714 1823 1888 1888 nobis,
1920 1821 1991 1876 ita
2016 1830 2070 1878 et
2091 1823 2204 1888 ille,

615 1938 672 1982 ut
699 1925 881 1981 beatus
900 1923 988 1986 sit,
1001 1919 1239 1992 possidet
1260 1932 1375 1971 nos.
1403 1917 1467 1970 Et
1489 1914 1742 1984 possidet,
1763 1923 1816 1968 et
1841 1914 2143 1983 possidetur
2159 1924 2201 1982 8,

613 2033 718 2073 non
745 2015 815 2069 ob
839 2013 978 2069 aliud
1001 2013 1097 2066 nisi
1121 2019 1177 2065 ut
1200 2024 1298 2065 nos
1322 2008 1458 2062 beati
1487 2008 1672 2062 simus.
1699 2005 2040 2060 l’ossidemns
2058 2022 2202 2072 ευιιι,

611 2123 665 2169 et
687 2109 920 2181 possidet
942 2121 1057 2167 nos;
1072 2105 1192 2175 quia
1214 2103 1438 2158 colimus
1453 2117 1574 2155 eum
1600 2108 1654 2155 et
1681 2098 1803 2154 colit
1829 2114 1949 2154 nos.
1969 2091 2204 2154 Citlimus

613 2220 735 2260 cum
779 2211 1027 2270 tanquam
1076 2196 1352 2251 Dominum
1408 2193 1573 2247 Detun
1601 2233 1614 2255 ,
1644 2191 1774 2246 colit
1818 2200 2203 2293 nostanquam

614 2307 809 2352 terram
831 2307 1003 2348 suam.
1031 2289 1163 2359 Quia
1193 2287 1418 2342 colimus
1447 2300 1593 2341 eum.
1627 2298 1786 2339 nemo
1807 2282 2014 2337 dubitat
2038 2299 2052 2347 ;
2080 2283 2203 2352 quia

611 2391 738 2445 colit
777 2404 874 2442 nos
897 2425 912 2450 ,
941 2385 1060 2454 quis
1097 2380 1251 2436 nobis
1281 2377 1525 2433 indicat?
1557 2375 1650 2431 Ille
1675 2375 1765 2445 qui
1792 2374 1866 2429 ait
1899 2393 1912 2429 :
1942 2373 2055 2445 Ego
2089 2392 2205 2428 sunt

613 2484 746 2547 vitis,
771 2497 856 2536 eo:
881 2478 997 2532 estis
1015 2483 1289 2539 sarmenta,
1315 2469 1470 2526 Pater
1497 2485 1636 2523 meus
1656 2467 1885 2540 agricola
1905 2477 1976 2522 est
2017 2466 2199 2538 (Joau.

613 2593 708 2643 xv,
741 2577 791 2638 1,
823 2572 898 2645 5).
931 2571 1066 2626 Ecce
1092 2578 1147 2625 et
1174 2571 1226 2622 in
1259 2567 1360 2620 isto
1382 2564 1586 2633 psalmo
1612 2571 1898 2632 utrumque
1925 2561 2078 2664 inibis
2116 2562 2200 2616 di-

612 2670 785 2733 citur,
818 2675 1098 2730 utrumque
1120 2658 1272 2713 nobis
1298 2655 1578 2710 iudicatur.
1607 2653 1724 2708 .lam
1749 2653 1886 2707 dixit
1918 2654 2038 2723 quia
2076 2667 2200 2723 pos-

613 2761 848 2817 sidemus
861 2773 981 2812 eum
1005 2771 1018 2807 :
1043 2753 1201 2807 Beata
1221 2766 1340 2821 gens
1359 2748 1503 2818 cujus
1517 2755 1586 2800 est
1606 2744 1850 2799 Dominus
1861 2742 1997 2798 Deus
2008 2761 2199 2800 eorum.

611 2853 774 2923 Cujus
798 2861 880 2906 est
932 2845 1125 2902 {liuidus
1157 2841 1290 2897 iste?
1321 2839 1482 2893 Illius.
1509 2837 1673 2906 Cujus
1706 2836 1828 2891 ille?
1851 2837 1995 2891 Illius
2017 2835 2060 2890 ‘.
2095 2835 2202 2892 Cu.

609 2948 696 3020 jus
725 2955 808 3000 est
831 2939 970 2998 iste?
996 2939 1240 2991 Dicamus
1277 2931 1344 2986 de
1377 2933 1485 2985 Deo
1505 2972 1520 2992 .
1548 2929 1790 3030 dicamus
1819 2928 1973 3030 cujus
2001 2936 2105 3030 esito.
2136 2926 2203 2981 Et

609 3016 879 3111 quomodo
905 3031 1056 3086 nobis
1083 3027 1216 3082 solet
1250 3021 1583 3095 responderi,
1607 3018 1820 3088 quando
1835 3018 1920 3123 .de.
1943 3016 2123 3123 fundis
2149 3027 2202 3074 et

611 3132 678 3186 de
706 3126 919 3201 przediis
947 3121 1210 3192 aliquibus
1244 3117 1434 3185 amplis
1471 3123 1628 3182 atque
1653 3117 2026 3215 atnmqi-ssi'nns
2053 3127 2200 3182 qua:-

611 3226 780 3280 rimus
810 3219 934 3274 :Est
960 3214 1175 3286 quidam
1201 3219 1437 3270 senator,
1461 3217 1515 3261 et
1538 3205 1663 3258 illud
1689 3214 1777 3302 aut
1805 3202 2198 3302 illud-vocatur,

612 3315 766 3384 cujus
791 3319 871 3367 est
895 3309 992 3362 ista
1024 3302 1286 3374 possessio
1311 3318 1324 3354 :
1348 3308 1402 3353 et
1422 3297 1670 3357 dicimus,
1695 3295 1888 3349 Beatus
1906 3295 1992 3348 ille
2018 3294 2198 3348 homo.

613 3410 704 3469 Sic
729 3409 772 3462 si
801 3416 1103 3476 qua-ramus
1123 3439 1138 3459 ,
1168 3396 1329 3465 Cujus
1369 3403 1452 3450 est
1495 3393 1635 3447 Deus
1660 3391 1797 3446 iste?
1828 3390 1922 3444 Est
1959 3389 2200 3460 quaedam

616 3505 766 3560 beata
793 3512 924 3571 gens
951 3494 1100 3563 cujus
1123 3500 1205 3546 est
1233 3508 1246 3543 :
1276 3503 1396 3543 nam
1427 3485 1680 3541 Dominus
1705 3483 1848 3538 Deus
1871 3498 2057 3538 eorum
2095 3493 2198 3539 est.

616 3599 686 3655 Et
713 3612 816 3652 non
844 3593 977 3647 sicut
1004 3597 1218 3644 senator
1253 3584 1342 3638 ille
1370 3579 1608 3653 possidet
1627 3578 1844 3680 fundum
1875 3593 2070 3680 suum,
2095 3593 2200 3680 non

617 3699 794 3745 autem
822 3681 1119 3754 possidetur
1144 3695 1171 3730 ιι
1196 3674 1356 3730 futido
1386 3687 1482 3727 suo
1502 3714 1516 3736 ,
1545 3671 1622 3725 sic
1646 3679 1700 3725 et
1730 3669 1868 3724 Deus
1901 3669 2074 3739 gentis
2105 3668 2204 3723 ltu-

612 3782 719 3854 jus.
745 3777 895 3835 Unde
935 3783 990 3827 ut
1019 3774 1134 3841 ejus
1161 3768 1328 3824 simus
1352 3808 1367 3832 ,
1402 3763 1644 3865 laborare
1682 3760 1938 3865 debemus
1967 3777 1980 3814 :
2005 3759 2108 3865 sed.

618 3853 876 3931 terutrum
929 3883 988 3923 se
1042 3862 1332 3934 possident.
1379 3856 1616 3913 Audistis
1645 3855 1766 3925 quia
1811 3869 1942 3925 gens
1970 3853 2204 3922 possidet

616 3981 737 4020 eum
769 3979 786 4016 :
813 3960 969 4015 Beata
998 3972 1140 4028 gens,
1161 3953 1304 4024 cujus
1333 3959 1403 4004 est
1432 3946 1678 4001 Dominus
1709 3945 1844 4000 Deus
1871 3961 2063 4000 eorum.

615 4060 724 4117 dite
770 4057 891 4128 quia
921 4061 975 4108 et
1018 4052 1106 4106 ille
1135 4045 1367 4118 possidet
1567 4059 1580 4096 :
1613 4039 1848 4109 Populus
1872 4055 2018 4108 quem
2057 4038 2206 4142 elegit

616 4152 864 4210 Dominus
903 4148 956 4201 in
984 4140 1328 4198 Iiwreditatem
1365 4135 1478 4190 sibi.
1504 4133 1665 4189 Beata
1693 4146 1825 4202 gens
1866 4133 2204 4201 possessione

616 4262 710 4301 sua
737 4288 750 4308 ,
783 4244 936 4296 beata
980 4233 1262 4291 lneredilas
1291 4240 1601 4298 possc5sore
1638 4239 1735 4278 suo
1760 4265 1775 4292 ,
1800 4222 2016 4293 papulas
2059 4238 2205 4292 quem

618 4339 764 4409 elegit
795 4330 1040 4386 Dominus
1065 4326 1115 4379 in
1135 4320 1474 4419 luereditatem
1493 4315 1606 4371 sibi.
1669 4408 1702 4419 ,Δ
1756 4405 1793 4419 “
1887 4404 1900 4417 θ

692 4405 778 4483 19.
812 4423 830 4498 [
871 4438 999 4477 cers.
1048 4415 1172 4489 15.]
1203 4413 1276 4467 De
1314 4410 1436 4464 caelo
1484 4408 1702 4478 respexit
1746 4405 1996 4498 Dominus
2022 4447 2035 4471 ,
2075 4405 2202 4498 cidit

622 4535 788 4578 omnes
816 4496 948 4584 lilios
975 4509 1233 4564 hominum
1251 4503 1451 4560 Omnes
1477 4499 1564 4554 hic
1590 4500 1659 4553 ita
1685 4496 1886 4564 accipe,
1906 4503 1963 4550 ut
1984 4496 2157 4566 gentis
2183 4497 2204 4528 '

629 4609 760 4667 'l’ins
796 4617 984 4662 onmes
1021 4596 1284 4666 intelligas
1322 4591 1464 4645 illam
1511 4587 1874 4643 haereditatem
1923 4595 2199 4654 tenentes,

625 4719 646 4756 v
666 4703 700 4758 :l
729 4700 870 4756 illam
898 4690 1259 4749 lizcreditatem
1291 4684 1597 4739 existentes.
1627 4677 1916 4783 Haereditas
1942 4687 2022 4732 cst
2060 4678 2202 4783 enin

623 4796 711 4855 Dei
758 4793 857 4864 ipsi
894 4802 1099 4845 omnes.
1148 4783 1214 4838 Et
1251 4781 1396 4850 ipsos
1419 4777 1440 4808 ⁶
1469 4789 1657 4830 oumes
1697 4771 1765 4826 de
1795 4772 1932 4828 creto
1962 4773 2206 4864 reSpexit

594 4876 896 4952 ‘Dominus,
923 4892 976 4938 et
1005 4879 1134 4934 vidit
1160 4891 1253 4931 eos
1284 4873 1369 4928 ille
1391 4870 1479 4943 qui
1506 4866 1746 4923 ait:Cunt
1769 4881 1896 4919 esses
1917 4864 2007 4919 sub
2027 4863 2205 4920 arbore

593 4987 600 4996 ’
633 4984 727 5051 υἱοὶ,
755 4982 854 5037 vidi
875 4989 920 5033 te
940 4973 1051 5046 (id.
1083 4989 1119 5039 ι,
1151 4971 1262 5040 48).
1288 4965 1429 5021 Vidit
1454 4963 1595 5020 enim
1627 4977 1747 5018 eum
1781 4963 1901 5032 quia
1925 4963 2205 5016 miseratus

582 5106 606 5204 -ί
687 5165 700 5195 ³
731 5159 863 5215 iraa»
887 5156 936 5208 επ
965 5141 1757 5227 deum.“mi-ﬁsi.:‘f’i'lﬁf'lﬂlli‘f
1779 5147 1910 5227 iis:
1931 5137 1981 5227 it
2000 5139 2208 5227 Remis!

622 5208 739 5278 tuta.
766 5208 929 5270 vel'ut
962 5216 1060 5269 alii.
1101 5212 1152 5262 in
1197 5208 1445 5260 L‘omimun
1483 5213 1602 5263 tuta,
1626 5208 1759 5264 iuxta
1781 5211 1930 5252 Graec.
1965 5208 2091 5260 Lxx,
2128 5214 2206 5266 cpt

622 5297 706 5380 hu”
1141 5334 1253 5384 Edd.
1267 5345 1404 5392 vero,
1414 5329 1624 5396 implerit
1635 5326 1884 5393 ﬁduciam,
1901 5324 2094 5376 removit
2113 5323 2206 5375 du-

662 5407 912 5459 itatinnem.
1080 5400 1116 5434 ⁸
1670 5451 1681 5459 .
2087 5448 2099 5459 ,
2177 5448 2207 5459 ..

625 5408 934 5526 “iii-1313331
976 5408 1124 5516 ιουιᾶ
1155 5464 1349 5538 mente"
1509 5448 2207 5538 ἔΈ.ίέ’1ξ¹.¹²,,1ῗῗὶ,⁴ῗ³ἔ,ίέίίῖηδξίῗέἕ

623 5506 1144 5594 εἱηιιλξνίὼὲέὶιίῖιίἶιίίι
1155 5506 1310 5594 (nobis
1327 5531 1344 5568 :
1369 5527 1419 5568 ut
1442 5514 1721 5594 autem‘il‘le‘
1728 5510 1970 5594 Doctuskeit
1993 5523 2209 5594 upupa:

624 5569 1298 5652 Eiii"’u3§.”ii'i~15.-§aein
1336 5594 1420 5631 nos
1453 5575 1721 5643 possidetur
1758 5589 1787 5624 a
1826 5574 1976 5632 nobis,
2018 5569 2112 5623 non
2151 5570 2209 5622 ob

622 5655 1050 5776 ώῗίέιὶξίιῗέιιιιιε
1070 5708 1151 5761 ille
1168 5704 1347 5776 unus
1368 5703 1505 5767 cujus
1525 5706 1594 5776 ea
1608 5699 1715 5752 iste.

690 5780 716 5839 ξ
737 5777 874 5839 ωδ..
898 5769 1091 5839 gei'ues._
1110 5771 1279 5839 melius
1300 5769 1624 5839 uss.,_gentts.

691 5835 718 5872 ⁸
737 5829 1053 5897 Pluréti'htss,
1074 5831 1167 5898 ipsi
1189 5842 1369 5894 onmes,
1394 5835 1439 5881 et
1459 5829 1611 5891 ipsius
1628 5837 1806 5878 omnes.

1876 319 1934 375 S.
1974 317 2342 378 AUGUSTINI
2382 320 2680 382 EPISCOPI

3761 358 3828 422 396

2325 447 2408 491 est.
2431 455 2571 492 (τιιιιι.
2614 440 2764 496 Unde
2797 445 3106 518 llermnque
3137 460 3774 527 rogantes.miscricmnnm
3795 483 3825 544 l‘

2323 527 2549 584 dicimus
2577 530 2794 595 homini.
2827 536 2955 591 Vide
2986 556 3088 595 me.
3119 543 3180 597 lit
3207 546 3273 599 de
3307 549 3398 602 illo
3417 541 3515 622 qui
3543 564 3591 611 te
3612 527 3826 626 contemnil

2323 621 2448 690 quid
2475 623 2561 678 dic
2582 626 2646 676 s?
2667 625 2779 680 Non
2811 645 2895 685 me
2921 632 3082 688 videt.
3117 635 3209 691 Est
3230 655 3356 710 ergo
3384 648 3616 712 qttmdam
3644 656 3749 710 visio
3766 667 3825 716 mi.

2322 716 2549 767 serautis
2571 716 2622 782 ',
2648 733 2750 772 non
2795 722 2927 774 visio
2956 726 3240 793 puuieutis.
3275 731 3362 786 Illa
3406 736 3537 792 visio
3572 727 3630 796 ad
3675 762 3827 816 ρεςαιω
3890 759 3891 808 ί

2321 805 2714 865 animadversio
2746 823 2828 868 est
2858 833 2871 869 :
2899 831 3018 886 qua:
3048 819 3134 873 ille
3173 834 3386 891 peccata
3422 845 3523 884 non
3562 805 3827 914 vnlt'ﬁdm’
3890 819 3891 880 Τ

2321 899 2409 968 qui
2436 900 2562 956 dicit
2593 905 2802 959 :Auerte
2829 909 3009 976 [aciem
3036 923 3173 967 tuam
3201 934 3233 969 a
3257 923 3480 988 peccatis
3508 928 3622 983 meis
3644 929 3778 1000 (Psal.
3797 899 3827 1005 ιζ

2321 989 2434 1060 1i).
2461 991 2611 1061 Quod
2637 998 2744 1048 vult
2769 998 2995 1068 ignosci.
3024 1021 3128 1059 non
3155 1009 3263 1062 vult
3288 1015 3506 1081 agnosci
3540 1033 3553 1069 :
3582 989 3757 1090 Averte,
3781 989 3830 1082 in:

2319 1080 2454 1148 quit,
2489 1084 2673 1152 [aciem
2704 1097 2842 1142 tamn
2868 1108 2900 1143 a
2927 1097 3141 1162 peccatis
3173 1100 3311 1153 meis.
3336 1103 3470 1157 Cum
3500 1121 3621 1177 ergo
3648 1124 3830 1175 averterit

2317 1175 2504 1230 faciem
2533 1193 2680 1233 suam
2709 1198 2737 1234 a
2772 1187 2999 1252 peccatis
3024 1189 3126 1243 tuis
3147 1231 3161 1256 ,
3192 1209 3295 1245 non
3334 1196 3536 1252 videbit
3563 1175 3648 1256 te?
3668 1205 3720 1260 Ει
3741 1214 3830 1269 unde

2316 1265 2440 1320 alibi
2470 1267 2598 1324 dicit
2624 1289 2636 1325 :
2676 1270 2759 1326 Ne
2787 1287 2981 1332 avertas
3001 1281 3180 1348 {aciem
3215 1294 3349 1337 tuam
3374 1305 3407 1340 ιι
3434 1305 3513 1343 me
3539 1290 3691 1364 (Psal.
3713 1314 3827 1367 un,

2315 1355 2411 1429 9)?
2442 1359 2584 1431 Ergo
2611 1378 2813 1421 avertat
2859 1385 2887 1422 a
2931 1375 3161 1439 peceatis
3199 1377 3303 1432 tuis
3326 1420 3340 1445 ,
3375 1397 3482 1437 non
3526 1401 3827 1450 avertataie;

2316 1449 2492 1506 videat
2541 1463 2629 1521 te,
2663 1459 2978 1516 misereatur
3019 1466 3129 1531 tui,
3176 1471 3456 1528 subveniat
3501 1477 3614 1533 tibi.
3653 1461 3716 1538 lle
3749 1490 3829 1543 cali

2311 1547 2528 1615 respexit
2546 1545 2813 1618 Dominus,
2842 1555 2961 1609 vidit
2983 1575 3151 1614 omnes
3166 1562 3300 1631 ﬁlios
3317 1565 3576 1625 hominum
3597 1589 3616 1627 :
3633 1579 3829 1646 pertinen-

2315 1644 2393 1693 tes
2421 1639 2487 1694 ad
2519 1641 2707 1697 Filium
2739 1645 2990 1705 hominis.

2380 1729 2470 1784 20.
2497 1731 2518 1804 [
2541 1749 2665 1788 vers.
2703 1737 2821 1811 ιι.)
2858 1740 2929 1793 De
2969 1760 3256 1817 prteparato
3278 1752 3567 1811 habitacula
3588 1777 3671 1816 suo
3694 1779 3710 1816 :
3737 1768 3827 1835 quod

2310 1821 2408 1877 sibi
2439 1829 2778 1894 praeparavit.
2818 1831 2954 1888 Vidit
2980 1853 3076 1894 nos
3101 1841 3168 1896 de
3209 1848 3482 1913 Apostolis
3513 1892 3529 1915 ,
3555 1852 3673 1908 vidit
3696 1821 3770 1912 nos
3788 1821 3827 1915 dt

2312 1913 2744 1982 prmdicatoribus
2775 1925 3010 1982 veritatis
3033 1970 3048 1992 ,
3082 1932 3211 1988 vidit
3239 1951 3337 1992 nos
3378 1938 3449 1994 de
3489 1913 3718 2013 Angelis,
3742 1965 3827 2017 qius

2308 2005 2376 2059 ad
2429 2023 2527 2063 nos
2575 2013 2737 2069 misit.
2779 2015 2902 2072 lleec
2938 2023 3113 2078 omnia
3152 2025 3344 2083 domus
3398 2033 3536 2101 ejus,
3578 2035 3678 2092 lucc
3707 2044 3825 2095 omnia

2309 2096 2666 2157 habitaculum
2691 2107 2806 2175 ejus
2839 2128 2851 2163 :
2881 2113 3001 2180 quia
3031 2115 3144 2172 luce
3177 2122 3352 2175 omnia
3380 2127 3504 2180 caeli
3543 2131 3626 2197 qui
3646 2145 3827 2188 emrmnt

2311 2191 2531 2260 gloriam
2553 2195 2669 2251 Dei.
2704 2197 2839 2254 Vidit
2865 2219 3034 2260 onmes
3061 2207 3196 2276 ﬁlios
3220 2210 3520 2280 hominum;
3541 2191 3602 2272 de
3614 2236 3826 2290 pra’pmto

2307 2285 2594 2342 habitacqu
2618 2307 2711 2345 suo
2741 2298 2955 2366 respexit
2980 2316 3132 2371 super
3151 2319 3322 2359 omnes
3341 2311 3433 2375 qui
3450 2285 3666 2365 habitant
3683 2323 3823 2368 terrain.

2307 2376 2410 2450 ipsi
2457 2391 2580 2438 sunt
2603 2424 2617 2446 .
2649 2387 2729 2441 sui
2769 2401 2889 2443 sunt
2914 2389 2969 2457 ³,
2995 2406 3126 2462 gens
3179 2395 3267 2449 illa
3293 2407 3380 2454 est
3421 2400 3569 2457 beata
3591 2444 3608 2470 ,
3631 2405 3752 2470 Cujus
3777 2417 3825 2462 est

2309 2472 2566 2528 Dominus
2599 2477 2741 2534 Deus
2784 2497 3000 2550 eorum;
3035 2487 3258 2557 populus
3291 2490 3387 2546 ille
3419 2503 3501 2549 est
3525 2537 3540 2559 ,
3561 2511 3700 2566 quem
3721 2500 3824 2569 elegit

2307 2563 2565 2624 Dominus
2593 2570 2643 2623 ιιι
2675 2570 3038 2630 luet'editalem
3077 2577 3176 2632 sibi
3204 2597 3216 2632 :
3242 2583 3368 2652 quia
3393 2599 3491 2656 per
3520 2602 3690 2644 omnes
3714 2599 3822 2645 terras

2305 2668 2384 2714 est
2405 2702 2420 2725 ,
2447 2671 2502 2716 et
2529 2679 2632 2717 non
2654 2673 2738 2720 est
2765 2665 2818 2721 in
2846 2679 3016 2738 parte.
3041 2669 3286 2743 Respexit
3306 2693 3466 2748 super
3493 2696 3653 2736 onmes
3676 2683 3744 2753 qui
3763 2685 3822 2736 lu-

2305 2749 2466 2806 bitant
2493 2763 2698 2810 (errant.

2375 2843 2466 2900 21.
2497 2845 2517 2920 [
2555 2866 2681 2903 vers.
2723 2851 2807 2907 15.
2833 2850 2854 2926 ]
2882 2853 2984 2922 Qui
3017 2856 3166 2926 ﬁnxit
3192 2859 3495 2931 singillatim
3521 2866 3666 2922 corda
3690 2883 3819 2921 eorum.

2305 2939 2460 2996 Manu
2482 2945 2670 3012 gratia:
2698 2961 2830 3011 su:e,
2860 2965 3017 3004 manu
3043 2953 3430 3011 misericordia:
3457 2973 3566 3014 sua:
3598 2961 3724 3014 tinxit
3741 2975 3820 3013 oor-

3885 1778 3892 2247 l

3883 2247 3892 2420 Ι

2307 3217 2583 3272 unitatem.
2611 3219 2892 3286 QUomodo
2912 3223 3216 3294 singillatim
3244 3231 3484 3285 meinbm
3527 3231 3722 3286 formata
3741 3240 3818 3285 sunt

2304 3309 2502 3374 omnia,
2535 3309 2837 3380 singillatim
2869 3311 3065 3369 habent
3091 3332 3250 3385 opera
3275 3333 3396 3387 sua,
3421 3329 3476 3376 et.
3497 3330 3659 3377 tamen
3683 3322 3724 3376 in
3747 3319 3820 3374 uui-

2305 3407 2412 3454 tate
2451 3399 2691 3470 corp'ris
2723 3404 2940 3470 vivunt;
2973 3421 3161 3460 manus
3201 3409 3326 3464 facit
3369 3413 3512 3482 quod
3563 3414 3722 3468 oculus
3751 3426 3818 3466 non

2305 3489 2450 3557 facit,
2476 3494 2620 3547 auris
2651 3494 2702 3548 id
2730 3495 2871 3551 valet
2895 3498 3037 3566 quod
3066 3514 3165 3555 nec
3184 3502 3373 3558 oculus
3405 3519 3505 3560 nec
3532 3520 3697 3560 manus
3710 3503 3816 3564 valet;

2304 3583 2480 3637 omnia
2510 3593 2685 3640 tamen
2713 3586 2764 3640 in
2789 3590 2987 3642 unitate
3010 3601 3318 3660 operantur,
3349 3604 3405 3649 et
3428 3612 3608 3652 manus
3629 3605 3675 3652 et
3688 3593 3816 3650 oculus

2304 3684 2358 3730 et
2385 3677 2528 3731 auris
2557 3678 2765 3732 diversa
2791 3679 3024 3748 faciunt,
3056 3699 3155 3738 nec
3180 3686 3280 3739 sibi
3304 3686 3645 3744 adversantur
3671 3705 3682 3741 :
3707 3688 3765 3742 sic
3783 3693 3814 3740 et

2305 3767 2358 3822 in
2387 3769 2582 3823 Christi
2618 3787 2845 3840 corpore
2885 3774 3077 3846 singuli
3123 3777 3368 3835 homines
3389 3824 3406 3848 ,
3437 3792 3668 3853 tanquam
3702 3794 3815 3835 metu.

2306 3861 2402 3918 bra
2444 3864 2648 3935 singula
2683 3865 2838 3921 donis
2875 3867 2988 3923 suis
3029 3870 3299 3940 gaudent,
3325 3875 3449 3945 quia
3493 3877 3579 3933 ille
3603 3876 3678 3946 qui
3710 3873 3815 3942 elegit

2306 3958 2557 4028 p0pnlum
2584 3959 2634 4014 in
2666 3961 3027 4018 ln‘ereditatem
3053 3965 3189 4034 sibi,
3223 3967 3376 4024 tinxit
3399 3971 3682 4042 singillatim
3707 3966 3812 4024 corda

2306 4063 2513 4104 eorum.
2541 4047 2806 4120 Numquid
2830 4054 2960 4107 enim
2977 4071 3149 4130 omnes
3177 4060 3398 4125 apostoli
3416 4060 3681 4130 ?iittntqttid
3700 4070 3813 4114 enim

2307 4141 2602 4212 proplteta’?
2635 4144 2880 4214 numquid
2913 4161 3084 4202 omnes
3128 4148 3398 4206 doctores?
3444 4152 3667 4224 numquid
3699 4162 3813 4204 onum

2307 4231 2440 4286 dona
2469 4233 2650 4288 habent
2675 4235 2977 4291 sanitatum?
2996 4239 3237 4309 numquid
3265 4258 3438 4299 omnes
3468 4245 3640 4316 linguis
3659 4243 3809 4310 loquan-

2307 4327 2428 4380 tur?
2465 4325 2709 4396 numquid
2742 4343 2913 4382 onuies
2951 4330 3381 4399 interpretantur?
3421 4335 3523 4390 Alii
3554 4335 3724 4406 quidem
3755 4347 3809 4400 per

2308 4418 2558 4489 Spiritum
2585 4419 2736 4472 datur
2761 4435 2921 4473 sermo
2948 4421 3232 4491 sapientiae,
3258 4425 3349 4479 alii
3364 4444 3526 4481 sermo
3545 4419 3807 4486 περιαίρεωῶ

2309 4511 2433 4580 ﬁdes
2452 4513 2727 4567 secundum
2743 4513 2970 4567 eumdem
2986 4514 3253 4583 Spiritum,
3273 4519 3417 4572 alteri
3433 4521 3562 4574 dona
3577 4516 3804 4572 curationum

2313 4605 2352 4677 (Ι
2392 4604 2510 4660 Cor.
2537 4622 2608 4660 xu
2635 4647 2651 4672 ,
2680 4608 2712 4660 8
2737 4647 2752 4671 ,
2778 4606 2812 4661 9
2838 4648 2853 4669 ,
2878 4605 2949 4660 29
2970 4648 2983 4671 ,
3016 4607 3126 4677 50).
3167 4607 3386 4676 Quare?
3411 4611 3540 4679 Quia
3587 4610 3709 4665 tinxit
3739 4605 3804 4658 siu-

2307 4700 2528 4771 gillatim
2579 4700 2738 4755 eorda
2792 4715 2998 4756 eorum.
3055 4702 3335 4770 Quomodo
3377 4717 3550 4760 autem
3600 4705 3645 4759 in
3691 4713 3802 4754 lltcnt-

2309 4791 2419 4846 bris
2460 4793 2654 4847 nostris
2696 4793 2902 4848 diversa
2957 4803 3082 4848 sunt
3128 4809 3330 4864 opera,
3365 4796 3458 4851 sed
3502 4795 3679 4851 Sanitas
3709 4802 3798 4841 una:

2309 4886 2386 4941 sic
2435 4886 2483 4940 in
2528 4885 2777 4940 omnibus
2823 4885 3077 4940 membris
3120 4885 3314 4940 Christi
3359 4888 3560 4944 diversa
3608 4894 3798 4939 lllllllt'l’J.

2308 4981 2399 5036 sed
2425 4979 2657 5034 (‘Ilt'ttitus
2679 4995 2802 5032 una.
2833 4977 2928 5045 Qui
2952 4978 3097 5046 ﬁnxit
3125 4977 3420 5050 singillatim
3449 4980 3592 5034 corda
3609 4987 3777 5065 eorum.

2379 5075 2468 5129 2‘2.
2505 5073 2604 5141 Qui
2635 5071 2865 5141 intelligit
2897 5072 3066 5124 omnia
3095 5087 3250 5142 Opera
3275 5089 3467 5127 eorum.
3492 5065 3702 5136 ltilrlligit
3721 5056 3796 5128 quid

2310 5167 2428 5224 cst?
2470 5165 2737 5220 Scct'elitts
2773 5171 2828 5218 et
2865 5163 3087 5219 interius
3132 5163 3295 5220 videt.
3339 5165 3508 5220 llabes
3544 5164 3589 5215 in
3624 5157 3795 5244 psallunt

2312 5259 2544 5327 lntellige
2569 5258 2836 5312 clamarent
2861 5272 3022 5310 meum
3053 5253 3224 5324 (Psal.
3252 5273 3302 5322 v,
3323 5257 3405 5328 ει).
3439 5256 3544 5312 Νοιι
3564 5252 3681 5307 enim
3700 5254 3796 5340 (ιιιλιξι

2311 5353 2530 5406 “’"nms
2569 5366 2704 5419 ⁰Ρ¹¹δ
2743 5359 2844 5413 Chl.
2879 5359 2933 5401 ιιι
2967 5349 3239 5418 perveniat
3269 5351 3461 5422 aliquid
3491 5347 3549 5400 ad
3578 5336 3792 5435 aures-liri-

2311 5445 2557 5500 Oa'CttlltlS
2597 5443 2741 5496 visus
2782 5442 3081 5495 intellectus
3111 5452 3350 5496 vocatur.
3400 5429 3792 5510 ESIlFCSalllStlISlb

2311 5555 2469 5611 quam
2496 5537 2538 5591 si
2568 5536 2791 5604 diceret,
2819 5534 2978 5591 Videt
3005 5536 3184 5591 omnia
3215 5553 3373 5608 opera
3406 5548 3575 5593 eorum
3601 5547 3612 5583 :
3637 5541 3688 5580 ne
3717 5525 3794 5574 ωηο

2377 5696 2392 5728 ι
2419 5701 2484 5763 tta
2501 5694 2555 5763 in
2577 5699 2684 5763 Mss.
2711 5699 2765 5743 At
2785 5693 2832 5763 in
2855 5691 3200 5763 de.,.egentes
3219 5685 3557 5763 misericordia.

2375 5760 2396 5790 θ
2420 5756 2553 5814 ωδ,
2578 5753 2848 5824 adservatis
2869 5750 3061 5824 cordis:
3077 5763 3204 5824 vos,
3220 5754 3401 5816 cordis,
3420 5750 3678 5824 εικθξξιξιῇ

2380 5821 2397 5850 ³
2421 5804 2492 5867 sic
2513 5804 2613 5865 \z'ss.
2646 5804 2694 5864 ,ιι
2717 5804 2856 5866 nu:
2886 5815 2980 5872 tusi
2999 5821 3106 5868 sunt
3129 5804 3221 5876 sui,
3242 5825 3347 5867 sunt
3499 5808 3573 5863 illa
3591 5804 3710 5854 ὕδασι
