3950 6442
148 457 232 514 297

143 577 318 639 putares
341 555 494 614 videri
521 567 676 625 opera
707 551 806 607 ista
828 593 842 617 ,
873 549 1088 621 quando
1133 559 1188 604 et
1231 560 1287 605 tu
1327 549 1478 605 vides
1521 565 1656 621 opus

141 654 344 712 hominis.
379 649 537 704 llomo
575 645 768 702 factum
798 642 1028 698 hominis
1068 651 1214 697 moto
1242 642 1357 712 ejus
1385 643 1401 673 '
1430 656 1658 712 corpore

139 748 267 811 ridet,
297 745 421 798 Deus
455 746 623 793 autem
661 735 928 792 in.corde
953 733 1118 791 videt.
1165 733 1302 803 Quia
1345 749 1475 805 ergo
1517 734 1658 790 intus

137 838 264 897 videt.
291 833 472 888 dictum
496 837 608 895 est,
637 827 875 899 intelligit
919 827 1089 880 omnia
1117 842 1272 897 opera
1299 841 1492 880 eorum.
1524 825 1660 881 Dant

135 929 217 982 duo
248 920 575 995 pauperibus;
619 932 758 974 unus
795 917 897 973 sibi
926 916 1231 973 mercedem
1271 916 1464 988 quaerit
1492 916 1658 972 ctele-

132 1029 261 1080 stem,
299 1014 423 1068 alius
462 1011 744 1065 humanam
782 1009 992 1064 laudem
1023 1026 1036 1062 :
1069 1017 1124 1063 tu
1169 1008 1222 1062 in
1262 1007 1472 1062 duobus
1499 1021 1658 1062 unam

133 1125 219 1163 rem
243 1105 390 1169 vides,
419 1103 553 1157 Deus
580 1101 710 1155 duas
738 1099 987 1169 intelligit
1014 1115 1030 1165 ;
1071 1098 1216 1154 intus
1242 1098 1387 1152 enim
1414 1096 1662 1166 intelligit

130 1209 167 1253 et
204 1198 326 1251 intus
371 1191 635 1263 agnoscit.
678 1189 814 1246 ﬁnes
850 1189 1088 1260 ipsorum
1131 1189 1297 1253 videt,
1339 1187 1662 1243 intentiones

131 1290 240 1358 ipsas
267 1284 415 1340 videt.
448 1281 546 1351 Qui
584 1281 816 1352 intelligit
846 1281 1016 1336 omnia
1041 1296 1195 1351 opera
1231 1295 1423 1334 eorum.

180 1379 253 1434 25.
275 1374 426 1450 [vers.
455 1372 582 1448 16.]
606 1372 730 1428 Non
754 1374 925 1428 salvus
947 1373 1034 1443 ﬁet
1058 1388 1148 1427 rex
1173 1387 1262 1443 per
1288 1371 1663 1426 multitudinem

129 1468 286 1524 virtutis
321 1482 441 1522 suda.
485 1465 564 1521 Ad
611 1465 890 1520 Dominum
936 1478 1159 1532 omnes,
1205 1464 1261 1519 in
1306 1464 1416 1519 Deo
1455 1477 1661 1518 omnes.

127 1561 230 1629 Spes
255 1559 372 1612 tua'I
396 1556 532 1612 Deus
575 1555 666 1623 sit,
709 1555 963 1611 fortitudo
1003 1561 1093 1610 tua
1135 1555 1275 1610 Deus
1303 1555 1411 1622 sit,
1442 1553 1666 1608 ﬁrmitas

129 1661 193 1706 tua
221 1651 342 1705 Deus
365 1648 451 1716 sit,
479 1649 730 1704 exoratio
752 1648 773 1680 ³
799 1656 888 1702 tua
913 1647 1027 1718 ipse
1054 1647 1144 1713 sit,
1172 1647 1288 1702 laus
1317 1655 1404 1700 tua
1436 1645 1548 1715 ipse
1573 1644 1662 1711 sit,

127 1743 218 1798 linis
237 1742 282 1796 in
306 1757 406 1812 quo
435 1740 740 1812 requiescas
765 1740 879 1810 ipse
901 1739 992 1802 sit,
1019 1738 1342 1809 adjutorium
1370 1753 1491 1794 cum
1516 1737 1666 1794 labo-

127 1849 195 1888 ras
217 1833 315 1903 ipse
337 1832 418 1887 sit.
445 1831 586 1887 Audi
615 1832 894 1888 veritatem
925 1849 940 1886 :
966 1829 1089 1885 Non
1128 1831 1298 1887 salvus
1325 1831 1413 1900 ﬁet
1449 1846 1540 1884 rex
1578 1845 1667 1899 per

126 1923 446 1978 multitudinem
487 1923 690 1977 virtutis
733 1937 843 1978 sua:
892 1936 911 1976 :
955 1937 1044 1976 nec
1086 1921 1232 1993 gigas
1274 1921 1444 1976 salvus
1482 1923 1576 1974 erit
1615 1921 1670 1974 in

125 2013 397 2068 multitudine
432 2012 751 2082 fortitudinis
787 2026 912 2066 sate.
961 2010 1126 2082 Gigas
1169 2011 1430 2082 superbus
1477 2010 1671 2081 aliquis

123 2115 200 2171 est,
238 2105 480 2162 extollens
527 2120 592 2161 se
633 2103 890 2160 adversus
933 2103 1136 2168 Deum,
1177 2102 1322 2158 velut
1367 2101 1491 2172 quia
1531 2101 1554 2132 ⁸
1589 2111 1672 2157 est

123 2197 210 2266 ipse
241 2196 424 2267 aliquid
469 2197 524 2252 in
581 2209 641 2252 se
676 2205 732 2251 et
774 2210 870 2266 per
909 2210 986 2250 se.
1028 2193 1146 2249 Non
1177 2192 1238 2248 ﬁt
1275 2193 1374 2250 iste
1411 2193 1585 2249 salvus
1615 2193 1668 2248 in

121 2285 412 2342 multitudine
434 2286 656 2342 virtutis
687 2300 820 2340 suae.

172 2377 245 2432 24.
271 2375 420 2450 [υεη.
447 2379 537 2444 l7,
569 2374 698 2449 48.]
726 2375 832 2432 Sed
858 2391 1052 2446 equum
1078 2374 1237 2432 habet
1262 2389 1533 2446 magnum,
1563 2373 1672 2430 for-

122 2477 221 2534 tem,
248 2467 486 2534 validum,
516 2466 800 2532 velocem;
845 2475 1023 2536 potest
1064 2465 1110 2519 si
1149 2465 1349 2536 aliquid
1391 2465 1671 2536 ingruerit,

120 2559 202 2613 cito
223 2559 355 2614 illum
385 2558 452 2615 de
483 2557 733 2630 periculo
762 2556 1034 2613 liberare?
1075 2554 1191 2610 Non
1222 2554 1430 2610 fallatur
1449 2596 1464 2622 ,
1496 2555 1676 2610 audiat

117 2648 229 2720 quod
251 2650 476 2717 sequitur
499 2667 512 2704 :
533 2647 774 2704 ﬂendax
797 2664 949 2720 equus
976 2647 1045 2700 ad
1063 2649 1298 2702 salutem.
1327 2645 1677 2702 lntellexistis

117 2741 215 2810 quid
235 2741 419 2798 dictum
447 2743 519 2798 sit
554 2758 573 2795 :
604 2740 830 2797 Mendax
856 2756 1009 2812 equus
1032 2739 1100 2793 ad
1142 2739 1404 2793 salutem?
1433 2738 1549 2792 Non
1582 2737 1676 2792 tibi

116 2833 350 2902 promittat
393 2847 579 2903 equus
628 2839 749 2887 tuus
795 2829 1022 2886 salutem
1061 2847 1075 2885 :
1115 2830 1162 2886 si
1205 2829 1298 2883 tibi
1349 2829 1674 2898 promiserit,

114 2924 376 2979 mentietur.
421 2922 482 2981 Si
529 2922 688 2978 enim
737 2921 878 2977 Deus
917 2919 1164 2986 voluerit,
1214 2918 1526 2973 liberaberis
1572 2934 1584 2970 :
1632 2916 1680 2972 si

115 3013 232 3070 Deus
256 3015 504 3085 noluerit,
541 3014 778 3071 cadente
820 3026 959 3083 equo
987 3011 1145 3066 altius
1188 3009 1368 3066 cades.
1405 3009 1520 3064 Non
1552 3023 1680 3080 ergo

113 3105 275 3171 putetis
297 3105 518 3172 dictum,
564 3103 791 3158 Mendax
815 3118 968 3172 equus
997 3101 1065 3154 ad
1089 3101 1323 3167 salutem,
1351 3100 1502 3170 quasi
1531 3114 1680 3153 men-

115 3194 192 3249 das
224 3197 390 3266 justus
431 3197 498 3252 ad
555 3196 808 3259 salutem,
843 3193 985 3264 quod
1015 3193 1162 3248 velut
1197 3192 1327 3262 justi
1357 3191 1425 3247 ad
1455 3191 1680 3246 salutem

112 3290 413 3345 mentiantur.
457 3289 591 3345 Non
621 3296 705 3343 est
744 3287 886 3342 enim
916 3285 1172 3356 scriptum
1201 3300 1377 3355 tequus
1396 3325 1411 3350 ,
1443 3282 1584 3354 quod
1610 3282 1679 3338 ab

112 3379 321 3448 equitate
334 3379 565 3445 dicitur;
584 3377 676 3434 sed
689 3393 864 3449 equus,
881 3375 1076 3430 animal
1088 3374 1409 3446 quadrupes.
1425 3373 1538 3428 Hoc
1553 3387 1686 3444 grte-

110 3485 184 3525 cus
205 3472 357 3528 codex
379 3473 599 3528 indicat
622 3470 720 3542 (a).
752 3469 818 3524 Et
844 3468 1236 3538 redarguuntur
1260 3467 1399 3522 mala
1418 3467 1681 3535 jumenta,

112 3559 319 3619 homines
343 3565 432 3635 qui
461 3563 580 3619 sibi
611 3570 855 3632 quaerunt
895 3560 1204 3614 occasiones
1243 3557 1639 3613 mendaciorum
1667 3575 1680 3610 :

107 3667 204 3708 cum
226 3654 491 3727 Scriptura
523 3655 702 3720 dicat,
732 3653 803 3708 0s
823 3653 956 3723 quod
979 3652 1237 3717 mentitur,
1262 3651 1440 3705 occidit
1462 3651 1686 3705 animam

109 3745 236 3818 (ευρ.
263 3765 298 3813 t,
328 3751 416 3820 il)
443 3767 458 3816 ;
497 3756 588 3813 el;
617 3745 810 3800 Perdes
837 3761 1008 3798 omnes
1051 3744 1138 3815 qui
1181 3744 1448 3813 loquuntur
1472 3742 1684 3796 menda-

107 3841 213 3894 cium
235 3842 401 3912 (Psal.
431 3859 488 3908 v,
522 3837 625 3912 7).
671 3837 808 3907 Quid
847 3845 930 3893 est
959 3851 1087 3906 ergo
1108 3876 1122 3898 ,
1156 3834 1384 3888 Mendax
1421 3850 1574 3904 equus
1616 3832 1685 3886 ad

109 3933 339 3989 salutent?
379 3934 656 3991 Mentitur
693 3931 786 3986 tibi
815 3944 983 4000 equus
1009 3925 1224 3997 quando
1255 3925 1516 3996 promittit
1543 3925 1686 3978 salu-

104 4032 208 4079 tem.
254 4025 524 4097 Numquid
587 4037 756 4094 equus
802 4019 962 4075 alicui
1014 4017 1280 4087 loquitttr,
1325 4023 1381 4071 et
1428 4013 1688 4085 promittit

107 4115 345 4172 salutem?
393 4117 506 4176 Sed
560 4129 684 4170 cum
717 4122 774 4168 tu
803 4111 952 4166 vides
983 4123 1178 4179 equum
1207 4109 1342 4163 bene
1379 4107 1684 4173 formatum,

104 4205 235 4262 bonis
276 4208 509 4276 viribus,
573 4217 768 4274 magno
811 4217 971 4258 cursu
1017 4197 1321 4270 praeditum,
1362 4197 1462 4252 ista
1509 4196 1687 4252 omnia

107 4299 232 4353 velut
270 4301 602 4370 promittunt
644 4296 738 4352 tibi
784 4294 853 4351 de
898 4293 992 4348 illo
1036 4292 1260 4347 salutem
1296 4309 1310 4345 :
1341 4289 1435 4346 sed
1475 4289 1686 4354 fallunt,

105 4391 140 4443 si
169 4392 302 4448 Dens
346 4409 457 4448 non
506 4399 723 4455 tuetur,
753 4386 875 4458 quia
905 4385 1132 4440 Mendax
1171 4400 1326 4455 equus
1357 4383 1424 4436 ad
1452 4383 1685 4436 salutem.

106 4481 289 4552 Equum
314 4485 506 4554 accipe
535 4483 698 4538 etiam
727 4479 950 4550 figurate
968 4474 1263 4547 quamlibet
1285 4473 1687 4544 amplitudinem

103 4574 263 4628 sxculi
294 4575 482 4644 hujus,
516 4569 814 4643 quemlibet
840 4568 1101 4624 honorem
1142 4567 1195 4620 in
1239 4580 1399 4636 quem
1430 4563 1691 4634 superbus

105 4662 331 4719 ascendis
361 4681 375 4718 :
408 4678 527 4734 quo
573 4660 735 4716 altius
779 4657 1096 4730 ingrederis,
1140 4670 1206 4711 eo
1247 4665 1296 4711 te
1337 4670 1441 4710 non
1487 4664 1691 4709 tantum

103 4750 392 4818 celsiorem,
424 4751 529 4808 sed
573 4750 734 4807 etiam
762 4749 1006 4804 tutiorem
1041 4747 1174 4802 falso
1204 4755 1374 4816 putas.
1413 4745 1693 4813 Quomodo

103 4842 231 4898 enim
258 4853 311 4900 te
332 4843 565 4914 dejiciat
595 4840 790 4906 nescis,
821 4847 968 4894 tanto
997 4837 1188 4892 elisum
1231 4835 1466 4906 gravius,
1493 4845 1693 4905 quanto

100 4931 372 4991 sublimius
423 4933 715 4992 ferebaris.
764 4929 992 4986 Mendax
1034 4943 1190 4998 equus
1232 4925 1301 4980 ad
1346 4926 1604 4982 salutem:
1639 4928 1694 4980 in

103 5025 405 5083 abundantia
431 5037 612 5084 autem
635 5024 831 5081 uirtutis
858 5039 963 5078 sua:
989 5037 1089 5076 non
1119 5020 1211 5075 erit
1238 5018 1428 5073 salvus.
1461 5018 1527 5073 Et
1553 5017 1694 5074 unde

102 5119 193 5175 crit
215 5121 403 5179 salvus
425 5122 453 5176 ?
503 5120 623 5176 Non
654 5118 725 5176 de
752 5120 967 5184 virtute,
1001 5131 1106 5170 non
1135 5114 1200 5169 de
1225 5113 1424 5168 viribus
1446 5152 1460 5176 ,
1492 5126 1597 5166 non
1628 5110 1695 5165 de

103 5207 299 5268 honore
318 5255 334 5279 ,
365 5227 484 5268 non
511 5210 583 5266 de
621 5210 810 5281 gloria,
844 5223 951 5263 non
978 5207 1046 5263 de
1072 5221 1231 5276 equo.
1263 5205 1328 5258 Et
1356 5203 1496 5259 unde
1519 5205 1544 5256 *ἶ
1579 5202 1696 5271 Quo

103 5299 224 5355 ibo?
259 5301 362 5358 Ubi
411 5301 688 5358 inveniam
727 5299 870 5356 unde
896 5299 1074 5355 salvus
1101 5295 1247 5352 sim?
1291 5295 1406 5351 Noli
1435 5296 1522 5350 diu
1547 5311 1697 5366 quin-

100 5404 232 5458 rerc,
281 5394 397 5448 noli
447 5393 633 5462 longe.
679 5389 815 5445 Ecce
857 5389 990 5443 oculi
1036 5388 1238 5443 Domini
1280 5403 1429 5457 super
1473 5387 1698 5440 timentes

158 5525 172 5555 ¹
199 5525 336 5586 Edd.,
362 5527 562 5588 factum
597 5522 799 5588 hominis
821 5527 950 5574 motu
971 5521 1074 5584 ejus
1105 5519 1158 5571 in
1190 5531 1389 5584 corpore
1428 5517 1572 5569 uidet.
1609 5517 1700 5567 Ali-

98 5594 211 5654 quot
237 5586 371 5648 “35.,
399 5591 540 5654 moto
683 5598 900 5654 corpQre-
979 5643 990 5654 ,
1252 5641 1262 5652 .
1338 5642 1348 5653 .
1431 5649 1444 5654 -
1668 5639 1680 5650 ι

158 5649 179 5676 ³
203 5655 357 5698 Vetus
379 5649 551 5698 codex
572 5647 731 5698 Colb.:
758 5647 831 5697 Ltd
849 5647 1106 5696 Dontinmn
1133 5647 1304 5704 omnis,
1330 5647 1381 5693 in
1419 5649 1517 5693 Deo
1551 5647 1702 5693 omnis

99 5717 203 5772 spes
223 5714 328 5772 tua,
359 5718 498 5760 Deus
523 5707 584 5758 sit
601 5709 828 5772 fortitudo
851 5716 949 5772 tua.

159 5770 178 5832 ἒ
204 5776 254 5832 In
279 5771 515 5832 pluribus
539 5769 661 5829 Mss,
681 5769 962 5823 exhortatio.

161 5830 183 5894 ξ
208 5829 405 5894 Aliquot
423 5838 563 5889 uss...
583 5833 679 5892 qui.

164 5892 237 5954 (η)
263 5892 426 5954 Ippos.

389 5978 623 6036 Sum.
672 5980 944 6039 AUGUST.
994 5975 1094 6036 IV.

1115 435 1515 494 ENARRATIO
1555 433 1622 493 ΙΝ
1659 436 1983 494 PSALMUM
2013 433 2229 496 XXXII.

3227 445 3336 508 298

1761 565 1894 604 eum.
1927 549 2129 606 Videtis
2151 551 2271 621 quia
2301 552 2400 622 ipsi
2427 560 2551 609 sunt
2578 565 2713 625 quos
2737 557 3010 627 prospexit
3038 557 3106 614 de
3135 557 3347 614 habita-

1763 639 1884 696 culo
1911 655 2029 696 suo.
2057 639 2192 696 Ecce
2215 641 2353 696 oculi
2382 642 2587 698 Domini
2613 662 2766 712 super
2804 648 3029 704 timentes
3057 666 3192 718 eum,
3219 667 3341 722 spe-

1763 741 1931 788 rantes
1968 749 2120 805 super
2147 734 2540 790 misericordiam
2567 737 2676 807 ejus
2701 754 2719 793 :
2746 753 2852 794 non
2883 740 2951 797 de
2980 743 3183 799 meritis
3212 743 3350 810 suis,

1764 840 1871 879 non
1897 822 1965 880 de
1994 825 2208 890 virtute,
2239 840 2345 880 non
2375 825 2444 882 de
2472 826 2781 886 fortitudine
2800 872 2816 899 ,
2844 847 2952 887 non
2976 832 3043 889 de
3068 847 3225 905 equo,
3253 833 3353 890 sed

1764 914 1833 972 de
1857 915 2226 972 misericordia
2255 916 2392 987 ejus.

1835 1007 1926 1063 25.
1969 1006 2136 1081 [vers.
2169 1007 2282 1083 19.]
2325 1007 2396 1064 Ut
2444 1019 2588 1065 eruat
2630 1028 2663 1066 a
2707 1023 2866 1068 morte
2914 1016 3109 1072 animas
3153 1034 3351 1073 eorum.

1766 1097 1942 1154 Vitam
1984 1108 2238 1155 aeternam
2286 1100 2565 1170 promittit.
2612 1102 2748 1170 Quid
2797 1105 2850 1158 in
2897 1104 2995 1161 ista
3043 1109 3356 1178 pcregrina-

1768 1189 1956 1245 tione?
1986 1189 2238 1259 numquid
2264 1189 2508 1246 des‘erit?
2541 1191 2670 1248 Vide
2691 1193 2818 1263 quid
2845 1196 3085 1266 sequitur
3114 1215 3127 1251 :
3151 1197 3220 1252 Et
3247 1199 3356 1254 alat

1767 1295 1852 1335 eos
1878 1281 1931 1334 in
1961 1282 2114 1352 fame.
2146 1280 2380 1351 Tempus
2406 1281 2557 1338 famis
2585 1292 2668 1339 est
2701 1285 2880 1350 modo,
2911 1295 3119 1358 tempus
3155 1292 3354 1346 saturi-

1770 1371 1894 1426 tatis
1929 1380 2050 1441 post
2087 1371 2208 1426 erit.
2253 1371 2354 1439 Qui
2395 1389 2494 1430 nos
2530 1373 2582 1429 in
2629 1373 2771 1431 fame
2813 1376 2971 1446 hujus
2999 1380 3358 1450 corruptionis

1769 1476 1878 1517 non
1925 1461 2144 1529 deserit,
2195 1462 2525 1521 immortales
2577 1465 2742 1521 factos
2788 1468 3055 1538 quomodo
3103 1471 3362 1526 satiabit?

1769 1551 1874 1608 Sed
1902 1553 2151 1624 quamdiu
2181 1563 2390 1626 tempus
2418 1565 2502 1611 est
2537 1555 2725 1622 famis,
2761 1557 3090 1614 tolerandum
3117 1571 3232 1628 est,
3260 1561 3361 1616 du-

1771 1644 1996 1700 randum
2022 1654 2126 1712 cst,
2159 1646 2605 1716 perseverandum
2635 1655 2719 1703 est
2743 1664 2914 1719 usque
2941 1650 2994 1704 in
3026 1650 3206 1707 ﬁnem.
3242 1650 3365 1707 Jam

1772 1736 2033 1792 currenda
2059 1745 2184 1792 sunt
2211 1738 2388 1793 omnia
2408 1779 2423 1804 ,
2456 1738 2576 1808 quia
2607 1748 2662 1794 et
2687 1739 2771 1794 via
2809 1751 2890 1795 est
2915 1741 3073 1811 plana
3092 1782 3106 1806 ,
3135 1749 3192 1796 et
3214 1742 3365 1812 cogi-

1775 1827 1990 1882 tandum
2020 1837 2105 1882 est
2133 1827 2262 1897 quid
2293 1837 2586 1898 portemus.
2618 1827 2806 1884 Adhuc
2845 1829 3060 1900 quidem
3098 1839 3367 1900 spectato-

1775 1921 1938 1976 resin
1957 1920 2350 1990 amphitheatro
2373 1920 2512 1976 forte
2533 1922 2822 1989 insaniunt,
2849 1931 2903 1977 et
2926 1922 2980 1977 in
3001 1922 3116 1978 sole
3139 1922 3362 1980 sedent:

1775 2020 1831 2068 et
1854 2026 1950 2066 nos
1979 2012 2023 2066 si
2051 2020 2275 2078 stamus,
2300 2019 2480 2067 tamen
2509 2012 2562 2067 in
2589 2011 2901 2068 umbraculo
2929 2026 3115 2067 sumus
3133 2054 3149 2079 ,
3175 2022 3230 2068 et
3256 2013 3367 2070 uti-

1776 2103 1910 2158 liora
1942 2111 1996 2158 et
2022 2102 2322 2174 pulchriora
2352 2113 2478 2158 sunt
2504 2118 2624 2174 quae
2652 2115 2956 2173 spectamus
2979 2106 3018 2157 ί.
3050 2103 3368 2174 Spectemus

1778 2193 2033 2265 pulchra,
2084 2204 2138 2250 et
2183 2210 2212 2248 a
2259 2193 2484 2264 pulchro
2531 2204 2856 2265 spectemur.
2905 2194 3219 2266 Spectemus
3267 2209 3370 2251 nos

1777 2294 1958 2342 mente
1983 2299 2045 2341 ea
2076 2300 2195 2356 quae
2232 2284 2484 2341 dicuntur
2512 2285 2567 2340 in
2606 2285 2853 2341 sensibus
2891 2285 3188 2342 divinarum
3220 2286 3370 2343 Scri-

1779 2385 2074 2449 pturarum,
2120 2383 2174 2430 et
2214 2375 2540 2446 gaudeamus
2585 2375 2673 2430 tali
2719 2376 3042 2446 Spectaculo.
3092 2375 3374 2447 Spectator

1778 2477 1955 2524 autem
1981 2477 2163 2523 noster
2186 2467 2306 2538 quis
2329 2469 2455 2524 est?
2480 2465 2618 2522 Ecce
2638 2467 2772 2521 oculi
2793 2466 3001 2522 Domini
3022 2485 3174 2539 super
3194 2469 3376 2524 timen-

1781 2569 1853 2616 tes
1899 2577 2035 2627 eum,
2079 2568 2337 2631 sperantes
2379 2559 2435 2613 in
2477 2558 2824 2614 misericordia
2861 2560 2972 2631 ejus
3007 2575 3026 2613 :
3068 2567 3124 2613 ut
3160 2568 3304 2614 eruat
3339 2575 3376 2614 a

1781 2660 1943 2706 morte
1969 2651 2167 2705 animas
2194 2666 2389 2716 eorum,
2419 2658 2467 2704 et
2492 2650 2599 2704 alat
2627 2665 2712 2704 eos
2739 2649 2794 2703 in
2823 2653 2979 2720 fame.

1851 2740 1943 2796 26.
1985 2739 2153 2813 [vers.
2177 2739 2294 2812 20.]
2343 2737 2450 2796 Sed
2498 2749 2715 2809 propter
2757 2739 3200 2810 peregrinationis
3244 2741 3378 2796 tole-

1783 2830 2007 2886 rantiam
2039 2830 2290 2900 quamdiu
2319 2829 2491 2886 fames
2535 2839 2649 2894 est,
2691 2836 2747 2884 et
2787 2838 3160 2900 exspectamus
3197 2831 3251 2885 in
3291 2831 3378 2887 via

1784 2925 1931 2981 reﬁci
1956 2927 1998 2992 ’,
2045 2940 2112 2980 ne
2141 2924 2490 2989 deﬁciamus;
2537 2923 2662 2994 quid
2702 2921 2856 2978 nobis
2894 2923 3182 2994 imponitur
3203 2923 3224 2955 ³
3245 2964 3260 2990 ,
3291 2924 3379 2980 vel

1785 3015 1912 3085 quid
1957 3015 2196 3085 proﬁteri
2249 3013 2548 3070 debemus?
2595 3013 2780 3067 Anima
2825 3022 2997 3067 nostra
3043 3015 3239 3084 patiens
3283 3015 3381 3068 erit

1786 3105 2028 3160 Domino.
2073 3105 2272 3162 Secura
2312 3103 2646 3174 exspectabit
2688 3103 3106 3158 misericorditer
3150 3105 3379 3174 proruit-

1790 3205 2020 3263 tentem,
2050 3194 2469 3250 misericorditer
2493 3193 2516 3225 ⁸
2551 3204 2605 3248 et
2629 3195 2888 3248 veraciter
2911 3193 3252 3248 exhibentem
3285 3213 3296 3247 :
3326 3203 3382 3250 et

1787 3289 1958 3346 donec
1987 3287 2265 3354 exhibeat,
2297 3286 2424 3358 quid
2453 3286 2716 3358 agamus?
2747 3286 2931 3340 Anima
2967 3297 3138 3339 nostra
3182 3287 3381 3357 patiens

1788 3382 1882 3437 erit
1915 3381 2150 3436 Domino.
2178 3379 2282 3435 Sed
2313 3379 2439 3450 quid
2460 3420 2474 3446 ,
2508 3379 2551 3433 si
2578 3379 2630 3432 in
2659 3379 2770 3449 ipsa
2805 3379 3055 3447 patientia
3085 3393 3189 3432 non
3221 3378 3382 3431 dura-

1789 3474 2010 3531 bimus?
2058 3474 2170 3529 lmo
2215 3473 2369 3543 plane
2409 3471 2719 3527 durabimus
2751 3489 2763 3524 :
2796 3469 3048 3536 Quoniam
3093 3471 3299 3538 adjutor
3331 3477 3383 3524 et

1792 3575 2040 3638 protector
2082 3573 2249 3620 noster
2291 3572 2384 3618 est.
2433 3563 2666 3632 Adjuvat
2710 3561 2763 3614 in
2815 3575 3006 3630 pugna,
3059 3560 3286 3629 protegit
3313 3559 3385 3615 ab

1791 3667 1946 3724 testu,
1977 3673 2081 3711 non
2112 3667 2164 3711 te
2189 3655 2411 3721 deserit,
2436 3654 2626 3719 tolera,
2651 3651 2803 3706 dura.
2831 3651 2931 3718 Qui
2957 3649 3385 3720 perseveraverit

1792 3764 1960 3819 usque
1987 3749 2041 3803 in
2072 3749 2252 3814 ﬁnem,
2282 3747 2372 3801 hic
2395 3745 2573 3800 salvus
2599 3745 2699 3799 erit
2730 3742 2942 3812 (Matth.
2973 3757 3124 3809 xxw,
3154 3743 3268 3812 15).

1863 3842 1952 3896 27.
1998 3839 2166 3913 [υετε.
2192 3833 2309 3910 21.]
2364 3837 2430 3891 Et
2477 3836 2604 3905 quid
2648 3850 2771 3889 cum
2816 3833 3222 3903 perduravcris,
3259 3848 3383 3889 cum

1797 3934 2004 4004 patiens
2035 3931 2230 3997 fueris,
2260 3944 2380 3984 cum
2413 3943 2580 3998 usque
2606 3926 2671 3981 ad
2704 3927 2863 3980 ﬁnem
2895 3926 3221 3995 perveneris,
3253 3925 3383 3995 quid

1794 4028 1888 4083 tibi
1929 4024 2073 4081 erit?
2119 4023 2232 4090 Qua
2278 4019 2525 4076 mercede
2554 4018 2792 4074 toleras?
2837 4016 3017 4086 utquid
3067 4025 3209 4070 tanta
3247 4015 3383 4070 dura

1793 4115 1996 4172 tamdiu
2041 4113 2280 4185 pateris?
2328 4111 2579 4179 Quoniam
2619 4110 2672 4163 in
2714 4110 2827 4179 ipso
2868 4108 3122 4162 laetabitur
3163 4125 3250 4162 cor
3286 4124 3384 4162 no-

1792 4218 1972 4274 strum,
2006 4216 2054 4262 et
2080 4207 2132 4260 in
2158 4205 2360 4260 nomine
2385 4211 2560 4258 sancto
2588 4201 2696 4272 ejus
2717 4199 3044 4271 speravimus.
3075 4198 3243 4269 Spera
3269 4199 3378 4268 hic,

1793 4309 1854 4356 ut
1883 4298 2081 4355 laeteris
2109 4297 2178 4353 ibi
2215 4315 2225 4350 :
2256 4295 2398 4352 esuri
2429 4302 2483 4350 et
2509 4293 2596 4348 siti
2624 4292 2730 4358 hic,
2764 4301 2821 4346 ut
2849 4291 3080 4361 epuleris
3107 4282 3199 4346 ibi.

1864 4391 1954 4446 28.
1997 4388 2164 4463 [vers
2190 4386 2316 4460 22.]
2364 4385 2616 4442 l-lortatus
2659 4394 2742 4439 est
2785 4382 2854 4437 ad
2898 4383 3098 4447 omnia,
3144 4381 3387 4452 implevit

1795 4497 1895 4539 nos
1933 4481 2128 4553 gaudio
2155 4479 2293 4549 spei,
2336 4475 2610 4547 proposuit
2650 4474 2804 4530 nobis
2846 4473 2971 4544 quid
3017 4488 3292 4540 amemus,
3327 4474 3384 4528 in

1796 4590 1903 4645 quo
1927 4572 2046 4628 solo
2072 4580 2127 4627 et
2154 4571 2221 4625 de
2262 4585 2369 4640 quo
2410 4568 2526 4622 solo
2557 4579 2937 4636 praesumamus
2967 4582 2978 4617 :
3010 4571 3131 4634 post
3170 4563 3287 4619 hinc
3327 4564 3387 4618 ﬁt

1796 4667 1968 4722 oratio
2005 4663 2190 4720 brevis
2219 4671 2272 4717 et
2301 4659 2531 4716 salubris
2559 4675 2572 4712 :
2603 4655 2725 4710 Fiat
2752 4655 3097 4711 misericordia
3127 4665 3213 4709 tua
3231 4696 3246 4720 ,
3281 4653 3387 4708 Do-
3415 4723 3418 4726 ξ

1797 4760 1970 4825 mine,
2002 4774 2152 4828 super
2197 4771 2308 4809 nos.
2357 4754 2424 4808 Et
2467 4766 2573 4822 quo
2617 4747 2854 4806 merito?
2900 4748 3046 4803 Sicut
3074 4746 3419 4818 speravimus.

1797 4851 1850 4904 in
1880 4859 1945 4904 te.
1994 4848 2090 4902 Fui
2132 4843 2449 4917 quibusdam
2479 4853 2773 4901 onerosus;
2815 4837 2989 4894 sentio
3022 4856 3035 4892 :
3065 4836 3383 4906 quibusdam

1797 4950 1976 4996 autem
2005 4938 2165 4993 etiam
2193 4936 2300 4990 cito
2341 4930 2616 4987 terminavi
2648 4941 2985 4990 sermonem;
3029 4935 3084 4980 et
3124 4927 3229 4982 hoc
3255 4940 3386 4982 sen-

1799 5033 1874 5088 tio
1918 5049 1931 5085 :
1976 5031 2252 5100 ignoscant
2300 5023 2496 5079 inﬁrmi
2538 5019 2866 5085 fortioribus,
2915 5026 2968 5073 et
3016 5031 3113 5087 pro
3159 5015 3387 5073 inﬁrmis

1799 5122 2156 5195 deprecentur
2182 5115 2448 5171 fortiores.
2479 5111 2535 5167 In
2561 5125 2668 5166 uno
2690 5123 2915 5179 corpore
2939 5107 3118 5163 omnia
3143 5106 3384 5160 membra

1799 5215 1988 5278 simus,
2029 5227 2059 5266 a
2102 5209 2277 5280 capite
2318 5213 2502 5262 nostro
2546 5210 2855 5274 vegetemur
2885 5219 2898 5256 :
2930 5211 2984 5256 et
3025 5200 3077 5254 in
3126 5198 3219 5254 illo
3261 5211 3387 5266 spes

1801 5314 1984 5361 nostra
2021 5311 2104 5358 est
2123 5342 2139 5368 ,
2167 5309 2222 5356 et
2249 5301 2303 5354 in
2333 5297 2427 5353 illo
2457 5293 2714 5352 fortitudo
2736 5301 2916 5348 nostra
2947 5298 3047 5346 est.
3079 5288 3194 5344 Non
3224 5287 3385 5343 dubi-

1868 5457 2084 5504 lomnes
2121 5463 2272 5516 prope
2305 5456 2413 5500 Mss.
2454 5454 2731 5500 constanter
2765 5447 2976 5516 habent,
3020 5451 3389 5516 exspectemus:

1804 5529 1997 5567 necnon
2021 5506 2224 5577 postea;
2247 5517 2599 5577 exspectentur,
2645 5506 2996 5577 exspectaculo,
3043 5506 3344 5569 exspectator
3369 5517 3389 5565 ;

1803 5578 1928 5638 loco,
1950 5572 2239 5640 spectemur,
2257 5572 2546 5640 spectaculo,
2577 5575 2831 5635 spectator.

1867 5642 1891 5709 Ξ
1914 5633 2664 5709 eliauottlss-kfrﬁﬁie’tmzgi-

1870 5701 1892 5732 ³
1913 5701 1987 5749 Sic
2000 5691 2059 5748 in
2082 5707 2187 5760 uss.
2215 5691 2271 5746 Ᾰι
2294 5691 2344 5745 iii
2523 5691 2756 5758 quamdiu
2771 5691 3036 5760 fantesest,
3054 5692 3390 5760 exspectemus

1804 5757 2159 5874 misinelzeﬁci
2173 5797 2188 5821 ,
2234 5771 2294 5808 ne
2346 5749 2643 5820 deﬁciamus.
2692 5749 2814 5815 Quid
2866 5751 3002 5803 nobis
3045 5749 3272 5814 impertit,
3316 5749 3390 5802 uel

1843 5831 1948 5882 ητα,
1974 5831 2068 5886 et_c.
2103 5884 2124 5886 Λ
2370 5880 2381 5886 _
2518 5878 2562 5886 ’θ
2793 5874 2806 5885 .
2915 5874 2946 5886 η

1808 5838 1948 5888 quta,
1974 5838 2068 5871 etc.
2793 5874 2806 5885 ε

1875 5887 1892 5918 ι
1917 5892 1964 5933 ιη
1990 5881 2207 5945 pluribus
2225 5888 2327 5932 uss.
2352 5880 2497 5931 deest
2518 5878 2614 5940 hic,
2640 5874 3038 5931 misericorditer.

2803 5963 3033 6041 (Dida)
3114 6065 3119 6070 ι
