3950 6400
160 383 237 440 ευί
1133 359 1526 423 lZNARRATIO
1564 364 1628 422 ΙΝ
1672 365 1990 425 PSALMUM
2033 367 2273 430 XXXIII.

157 503 238 556 est,
265 489 378 545 Cum
394 481 594 539 mutauit
614 473 804 540 uultum
831 493 975 536 suum
1002 497 1169 534 corum
1202 479 1480 534 Abimeleclt
1505 521 1520 544 ,
1547 489 1593 532 et
1619 479 1698 538 di-

157 583 268 636 misit
296 593 418 643 rtun,
448 585 494 629 et
514 569 652 639 abiit,
683 573 940 644 scriptum
963 583 1085 627 esse
1111 572 1162 625 in
1185 567 1490 641 ltegnorum
1514 570 1660 628 libris
1685 611 1703 639 ,

159 675 230 728 ubi
250 668 410 726 omnia
440 657 591 722 nobis
613 667 809 735 scripta
833 673 959 721 sunt
985 678 1102 735 quae
1125 662 1394 734 pertinent
1417 661 1484 724 ad
1512 677 1597 718 res
1612 675 1706 734 ge-

155 777 246 820 stas
275 750 420 814 David
449 773 462 811 :
492 749 588 813 sed
617 765 723 812 no‘n
755 754 1052 810 invenimus
1076 747 1195 820 hoc,
1220 763 1276 810 ct
1301 761 1478 808 tamen
1503 745 1703 824 aliquid

157 855 423 912 invenimus
470 841 610 906 unde
655 857 908 920 appareat
961 845 1064 902 hoc
1110 861 1228 903 esse
1279 854 1525 902 tractum.
1571 841 1702 904 Nam

154 947 376 1016 scriptum
406 951 486 1000 est
524 941 647 1014 quia
685 956 805 996 cum
849 938 1054 1010 fugeret
1100 935 1262 992 David
1310 945 1705 1008 persecutorem

154 1037 280 1100 Sail,
307 1033 522 1094 contulit
560 1047 618 1088 se
648 1030 715 1087 ad
746 1025 909 1087 Achis
940 1045 1119 1102 regem
1145 1027 1307 1095 Geth,
1337 1025 1392 1090 id
1416 1035 1501 1086 est
1525 1025 1592 1088 ad
1615 1043 1706 1090 re-

151 1144 255 1200 gem
289 1125 557 1198 cujusdam
589 1125 764 1197 gentis
809 1123 999 1183 vicinae
1037 1137 1202 1194 regno
1230 1115 1539 1180 Iudaiorum
1572 1138 1590 1177 :
1634 1120 1707 1176 ibi

153 1220 397 1286 latitabat,
427 1228 488 1276 ut
530 1217 952 1289 persecutionem
981 1215 1157 1272 Saulis
1205 1215 1449 1272 evitaret.
1500 1214 1708 1271 Recens

150 1322 304 1370 autem
331 1318 442 1368 erat
466 1308 634 1381 gloria
663 1308 798 1379 ejus,
823 1299 963 1364 unde
988 1321 1082 1380 pro
1107 1305 1387 1364 benefacta
1411 1305 1608 1366 meruit
1625 1305 1712 1362 iu-

150 1402 321 1458 vidiam
341 1439 359 1469 ,
387 1391 599 1472 quando
641 1391 848 1456 Goliam
891 1387 1192 1465 interiecit,
1219 1405 1276 1456 et
1302 1397 1358 1456 in
1387 1411 1492 1457 una
1536 1410 1706 1470 pugna

147 1495 345 1567 gloriam
382 1493 831 1562 securitatemque
855 1490 1006 1561 regni
1033 1498 1089 1545 et
1115 1491 1228 1561 regi
1258 1497 1312 1550 et
1339 1489 1536 1560 popqu
1558 1503 1709 1546 com-

149 1587 346 1660 paravit.
376 1586 504 1644 Sail!
534 1594 714 1644 autem
741 1599 860 1644 cum
891 1592 1218 1656 provocante
1252 1581 1404 1640 Golia
1429 1590 1704 1650 testuaret,

150 1687 388 1748 prostrato
407 1676 557 1736 Golia
589 1676 756 1736 ltostis
777 1689 896 1735 esse
919 1675 1084 1745 erepit
1107 1670 1178 1741 ei,
1204 1689 1298 1745 per
1319 1672 1470 1745 cuius
1491 1687 1708 1734 manum

149 1770 332 1827 hostem
363 1775 682 1836 necaverat,
719 1777 774 1826 et
803 1766 988 1827 invidit
1015 1767 1200 1838 gloria:
1236 1763 1400 1823 David
1427 1784 1442 1821 :
1473 1765 1710 1828 maxime

148 1852 253 1934 quia
287 1859 512 1934 populus
553 1860 606 1919 in
633 1858 999 1922 exsultatione
1035 1855 1394 1925 constitutus,
1444 1866 1500 1914 et
1543 1855 1710 1914 choro

144 1957 238 2027 jam
259 1955 395 2012 tacto
425 1954 679 2012 mulieres
708 1960 1062 2011 cantaverunt
1083 1951 1310 2022 gloriam
1347 1949 1536 2020 David,
1567 1949 1710 2020 quod

149 2047 258 2106 Salii
284 2046 632 2118 percussisset
659 2043 714 2102 iu
739 2043 996 2109 millibus,
1027 2050 1079 2100 et
1106 2040 1268 2098 David
1291 2041 1347 2096 in
1367 2039 1525 2096 denis
1549 2039 1711 2096 milli-

148 2141 250 2196 bus.
275 2139 408 2198 Hinc
436 2139 528 2196 ille
554 2146 854 2196 commotus
880 2175 896 2202 ,
929 2132 1070 2205 quod
1093 2141 1334 2204 eruperat
1363 2132 1561 2188 habere
1594 2146 1714 2188 ma-

143 2231 294 2301 jorem
318 2229 542 2302 gloriam
567 2243 663 2299 per
687 2242 846 2284 unum
873 2240 1105 2296 pugnam
1129 2239 1280 2296 puer,
1304 2231 1359 2280 et
1374 2222 1489 2296 jam
1508 2222 1564 2278 in
1590 2223 1710 2282 lau-

147 2323 278 2380 dibus
301 2322 546 2380 omnium
571 2320 682 2392 regi
715 2316 1146 2391 praeponebatur,
1179 2325 1237 2371 ut
1261 2331 1321 2373 se
1357 2315 1521 2372 habet
1544 2314 1710 2386 pesti-

146 2416 284 2474 lentia
306 2415 494 2472 livoris
517 2423 575 2474 et
601 2411 850 2484 superbia
873 2411 1076 2478 saeculi,
1108 2408 1346 2468 invidere
1370 2416 1630 2480 eruperat,
1657 2415 1712 2466 ct

147 2508 386 2580 persequi.
421 2497 575 2562 Tunc
601 2505 691 2562 ille
718 2520 816 2570 se.
853 2511 912 2560 ut
936 2503 1069 2569 dixi,
1096 2500 1396 2558 contulerat
1421 2501 1487 2556 ad
1526 2515 1710 2572 regem

147 2597 284 2665 Geth,
308 2597 399 2670 qui
420 2596 714 2656 vocabatur
735 2594 916 2650 Achis.
941 2595 1264 2667 Suggestum
1283 2602 1367 2650 est
1393 2601 1571 2649 autem
1597 2594 1710 2664 regi

146 2688 251 2759 ipsi,
276 2685 415 2760 quod
448 2685 596 2742 illum
623 2684 761 2756 apud
781 2699 839 2741 se
854 2683 1096 2748 haberet,
1117 2683 1206 2754 qui
1224 2698 1468 2758 magnam
1488 2683 1712 2754 gloriam

145 2778 319 2836 habere
359 2785 604 2851 coeperat
631 2778 684 2834 in
727 2777 918 2847 popqu
957 2775 1262 2836 Judzuorutn
1284 2816 1298 2842 ,
1321 2783 1378 2831 et
1401 2774 1600 2832 dictum
1628 2783 1714 2831 est

146 2871 213 2926 illi
237 2888 250 2928 ;
276 2869 463 2927 Nonne
487 2869 578 2927 istc
599 2877 674 2924 est
701 2866 888 2933 David,
912 2866 993 2922 cui
1011 2867 1221 2922 chorum
1242 2870 1462 2937 fecerunt
1481 2866 1713 2925 mulieres

139 2949 386 3026 Israelitta,
423 2960 642 3017 dicentes
672 2975 691 3014 :
721 2959 852 3016 Scit!
873 2957 1112 3029 percussit
1137 2958 1190 3011 in
1213 2956 1454 3024 millibus,
1474 2966 1524 3014 ct
1550 2957 1714 3016 David

143 3053 188 3106 in
207 3052 335 3108 denis
363 3051 641 3110 millibus?
669 3039 723 3108 Si
749 3059 926 3108 autem
956 3057 1170 3120 propter
1200 3047 1338 3106 hanc
1367 3049 1592 3122 gloriam
1618 3051 1704 3109 in-

145 3143 302 3200 videre
327 3131 401 3198 illi
439 3149 677 3211 eruperat
705 3131 854 3208 Sani,
889 3155 1065 3199 nonae
1093 3139 1442 3198 metuendum
1468 3149 1584 3200 erat
1608 3143 1713 3202 Da-

144 3232 237 3300 vid,
266 3249 330 3292 ne
349 3241 406 3291 et
437 3232 527 3291 ille
553 3247 651 3290 rex
677 3231 741 3289 ad
773 3247 930 3301 quem
961 3228 1312 3300 confugerat,
1343 3230 1504 3288 vellet
1531 3232 1713 3306 oppri‘

145 3339 272 3381 mere
300 3340 449 3393 eum,
480 3339 640 3397 quem
673 3330 853 3393 posset
878 3321 945 3380 de
983 3321 1157 3378 vicino
1179 3321 1391 3380 hostem
1421 3322 1639 3392 habere,
1660 3323 1712 3383 si

144 3411 324 3472 salvum
359 3417 642 3473 servaret?
673 3414 861 3474 Timuit
887 3424 942 3471 et
970 3414 1114 3472 illum
1133 3457 1148 3481 ,
1182 3425 1252 3486 ct,
1283 3416 1422 3472 sicut
1455 3418 1710 3488 scriptum

145 3513 228 3566 est,
255 3503 464 3559 mutavit
498 3497 688 3557 uultum
714 3518 863 3558 suum
895 3518 1069 3560 coram
1097 3495 1242 3572 ipsis,
1276 3511 1322 3558 et
1351 3501 1637 3570 aﬁ'cctabat,
1666 3512 1713 3562 et

143 3591 498 3667 tympanizabat
539 3595 606 3648 ad
638 3595 765 3650 ostia
789 3594 1022 3661 civitatis,
1051 3603 1096 3652 et
1121 3586 1371 3666 ferebatur
1393 3596 1447 3650 in
1482 3595 1713 3651 manibus

142 3687 250 3754 suis,
271 3696 315 3741 et
334 3677 632 3758 procidebat
653 3677 721 3738 ad
744 3685 872 3740 ostia
897 3694 1075 3756 portas,
1104 3694 1150 3737 et
1175 3682 1347 3740 saliua:
1366 3685 1713 3742 discurrebant

140 3794 272 3846 super
299 3779 511 3834 barbam
541 3779 668 3850 ejus.
703 3769 847 3832 Vidit
870 3792 991 3835 eum
1017 3792 1112 3831 rex
1136 3777 1221 3832 ille
1247 3775 1384 3848 apud
1407 3793 1563 3848 quem
1592 3779 1714 3838 late-

137 3860 234 3934 bat.
259 3880 308 3927 et
331 3873 407 3926 ait
438 3869 548 3925 suis
578 3885 591 3922 :
625 3855 815 3939 thuid
837 3863 956 3921 nti/ti
987 3867 1299 3938 arreptitium
1320 3869 1472 3922 istum
1494 3868 1715 3924 adduxi-

138 3951 259 4015 stis?
293 3955 664 4032 numquidnam
687 3961 965 4012 intraturus
994 3967 1062 4012 est
1089 3958 1142 4010 in
1180 3957 1388 4012 domum
1418 3960 1618 4015 meum?
1645 3960 1713 4015 Et

137 4047 208 4104 sic
240 4045 384 4108 illum
432 4051 636 4107 dimisit
675 4048 960 4120 projicicns
1003 4048 1151 4105 illum
1182 4064 1194 4100 :
1226 4056 1280 4103 et
1320 4050 1541 4104 recessit
1589 4049 1712 4109 inde

143 4131 290 4199 David
312 4143 597 4201 incolumis
616 4157 710 4212 per
735 4140 889 4196 istam
907 4141 1273 4212 ﬁgurationem
1302 4140 1495 4196 furoris
1515 4140 1558 4211 (ι
1580 4140 1708 4213 Reg.

143 4246 259 4299 xvn,
287 4250 430 4301 xvtu,
461 4249 572 4301 xxx,
610 4247 717 4295 xxx,
745 4231 934 4296 10-15;
966 4247 1091 4299 xxn,
1128 4231 1202 4303 l).
1233 4229 1336 4286 Pro
1364 4231 1462 4288 ista
1491 4247 1620 4304 ergo
1645 4231 1712 4288 ii-

144 4324 402 4392 guratione
442 4322 641 4378 furoris
667 4321 908 4376 videtur‘
943 4321 1008 4376 ad
1041 4323 1206 4390 ipsam
1246 4320 1518 4376 historiam
1551 4323 1715 4392 perti-

143 4431 257 4474 nere
283 4419 421 4490 quod
449 4418 536 4474 hic
562 4417 812 4487 scriptum
842 4424 923 4472 cst
947 4433 964 4469 .:
999 4413 1233 4470 Psalmus
1256 4414 1439 4480 Dauid,
1465 4431 1581 4472 cum
1595 4432 1714 4472 mtt-

144 4510 250 4564 tavit
273 4512 464 4566 vultum
505 4526 650 4564 suum
675 4523 844 4564 coram
871 4505 1156 4562 Abimeleclt
1181 4516 1228 4562 et
1262 4507 1449 4564 dimisit
1486 4525 1635 4577 eum,
1664 4519 1714 4566 ct

144 4599 268 4654 abiit.
309 4602 415 4658 Sed
461 4601 552 4656 ille
592 4599 754 4654 Achis
797 4607 928 4665 erat,
987 4613 1093 4654 non
1143 4598 1474 4656 Abimelecb.
1503 4599 1713 4658 Nomen

145 4691 271 4746 enim
311 4693 484 4748 solum
531 4705 636 4746 non
679 4687 891 4748 videtur
935 4688 1225 4743 convenire
1254 4706 1266 4741 :
1296 4705 1418 4745 nam
1448 4706 1536 4746 res
1559 4701 1713 4763 gesta

144 4794 294 4851 prope
332 4781 463 4853 ipsis
491 4779 670 4838 verbis
709 4781 908 4850 pariter
945 4778 1217 4850 designata
1248 4788 1329 4834 est
1357 4779 1412 4836 in
1451 4781 1708 4852 Psalmis,

145 4873 534 4946 quibusascripta
555 4872 712 4932 estin
737 4873 1042 4944 Regnorum
1064 4867 1220 4929 libro.
1251 4870 1374 4928 Ideo
1399 4874 1567 4945 magis
1589 4890 1709 4936 m0-

125 4942 258 5037 évcro
278 4981 375 5023 nos
398 4942 559 5024 debet
579 4965 644 5022 ad
666 4942 1012 5037 quaerendum
1041 4973 1456 5032 sacramentum,
1479 4967 1601 5037 quia
1619 4983 1713 5026 no-

110 5027 257 5110 δδιιιριι
282 5066 543 5114 mutatum
563 5065 664 5113 est.
683 5027 830 5111 'Nam
851 5071 1025 5126 neque
1047 5055 1171 5110 illud
1198 5055 1312 5110 sine
1332 5027 1709 5114 causa‘iactum

145 5147 556 5216 est,qnamvissit
567 5145 879 5213 factum;scd
893 5145 1013 5218 quia
1027 5144 1492 5217 aliqttidiigurabat
1509 5163 1522 5202 :
1538 5161 1712 5218 neque

145 5234 236 5292 hoc
261 5242 373 5299 sine
395 5257 558 5300 caiisa
586 5243 839 5312 scriptum
867 5250 947 5298 est
965 5282 978 5308 ,
1009 5249 1063 5296 et
1102 5241 1318 5296 nomine
1358 5249 1708 5300 commutato.

207 5328 257 5383 5.
296 5331 498 5394 Videtis
522 5343 689 5399 certe,
717 5334 934 5399 fratres,
965 5331 1378 5403 profunditatem
1409 5348 1714 5404 sacramen-

150 5428 327 5478 torum.
363 5424 418 5481 Si
443 5441 547 5484 non
584 5435 666 5483 est
696 5427 748 5481 in
781 5425 1041 5498 mysterio
1053 5463 1074 5492 -,
1103 5424 1244 5496 quod
1275 5439 1304 5479 a
1335 5439 1502 5496 puero
1530 5425 1712 5482 Colias

150 5515 340 5572 occisus
360 5527 469 5585 est;
495 5536 601 5577 non
624 5528 708 5576 est
732 5520 784 5574 in
812 5517 1087 5590 mysterio,
1116 5517 1244 5589 quia
1273 5517 1570 5573 immolavit
1594 5519 1712 5575 vul-

152 5611 251 5660 tum
281 5623 450 5677 suum,
481 5622 530 5666 et
554 5611 854 5677 allectabat,
896 5618 950 5664 et
976 5607 1388 5680 tympanizabat,
1414 5617 1468 5664 et
1491 5610 1710 5666 cadebat

212 5779 224 5811 '
251 5788 352 5831 iure
372 5785 532 5850 verba.
562 5796 650 5836 Pro
669 5783 759 5835 ista
779 5797 894 5850 ergo
914 5781 1215 5850 figuratimtc,
1239 5784 1465 5834 omittunt
1486 5780 1714 5848 plerique

158 5845 250 5892 ius.
279 5853 324 5896 ct
345 5848 543 5900 habent:
576 5850 769 5901 Videtur
793 5845 992 5912 cfgo‘a'd
1015 5845 1186 5909 ipsum,
1212 5853 1307 5896 ac.

674 6012 721 6024 ς·-
795 6013 842 6018 ’·
907 6011 1014 6029 'Qs.

3288 391 3396 452 302

1815 481 1880 535 ad
1911 483 2048 538 ostia
2071 485 2298 543 civitatis
2323 496 2377 544 et
2398 487 2464 546 ad
2486 483 2617 547 ostia
2644 503 2834 568 portte,
2856 506 2910 555 et
2935 499 3117 564 saliva:
3143 501 3395 568 decurre-

1809 569 1938 664 bant
1966 589 2127 644 super
2155 576 2374 638 barbam
2400 581 2534 653 ejus.
2564 583 2716 644 Unde
2740 588 2854 646 ﬁeri
2881 601 3056 664 potest
3085 605 3268 656 utnon
3291 600 3393 658 hoc

1810 663 2013 763 aliquid
2039 666 2398 763 signiﬁcaret?
2417 675 2629 745 quando
2652 680 2868 752 quidem
2888 663 3075 754 aperte
3099 687 3229 753 dicit
3249 693 3398 763 Apo-

1810 756 1982 814 stolus
2013 774 2027 814 :
2059 758 2188 818 Haec
2205 771 2374 820 autem
2396 764 2451 821 in
2472 767 2641 840 ﬁgura
2667 773 3016 846 contingebant
3039 778 3179 846 illis;
3208 756 3400 855 scripta

1809 857 1926 954 gum
2139 863 2343 954 prqpter
2361 872 2471 925 nos,
2499 857 2555 918 in
2576 875 2703 932 quos
2723 863 2840 933 ﬁnis.
2856 869 3156 928 «sculorum
3181 853 3421 954 obveniai

1810 931 1868 1032 Si
1902 939 2034 1032 nihil
2073 938 2338 1016 signiﬁcat
2378 962 2570 1008 manna
2596 991 2615 1018 ,
2657 931 2858 1025 dequo
2885 956 3014 1022 dicit
3049 962 3343 1032 Apostolus

1809 1023 1892 1130 Et
1912 1031 2076 1130 cibum
2103 1035 2420 1130 spiritualsm
2445 1023 2875 1114 manducauerunt
2909 1064 2930 1106 :
2961 1051 3007 1108 si
3033 1023 3162 1113 nihil
3193 1023 3405 1130 signiﬁ-

1812 1128 1899 1176 cat
1917 1123 2058 1212 quod
2090 1121 2318 1188 divisum
2346 1139 2431 1190 est
2449 1147 2618 1201 mare,
2645 1145 2701 1191 et
2729 1153 2826 1208 per
2843 1141 3078 1207 medium
3103 1121 3295 1206 ducttis
3315 1163 3398 1212 est

1810 1211 2062 1307 populus,
2093 1223 2148 1270 ut
2168 1216 2462 1276 evaderent
2483 1227 2908 1293 persecutionem
2936 1232 3250 1307 Pharaonis,
3277 1211 3398 1304 cum

1812 1297 1955 1357 dicat
1979 1303 2268 1402 Apostolus
2301 1328 2313 1362 :
2346 1309 2485 1402 Noto
2511 1315 2644 1371 enim
2663 1333 2749 1380 vos
2775 1320 3028 1392 ignorare,
3052 1297 3253 1400 fratres,
3284 1297 3403 1402 quia

1812 1401 1981 1494 patres
2014 1397 2171 1494 nostri
2190 1415 2360 1494 omnes
2387 1401 2478 1464 sub
2507 1406 2638 1464 nube
2662 1411 2886 1481 fuerunt,
2916 1425 2964 1470 et
2987 1433 3156 1474 omnes
3185 1397 3404 1494 indicu-

1812 1499 1902 1540 seu
1919 1483 2160 1583 baptizati
2178 1501 2295 1546 sunt
2313 1493 2366 1550 in
2392 1493 2520 1556 nube
2550 1508 2597 1552 et
2626 1500 2680 1556 in
2708 1505 2839 1562 mari
2859 1520 2880 1562 .-
2907 1507 2954 1564 si
2987 1508 3118 1566 nihil
3141 1483 3402 1583 signiﬁcat

1813 1577 1954 1676 quod
1977 1595 2227 1676 percussa
2251 1594 2400 1660 petra
2416 1603 2552 1662 aqua
2573 1593 2850 1666 proﬂuxit,
2874 1612 2993 1660 cum
3015 1599 3158 1658 dicat
3176 1577 3407 1676 dposto-

1812 1662 1896 1726 lus
1930 1688 1945 1727 :
1973 1669 2317 1769 Petra‘autcm
2342 1677 2450 1735 erat
2473 1681 2704 1744 Christus
2733 1686 2779 1759 (1
2803 1662 2921 1746 Cor.
2949 1707 3006 1769 x,
3033 1693 3139 1762 11,
3172 1662 3280 1768 13)
3299 1662 3406 1754 si

1814 1773 1942 1858 ergo
1970 1758 2061 1820 illa
2089 1763 2220 1858 nihil
2237 1767 2562 1858 signiﬁcant,
2585 1758 2827 1846 quamvis
2855 1779 2963 1838 sint
2979 1758 3132 1858 (ξιξβὰ
3157 1802 3173 1841 :
3199 1758 3406 1854 δὶἰιίιιὶι

1811 1843 2044 1922 denique
2083 1855 2385 1926 significant
2426 1859 2534 1920 duo
2565 1843 2659 1924 [iiii
2699 1866 2932 1929 Abrahae

1813 1942 2056 2038 ordinem
2074 1949 2337 2038 pascendi
2363 1949 2638 2014 hominum
2656 1999 2673 2024 ,
2700 1968 2754 2018 et
2783 1970 2964 2026 tamen
2995 1964 3140 2038 ipsos
3176 1967 3316 2036 duos
3339 1970 3406 2034 ﬁ-

1815 2031 1913 2091 lios
1941 2033 2047 2092 duo
2072 2035 2414 2130 Testamenta
2437 2047 2673 2118 appellat
2701 2031 3200 2128 anomalum—Vetus
3219 2070 3277 2117 et
3295 2031 3406 2130 ilo-

1813 2139 1964 2222 vum,
1994 2136 2048 2222 et
2071 2127 2200 2222 dicit
2229 2149 2242 2184 :
2276 2131 2405 2190 Haec
2435 2149 2553 2194 sunt
2580 2139 2682 2196 duo
2707 2127 3057 2216 Testamento.
3077 2166 3194 2221 quia
3213 2127 3335 2222 sunt
3349 2157 3405 2218 in

1813 2216 2058 2318 allegoria
2088 2221 2247 2318 teat.
2276 2240 2328 2281 ιν
2350 2269 2366 2300 ,
2389 2227 2497 2302 at)
2523 2246 2537 2286 ς
2574 2231 2622 2287 si
2647 2248 2774 2311 ergo
2801 2236 2893 2294 illa
2921 2240 3056 2304 nihil.
3081 2216 3401 2318 suarm,

1813 2323 1934 2380 quae
1957 2311 2152 2376 videtis
2178 2318 2494 2380 auctoritate
2512 2323 2803 2392 apostolica
2831 2329 2885 2390 ia
2913 2311 3168 2404 mysterio
3197 2311 3405 2402 tutum:-

1814 2414 1933 2500 rtnn
1959 2417 2138 2500 rerum
2161 2415 2311 2500 gesta
2334 2424 2489 2480 esse;
2519 2411 2776 2482 debemus
2795 2418 3048 2484 arbitrari
3081 2425 3212 2484 nihil
3233 2427 3406 2500 signi-

1815 2491 1976 2550 ﬁcare
1989 2495 2150 2552 etiam
2168 2495 2270 2554 hoc
2283 2499 2426 2571 quod
2443 2501 2594 2564 vobis
2605 2519 2674 2566 ex
2685 2505 2822 2574 libro
2837 2509 3144 2583 Regnorum
3155 2515 3226 2578 de
3238 2491 3407 2583 David

1815 2583 1973 2653 paulo
1991 2599 2116 2643 ante
2143 2591 2374 2648 narravi.
2397 2591 2514 2652 Non
2541 2610 2670 2672 ergo
2695 2599 2828 2660 nihil
2856 2602 3151 2676 signiﬁcat,
3179 2618 3238 2668 et
3259 2611 3406 2681 quod

1814 2689 2009 2734 nomen
2038 2687 2300 2740 mutatum
2319 2691 2405 2746 est
2425 2722 2442 2754 ,
2460 2693 2515 2744 et
2537 2686 2737 2748 dictum
2765 2701 2846 2750 est
2864 2709 3035 2752 caram
3054 2696 3342 2760 Abimctedt
3361 2703 3403 2757 ⁸.

1814 2961 1916 3008 est.
1973 2952 2308 3014 Pulsavimus
2333 2999 2352 3028 ,
2402 2974 2530 3018 cum
2582 2963 2685 3030 ista
2738 2965 3083 3039 diceremus;
3145 2952 3400 3046 pulsasti:

1815 3047 1870 3134 et
1907 3059 2025 3110 vos.
2059 3061 2180 3103 cum
2219 3048 2319 3110 ista
2357 3051 2614 3113 audiretis
2653 3073 2672 3116 ;
2707 3058 2886 3122 adhuc
2923 3063 3200 3134 pulsemus
3238 3082 3402 3130 orau-

1814 3131 1905 3197 do,
1939 3143 1999 3192 ιιι
2040 3133 2294 3198 Dominus
2330 3142 2537 3216 aperiat
2572 3146 2798 3210 nobis”.
2840 3131 3129 3216 Ναιιιιιιιιιιι
3167 3155 3405 3226 δεινω-

1814 3241 1933 3284 rum
1980 3228 2235 3292 habemus
2274 3232 2771 3308 interpretationem
2805 3257 2820 3294 :
2848 3259 2959 3302 non
2985 3245 3269 3312 defuerunt
3297 3251 3405 3314 do-

1814 3315 1888 3378 cti
1912 3319 2032 3386 viri.
2060 3322 2150 3396 qui
2189 3324 2348 3386 nobis
2380 3330 2596 3392 nomine
2617 3346 2686 3392 es
2711 3333 2932 3399 heia-reo
2964 3337 3023 3396 ia
3053 3356 3287 3413 graecam
3311 3345 3407 3406 lin-

1812 3423 1971 3481 guam
1996 3453 2012 3478 ,
2042 3422 2098 3468 et
2124 3413 2250 3476 inde
2292 3417 2350 3476 in
2400 3418 2617 3486 latinam
2645 3427 3016 3488 transferrent.
3043 3432 3405 3498 Commeatus

1815 3515 1956 3599 ergo,
1973 3505 2186 3599 nomina
2215 3507 2340 3578 ista,
2375 3510 2682 3576 invenimus
2705 3517 3044 3590 interpretari
3066 3525 3402 3599 Abiutelouh,

1815 3591 1988 3650 Patris
2014 3597 2120 3652 mei
2164 3613 2421 3671 regnum;
2449 3612 2506 3665 et
2529 3605 2868 3680 interpretari
2895 3611 3079 3684 Mutis.

1815 3695 1916 3785 est.
1945 3687 2070 3785 Haec
2100 3693 2314 3785 nomine
2343 3697 2703 3770 attendamus,
2729 3701 2859 3760 inde
2877 3707 3068 3778 incipit
3095 3711 3254 3769 nobis
3272 3729 3403 3785 ape-

1814 3778 1908 3876 riri
1930 3780 2287 3876 pulsantibus.
2329 3787 2384 3844 Si
2409 3790 2629 3859 quaeris.
2661 3793 2802 3862 Quid
2839 3806 2926 3856 est
2951 3799 3156 3860 Actus?
3186 3778 3404 3876 respua-

1815 3869 1990 3936 detur,
2020 3873 2302 3940 Quomodo
2322 3886 2424 3934 est.
2447 3879 2726 3950 Quomodo
2753 3895 2856 3954 est,
2883 3890 3106 3946 verbum
3137 3903 3219 3956 est
3239 3869 3406 3958 adrui.

1814 3961 2005 4030 rantis,
2035 3972 2090 4018 et
2115 3978 2220 4020 non
2249 3968 2615 4040 intelligentia.
2642 3974 2978 4044 Ahimelech,
3002 3979 3178 4038 Patris
3197 3985 3301 4041 mei
3326 4001 3406 4043 rc-

1815 4066 1977 4143 gnum
1999 4071 2020 4143 _:
2053 4047 2238 4120 David,
2277 4057 2434 4120 Manu
2463 4059 2638 4116 fortis.
2668 4062 2729 4119 In
2755 4065 2926 4137 ﬁgura
2951 4067 3154 4126 Christi
3195 4074 3362 4134 David
3384 4119 3400 4143 ,

1811 4141 1966 4236 sicut
1980 4141 2160 4236 Gplias
2185 4146 2240 4202 in
2264 4146 2431 4219 ﬁgura
2459 4149 2660 4210 diaboli
2685 4169 2702 4208 :
2729 4163 2788 4212 et
2809 4157 2956 4227 quod
2983 4159 3146 4218 David
3175 4141 3410 4236 prostra-

1819 4232 1892 4289 rit
1928 4233 2156 4303 Goliam,
2184 4236 2432 4297 Christus
2471 4249 2556 4302 est
2591 4245 2683 4316 qui
2713 4245 2910 4304 occidit
2942 4232 3237 4312 diabolum.
3264 4255 3405 4326 Quid

1816 4333 1900 4379 est
1935 4335 2110 4381 autem
2150 4326 2394 4386 Christus
2433 4334 2526 4404 qui
2563 4334 2835 4396 diabolum
2865 4341 3094 4399 occidit?
3121 4345 3408 4408 Humilitas

1815 4413 2012 4472 occidit
2048 4417 2376 4488 superbiam.
2406 4420 2541 4480 Cum
2566 4439 2697 4498 ergo
2715 4426 2992 4488 Christum
3019 4435 3260 4506 nomino,
3289 4439 3402 4498 ira-

1819 4514 1928 4608 tres
1945 4507 2321 4616 meitmaxime
2341 4513 2782 4616 nobis‘humilitas
2795 4526 3222 4586 commendatur.
3249 4530 3400 4590 Viam

1817 4596 1960 4693 epist)
1999 4600 2178 4681 nobis
2197 4599 2328 4680 iecit
2362 4618 2462 4684 per
2497 4605 2854 4692 humilitatem
2883 4631 2896 4668 :
2928 4616 3051 4687 quia
3086 4633 3186 4690 per
3223 4636 3404 4693 super.
3432 4596 3452 4672 ii

1815 4686 1958 4746 biam
1979 4675 2380 4751 recesseramus
2407 4709 2437 4749 a
2458 4695 2588 4766 Deo,
2615 4687 2792 4758 redire
2812 4702 2884 4758 ad
3053 4667 3163 4764 nisi
3490 4740 3496 4746 -

1815 4780 2094 4840 militatem
2123 4799 2229 4842 non
2258 4795 2584 4858 poteramus,
2612 4798 2668 4846 et
2695 4807 2855 4862 quem
2879 4795 3034 4854 nobis
3066 4780 3407 4872 {imponere-

1815 4888 1937 4930 mus
1955 4873 2021 4928 ad
2039 4873 2375 4944 imitandum,
2395 4891 2502 4934 non
2526 4877 2872 4940 habebamus.
2889 4881 3079 4948 Omnis
3101 4890 3246 4948 enim
3261 4908 3405 4949 ιηοιι.

1818 4963 1995 5024 talitas
2031 4966 2308 5028 hominum
2351 4971 2600 5040 superbia
2631 4980 2917 5034 minuerat.
2957 4979 3026 5036 Et
3057 4965 3406 5044 si'eaisteret

1813 5059 2009 5129 aliquis
2023 5059 2240 5118 humilis
2257 5061 2337 5117 vir
2351 5061 2404 5118 in
2421 5063 2632 5134 spiritu,
2650 5065 2794 5124 sicut
2809 5077 2962 5126 erant
2979 5071 3282 5144 Prophetas,
3301 5077 3404 5132 Pa-

1817 5148 2083 5217 triarelue,
2101 5149 2490 5224 dedignabatur
2501 5170 2671 5226 genus
2687 5156 2978 5220 humanum
3006 5163 3201 5222 imitari
3227 5166 3403 5223 humi-

1818 5241 1896 5298 les
1907 5239 2174 5298 homines.
2199 5242 2279 5298 Ne
2299 5258 2427 5317 ergo
2444 5245 2998 5318 dedimarewrltmvo
3021 5254 3217 5316 imitari
3233 5257 3407 5314 homi-

1819 5332 2374 5402 nemhomilem,Deus
2386 5335 2559 5394 factm
2573 5338 3058 5408 esthamilisastvol
3069 5346 3405 5418 sicsuperbia

1815 5424 2028 5510 generis
2061 5423 2281 5482 humani
2307 5441 2416 5483 non
2436 5427 2817 5501 dedignaretur
2844 5435 3002 5506 sequi
3029 5438 3248 5510 vestigia
3281 5442 3402 5500 Dei.
3433 5489 3438 5492 _

1889 5509 1942 5572 ὅ.
1985 5515 2114 5572 Erat
2159 5528 2370 5586 autem,
2404 5527 2463 5574 ut
2489 5522 2688 5589 nasus,
2734 5526 3053 5582 sacriﬁcium
3096 5509 3402 5589 Judreorum

1819 5617 1972 5663 antea
1995 5611 2286 5665 secundum
2315 5609 2558 5668 ordinem
2581 5613 2762 5670 Aaron
2789 5616 2843 5671 in
2863 5617 3096 5676 victimis
3123 5635 3397 5694 pecorum,

1883 5725 2230 5804 tantm-3
2340 5727 2588 5804 quodlltgic
2609 5728 2804 5804 dictum
2833 5736 2904 5804 est
2929 5747 3092 5804 coram
3121 5736 3407 5804 ,ιωηωιθειιι

1819 5784 1900 5854 (et
1917 5787 2135 5849 addunt),
2159 5784 2409 5854 ibiroram
2438 5787 2573 5854 .taltis
2602 5802 2618 5838 :
2642 5793 2768 5854 quod
2792 5806 2818 5840 a
2843 5802 2949 5843 Mss.
2970 5784 3126 5848 abest.

1884 5851 1901 5878 ‘3
1928 5855 2055 5910 διδδη
2079 5850 2261 5900 orando
2285 5857 2332 5900 ut
2349 5851 2533 5915 aperiat
2563 5865 2579 5903 .'
2597 5850 2790 5918 omisso,
2817 5856 3043 5916 Dominus
3064 5861 3218 5918 mltis.
