3950 6420
1093 249 1115 276 V

598 312 705 382 305

599 449 656 496 et
676 440 778 494 hoc
801 437 854 493 in
881 435 1171 508 mysterio:
1201 428 1434 486 nondum
1461 434 1574 482 erat
1602 423 1919 479 sacriﬁcium
1942 419 2180 491 corporis

600 545 657 592 et
703 530 976 603 sanguinis
1027 524 1253 590 Domini,
1300 521 1444 592 quod
1487 519 1670 574 ﬁdeles
1719 525 1948 579 norunt,
1995 524 2048 570 et
2090 513 2180 584 qui

600 622 948 694 Evangelium
975 619 1233 688 legerunt,
1257 613 1398 684 quod
1422 611 1738 668 sacriﬁcium
1761 622 1901 662 nunc
1924 605 2177 661 dill‘usum

599 727 684 773 est
728 696 840 770 ιοιὸ
879 709 1007 765 orbe
1036 716 1321 762 terrarum.
1362 703 1649 773 Proponite
1689 714 1816 770 ergo
1861 697 2015 751 vobis
2058 703 2181 751 ante

599 808 784 866 oculos
807 804 914 862 duo
939 799 1222 867 sacriﬁcia,
1257 809 1312 860 et
1335 796 1465 852 illud
1494 793 1786 851 secundum
1807 791 2046 846 ordinem
2069 789 2176 843 Aa-

591 915 725 964 ron,
763 906 819 953 et
853 895 955 950 hoc
982 891 1275 949 secundum
1318 889 1557 946 ordinem
1601 883 2011 943 Melchisedech.
2045 881 2181 938 Seri-

596 1003 747 1067 ptum
795 994 879 1043 est
924 985 1067 1041 enim
1099 1001 1112 1038 :
1144 983 1343 1037 Iuravit
1391 979 1669 1044 Dominus,
1712 987 1758 1031 et
1801 993 1901 1030 non
1931 973 2180 1045 pmnitebit

594 1061 726 1142 eum,
752 1087 806 1132 tu
832 1093 886 1134 es
909 1074 1142 1132 sacerdos
1163 1073 1215 1127 in
1241 1081 1484 1127 aeternum
1507 1065 1779 1124 secundum
1801 1064 2026 1120 ordinem
2056 1061 2180 1117 Mel-

595 1171 826 1227 cltiscdec
883 1166 1053 1240 (Psal.
1081 1181 1187 1231 cur,
1219 1164 1298 1233 4).
1322 1163 1396 1217 De
1421 1176 1528 1232 quo
1555 1159 1747 1215 dicitur
1776 1173 1790 1211 :
1828 1156 1902 1210 Tu
1929 1172 1980 1210 es
2005 1169 2176 1210 sacer-

536 1286 547 1319 Ἀ
594 1266 687 1319 dos
723 1265 777 1317 in
814 1271 1056 1316 wtemum
1083 1256 1355 1312 secundum
1407 1253 1634 1308 ordinem
1679 1247 2050 1304 Melcltisedec?
2100 1245 2177 1300 De

537 1336 543 1353 ί
593 1353 824 1410 Domino
854 1358 1036 1406 nostro
1061 1348 1184 1403 Jesu
1210 1345 1438 1402 Christo.
1468 1343 1598 1412 Quis
1624 1350 1741 1397 erat
1787 1336 2178 1394 Melchisedec?

589 1445 708 1502 Rex
735 1445 934 1500 Salem.
963 1441 1140 1496 Salem
1170 1437 1356 1494 civitas
1383 1436 1482 1490 fuit
1508 1445 1681 1501 antea,
1708 1433 1795 1488 illa
1825 1448 1942 1504 quas
1969 1440 2172 1502 postea,

587 1538 731 1597 sicut
772 1534 914 1590 docti
958 1529 1346 1603 prodiderunt,
1377 1527 1668 1583 Jerusalem
1707 1525 1845 1580 dicta
1889 1531 1990 1578 est.
2032 1521 2176 1593 Ergo

590 1635 874 1696 antequam
905 1622 978 1679 ibi
1007 1627 1294 1692 regnarent
1319 1617 1511 1683 Judaei,
1545 1616 1615 1671 ibi
1655 1625 1770 1670 erat
1799 1614 1889 1669 ille
1918 1611 2168 1668 sacerdos

591 1713 962 1779 Melchisedec,
1016 1711 1108 1782 qui
1161 1709 1410 1765 scribitur
1448 1708 1502 1762 in
1542 1705 1738 1764 Genesi
1775 1703 2037 1760 Sacerdos
2081 1703 2173 1759 Dei

590 1808 790 1864 excelsi
823 1804 972 1876 (Gen.
1001 1818 1109 1869 xw,
1143 1801 1255 1872 18).
1286 1798 1404 1870 Ipse
1429 1798 1660 1855 occurrit
1679 1795 1927 1861 Abralue,
1961 1793 2174 1866 quando

588 1896 834 1955 liberavit
868 1895 969 1950 Lot
995 1893 1063 1949 de
1097 1907 1258 1947 manu
1308 1889 1771 1960 persequentium,
1804 1897 1855 1942 et
1887 1885 2175 1957 prostravit

591 2001 683 2044 eos
711 2002 739 2040 a
767 1984 960 2057 quibus
988 1984 1077 2039 ille
1103 1981 1401 2043 tenebatur,
1431 1988 1486 2035 et
1505 1979 1749 2034 liberavit
1770 1978 1984 2032 fratrem
2012 1995 2024 2029 :
2055 1983 2172 2044 past

587 2077 960 2134 liberationem
983 2074 1160 2129 fratris
1178 2074 1411 2129 occurrit
1430 2070 1479 2126 ei
1505 2069 1874 2136 Melchisedec.
1903 2067 1968 2122 Et
1996 2074 2170 2120 tantus

587 2166 1090 2234 eratblelchisedec,
1108 2181 1138 2220 a
1163 2179 1270 2236 quo
1293 2163 1704 2220 benediceretur
1724 2159 2010 2215 Abraham.
2035 2159 2170 2213 Pro-

587 2260 709 2317 tulit
736 2273 927 2330 pauem
954 2266 1008 2314 et
1033 2257 1248 2321 vinum,
1286 2263 1342 2310 et
1377 2253 1650 2310 benedixit
1678 2251 1969 2314 Abraham,
2001 2259 2054 2305 et
2081 2250 2170 2304 de-

585 2351 665 2408 dit
703 2351 752 2407 ei
793 2349 1029 2406 decimas
1065 2345 1356 2403 Abraham.
1399 2342 1590 2399 Videte
1635 2342 1760 2414 quid
1806 2341 2047 2413 protulit,
2084 2341 2170 2396 et‘

587 2457 749 2514 quem
772 2439 1061 2496 benedixit.
1089 2438 1157 2493 Et
1180 2437 1380 2493 dictum
1407 2445 1490 2492 est
1514 2446 1693 2505 postea
1721 2452 1733 2487 :
1758 2433 1836 2488 Tu
1864 2451 1914 2487 es
1939 2435 2171 2488 sacerdos

585 2532 641 2586 in
664 2541 909 2586 tetanum
933 2528 1210 2583 secundum
1238 2527 1466 2582 ordinem
1492 2524 1844 2580 Melchisedec.
1877 2525 2037 2579 David
2068 2526 2171 2580 hoc

584 2624 643 2679 in
666 2623 865 2694 Spiritu
893 2621 1026 2676 dixit
1051 2621 1210 2691 longe
1237 2627 1358 2689 post
1383 2617 1652 2673 Abraham
1683 2635 1697 2671 :
1727 2617 2053 2686 temporibus
2078 2631 2169 2669 au-

585 2724 692 2772 tem
721 2713 947 2770 Abralne
972 2712 1070 2768 fuit
1105 2710 1476 2768 Melchisedec.
1514 2711 1590 2765 De
1617 2724 1721 2779 quo
1749 2709 1853 2764 alio
1880 2709 2006 2764 dicit
2025 2751 2040 2775 ,
2077 2709 2152 2764 Tu

581 2825 635 2864 es
660 2808 892 2865 sacerdos
917 2809 971 2861 in
991 2814 1231 2862 wternum
1255 2803 1528 2860 secundum
1551 2802 1776 2856 ordinem
1806 2799 1859 2854 Μ
1865 2800 2162 2866 elcltiseder,

581 2901 681 2958 nisi
708 2901 775 2956 de
802 2899 893 2955 illo
921 2899 1074 2969 cujus
1099 2897 1270 2954 nostis
1299 2895 1661 2952 sacriﬁcium?

651 2992 704 3048 6.
744 2989 1020 3047 Sublatum
1047 2997 1129 3045 est
1153 3002 1281 3059 ergo
1313 2986 1630 3043 sacrificium
1666 2987 1842 3041 Aaron
1866 3026 1882 3050 ,
1915 2994 1965 3039 et
1999 2985 2164 3054 C(Bpil

580 3097 704 3140 esse
749 3081 1065 3137 sacriﬁcium
1121 3077 1412 3135 secundum
1479 3076 1720 3132 ordinem
1787 3075 2161 3131 Melchisedec.

584 3174 722 3244 Ergo
750 3174 960 3227 mutavit
989 3170 1169 3227 nescio
1194 3169 1314 3241 quis
1337 3169 1529 3224 vultum
1564 3184 1731 3223 suum.
1773 3167 1902 3235 Quis
1939 3175 2021 3222 est
2065 3166 2164 3221 iste

581 3267 762 3322 nescio
789 3264 952 3335 quis?
994 3262 1110 3318 Non
1153 3263 1225 3318 sit
1262 3262 1444 3317 nescio
1486 3261 1644 3332 quis:
1677 3268 1834 3315 notus
1861 3267 1944 3314 est
1971 3259 2114 3314 enim
2139 3261 2162 3292 '

583 3355 838 3410 Dominus
859 3363 1041 3408 noster
1059 3351 1213 3409 Jesus
1231 3351 1495 3408 Christus.
1512 3349 1570 3405 lu
1592 3364 1816 3419 corpore
1835 3358 1887 3406 et
1909 3349 2163 3419 sanguine

579 3463 678 3506 suo
701 3445 872 3504 Wluit
900 3460 1020 3503 esse
1046 3445 1268 3500 salutem
1297 3453 1551 3499 nostram.
1592 3440 1746 3498 Unde
1785 3451 1962 3495 autem
2011 3455 2161 3495 com-

578 3539 849 3596 mendavit
877 3553 1068 3607 corpus
1110 3545 1164 3591 et
1203 3535 1514 3607 sanguinem
1554 3547 1707 3588 suum
1737 3531 1966 3603 (Matth.
1997 3549 2118 3588 xxvt
2141 3573 2157 3600 ,

577 3630 836 3702 26)?De
879 3627 1174 3683 humilitate
1216 3640 1330 3681 sua.
1375 3624 1488 3679 Nisi
1534 3623 1672 3678 enim
1718 3633 1860 3678 esset
1909 3622 2154 3686 humilis,

577 3739 678 3782 nec
705 3722 1112 3780 manducaretur
1133 3762 1151 3785 ,
1180 3735 1276 3775 nec
1312 3719 1604 3774 biberetnr.
1655 3717 1880 3786 Respice
1922 3716 2157 3771 altitudi-

577 3831 698 3873 nem
726 3815 928 3886 ipsius:
955 3811 1022 3866 In
1046 3811 1296 3884 principio
1317 3818 1422 3864 erat
1457 3807 1668 3863 Verbum
1692 3849 1708 3872 ,
1736 3818 1782 3862 et
1814 3807 2028 3862 Verbum
2051 3819 2157 3862 erat

576 3909 716 3980 apud
744 3907 939 3972 Deum,
971 3914 1018 3959 et
1038 3903 1174 3958 Deus
1200 3910 1305 3956 erat
1339 3899 1557 3956 Verbum
1582 3901 1600 3971 (
1622 3899 1778 3954 Joan.
1807 3915 1824 3954 ι
1848 3941 1863 3965 ,
1897 3901 1920 3955 1
1950 3900 1989 3970 ).
2017 3901 2156 3956 Ecce

572 4001 722 4055 cibus
750 3999 1103 4068 sempiternus
1133 4011 1145 4048 :
1179 3992 1273 4049 sed
1315 3991 1636 4046 manducant
1662 3992 1849 4062 Angeli
1873 4032 1890 4061 ,
1923 3993 2152 4047 mandu-

569 4101 692 4148 cant
716 4105 960 4160 superna:
981 4088 1215 4142 Virtutes
1238 4126 1254 4152 ,
1282 4083 1602 4139 manducant
1625 4084 1868 4140 caelestes
1887 4083 2115 4154 Spiritus
2133 4125 2149 4146 .

569 4194 625 4241 et
652 4181 1033 4238 manducantes
1059 4179 1364 4248 saginantur
1391 4216 1404 4240 ,
1430 4184 1484 4230 et
1513 4176 1774 4246 integrum
1803 4187 1982 4233 manet
2009 4178 2149 4249 quod

568 4287 663 4330 eos
691 4272 846 4327 satiat
872 4277 925 4324 et
961 4268 1214 4322 laztilicat.
1264 4265 1393 4332 Quis
1435 4272 1608 4319 autem
1658 4266 1817 4320 homo
1862 4277 2042 4335 posset
2082 4267 2149 4321 ad

567 4365 716 4420 illum
746 4359 922 4416 cibum
946 4358 970 4411 ?
998 4357 1151 4413 Unde
1175 4371 1266 4411 cor
1291 4364 1396 4409 tam
1419 4354 1664 4408 idoneum
1688 4355 1759 4409 illi
1789 4356 1951 4411 cibo?
1973 4356 2150 4423 Opor-

567 4455 713 4510 tebat
738 4467 862 4520 ergo
892 4457 950 4503 ut
978 4461 1161 4504 mensa
1188 4445 1274 4500 illa
1300 4445 1650 4508 lactesceret,
1695 4453 1749 4500 et
1790 4445 1854 4500 ad
1899 4447 2146 4516 parvulos

562 4544 889 4617 perveniret.
919 4539 1072 4597 Unde
1097 4546 1272 4592 autem
1305 4537 1360 4590 ﬁt
1387 4536 1535 4591 cibus
1565 4537 1688 4592 lac?
1728 4537 1868 4592 unde
1905 4537 2052 4593 cibus
2092 4539 2144 4594 in

567 4637 650 4692 lac
695 4631 1024 4689 convertitur
1051 4671 1066 4696 ,
1123 4627 1223 4682 nisi
1248 4643 1343 4697 per
1385 4642 1597 4682 carnem
1640 4627 1971 4696 trajiciatur?
2008 4628 2141 4684 Nam

563 4734 736 4782 mater
761 4723 865 4777 hoc
889 4721 1031 4777 facit.
1060 4716 1212 4786 Quod
1235 4716 1518 4771 manducat
1549 4725 1716 4771 mater
1739 4759 1754 4783 ,
1788 4718 1887 4773 hoc
1913 4719 2140 4775 mandu-

560 4825 650 4873 cat
679 4813 890 4871 infans:
920 4811 1014 4867 sed
1041 4809 1162 4881 quia
1190 4809 1364 4863 minus
1408 4807 1629 4862 idoneus
1674 4816 1758 4862 est
1803 4809 1972 4865 iulans
2001 4852 2015 4876 ,
2047 4813 2139 4882 qui

561 4923 701 4980 pane
725 4913 966 4962 vescatur
988 4945 1004 4972 ,
1034 4904 1203 4973 ipsum
1235 4915 1422 4970 panem
1463 4910 1634 4954 mater
1660 4900 1896 4956 incarnat
1923 4943 1937 4968 ,
1965 4911 2019 4958 et
2044 4918 2139 4972 per

561 4999 914 5058 humilitatem
959 4994 1266 5051 mammillae
1315 5000 1370 5047 et
1406 4991 1557 5047 lactis
1605 5005 1858 5058 succum,
1909 4992 1977 5049 dc
2022 4993 2139 5064 ipso

555 5107 696 5166 pane
733 5091 900 5162 pascit
937 5086 1210 5144 infantem.
1257 5083 1534 5151 Quomodo
1573 5098 1702 5155 ergo
1741 5085 1809 5141 de
1849 5085 1964 5156 ipso
2001 5101 2138 5156 pane

555 5183 701 5254 pavit
725 5194 825 5235 nos
849 5177 1117 5248 Sapientia
1156 5175 1293 5231 Dei?
1335 5174 1464 5240 Quia
1523 5173 1739 5229 Verbum
1785 5193 1903 5231 caro
1946 5181 2136 5247 factum

555 5283 628 5328 est
653 5314 667 5336 ,
700 5280 745 5326 et
765 5271 1003 5325 habitavit
1025 5267 1078 5321 in
1101 5265 1242 5320 nobis
1283 5263 1461 5335 (Ibid.
1513 5265 1580 5320 16
1601 5264 1644 5334 ).
1674 5265 1860 5320 Videte
1878 5281 2005 5338 ergo
2034 5268 2133 5323 hu-

554 5363 833 5420 utilitatem
855 5377 870 5414 :
892 5358 1013 5430 quia
1029 5353 1220 5427 p’anem
1242 5353 1565 5424 Angelorum
1582 5355 1919 5410 manducavit
1941 5355 2100 5413 homo
2115 5400 2130 5427 ,

555 5467 612 5510 nt
644 5455 900 5523 scriptum
925 5457 1006 5505 est
1028 5490 1043 5514 ,
1076 5446 1270 5502 Panem
1295 5446 1406 5500 cali
1449 5444 1586 5498 dedit
1624 5446 1695 5498 eis
1718 5486 1732 5510 ,
1763 5462 1942 5514 panem
1968 5447 2134 5520 Ange-

618 5569 636 5599 ι
661 5568 733 5615 Sic
753 5564 1054 5626 pluresblss.
1083 5568 1136 5610 At
1155 5560 1264 5626 Edd.
1297 5571 1310 5608 ε
1355 5557 1518 5626 Videte
1540 5556 1658 5622 quid
1681 5559 1876 5623 protulit
1911 5561 1955 5611 ci
1992 5574 2134 5624 quem

553 5621 811 5678 benedixit.
835 5632 888 5674 El
907 5623 1088 5674 dictant
1108 5629 1177 5672 est
1197 5621 1244 5673 ei
1263 5625 1441 5684 postea.

617 5690 637 5718 ¹
660 5685 1061 5756 δοιιηεειιὶιιπςιοὶιερ
1103 5691 1228 5755 nota;
1263 5681 1388 5739 Mss,
1429 5681 1540 5742 Quis
1562 5689 1629 5732 cst
1662 5682 1749 5733 ista
1786 5683 1940 5734 nescio
1974 5685 2076 5747 quis
2105 5685 2129 5736 ἵ)

555 5752 718 5800 Nescio
742 5752 846 5808 quis
868 5752 1019 5794 notus.
1047 5752 1120 5795 list
1143 5752 1286 5804 enim,
1315 5755 1405 5796 εἰς.

1838 307 1892 362 S.
1937 294 2299 361 AL’GUSTINI
2345 304 2643 364 EPISCOPI
3721 323 3796 384 ὅθι

2293 420 2454 476 lorum
2481 425 2799 478 manducavit
2836 428 2984 480 homo
3027 427 3045 498 (
3069 427 3214 483 νισι.
3246 443 3425 485 LXXVII
3449 472 3464 498 ,
3489 429 3557 487 ει
3576 430 3625 502 ):
3648 433 3692 490 id
3711 447 3795 506 est,

2290 511 2521 568 Verbum
2566 515 2693 570 illud
2730 533 2835 586 quo
2877 528 3164 588 pascuntur
3201 519 3391 591 Angeli
3439 523 3795 595 sempiternum,

2288 604 2428 674 quod
2469 615 2551 660 est
2591 607 2797 678 aequale
2843 608 3025 678 Patri,
3070 610 3415 668 manducavit
3467 613 3616 670 homo
3655 632 3668 672 :
3712 622 3798 690 quia

2286 712 2400 752 cum
2427 697 2480 751 in
2515 701 2678 769 forma
2724 700 2821 756 Dei
2859 712 3020 769 esset,
3064 719 3164 759 non
3205 705 3441 776 rapinam
3483 707 3719 767 arbitratus
3751 724 3801 770 est

2286 803 2394 841 esse
2414 791 2623 858 (equalis
2653 789 2777 846 Deo.
2803 791 3122 863 Saginantur
3158 794 3248 850 illo
3285 796 3478 868 Angeli
3508 800 3624 855 :sed
3665 813 3797 857 semet-

2285 877 2453 946 ipsum
2494 881 2766 937 exinanivit
2788 923 2803 949 ,
2837 891 2895 939 ut
2940 885 3287 942 manducaret
3310 902 3502 958 panem
3540 891 3797 962 Angelorum

2285 967 2447 1025 homo
2469 1010 2485 1037 ,
2515 971 2731 1041 formant
2755 975 2884 1028 servi
2911 975 3161 1045 accipiens
3179 1019 3196 1044 ,
3222 977 3276 1032 in
3303 979 3662 1036 similitudinem
3683 982 3799 1038 homi-

2284 1075 2405 1114 num
2429 1063 2593 1132 factus
2616 1103 2632 1129 ,
2660 1072 2705 1117 et
2729 1065 2902 1119 habitu
2929 1066 3155 1123 inventus
3179 1077 3235 1123 ut
3261 1069 3453 1136 homo;
3493 1071 3735 1126 humiliavit
3763 1091 3798 1129 se

2285 1151 2450 1220 factus
2470 1150 2702 1207 obediens
2725 1171 2880 1226 usque
2901 1156 2970 1210 ad
2997 1166 3206 1213 mortem
3230 1199 3246 1223 ,
3273 1168 3488 1214 mortem
3511 1169 3660 1215 autem
3679 1165 3798 1218 crucis

2284 1240 2553 1314 (Philipp.
2582 1260 2619 1300 ιι
2642 1288 2657 1313 ,
2686 1246 2821 1318 6-8)
2848 1265 2860 1301 :
2889 1257 2948 1304 ut
2965 1250 3170 1319 jam‘de
3212 1265 3374 1308 cruce
3398 1253 3799 1311 commendaretur

2281 1331 2435 1389 nobis
2489 1349 2616 1390 caro
2661 1347 2716 1392 et
2759 1340 2974 1411 sanguis
3018 1341 3228 1398 Domini
3271 1357 3471 1400 novum
3518 1345 3795 1402 sacriﬁcium.

2281 1421 2413 1490 Quia
2457 1426 2663 1480 mutavit
2705 1430 2897 1484 vultum
2937 1447 3084 1486 suum
3119 1448 3291 1487 coram
3338 1433 3642 1501 Abimelech,
3670 1436 3712 1491 id
3743 1447 3799 1494 est

2279 1528 2460 1571 coram
2490 1532 2655 1587 regno
2696 1521 2885 1590 patris.
2927 1522 3168 1594 Regnum
3211 1525 3355 1580 enim
3398 1527 3593 1597 patris,
3631 1545 3796 1601 regnum

2278 1614 2394 1660 erat
2426 1605 2753 1665 Iudaeorum.
2794 1611 3072 1681 Quomodo
3111 1629 3329 1688 regnum
3376 1619 3579 1686 patris?
3613 1619 3797 1692 Regnum

2280 1698 2444 1756 David
2474 1742 2488 1764 ,
2520 1717 2740 1772 regnum
2769 1705 3017 1762 Abrahae.
3064 1707 3196 1762 Nam
3245 1725 3470 1781 regnum
3513 1712 3601 1767 Dei
3636 1713 3794 1780 Patris,

2278 1791 2448 1862 magis
2469 1791 2706 1850 Ecclesia
2733 1811 2891 1867 quam
2921 1799 3146 1869 populus
3165 1799 3474 1858 Judteorum
3503 1821 3514 1856 :
3546 1803 3631 1859 sed
3653 1820 3796 1860 secun-

2277 1879 2403 1936 dum
2445 1897 2658 1939 carnem
2700 1900 2923 1956 regnum
2965 1890 3129 1958 patris
3169 1892 3400 1961 populus
3443 1891 3616 1949 Israel.
3641 1894 3794 1950 Dictum

2277 1981 2360 2030 est
2387 1976 2528 2030 enim
2559 1995 2571 2031 :
2601 1976 2669 2032 Et
2694 1979 2833 2033 dabit
2857 1980 2905 2034 ei
2948 1980 3085 2036 Deus
3125 1983 3292 2038 sedem
3335 1982 3508 2039 David
3551 1986 3691 2056 patris
3719 1988 3795 2057 ejus

2277 2064 2446 2137 (Luc.
2480 2083 2533 2132 t,
2567 2067 2636 2122 32
2656 2068 2697 2140 ).
2731 2069 3136 2128 Demonstratur
3161 2088 3290 2146 ergo
3321 2075 3607 2132 secundum
3632 2092 3793 2134 carnem

2275 2166 2427 2226 pater
2455 2157 2661 2214 Domini
2686 2177 2803 2216 esse
2835 2163 2997 2219 David
3025 2182 3036 2217 :
3084 2165 3378 2222 secundum
3404 2166 3705 2225 divinitatem
3725 2183 3792 2224 au-

2276 2256 2382 2303 tem
2413 2249 2654 2306 Christus
2678 2267 2786 2306 non
2815 2251 2954 2309 ﬁlius
2975 2295 2991 2322 ,
3035 2255 3130 2311 sed
3172 2257 3434 2313 Dominus
3475 2257 3645 2313 David.
3670 2257 3791 2314 Judai

2274 2353 2404 2394 vero
2425 2338 2704 2396 Christum
2735 2343 3027 2399 secundum
3055 2359 3270 2402 carnem
3298 2356 3499 2404 norunt
3520 2389 3537 2415 ,
3563 2348 3792 2404 secundum

2275 2428 2604 2487 divinitatem
2630 2447 2735 2489 non
2763 2444 2978 2491 norunt.
3012 2436 3137 2493 ldeo
3174 2435 3301 2493 fecit
3335 2439 3443 2494 illis
3467 2439 3788 2510 quaestionem.

2275 2530 2332 2578 et
2349 2521 2488 2578 dixit
2514 2542 2528 2578 :
2552 2524 2709 2596 Cujus
2730 2525 2893 2593 [ilium
2915 2543 3020 2583 esse
3039 2528 3203 2583 dicitis
3230 2527 3530 2586 Christum?
3549 2531 3610 2587 Et
3626 2545 3790 2601 respon-

2273 2613 2502 2671 derunt:
2533 2615 2722 2671 Filium
2746 2616 2934 2673 David.
2963 2617 3031 2674 Et
3056 2621 3142 2675 ille
3162 2638 3181 2674 :
3225 2621 3492 2689 Quomodo
3525 2639 3632 2694 ergo
3668 2621 3790 2676 David

2272 2708 2327 2762 in
2353 2711 2535 2779 spiritu
2567 2722 2708 2766 vocat
2733 2729 2846 2766 eum
2869 2712 3171 2782 Dominum,
3197 2715 3283 2770 ubi
3305 2717 3383 2770 ait
3403 2733 3422 2772 :
3443 2715 3582 2773 Dixit
3599 2716 3788 2771 Dominus

2272 2800 2491 2857 Domino
2519 2820 2625 2858 meo
2648 2845 2664 2870 ,
2699 2804 2833 2860 Sede
2861 2804 2930 2858 ad
2957 2806 3212 2861 dexteram
3253 2824 3421 2864 meam
3443 2851 3460 2872 ,
3488 2809 3633 2865 donec
3653 2823 3786 2879 ponat:

2271 2907 2442 2948 omnes
2467 2895 2694 2949 inimicos
2718 2905 2830 2950 tuos
2857 2896 2949 2950 sub
2979 2896 3186 2967 pedibus
3213 2899 3311 2954 luis
3331 2901 3361 2954 ?
3386 2899 3450 2956 Si
3471 2916 3582 2972 ergo
3606 2899 3736 2953 David
3751 2898 3786 2951 iu

2269 2986 2450 3055 spiritu
2479 2997 2621 3040 vocat
2649 3004 2762 3042 eum
2788 2986 3062 3044 Dominum
3086 3029 3102 3056 ,
3129 2993 3383 3060 quomodo
3422 2992 3557 3063 ﬁlius
3588 2993 3681 3064 ejus
3708 2988 3786 3046 est?

2270 3073 2339 3130 Et
2359 3094 2457 3130 non
2480 3087 2746 3148 potuerunt
2767 3079 2846 3133 illi
2864 3081 3165 3150 respondere
3181 3082 3200 3154 (
3219 3081 3407 3138 Matth.
3434 3100 3548 3140 xm
3571 3125 3586 3151 ,
3611 3081 3781 3152 4246):

2270 3167 2394 3236 quia
2421 3182 2526 3222 non
2558 3178 2820 3224 noverant
2848 3170 2898 3224 in
2928 3170 3154 3227 Domino
3181 3171 3426 3242 Christo,
3455 3175 3552 3230 nisi
3582 3172 3701 3246 quod
3730 3171 3783 3225 ri-

2269 3257 2494 3314 debatur
2540 3259 2748 3328 oculis,
2791 3275 2895 3316 non
2941 3263 3084 3334 quod
3129 3265 3291 3322 corde
3329 3267 3708 3338 intelligebatur.
3744 3263 3780 3320 Si

2269 3359 2442 3406 autem
2474 3352 2615 3407 intus
2641 3352 2897 3410 haberent
2927 3357 3110 3412 oculos
3132 3358 3268 3416 sicut
3292 3359 3558 3418 habebant
3583 3360 3781 3425 foris,ex

2267 3456 2331 3496 eo
2345 3443 2482 3512 quod
2504 3442 2631 3497 foris
2648 3443 2900 3500 videbant
2927 3447 3280 3518 intelligerent
3309 3450 3474 3506 ﬁlium
3496 3451 3659 3508 David:
3672 3465 3720 3504 ex
3736 3462 3779 3503 eo

2264 3531 2405 3603 quod
2425 3534 2563 3587 intus
2580 3533 2963 3604 intelligebant,
2987 3537 3343 3610 intelligerent
3359 3541 3622 3596 Dominum
3641 3537 3777 3594 David.

2337 3625 2388 3679 7.
2432 3623 2648 3679 Mutavit
2701 3642 2818 3698 ergo
2871 3628 3062 3682 vultum
3113 3645 3260 3684 suum
3309 3649 3482 3687 coram
3534 3629 3774 3686 Abimeleclt.

2264 3718 2398 3788 Quid
2452 3727 2573 3786 est,
2627 3736 2796 3773 coram
2843 3721 3172 3776 Abimelech?
3215 3722 3410 3778 Coram
3449 3739 3603 3794 regno
3639 3721 3772 3792 patris.

2263 3809 2398 3876 Quid
2429 3817 2544 3874 est,
2575 3809 2768 3865 Coram
2814 3825 2978 3881 regno
3018 3811 3231 3881 patris?
3273 3812 3469 3870 Coram
3505 3813 3692 3870 Judzeis.
3730 3807 3774 3862 Et

2261 3901 2451 3956 dimisit
2476 3918 2628 3968 eum,
2658 3912 2704 3956 et
2730 3902 2869 3956 abiit.
2899 3902 3065 3970 Quem
3093 3902 3335 3958 dimisit?
3386 3905 3550 3976 Ipsum
3577 3901 3770 3972 populum

2261 3990 2565 4046 Iudaeorum
2595 3989 2793 4046 dimisit
2818 4033 2833 4057 ,
2863 3999 2916 4046 et
2943 3991 3088 4046 abiit.
3137 3992 3340 4061 Quteris
3382 3993 3534 4049 modo
3561 3991 3770 4048 Christum

2260 4080 2397 4150 apud
2424 4081 2641 4136 Judzeos
2662 4122 2677 4146 ,
2714 4091 2767 4137 et
2798 4095 2902 4135 non
2932 4081 3156 4137 invenis.
3179 4081 3332 4139 Unde
3357 4083 3555 4140 dimisit
3577 4090 3624 4138 et
3645 4077 3770 4134 abiit?

2258 4171 2388 4238 Quia
2419 4174 2624 4226 mutavit
2654 4171 2844 4225 vultum
2874 4189 3040 4226 suum.
3071 4171 3343 4228 "serentes
3373 4176 3386 4206 ¹
3445 4175 3576 4229 enim
3618 4173 3678 4226 illi
3710 4183 3768 4223 sa.

2255 4263 2457 4320 criﬁcio
2482 4265 2774 4320 secundum
2799 4265 3038 4320 ordinem
3062 4268 3236 4321 Aaron
3262 4309 3276 4332 ,
3309 4283 3413 4323 non
3442 4273 3693 4324 tenuerunt
3711 4275 3766 4318 st-

2252 4356 2508 4411 criﬁcium
2539 4357 2828 4411 secundum
2856 4357 3094 4413 ordinem
3119 4356 3469 4415 Melchisedec
3493 4359 3665 4432 (Hebr.
3689 4369 3762 4417 vn.

2254 4447 2315 4501 ll
2344 4447 2383 4517 );
2417 4455 2471 4502 et
2505 4447 2799 4501 amiserunt
2839 4448 3102 4503 Christum
3128 4489 3142 4515 ,
3186 4458 3239 4504 et
3281 4459 3672 4522 cmperuntcum
3695 4446 3761 4499 ln-

2251 4536 2379 4592 bere
2407 4536 2604 4592 Gentes
2630 4579 2644 4601 ,
2673 4552 2777 4608 quo
2801 4553 2905 4594 non
2935 4538 3152 4595 miserat
3189 4551 3313 4597 ante
3354 4555 3628 4614 praecones.
3665 4535 3758 4591 Nam

2250 4627 2316 4684 ad
2348 4628 2466 4684 illos
2495 4643 2764 4698 praecones
2793 4629 3048 4698 miserat,
3076 4631 3245 4702 ipsum
3277 4633 3438 4689 David
3461 4675 3476 4701 ,
3508 4629 3755 4686 Abraham,

2247 4719 2394 4775 Isaac
2422 4728 2478 4775 et
2499 4719 2665 4775 Jacob
2689 4761 2703 4788 ,
2737 4719 2922 4776 Isaiam
2948 4762 2963 4787 ,
2994 4720 3275 4778 Jeremiam
3300 4764 3315 4790 ,
3358 4733 3412 4780 et
3437 4732 3638 4780 caeteros
3659 4717 3754 4772 Pro-

2246 4811 2437 4881 phetas
2460 4811 2676 4866 miserat
2700 4854 2714 4877 ,
2752 4820 2807 4866 et
2849 4813 3001 4882 pauci
3048 4812 3169 4868 inde
3209 4822 3592 4886 cognoverunt,
3619 4818 3662 4866 et
3685 4801 3753 4876 ipsi

2247 4902 2398 4972 pauci
2430 4904 2481 4958 in
2507 4904 2905 4974 comparatione
2932 4905 3265 4972 pereuntium
3291 4923 3306 4961 :
3331 4922 3449 4962 nam
3471 4904 3607 4961 multi
3624 4906 3749 4956 erant.

2244 4995 2402 5051 Millia
2428 4998 2568 5052 enim
2600 4997 2824 5067 legimus
2853 4996 3037 5052 fuisse.
3068 4997 3333 5067 Scriptum
3365 5000 3499 5054 enim
3524 5004 3628 5052 est:
3654 4986 3750 5045 [irii-

2243 5087 2374 5158 quiaz
2418 5089 2570 5142 salute
2606 5087 2725 5156 ﬁent
2771 5085 2960 5159 (Rom.
2991 5103 3040 5141 lli
3066 5128 3081 5154 ,
3107 5088 3176 5143 27
3198 5087 3238 5160 ).
3267 5089 3372 5144 Sed
3415 5086 3591 5159 quteris
3633 5075 3748 5134 modo

2243 5177 2586 5233 circumcisos
2609 5177 2924 5233 christianos
2949 5219 2964 5244 ,
2989 5187 3042 5233 et
3067 5193 3172 5234 non
3202 5179 3424 5236 invenis.
3444 5178 3593 5234 Erant
3615 5177 3770 5256 antcnt‘

2242 5270 2309 5323 de
2347 5267 2746 5324 circumcisione
2791 5269 3089 5324 recentibus
3133 5271 3453 5339 temporibus
3482 5264 3588 5322 ﬁdei
3622 5257 3742 5316 muli-1

2243 5360 2404 5416 millia
2429 5359 2859 5416 Christianorum.
2886 5361 3090 5426 Quaeris
3119 5362 3276 5416 modo
3299 5403 3314 5428 ,
3342 5371 3392 5418 et
3427 5374 3525 5416 non
3568 5349 3739 5409 invenis.

2245 5452 2430 5508 Merito
2457 5466 2561 5507 non
2589 5451 2815 5507 invenis.
2850 5450 3064 5505 Mutavit
3086 5453 3226 5506 enim
3257 5453 3440 5507 vultum
3464 5463 3592 5504 suum
3613 5447 3738 5496 curant

2240 5545 2524 5600 Abimelrclt
2548 5585 2561 5607 ,
2595 5553 2637 5596 et
2668 5543 2853 5595 dimisit
2890 5558 3031 5606 curn,
3071 5553 3116 5596 et
3155 5544 3294 5600 abiit.
3343 5545 3405 5598 Et
3435 5553 3593 5597 coram
3620 5527 3736 5587 .ichis

2239 5639 2455 5694 mutavit
2485 5638 2687 5691 vultum
2719 5652 2869 5690 suum
2897 5677 2909 5697 .
2939 5647 2993 5691 et
3017 5636 3214 5689 dimisit
3241 5655 3357 5691 (‘lltll
3390 5681 3399 5699 ,
3429 5647 3476 5691 et
3501 5632 3624 5686 abiit.
3649 5622 3734 5676 Ilico

2303 5752 2315 5782 ¹
2345 5756 2468 5808 Μέθη
2499 5751 2726 5797 Habentes
2747 5747 2870 5800 t'ut'm
2893 5746 2965 5798 illi
2987 5747 3292 5810 atteri/ictimt.

3497 5733 3888 6398 ,Δ
