3950 6398
132 281 228 342 1105

132 394 257 450 extim
282 397 475 446 mutata
505 396 629 444 sunt
656 386 869 445 nomina
896 427 912 454 ,
943 393 1002 441 ut
1031 383 1098 440 ad
1139 387 1378 459 mysterii
1418 386 1687 459 signiﬁca-

133 486 312 541 tionem
344 496 438 537 nos
464 481 724 537 excitaret
765 479 986 534 mutatio
1025 477 1296 533 nominum
1327 495 1341 532 :
1375 493 1442 534 ne
1471 490 1686 550 putare-

131 591 236 632 mus
263 588 363 628 non
385 573 585 627 narrari
607 581 698 626 aut
717 571 1124 626 commemorari
1147 571 1197 623 in
1225 569 1513 640 Scripturis
1536 571 1690 630 Psal-

131 681 317 722 morum
342 705 356 727 ,
387 663 485 718 nisi
514 662 654 733 quod
683 663 730 717 in
756 663 902 718 libris
923 662 1229 732 Regnorum
1250 674 1456 733 gestum
1487 664 1690 720 inveni-

132 770 238 822 tur,
268 766 318 812 et
345 772 450 812 non
475 756 544 812 ibi
575 769 938 826 quaereremus
980 756 1177 825 ﬁguras
1221 754 1515 812 futurorum
1544 800 1559 824 ,
1595 757 1690 814 sed

134 861 357 920 tanquam
386 861 474 904 res
501 857 677 918 gestas
705 848 1090 918 acciperemus.
1132 845 1264 902 Cum
1305 862 1433 918 ergo
1473 849 1690 905 nomina

134 949 380 996 llillL’lllllll'
397 979 414 1005 ,
438 937 562 1008 quid
589 937 680 992 tibi
706 937 936 993 dicitur?
957 936 1210 993 Clausum
1239 946 1323 993 est
1350 938 1435 993 hic
1455 939 1688 1010 aliquid;

135 1033 299 1104 pulsa,
330 1029 439 1084 noli
473 1029 677 1084 hierere
717 1029 769 1083 in
815 1029 1032 1095 littera;
1075 1029 1198 1100 quia
1241 1029 1416 1085 littera
1453 1031 1688 1088 occidit:

133 1123 212 1179 sed
260 1119 496 1178 desidera
547 1123 827 1192 Spiritum;
870 1122 1092 1194 spiritus
1137 1123 1280 1179 enim
1324 1123 1558 1180 vivificat
1601 1125 1692 1195 (ll

134 1217 233 1270 Car.
263 1230 354 1282 tu,
383 1214 457 1287 6)
488 1233 503 1269 :
552 1214 855 1271 intellectus
898 1215 1192 1286 spiritualis
1231 1215 1542 1274 credentem
1582 1220 1691 1274 sal-

132 1324 238 1364 vum
264 1307 404 1363 facit.

192 1403 240 1452 8.
278 1397 554 1464 Quomodo
581 1398 600 1429 ¹
637 1411 767 1469 ergo
809 1396 1010 1454 dimisit
1048 1398 1211 1454 Achis
1253 1415 1468 1471 regem.
1516 1411 1691 1458 atten-

130 1491 227 1546 dite
255 1533 268 1556 ,
296 1489 502 1545 fratres.
538 1489 702 1546 Achis
729 1489 840 1546 dixi
872 1491 1206 1562 interpretari
1231 1533 1248 1559 ,
1279 1491 1558 1561 Quomodo
1587 1503 1690 1549 est.

130 1581 482 1637 Recordamini
513 1581 862 1653 Evangelium
892 1601 905 1635 :
937 1583 1150 1655 quando
1169 1584 1483 1655 loquebatur
1518 1585 1694 1640 Domi-

131 1689 220 1727 nus
246 1680 422 1726 noster
451 1671 607 1726 Jesus
635 1669 880 1729 Christus
904 1674 972 1729 de
999 1689 1221 1742 corpore
1250 1689 1349 1729 suo
1371 1716 1386 1735 .
1415 1676 1490 1729 ait
1519 1694 1532 1729 :
1575 1674 1697 1731 Nisi

130 1765 225 1832 quis
253 1761 626 1816 manducauerit
655 1778 856 1817 carnem
882 1780 1079 1830 meam,
1111 1773 1158 1817 et
1187 1763 1360 1818 biberit
1398 1766 1695 1837 sanguinem

129 1871 306 1918 meum,
339 1871 439 1908 non
466 1853 664 1907 habebit
697 1856 750 1908 in
793 1872 847 1910 se
883 1856 1077 1909 vitam:
1112 1872 1230 1909 caro
1269 1855 1401 1909 enim
1438 1873 1548 1911 mea
1582 1875 1696 1912 vere

127 1963 224 2000 esca
244 1956 314 2000 est
335 1987 350 2012 ,
383 1947 659 2021 etsangnis
685 1963 826 2001 meus
851 1963 964 2002 vere
982 1957 1130 2017 potus
1157 1956 1228 2002 est
1256 1946 1456 2020 (Joan.
1477 1963 1530 2004 Vt
1554 1990 1569 2015 ,
1601 1950 1691 2018 54,

127 2036 243 2108 56).
274 2036 340 2092 Et
367 2037 613 2106 discipuli
644 2037 759 2108 ejus
779 2038 868 2109 qui
889 2053 1010 2094 eum
1037 2038 1397 2109 sequebantur
1419 2080 1434 2105 ,
1465 2054 1696 2110 expave-

126 2139 232 2185 runt
257 2172 270 2196 ,
296 2140 348 2185 et
375 2129 773 2184 exhorruerunt
802 2144 1106 2185 sermonem
1135 2171 1148 2195 ,
1179 2138 1233 2184 et
1262 2145 1368 2184 non
1400 2130 1692 2202 intelligen-

126 2231 192 2277 tes
219 2227 534 2292 putaverunt
561 2219 744 2294 nescio
782 2220 908 2292 quid
952 2221 1144 2276 durum
1191 2219 1370 2276 dicere
1411 2222 1694 2285 Dominum

128 2327 350 2369 nosnum
400 2313 582 2368 Jesum
633 2311 902 2369 Christum
929 2355 944 2376 ,
980 2313 1122 2384 quod
1148 2328 1363 2370 carnem
1393 2314 1507 2384 eius
1533 2332 1692 2385 quam

123 2403 390 2472 videbant,
416 2404 785 2460 manducaturi
809 2413 961 2460 erant
987 2446 1002 2472 ,
1030 2414 1083 2460 et
1102 2405 1412 2476 sanguinem
1435 2405 1692 2465 bibiturl:

123 2507 166 2552 et
191 2513 295 2552 non
321 2506 608 2568 potuerunt
633 2496 861 2552 tolerare
885 2536 902 2562 ,
931 2497 1082 2567 quasi
1111 2496 1349 2552 dicentes
1370 2537 1386 2562 ,
1414 2495 1693 2566 Quomodo

121 2591 232 2645 est?
258 2589 432 2644 Error
457 2590 598 2644 enim
627 2596 682 2644 et
707 2587 1000 2658 ignorantia
1032 2594 1087 2643 et
1112 2588 1331 2642 stultitia
1370 2589 1421 2643 in
1465 2604 1692 2660 persona

120 2681 241 2751 regis
279 2680 458 2735 Achis.
489 2679 592 2735 Ubi
630 2679 775 2735 enim
823 2677 1019 2732 dicitur
1043 2717 1058 2744 ,
1101 2677 1383 2746 Quomodo
1422 2687 1504 2734 est
1528 2720 1543 2744 ,
1587 2695 1691 2734 non

123 2774 416 2845 intelligitur
448 2793 461 2829 :
492 2773 581 2828 ubi
604 2789 708 2828 non
736 2773 1046 2842 intelligitur
1071 2813 1084 2834 ,
1118 2773 1352 2826 tcnebra:
1382 2771 1693 2842 ignorantia:

124 2873 248 2920 sunt.
281 2866 416 2921 Erat
459 2879 587 2935 ergo
631 2864 682 2919 in
727 2863 831 2920 illis
880 2877 1102 2934 regnum
1147 2862 1497 2931 ignorantirn,
1543 2861 1692 2932 quasi

123 2972 202 3012 rex
230 2957 430 3012 Achis:
464 2955 514 3011 id
557 2963 641 3010 est
668 2996 682 3018 ,
714 2968 935 3024 regnum
966 2952 1166 3008 erroris
1192 2951 1271 3006 eis
1297 2950 1690 3007 dominabatur.

125 3047 202 3103 Ille
237 3060 415 3104 autem
457 3047 709 3112 dicebat,
757 3045 876 3100 Nisi
917 3045 1028 3118 quis
1071 3043 1446 3099 manducauerit
1493 3061 1696 3099 carnem

124 3159 296 3208 meam,
344 3152 392 3196 et
441 3142 615 3196 biberit
652 3141 950 3212 sanguinem
997 3155 1184 3194 meum.
1231 3137 1363 3207 Quia
1400 3144 1696 3194 mutaverat

124 3234 298 3288 vultum
334 3247 492 3288 suum
517 3274 531 3298 ,
556 3231 705 3303 quasi
733 3230 882 3285 furor
909 3230 1008 3286 iste
1043 3239 1098 3284 et
1135 3229 1339 3285 insania
1368 3229 1648 3285 videbatur
1674 3270 1690 3298 ,

124 3323 233 3380 dare
258 3339 478 3379 carnem
517 3337 666 3377 suam
697 3319 1116 3377 manducandam
1161 3319 1460 3375 hominibus
1486 3362 1501 3386 ,
1530 3329 1584 3375 et
1612 3320 1695 3374 hi-

125 3415 333 3470 bendum
367 3412 700 3485 sanguinem.
748 3411 869 3467 Ideo
913 3412 1062 3482 quasi
1107 3411 1324 3465 insanus
1369 3419 1578 3478 putatus
1616 3419 1698 3466 est

128 3504 268 3562 David
293 3549 306 3570 ,
365 3503 579 3574 quando
627 3503 761 3557 dixit
789 3503 902 3572 ipse
940 3501 1138 3556 Achis:
1183 3501 1526 3570 Arreptitium
1559 3501 1699 3556 hunc

124 3596 233 3653 mihi
259 3597 589 3652 adduxistis.
622 3593 807 3650 Nonne
849 3593 1057 3651 videtur
1096 3593 1299 3648 insania
1323 3634 1338 3660 ,
1384 3593 1698 3650 Manducate

125 3703 312 3744 carnem
332 3702 539 3752 meam,
563 3695 616 3741 et
635 3685 797 3740 bibite
815 3685 1128 3754 sanguinem
1148 3699 1322 3738 meum
1345 3685 1368 3737 ?
1393 3685 1457 3738 Et
1477 3685 1658 3739 dicens
1680 3727 1694 3748 ,

131 3777 424 3850 Quicumque
452 3795 553 3831 non
583 3775 956 3831 manducauerit
985 3791 1187 3828 carnem
1216 3790 1378 3828 meam
1404 3814 1419 3840 ,
1452 3786 1496 3828 et
1525 3775 1700 3829 biberit

130 3869 405 3940 sanguinem
438 3884 600 3923 meum
624 3909 640 3934 ,
663 3883 763 3922 non
793 3865 988 3920 habebit
1012 3866 1064 3920 in
1093 3881 1148 3919 se
1172 3867 1323 3919 vitam
1344 3907 1358 3929 ,
1383 3867 1532 3936 quasi
1560 3869 1703 3920 insa-

133 3961 232 4017 nire
255 3963 489 4018 videtur.
521 3960 626 4016 Sed
654 3959 764 4030 regi
794 3959 956 4014 Achis
986 3959 1218 4013 insanire
1247 3956 1454 4012 videtur
1476 3999 1488 4021 ,
1527 3958 1578 4011 id
1620 3966 1703 4014 est

132 4053 287 4108 Stultis
307 4062 360 4109 et
385 4050 777 4122 ignorantibus.
809 4049 928 4105 Ideo
957 4047 1158 4103 dimisit
1182 4062 1276 4102 eos
1299 4056 1352 4102 et
1379 4047 1542 4101 abiit;
1574 4047 1704 4118 fugit

132 4142 191 4198 de
213 4144 366 4200 corde
398 4157 589 4198 eorum
618 4141 922 4196 intellectus
945 4181 960 4204 ,
984 4155 1052 4194 ne
1079 4154 1199 4194 eum
1227 4138 1431 4207 possint
1455 4152 1702 4208 compre-

132 4230 360 4290 hendere.
397 4232 470 4288 Et
489 4230 615 4303 quid
637 4230 885 4286 dixerunt
917 4229 991 4282 illi
1013 4229 1036 4282 ἲ
1057 4229 1214 4295 Quasi
1240 4270 1254 4293 ,
1280 4228 1558 4296 Quomodo
1583 4238 1701 4294 est,

130 4324 254 4392 quod
280 4324 666 4393 interpretatur
691 4321 872 4376 Achis.
904 4320 1162 4376 Dixerunt
1190 4321 1332 4375 enim
1373 4338 1386 4377 :
1434 4318 1704 4385 Quomodo

133 4423 273 4482 potest
299 4415 379 4468 hic
421 4411 564 4468 nobis
603 4411 728 4466 dare
763 4411 1066 4465 manducare
1085 4427 1286 4464 carnem
1315 4427 1460 4464 suam
1485 4408 1696 4482 (Ibid.,

133 4505 266 4577 55)?
312 4504 662 4576 Arreptitium
717 4502 977 4574 putabant
1021 4502 1345 4567 Dominum,
1395 4511 1448 4555 et
1498 4502 1704 4558 nescire

133 4597 242 4666 quid
269 4599 578 4669 loqueretur
603 4637 620 4664 ,
648 4603 703 4651 et
730 4593 979 4648 insanire.
1019 4593 1114 4648 Ille
1151 4603 1326 4648 autem
1357 4592 1447 4663 qui
1484 4599 1706 4647 noverat

134 4687 259 4755 quod
283 4689 493 4744 dicebat
519 4687 574 4742 in
633 4685 720 4740 illa
767 4684 1061 4739 mutatione
1101 4684 1276 4738 vultus
1323 4683 1403 4738 sui
1429 4724 1443 4747 ,
1473 4694 1525 4738 et
1555 4682 1705 4753 quasi

138 4778 299 4836 furore
318 4789 373 4836 et
394 4779 599 4835 insania
623 4820 638 4844 ,
663 4785 998 4833 sacramenta
1024 4775 1344 4846 prmdieabat
1370 4817 1383 4843 ,
1409 4786 1461 4830 et
1486 4775 1706 4830 affecta-

137 4870 218 4925 bat
247 4915 260 4937 ,
291 4882 345 4928 et
369 4871 765 4944 tympanizabat
795 4868 862 4924 ad
889 4870 1023 4924 ostia
1049 4869 1298 4923 civitatis.

197 4963 248 5020 9.
285 4964 640 5033 Quaerendum
662 4974 744 5020 est
766 4961 891 5034 quid
914 4963 1020 5031 sit,
1047 4972 1099 5017 et
1119 4962 1290 5032 ipsum
1314 4960 1592 5017 affectabat
1616 5004 1631 5029 ,
1655 4970 1710 5018 et

141 5055 196 5109 ad
225 5060 354 5112 ostia
387 5058 799 5130 tympanizabat.
831 5053 946 5112 Non
990 5057 1106 5111 sine
1144 5070 1302 5110 causa
1349 5054 1544 5110 dictum
1587 5064 1705 5124 est,

142 5146 426 5205 Procidebat
446 5152 512 5204 ad
534 5151 660 5206 ostia
685 5158 847 5220 porta?
868 5164 886 5204 :
910 5162 1015 5203 non
1035 5148 1152 5205 sine
1176 5162 1334 5202 causa
1362 5147 1559 5202 dictum
1588 5155 1706 5214 est,

145 5237 204 5292 Et
229 5243 397 5297 saliva:
421 5243 750 5298 decurrebant
771 5257 922 5312 super
940 5240 1142 5294 barbam
1165 5240 1316 5308 ejus:
1365 5253 1470 5293 non
1515 5237 1710 5292 frustra

146 5329 269 5386 dicta
315 5343 456 5389 sunt.
503 5333 745 5391 Mercede
785 5332 1144 5403 intelligentia:
1172 5332 1192 5362 ¹
1223 5330 1504 5386 diuturnus
1533 5343 1711 5384 sermo

147 5435 389 5481 onerosus
433 5440 550 5482 esse
593 5440 701 5481 non
742 5425 918 5481 debet.
965 5422 1142 5480 Nostis
1166 5466 1181 5491 ,
1226 5423 1413 5478 fratres
1438 5463 1455 5489 ,
1495 5422 1710 5476 Judaros

151 5511 320 5580 ipsos,
347 5529 522 5571 coram
550 5516 742 5588 quibus
786 5516 876 5570 ille
914 5513 1138 5570 mutavit
1177 5515 1382 5569 vultum
1426 5526 1578 5566 suum
1609 5552 1621 5573 ,
1659 5519 1715 5565 et

601 5617 736 5731 5396’,
753 5608 1053 5732 ἕὲηωῗοηῗδῗῖα
1074 5667 1206 5720 dicta
1227 5672 1354 5728 sunt,
1377 5668 1462 5720 sed
1497 5663 1713 5731 ίπάίθεηῑ

153 5727 458 5793 manentia.
496 5727 751 5784 Diuturnus
772 5727 946 5795 sermo,
972 5741 1065 5782 etc.

1131 272 1533 334 ENARRATIO
1573 275 1638 335 ΙΝ
1677 277 2000 337 PSALMU.“
2041 279 2278 337 XXXIII.

3273 287 3379 350 306

1795 388 1995 448 dimisit
2023 408 2116 449 eos
2140 437 2155 460 ,
2187 405 2242 450 et
2267 395 2432 464 abiit,
2467 395 2624 454 hodie
2648 413 2856 456 vacare.
2887 399 2943 456 Si
2985 401 3060 457 illi
3103 404 3194 474 qui
3219 403 3376 462 Chri-

1797 492 1935 540 stum
1966 486 2294 551 amiserunt,
2326 504 2459 560 quos
2486 489 2684 546 dimisit
2713 534 2727 558 ,
2758 503 2811 548 et
2835 493 3003 562 abiit,
3037 494 3236 553 habent
3265 499 3380 554 ina-

1801 589 1923 630 nem
1956 577 2283 633 vacationem
2313 596 2328 646 ;
2357 596 2454 636 nos
2483 582 2742 638 habemus
2783 583 3106 640 fructuosam
3145 590 3381 645 vacatio-

1799 684 1921 723 nem
1946 710 1960 734 ,
1992 679 2048 726 ut
2077 671 2430 742 intelligamus
2471 674 2739 732 Christum
2779 679 2869 748 qui
2912 680 3030 734 illos
3056 679 3257 738 dimisit
3283 725 3297 750 ,
3328 694 3385 741 et
3422 741 3435 774 ι

1798 763 1944 816 venit
1965 761 2031 817 ad
2061 777 2177 818 nos.
2203 763 2389 820 Omnia
2413 780 2520 821 non
2546 765 2736 822 frustra
2767 768 2902 825 facta
2930 781 3057 827 sunt
3080 815 3095 840 ,
3123 784 3178 829 et
3207 775 3258 828 in
3289 774 3384 831 illo

1797 850 1976 907 furore
2005 853 2174 909 David
2197 895 2213 919 ,
2241 855 2383 925 quod
2409 855 2600 912 dicitur
2629 857 2896 924 a/fectabat
2917 903 2932 928 ,
2977 873 3023 916 et
3063 865 3384 935 tympaniza-

1797 941 1880 998 bat
1909 945 1977 999 ad
1999 947 2131 1001 ostia
2159 949 2372 1004 civitatis
2393 989 2410 1017 ,
2454 960 2501 1003 et
2540 951 2791 1020 ferebatur
2819 954 2870 1007 in
2900 956 3128 1011 manibus
3161 958 3267 1012 suis
3287 999 3302 1025 ,
3338 968 3386 1013 et

1799 1037 2086 1104 procidebat
2109 1039 2177 1094 ad
2200 1041 2330 1095 ostia
2357 1050 2544 1114 parite.
2569 1053 2616 1098 et
2653 1045 2824 1098 satiare
2863 1046 3190 1104 decurrebant
3225 1067 3382 1122 super

1799 1127 2006 1182 barbam
2051 1130 2180 1201 ejus.
2224 1129 2506 1198 A/fectabat
2542 1135 2666 1189 ille:
2721 1136 2846 1205 quid
2892 1147 3010 1202 est,
3054 1139 3372 1207 a/fectabat?

1797 1215 2061 1273 Aﬂ'ectum
2091 1219 2337 1277 habebat.
2386 1223 2522 1290 Quid
2565 1232 2645 1280 est
2687 1225 2934 1281 affectum
2989 1228 3222 1286 habere?
3249 1231 3387 1300 Quia

1797 1324 2109 1380 compassus
2153 1324 2234 1368 est
2282 1314 2678 1372 infirmitatibus
2725 1321 2921 1373 nostris
2947 1338 2958 1373 :
2989 1329 3041 1375 et
3071 1320 3189 1376 ideo
3217 1323 3386 1379 voluit

1800 1401 1969 1470 ipsam
2000 1418 2213 1460 carnem
2242 1408 2514 1476 suscipere
2538 1451 2551 1473 ,
2587 1411 2637 1464 in
2679 1425 2783 1480 qua
2827 1422 3052 1467 mortem
3095 1415 3382 1471 occideret.

1804 1491 2128 1563 Compassus
2163 1512 2290 1566 ergo
2334 1498 2525 1564 nobis,
2575 1500 2854 1556 affectasse
2897 1502 3069 1558 dictus
3116 1514 3218 1560 est.
3260 1505 3388 1563 ldeo

1798 1585 2142 1654 reprehendit
2168 1589 2453 1658 Apostolus
2481 1606 2574 1645 eos
2603 1592 2693 1662 qui
2721 1592 2840 1647 duri
2869 1602 2992 1648 sunt
3021 1604 3074 1648 et
3112 1595 3229 1651 sine
3252 1595 3387 1654 affe-

1785 1688 1905 1766 .ctu.
1935 1678 2351 1748 Reprehendens
2372 1685 2516 1739 enim
2543 1684 2800 1754 quosdam
2826 1728 2841 1751 ,
2865 1686 2938 1740 ait
2963 1705 2975 1741 :
3001 1686 3126 1742 Sine
3152 1687 3340 1755 a/Tectu
3364 1732 3382 1758 ,

1800 1771 1908 1824 sine
1957 1773 2301 1828 misericordia
2339 1773 2360 1844 (
2383 1772 2616 1842 Rom.t,
2662 1776 2795 1845 51).
2840 1777 2939 1832 Ubi
2988 1788 3072 1832 est
3121 1779 3386 1847 affectus,

1801 1860 1873 1915 ibi
1906 1862 2290 1920 misericordia.
2325 1863 2425 1920 Ubi
2454 1866 2820 1922 misericordia
2845 1869 2971 1922 est?
2999 1867 3276 1927 Miseratus
3300 1880 3389 1928 est

1799 1967 1899 2008 nos
1927 1953 2180 2025 desuper.
2213 1954 2345 2010 Nam
2381 1957 2427 2011 si
2456 1958 2731 2013 exinanire
2759 1973 2818 2013 se
2845 1959 3010 2014 nollet
3034 2001 3050 2028 ,
3081 1963 3389 2036 manensin

1799 2061 1862 2100 ea
1889 2046 2056 2101 forma
2105 2046 2156 2101 in
2207 2063 2309 2118 qua
2353 2050 2574 2118 mqualis
2628 2059 2744 2104 erat
2793 2050 2937 2105 Patri
2985 2053 3384 2121 sempiternus,

1798 2152 2009 2208 semper
2035 2152 2133 2192 nos
2162 2137 2214 2192 in
2245 2147 2416 2194 morte
2440 2139 2885 2196 remansissemus
2917 2158 2930 2194 :
2960 2141 3055 2196 sed
3082 2149 3141 2196 ut
3179 2157 3278 2199 nos
3317 2143 3388 2200 de

1801 2238 1973 2283 morte
2007 2229 2334 2298 sempiterna
2373 2229 2664 2296 liberaret,
2690 2245 2797 2301 quo
2841 2245 2941 2286 nos
2979 2241 3257 2300 peccatum
3292 2248 3390 2288 suo

1799 2319 1998 2391 perbiae
2037 2319 2400 2390 perduxerat,
2440 2319 2738 2376 humiliavit
2778 2336 2875 2387 se,
2923 2320 3095 2377 factus
3141 2322 3388 2378 subditus

1797 2425 1966 2481 usque
1993 2411 2060 2464 ad
2086 2420 2314 2466 mortem
2339 2452 2354 2478 ,
2388 2421 2612 2466 mortem
2645 2419 2824 2467 autem
2856 2412 3051 2467 crucis.
3084 2411 3226 2482 Ergo
3255 2411 3389 2470 affe-

1797 2503 1998 2570 ctavit,
2025 2503 2145 2575 quia
2195 2504 2440 2574 pervenit
2483 2518 2652 2575 usque
2701 2503 2768 2559 ad
2812 2513 3041 2559 mortem
3090 2505 3284 2560 crucis.
3318 2505 3390 2562 Et

1799 2596 2047 2666 quoniam
2097 2595 2188 2665 qui
2237 2595 2607 2667 crucifigitur,
2651 2596 2705 2652 in
2754 2597 2899 2668 ligno
2939 2598 3280 2665 extenditur;
3329 2607 3392 2655 ut

1798 2696 1976 2742 autem
2034 2696 2342 2758 tympanum
2399 2688 2528 2752 fiat,
2581 2702 2747 2757 caro,
2803 2689 2855 2744 id
2906 2698 2989 2745 est
3039 2691 3282 2759 corium,
3332 2692 3390 2748 in

1799 2776 1942 2847 ligno
1975 2778 2311 2833 extenditur:
2340 2778 2540 2834 dictum
2562 2788 2645 2834 est
2667 2820 2682 2845 ,
2712 2788 2760 2833 et
2785 2780 3193 2851 tympanizabat,
3228 2780 3277 2835 id
3305 2789 3392 2837 est

1799 2867 2208 2938 crucifigebatur
2229 2909 2246 2936 ,
2279 2869 2330 2924 in
2361 2869 2512 2940 ligno
2541 2869 2943 2925 cxtendebatur.
2979 2869 3263 2937 A/fectabat
3282 2910 3299 2937 ,
3331 2870 3390 2927 It!

1798 2967 1923 3025 est,
1955 2957 2203 3013 affectum
2232 2960 2282 3013 in
2315 2974 2413 3015 nos
2440 2959 2709 3027 habebat,
2755 2970 2811 3014 ut
2845 2960 3075 3015 animam
3106 2975 3256 3015 suam
3283 2975 3384 3032 po-

1799 3057 1954 3106 neret
1981 3065 2076 3121 pro
2105 3050 2295 3105 ovibus
2324 3051 2435 3106 suis
2464 3049 2484 3121 (
2507 3050 2664 3106 Joan.
2691 3067 2728 3105 x
2746 3092 2761 3116 ,
2793 3049 2921 3122 15).
2964 3050 3387 3123 Τῃηῳαηίωόαι.

1799 3142 2121 3212 Quomodo?
2147 3143 2229 3196 Ad
2254 3145 2381 3197 ostia
2404 3144 2638 3198 civitatis.
2680 3143 2887 3199 Ostium
2924 3144 3078 3201 nobis
3119 3155 3204 3202 est
3241 3146 3392 3218 quod

1799 3237 2036 3306 aperitur
2063 3277 2076 3300 ,
2107 3243 2166 3290 ut
2191 3235 2472 3291 credamus
2520 3235 2572 3290 in
2605 3236 2792 3291 Deum.
2836 3235 3209 3294 Clauseramus
3251 3240 3387 3297 ostia

1801 3337 1984 3384 contra
2013 3324 2280 3383 Christum
2307 3370 2323 3396 ,
2377 3337 2432 3382 et
2476 3343 2859 3399 aperueramus
2899 3329 3151 3398 diabolo;
3200 3341 3387 3390 contra

1799 3419 1962 3473 vitam
1990 3426 2242 3472 aeternam
2287 3418 2524 3474 clausum
2557 3434 2651 3475 eor
2690 3419 3015 3476 habebamus
3045 3439 3058 3476 :
3094 3422 3181 3478 ille
3206 3432 3385 3478 autem

1803 3511 2058 3567 Dominus
2089 3511 2228 3567 Deus
2257 3520 2440 3567 noster
2463 3554 2476 3576 ,
2507 3513 2627 3581 quia
2661 3512 2901 3568 clausum
2930 3525 3025 3568 eor
3052 3512 3386 3571 habebamus

1803 3602 2046 3660 homines
2061 3603 2316 3659 adversus
2335 3603 2497 3657 vitam
2510 3612 2786 3669 aeternam,
2807 3618 2905 3659 nec
2923 3612 3228 3673 poteramus
3244 3604 3391 3659 vide—

1803 3709 1863 3749 re
1888 3694 2119 3749 Verbum
2145 3693 2286 3763 quod
2317 3693 2495 3748 vident
2524 3694 2732 3765 Angeli,
2751 3709 2908 3750 cruce
2933 3694 3204 3764 aperiebat
3228 3695 3393 3750 corda

1804 3787 2129 3849 mortalium,
2158 3785 2260 3840 hoc
2287 3794 2367 3842 est
2387 3828 2400 3850 ,
2431 3786 2820 3857 tympanizabat
2861 3786 2928 3840 ad
2968 3787 3104 3842 ostia
3138 3787 3376 3843 civitatis

1876 3879 1964 3933 10.
1998 3877 2060 3930 Ει
2089 3879 2341 3948 ferebatur
2365 3879 2417 3931 in
2448 3879 2676 3932 manibus
2703 3879 2827 3933 suis.
2859 3879 2970 3935 Hoc
2994 3893 3142 3945 vero,
3175 3880 3390 3948 fratres,

1806 3967 2071 4039 quomodo
2101 3977 2282 4038 posset
2311 3967 2421 4022 fieri
2449 3969 2499 4022 in
2528 3967 2763 4035 homine,
2796 3970 2914 4040 quis
2944 3970 3238 4041 intelligat?
3261 3971 3392 4041 Quis

1807 4060 1948 4113 enim
1977 4065 2217 4128 portatur
2242 4058 2293 4112 in
2323 4058 2567 4114 manibus
2595 4058 2745 4112 suis?
2769 4059 3008 4116 Manibus
3035 4060 3259 4116 aliorum
3291 4077 3393 4132 po-

1809 4158 1911 4206 test
1935 4150 2132 4222 portari
2160 4150 2339 4217 homo,
2373 4151 2616 4205 manibus
2641 4151 2753 4206 suis
2777 4166 2938 4208 nemo
2962 4161 3223 4224 portatur.
3249 4155 3396 4224 Quo.

1807 4244 1967 4301 modo
1996 4244 2314 4314 intelligatur
2343 4245 2394 4298 in
2434 4244 2549 4314 ipso
2591 4243 2751 4299 David
2792 4245 3084 4302 secundum
3122 4247 3349 4304 litteram
3374 4288 3393 4309 .

1808 4351 1914 4392 non
1941 4336 2274 4398 invenimus;
2304 4335 2357 4389 in
2383 4334 2594 4390 Christo
2618 4345 2794 4391 autem
2822 4336 3139 4393 invenimus.
3163 4337 3397 4394 Fereba-

1811 4440 1896 4485 tur
1919 4429 2061 4485 enim
2087 4428 2328 4483 Christus
2358 4429 2409 4482 in
2439 4429 2681 4482 manibus
2708 4429 2819 4484 suis
2837 4469 2853 4497 ,
2882 4429 3094 4500 quando
3118 4444 3396 4486 commen-

1811 4522 1943 4579 dans
1981 4522 2152 4590 ipsum
2190 4535 2383 4590 corpus
2415 4535 2569 4576 suum
2589 4562 2603 4584 ,
2635 4521 2706 4576 ait
2740 4539 2753 4574 :
2785 4520 2900 4576 Hoc
2925 4532 2996 4577 est
3024 4538 3203 4594 corpus
3231 4539 3399 4578 meum

1813 4613 2032 4687 (Matth.
2065 4627 2211 4676 xxvr,
2242 4610 2366 4682 26).
2396 4609 2621 4667 Ferebat
2647 4613 2787 4668 enim
2819 4613 2946 4668 illud
2978 4627 3171 4684 corpus
3196 4615 3249 4669 in
3277 4629 3398 4670 ma-

1812 4705 1969 4760 nibus
2009 4705 2118 4758 suis
2142 4703 2182 4756 ¹.
2222 4701 2339 4773 Ipsa
2377 4712 2458 4758 est
2499 4703 2771 4758 humilitas
2809 4704 3018 4760 Domini
3059 4705 3230 4762 nostri
3267 4705 3400 4763 Jesn

1812 4795 2042 4862 Christi,
2084 4795 2194 4864 ipsa
2241 4793 2462 4848 multum
2505 4793 2912 4849 commendatur
2955 4795 3276 4851 hominibus.
3313 4793 3435 4864 Ad,

1814 4888 1981 4959 ipsam
2007 4845 2391 4947 nosrhortatur,
2421 4884 2632 4949 fratres,
2661 4893 2716 4937 ut
2745 4884 3005 4951 vivamus,
3036 4885 3089 4940 id
3113 4893 3196 4942 est.
3221 4845 3434 4945 bumi-i

1814 4979 2016 5035 litatem
2045 4976 2162 5045 ejus
2191 4975 2496 5030 imitemur:
2522 4982 2578 5028 ut
2603 4973 2964 5045 percutiamus
2992 4974 3221 5044 Goliam,
3247 4984 3303 5032 et
3323 4985 3403 5033 te-

1814 5079 2001 5127 nentes
2015 5067 2281 5124 Christum
2303 5067 2578 5122 vincamus
2598 5065 2920 5137 superbiam.
2944 5063 3248 5121 Procidebat
3268 5068 3405 5124 enim

1814 5164 1882 5218 ad
1908 5162 2034 5217 ostia
2061 5169 2238 5231 portae.
2265 5157 2401 5228 Quid
2429 5167 2532 5224 est,
2565 5155 2906 5212 Procidebat?
2936 5156 3018 5213 Ad
3047 5156 3403 5216 humilitatem

1815 5270 1874 5312 se
1911 5255 2023 5325 ipse
2049 5251 2350 5322 dejiciebat.
2389 5248 2526 5319 Quid
2555 5258 2669 5316 est,
2700 5249 2769 5304 ad
2796 5250 2925 5304 ostia
2964 5249 3163 5319 portae?
3205 5247 3285 5304 Ad
3316 5248 3404 5305 in-

1817 5347 1964 5401 itium
1993 5343 2250 5413 fldei,quo
2265 5341 2396 5398 salvi
2421 5339 2700 5397 efficimur.
2727 5339 2896 5396 Nemo
2919 5341 3060 5396 enim
3089 5339 3272 5410 incipit
3295 5339 3404 5397 nisi

1818 5437 1886 5492 ab
1922 5436 2072 5492 initio
2112 5434 2232 5490 fidei
2253 5476 2269 5501 ,
2299 5433 2435 5490 sicut
2463 5433 2657 5488 dicitur
2684 5432 2735 5486 in
2769 5430 3002 5487 Canticis
3027 5430 3356 5486 canticorum
3389 5447 3405 5485 :

1831 5527 2025 5597 Venies,
2049 5537 2094 5582 et
2131 5525 2432 5599 pertransies
2466 5523 2530 5579 ab
2572 5523 2714 5578 initio
2748 5522 2866 5592 ﬁdei
2895 5519 3073 5594 (Cant.
3117 5536 3194 5591 tv,
3223 5521 3278 5589 8,
3304 5537 3411 5577 sec.

1886 5665 1901 5694 ί
2103 5675 2275 5712 omnes
2307 5668 2434 5726 5135.,
2462 5656 2664 5713 Ferebat
2696 5654 2893 5714 illudut
2923 5653 3140 5708 manibus
3162 5652 3282 5724 suis,
3302 5665 3415 5721 ῳεσ

1825 5730 1893 5777 est
1914 5723 2177 5785 humilitas,
2205 5733 2300 5774 etc.
