3950 6410
181 304 262 362 509
1225 293 1625 350 ENARRATIO
1667 293 1735 349 IN
1771 293 2098 356 PSALMUM
2126 298 2368 355 XXXIII.

179 434 255 476 nus
276 417 520 488 angelus,
545 417 636 487 qui
663 415 738 470 ait
759 416 799 480 ι,
839 411 1140 467 Beuedicam
1177 409 1471 466 Dominum.
1511 410 1736 479 Quando

177 511 433 568 benedicant
457 508 775 564 Dominum?
800 505 1024 574 Quando
1059 505 1152 560 tibi
1190 503 1496 559 benefacit?
1527 502 1741 573 quando

177 605 420 662 abundant
462 601 776 658 stecularia?
817 599 1029 673 quando
1076 596 1303 652 multum
1349 595 1584 651 abundat
1625 593 1742 649 fru-

177 701 339 765 menti,
367 697 492 763 olei,
523 697 655 763 vini,
686 695 823 761 auri,
865 693 1090 764 argenti,
1129 689 1539 762 mancipiorum,
1580 701 1743 758 pecu-

178 807 276 850 rum
291 833 304 854 .
328 789 574 860 salusque
597 788 700 843 ista
730 787 970 842 mortalis
999 783 1331 840 invulnerata
1356 789 1412 837 et
1438 781 1745 852 incorrupta

178 883 414 958 persistit,
442 896 504 937 ea
528 895 649 951 quae
674 887 966 936 nascuntur
991 884 1240 933 crescunt
1263 873 1461 939 omnia,
1489 872 1622 928 nihil
1647 872 1748 926 im-

175 987 361 1036 matura
403 983 575 1030 morte
613 972 962 1036 subtrahitur,
994 969 1217 1026 felicitas
1266 974 1376 1022 tota
1405 964 1639 1021 abundat
1691 963 1746 1019 in

172 1069 343 1135 domo,
363 1063 733 1121 circumﬂuunt
751 1063 950 1129 omnia,
969 1070 1100 1116 tunc
1118 1057 1409 1115 benedices
1427 1054 1746 1112 Dominum?

173 1159 279 1216 Non
306 1174 322 1210 :
349 1155 440 1211 sed
463 1156 518 1210 in
543 1155 681 1209 omni
707 1163 945 1224 tmpore.
984 1150 1128 1226 Ergo
1164 1157 1218 1206 et
1254 1158 1416 1216 tunc,
1445 1155 1501 1202 et
1532 1144 1746 1222 quando

173 1253 266 1306 ista
301 1245 592 1304 secundum
624 1254 832 1316 tempus
863 1251 922 1299 et
957 1240 1253 1298 secundum
1291 1239 1499 1310 ﬂagella
1536 1236 1752 1293 Domini

173 1341 265 1398 Dei
303 1339 470 1394 nostri
505 1337 808 1403 turbantur,
846 1333 1177 1400 auferuntur,
1219 1331 1395 1386 minus
1435 1336 1748 1394 nascuntur,

169 1435 272 1506 iam
301 1440 423 1488 nata
450 1431 774 1487 dilabuntur.
803 1427 963 1485 Fiunt
990 1427 1133 1484 enim
1160 1425 1306 1494 haec,
1339 1431 1391 1479 et
1415 1421 1542 1478 inde
1571 1420 1752 1490 sequi-

172 1535 257 1582 tur
289 1523 531 1595 penuria,
560 1531 790 1593 egestas,
823 1520 994 1586 labor,
1028 1518 1182 1573 dolor
1209 1523 1264 1572 et
1290 1516 1531 1572 tentatio.
1563 1512 1668 1568 Sed
1697 1521 1754 1567 tu

165 1617 258 1691 qui
292 1615 546 1683 cautasti,
585 1613 891 1669 Benedicam
930 1609 1208 1666 Dominum
1236 1609 1290 1663 in
1320 1608 1455 1662 omni
1497 1615 1752 1676 tempore,

173 1729 368 1785 seraper
394 1711 505 1766 laus
529 1711 637 1784 ejus
664 1710 720 1764 in
745 1724 830 1764 ore
853 1723 984 1775 meo,
1015 1713 1070 1761 et
1093 1703 1305 1775 quando
1329 1702 1431 1760 ista
1455 1700 1566 1762 dat,
1594 1697 1757 1756 bene-

170 1807 289 1872 dic;
321 1810 374 1860 et
399 1801 610 1874 quando
635 1802 740 1856 ista
766 1799 904 1854 tollit
924 1840 937 1864 ,
967 1795 1212 1862 benedic.
1242 1793 1374 1863 Quia
1403 1791 1494 1846 ille
1521 1790 1641 1854 dat,
1668 1787 1758 1843 ille

171 1897 314 1953 tollit
341 1913 355 1950 :
384 1893 479 1952 sed
508 1894 742 1968 seipsum
767 1906 798 1946 a
823 1889 1177 1947 benediceute
1201 1902 1260 1947 se
1288 1901 1393 1944 non
1422 1883 1578 1938 tollit.

242 1990 296 2043 4.
325 1987 452 2054 Quis
485 1993 568 2042 est
601 1993 780 2051 autem
807 1983 898 2053 qui
927 1979 1193 2037 benedicit
1220 1977 1502 2032 Dominum
1525 1974 1582 2036 in
1614 1972 1759 2034 omni

173 2092 441 2152 tempore,
475 2076 577 2132 nisi
615 2074 836 2130 humilis
874 2071 1072 2130 corde?
1105 2069 1280 2142 ipsam
1309 2067 1450 2122 enim
1489 2063 1758 2126 humilita-

177 2183 281 2228 tem
323 2172 498 2226 docuit
534 2169 792 2224 Dominus
835 2174 1018 2230 noster
1062 2163 1115 2218 in
1153 2175 1376 2232 corpore
1415 2167 1468 2214 et
1505 2155 1762 2228 sanguine

177 2278 273 2318 suo
319 2261 488 2332 :quia
535 2274 657 2314 cum
709 2255 1050 2320 commendat
1098 2265 1293 2324 corpus
1343 2258 1397 2305 et
1448 2247 1760 2322 sanguinem

180 2369 332 2408 suum
352 2394 366 2418 ,
393 2350 743 2406 humilitatem
776 2363 927 2402 suam
967 2343 1334 2414 commendat,
1363 2342 1417 2403 in
1451 2355 1516 2402 eo
1541 2336 1681 2417 quod
1710 2339 1763 2392 in

184 2445 293 2514 ipsa
322 2443 535 2500 historia
575 2444 832 2514 scriptum
859 2448 962 2507 est,
995 2438 1049 2493 in
1075 2437 1169 2493 illo
1192 2435 1344 2508 quasi
1373 2433 1549 2491 lurore
1577 2429 1761 2496 David,

187 2536 324 2604 quod
349 2517 801 2605 prmtermisimus,
829 2531 892 2584 Et
921 2530 1091 2584 saliva:
1113 2526 1440 2590 decurrebant
1469 2540 1621 2596 super
1649 2522 1766 2578 bar-

190 2629 300 2681 bam
327 2627 447 2698 ejus.
472 2625 606 2681 Cum
630 2623 901 2695 legeretur
930 2621 1235 2691 Apostolus,
1267 2616 1492 2681 audistis
1517 2616 1658 2688 ipsas
1683 2628 1766 2667 sa-

189 2717 350 2784 livas,
377 2717 468 2773 sed
497 2716 845 2772 decurrentes
885 2727 1045 2782 super
1077 2712 1321 2768 barbam.
1361 2709 1500 2764 Dicit
1537 2705 1762 2782 aliquis,

186 2808 328 2875 Quas
351 2809 543 2863 salivas
573 2805 906 2862 audivimus?
925 2803 1115 2864 Nonne
1138 2802 1298 2857 modo
1321 2801 1489 2860 lectus
1513 2807 1596 2856 est
1624 2799 1768 2870 Apo-

190 2902 380 2968 stolus,
419 2917 538 2958 cum
581 2901 785 2956 diceret
817 2917 831 2955 :
861 2898 1034 2953 Judtei
1076 2897 1222 2978 signa
1261 2903 1472 2970 petunt,
1514 2903 1559 2947 et
1599 2890 1763 2946 (ἓνωεὶ

199 2995 480 3064 sapientiora
518 2991 795 3065 qumnt?
836 2990 992 3047 Modo
1035 2989 1230 3044 lectum
1271 2994 1353 3043 est
1389 3006 1401 3041 :
1445 2985 1558 3040 Nos
1599 2993 1767 3046 autem

191 3085 542 3154 pradicamus,
585 3083 788 3154 inquit,
821 3081 1076 3136 Christum
1105 3080 1404 3147 cruciﬁxum
1435 3076 1599 3154 (tunc
1625 3076 1766 3138 enim

192 3175 592 3247 tympanizabat)
617 3159 814 3228 Judwis
841 3173 1044 3244 quidem
1067 3170 1385 3238 scandalum,
1411 3167 1649 3225 Gentibus
1670 3185 1766 3223 au-

191 3272 283 3319 tem
320 3267 576 3321 stuttitiam
597 3281 617 3330 ,°
656 3265 784 3334 ipsis
825 3279 942 3318 vero
980 3264 1166 3328 uocatis
1211 3261 1408 3320 Judwis
1450 3271 1496 3315 et
1541 3259 1764 3339 Grecis,

189 3357 432 3412 Christum
459 3357 554 3412 Dei
595 3356 841 3421 Virtutem
875 3364 921 3410 et
963 3355 1058 3416 Dei
1093 3354 1408 3424 Sapientiam
1437 3370 1456 3408 :
1485 3354 1602 3424 quia
1635 3353 1770 3425 quod

189 3451 386 3505 stultum
413 3459 486 3505 est
510 3448 630 3521 Dei,
653 3448 927 3520 sapientius
947 3457 1020 3514 est
1046 3445 1365 3516 hominibus;
1395 3455 1439 3500 et
1464 3445 1599 3518 quod
1624 3444 1770 3514 inﬁr-

187 3557 319 3596 mum
354 3551 425 3597 est
458 3539 589 3607 Dei,
621 3539 798 3610 fortius
831 3547 1084 3610 estquam
1119 3537 1342 3594 homines
1373 3534 1427 3612 (ι
1454 3534 1570 3600 Cor,
1601 3549 1639 3610 ι,
1667 3533 1764 3598 22-

185 3632 293 3703 16).
317 3632 513 3688 Salivae
541 3632 681 3686 enim
719 3630 1018 3701 signiﬁcant
1046 3627 1322 3683 stultitiam
1345 3668 1358 3693 ,
1392 3625 1573 3684 salivae
1602 3625 1768 3702 signi-

192 3722 344 3780 ﬁcant
391 3722 777 3788 inﬁmitatem.
823 3719 931 3775 Sed
969 3718 1012 3774 si
1052 3717 1193 3790 quod
1238 3719 1457 3773 stultum
1505 3728 1588 3773 est
1635 3716 1766 3786 Dei,

193 3816 474 3885 sapientius
499 3823 583 3871 est
612 3813 954 3886 hominibus,
985 3820 1037 3868 et
1061 3809 1205 3896 quod
1235 3811 1502 3876 inﬁrmum
1533 3819 1615 3866 est
1641 3809 1766 3888 Dei,

193 3907 371 3964 fortius
390 3917 474 3964 est
497 3921 656 3978 quam
683 3905 927 3970 homines
949 3921 964 3964 :
987 3918 1092 3970 non
1120 3911 1367 3973 tanquam
1395 3902 1578 3966 salivze
1603 3900 1771 3966 clien—

193 3999 342 4067 dant,
381 3999 478 4056 sed
521 3997 768 4063 attende,
819 3996 941 4068 quia
986 4009 1146 4072 super
1191 3991 1411 4052 barbam
1458 3991 1767 4058 decurrunt.

193 4091 461 4161 Quomodo
504 4093 646 4160 enim
694 4090 875 4146 salivis
919 4086 1201 4143 inﬁrmitas
1215 4127 1236 4166 ,
1279 4085 1358 4141 sic
1400 4085 1564 4142 barba
1604 4085 1771 4146 virtus

196 4184 500 4240 ostenditur.
531 4181 688 4248 Texit
727 4196 856 4253 ergo
888 4180 1136 4236 virtutem
1179 4194 1327 4233 suam
1359 4191 1584 4248 corpore
1619 4175 1772 4230 inﬁr.

198 4276 385 4331 mitatis
422 4290 535 4342 suae
567 4293 580 4328 :
612 4282 668 4329 et
703 4272 844 4352 quod
887 4271 1185 4334 forinsecus
1226 4268 1622 4334 inﬁrmabatur,
1657 4276 1772 4322 tan-

199 4381 344 4436 quam
370 4368 422 4422 in
451 4364 614 4432 saliva
643 4362 966 4449 apparebat;
1007 4364 1147 4418 intus
1183 4369 1362 4418 autem
1397 4359 1574 4416 divina
1606 4361 1772 4415 virtus

200 4468 435 4530 tanquam
466 4457 630 4516 barba
662 4458 955 4536 tegebatur.
987 4455 1129 4534 Ergo
1156 4453 1423 4518 humilitas
1450 4453 1605 4514 nobis
1627 4467 1774 4518 com-

199 4553 484 4622 mendatur.
517 4549 648 4616 Esto
686 4549 932 4616 humilis,
964 4547 1006 4602 si
1036 4547 1116 4603 vis
1143 4545 1460 4608 benedicere
1491 4545 1772 4610 Dominum

189 4646 243 4703 In
269 4647 408 4712 omni
439 4654 678 4726 tempore
699 4686 712 4710 ,
743 4649 797 4698 et
833 4656 1047 4713 semper
1073 4637 1187 4704 laus
1213 4637 1328 4714 ejus
1356 4639 1424 4694 sit
1454 4639 1506 4694 in
1537 4653 1630 4702 ore
1659 4648 1769 4700 tuo.

185 4739 318 4811 Quia
362 4737 464 4802 Job
505 4751 613 4792 non
653 4741 854 4800 tantum
900 4731 1170 4788 benedixit
1211 4731 1522 4806 Dominum,
1561 4730 1774 4802 quando

177 4829 524 4896 abundabant
555 4826 629 4883 illi
660 4825 870 4901 omnia,
904 4823 1097 4908 quibus
1136 4837 1258 4877 eum
1296 4821 1518 4892 legimus
1553 4821 1772 4880 divitem

177 4928 350 4984 fuisse
374 4933 428 4988 et
463 4921 696 4990 felicem,
727 4931 781 4986 et
807 4933 1020 4994 pecore,
1050 4926 1105 4984 et
1143 4917 1332 4986 servis,
1365 4925 1420 4979 et
1446 4915 1625 4983 domo,
1659 4916 1776 4974 feli-

177 5035 300 5077 cem
334 5017 485 5088 liliis,
515 5025 571 5072 et
606 5013 858 5070 omnibus
888 5011 1068 5078 rebus.
1098 5009 1284 5074 Abiata
1317 5018 1436 5064 sunt
1464 5010 1636 5068 omnia
1668 5027 1773 5066 uno

177 5120 448 5180 tempore,
469 5116 522 5162 et
543 5103 782 5186 implevit
799 5102 941 5174 quod
965 5103 1016 5164 in
1043 5101 1146 5166 hoc
1168 5101 1374 5176 psalmo
1395 5101 1648 5172 scriptum
1670 5109 1769 5167 est,

177 5203 369 5261 dicens
392 5219 407 5257 :
431 5197 681 5254 Dominus
702 5195 859 5266 dedit,
882 5192 1130 5248 Dominus
1150 5191 1353 5248 abstulit
1371 5210 1389 5259 ;
1411 5193 1535 5246 sicut
1556 5191 1774 5252 Domino

178 5294 406 5372 placuit,
436 5293 508 5356 ita
535 5291 729 5374 factum
759 5297 831 5341 est
861 5303 879 5341 :
906 5287 969 5340 sit
1002 5301 1180 5340 nomen
1224 5283 1424 5346 Domini
1465 5285 1775 5342 benedictum

181 5385 316 5458 (Job
349 5403 386 5452 ι,
416 5383 478 5439 21
503 5383 548 5456 ).
580 5381 719 5438 Ecce
748 5379 913 5444 habes
939 5379 1242 5450 exemplum
1273 5377 1638 5440 benediccntis
1669 5377 1773 5438 Dp-

178 5481 388 5538 minum
419 5476 470 5529 in
501 5472 647 5529 omni
676 5479 936 5541 tempore.

253 5575 306 5631 5.
329 5570 485 5644 [vers.
519 5565 598 5640 5.]
628 5566 803 5633 Quare
820 5573 996 5620 autem
1019 5561 1286 5620 benedieit
1310 5560 1587 5616 Dominum
1613 5558 1775 5614 homo

180 5670 235 5725 in
269 5662 420 5720 omni
469 5658 744 5728 tempore?
788 5655 919 5724 Quia
969 5655 1187 5710 humilis
1224 5661 1323 5710 est.
1352 5652 1487 5720 Quid
1533 5660 1615 5707 est
1657 5666 1775 5708 esse

244 5781 261 5812 ι
289 5773 484 5840 Aliquot
505 5765 871 5840 itssqgaugelus,
895 5765 1102 5831 quijam
1121 5764 1271 5818 dicat.
1296 5765 1379 5813 Alii
1405 5761 1620 5813 nonnulli
1647 5779 1658 5812 :
1686 5774 1775 5811 an-

181 5840 332 5900 gelus.
366 5830 418 5883 Et
442 5830 560 5881 quid
583 5830 664 5880 ait.

3333 305 3440 373 3l0

1853 414 2148 469 humilem?
2177 415 2328 472 Nolle
2355 417 2408 472 in
2438 431 2495 475 se
2523 416 2747 474 laudari.
2778 417 2878 494 Qui
2908 420 2963 478 in
2985 435 3044 476 se
3063 418 3176 482 vult
3202 420 3440 488 laudari.

1853 509 2114 578 superbus
2143 519 2244 564 est.
2272 509 2373 577 Qui
2394 513 2655 586 superbus
2682 528 2789 569 non
2820 523 2919 580 est,
2951 514 3169 570 humilis
3193 524 3294 576 est.
3320 515 3445 578 Non

1856 599 1940 652 vis
1971 615 2098 670 ergo
2137 614 2256 655 esse
2296 603 2593 672 superbus?
2626 604 2696 666 Ut
2722 606 2893 675 possis
2924 620 3043 661 esse
3080 605 3330 678 humilis,
3352 607 3447 672 ,dic

1857 691 1999 762 quod
2028 691 2226 750 dictum
2271 701 2389 748 est:
2415 691 2484 748 In
2522 693 2739 750 Domino
2783 697 3072 752 laudabitur
3097 700 3271 756 anima
3295 716 3448 766 utea;

1855 782 2067 838 audiant
2096 787 2362 852 mansueti,
2388 795 2434 838 et
2451 785 2707 840 laetentur.
2732 787 2871 859 Ergo
2893 789 2979 858 qui
3003 804 3108 843 non
3135 791 3189 844 in
3216 790 3448 856 Domino

1857 871 2044 928 volunt
2072 874 2298 942 laudari,
2323 891 2427 929 non
2449 884 2572 931 sunt
2592 879 2883 944 mansueti;
2910 878 3003 934 sed
3026 888 3222 948 truces,
3243 881 3447 954 asperi.

1859 963 2005 1030 elati,
2036 965 2273 1036 superbi.
2304 965 2552 1021 Iumenta
2579 977 2855 1026 mansueta
2883 972 2996 1026 vult
3030 971 3229 1028 habere
3254 957 3446 1037 Domi-

1859 1070 1998 1110 nus:
2024 1065 2140 1110 esto
2166 1058 2467 1127 jumentum
2497 1059 2732 1125 Domini,
2762 1060 2813 1116 id
2839 1069 2940 1128 est,
2971 1070 3087 1117 esto
3115 1073 3448 1128 mansuetus.

1859 1145 2019 1202 Sedet
2069 1147 2158 1202 ille
2201 1163 2364 1218 super
2407 1158 2491 1218 te,
2541 1149 2656 1220 ipse
2699 1151 2834 1222 regit
2876 1162 2928 1208 te
2957 1170 2971 1208 :
3001 1153 3108 1209 noli
3151 1154 3336 1216 tirnere
3374 1169 3452 1214 ne

1862 1236 2132 1306 oii‘endas,
2181 1247 2236 1292 et
2277 1254 2368 1294 eas
2411 1240 2464 1294 in
2505 1255 2764 1312 praeceps.
2796 1240 3078 1297 lniirmitas
3114 1244 3326 1314 quidem
3356 1254 3452 1312 tua

1863 1336 1965 1391 est,
2000 1327 2093 1381 sed
2122 1329 2336 1384 attende
2364 1329 2483 1401 quis
2515 1330 2608 1385 tibi
2637 1332 2942 1402 praesideat.
2974 1333 3160 1388 Pullus
3188 1335 3323 1398 asini
3352 1350 3446 1404 es,

1862 1416 1959 1473 sed
1980 1417 2250 1474 Christum
2281 1430 2487 1498 portas.
2517 1420 2650 1480 Nam
2678 1433 2732 1476 et
2761 1423 2873 1494 ipse
2900 1424 2951 1478 in
2981 1425 3123 1493 pullo
3144 1426 3277 1488 asini
3304 1427 3453 1492 venit

1861 1510 1929 1564 ad
1970 1511 2274 1578 civitatem,
2327 1521 2383 1566 et
2425 1511 2524 1568 luit
2569 1513 2698 1568 illud
2742 1513 3042 1583 iumentum
3092 1526 3450 1578 mansuetum.

1859 1601 2127 1674 Numquid
2169 1602 2484 1665 laudabatur
2507 1603 2809 1676 jumentum
2856 1603 3016 1661 illud?
3061 1605 3324 1680 Numquid
3361 1605 3454 1682 ju-

1863 1704 2045 1749 mento
2074 1693 2349 1750 dicebatur
2373 1714 2386 1751 :
2411 1695 2458 1749 Η
2467 1713 2657 1750 osanna
2675 1739 2691 1765 ,
2716 1698 2800 1766 ﬁli
2825 1696 2992 1752 David
3008 1740 3023 1763 ,
3057 1698 3342 1758 benedictus
3363 1699 3457 1776 qui

1863 1785 1993 1838 venit
2023 1785 2073 1838 in
2103 1787 2305 1840 nomine
2335 1784 2541 1840 Domini
2572 1785 2786 1855 (Matth.
2821 1803 2932 1856 xm,
2959 1787 3055 1859 9)?
3084 1787 3294 1850 Asellus
3319 1803 3456 1864 por-

1866 1877 2009 1931 tabat
2043 1895 2053 1929 :
2084 1876 2178 1931 sed
2219 1877 2309 1932 ille
2353 1878 2442 1948 qui
2491 1878 2822 1946 portabatur,
2863 1895 2894 1932 ει
2933 1878 3360 1948 przecedentibus
3399 1888 3458 1944 et

1866 1968 2316 2042 consequentibus
2355 1967 2691 2029 laudabatur.
2735 1969 2802 2026 Et
2831 1970 3039 2026 dicebat
3068 1970 3206 2025 forte
3239 1971 3460 2044 jumen-

1869 2067 1979 2114 tum
2001 2077 2013 2113 :
2035 2058 2099 2116 In
2130 2058 2348 2115 Domino
2387 2059 2677 2114 laudabitur
2699 2061 2871 2116 anima
2898 2079 3040 2130 mea;
3067 2063 3277 2120 audiant
3302 2081 3461 2131 man.

1866 2152 2025 2228 sueti,
2071 2160 2116 2206 et
2157 2150 2411 2204 laetentur.
2458 2150 2739 2224 Nunquam
2781 2151 2910 2207 illud
2948 2153 3085 2208 dixit
3111 2154 3200 2209 ille
3234 2155 3456 2227 asinus,

1868 2239 1945 2298 ira
1955 2251 2060 2298 tres
2080 2260 2090 2295 :
2112 2240 2206 2297 sed
2226 2241 2367 2297 dicat
2387 2242 2514 2298 illud
2540 2242 2764 2315 populus
2785 2242 2874 2314 qui
2893 2243 3129 2299 imitatur
3149 2244 3456 2317 iumentum

1869 2335 1996 2398 illud
2020 2377 2034 2404 ,
2069 2336 2114 2391 si
2143 2334 2256 2390 vult
2284 2343 2495 2406 portare
2523 2335 2804 2392 Dominum
2833 2351 3010 2391 suum.
3042 2337 3294 2396 Irascitur
3322 2339 3461 2406 forte

1871 2429 2100 2504 populus
2119 2471 2135 2504 ,
2164 2429 2289 2499 quia
2314 2438 2656 2502 comparatur
2685 2429 2850 2484 asello
2881 2429 2934 2484 in
2979 2445 3085 2501 quo
3110 2431 3250 2490 sedit
3274 2433 3462 2494 Domi-

1871 2535 2008 2586 nus;
2056 2529 2111 2574 et
2151 2519 2330 2576 dicent
2371 2520 2504 2574 mihi
2551 2520 2713 2591 aliqui
2763 2520 2976 2590 superbi
3023 2531 3078 2577 et
3124 2523 3248 2582 elati
3278 2541 3291 2576 :
3319 2524 3463 2586 Ecce

1873 2613 2053 2668 asinos
2077 2629 2175 2667 nos
2204 2613 2347 2667 fecit.
2374 2611 2454 2668 Sit
2472 2613 2655 2668 asinus
2677 2613 2886 2668 Domini
2914 2614 3156 2686 quisquis
3180 2615 3279 2676 hoc
3302 2615 3462 2681 dicit;

1871 2722 1939 2761 ne
1976 2707 2046 2761 sit
2081 2721 2253 2778 equus
2294 2715 2354 2761 et
2391 2706 2602 2774 mulus,
2633 2704 2826 2784 quibus
2869 2720 2975 2764 non
3017 2716 3097 2764 est
3137 2707 3461 2767 intellectus.

1871 2798 2050 2854 Nostis
2095 2798 2238 2854 enim
2278 2797 2541 2868 psalmum
2577 2796 2673 2853 ubi
2712 2797 2907 2852 dicitur
2933 2816 2948 2852 :
2972 2797 3146 2853 Nolite
3189 2816 3295 2856 esse
3327 2800 3464 2861 sicut

1872 2907 2025 2962 equus
2052 2899 2099 2943 et
2124 2889 2322 2956 mulus,
2351 2888 2534 2960 quibus
2558 2905 2659 2943 non
2687 2899 2761 2948 est
2796 2889 3076 2944 intellectus
3101 2888 3270 2961 (Psal.
3299 2905 3459 2959 nu,

1872 2980 1952 3054 9).
1976 2979 2158 3050 Equus
2185 2980 2327 3034 enim
2353 2987 2407 3033 et
2436 2978 2609 3033 mulus
2630 2977 2840 3052 erigunt
2858 2981 3123 3034 cervicem
3144 2980 3457 3058 aliquando,

1873 3084 1926 3130 ct
1955 3088 2048 3129 sua
2087 3072 2362 3128 ferocitate
2391 3072 2666 3132 excutiunt
2691 3087 2720 3126 a
2751 3087 2810 3128 se
2835 3087 3128 3130 sessorem.
3170 3074 3462 3146 Damam

1872 3167 2060 3235 frenis,
2091 3179 2245 3220 eamo
2264 3206 2279 3232 ,
2311 3163 2657 3230 verberibus,
2688 3162 2861 3220 donec
2887 3163 3095 3220 discant
3123 3164 3370 3232 subesse,
3402 3151 3462 3232 et

1868 3267 2088 3337 portare
2124 3257 2400 3318 dominum
2443 3271 2622 3324 suum.
2664 3256 2742 3316 Tu
2773 3264 2947 3320 autem
2973 3265 3261 3330 antequam
3300 3256 3461 3328 freno

1871 3351 2167 3412 tunduntur
2192 3365 2286 3412 ora
2315 3358 2434 3416 tua,
2484 3357 2601 3408 esto
2629 3357 2942 3410 mansuetus
2961 3391 2976 3418 ,
3021 3357 3075 3406 et
3104 3359 3252 3420 porta
3282 3349 3464 3416 Domin

1873 3459 1998 3508 num
2025 3452 2174 3506 tuum
2199 3461 2212 3502 :
2239 3442 2348 3502 noli
2371 3442 2429 3504 in
2457 3451 2508 3496 te
2536 3441 2673 3505 velle
2704 3440 2913 3506 laudari
2931 3482 2948 3510 ,
2977 3441 3073 3497 sed
3101 3441 3348 3502 laudetur
3370 3443 3466 3514 illo

1873 3536 1963 3607 qui
1993 3549 2152 3608 super
2191 3543 2242 3598 te
2279 3533 2462 3600 sedet,
2508 3541 2565 3594 et
2598 3533 2746 3592 dices
2773 3551 2792 3592 ;
2821 3531 2892 3594 In
2918 3532 3139 3590 Domino
3169 3534 3464 3602 ιαμάώηυν

1874 3627 2043 3689 manna
2071 3643 2200 3702 mea,
2227 3625 2439 3684 audiant
2459 3624 2728 3693 mansueti,
2749 3633 2798 3688 et
2821 3623 3070 3684 (retentat.
3093 3625 3464 3700 Namqmltdo

1871 3717 2097 3786 audiunt
2132 3731 2235 3774 non
2263 3715 2557 3784 mansueti.
2588 3731 2692 3778 non
2720 3714 2984 3784 tutantur.
3009 3715 3102 3776 Sed
3124 3716 3462 3788 immatur;

1877 3820 1929 3866 et
1959 3811 2059 3880 ipsi
2099 3818 2220 3872 sunt
2259 3810 2349 3884 qui
2388 3808 2574 3873 dicunt
2614 3807 2758 3878 quod
2793 3807 2977 3870 asinos
3018 3822 3114 3870 eos
3151 3807 3460 3879 tecet-imus,

1876 3903 1976 3978 Qui
2018 3910 2199 3963 autem
2245 3901 2510 3966 mansueti
2537 3909 2690 3967 sunt,
2731 3900 3020 3976 dignentur
3043 3899 3232 3964 audire
3255 3911 3316 3962 et
3335 3915 3464 3972 esse

1873 3993 2016 4072 quod
2042 3991 2282 4052 audiunt.

1945 4106 1998 4162 6.
2017 4105 2170 4179 [υρη.
2189 4105 2269 4180 4.]
2287 4104 2556 4175 Sequitur,
2587 4103 2918 4176 Magniﬁcam
2943 4105 3217 4160 Dominum
3236 4121 3458 4162 ταωνι.

1874 4200 2004 4268 Quis
2023 4211 2107 4256 est
2137 4202 2236 4256 iste
2259 4200 2351 4270 qui
2379 4197 2692 4260 exhortatur
2715 4205 2776 4252 ut
2795 4198 3203 4270 magniﬁcentia
3221 4214 3342 4254 eum
3366 4200 3464 4256 illo

1878 4293 2202 4350 Dominum?
2228 4292 2478 4363 Quisquis
2503 4299 2610 4358 est,
2639 4291 2852 4358 fratres,
2885 4291 2939 4346 in
2967 4305 3194 4361 corpore
3219 4290 3420 4348 christi
3441 4327 3460 4361 ο

1875 4386 1942 4441 ad
1971 4386 2073 4440 hoc
2099 4386 2259 4441 debet
2289 4384 2420 4440 dare
2459 4397 2677 4454 operam
2702 4423 2716 4448 ,
2743 4389 2802 4437 ut
2827 4382 3192 4454 magiiitieetur
3216 4397 3339 4439 eum
3363 4384 3464 4440 illo

1876 4477 2154 4534 Dominus.
2189 4479 2347 4532 Amat
2368 4477 2510 4532 enim
2543 4475 2828 4530 Dominum
2853 4475 3096 4545 quisquis
3119 4483 3209 4530 est
3231 4477 3357 4531 iste.
3389 4473 3467 4532 Iit

1876 4571 2146 4641 quomodo
2169 4570 2317 4624 illum
2343 4568 2526 4622 amat?
2546 4567 2616 4623 Ut
2639 4582 2744 4623 non
2770 4567 3005 4626 invideat
3025 4569 3313 4624 ooamatori
3335 4579 3462 4629 suo.

1877 4663 2130 4734 Quisquis
2171 4663 2314 4719 enim
2357 4671 2500 4717 amat
2531 4661 2816 4716 carnaliter
2839 4701 2854 4725 ,
2899 4673 3121 4716 necesse
3148 4669 3231 4717 est
3257 4670 3316 4716 ut
3334 4675 3465 4718 cum

1877 4756 1993 4810 zelo
2020 4755 2268 4826 pestifero
2291 4761 2465 4808 amet:
2487 4751 2532 4806 si
2562 4749 2700 4806 forte
2727 4765 2824 4820 pro
2847 4762 3040 4820 magno
3060 4749 3256 4806 nudam
3279 4750 3466 4808 videre

1877 4847 2129 4918 potuerit,
2158 4860 2314 4915 quam
2343 4842 2599 4914 pestifero
2624 4856 2809 4896 amore
2829 4841 3172 4905 desideravit,
3204 4842 3466 4914 numquid

1881 4939 1989 4996 vult
2018 4947 2079 4993 ut
2109 4937 2282 4991 videat
2310 4937 2454 4991 illam
2484 4943 2536 4988 et
2572 4933 2749 4988 alius?
2785 4932 3014 4988 Necesse
3051 4944 3137 4989 est
3178 4943 3236 4990 ut
3264 4937 3381 4991 seio
3406 4943 3464 4993 et

1878 5030 2042 5086 livore
2067 5031 2351 5093 sauciatur,
2383 5030 2426 5082 si
2455 5036 2510 5083 et
2529 5027 2669 5082 alius
2698 5042 2816 5082 eam
2859 5027 3051 5082 viderit
3069 5029 3111 5083 ι.
3140 5029 3207 5083 Et
3235 5031 3312 5084 sic
3339 5043 3464 5085 ser-

1879 5130 2031 5177 vatur
2059 5121 2298 5186 castitas,
2325 5120 2367 5174 si
2395 5129 2484 5173 aut
2509 5117 2600 5173 ille
2632 5117 2807 5172 videat
2829 5117 2915 5172 cui
2945 5117 3088 5185 licet,
3112 5127 3166 5173 et
3191 5118 3326 5172 alius
3353 5132 3464 5174 non

1879 5212 2074 5277 videat,
2101 5221 2193 5266 aut
2216 5226 2319 5268 nec
2343 5211 2482 5280 ipse.
2510 5210 2625 5266 Non
2652 5209 2733 5266 sic
2758 5217 2839 5264 est
2861 5209 3130 5278 Sapientia
3159 5211 3251 5266 Dei
3273 5228 3288 5264 :
3312 5209 3466 5265 vide-

1877 5304 2052 5360 bimus
2084 5303 2225 5358 illam
2253 5304 2388 5359 tacte
2414 5302 2480 5358 ad
2511 5303 2698 5357 faciem
2717 5344 2731 5369 ,
2759 5309 2813 5356 et
2839 5316 3026 5356 omnes
3057 5301 3384 5366 videbimus,
3410 5309 3468 5357 et

1881 5399 2075 5452 nemo”
2107 5396 2179 5450 ibi
2218 5394 2428 5451 celabit.
2474 5391 2733 5450 Omnibus
2761 5407 2822 5449 se
2865 5393 3111 5459 exhibet,
3157 5401 3214 5449 et
3263 5393 3469 5462 integra

1880 5499 1991 5556 est,
2024 5498 2078 5544 et
2101 5498 2246 5544 casta
2275 5495 2359 5542 est
2399 5485 2665 5541 omnibus.
2719 5484 2793 5539 Illi
2844 5491 3114 5541 mutantur
3141 5484 3194 5538 in
3231 5499 3382 5550 eam,
3415 5493 3471 5538 et

1882 5585 1994 5658 ipsa
2027 5584 2078 5640 in
2111 5597 2204 5640 eos
2231 5597 2335 5640 non
2381 5587 2635 5652 mutatur.
2674 5577 2789 5650 ipsa
2828 5585 2911 5634 est
2958 5577 3188 5644 veritas,
3231 5577 3470 5648 ipsa_est

1946 5700 1962 5731 1
1989 5697 2212 5760 Plerique
2238 5705 2362 5754 Mss,
2386 5694 2435 5745 si
2453 5701 2498 5760 et
2515 5693 2638 5760 alius
2661 5692 2788 5760 uelit.
2808 5692 3006 5760 ﬁupple,
3030 5690 3210 5760 uidere.

1945 5763 1965 5791 ’
1991 5749 2200 5818 t.ov.,'£t
2222 5749 2359 5809 nemo
2379 5771 2428 5807 se
2460 5756 2528 5818 ibi
2551 5755 2740 5806 zelabit.
2773 5749 2964 5817 Aliq'u'ot
2987 5749 3112 5816 Mss,
3149 5751 3255 5806 sibi.
3283 5752 3384 5814 Alii,
3407 5749 3476 5804 ibi

1890 5821 2055 5871 zelabit
2086 5817 2297 5870 {omissa
2323 5817 2552 5882 particula
2575 5830 2642 5868 se.
