3950 6418
613 235 712 295 3H

588 1078 718 1134 tudo
761 1090 902 1136 tanta
948 1095 1030 1138 cst
1071 1085 1123 1140 in
1165 1087 1276 1156 ipsa
1316 1089 1618 1160 Sapientia,
1667 1105 1724 1150 ut
1753 1111 1938 1154 omnes
1982 1102 2176 1157 anima:

584 1172 977 1243 amplectantur
1003 1185 1056 1231 et
1082 1179 1439 1247 perfruantur.
1473 1183 1536 1238 Et
1563 1186 1689 1255 quid
1715 1187 1905 1253 dicam,
1942 1191 2176 1249 fratres?

542 1257 552 1332 ἒ
585 1261 918 1322 Erubescant
950 1270 1039 1338 qui
1084 1271 1160 1325 sic
1185 1285 1365 1328 amant
1397 1276 1593 1342 Deum,
1635 1288 1692 1334 ut
1715 1281 1985 1338 invideant
2010 1286 2174 1342 aliis?

543 1342 546 1344 ’
582 1355 835 1426 Aurigam
865 1359 1054 1427 perditi
1083 1362 1323 1420 homines
1343 1378 1544 1433 amant,
1569 1379 1622 1425 et
1646 1373 1885 1443 quisquis
1910 1381 2171 1434 amaverit

581 1445 822 1513 aurigam
862 1458 953 1501 aut
991 1461 1297 1508 venatorem
1321 1497 1334 1519 ,
1377 1460 1490 1512 vult
1527 1468 1582 1513 ut
1627 1470 1767 1517 totus
1794 1467 2017 1534 populus
2043 1485 2164 1525 cum

577 1533 674 1589 illo
703 1546 877 1603 amet;
909 1548 963 1592 et
992 1545 1251 1611 hortatur,
1288 1556 1340 1601 et
1367 1547 1496 1603 dicit
1517 1569 1529 1605 :
1550 1552 1739 1607 Amate
1774 1533 1980 1612 mecum
2015 1561 2163 1615 illum

579 1628 985 1693 pantomimum,
1018 1643 1194 1689 amate
1224 1636 1365 1692 illam
1390 1655 1596 1696 mecum
1627 1653 1680 1697 et
1705 1645 1844 1700 illam
1878 1651 2161 1718 turpitudi-

571 1728 720 1769 nem.
764 1717 968 1774 Clamat
1000 1723 1088 1776 ille
1116 1727 1166 1777 in
1203 1729 1429 1797 populo,
1458 1743 1516 1785 ut
1543 1745 1754 1790 ametur
1779 1752 1898 1791 cum
1929 1740 2022 1793 illo
2049 1752 2162 1796 tur-

568 1805 753 1873 pitudo
779 1827 790 1860 :
818 1821 870 1864 et
914 1811 1238 1871 christianus
1277 1833 1383 1873 non
1427 1821 1623 1877 clamat
1672 1825 1724 1879 in
1772 1827 2045 1900 Ecclesia,
2098 1844 2158 1890 ut

564 1913 774 1958 ametur
799 1921 920 1960 cum
953 1909 1043 1964 illo
1086 1912 1282 1967 veritas
1322 1915 1414 1970 Dei
1445 1917 1458 1970 ι
1492 1918 1736 1976 Excitate
1760 1937 1889 1993 ergo
1918 1923 1971 1980 in
2002 1929 2153 1984 vobis

559 2007 797 2050 amorem
819 2039 833 2063 ,
869 1998 1059 2055 fratres
1079 2045 1093 2068 ,
1127 2013 1182 2058 et
1210 2004 1436 2062 clamate
1482 2011 1773 2083 unicuique
1805 2027 2104 2074 vestrorum
2132 2063 2147 2087 ,

558 2093 615 2139 et
641 2085 800 2142 dicite
830 2089 1196 2160 :Magni/icate
1234 2095 1514 2152 Dominum
1553 2119 1766 2158 mecum.
1811 2105 1888 2161 Sit
1917 2108 1968 2163 in
1997 2085 2148 2167 vobis

551 2174 660 2232 iste
685 2176 881 2236 fervor.
913 2182 1085 2248 Quare
1112 2186 1263 2241 vobis
1306 2191 1600 2246 recitantur
1625 2194 1722 2248 ista
1743 2237 1758 2260 ,
1789 2207 1842 2252 et
1867 2215 2146 2270 exponun-

551 2266 679 2320 tur?
715 2268 769 2324 Si
798 2273 988 2326 amatis
1019 2275 1183 2331 Deum
1205 2319 1219 2343 ,
1251 2280 1420 2349 rapite
1447 2297 1636 2339 omnes
1663 2288 1730 2341 ad
1771 2304 2009 2347 amorem
2051 2296 2143 2351 Det

553 2359 644 2428 qui
689 2361 838 2416 vobis
875 2363 1207 2436 junguntur,
1255 2379 1312 2425 et
1353 2387 1541 2429 omnes
1589 2377 1680 2446 qui
1722 2390 1847 2435 sunt
1888 2383 1940 2437 in
1981 2384 2142 2440 domo

551 2459 728 2505 vestra
753 2469 766 2504 :
786 2453 830 2507 si
855 2465 1064 2511 amatur
1086 2473 1116 2512 a
1143 2460 1292 2515 vobis
1317 2477 1512 2533 corpus
1535 2463 1754 2536 Christi,
1789 2471 1838 2526 id
1860 2481 1941 2528 est
1965 2478 2140 2532 unitas

550 2539 826 2610 Ecclesiae,
855 2547 1024 2616 rapite
1063 2563 1157 2606 eos
1183 2551 1250 2606 ad
1275 2552 1558 2611 fruendum
1578 2599 1592 2624 ,
1625 2568 1680 2614 et
1709 2560 1870 2619 dicite
1895 2564 2136 2638 :Magni-

549 2633 699 2699 ﬁcate
724 2633 1001 2692 Dominum
1031 2657 1243 2696 mecum.

619 2724 670 2777 7.
703 2723 850 2797 [vers.
883 2728 960 2801 4.]
1004 2731 1072 2785 Et
1107 2735 1384 2793 exaltemus
1421 2756 1604 2798 nomen
1644 2745 1756 2817 ejus
1797 2748 1850 2801 in
1887 2749 2127 2822 idipsttm.

545 2813 680 2881 Quid
711 2827 812 2882 est,
853 2823 1130 2880 exaltemus
1153 2843 1335 2884 nomen
1359 2831 1473 2901 ejus
1497 2833 1551 2888 in
1575 2813 1797 2906 “ipsum
1815 2839 1841 2892 ?
1867 2813 1978 2896 Hoc
2010 2853 2092 2898 est
2109 2885 2124 2908 ,

538 2908 594 2962 in
625 2925 810 2967 unum.
842 2913 972 2970 Nam
1002 2919 1151 2973 multi
1176 2921 1392 2978 codices
1428 2925 1507 2980 sic
1548 2925 1744 2983 habent
1765 2947 1777 2982 :
1798 2930 2129 3003 Magniﬁcate

1838 253 1895 308 S.
1937 253 2306 312 AUGUSTINI
2346 262 2650 327 EPISCOPI

612 348 771 406 Deus.
797 349 1061 424 Numquid
1082 356 1364 427 aliquando
1382 361 1636 427 audistis,
1677 363 1888 430 fratres,
1920 369 2060 437 quod
2092 385 2190 440 po-

611 439 778 496 tuerit
814 447 1130 500 conunutari
1159 448 1297 502 Deus
1325 453 1545 506 noster?
1569 452 1991 524 Supereniinens
2020 462 2196 516 omni-

607 529 710 610 bus
736 534 932 591 veritas
959 545 1067 599 est,
1109 537 1336 594 Verbum
1370 541 1465 598 Dei
1494 553 1604 609 est,
1645 545 1914 618 Sapientia
1949 550 2042 606 Dei
2075 563 2190 617 est.

603 606 706 692 per
757 641 913 694 quem
962 627 1094 682 facta
1143 640 1266 685 sunt
1311 634 1489 689 omnia
1519 654 1530 689 :
1557 636 1715 693 habet
1749 652 2012 697 amatores
2040 659 2188 700 suos.

600 713 708 770 Sed
733 716 857 786 quid
901 717 1029 772 dicit
1066 731 1275 778 amator
1311 724 1510 792 ipsius?
1551 726 1879 800 Magni/itote
1915 732 2190 790 Dominum

598 823 812 862 mecum.
842 809 974 863 Nolo
1001 813 1145 870 solus
1175 818 1514 886 magnificare
1541 820 1822 879 Dominum
1849 867 1862 892 ,
1889 828 2012 882 nolo
2039 830 2186 885 solus

593 911 810 962 amare,
865 903 988 956 uolo
1026 905 1172 959 solus
1210 909 1479 977 amplecti.
1520 910 1636 966 Non
1677 915 1818 970 enim
1857 917 1900 970 si
1932 933 2032 989 ego
2061 936 2180 975 am~

593 987 781 1057 plexus
811 991 982 1057 fuero,
1015 1008 1121 1048 non
1153 995 1314 1053 habet
1337 999 1473 1054 alius
1498 1001 1586 1056 ubi
1608 1018 1797 1060 manus
1822 987 1999 1075 ponat.
2029 1009 2180 1065 Lati-

536 2999 818 3058 Dominum
862 3023 1054 3062 mecum
1075 3051 1090 3074 ,
1137 3021 1184 3065 et
1211 3013 1491 3071 exaltemus
1513 3034 1694 3073 nomen
1731 3024 1841 3090 ejus
1864 3023 1916 3076 in
1942 3041 2119 3080 unum.

536 3091 664 3148 Sive
685 3095 739 3147 in
763 3097 986 3165 idipsum
1015 3099 1255 3170 dicatur,
1297 3105 1411 3159 sive
1438 3107 1491 3160 in
1529 3124 1714 3174 unum;
1744 3111 1844 3166 hoc
1870 3113 2010 3170 idem
2036 3116 2121 3172 di-

531 3181 690 3236 citur.
720 3184 860 3254 Ergo
882 3187 1050 3256 rapite
1074 3204 1208 3259 quos
1230 3195 1475 3261 potestis,
1496 3195 1777 3264 hortando,
1806 3205 2113 3272 portando‘,

529 3275 791 3344 rogando,
818 3277 1159 3348 disputando,
1189 3283 1452 3339 rationem
1483 3287 1786 3357 reddendo,
1820 3307 1939 3348 cum
1968 3311 2119 3352 man-

525 3365 843 3434 suetudine,
891 3383 1013 3424 cum
1057 3370 1511 3445 lenitatezrapite
1555 3379 1625 3434 ad
1668 3397 1940 3453 amorem;
1988 3391 2115 3445 utsi

524 3456 870 3526 magniﬁcam
901 3460 1205 3530 Dominum,
1239 3467 1292 3521 in
1321 3482 1482 3524 unum
1512 3473 1869 3542 inagnilicent.
1897 3479 1963 3534 Et
1990 3495 2113 3549 pars

523 3546 720 3602 Donati
746 3549 956 3605 videtur
985 3553 1085 3607 sibi
1129 3557 1471 3627 magniﬁcare
1510 3560 1791 3620 Dominum
1821 3584 1834 3619 :
1863 3546 2004 3638 quid
2017 3587 2112 3628 eos

523 3636 749 3694 offendit
775 3641 922 3696 orbis
949 3647 1254 3701 terrarum?
1282 3649 1534 3706 Dicamus
1564 3653 1668 3708 illis
1688 3697 1703 3722 ,
1737 3636 1929 3714 fratres
1953 3677 1966 3713 :
1991 3661 2109 3716 Ma-

521 3729 758 3800 gniﬁcate
783 3731 1056 3788 Dominum
1085 3751 1277 3792 mecum
1296 3779 1310 3804 ,
1341 3749 1388 3793 et
1412 3743 1689 3799 exaltemus
1714 3763 1894 3804 nomen
1921 3752 2030 3822 ejus
2054 3754 2108 3809 in

516 3835 700 3875 unum.
739 3822 916 3888 Quare
943 3823 997 3879 in
1027 3828 1342 3896 praecisione
1371 3833 1530 3889 vultis
1559 3838 1897 3905 magniﬁcare
1926 3842 2107 3900 Domi-

516 3911 688 3966 num?
714 3912 808 3966 llle
848 3930 984 3971 unus
1008 3926 1108 3982 est,
1139 3933 1306 3989 quare
1331 3921 1466 3978 duos
1496 3927 1718 3995 p0pulos
1744 3931 1902 3986 vultis
1928 3932 2104 3992 facere

515 3999 671 4057 Deo?
713 4001 892 4070 Quare
935 4006 1093 4062 vultis
1134 4006 1402 4080 dissipare
1445 4028 1640 4085 corpus
1684 4017 2103 4082 Christi?Certe

514 4091 660 4147 enim
689 4092 803 4162 ipse
831 4093 1099 4163 pendebat
1125 4097 1178 4152 in
1203 4112 1398 4168 cruce,
1431 4105 1642 4173 quando
1671 4113 2056 4179 tympanizabat
2083 4133 2096 4169 :

509 4189 566 4236 et
600 4196 722 4238 cum
749 4184 1005 4253 penderet
1031 4187 1082 4242 in
1108 4203 1301 4258 cruce,
1347 4193 1520 4249 emisit
1546 4197 1828 4266 Spiritum;
1857 4214 1910 4258 et
1938 4220 2099 4263 vene-

508 4281 637 4328 runt
675 4272 752 4327 illi
777 4275 868 4343 qui
893 4289 1014 4330 eum
1045 4279 1472 4350 suspenderant,
1519 4294 1574 4339 et
1621 4287 1936 4348 invenerunt
1970 4310 2093 4350 eum

507 4361 753 4418 emisisse
779 4366 1048 4435 spiritum,
1075 4377 1132 4424 et
1167 4385 1275 4426 non
1302 4372 1378 4428 illi
1415 4371 1687 4447 fregerunt
1711 4395 1864 4437 crura
1892 4401 1904 4436 :
1931 4386 2092 4441 latro-

503 4451 666 4509 nibus
715 4466 895 4510 autem
943 4457 1118 4514 adhuc
1164 4459 1220 4515 in
1267 4475 1427 4517 cruce
1472 4466 1768 4524 viventibus
1821 4472 2092 4544 fregerunt

505 4543 686 4615 (Joan.
716 4561 830 4613 ιιι,
857 4547 943 4614 52,
970 4547 1085 4619 55),
1108 4559 1167 4605 ut
1191 4566 1287 4622 per
1310 4553 1483 4624 ipsum
1509 4556 1745 4616 dolorem
1773 4543 2090 4635 compendio

502 4635 694 4690 mortis
719 4635 786 4691 ab
809 4637 900 4692 illo
928 4639 1166 4696 cruciatu
1188 4641 1560 4714 liberarentur,
1588 4654 1855 4720 quomodo
1880 4657 2088 4716 solebat

500 4725 774 4781 cruciﬁxis
817 4726 952 4783 ﬁeri.
995 4729 1139 4802 Ergo
1166 4734 1314 4790 venit
1353 4749 1681 4808 persecutor,
1731 4744 1934 4802 invenit
1977 4749 2084 4807 Do-

500 4815 706 4874 minum
734 4818 914 4886 quiete
957 4819 1270 4891 deposuisse
1312 4827 1554 4897 Spiritum
1583 4834 1740 4903 :quia
1772 4837 1885 4907 ipse
1911 4841 2079 4912 dixit,

503 4903 806 4961 Potestatem
835 4909 991 4966 habeo
1042 4918 1262 4979 ponendi
1299 4921 1519 4976 animam
1565 4941 1724 4981 nteant
1755 4903 1865 5000 (id.
1888 4903 2076 5007 3318);

495 4995 603 5049 Pro
629 4997 821 5067 quibus
851 5003 1026 5070 posuit
1052 5006 1282 5062 animam
1309 5013 1497 5066 suam?
1524 5015 1626 5072 Pro
1653 5020 1898 5078 universa
1927 4995 2080 5096 plebe

493 5102 612 5154 sua,
642 5104 740 5159 pro
785 5099 896 5145 toto
929 5108 1154 5164 corpore
1179 5114 1296 5155 suo.
1326 5101 1484 5160 Venit
1507 5121 1634 5179 ergo
1657 5125 1992 5186 persecutor,
2024 5131 2079 5177 et

492 5193 598 5234 non
645 5181 800 5252 fregit
841 5197 996 5241 crura
1024 5186 1220 5244 Christi
1253 5211 1266 5246 :
1301 5196 1442 5250 venit
1483 5197 1717 5258 Donatus
1754 5215 1809 5260 et
1850 5181 2078 5281 disrupit

491 5271 788 5328 Ecclesiam
825 5274 1044 5336 Christi.
1083 5278 1347 5354 [ntegrum
1390 5301 1584 5358 corpus
1611 5291 1811 5351 Christi
1837 5299 1888 5353 in
1915 5316 2074 5360 cruce

490 5362 631 5418 inter
651 5381 840 5420 manus
869 5382 1268 5436 persecutorum
1303 5386 1406 5440 est,
1436 5390 1490 5434 et
1521 5381 1659 5437 inter
1697 5403 1883 5445 manus
1913 5393 2072 5450 Chri-

487 5454 784 5511 Stianorum
811 5475 914 5513 non
944 5472 1026 5517 est
1047 5463 1309 5535 integrum
1340 5483 1533 5539 corpus
1559 5473 1830 5534 Ecclesize.
1859 5483 2068 5541 Clame-

551 5586 919 5675 LMsnquu‘i‘d’aAm
942 5598 1184 5661 omittunt,
1213 5601 1464 5663 portando.
1491 5607 1705 5660 Nonnulli
1731 5611 1838 5675 ejus
1861 5613 1965 5667 loco
1984 5618 2069 5671 ha-

483 5650 620 5708 bent,
643 5650 886 5711 operando

3734 317 3806 374 5|!

2312 392 2432 500 mus
2457 396 2584 453 ergo
2603 387 2870 500 ,"fratres,
2910 411 3030 454 cum
3055 405 3253 472 gemitu
3288 423 3534 482 quantum
3560 435 3806 500 possumus,

2306 467 2582 530 dicentes:
2607 476 2933 552 Magniﬁcam
2971 467 3247 552 Dominum
3288 467 3511 576 mecum,
3537 467 3806 584 eleuatum;

2304 577 2484 617 nomen
2521 569 2629 637 ejus
2658 571 2709 624 in
2740 591 2917 632 unum.
2947 581 3182 643 Ecclesia
3211 594 3349 648 enim
3381 597 3486 652 illis
3515 604 3685 664 clamat
3703 631 3714 667 :
3733 632 3800 673 tot

2308 661 2379 673 ι.--
2413 654 2452 673 π
2469 671 2478 673 λ
2504 657 2534 673 ν·
2604 661 2615 671 ⁸
2744 666 2753 673 ⁵

2301 661 2385 706 est
2411 654 2683 725 Ecclesize.
2709 666 2943 724 clamans
2967 674 3070 730 illis
3090 679 3178 748 qui
3208 696 3266 737 se
3293 690 3672 754 praeciderunt‘.
3696 654 3802 762 llud;
3890 709 3891 750 ἲ

2299 747 2441 801 enim
2493 750 2716 824 disrupti
2765 765 2923 818 sunt?
2964 766 3068 824 Per
3109 777 3431 844 superbiam.
3483 785 3630 844 Docet
3675 808 3800 855 autem

3174 836 3190 844 _
3484 836 3630 844 η---
3675 836 3800 855 ...ηυηι
3890 837 3891 858 ι

2296 836 2541 899 Christus
2591 847 2974 923 humilitatem.
3029 877 3151 920 cum
3201 876 3537 932 commendat
3577 898 3736 954 corpus
3768 908 3802 948 et

2292 935 2602 1002 sanguinem
2636 955 2789 999 suum
2817 966 2830 1001 :
2855 950 2994 1019 quod
3026 954 3256 1014 diximus
3283 962 3554 1026 Sanctitati
3581 935 3746 1035 Vestra:
3766 987 3798 1037 in

2292 1021 2393 1050 ,ΜΛ
2423 1026 2614 1050 num.
2650 1043 2662 1050 _
2743 1047 2751 1050 _
2892 1043 2904 1050 .

2250 1289 2252 1291 g
2285 1202 2502 1311 Christi,
2533 1226 2690 1282 quam
2722 1233 2816 1286 pro
2843 1225 2994 1280 nobis
3022 1202 3290 1303 suscipere
3317 1238 3559 1311 dignatus
3583 1260 3670 1304 est.

2353 1296 2405 1351 8.
2457 1297 2608 1373 [vers.
2650 1307 2728 1381 5.]
2774 1310 3022 1386 lnquisiui
3067 1320 3358 1394 Dominum,
3375 1296 3451 1387 “et
3486 1345 3794 1403 exaudirituu.

2281 1384 2381 1442 Ubi
2425 1395 2716 1498 efaudivit.
2739 1384 3028 1465 Dominus?
3073 1413 3236 1472 Intus.

2277 1491 2428 1586 oras:
2451 1482 2520 1537 ibi
2548 1489 2835 1561 exaudiris,
2861 1496 2930 1552 ibi
2957 1498 3294 1564 beatiﬁearis.
3322 1482 3552 1586 Orasti',
3576 1482 3794 1586 exaudiit;

2274 1580 2367 1634 es,
2412 1569 2744 1636 beatiﬁcatus
2784 1601 2872 1652 es;
2926 1599 2979 1645 et
3024 1610 3129 1650 non
3176 1599 3278 1656 scit
3321 1607 3411 1674 qui
3451 1569 3593 1678 jux'ta
3631 1626 3675 1672 te
3695 1569 3792 1679 sta:

2271 1669 2477 1727 gestum
2506 1677 2587 1721 est
2616 1679 2780 1728 totum
2808 1676 2859 1732 in
2892 1686 3120 1754 occulto,
3152 1690 3292 1748 sicut
3320 1669 3572 1758 Dominus
3597 1706 3642 1761 in
3661 1709 3790 1768 Evan-

2268 1749 2407 1817 gelio
2436 1753 2560 1810 dicit
2588 1775 2603 1813 :
2633 1759 2779 1817 Intra
2816 1767 2868 1821 in
2907 1773 3196 1831 cubiculum
3245 1792 3418 1856 tuum,
3459 1793 3630 1850 claude
3656 1803 3792 1857 ostium

2267 1848 2430 1956 tuum,
2480 1857 2530 1900 et
2569 1866 2660 1905 ora
2703 1854 2753 1909 in
2793 1861 3018 1929 occulto,
3061 1879 3109 1922 et
3154 1870 3314 1930 Pater
3353 1848 3472 1936 tutus
3508 1887 3590 1956 qui
3623 1890 3789 1950 videtin

2264 1934 2479 2047 acqulto',
2527 1942 2698 1996 reddet
2728 1945 2817 2001 tibi
2846 1951 3059 2019 (Matt/1.
3104 1975 3156 2016 Vl
3177 2003 3190 2028 ,
3240 1964 3317 2037 6).
3363 1934 3790 2047 Cum

2261 2023 2560 2084 cubiculum
2595 2041 2740 2089 tuum
2767 2080 2782 2105 ,
2816 2040 2982 2100 intras
3011 2063 3104 2104 cor
3131 2023 3298 2110 tuuml.
3331 2058 3480 2118 Beati
3509 2023 3788 2139 quiogaudeut

2261 2117 2466 2139 ...ηε-..1-
2516 2120 2586 2139 ελΑι
2695 2135 2706 2139 -
2804 2129 2816 2139 “

2257 2117 2471 2214 quando
2514 2120 2712 2180 intrant
2750 2129 2816 2184 ad
2844 2147 2940 2188 cor
2963 2150 3116 2195 suum
3142 2184 3157 2208 ,
3204 2156 3257 2200 et
3283 2150 3419 2206 nihil
3447 2117 3564 2212 majli
3591 2117 3652 2216 iiii
3674 2162 3784 2222 iure.

2258 2203 2428 2306 niunt.
2477 2211 2725 2272 Attendat
2770 2217 3038 2284 Sanctitas
3086 2203 3781 2314 vestrazquomodo'noluiit

2254 2294 2455 2354 intrare
2479 2302 2668 2360 domos
2687 2325 2808 2366 suas
2829 2316 2915 2384 qui
2939 2316 3135 2378 habent
3155 2329 3321 2386 malas
3341 2294 3552 2405 uxores,
3571 2347 3781 2412 quomodo

2251 2400 2448 2488 exeunt
2475 2393 2540 2447 ad
2568 2393 2740 2453 forum
2762 2443 2777 2468 ,
2824 2413 2878 2459 et
2913 2411 3176 2482 gaudent;
3207 2423 3375 2490 cmpit
3402 2393 3684 2496 hora’esse,
3709 2451 3778 2504 qua

2920 2475 2937 2478 -
3163 2475 3174 2482 ν
3274 2475 3373 2490 ίιί-
3402 2475 3530 2482 -νν-
3555 2475 3684 2496 ’νυ-’ν’
3737 2475 3775 2490 ⁸⁸⁸·

2249 2475 2448 2538 intrent
2469 2485 2520 2540 in
2550 2486 2766 2550 domum
2787 2511 2956 2566 suam,
2991 2510 3414 2573 contristantur:
3440 2521 3663 2580 intraturi
3684 2475 3775 2583 sint

2245 2573 2386 2628 enim
2431 2577 2496 2631 ad
2536 2581 2728 2653 taedia,
2775 2589 2843 2645 ad
2887 2609 3190 2668 murmura,
3234 2606 3299 2660 ad
3330 2613 3707 2681 amaritudines,
3730 2620 3776 2674 ad

2244 2669 2582 2766 eversiones;
2616 2678 2738 2747 quia
2770 2696 2875 2739 non
2905 2697 2987 2742 est
3011 2689 3204 2751 domus
3230 2703 3548 2773 composita,
3579 2709 3654 2763 ubi
3677 2711 3776 2766 inter

2239 2755 2412 2857 virum
2436 2771 2488 2857 et
2509 2780 2730 2825 uxorem
2755 2788 2858 2843 pax
2887 2780 3031 2836 nulla
3056 2794 3166 2851 est;
3199 2797 3254 2844 et
3281 2795 3475 2851 melius
3501 2798 3568 2852 illi
3591 2810 3661 2856 est
3681 2802 3773 2857 loris

2238 2846 2542 2909 circumire.
2589 2857 2646 2913 Si
2676 2876 2802 2934 ergo
2831 2868 3013 2926 miseri
3056 2886 3213 2944 sunt,
3247 2883 3337 2953 qui
3367 2900 3487 2942 cum
3514 2891 3706 2946 redeunt
3724 2893 3772 2949 ad

2235 2942 2468 3041 parietes
2493 2960 2652 3016 suos,
2689 2953 2878 3013 timent
2915 2977 2984 3019 ne
3007 2942 3282 3038 aliquibus
3293 2989 3513 3034 suorum
3544 2985 3768 3052 perturba-

2237 3029 2469 3090 tionibus
2498 3050 2831 3113 evertantur;
2863 3064 3061 3121 quanto
3091 3071 3215 3116 sunt
3253 3029 3593 3138 miserioresr,
3629 3075 3701 3145 qui
3720 3075 3766 3129 ad

2232 3125 2615 3183 conscientiam
2647 3147 2797 3190 suam
2827 3141 3001 3200 redire
3026 3149 3234 3220 nolunt,
3281 3173 3349 3213 ne
3385 3160 3458 3216 ibi
3486 3125 3656 3221 litibus
3671 3181 3765 3236 pec-

2229 3220 2470 3271 catorum
2511 3232 2854 3285 evertantur!
2886 3233 3030 3305 Ergo
3061 3251 3115 3295 ut
3145 3247 3319 3313 possis
3344 3251 3519 3311 libens
3547 3220 3696 3314 redire
3715 3259 3764 3314 ad

2227 3315 2322 3356 cor
2351 3312 2530 3406 tuum,
2573 3315 2769 3371 munda
2812 3312 3156 3385 illudzbeati
3189 3338 3333 3394 enim
3384 3345 3561 3400 mundi
3602 3348 3759 3414 corde,

2224 3393 2475 3506 quoniam
2516 3399 2614 3470 ipsi
2659 3404 2824 3465 Deum
2862 3413 3119 3476 videbunt
3148 3423 3258 3496 (Id.
3287 3445 3352 3497 ν,

2222 3487 2568 3556 cupiditatum
2591 3498 2798 3571 sordes,
2809 3503 2967 3562 aufer
2987 3487 3166 3568 labem‘
3181 3487 3445 3595 avariiiae:
3465 3529 3603 3586 aul’er
3621 3530 3758 3586 tabem

2220 3581 2698 3657 superstitionum,
2748 3593 2900 3650 aufer
2956 3605 3231 3678 sacrilegia
3283 3622 3336 3669 et
3389 3581 3551 3675 nialas
3597 3622 3757 3691 cogita-

2220 3669 2424 3736 tiones;
2455 3674 2572 3729 odia
2593 3719 2608 3744 ,
2646 3696 2749 3736 non
2786 3685 2904 3740 dico
2930 3690 3189 3751 adversus
3213 3703 3476 3774 amicum,
3521 3709 3606 3765 sed
3632 3669 3756 3765 eatiam

2214 3759 2472 3819 adversus
2519 3767 2787 3828 inimicum
2813 3793 2825 3828 :
2851 3780 2998 3835 aul'er
3046 3783 3146 3841 ista
3187 3794 3400 3861 omnia;
3444 3799 3573 3855 intra
3611 3799 3654 3855 in
3685 3814 3755 3854 cor

2213 3857 2401 3951 tuum,
2447 3865 2514 3962 et.
2552 3861 2805 3960 gaudebis
2847 3866 2937 3923 ibi.
2987 3869 3120 3930 Cum
3156 3879 3226 3935 ibi
3267 3857 3494 3957 coeperis
3529 3891 3749 3962 gaudere,

2212 3941 2323 4011 ipsa
2352 3947 2609 4005 munditia
2635 3956 2810 4011 cordis
2842 3960 2915 4014 tui
2943 3961 3228 4026 delectabit
3248 3981 3320 4040 te,
3352 3941 3746 4036 eti—lacietorare;

2209 4040 2476 4106 quomodo
2513 4044 2557 4098 si
2596 4049 2776 4106 venias
2805 4052 2871 4107 ad
2900 4055 3128 4128 aliquem
3161 4063 3372 4134 locum,
3418 4075 3664 4130 silentium
3687 4081 3747 4128 est

2208 4125 2312 4192 ibi,
2348 4128 2484 4186 forte
2514 4134 2665 4203 quies
2701 4149 2782 4194 est
2821 4142 2929 4210 ibi,
2979 4125 3206 4208 mundus
3235 4167 3319 4212 est
3343 4125 3517 4230 locus;
3561 4163 3744 4220 Oremus

2207 4213 2313 4284 hic,
2358 4219 2491 4276 dicis
2517 4242 2529 4277 :
2555 4235 2610 4280 et
2651 4227 2879 4288 delectat
2909 4243 2959 4291 te
2985 4247 3306 4311 compositio
3337 4251 3440 4308 loci
3465 4295 3480 4321 ,
3503 4213 3571 4310 ⁷(ει
3604 4251 3743 4309 credis

2202 4311 2345 4409 quod
2386 4313 2456 4368 ibi
2503 4325 2554 4372 te
2594 4322 2842 4380 exaudiat
2883 4327 3041 4385 Deus.
3091 4334 3148 4390 Si
3186 4352 3314 4409 ergo
3359 4311 3740 4402 loci'visibiliste

2201 4399 2430 4458 delectat
2456 4409 2714 4466 munditia
2739 4455 2753 4480 ,
2781 4431 2945 4486 quare
2977 4432 3026 4478 te
3057 4440 3162 4482 non
3191 4399 3411 4492 offendit
3447 4435 3737 4493 immunditia

2198 4493 2376 4548 cordis
2405 4497 2518 4551 tui?
2547 4498 2710 4570 intra,
2743 4508 2939 4564 munda
2965 4517 3140 4571 omnia
3165 4560 3180 4586 ,
3213 4521 3325 4580 leva
3354 4529 3531 4583 oculos
3559 4538 3663 4582 tuos
3685 4523 3736 4578 ad

2197 4581 2388 4652 Deum,
2417 4598 2469 4641 et
2496 4593 2676 4646 statim
2711 4603 2760 4650 te
2781 4601 3044 4658 exaudiet.
3077 4581 3279 4680 Clama,
3305 4581 3468 4674 etrdic
3492 4638 3506 4674 :
3527 4613 3735 4688 Inquisivi

2195 4672 2500 4745 Dominum,
2548 4691 2594 4736 et
2633 4687 2886 4745 exaudivit
2926 4710 3043 4760 me;
3081 4710 3129 4754 et
3169 4719 3232 4758 ea:
3281 4709 3512 4764 omnibus
3556 4672 3731 4764 tribula-

2195 4768 2412 4826 tionibus
2441 4774 2567 4830 meis
2595 4780 2722 4833 eruit
2757 4798 2851 4837 me.
2883 4785 3105 4853 Quare?
3130 4793 3262 4862 Quia
3306 4815 3426 4858 eum
3457 4803 3607 4859 lueris
3632 4800 3726 4855 illu-

2191 4861 2441 4932 minatus,
2461 4881 2580 4923 cum
2598 4875 2822 4943 coeperis
2837 4876 2923 4933 hic
2939 4878 3136 4940 habere
3151 4884 3343 4946 bonam
3365 4893 3722 4952 conscientiam.

2189 4962 2390 5010 restant
2421 4959 2786 5019 tribulationes
2809 5009 2823 5034 ,
2875 4971 2999 5039 quia
3045 4986 3211 5036 restat
3251 4983 3446 5055 aliquid
3476 4985 3723 5043 inlirmunn

2186 5043 2356 5101 donec
2383 5063 2528 5104 mors
2548 5051 2893 5112 absorbeatur
2922 5061 2972 5116 in
3003 5066 3301 5140 victoriam,
3331 5043 3384 5131 et
3411 5077 3620 5133 mortale
3642 5074 3733 5137 hoc.

2187 5136 2370 5193 induat
2409 5140 2861 5204 immortalitatem
2908 5150 2964 5224 (ι
3005 5156 3120 5212 Cor.
3164 5177 3256 5230 xv,
3288 5136 3634 5238 34):necesse
3659 5170 3721 5216 εει

2184 5239 2242 5284 ιιι
2270 5231 2324 5285 in
2356 5232 2456 5288 hoc
2484 5239 2680 5293 saeculo
2724 5239 3037 5313 ﬂagelleris;
3088 5268 3307 5315 necesse
3346 5272 3426 5318 est
3463 5271 3517 5317 ut
3550 5261 3718 5327 aliquas

2183 5324 2503 5382 tentationes
2545 5338 3014 5409 suggestionesquc
3044 5345 3279 5411 patiaris.
3323 5352 3579 5409 Mundabit
3602 5324 3716 5403 Deus

2180 5413 2388 5480 omnia,
2417 5428 2568 5473 eruet
2611 5429 2662 5474 te
2691 5421 2756 5477 ab
2781 5429 2924 5481 omni
2959 5432 3314 5507 tribulatione,
3350 5444 3510 5514 ipsum
3547 5450 3710 5512 qua'l‘c-

2242 5567 2259 5649 ξ
2378 5569 2431 5649 in
2452 5577 2553 5649 uss.
2580 5576 2701 5649 stin
2726 5579 2858 5649 eum,
2884 5584 3320 5649 pra-ciputwerunt.

2177 5628 2260 5738 An:
2283 5634 2356 5740 iri
2372 5638 2588 5741 t.ov.,
2627 5641 2788 5690 Crasti
2805 5628 3320 5708 ni:&t,"éa}'5az"tiiiii§
3347 5659 3498 5720 Abest,
3526 5646 3706 5710 ὑείων*
