3950 6424
190 469 237 526 9.
273 463 506 535 Inquisivi
534 460 842 524 Dominum,
889 467 936 511 et
963 453 1219 511 exaudivit
1263 469 1362 507 me.
1404 451 1504 520 Qui
1552 464 1682 521 ergo

130 577 221 620 non
252 557 612 617 exaudiuntur,
661 566 766 606 non
807 549 1090 605 Dominum
1133 553 1397 617 quaerunt.
1446 542 1688 597 lntendat

120 650 359 710 Sanctitas
387 645 608 700 Vestra:
655 656 760 696 non
790 638 956 702 dixit,
1005 635 1254 708 lnquisivi
1296 649 1482 688 aurum
1523 648 1554 686 a
1580 632 1686 686 Do-

127 743 269 804 mino,
297 746 350 793 et
385 734 654 791 exaudivit
688 747 804 797 me;
834 728 1080 800 inquisivi
1118 742 1149 781 a
1178 726 1404 782 Domino
1436 734 1685 780 senectu-

127 843 246 896 tem,
281 841 334 885 et
371 827 644 884 exaudivit
680 839 801 889 me;
841 821 1088 892 inquisivi
1133 835 1164 875 a
1210 819 1436 874 Domino
1462 815 1564 873 hoc
1596 827 1687 873 aut

131 926 261 989 illud,
289 933 341 978 et
375 919 644 978 exaudivit
669 933 777 974 me.
820 915 974 971 Aliud
1005 922 1090 970 est
1113 912 1312 984 aliquid
1358 910 1626 982 inquirere
1653 926 1682 964 a

133 1017 350 1080 Domino,
387 1011 530 1068 aliud
557 1011 730 1080 ipsum
757 1007 1039 1063 Dominum
1085 1004 1373 1074 inquirere.
1403 1000 1683 1072 lnquisivi,

132 1109 302 1181 inquit,
334 1105 635 1166 Dominum,
665 1110 712 1156 et
737 1098 992 1155 exaudivit
1015 1113 1114 1150 me.
1144 1095 1228 1151 Tu
1269 1103 1444 1149 autem
1475 1091 1686 1163 quando

130 1214 253 1264 oras,
297 1205 349 1252 et
385 1195 554 1261 dicis,
597 1190 794 1248 Occide
836 1189 982 1245 illum
1013 1186 1285 1242 inimicum
1324 1199 1536 1248 meum;
1580 1197 1687 1236 non

131 1291 377 1348 Dominum
407 1285 661 1358 inquiris,
701 1281 797 1338 sed
820 1281 974 1352 quasi
1013 1278 1144 1334 facis
1172 1287 1224 1333 te
1262 1276 1498 1348 judicem
1524 1289 1686 1346 super

129 1380 366 1437 inimicum
405 1387 585 1443 tuum,
639 1381 692 1429 et
739 1370 869 1427 facis
911 1368 986 1443 (a)
1035 1367 1471 1440 quzestionarium
1517 1366 1684 1422 Deum

129 1482 270 1527 tuum.
295 1467 445 1525 Unde
474 1466 580 1521 scis
605 1479 674 1520 ne
701 1462 891 1518 melior
918 1471 970 1516 te
996 1459 1066 1515 sit
1092 1458 1246 1529 cujus
1283 1467 1508 1512 mortem
1535 1472 1684 1527 qua:-

126 1563 220 1621 ris?
242 1561 316 1618 Eo
354 1561 473 1632 ipso
506 1558 644 1614 forte
663 1599 678 1622 ,
708 1555 830 1627 quia
862 1554 952 1610 ille
980 1566 1086 1608 non
1125 1549 1318 1622 quaerit
1352 1560 1516 1604 tuam.
1546 1549 1686 1620 Ergo

125 1655 214 1711 noli
235 1650 426 1723 aliquid
461 1665 493 1704 a
521 1648 745 1704 Domino
766 1652 918 1701 extra
945 1656 1218 1715 quaerere,
1250 1638 1345 1697 sed
1373 1641 1545 1711 ipsum
1573 1638 1686 1693 Do-

124 1745 298 1800 minum
325 1754 545 1812 quaere,
575 1747 629 1793 et
652 1734 900 1792 exaudiet
941 1743 1027 1799 te,
1055 1741 1110 1788 et
1133 1729 1307 1786 adhuc
1345 1738 1397 1785 te
1435 1729 1686 1799 loquente

124 1835 259 1899 dicet,
287 1831 422 1886 Ecce
444 1829 626 1884 adsum
653 1825 807 1899 (Isai.
834 1839 957 1890 txv,
988 1822 1107 1896 24).
1135 1820 1272 1890 Quid
1295 1829 1398 1888 est,
1431 1816 1566 1874 Ecce
1590 1817 1686 1871 ad-

122 1925 250 1982 sum?
273 1923 412 1980 Ecce
439 1935 677 1993 praesens
702 1933 853 1986 sum,
884 1914 1012 1987 quid
1041 1916 1121 1970 vis
1139 1955 1155 1981 ,
1197 1912 1324 1985 quid
1350 1928 1382 1967 a
1425 1927 1514 1968 me
1538 1926 1686 1982 qua:-

121 2018 210 2074 ris?
233 2012 494 2085 Quidquid
519 2011 612 2068 tibi
640 2009 840 2066 dedero
859 2049 875 2076 ,
917 2007 1078 2062 vilius
1102 2014 1184 2061 est
1210 2019 1370 2076 quam
1398 2019 1497 2075 ego
1527 2022 1540 2058 :
1572 2015 1688 2060 me-

121 2111 268 2180 ipsum
294 2107 432 2162 habe
460 2106 500 2171 ¹,
531 2117 619 2158 me
660 2101 872 2167 fruere,
920 2114 1006 2154 me
1047 2098 1370 2168 amplectere
1399 2113 1411 2147 :
1442 2094 1684 2150 nondum

120 2209 248 2271 potes
292 2205 434 2253 totus
477 2196 535 2260 ¹;
583 2208 652 2249 ex
696 2191 801 2247 fide
841 2190 1089 2260 continge
1133 2203 1250 2254 me,
1301 2194 1354 2244 et
1402 2186 1687 2242 inhaerebis

119 2291 227 2347 mihi
254 2290 394 2365 (hoc
421 2288 516 2345 tibi
552 2287 696 2343 Deus
719 2281 900 2357 dicit),
925 2295 979 2339 et
1003 2292 1197 2338 caetera
1222 2295 1384 2336 onera
1411 2289 1498 2335 tua
1528 2293 1627 2350 ego
1654 2293 1684 2333 a

119 2395 161 2440 te
183 2385 466 2454 deponam,
511 2390 571 2435 ut
613 2387 754 2435 totus
784 2377 912 2432 mihi
943 2375 1240 2439 inhaereas,
1265 2387 1387 2427 cum
1413 2370 1515 2426 hoc
1544 2385 1689 2426 mor-

118 2475 206 2529 tale
243 2483 391 2528 tuum
424 2469 495 2526 ad
532 2467 987 2524 immortalitatem
1025 2474 1342 2520 convertero
1369 2461 1420 2536 (l
1447 2459 1564 2518 Cor.
1594 2476 1685 2528 xv,

117 2566 226 2639 54);
255 2573 315 2619 ut
337 2565 411 2619 sis
438 2559 660 2633 aequalis
689 2558 906 2629 Angelis
931 2557 1065 2613 meis
1095 2555 1306 2628 (Matth.
1335 2569 1466 2621 χιιι,
1487 2553 1604 2624 50),
1631 2560 1688 2608 et

115 2673 309 2727 semper
337 2655 518 2712 videas
547 2652 738 2709 faciem
767 2666 965 2716 meam,
996 2658 1051 2705 et
1076 2647 1329 2720 gaudeas,
1355 2656 1410 2702 et
1437 2647 1686 2718 gaudium

116 2759 242 2805 tuum
269 2765 429 2804 nemo
458 2747 668 2803 auferet
705 2760 738 2800 a
779 2753 832 2800 te
865 2743 1042 2816 (Joan.
1070 2758 1178 2809 xvn,
1208 2740 1336 2810 22);
1368 2741 1488 2811 quia
1517 2740 1689 2810 inqui-

113 2844 212 2898 sisti
239 2843 524 2898 Dominum
540 2883 556 2907 ,
599 2847 656 2896 et
681 2837 952 2896 exaudivit
977 2846 1058 2904 te,
1085 2842 1139 2890 et
1162 2849 1230 2890 ex
1251 2833 1497 2889 omnibus
1523 2832 1689 2888 tribu-

113 2935 384 2990 lationibus
405 2933 512 2989 tuis
540 2932 684 2990 eruit
705 2940 782 2988 te.

172 3026 237 3080 to
279 3023 434 3098 [τετε.
479 3021 559 3094 6.]
609 3021 850 3077 Diximus
889 3019 970 3090 (ὸ)
1010 3017 1129 3090 quis
1169 3024 1316 3073 esset
1355 3015 1685 3082 exhortator,

113 3127 301 3172 amator
329 3116 422 3172 ille
443 3155 458 3181 ,
486 3115 578 3185 qui
606 3129 713 3169 non
743 3111 891 3168 solus
914 3111 1026 3167 vult
1063 3109 1311 3180 amplecti
1339 3109 1482 3179 quod
1509 3115 1685 3176 amat,

109 3218 156 3262 et
177 3208 301 3264 dicit
325 3228 339 3262 :
375 3206 609 3261 Accedite
634 3203 703 3259 ad
729 3221 868 3270 eum,
897 3211 946 3258 et
971 3201 1350 3258 illuminamini.
1378 3201 1518 3257 Dicit
1545 3201 1690 3257 enim

109 3300 234 3368 quod
273 3301 394 3370 ipse
433 3295 696 3369 probavit.
738 3292 1039 3365 Spiritualis
1072 3292 1215 3348 enim
1244 3292 1458 3363 quidam
1487 3292 1542 3348 in
1569 3307 1692 3348 cor-

110 3406 227 3460 pore
254 3389 492 3456 Christi,
533 3389 618 3444 vel
660 3388 820 3443 etiam
863 3387 978 3457 ipse
1015 3385 1274 3442 Dominus
1311 3395 1493 3441 noster
1535 3385 1690 3443 Jesus

106 3484 339 3539 Christus
365 3480 663 3538 secundum
687 3493 926 3546 carnem,
954 3485 1115 3548 caput
1137 3477 1427 3536 exhortans
1450 3478 1690 3534 membra

109 3587 281 3632 cetera
303 3617 320 3644 ,
353 3574 486 3646 quid
515 3572 682 3629 dicit?
710 3571 940 3626 Accedite
963 3570 1031 3624 ad
1063 3586 1204 3634 eum,
1234 3579 1279 3624 et
1308 3569 1687 3625 illuminamini.

105 3670 198 3723 Aut
225 3670 414 3738 potius
434 3665 759 3722 christianos
780 3663 969 3734 aliquis
988 3661 1278 3733 spiritualis
1297 3661 1363 3717 ad
1387 3662 1556 3732 ipsum
1577 3662 1688 3717 Da-

106 3760 290 3814 minnm
315 3767 567 3813 nostrum
597 3755 776 3811 Jesum
794 3753 1060 3809 Christum
1073 3752 1260 3806 invitat
1275 3761 1331 3806 ut
1350 3751 1688 3808 accedamus.

105 3849 198 3906 Sed
216 3850 548 3908 accedamus
573 3847 638 3904 ad
661 3863 806 3912 eum,
823 3856 879 3903 et
893 3846 1276 3910 illuminemur;
1303 3861 1406 3900 non
1425 3845 1693 3916 quomodo

103 3941 158 3994 ad
180 3957 296 3996 eum
322 3946 679 3996 accesserunt
697 3936 884 4002 Judari,
908 3944 965 3991 ut
987 3935 1406 3990 tenebrarentur.
1437 3936 1693 3990 Accesse-

103 4043 216 4086 runt
242 4034 397 4088 enim
427 4029 497 4086 ad
524 4030 694 4095 illum,
722 4037 779 4084 ut
799 4025 1210 4097 crucifigerent:
1239 4040 1337 4081 nos
1362 4025 1429 4080 ad
1455 4041 1578 4081 eum
1605 4040 1694 4082 ac-

99 4124 384 4189 cedamus,
433 4130 497 4176 ut
538 4135 734 4191 corpus
772 4126 827 4175 et
865 4119 1174 4188 sanguinem
1201 4116 1316 4185 ejus
1345 4116 1687 4187 accipiamus.

102 4214 173 4269 .rlli
215 4216 283 4271 de
338 4211 606 4270 cruciﬁxo
654 4210 917 4266 tenebrati
961 4217 1130 4263 sunt:
1179 4222 1278 4262 nos
1326 4206 1695 4262 manducando

99 4307 415 4362 cruciﬁxum
444 4314 502 4360 et
529 4301 762 4360 bibendo
790 4300 1168 4356 illnminamur.
1204 4297 1436 4354 Accedite
1460 4299 1528 4352 ad
1557 4315 1692 4364 eum,

101 4412 142 4454 et
184 4396 596 4463 ittuminamini,
648 4409 776 4450 ecce
824 4392 1084 4450 Gentibus
1130 4390 1343 4447 dicitur.
1400 4389 1695 4446 Crucilixus

97 4491 345 4546 dhristus
396 4491 540 4544 inter
580 4484 796 4541 Iudaeos
839 4490 956 4538 erat
999 4480 1282 4537 saevientes
1328 4489 1381 4535 et
1421 4480 1692 4546 videntes,

102 4585 297 4641 Gentes
326 4585 589 4640 absentes
629 4587 823 4634 erant:
852 4591 978 4632 ecce
1017 4575 1090 4631 illi
1134 4582 1474 4630 accesserunt
1510 4572 1600 4644 qui
1641 4571 1695 4627 in

103 4679 329 4734 tenebris
371 4683 564 4738 erant,
606 4683 661 4727 et
693 4670 782 4740 qui
825 4684 932 4724 non
960 4666 1212 4722 viderunt
1241 4664 1523 4720 illuminati
1551 4671 1695 4718 sunt.

105 4769 246 4826 Unde
292 4767 568 4826 accedunt
610 4761 850 4821 Gentes?
897 4760 1026 4816 Fide
1071 4757 1358 4823 sectando,
1407 4754 1569 4812 corde
1613 4755 1698 4810 in-

103 4861 314 4924 hiando,
363 4857 633 4914 cltaritate
658 4853 941 4911 currendo.
970 4850 1138 4906 Pedes
1181 4847 1286 4914 tui,
1331 4847 1566 4901 charitas
1600 4855 1698 4924 'tua

101 4961 194 5007 est.
229 4952 384 5006 Duos
413 4948 582 5020 pedes
611 4946 840 5010 habeto,
870 4942 981 4998 noli
1027 4954 1147 4998 esse
1171 4938 1415 4994 claudus.
1449 4936 1547 5002 Qui
1576 4945 1700 4990 sunt

100 5042 200 5098 duo
236 5043 458 5113 pedes?
503 5040 615 5094 Duo
653 5042 916 5108 praecepta
946 5030 1282 5095 dilectionis,
1311 5029 1405 5082 Dei
1436 5037 1484 5082 et
1519 5027 1698 5096 proxi-

101 5133 189 5189 mi.
215 5132 342 5189 Istis
369 5129 600 5203 pedibus
629 5140 785 5184 curre
814 5123 880 5179 ad
927 5123 1126 5187 Deum,
1166 5118 1362 5176 accede
1399 5116 1466 5172 ad
1505 5117 1656 5172 illum
1682 5136 1694 5172 :

158 5267 174 5298 ι
201 5273 251 5314 tn
274 5263 513 5314 omnibus
533 5273 686 5324 prope
709 5265 837 5324 stss”
857 5253 1019 5324 habes.

158 5329 180 5361 ¹
201 5327 342 5385 Edd.,
367 5320 669 5374 totumials‘s.
694 5320 938 5385 plerique,
963 5321 1100 5385 totus.

159 5369 646 5448 (adﬁgunt-larius
660 5369 810 5448 idem.
835 5369 911 5448 est
926 5369 1084 5448 atque
1122 5371 1357 5448 carnifex,
1370 5369 1526 5448 Dede
1538 5375 1700 5448 vetus

100 5431 399 5499 sciatis};
411 5431 636 5494 Iuvenal.
663 5450 756 5492 sat.
781 5440 831 5499 6,
850 5441 909 5488 ad
949 5431 1085 5504 illud,
1113 5455 1135 5504 ς
1157 5443 1272 5486 Sunt
1295 5445 1412 5504 qua;
1436 5431 1700 5504 tortoribus

107 5497 321 5560 (annua,
352 5514 616 5568 praestent,
638 5521 662 5549 ι
692 5497 904 5568 annotat,
934 5518 958 5546 at
995 5497 1165 5568 salaria
1202 5497 1696 5568 quaestiop-at'iisgsive

497 5552 667 5635 ἶί-ξζὶιι
692 5552 1194 5635 martyristlarciante
1213 5552 1338 5635 licth
1354 5552 1471 5635 αξξ,
1497 5552 1696 5635 legitur,

107 5650 128 5677 ι
150 5618 310 5682 ἧίῶ
323 5618 491 5694 judex
515 5625 694 5694 talibus
727 5618 866 5694 dictis
888 5623 1130 5694 virginem
1164 5627 1262 5694 Deo
1286 5618 1697 5694 dicatam,“qu

108 5674 130 5739 ξ
147 5674 504 5745 Edidi—salii:
521 5674 768 5737 'imanibus
804 5674 1191 5748 alapisvcwsam,
1214 5685 1264 5731 in
1286 5677 1398 5729 ludo
1415 5674 1698 5739 gladiatorio

109 5773 134 5803 tt
313 5749 522 5802 includi.
534 5766 570 5818 ρ

162 5808 234 5879 (δ)
257 5823 434 5877 Supra,
463 5824 515 5858 ιι.
530 5808 580 5860 ϐ.

1165 335 1561 395 ENARRATIO
1600 333 1665 391 IN
1704 333 2028 389 PSALMUM
2067 334 2286 391 XXXIII

3265 340 3366 398 5M

1787 453 1910 522 quia
1930 460 1982 506 et
2003 460 2060 505 ut
2081 467 2329 509 curreres
2355 452 2468 524 ipse
2493 451 2737 510 hortatus
2762 463 2866 519 est,
2891 461 2948 510 et
2970 453 3084 525 ipse
3107 469 3264 510 suum
3290 456 3377 512 lu-

1787 558 1910 599 men
1941 545 2166 614 aspersit
2187 546 2285 609 sic,
2321 555 2377 600 ut
2401 548 2679 618 magnifice
2708 556 2764 604 et
2789 548 2970 604 divine
2993 562 3055 604 sc
3079 532 3230 619 sequi
3262 563 3376 620 pos-

1787 633 1904 689 sitis
1934 636 1972 689 ³.
2009 634 2075 689 Et
2095 636 2262 690 vultus
2281 637 2430 691 vestri
2451 653 2551 691 non
2570 638 2874 694 erubescent.
2902 639 3155 703 Accedite,
3181 639 3372 710 inquit,

1785 726 1856 780 ad
1875 743 2010 792 eum,
2035 736 2080 780 et
2100 727 2462 782 illuminamini
2481 746 2502 784 :
2521 738 2570 783 et
2590 731 2755 784 vultus
2778 732 2926 785 uestri
2947 747 3046 785 non
3065 733 3374 787 erubescent.

1787 818 1903 873 Non
1943 818 2227 874 erubescet
2249 818 2428 873 vultus
2453 821 2554 874 nisi
2584 821 2818 891 superbi.
2849 822 3061 888 Quare?
3099 821 3232 890 Quia
3261 824 3374 878 ela-

1789 920 1874 966 tus
1900 912 2015 966 vult
2039 925 2161 967 esse
2180 953 2196 980 ,
2239 918 2294 967 et
2321 909 2534 982 quando
2565 912 2721 967 fuerit
2745 927 2932 982 passus
2956 914 3334 968 contumeliam

1786 1013 1879 1060 aut
1907 1005 2247 1075 ignominiam
2265 1047 2282 1073 ,
2310 1013 2404 1060 aut
2436 1021 2618 1060 casum
2639 1006 2934 1062 secundum
2966 1007 3216 1062 smculum
3239 1050 3253 1073 ,
3283 1018 3374 1063 aut

1785 1095 2014 1166 aliquam
2042 1094 2407 1164 al‘llictionem,
2437 1097 2721 1152 erubescit.
2750 1096 2853 1152 Sed
2881 1098 2986 1152 noli
3020 1099 3206 1154 timere
3225 1139 3239 1164 ,
3271 1114 3370 1154 ac-

1787 1189 1919 1246 cede
1948 1189 2014 1244 ad
2039 1205 2160 1246 eum
2179 1232 2193 1256 ,
2227 1199 2281 1247 et
2305 1205 2411 1246 non
2441 1191 2744 1247 erubesces.
2777 1191 3042 1263 Quidquid
3073 1193 3257 1249 fecerit
3281 1195 3374 1252 tibi

1786 1282 2064 1349 inimicus,
2105 1281 2314 1338 videtur
2355 1291 2411 1338 te
2452 1283 2698 1354 superior
2737 1295 2858 1339 esse
2905 1282 3044 1352 apud
3090 1283 3372 1342 homines:

1786 1373 1880 1429 sed
1907 1382 1962 1429 tu
1981 1373 2121 1444 apud
2147 1373 2316 1429 Deum
2337 1373 2580 1444 superior
2609 1373 2701 1428 illo
2726 1387 2804 1428 es.
2837 1373 2948 1444 Ego
3005 1375 3156 1443 cepi,
3186 1389 3285 1445 ego
3305 1375 3373 1430 li-

1786 1465 2039 1536 gavi,ego
2062 1463 2325 1520 interfeci.
2355 1463 2523 1532 Quam
2551 1464 2858 1536 superiores
2886 1463 2986 1519 sibi
3014 1463 3257 1520 videntur
3283 1466 3374 1536 qui

1786 1558 1886 1613 ista
1927 1557 2144 1613 dicunt!
2189 1557 2359 1626 Quam
2389 1557 2695 1627 superiores
2719 1555 3038 1612 videbantur
3066 1556 3168 1612 sibi
3206 1555 3375 1612 Judaei

1785 1650 1997 1722 quando
2020 1650 2302 1707 Dominum
2327 1650 2732 1720 colaphizabant
2750 1692 2766 1717 ,
2796 1649 3010 1721 quando
3035 1649 3296 1721 spuebant
3321 1650 3375 1706 in

1785 1743 1977 1800 faciem
2007 1743 2146 1814 ejus,
2173 1752 2228 1799 et
2255 1743 2323 1799 de
2349 1757 2520 1798 canna
2547 1742 2916 1813 percutiebant
2941 1750 3098 1811 caput
3118 1783 3133 1807 ,
3162 1741 3376 1812 quando

1785 1835 1954 1905 spinis
1973 1833 2322 1900 coronabant,
2344 1832 2558 1903 quando
2581 1832 2756 1887 tunica
2779 1830 3130 1902 ignominiosa
3152 1832 3376 1886 circum-

1785 1925 2014 1982 dabant!
2046 1923 2215 1993 Quam
2238 1924 2545 1994 superiores
2567 1922 2754 1978 erant!
2783 1922 2850 1977 Et
2874 1922 2964 1978 ille
2989 1920 3267 1977 videbatur
3292 1921 3373 1976 in-

1784 2017 1968 2084 ferior,
2006 2018 2130 2089 quia
2170 2015 2480 2088 procidebat
2509 2015 2577 2071 ad
2606 2015 2743 2071 ostia
2774 2023 2944 2086 portae
2969 2032 2982 2069 :
3014 2013 3111 2070 sed
3146 2015 3232 2070 ille
3261 2030 3372 2069 non

1785 2109 2152 2166 erubescebat.
2182 2108 2385 2163 Lumen
2409 2107 2554 2162 enim
2577 2114 2693 2162 erat
2711 2120 2920 2171 verum,
2945 2104 3088 2176 quod
3113 2104 3375 2160 illuminat

1786 2214 2000 2256 omnem
2027 2199 2299 2254 hominem
2325 2198 2632 2254 venientem
2659 2198 2712 2252 in
2733 2196 2877 2252 hunc
2903 2195 3158 2251 mundum
3186 2195 3370 2265 (Joan.

1787 2307 1826 2358 ι,
1855 2290 1932 2364 9).
1959 2290 2110 2346 Sicut
2129 2305 2260 2360 ergo
2283 2289 2462 2345 lumen
2490 2303 2595 2343 non
2619 2296 2794 2358 potest
2819 2285 3096 2354 confundi,
3126 2287 3203 2341 sic
3228 2297 3281 2342 et
3304 2286 3374 2342 il-

1786 2382 2100 2438 luminatum
2132 2379 2386 2436 confundi
2415 2394 2523 2434 non
2551 2379 2698 2434 sinit.
2726 2378 2963 2433 Accedite
2989 2392 3118 2448 ergo
3146 2379 3212 2431 ad
3237 2393 3368 2443 eum,

1787 2485 1832 2532 et
1856 2475 2220 2530 illuminamini
2234 2491 2254 2540 ;
2280 2482 2329 2528 et
2355 2473 2524 2528 vultus
2550 2472 2704 2526 vestri
2728 2487 2828 2526 non
2856 2470 3161 2525 erubescent.

1859 2567 1947 2621 11.
1979 2563 2131 2638 [rem
2159 2566 2212 2626 7.
2238 2562 2319 2636 8.]
2349 2563 2454 2619 Sed
2478 2562 2604 2618 dicit
2627 2561 2840 2633 aliquis,
2863 2559 3141 2628 Quomodo
3165 2559 3231 2614 ad
3253 2574 3374 2615 eum

1787 2657 2023 2714 accedo?
2048 2656 2236 2712 Tantis
2261 2655 2449 2720 malis,
2493 2656 2654 2709 tantis
2679 2654 2908 2724 peccatis
2937 2660 3189 2713 oneratus
3220 2667 3337 2708 sum
3355 2694 3372 2719 ,

1788 2761 1933 2806 tanta
1967 2749 2173 2806 scelera
2200 2749 2434 2804 clamant
2457 2747 2526 2803 de
2553 2746 2883 2802 conscientia
2915 2761 3031 2801 mea
3051 2787 3067 2812 ,
3107 2747 3377 2815 quomodo

1787 2842 1960 2897 audeo
1983 2840 2242 2896 accedere
2269 2838 2338 2894 ad
2365 2838 2571 2893 Deum?
2599 2836 2914 2905 Quomodo?
2935 2836 2990 2890 Si
3015 2834 3379 2891 humiliaveris

1789 2941 1842 2988 te
1872 2947 1967 3003 per
1991 2929 2379 3002 paenitentiam.
2410 2927 2518 2984 Sed
2557 2927 2838 2994 erubesco,
2867 2926 2978 2992 ais,
3010 2924 3378 2996 ptenitentiam

1789 3039 1968 3096 agere.
1998 3022 2208 3079 Accede
2233 3037 2360 3093 ergo
2388 3021 2456 3077 ad
2482 3037 2626 3087 eum,
2660 3029 2714 3078 et
2740 3019 3146 3085 illuminaberis,
3172 3029 3229 3076 et
3255 3021 3377 3076 vul-

1791 3129 1878 3175 tus
1923 3128 2044 3175 tuus
2085 3133 2191 3173 non
2236 3118 2536 3173 erubescet.
2569 3115 2625 3172 Si
2651 3117 2794 3172 enim
2824 3118 2985 3173 timor
3025 3116 3381 3174 erubescendi

1790 3217 2006 3267 revocat
2031 3218 2086 3265 te
2107 3225 2136 3263 a
2164 3207 2496 3280 poenitentia,
2526 3207 2838 3277 poenitentia
2861 3215 3039 3263 autem
3065 3206 3192 3263 facit
3217 3216 3268 3264 te
3291 3223 3383 3265 ac-

1791 3303 1984 3360 cedere
2019 3300 2085 3356 ad
2119 3301 2326 3357 Deum:
2365 3315 2471 3355 non
2511 3299 2662 3354 vides
2700 3299 2822 3369 quia
2861 3313 3075 3369 poenam
3105 3309 3282 3369 gestas
3324 3299 3381 3355 in

1790 3395 1958 3460 vultu,
1990 3393 2111 3463 quia
2135 3392 2256 3448 ideo
2276 3390 2494 3447 erubuit
2518 3390 2693 3445 vultus
2719 3398 2862 3458 tuus,
2889 3390 3140 3461 quoniam
3162 3405 3270 3446 non
3291 3405 3382 3446 ae-

1790 3485 1953 3541 cessit
1987 3483 2056 3539 ad
2097 3484 2303 3539 Deum:
2347 3482 2471 3538 ideo
2507 3496 2612 3537 non
2655 3483 2910 3545 accessit,
2959 3482 3083 3552 quia
3126 3495 3230 3536 non
3269 3481 3384 3539 vult

1789 3591 1951 3648 agere
1989 3573 2396 3645 paenitentiam?
2435 3571 2583 3628 Sicut
2623 3581 2904 3628 attestatur
2943 3572 3242 3644 prapheta:
3275 3571 3383 3628 Iste

1791 3669 1939 3737 inops
1963 3667 2230 3731 clamavit,
2274 3664 2342 3718 Et
2380 3661 2634 3719 Dominus
2657 3664 2913 3718 exaudivit
2948 3680 3082 3718 cum.
3128 3665 3293 3719 Docet
3328 3674 3384 3719 te

1797 3757 2065 3830 quomodo
2102 3755 2423 3813 exaudiaris.
2459 3753 2583 3809 Ideo
2618 3769 2724 3809 non
2751 3753 3051 3820 exaudiris,
3083 3755 3204 3826 quia
3235 3753 3382 3811 dives

1794 3867 1874 3907 es.
1905 3850 1985 3906 Ne
2011 3849 2086 3922 (a)
2110 3850 2244 3905 forte
2271 3847 2567 3913 clamabas,
2597 3857 2653 3902 et
2681 3860 2786 3901 non
2814 3846 3215 3911 exaudiebaris,
3255 3846 3380 3902 audi

1794 3957 1958 4014 quare
1982 3960 1996 3995 :
2027 3941 2136 3995 Iste
2161 3941 2309 4012 inops
2337 3938 2593 4002 clamavit,
2623 3947 2668 3992 et
2692 3935 2944 3992 Dominus
2969 3938 3221 3992 exaudivit
3244 3954 3380 3992 eum.

1797 4034 1953 4104 Inops
1979 4033 2185 4098 clama,
2226 4039 2281 4087 et
2316 4029 2535 4086 exaudit
2563 4029 2839 4084 Dominus.
2871 4028 2940 4083 Et
2980 4027 3245 4099 quomodo
3272 4029 3384 4084 cla-

1795 4126 1954 4181 mabo
1980 4124 2168 4191 inOps?
2201 4121 2274 4178 Ut
2297 4123 2400 4177 etsi
2424 4119 2605 4186 habes,
2621 4119 2817 4190 aliquid
2839 4162 2853 4186 ,
2896 4133 3001 4174 non
3035 4118 3157 4174 inde
3184 4135 3385 4189 praesu-

1796 4232 1911 4273 mas
1950 4215 2016 4270 de
2053 4213 2252 4270 viribus
2279 4213 2427 4268 tuis:
2465 4221 2522 4267 ut
2549 4211 2810 4282 intelligas
2847 4221 2898 4267 te
2925 4212 3248 4282 indigentem
3270 4253 3283 4278 ,
3325 4221 3386 4268 ut

1796 4308 2056 4377 intelligas
2088 4316 2139 4362 te
2166 4304 2365 4360 tamdiu
2389 4317 2510 4360 esse
2539 4317 2846 4374 pauperem,
2876 4303 3126 4374 quamdiu
3159 4317 3265 4358 non
3291 4304 3388 4360 ha-

1797 4399 1893 4455 bes
1931 4397 2080 4453 illum
2119 4396 2211 4465 qui
2256 4395 2379 4451 facit
2409 4404 2461 4450 te
2489 4394 2726 4450 divitem.
2758 4394 3036 4461 Quomodo
3067 4403 3242 4451 autem
3276 4395 3384 4450 Do-

1798 4489 1974 4546 minus
1999 4486 2271 4544 exandivit
2295 4485 2454 4542 eum?
2483 4485 2551 4540 Et
2575 4501 2638 4540 ea:
2665 4487 2913 4552 omnibus,
2947 4486 3134 4556 inquit,
3173 4486 3385 4541 tribula-

1801 4581 2018 4637 tionibus
2063 4581 2176 4650 ejus
2217 4579 2412 4634 salvum
2441 4578 2559 4649 fecit
2607 4594 2737 4632 eum.
2785 4576 2854 4631 Et
2900 4577 3164 4648 quomodo
3209 4580 3401 4646 salvos,

1800 4672 1925 4728 facit
1961 4671 2029 4728 ab
2077 4649 2324 4725 omnibus
2372 4668 2836 4724 tribulationibus?
2881 4669 3125 4723 lmmittet
3163 4649 3404 4738 Angelus,

1802 4763 2009 4819 Domini
2034 4765 2088 4817 in
2126 4763 2339 4817 circuitu
2385 4761 2660 4814 timentium
2698 4777 2844 4823 eum,
2889 4769 2936 4813 et
2973 4769 3110 4814 eruet
3151 4775 3256 4814 eos.
3302 4761 3410 4846 Sic;

1803 4858 2058 4927 scriptum
2101 4863 2213 4917 est,
2263 4853 2488 4915 fratres;
2539 4867 2642 4906 non
2691 4850 2958 4920 quomodo
2992 4853 3186 4906 habent
3227 4852 3409 4923 aliqui;

1802 4948 2042 5005 mendosi
2082 4946 2325 5008 codices,
2370 4942 2614 4997 Imminet
2652 4942 2898 5012 Angelum
2927 4941 3179 4998 Dominus
3205 4944 3256 4996 in
3287 4940 3400 4998 Cir?

1802 5042 1938 5097 cuitu
1963 5037 2243 5092 timentium
2268 5051 2382 5089 eum
2401 5077 2416 5099 ,
2481 5044 2529 5087 et
2556 5045 2693 5088 eruet
2731 5051 2813 5087 eos
2841 5049 2860 5086 :
2889 5033 2982 5088 sed
3013 5035 3089 5087 sic
3109 5075 3122 5097 ,
3166 5033 3391 5089 Inmiitle

1803 5130 2022 5203 Angelus
2050 5125 2259 5180 Domini
2284 5127 2337 5179 in
2357 5125 2572 5179 circuitu
2602 5124 2881 5178 timentium
2902 5140 3034 5189 eum,
3064 5135 3106 5178 et
3127 5136 3262 5179 eruet
3283 5142 3385 5181 eos.
3423 5174 3428 5189 ι

1801 5226 1968 5294 Quem
2001 5221 2087 5276 hic
2109 5218 2243 5273 dixit
2272 5217 2532 5286 Angelum
2560 5216 2792 5282 Domini,
2816 5217 2904 5286 qui
2931 5216 3178 5271 immittet
3204 5217 3256 5270 in
3281 5217 3390 5274 cir—

1803 5316 1947 5371 cuitu
1991 5309 2288 5368 timentium
2330 5323 2485 5375 cum,
2529 5317 2586 5364 et
2624 5317 2776 5363 eruet
2813 5309 2947 5363 eos?
2978 5309 3094 5378 Ipse
3138 5307 3390 5362 Dominus

1802 5415 1984 5464 noster
2012 5404 2169 5461 Jesus
2211 5401 2456 5457 Christus
2487 5401 2540 5454 in
2584 5399 2858 5470 prophetia
2887 5399 3059 5455 dictus
3102 5409 3184 5454 est
3212 5401 3388 5467 magni

1801 5495 2006 5552 consilii
2051 5493 2317 5562 Angelus,
2360 5490 2535 5560 magni
2569 5489 2777 5545 consilii
2823 5491 3036 5544 nuntius
3072 5508 3084 5545 :
3129 5489 3206 5544 sic
3242 5489 3390 5544 illum

1801 5589 2047 5645 dixerunt
2078 5583 2356 5654 Prophetas
2382 5579 2535 5641 (Isai.
2569 5597 2648 5648 ιχ,
2685 5583 2736 5647 6,
2770 5598 2869 5637 sec.
2901 5581 3088 5650 LXX.)
3120 5580 3238 5652 lpse
3262 5596 3391 5651 ergo

1865 5691 1882 5722 ι
1913 5697 2016 5738 uss.
2040 5697 2217 5754 magno
2236 5697 2474 5754 consensu
2501 5684 2664 5754 [erunt
2687 5697 2700 5733 :
2726 5682 2849 5735 sicut
2872 5679 3127 5748 magniﬁce
3144 5686 3194 5734 et
3226 5678 3390 5735 divine

1802 5756 1992 5803 secutus
2013 5755 2100 5798 est.
2128 5746 2182 5796 Et
2205 5746 2359 5796 vultus
2381 5746 2540 5808 vestri,
2567 5753 2662 5797 etc.

1870 5811 1945 5875 (a)
1968 5817 2125 5872 Forte,
2151 5813 2224 5859 Et.
2251 5815 2306 5858 tt.
