3950 6406
109 300 193 358 5n
1112 278 1514 341 ENARRATIO
1554 283 1620 340 ΙΝ
1661 285 1982 345 PSALMUM
2020 287 2261 347 XXXIII.

103 425 200 470 rere
223 422 364 480 quam
397 403 624 461 tenebat.
666 403 838 476 Egerit
876 410 933 458 et
970 417 1130 474 pane.
1177 402 1354 467 Quare
1394 408 1555 471 egent
1595 407 1651 455 et

104 503 250 577 pane?
271 498 326 556 Si
351 516 452 554 non
481 497 735 569 intelligis
762 512 953 567 panem
971 538 988 561 ,
1015 496 1106 552 ille
1144 495 1318 551 dixitl
1346 512 1367 550 ε
1396 493 1510 566 Ego
1537 510 1652 550 sum

100 595 219 667 parii
239 593 391 656 vim,
415 589 500 660 qui
526 589 593 645 de
627 590 752 645 caelo
790 587 1028 646 Μ
1061 585 1250 657 (locu.
1279 601 1371 652 vt,
1395 586 1527 656 Li);
1556 594 1646 641 et:

100 685 218 744 Bruti
236 683 314 755 qui
337 682 572 746 eludunt,
599 692 646 737 et
672 681 850 739 sitiunt
866 682 1146 752 justitiam,
1177 681 1415 750 quoniam
1439 680 1540 749 ipsi
1567 696 1652 734 ωε

99 775 356 835 inmittatur
384 771 596 843 (Matth.
619 787 678 838 ν,
705 772 783 844 6).
816 769 1140 843 Inquirenti“
1175 780 1346 828 autem
1372 769 1652 826 Dominam

83 865 178 928 παι
199 867 468 925 utinm!!!
486 864 622 923 ωιὲ
645 863 798 928 bene.
825 863 933 924 Sed
956 878 1064 934 quo
1091 863 1232 922 bene
1252 862 1364 933 jam
1389 863 1646 926 diximus.

151 961 226 1018 ιε.
265 957 411 1032 tm.
439 955 552 1030 ut]
594 957 792 1023 Vati“,
824 957 940 1028 aut,
967 957 1144 1018 audita
1162 973 1262 1022 me,
1287 957 1516 1012 ιίηιοιαη
1535 955 1648 1011 oo.

97 1053 196 1108 mini
215 1049 387 1108 δοιώ
409 1064 516 1108 ros.
546 1050 754 1108 Putatis
774 1051 819 1117 ⁸,
848 1050 1063 1115 fama,
1084 1049 1211 1120 quia
1234 1065 1335 1120 ego
1358 1050 1519 1106 dico:
1546 1065 1649 1120 pu.

97 1155 182 1201 tata
201 1143 314 1214 quia
334 1142 498 1201 David
514 1142 667 1214 dicit,
690 1150 873 1214 putate
893 1141 1018 1212 quia
1041 1141 1331 1214 Apostolus
1348 1141 1477 1198 dicit
1499 1160 1514 1196 :
1540 1143 1649 1199 imo

98 1243 243 1306 nitate
263 1233 382 1303 quia
408 1234 524 1303 ipse
543 1234 803 1291 Dominus
827 1242 1012 1291 noster
1031 1232 1190 1294 Iesus
1211 1233 1457 1290 Christus
1481 1232 1644 1290 dicit:

103 1325 260 1388 Venite,
285 1324 398 1394 ﬁlii,
421 1325 602 1382 audite
615 1341 717 1388 me.
743 1325 1038 1383 Audiamus
1065 1324 1220 1381 illum
1247 1325 1405 1381 simul
1425 1366 1440 1389 ,
1465 1326 1651 1383 audite

97 1419 209 1473 illum
232 1432 319 1486 per
337 1431 433 1473 nos
455 1433 469 1474 i
497 1417 696 1474 docere
719 1418 863 1474 enim
883 1417 996 1473 vult
1021 1417 1110 1474 ille
1130 1417 1370 1482 humilis,
1395 1418 1486 1473 ille
1510 1427 1645 1489 tym-

94 1508 322 1580 panizans,
341 1508 427 1563 illa
445 1506 724 1575 adactam,
746 1508 943 1565 decere
964 1523 1066 1564 nos
1083 1507 1216 1564 vult.
1240 1507 1311 1563 Et
1327 1508 1453 1580 quid
1474 1510 1646 1566 dicit?

101 1603 268 1669 Venite,
296 1603 418 1672 ﬁlii,
438 1604 636 1673 audita
671 1621 783 1671 tua,
824 1605 1056 1664 timorem
1081 1603 1292 1659 Domini
1319 1604 1508 1660 docebo
1537 1621 1646 1660 eoa.

94 1696 252 1750 Doceat
266 1710 410 1765 ergo,
433 1695 774 1766 prabeamus
795 1709 1002 1759 aurem,
1032 1697 1376 1768 praebeamus
1391 1713 1506 1753 cer.
1529 1697 1646 1754 Non

93 1787 347 1855 aperiamus
368 1801 531 1841 aurea
555 1787 754 1852 carnis,
782 1796 838 1842 et
855 1787 1035 1844 cordis
1054 1787 1398 1852 claudamua;
1427 1788 1522 1844 sed
1545 1788 1648 1844 sio-

93 1888 136 1933 ut
156 1880 250 1950 ipse
269 1877 401 1934 dixit
426 1879 482 1940 in
512 1878 834 1948 Evangelia,
866 1879 968 1947 Qui
1005 1879 1155 1934 habet
1194 1897 1344 1935 aurea
1379 1881 1640 1945 audiendi,

91 1973 228 2024 audiat
247 1969 354 2044 (Id,
377 1987 451 2035 ιι,
479 1973 594 2042 15).
623 1972 752 2040 Quis
777 1974 912 2028 nolit
931 1973 953 2012 ³
976 1973 1165 2030 audire
1187 1974 1466 2031 docentem
1489 1976 1648 2032 Chri-

91 2072 199 2118 stum
226 2076 315 2132 per
349 2061 716 2132 Prophetam?

142 2159 213 2211 l'i.
238 2155 380 2230 [νοτε.
409 2156 533 2232 15.]
568 2158 695 2224 Quia
722 2167 796 2214 ut
832 2158 984 2214 ltum
1010 2160 1096 2230 qui
1122 2161 1228 2223 uult
1253 2161 1424 2226 uitem,
1451 2169 1503 2216 et
1527 2163 1647 2218 ἀξιε-

89 2250 139 2318 git
158 2250 249 2308 diu
269 2250 430 2306 ridere
457 2250 662 2305 bona?
691 2251 1010 2322 interrogat.
1042 2252 1230 2309 Nonne
1257 2255 1434 2308 omnis
1464 2255 1515 2310 in
1548 2270 1646 2310 vo-

88 2340 148 2394 bis
167 2341 457 2411 respondet,
485 2335 639 2413 Ego?
665 2343 746 2397 An
767 2343 1047 2414 quisquam
1067 2351 1152 2400 est
1175 2344 1231 2399 in
1252 2344 1406 2400 vobis
1427 2347 1515 2416 qui
1537 2362 1643 2402 non

88 2431 219 2501 diligit
239 2433 408 2500 vitam,
441 2432 496 2488 id
523 2443 627 2501 cat,
655 2435 746 2505 qui
771 2449 878 2490 non
905 2436 1016 2492 vult
1043 2437 1229 2505 vitam,
1255 2446 1443 2498 etnon
1471 2439 1644 2510 diligit

86 2522 174 2578 dies
197 2525 362 2584 videre
387 2525 608 2581 bonos?
645 2525 830 2582 Nonne
859 2527 1092 2597 quotidie
1132 2528 1234 2582 hoc
1271 2532 1637 2597 murmuratis,

87 2613 408 2678 ethocdioitia
431 2635 445 2670 :
472 2615 746 2683 Quamdiu
769 2618 869 2672 ista
897 2619 1160 2687 patimur?
1186 2619 1434 2686 Quotidie
1462 2621 1642 2692 pejora

85 2712 126 2759 et
147 2705 301 2775 pejora
330 2723 344 2761 :
369 2707 520 2776 apud
550 2717 800 2777 parentes
828 2715 1041 2764 nostros
1083 2709 1297 2764 fuerunt
1328 2711 1446 2766 dies
1473 2711 1644 2767 laetio-

84 2811 173 2862 res,
211 2796 415 2860 ittewnt
451 2798 582 2855 dies
624 2799 894 2854 mlieres.
929 2798 977 2854 0
1011 2799 1056 2855 si
1094 2800 1457 2871 interrogares
1499 2803 1642 2874 ipsos

86 2900 296 2957 parentet
335 2899 490 2956 tuos,
538 2890 786 2945 similiter
830 2891 921 2945 tibi
949 2890 1018 2946 de
1043 2890 1232 2946 diebus
1259 2890 1371 2948 suis
1401 2907 1641 2949 murmu-

83 2989 243 3037 rarent.
264 2983 502 3040 Fuerunt
522 2983 662 3039 beati
683 2989 864 3054 palatos
882 2983 1073 3051 nostri,
1100 2999 1199 3038 nos
1223 2983 1406 3040 miseri
1427 3000 1632 3052 sumus,

83 3073 218 3128 malos
239 3073 346 3132 dies
375 3075 646 3131 habemus
673 3092 688 3128 :
719 3073 1024 3129 dominatus
1053 3084 1136 3129 est
1167 3074 1256 3129 ille
1275 3116 1291 3142 ,
1325 3076 1644 3146 putabamus

82 3163 175 3232 quia
202 3164 285 3220 illo
309 3174 533 3221 mortuo
558 3173 743 3234 posset
766 3164 980 3236 aliquod
1007 3164 1341 3236 refrigerium
1367 3165 1518 3234 dari;
1547 3168 1642 3224 de-

85 3257 237 3312 leriora
261 3267 548 3315 venerunt.
577 3256 622 3313 0
647 3258 788 3312 Deus
807 3298 823 3322 ,
852 3257 1076 3313 ostende
1104 3259 1260 3318 nobis
1283 3258 1400 3315 dies
1436 3260 1638 3318 benest

85 3344 181 3409 Qui:
195 3357 260 3402 cat
281 3350 446 3414 homo,
474 3349 574 3418 qui
598 3349 704 3403 uult
731 3348 904 3412 vitam,
935 3357 982 3403 et
1008 3349 1174 3420 diligit
1212 3348 1380 3404 videre
1414 3351 1520 3406 diu
1548 3351 1641 3407 bo-

83 3438 181 3492 nos?
200 3438 304 3494 Non
329 3440 418 3496 hic
445 3450 662 3512 qumrat
683 3439 800 3494 dies
825 3440 1013 3494 bonos.
1041 3439 1244 3495 Bonam
1279 3456 1394 3496 rem
1427 3444 1635 3512 qumrit,

81 3529 151 3582 sed
174 3544 264 3586 non
292 3532 343 3588 in
373 3532 604 3604 regione
627 3531 746 3600 ejus
772 3531 913 3586 illam
941 3532 1151 3601 quaerit.
1176 3531 1455 3602 Quomodo
1479 3535 1526 3589 ai
1545 3534 1642 3589 ali-

81 3638 206 3690 quem
219 3624 410 3694 justum
432 3639 718 3696 quzerens
739 3624 791 3678 in
813 3639 875 3682 ea
897 3623 1087 3693 patria,
1115 3625 1202 3680 ubi
1224 3640 1331 3680 non
1355 3625 1636 3693 habitaret,

81 3711 304 3771 diceretui
327 3717 421 3772 tibi
452 3733 468 3772 :
510 3715 716 3770 Bonum
741 3715 911 3774 virum
938 3715 1154 3784 quaeris,
1184 3729 1434 3787 magnum
1462 3720 1639 3774 virum

81 3810 257 3876 qunris,
283 3824 462 3880 quaere
499 3807 673 3874 illum,
703 3807 800 3864 sed
827 3807 935 3861 noli
964 3806 1071 3874 hic,
1099 3806 1371 3877 superﬂuo
1399 3807 1486 3862 hic
1514 3823 1639 3866 eum

83 3900 258 3968 quaeris,
283 3915 562 3974 nunquam
586 3915 707 3956 cum
732 3901 1044 3954 inventurus
1064 3913 1146 3954 ea.
1173 3899 1297 3954 Dies
1315 3898 1486 3954 bonos
1505 3913 1643 3969 quas.

82 3992 166 4059 ris,
191 3994 336 4051 simul
363 4009 459 4051 eos
484 4006 796 4064 quaeramus
816 4033 831 4059 ,
863 3991 1029 4046 nolite
1059 3992 1163 4050 hic.
1204 3989 1310 4047 Sed
1340 3991 1643 4048 habuerunt

85 4083 178 4140 illos
202 4098 368 4157 patres
407 4086 605 4144 nostri.
637 4084 904 4140 Faliimini
946 4101 961 4138 :
999 4097 1193 4138 omnes
1234 4083 1322 4138 ble
1363 4082 1641 4138 laborave-

87 4185 200 4233 runt.
237 4179 415 4251 Legite
455 4179 767 4248 Scriptores
795 4194 810 4233 :
835 4176 958 4233 ideo
979 4175 1152 4231 voluit
1175 4176 1320 4232 Deus
1347 4183 1409 4231 ut
1435 4174 1641 4230 scribe.

87 4280 263 4338 rentur,
293 4282 354 4328 ut
393 4289 497 4329 nos
535 4271 958 4328 consolaremur.
996 4269 1352 4340 Temporibus
1387 4269 1516 4324 Elite
1546 4268 1646 4324 iuit

88 4359 241 4432 fames,
267 4366 406 4437 passi
432 4373 562 4422 sunt
587 4379 705 4420 eam
733 4373 912 4434 patres
940 4362 1131 4418 nostri.
1158 4362 1343 4434 Capita
1369 4362 1641 4432 jumento-

87 4469 182 4509 rum
211 4468 534 4514 mortuorum
561 4471 694 4512 auro
720 4455 1093 4512 vendebantur
1110 4495 1126 4523 ,
1152 4454 1464 4511 occiderunt
1493 4469 1640 4522 suos,

86 4555 127 4600 ct
147 4549 478 4606 comederunt
502 4563 597 4605 eos
627 4565 640 4601 ε
671 4555 726 4603 et
749 4547 869 4602 dua:
894 4546 1146 4601 mulieres
1174 4553 1474 4602 statuerunt
1502 4545 1644 4609 inter

88 4649 134 4692 se
157 4649 206 4695 ut
226 4642 532 4698 occiderent
557 4640 697 4696 filios
736 4652 895 4706 suos,
927 4645 982 4694 et
1006 4636 1423 4702 manducarent;
1449 4636 1645 4702 occidit

88 4743 169 4784 una
197 4732 354 4789 illium
382 4748 565 4799 suum,
594 4739 649 4787 ct
671 4729 1124 4787 manducaverunt
1155 4742 1276 4782 cum
1305 4727 1512 4793 amba;
1539 4725 1644 4782 alia

89 4822 271 4880 nolebat
307 4825 554 4882 occidere
590 4823 758 4878 illium
802 4834 987 4888 suum,
1019 4826 1074 4876 et
1109 4817 1357 4889 exigebat
1399 4817 1486 4872 illa
1525 4833 1646 4888 quae

89 4913 209 4982 prior
231 4917 494 4974 occiderat
527 4915 694 4970 lilium
734 4927 924 4979 suum;
954 4918 1012 4967 et
1041 4909 1161 4966 talia
1199 4909 1312 4964 rixa
1351 4907 1499 4962 venit
1522 4916 1646 4963 ante

96 5019 238 5073 regem
256 5048 271 5073 ,
297 5007 632 5063 adduxerunt
673 5017 733 5062 se
769 5013 896 5061 ante
922 5017 1100 5074 regem
1118 5041 1134 5070 ,
1161 4999 1551 5056 contendentes
1577 4999 1646 5056 de

90 5092 425 5154 interiectione
452 5096 681 5152 ﬁliorum
710 5095 802 5168 (IV
831 5096 958 5168 Reg.
984 5109 1058 5161 vt,
1085 5091 1320 5164 ιϐοδο).
1351 5091 1425 5147 De
1451 5091 1645 5148 talibus

88 5185 199 5241 cibis
220 5197 419 5246 avertat
445 5190 588 5246 Deus
615 5204 678 5246 ea
706 5204 824 5262 qute
855 5188 1096 5260 legimus.
1123 5186 1348 5258 Semper
1371 5183 1488 5241 dies
1516 5183 1645 5240 mali

89 5275 131 5329 in
151 5281 330 5338 mulo
349 5323 364 5348 ,
396 5281 496 5338 sed
529 5295 742 5352 semper
769 5281 885 5338 dies
911 5280 1036 5338 boni
1064 5279 1117 5334 in
1147 5279 1275 5335 Deo.
1309 5277 1502 5333 Habuit
1529 5277 1646 5333 dics

90 5365 233 5428 bonos
257 5371 542 5441 Abraham,
569 5373 666 5432 sed
692 5374 834 5428 intus
864 5373 916 5427 in
938 5369 1102 5428 corde
1126 5387 1141 5424 :
1170 5368 1354 5430 habuit
1381 5367 1497 5422 dies
1527 5381 1645 5422 ma-

88 5457 186 5532 103.
217 5464 423 5538 quando
451 5479 483 5522 a
507 5465 651 5525 fame
690 5467 914 5525 mutavit
941 5465 1212 5536 regionem
1230 5503 1246 5530 ,
1274 5469 1328 5518 et
1368 5459 1646 5532 quaerebat

138 5598 156 5667 ἓ
183 5603 305 5661 ιιι.
325 5598 374 5652 st
393 5600 634 5667 Wagn
653 5614 842 5667 parem.
880 5599 966 5654 Ille
984 5597 1114 5654 enim
1133 5595 1282 5658 dixit,
1309 5601 1405 5656 etc,

139 5660 158 5729 ξ
186 5660 351 5729 attines
369 5676 521 5729 prope
548 5660 680 5729 itssi,
703 5671 886 5729 putate.

139 5721 158 5754 ⁸
184 5724 309 5783 σθω-ο
334 5721 592 5798 (iusim:
623 5721 810 5796 audire.
855 5732 910 5798 Et
947 5721 1091 5793 Paulo
1123 5727 1256 5822 post.
1282 5725 1544 5783 ιηιεντοθα·
1584 5722 1644 5769 At

139 5791 291 5822 3-2m
330 5794 457 5822 \‘alm
525 5797 604 5822 nm
667 5797 778 5822 nitu
799 5787 914 5822 nnlat
936 5787 1106 5822 nuda-.2
1151 5819 1180 5822 _,
1234 5785 1511 5822 tutari-nant-

88 5781 179 5831 Uss.
200 5781 307 5848 seu.
330 5781 641 5851 \‘atic.,'etc.,
667 5786 778 5850 Quia
799 5787 914 5839 nolit
936 5781 1106 5838 dudire
1121 5781 1205 5837 .7...
1232 5781 1511 5845 titterrogot.

3239 307 3346 366 3i8

1757 400 1936 456 cibum
1965 401 2114 476 (Gen.
2134 421 2230 473 xu,
2252 407 2340 478 to,
2355 415 2404 464 et
2418 423 2561 477 xxvr,
2582 410 2658 484 1).
2684 411 2775 471 Sic
2794 427 2983 473 omnes
2999 421 3342 492 quaesierunt.

1758 497 1952 553 Paulus
1983 499 2162 556 habuit
2188 503 2303 559 dies
2330 504 2500 562 bonos
2521 548 2534 573 ,
2564 507 2652 577 qui
2679 507 2808 577 dicit
2843 529 2858 566 :
2898 511 2967 577 In
3000 519 3135 586 fame
3164 525 3210 570 et
3237 519 3342 586 siti,

1758 589 1810 644 in
1857 591 2046 663 {rigore
2084 601 2128 647 et
2158 595 2384 652 nuditate
2421 597 2495 670 (li
2526 597 2643 654 Cor.
2671 615 2760 670 XI,
2787 601 2920 675 27)?
2962 606 3065 662 Sed
3099 624 3203 663 non
3237 611 3346 665 ira-

1757 692 1975 739 scantur
2000 687 2139 742 servi
2165 703 2178 740 :
2209 687 2320 758 ipse
2342 688 2598 748 Dominus
2626 711 2729 749 non
2749 680 2935 752 habuit
2955 698 3070 756 dies
3095 701 3264 758 bonos
3293 706 3346 761 in

1756 772 1859 830 hoc
1884 776 2113 846 sacculo;
2143 781 2494 837 contumelias
2513 826 2528 852 ,
2558 784 2777 855 injurias
2797 829 2811 856 ,
2836 804 3049 846 crucem
3071 833 3087 860 ,
3115 804 3168 849 et
3200 803 3344 856 tanta

1756 867 1894 924 mala
1931 871 2248 948 patiebatur.

1827 962 1914 1018 i8.
1948 962 2098 1042 [vers.
2125 965 2240 1041 14.]
2281 968 2396 1024 Non
2425 985 2552 1048 ergo
2577 973 2899 1042 christianos
2926 994 3241 1054 murmurct,
3267 985 3344 1039 vi-

1755 1053 1878 1109 deat
1903 1056 2055 1127 cujus
2086 1059 2304 1132 vcstigia
2337 1072 2610 1134 sequatur.
2644 1065 2749 1121 Sed
2781 1069 2823 1122 si
2850 1069 2966 1132 dics
2987 1073 3155 1130 bonos
3175 1089 3338 1150 amat,

1753 1147 1934 1203 audiat
1963 1149 2242 1209 docentem
2264 1164 2316 1209 et
2337 1155 2602 1219 dicentem
2631 1178 2645 1214 :
2677 1158 2872 1230 Venite,
2901 1165 3018 1234 ﬁlii,
3045 1169 3218 1223 audite
3241 1147 3338 1239 me,
3364 1222 3370 1240 κ

1755 1238 1984 1298 timorem
2018 1241 2227 1297 Domini
2266 1245 2450 1302 docebo
2489 1266 2594 1305 vos.
2628 1251 2764 1322 Quid
2792 1255 2910 1310 vis?
2941 1257 3113 1315 Vitam
3146 1272 3200 1317 ct
3228 1238 3371 1320 dies:

1753 1330 1942 1387 bonos.
1975 1335 2110 1388 Audi
2133 1379 2146 1403 ,
2180 1345 2235 1392 et
2275 1338 2358 1395 iac
2387 1359 2398 1395 :
2429 1340 2640 1404 Contine
2675 1345 2901 1418 linguam
2941 1359 3078 1412 tuam
3117 1370 3148 1407 a
3185 1359 3338 1412 malo.

1753 1422 1860 1486 Fac
1887 1425 2035 1480 illud.
2069 1427 2223 1505 Nolo,
2255 1429 2385 1487 dicit
2411 1431 2571 1490 homo
2600 1421 2762 1493 miser
2790 1457 2805 1493 :
2833 1449 2886 1496 et
2909 1440 3139 1516 linguam
3167 1463 3340 1503 meam

1752 1519 1878 1574 nolo
1904 1521 2181 1586 continere
2206 1540 2235 1584 a
2261 1527 2433 1595 malo,
2467 1539 2522 1592 et
2550 1530 2710 1594 vitam
2741 1533 2892 1600 volo,
2921 1545 2974 1598 et
3008 1536 3122 1592 dies
3150 1538 3340 1606 bonos.

1751 1609 1806 1667 Si
1828 1616 2106 1686 operarius
2133 1624 2253 1680 tuus
2278 1619 2374 1682 tibi
2399 1620 2635 1678 diceret:
2661 1623 2729 1688 Et
2753 1636 2904 1688 vasto
2929 1629 3083 1686 istam
3105 1632 3337 1704 vineam,

1751 1715 1808 1762 et
1834 1708 1988 1780 exigo
2014 1725 2043 1764 a
2071 1718 2124 1764 te
2153 1711 2452 1780 mercedem
2483 1733 2499 1770 :
2529 1717 2798 1784 adduxisti
2829 1737 2914 1777 me
2947 1723 3014 1784 ad
3044 1725 3254 1787 vineam
3286 1739 3344 1792 ut

1751 1797 1983 1861 i'alcitem
2011 1801 2152 1868 illam
2184 1813 2240 1860 et
2268 1815 2482 1878 putem,
2514 1811 2738 1874 concide
2775 1814 2950 1876 omnia
2996 1816 3135 1886 ligna
3167 1819 3339 1888 utilia,

1751 1888 2036 1960 przecidam
2064 1892 2178 1966 ipsa
2205 1895 2396 1958 robora
2418 1898 2625 1966 vitium,
2651 1911 2708 1964 ut
2737 1919 2842 1960 non
2870 1903 2955 1960 hic
2976 1905 3172 1964 habeas
3196 1912 3339 1979 quod

1749 1981 1989 2058 colligas,
2020 1994 2073 2048 et
2098 2000 2218 2050 cum
2244 1986 2421 2045 fecero
2448 1991 2545 2054 ista
2566 2035 2581 2058 ,
2612 1993 2917 2062 redditurus
2946 2013 3005 2062 es
3034 2001 3159 2064 mihi
3191 2002 3340 2064 labo-

1749 2090 1862 2128 rem
1890 2091 2088 2132 meum.
2128 2078 2315 2145 Nonne
2351 2081 2592 2148 insanum
2624 2087 2769 2152 illum
2800 2088 3038 2152 diceres?
3069 2109 3245 2152 nonne
3271 2096 3336 2152 ii-

1749 2164 1861 2220 lum
1887 2167 1952 2222 de
1978 2167 2138 2224 domo
2167 2181 2251 2226 tua
2283 2175 2606 2254 i-cpclieres,
2639 2189 2923 2253 antequam
2957 2185 3191 2246 mitteret
3221 2204 3336 2248 ma-

1749 2275 1874 2324 num
1913 2261 1980 2326 ad
2014 2262 2243 2322 falcem?
2282 2267 2437 2332 Tales
2466 2281 2588 2334 sunt
2618 2272 2891 2342 homines,
2935 2279 3025 2349 qui
3067 2288 3122 2338 et
3163 2280 3336 2346 facere

1749 2351 1934 2405 volunt
1965 2354 2134 2421 mala,
2168 2366 2220 2418 ct
2247 2356 2429 2427 jurare
2473 2361 2807 2428 mendacium
2828 2405 2843 2432 ,
2873 2378 2926 2422 et
2964 2368 3336 2442 blasphemare

1748 2450 1932 2495 contra
1962 2442 2158 2514 Deum.
2207 2457 2262 2510 et
2301 2465 2665 2530 murmurare,
2695 2464 2751 2518 et
2778 2455 3016 2523 fraudem
3045 2461 3255 2532 facere,
3283 2474 3337 2530 et

1749 2532 2020 2603 inebriari,
2049 2546 2102 2604 et
2131 2540 2368 2622 litigare,
2397 2553 2450 2606 ct
2476 2547 2762 2615 adulterari
2786 2591 2799 2624 ,
2827 2562 2880 2608 et
2905 2552 3156 2624 ligaturas
3179 2558 3333 2616 adhi-

1746 2625 1896 2693 bere,
1920 2638 1974 2692 ct
1999 2632 2072 2694 ire
2097 2631 2161 2696 ad
2184 2636 2480 2706 sortilegos,
2510 2649 2564 2698 et
2581 2639 2696 2706 dies
2716 2641 2884 2704 bonos
2909 2644 3111 2706 videre.
3137 2648 3336 2706 Dicitur

1747 2718 1822 2778 illi
1853 2739 1868 2784 ;
1896 2721 2010 2778 Non
2041 2733 2189 2794 potes
2221 2728 2357 2788 male
2387 2729 2584 2794 faciens
2614 2749 2854 2804 (interere
2894 2737 3087 2800 bonum
3127 2757 3334 2802 merce.~

1747 2812 1890 2869 dem.
1931 2815 1984 2874 Si
2015 2826 2066 2878 tu
2100 2817 2324 2888 injustas
2351 2836 2441 2897 cs,
2485 2822 2710 2894 injustus
2752 2828 2855 2892 crit
2891 2837 2946 2883 et
2984 2829 3165 2890 Deus?
3193 2833 3334 2905 Ergo

1746 2905 1871 2976 quid
1901 2905 2130 2970 faciam?
2158 2910 2291 2984 Quid
2319 2913 2438 2978 vis?
2465 2913 2638 2976 Vitam
2676 2917 2825 2988 volo,
2852 2918 2968 2982 dies
2995 2921 3166 2984 bonas
3189 2925 3330 2982 volo.

1747 2995 1958 3052 Contine
1984 2998 2208 3074 linguam
2244 3012 2382 3066 tuam
2409 3021 2441 3066 (ι
2465 3007 2620 3078 malo,
2649 3017 2694 3070 el
2715 3009 2849 3066 labia
2870 3021 2957 3072 tua
2983 3028 3045 3070 ne
3064 3013 3334 3092 loquantur

1747 3089 1921 3154 dolum
1950 3107 1968 3144 :
1999 3092 2047 3146 id
2076 3101 2177 3160 est,
2212 3094 2340 3158 nulli
2373 3096 2609 3156 fraudem
2631 3142 2645 3166 ,
2676 3101 2804 3166 nulli
2834 3089 3190 3166 mendacium.

1819 3182 1906 3246 i9.
1955 3182 2106 3264 [t'era,
2135 3186 2246 3262 15.]
2286 3188 2391 3253 Sed
2431 3191 2557 3264 quid
2583 3203 2694 3261 est,
2712 3193 2937 3257 Declina
2964 3212 2996 3258 ﬂ
3023 3199 3201 3261 malo?
3236 3199 3335 3260 Pa.-

1747 3291 1863 3338 rum
1890 3288 1974 3343 est
2002 3278 2130 3342 nulli
2169 3294 2395 3348 noceas.
2440 3283 2643 3350 nullum
2687 3286 2932 3359 occidas,
2970 3303 3076 3354 non
3117 3289 3332 3358 furet'is,

1747 3383 1851 3426 non
1879 3369 2165 3438 adulteros,
2198 3386 2304 3434 non
2334 3371 2571 3438 fraudem
2603 3375 2762 3437 facias
2783 3420 2798 3445 ,
2826 3393 2932 3442 non
2962 3380 3152 3446 falsum
3181 3383 3334 3440 testi.

1746 3464 1984 3525 monium
2029 3462 2194 3524 dicas.
2243 3463 2457 3530 Declina
2495 3484 2526 3524 α
2563 3469 2700 3526 malo
2738 3485 2758 3524 :
2795 3485 2916 3537 cum
2961 3470 3332 3542 declinaveris,

1746 3553 1921 3612 dicis:
1958 3555 2191 3624 Securus
2230 3573 2383 3626 sum,
2421 3559 2620 3630 perfeci
2657 3563 2833 3618 omnia
2855 3605 2870 3630 ,
2903 3561 3110 3626 habebo
3146 3566 3333 3635 vitam,

1745 3647 1937 3708 videbo
1971 3649 2086 3712 dies
2124 3649 2314 3714 bonos.
2349 3651 2466 3714 Non
2501 3653 2673 3712 solum
2705 3655 2902 3718 declina
2938 3673 2972 3712 a
3003 3659 3138 3716 mala
3157 3677 3178 3726 ;
3214 3660 3332 3730 sed,

1745 3750 1790 3804 et
1815 3745 1897 3812 [ac
1924 3741 2126 3804 bonum.
2158 3741 2352 3810 Parum
2389 3754 2474 3802 est
2508 3754 2567 3813 ut
2605 3761 2710 3804 non
2737 3747 3039 3817 exspolies:
3067 3750 3201 3810 vesti
3233 3767 3333 3808 nu.

1745 3833 1892 3890 dum.
1919 3833 1978 3890 Si
1999 3849 2104 3898 non
2125 3835 2523 3907 exspoliaveris,
2547 3837 2824 3898 declinasti
2851 3855 2882 3898 a
2907 3841 3050 3902 malo
3074 3859 3087 3898 :
3113 3843 3206 3898 sed
3227 3859 3335 3908 non

1748 3924 1908 3986 facies
1936 3927 2136 3984 bonum
2153 3968 2169 3993 ,
2201 3927 2302 3992 nisi
2329 3943 2450 3992 cum
2474 3931 2809 4001 peregrinum
2839 3935 3139 4003 susceperis
3161 3935 3217 3992 in
3241 3936 3338 3992 don

1746 4035 1892 4082 mum
1919 4029 2080 4081 tuam.
2106 4021 2248 4091 Ergo
2272 4021 2351 4082 sia
2373 4021 2581 4086 declina
2601 4037 2632 4080 a
2656 4022 2818 4091 male.
2847 4033 2906 4086 ut
2930 4023 3090 4082 facias
3112 4026 3333 4088 bonum.

1751 4112 1932 4180 Quare
1957 4127 2151 4182 pacein,
2179 4120 2230 4178 et
2255 4128 2460 4184 uouere
2487 4128 2618 4177 cant.
2650 4113 2766 4180 Non
2799 4114 2890 4180 tibi
2919 4114 3084 4182 dixit,
3117 4116 3337 4181 habebis

1747 4202 1834 4260 hic
1859 4219 2040 4273 pacem
2073 4221 2087 4266 ς
2117 4218 2300 4275 quaere
2327 4205 2470 4268 illam
2490 4247 2506 4271 ,
2538 4215 2592 4268 et
2620 4221 2846 4278 sequere
2878 4223 3017 4270 eam.
3045 4209 3163 4280 Quo
3192 4211 3336 4268 illam

1745 4294 1976 4365 sequor?
2003 4295 2122 4363 Quo
2143 4296 2431 4366 pmcussit.
2461 4296 2718 4361 Dominus
2741 4298 2881 4358 enim
2905 4308 2986 4362 est
3010 4315 3110 4370 pax
3133 4310 3333 4370 nostra,

1747 4388 2039 4450 resurrexit
2064 4396 2117 4450 ct
2141 4389 2381 4450 ascendit
2411 4390 2462 4450 in
2489 4390 2708 4454 coelum.
2742 4392 2924 4459 autem
2943 4410 3116 4464 pacem
3135 4435 3152 4463 ,
3183 4404 3230 4452 et
3253 4413 3335 4452 ae-

1745 4497 1893 4552 quare
1927 4483 2072 4542 illam
2097 4498 2117 4541 .'
2145 4482 2268 4553 quia
2295 4491 2352 4545 et
2381 4490 2436 4545 tu
2463 4498 2586 4546 cum
2614 4485 2940 4552 surrexerint,
2975 4485 3078 4542 hoc
3111 4488 3338 4551 mortale

1747 4573 2038 4633 mutabitur
2056 4615 2071 4639 .
2099 4581 2154 4638 et
2175 4572 2516 4643 amplecteris
2545 4589 2728 4645 pacem
2748 4617 2764 4643 .
2794 4575 2881 4640 ubi
2911 4576 3004 4634 tibi
3033 4592 3191 4646 nemo
3217 4593 3336 4642 mo.

1748 4666 1913 4726 iustus
1938 4666 2058 4727 erit.
2088 4667 2165 4726 ibi
2188 4667 2330 4728 enim
2357 4674 2442 4731 est
2466 4667 2700 4739 perfecta
2726 4682 2851 4739 pax,
2873 4669 2960 4733 ubi
2983 4683 3088 4734 non
3109 4670 3333 4726 esuries.

1747 4759 1880 4819 Nam
1922 4759 2010 4817 hic
2050 4759 2147 4821 tibi
2191 4774 2374 4831 pacem
2413 4758 2538 4820 facit
2565 4759 2718 4831 panis
2742 4774 2758 4814 :
2786 4759 2988 4822 Subduc
3029 4775 3251 4830 panem,
3283 4771 3338 4818 et

1746 4853 1868 4910 vide
1883 4853 2037 4924 quale
2057 4852 2256 4908 bellum
2277 4854 2380 4908 erit
2401 4853 2536 4905 intra
2559 4852 2763 4912 viscera
2786 4860 2894 4908 tua.
2923 4851 3028 4920 ipsi
3050 4854 3178 4922 justi
3201 4869 3337 4923 quo.

1748 4944 1908 5002 modo
1933 4952 2152 5015 gemunt
2187 4943 2276 5002 hie
2294 4984 2310 5010 ,
2347 4942 2575 5004 fratres?
2603 4951 2664 5000 ut
2689 4941 2868 5002 sciatis
2894 4942 3015 5012 quia
3046 4945 3334 5012 qumrimus

1751 5039 1837 5096 hie
1862 5054 2044 5110 pacem
2061 5069 2077 5102 ,
2101 5049 2490 5107 consequemur
2516 5043 2693 5094 autem
2725 5034 2777 5094 in
2805 5033 2930 5094 line.
2961 5035 3066 5090 Sed
3095 5052 3162 5098 ex
3185 5045 3337 5107 parte

1749 5133 1835 5191 hle
1861 5134 2171 5201 habeamus,
2197 5141 2254 5187 ut
2277 5145 2340 5186 ex
2369 5137 2482 5186 tete
2508 5129 2615 5186 illic
2634 5127 2832 5191 habere
2857 5143 3175 5186 mereamur.
3198 5128 3337 5196 Quid

1749 5239 1848 5298 est,
1876 5244 1942 5288 ex
1973 5229 2160 5303 parte?
2188 5225 2494 5288 Concordes
2517 5224 2686 5280 simus
2714 5221 2822 5290 hic,
2851 5222 3128 5293 diligamus
3157 5222 3338 5291 proxi-

1747 5337 1892 5380 mum
1917 5319 2186 5394 quomodo
2214 5333 2333 5376 nos.
2377 5317 2464 5375 Sic
2505 5315 2666 5388 dilige
2704 5314 2920 5376 fratrem
2955 5313 3222 5385 quomodo
3252 5323 3335 5374 te-

1748 5416 1954 5486 ipaum,
1985 5412 2124 5468 habe
2155 5426 2280 5468 eum
2316 5411 2409 5467 illo
2439 5423 2645 5481 pacem.
2679 5406 2787 5464 Sed
2830 5422 2933 5465 non
2971 5417 3195 5477 possunt
3233 5408 3336 5479 nisi

1747 5508 1978 5565 existere
2005 5504 2136 5560 rixae
2163 5504 2354 5575 aliqum
2373 5543 2389 5570 ,
2420 5499 2688 5574 quomodo
2727 5501 2865 5557 inter
2894 5497 3088 5558 fratres
3115 5508 3171 5555 et
3197 5499 3336 5556 inter

1748 5611 1962 5658 sanctos
1987 5599 2323 5664 exstiterunt,
2355 5597 2489 5652 inter
2519 5593 2814 5652 Barnabam
2853 5599 2908 5649 et
2945 5591 3162 5648 Paulum
3199 5591 3333 5662 (Act.

1747 5710 1847 5762 xv,
1880 5693 1972 5765 59)
2001 5712 2016 5750 ε
2043 5693 2273 5752 sednon
2305 5706 2421 5762 qua:
2459 5689 2767 5752 occiderent
2813 5686 3148 5752 concordiam
3170 5728 3185 5756 ,
3227 5703 3332 5742 non

1750 5804 1870 5864 qua:
1894 5789 2262 5854 interimerent
2282 5781 2617 5850 charitatem.
2642 5779 2776 5838 Nam
2800 5786 2857 5838 et
2881 5778 2976 5836 tibi
3004 5777 3104 5854 Ipsi
3129 5779 3337 5837 resistis
