3950 6418
625 357 736 416 319

625 470 930 542 aliquando,
963 478 1016 525 et
1041 479 1214 523 tamen
1247 479 1350 520 non
1381 472 1432 518 te
1462 461 1636 517 odisti.
1665 459 1850 514 Omnis
1875 460 2016 514 enim
2046 475 2204 529 quem

627 567 847 634 paenitet
871 561 1098 630 aliquid,
1129 558 1331 612 rixatur
1359 569 1562 609 secum.
1595 552 1870 616 Peccavit,
1902 552 2066 615 redit,
2100 551 2205 604 ira-

625 658 791 712 scitur
816 652 1126 721 sibimetipsi
1159 650 1258 704 hoc
1284 647 1480 704 fecisse
1499 689 1512 711 ,
1541 645 1670 701 illud
1695 645 2026 699 commisisse
2051 646 2089 696 '.
2115 643 2210 697 Ri-

623 761 744 802 Xam
774 760 898 813 ergo
922 757 1104 797 secum
1133 741 1326 805 habet,
1366 737 1460 794 sed
1502 738 1600 791 ista
1637 737 1747 790 rixa
1779 735 1841 789 ad
1869 734 2205 789 concordiam

623 837 808 892 tendit.
838 835 968 890 Vide
996 831 1266 904 quomodo
1292 846 1471 886 secum
1499 831 1718 894 rixetur,
1750 836 1805 882 et
1829 828 1970 882 dicat
1992 825 2205 897 quidam

613 927 788 997 justus
816 943 829 980 :
860 925 1027 992 Quare
1053 924 1208 978 tristis
1233 939 1306 989 es,
1334 921 1506 974 anima
1527 935 1656 982 mea,
1689 927 1735 973 et
1763 933 1918 986 quare
1941 915 2207 971 conturbas

620 1019 738 1073 me?
767 1017 935 1086 Spera
959 1016 1011 1069 in
1038 1013 1333 1078 Dominum,
1361 1011 1598 1082 quoniam
1627 1008 1793 1062 adhuc
1823 1005 2095 1076 conﬁtebor
2130 1005 2207 1059 illi

622 1108 792 1181 (Psal.
817 1124 920 1164 xui
941 1150 955 1175 ,
988 1107 1065 1176 5).
1091 1103 1227 1160 Cum
1263 1103 1391 1159 dicit
1417 1103 1608 1156 anima:
1633 1116 1743 1156 sua:
1763 1141 1779 1166 ,
1815 1099 1983 1166 Quare
2004 1107 2207 1152 cantur-

618 1201 706 1255 bas
732 1216 844 1265 me;
874 1201 1053 1268 utique
1081 1194 1324 1251 turbabat
1351 1194 1520 1249 illum.
1550 1191 1774 1247 Volebat
1802 1189 1937 1244 forte
1962 1190 2073 1259 ipse
2097 1189 2203 1259 pati

619 1307 717 1362 pro
740 1291 968 1355 Christo,
993 1297 1048 1342 et
1069 1287 1244 1342 anima
1270 1286 1434 1356 ipsius
1458 1281 1888 1339 contristabatur.
1913 1281 1978 1335 Et
2002 1280 2089 1334 ille
2114 1279 2205 1350 qui

617 1382 819 1438 sciebat
842 1390 898 1436 et
922 1379 1147 1443 dicebat,
1177 1378 1345 1445 Quare
1369 1374 1523 1429 tristis
1545 1391 1618 1441 es,
1645 1373 1814 1427 anima
1835 1388 1963 1438 mea,
1987 1382 2031 1426 et
2049 1388 2206 1442 quare

617 1471 886 1528 conturbas
915 1487 993 1524 me
1010 1486 1028 1535 ;
1061 1484 1242 1540 pacem
1268 1467 1442 1522 adhuc
1465 1479 1644 1521 secum
1677 1479 1782 1519 non
1809 1463 2039 1520 habebat
2067 1481 2079 1516 :
2109 1462 2204 1518 sed

619 1579 685 1621 ex
711 1573 885 1620 mente
915 1561 1151 1617 hrcrebat
1171 1559 1404 1625 Christo,
1431 1568 1492 1613 ut
1519 1565 1830 1627 sequeretur
1857 1556 2003 1611 illum
2030 1556 2203 1610 anima

618 1659 768 1729 ejus,
797 1666 851 1713 et
879 1671 983 1712 non
1013 1655 1156 1710 illum
1183 1652 1542 1708 conturbaret.
1575 1649 1718 1720 Ergo
1741 1649 1964 1719 quierite
1994 1662 2200 1718 pacem,

617 1752 825 1806 fratres.
851 1749 1105 1804 Dominus
1123 1745 1258 1800 dixit
1281 1764 1293 1800 :
1321 1743 1448 1799 Haec
1471 1745 1652 1809 loquor
1671 1742 1807 1796 vobis
1824 1782 1839 1806 ,
1866 1751 1921 1794 ut
1945 1742 1996 1794 in
2016 1756 2092 1794 me
2112 1739 2204 1793 lia-

616 1843 770 1899 beatis
796 1856 987 1909 pacem.
1018 1837 1207 1892 Pacem
1231 1838 1284 1890 in
1311 1846 1444 1891 terra
1469 1836 1606 1888 vobis
1633 1849 1734 1887 non
1761 1833 1994 1904 promitto
2020 1831 2201 1902 (Joan.

612 1951 700 1990 xvi
721 1977 735 2002 ,
765 1935 874 2004 55).
904 1933 959 1987 lu
991 1932 1090 1988 ista
1119 1931 1220 1986 vita
1250 1943 1350 1999 pax
1385 1943 1507 1984 vera
1539 1942 1644 1982 non
1674 1935 1776 1991 est,
1809 1942 1908 1982 nec
1939 1925 2202 1996 tranquil.

611 2028 750 2083 litas.
797 2025 1058 2082 Gaudium
1103 2021 1550 2087 immortalitatis,
1599 2019 1828 2074 societas
1876 2017 2199 2088 Angelorum

611 2118 956 2189 promittitur.
985 2115 1091 2172 Sed
1117 2114 1357 2186 quisquis
1385 2128 1491 2167 non
1519 2111 1662 2167 illam
1691 2125 1814 2166 cum
1845 2109 1931 2166 hic
1951 2118 2032 2166 est
2051 2125 2198 2181 quae-

609 2209 780 2271 sierit,
812 2223 916 2262 non
949 2207 1093 2261 illam
1119 2205 1335 2260 habebit
1359 2219 1480 2260 cum
1512 2203 1734 2258 venerit.

680 2298 770 2355 20.
801 2297 821 2370 [
859 2296 1090 2353 verthi.
1115 2295 1136 2369 j
1167 2295 1316 2350 Oculi
1339 2294 1546 2348 Domini
1557 2310 1708 2365 super
1722 2294 1913 2364 justas.
1939 2292 2200 2365 Noliergo

608 2392 818 2457 timere,
843 2391 1022 2445 labora
1053 2392 1074 2422 ²
1107 2406 1120 2443 :
1152 2389 1288 2443 oculi
1316 2387 1700 2456 Dominisupcr
1719 2394 1770 2441 te
1789 2393 1933 2440 sunt.
1957 2383 2024 2438 Et
2045 2401 2194 2441 aures

610 2484 720 2554 ejus
747 2481 815 2534 ad
856 2496 1026 2552 preces
1073 2495 1266 2534 eorum.
1297 2476 1434 2544 Quid
1462 2477 1541 2532 vis
1567 2475 1829 2546 amplius?
1853 2475 1910 2532 Si
1955 2491 2196 2531 murmu-

607 2583 812 2630 rantem
834 2587 1049 2628 servum
1078 2572 1130 2625 in
1162 2569 1320 2626 domo
1342 2583 1528 2638 magna
1574 2583 1679 2623 non
1731 2566 1940 2622 audiret
1966 2566 2196 2637 paterfa-

610 2663 800 2727 milias,
851 2668 1186 2732 quereretur,
1227 2668 1281 2714 et
1328 2657 1568 2714 diceret:
1599 2657 1804 2725 Quanta
1834 2657 1917 2712 hic
1945 2656 2190 2727 patimur,

605 2765 661 2813 et
689 2767 846 2810 nemo
891 2766 990 2808 nos
1035 2749 1218 2807 audit!
1277 2748 1542 2820 Numquid
1573 2748 1728 2803 .dicis
1774 2747 1900 2802 illud
1932 2747 1998 2804 de
2033 2747 2142 2803 Deo
2175 2764 2189 2802 :

604 2849 811 2916 Quanta
841 2845 1035 2918 patior,
1076 2853 1131 2902 et
1175 2858 1335 2900 nemo
1394 2858 1481 2899 me
1508 2841 1776 2898 audit?Si
1825 2841 2032 2898 audiret
2081 2858 2188 2907 me,

602 2939 740 2996 forte
767 2936 922 3000 dicis,
983 2936 1195 2992 tolleret
1245 2935 1376 2990 mihi
1422 2933 1812 2989 tribulationem
1848 2934 2080 3001 :clamo,
2139 2943 2193 2988 et

613 3031 858 3086 tribulor.
889 3028 1118 3085 Tantum
1162 3037 1218 3084 tu
1248 3038 1373 3084 tene
1399 3028 1511 3082 vias
1531 3027 1666 3097 ejus,
1695 3036 1749 3081 et
1785 3026 1996 3097 quando
2027 3026 2192 3080 tribu-

599 3123 726 3179 laris
744 3122 979 3178 auditte.
1005 3120 1110 3176 Sed
1140 3120 1382 3175 medicus
1431 3127 1533 3186 est,
1593 3117 1766 3174 adhuc
1818 3127 1969 3187 putre
2023 3117 2187 3173 habes

601 3214 782 3271 nescio
806 3211 955 3284 quid.
983 3211 1195 3266 Clamas
1224 3229 1237 3263 :
1271 3209 1364 3264 sed
1415 3208 1589 3264 adhuc
1614 3218 1760 3264 secat
1789 3225 1804 3275 ;
1836 3218 1890 3264 et
1915 3225 2021 3264 non
2049 3210 2186 3266 tollit

601 3321 838 3370 manum,
865 3303 968 3359 nisi
1015 3301 1245 3357 secuerit
1281 3309 1538 3372 quantum
1569 3299 1796 3355 videtur.
1833 3300 2041 3354 Etenim
2073 3314 2187 3355 mc-

600 3396 751 3452 dicus
801 3392 1034 3450 crudelis
1061 3401 1145 3447 est
1191 3392 1281 3462 qui
1326 3389 1546 3446 exaudit
1592 3389 1888 3456 hominem,
1934 3397 1986 3444 et
2016 3390 2186 3459 parcit

599 3489 808 3544 vulneri
839 3498 892 3542 et
910 3484 1194 3556 putredini.
1225 3484 1420 3540 Matres
1443 3483 1712 3554 quomodo
1757 3483 1950 3538 fricant
1992 3483 2042 3537 in
2072 3483 2185 3537 bal-

600 3581 715 3634 neis
731 3577 796 3632 ad
824 3576 1047 3631 salutem
1077 3574 1267 3629 ﬁlios?
1306 3573 1492 3629 Nonne
1533 3572 1737 3644 parvuli
1774 3574 2007 3628 clamant
2043 3574 2187 3628 inter

598 3683 786 3725 manus
813 3681 995 3723 earum
1022 3665 1046 3720 ?
1071 3665 1179 3720 illa:
1224 3679 1352 3736 ergo
1402 3663 1644 3719 crudeles
1669 3672 1812 3731 sunt,
1846 3674 1903 3718 ut
1929 3678 2035 3719 non
2066 3679 2186 3735 par-

595 3770 738 3827 cant,
793 3775 900 3815 non
947 3756 1234 3813 exaudiant
1270 3755 1789 3828 lacrymas?Nonne
1835 3755 2006 3825 plenae
2059 3763 2183 3810 sunt

597 3854 791 3923 pietate
816 3851 840 3904 ‘l
884 3850 950 3905 Et
967 3858 1141 3905 tamen
1164 3847 1396 3903 clamant
1413 3847 1582 3917 pueri,
1613 3855 1667 3901 et
1693 3861 1796 3900 non
1819 3846 1896 3901 eis
1921 3846 2176 3914 parcitur.

593 3943 681 4000 Sic
707 3952 763 3999 et
788 3942 925 3998 Deus
936 3948 1115 3996 noster
1136 3938 1323 4010 plenus
1348 3946 1431 3992 est
1453 3937 1713 3993 charitate
1734 3953 1746 3989 :
1767 3935 1860 3991 sed
1891 3935 2008 3990 ideo
2027 3934 2178 3990 vide-

594 4048 678 4093 tur
703 4050 810 4091 non
835 4032 1110 4099 exaudire,
1141 4040 1198 4086 ut
1224 4037 1450 4086 sanetet
1477 4035 1659 4099 parcat
1688 4027 1739 4082 in
1759 4027 2171 4097 sempiternum.

663 4129 752 4184 21.
785 4126 807 4200 [
833 4142 961 4181 vers.
992 4125 1078 4180 17.
1109 4123 1131 4196 ]
1161 4122 1309 4177 Oculi
1329 4120 1540 4176 Domini
1581 4135 1735 4188 super
1749 4119 1940 4190 justas,
1969 4126 2016 4171 et
2031 4132 2180 4171 aures

591 4223 699 4293 ejus
716 4222 781 4272 ad
803 4233 971 4286 preces
991 4231 1182 4269 eorum.
1207 4213 1368 4268 Forte
1385 4212 1568 4266 dicunt
1588 4209 1711 4264 mali
1737 4227 1751 4263 :
1786 4208 1926 4279 Ergo
1948 4223 2173 4263 securus

593 4312 730 4368 facio
745 4308 905 4374 mala,
932 4305 1056 4377 quia
1104 4318 1214 4359 non
1255 4317 1418 4372 super
1459 4317 1545 4356 me
1571 4308 1699 4356 sunt
1721 4300 1860 4355 oculi
1922 4299 2131 4354 Domini
2161 4318 2174 4354 :

586 4407 698 4478 jam
726 4403 864 4457 Deus
889 4399 954 4455 ad
977 4399 1150 4469 justas
1174 4394 1418 4461 attendit,
1474 4407 1558 4448 me
1587 4407 1693 4446 non
1715 4390 1879 4456 videt,
1931 4399 1987 4446 et
2025 4390 2180 4462 quid-

593 4495 718 4567 quid
745 4495 942 4556 l‘ecero,
973 4503 1197 4545 securus
1222 4486 1378 4542 facio.
1406 4485 1592 4541 Statim
1623 4483 1850 4553 subjecit
1881 4483 2067 4539 videns
2083 4499 2177 4538 co-

591 4589 875 4660 gitationes
909 4583 1185 4639 hominum
1232 4578 1460 4650 Spiritus
1509 4587 1745 4640 sanctus,
1791 4583 1845 4631 et
1875 4576 1948 4630 ait
1981 4593 1994 4629 :
2026 4575 2177 4632 Oculi

592 4679 800 4735 Domini
827 4693 979 4746 super
990 4676 1178 4746 justas,
1201 4683 1247 4727 et
1263 4688 1409 4726 aures
1429 4671 1539 4737 eius
1554 4670 1620 4723 ad
1632 4684 1802 4739 preces
1816 4685 1991 4724 eorum
2021 4684 2040 4722 :
2064 4671 2180 4723 vul-

595 4781 674 4824 tus
701 4780 866 4822 autem
890 4765 1100 4820 Domini
1142 4779 1295 4835 super
1343 4761 1580 4830 facientes
1610 4762 1764 4825 mala,
1797 4768 1851 4814 ut
1880 4761 2059 4831 perdat
2109 4759 2172 4813 de

593 4845 728 4916 terra
753 4859 1044 4914 memoriam
1075 4871 1266 4910 eorum.

658 4951 747 5006 2‘2.
769 4949 933 5023 [vers.
959 4948 1046 5003 18.
1078 4945 1472 5020 ]Ctamaverunt
1493 4943 1643 5015 justi,
1673 4952 1719 4998 et
1742 4941 1992 4999 Dominus
2017 4957 2176 4996 exau-

588 5047 709 5101 dit-it
740 5060 842 5110 eos,
873 5052 920 5096 et
950 5057 1011 5096 ea:
1040 5039 1268 5095 omnibus
1289 5038 1693 5092 tribulationibus
1717 5052 1888 5090 eorum
1912 5035 2043 5089 eruit
2065 5049 2170 5088 eos.

591 5138 726 5194 Justi
756 5141 908 5189 erant
952 5140 1062 5186 tres
1116 5132 1262 5199 pueri
1314 5149 1324 5182 :
1357 5129 1425 5183 de
1456 5128 1666 5182 camino
1705 5127 2070 5182 clamaverunt
2105 5122 2174 5179 ad

592 5228 892 5289 [‘otuiuuui,
937 5230 991 5278 et
1029 5221 1080 5276 in
1139 5220 1383 5275 laudibus
1430 5233 1612 5274 eorum
1654 5218 1801 5288 ignes
1851 5215 2167 5286 friguerunt.

585 5322 853 5377 Accedere
880 5328 934 5372 et
954 5317 1146 5371 laedere
1162 5314 1371 5370 ﬂamma
1397 5327 1500 5367 non
1525 5311 1694 5382 potuit
1715 5309 1985 5364 laudantes
2002 5308 2168 5362 Deum

589 5417 898 5467 innocentes
925 5418 979 5464 ct
1001 5410 1170 5477 justas
1220 5421 1436 5478 pueros.
1467 5414 1521 5459 et
1545 5402 1685 5458 eruit
1719 5416 1810 5456 eos
1839 5401 1906 5456 de
1957 5401 2170 5455 ﬂamma

585 5509 606 5577 ι
639 5502 778 5555 Dan.
809 5519 881 5563 ιιι,
916 5502 987 5555 49
1016 5499 1056 5572 ).
1085 5499 1223 5553 Dicit
1248 5499 1459 5568 aliquis,
1491 5494 1628 5549 Ecce
1657 5491 1922 5563 verejusti
1953 5492 2041 5562 qui
2072 5506 2167 5546 ex-

591 5598 751 5651 auditi
784 5607 924 5661 sunt,
953 5593 1088 5647 sicut
1125 5592 1382 5661 scriptmn
1413 5597 1514 5650 cst,
1545 5585 1896 5642 Clamaverunt
1931 5584 2081 5655 justi,
2124 5591 2171 5638 et

648 5715 662 5743 ι
699 5721 874 5759 taliaes
897 5710 1002 5758 fere
1031 5715 1158 5766 vss,
1191 5718 1268 5755 me
1292 5701 1378 5752 hor.
1403 5698 1589 5765 fecisse,
1614 5711 1689 5750 me
1714 5697 1834 5748 illud
1856 5694 2165 5759 commisisse,

581 5773 626 5826 si
649 5785 743 5823 non
766 5770 962 5822 etaritur.
989 5767 1162 5830 nixam
1183 5779 1316 5830 ergo,
1339 5773 1433 5830 etc.

647 5818 1036 5896 fumasse,
1065 5818 1270 5881 laborari.
1307 5818 1413 5891 λιιι,
1438 5825 1671 5877 laborans.
1697 5821 1911 5887 Quidam,
1935 5818 2161 5872 laborem.

1875 346 1931 404 S.
1975 346 2342 404 AUCUSTINI
2381 348 2685 408 EPISCOPI
3285 292 3312 298 ,Δ
3748 373 3821 435 530

2317 482 2567 542 Dominus
2595 490 2849 544 exaudivit
2899 508 3006 560 eos,
3035 501 3083 548 et
3126 511 3190 550 ea:
3229 497 3458 552 omnibus
3496 498 3819 561 tribulationibus

2315 594 2485 632 eorum
2516 581 2643 633 eruit
2669 599 2753 637 eos
2771 599 2790 636 :
2811 600 2909 655 ego
2937 596 3114 642 autem
3133 587 3371 653 clamavi,
3393 601 3449 644 et
3474 605 3664 649 nomne
3683 600 3815 663 eruit;

2314 682 2406 726 aut
2426 690 2523 744 ego
2553 690 2656 729 non
2688 678 3010 746 sumjustus,
3036 669 3243 737 autnon
3273 684 3406 738 facio
3433 700 3550 755 qua:
3579 687 3688 740 mihi
3701 690 3820 760 jubet,

2313 773 2404 818 aut
2427 765 2561 820 forte
2591 784 2675 824 me
2701 770 2792 825 ille
2845 789 2950 828 non
2982 774 3144 829 videt.
3193 773 3312 830 Noli
3338 776 3547 844 timere,
3586 787 3752 835 tantum
3768 783 3820 839 lac

2313 859 2456 929 quod
2480 860 2670 930 jubet;
2697 873 2751 918 et
2779 864 2822 919 si
2838 873 2889 920 te
2916 881 3018 920 non
3041 868 3563 940 eruitcorporaiiter,
3586 882 3714 926 eruet
3745 877 3814 944 δρία

2315 953 2594 1008 ritualiter.
2626 954 2718 1010 Ille
2751 957 2893 1012 enim
2917 958 3005 1028 qui
3039 960 3158 1014 tulit
3183 960 3250 1015 de
3289 959 3503 1016 ﬂamma
3527 970 3627 1017 tres
3652 977 3812 1034 pueros,

2313 1047 2567 1116 numquid
2601 1048 2719 1103 tulit
2750 1049 2818 1104 de
2868 1047 3081 1104 ﬂamma
3125 1050 3458 1106 Machabaaos
3477 1051 3500 1104 ?
3519 1051 3685 1108 Nonne
3709 1053 3765 1109 illi
3784 1056 3819 1112 in

2313 1139 2521 1210 ignibus
2573 1140 2980 1212 hymnizabant,
3037 1141 3109 1198 illi
3171 1143 3225 1198 in
3273 1143 3488 1214 ignibus
3551 1144 3819 1214 exspirsbant

2311 1233 2331 1301 (
2360 1231 2400 1286 ll
2430 1231 2604 1288 Maca.
2622 1249 2696 1297 vr.
2725 1232 2800 1304 5)
2829 1233 2852 1287 ?
2878 1233 3020 1290 Deus
3043 1235 3202 1290 trium
3237 1249 3540 1304 puerorum,
3569 1249 3722 1291 nonne
3740 1236 3817 1306 ipse

2310 1332 2394 1379 est
2415 1332 2467 1378 et
2487 1323 2906 1380 Machabaaorum
2931 1326 2955 1379 ?
2979 1325 3108 1381 Illos
3145 1326 3307 1394 eruit,
3335 1336 3394 1381 et
3431 1326 3548 1381 illos
3572 1341 3666 1381 non
3683 1330 3816 1394 emit;

2310 1414 2418 1470 imo
2441 1425 2693 1486 utrosque
2717 1417 2888 1472 eruit:
2919 1415 3013 1473 sed
3054 1426 3163 1473 tres
3212 1431 3406 1487 pueros
3441 1417 3521 1473 sic
3562 1419 3704 1483 eruit.
3723 1428 3818 1472 utet

2309 1509 2551 1564 carnales
2595 1507 3050 1563 confunderentur
3076 1524 3092 1572 ;
3122 1506 3458 1563 Machabasos
3526 1516 3688 1563 autem
3735 1507 3816 1562 ideo

2311 1616 2414 1656 non
2437 1602 2514 1656 sic
2541 1601 2700 1663 eruit,
2746 1609 2801 1654 ut
2855 1601 2928 1655 illi
2982 1601 3073 1670 qui
3105 1599 3564 1671 persequebantur
3591 1599 3639 1654 in
3687 1615 3818 1668 poenas

2309 1695 2538 1764 majores
2560 1693 2718 1760 irent,
2742 1707 2862 1748 cum
2908 1692 3164 1763 putabant
3204 1706 3264 1746 se
3314 1690 3638 1762 oppressisse
3678 1702 3815 1761 marty-

2308 1799 2396 1840 res
2422 1785 2535 1839 Dei.
2566 1783 2720 1838 Eruit
2765 1783 3004 1849 Petrum,
3035 1782 3247 1854 quando
3267 1781 3417 1837 venit
3442 1781 3510 1836 ad
3539 1781 3672 1836 illum
3706 1798 3817 1849 ange-

2307 1874 2409 1942 lus,
2435 1890 2556 1931 cum
2583 1883 2726 1929 esset
2751 1874 2804 1928 in
2823 1874 3069 1940 vinculis,
3091 1882 3145 1928 et
3172 1873 3246 1927 ait
3268 1873 3365 1938 illi,
3395 1871 3582 1943 Surge,
3609 1881 3650 1925 et
3669 1873 3736 1926 esi
3753 1889 3765 1926 :
3783 1882 3818 1926 et

2306 1966 2481 2020 subito
2510 1965 2681 2020 soluta
2706 1975 2831 2020 sunt
2850 1964 3078 2031 vincula,
3107 1972 3162 2018 et
3181 1971 3400 2020 secutus
3424 1973 3508 2018 est
3533 1964 3758 2033 angelum,
3779 1973 3814 2018 et

2305 2059 2443 2115 eruit
2473 2057 2618 2113 illum
2649 2056 2670 2131 (
2700 2058 2808 2112 Act.
2842 2073 2936 2124 xu,
2962 2059 2994 2112 7
3019 2056 3060 2128 ).
3089 2055 3360 2128 Numquid
3397 2057 3588 2113 Petrus
3632 2055 3815 2127 perdide-

2305 2162 2388 2207 rat
2407 2151 2686 2222 justitiam,
2716 2151 2928 2222 quando
2953 2165 3061 2206 non
3107 2149 3256 2205 illum
3281 2149 3424 2204 eruit
3452 2148 3518 2204 de
3541 2164 3683 2205 cruce
3701 2148 3721 2201 ?
3739 2147 3816 2202 Non

2302 2245 2440 2300 eruit
2465 2243 2630 2298 tunc?
2655 2244 2722 2298 Et
2746 2243 2888 2299 eruit
2912 2253 3056 2298 tunc.
3091 2245 3173 2298 An
3201 2241 3323 2298 ideo
3354 2242 3450 2298 diu
3474 2242 3618 2308 vixit,
3646 2251 3695 2296 ut
3713 2241 3813 2312 inju-

2303 2345 2416 2393 stus
2443 2338 2636 2393 ﬂeret?
2659 2336 2820 2393 Forte
2864 2337 2984 2408 plus
3016 2351 3138 2392 eum
3185 2333 3463 2392 exaudivit
3504 2344 3674 2405 postea
3704 2347 3815 2403 quam

2303 2428 2469 2498 prius,
2501 2427 2710 2497 quando
2732 2427 2879 2483 illum
2910 2443 3037 2483 vere
3065 2427 3132 2482 de
3159 2427 3413 2482 omnibus
3440 2427 3687 2499 pressaris
3703 2425 3813 2480 erait.

2300 2517 2432 2572 Nam
2459 2517 2674 2588 quando
2697 2518 2923 2588 primum
2949 2518 3098 2573 illum
3139 2517 3302 2583 eruit,
3329 2529 3527 2588 quanta
3549 2517 3630 2573 ille
3657 2515 3813 2586 pertulit

2301 2618 2483 2680 postea
2513 2610 2525 2663 !
2559 2610 2688 2665 llluc
2730 2610 2872 2665 enim
2907 2611 3270 2680 misitpostea,
3323 2609 3416 2666 ubi
3464 2607 3591 2665 nihil
3626 2606 3812 2679 malipati

2300 2701 2578 2772 patuisset.

2369 2793 2458 2848 25.
2493 2791 2660 2865 [vers.
2689 2793 2777 2860 19,
2798 2791 2888 2848 20.
2927 2791 2938 2864 Ι
2964 2791 3128 2847 Juxta
3145 2801 3218 2846 est
3246 2790 3496 2846 Dominus
3524 2791 3598 2846 his
3621 2789 3812 2861 quiabtri

2297 2897 2474 2942 verunt
2498 2903 2604 2952 car,
2632 2897 2679 2940 et
2706 2886 2918 2940 Immites
2942 2886 3124 2955 spiritu
3176 2886 3342 2939 salvas
3393 2886 3565 2955 faciet.
3615 2884 3808 2940 Altusest

2301 2980 2460 3043 Deus,
2494 2979 2708 3034 humilis
2735 2979 2805 3033 sit
2846 2978 3186 3033 Christianus.
3226 2977 3282 3033 Si
3311 2979 3430 3033 vult
3472 2986 3530 3032 ut
3571 2978 3692 3032 altus
3715 2975 3807 3029 Dens

2296 3071 2555 3126 vicinetur
2575 3069 2669 3132 illi,
2699 3069 2786 3123 ille
2807 3069 3020 3124 humilis
3040 3069 3129 3124 sit.
3157 3068 3340 3139 Magna
3371 3069 3638 3141 mysteria,
3653 3065 3806 3121 fratres.

2298 3162 2438 3218 Deus
2462 3177 2624 3232 super
2651 3162 2826 3232 omnia
2854 3170 2938 3216 est
2968 3180 2983 3216 :
3014 3161 3174 3232 erigis
3201 3170 3273 3224 te,
3291 3171 3348 3216 et
3381 3161 3638 3216 nonillum
3653 3159 3806 3228 tangis:

2295 3254 2542 3310 humilias
2571 3263 2642 3320 te,
2673 3264 2726 3308 et
2741 3253 2854 3323 ipse
2877 3252 2944 3308 ad
2971 3263 3022 3310 te
3069 3252 3363 3309 descendit.
3399 3252 3574 3308 Mulae
3594 3250 3806 3305 tribulatio.

2296 3363 2383 3401 nes
2415 3348 2695 3417 justorum.
2743 3344 3006 3420 Numquid
3056 3345 3187 3400 dicit
3219 3363 3233 3400 :
3260 3343 3389 3401 Ideo
3441 3344 3546 3400 sint
3589 3337 3806 3396 Christiani

2285 3437 2440 3508 justi,
2468 3435 2591 3491 ideo
2613 3435 2829 3490 audiant
2855 3435 3076 3490 verbum
3117 3451 3316 3500 meum,
3341 3445 3406 3490 ut
3425 3434 3556 3490 nihil
3583 3431 3807 3488 tribulatio-

2294 3531 2379 3585 nis
2407 3529 2676 3599 patiantur
2701 3529 2725 3582 ἲ
2762 3527 2876 3582 Non
2903 3527 3005 3582 hoc
3031 3527 3292 3595 promittit
3321 3543 3334 3591 ;
3378 3527 3473 3582 sed
3493 3525 3612 3581 dicit
3640 3542 3651 3578 :
3681 3521 3805 3576 Multa

2292 3619 2638 3674 tribulationes
2683 3619 2961 3689 justorum.
2991 3616 3155 3686 Magis
3182 3617 3225 3671 si
3255 3618 3438 3685 injusti
3485 3624 3617 3678 sunt,
3644 3612 3802 3684 paucio-

2291 3727 2378 3770 res
2400 3712 2595 3767 hahent
2622 3709 2987 3765 tribulationes
3011 3725 3026 3773 ;
3055 3709 3099 3763 si
3117 3709 3246 3778 justi
3267 3717 3418 3776 sunt,
3443 3709 3624 3764 multas
3639 3703 3798 3759 habent

2288 3805 2393 3862 Sed
2419 3814 2539 3875 post
2569 3817 2764 3872 paucas
2787 3800 3155 3856 tribulationes
3202 3810 3295 3856 aut
3332 3801 3525 3865 nullas,
3557 3799 3622 3854 illi
3647 3795 3800 3849 venient

2289 3894 2356 3950 ad
2381 3894 2775 3951 tribulationem
2795 3892 3197 3963 sempiternam,
3225 3891 3367 3947 unde
3388 3904 3641 3961 nunquam
3657 3900 3799 3942 eruan~

2293 3998 2413 4043 tur:
2440 3988 2566 4057 justi
2594 3994 2772 4042 autem
2793 3993 2914 4055 post
2939 3983 3132 4039 multas
3183 3981 3551 4039 tribulationes
3568 3972 3798 4036 venientad

2290 4094 2475 4150 pacem
2499 4079 2900 4148 sempiternam,
2948 4074 3036 4130 ubi
3082 4087 3355 4143 nunquam
3399 4071 3590 4143 aliquid
3617 4067 3716 4124 mali
3740 4079 3797 4132 ριο

2290 4169 2507 4225 tientur.
2542 4168 2722 4222 Multa:
2779 4164 3124 4220 tribulationes
3158 4164 3420 4234 justorum
3443 4179 3460 4218 :
3487 4171 3531 4216 et
3553 4161 3609 4214 de
3629 4154 3795 4211 omnibus

2287 4260 2366 4315 his
2384 4268 2520 4315 eruet
2543 4275 2626 4313 eos
2647 4257 2911 4312 Dominus.

2355 4352 2445 4410 24.
2472 4351 2496 4425 [
2521 4368 2649 4408 vers.
2667 4351 2757 4407 2i.
2789 4349 2812 4423 ]
2833 4348 3058 4406 Custodit
3085 4348 3335 4404 Dominus
3357 4348 3525 4404 omnia
3538 4361 3641 4402 ossa
3656 4354 3791 4400 eorum.

2284 4462 2440 4501 unum
2464 4460 2526 4499 ea:
2555 4443 2634 4497 his
2673 4458 2774 4497 non
2793 4450 3076 4499 conteretur
3110 4438 3206 4511 (a).
3234 4440 3301 4495 Et
3325 4439 3448 4504 hoc,
3499 4438 3686 4497 fratres,
3724 4442 3792 4484 non

2282 4537 2605 4607 accipiamus
2625 4533 2928 4590 carnaliter.
2955 4530 3088 4587 Ossa
3108 4541 3233 4586 sunt
3256 4530 3578 4586 ﬁrmamenta
3603 4521 3787 4580 ﬁdelium.

2282 4626 2563 4697 Quomodo
2581 4627 2723 4683 enim
2767 4625 2820 4679 in
2856 4637 3018 4679 carne
3067 4632 3249 4677 nostra
3283 4637 3406 4677 ossa
3448 4621 3632 4676 faciunt
3668 4615 3789 4669 ﬁrma-

2283 4728 2550 4783 mentum,
2573 4717 2652 4773 sic
2680 4715 2736 4770 in
2757 4714 2919 4771 corde
2943 4713 3236 4769 christiano
3262 4712 3396 4769 ﬂdes
3413 4712 3533 4768 facit
3552 4711 3787 4765 ﬁrmamen-

2283 4819 2413 4864 tum.
2448 4807 2704 4863 Patientia
2736 4820 2863 4876 ergo
2891 4820 3010 4877 quae
3035 4813 3119 4860 est
3161 4805 3213 4860 in
3241 4803 3360 4870 ﬂde,
3392 4818 3510 4860 ossa
3549 4807 3658 4856 sunt
3695 4795 3786 4848 inte-

2281 4902 2411 4957 rius.
2444 4901 2561 4972 Ipsa
2589 4907 2713 4955 sunt
2743 4912 2862 4968 quae
2889 4897 3060 4967 frangi
3093 4911 3199 4952 non
3237 4905 3474 4966 possunt.
3505 4887 3702 4949 Custodit
3718 4881 3770 4936 Da

2281 4994 2445 5047 minus
2474 4991 2643 5045 omnia
2668 5007 2783 5045 assa
2809 5005 3006 5055 eorum,
3036 5005 3192 5042 unum
3213 5004 3277 5043 ea:
3321 4988 3398 5042 his
3428 5003 3523 5041 non
3555 4985 3783 5036 conteretur.

2279 5085 2334 5142 Si
2358 5084 2425 5138 de
2448 5083 2674 5138 Domino
2701 5082 2812 5138 Deo
2832 5089 3017 5138 nostra
3032 5078 3157 5136 Jesu
3205 5079 3417 5134 Christo
3457 5075 3661 5132 dixisset
3702 5065 3782 5122 hoc.

2278 5174 2522 5232 Custodit
2546 5174 2804 5230 Dominus
2829 5173 3008 5228 omnia
3055 5187 3176 5228 ossa
3203 5170 3324 5227 Filii
3353 5173 3451 5235 sui,
3497 5179 3643 5223 unum
3664 5174 3713 5214 ex
3731 5152 3782 5207 hi5

2278 5282 2385 5324 non
2402 5274 2707 5322 conteretur
2737 5283 2748 5318 :
2778 5266 2914 5320 sicut
2942 5264 3102 5320 etiam
3127 5263 3233 5318 alio
3256 5262 3372 5317 loco
3398 5260 3719 5332 prarliguratur
3737 5242 3781 5297 de

2277 5360 2394 5427 illo,
2423 5358 2634 5430 quando
2659 5373 2825 5429 agnus
2851 5357 3022 5414 dictus
3045 5369 3129 5414 est
3183 5356 3488 5412 mactandas
3508 5354 3543 5417 ί,
3570 5358 3617 5405 et
3635 5344 3778 5430 dictum

2276 5460 2359 5508 est
2371 5425 2561 5518 deillo,
2588 5448 2658 5505 0s
2683 5425 2792 5521 ejus
2825 5450 2928 5506 noli
2950 5451 3182 5520 frangere
3202 5447 3398 5519 (Exod.
3418 5441 3628 5510 ςιι,ι6);
3653 5425 3777 5499 imille

2340 5609 2356 5640 ί
2381 5607 2454 5657 sic
2476 5605 2644 5670 plures
2665 5613 2773 5656 Mss.
2801 5612 2856 5654 At
2876 5602 3011 5662 add,
3037 5602 3261 5666 quoniam
3281 5612 3431 5665 agnus
3452 5597 3609 5648 ductus
3633 5588 3774 5639 ιιιιπαι

2273 5670 2490 5722 claudus.

2338 5711 2570 5795 (Eiidem
2592 5745 2723 5785 vers.
2749 5729 2804 5781 21
2830 5734 3063 5780 tradatur
3085 5727 3135 5778 in
3155 5738 3304 5777 serm.
3324 5727 3347 5776 t
3368 5733 3510 5785 super
3527 5715 3630 5769 Psal.
3650 5711 3770 5762 ωιτν

2275 5810 2328 5847 n.
2355 5797 2429 5848 14.
