3950 6442
126 398 201 458 3“
1144 371 1542 434 ENARRATIO
1579 373 1647 434 IN
1684 375 2009 435 PSALMUM
2046 375 2293 435 XXXIV.

95 502 211 573 ltum
236 510 307 561 est
328 500 376 557 in
399 492 648 561 Domino;
677 490 800 564 quia
822 503 945 547 cum
971 486 1229 561 penderet
1247 489 1302 545 in
1329 503 1508 554 cruce,
1539 503 1633 544 ex-

118 597 294 674 spiravit
320 603 579 662 antequam
604 585 849 643 venirent
875 582 949 640 illi
972 583 1041 640 ad
1068 597 1303 649 erucem,
1332 591 1389 639 et
1414 582 1633 639 invene-

122 700 215 752 runt
227 693 317 761 jam
334 698 509 755 corpus
523 678 787 747 exanime,
807 684 863 735 et
874 676 1160 734 uoluerunt
1177 691 1337 734 crura
1357 676 1474 748 ejus
1486 675 1634 733 fran-

118 800 231 858 gere,
250 791 297 836 ut
314 775 603 849 impleretur
617 771 1026 844 quodscriptum
1053 778 1138 826 est
1162 767 1344 840 (Joan.
1370 784 1483 837 xxx,
1507 769 1621 842 35).

118 869 427 944 Sedpromisit
459 865 584 922 illud
633 871 691 921 et
740 863 951 921 caeteris
994 860 1349 917 Christianis:
1381 860 1631 917 Dominus

118 964 294 1024 custodi!
305 959 463 1017 omnia
484 973 595 1014 ossa
613 971 808 1023 eorum,
832 970 992 1010 unum
1015 968 1078 1008 ea:
1096 952 1175 1008 Itis
1193 968 1296 1008 non
1322 960 1626 1007 mutaretur.

115 1059 225 1128 Ergo
255 1054 441 1118 intres,
467 1047 510 1106 si
543 1047 837 1103 viderimus
875 1045 1106 1114 aliquem
1147 1052 1390 1100 sanctum
1413 1041 1634 1099 tribula-

118 1151 255 1205 tiones
283 1143 399 1216 pati,
425 1149 478 1197 et
499 1138 636 1196 forte
659 1139 748 1195 vel
795 1153 828 1194 a
874 1135 1083 1193 medico
1108 1135 1186 1191 sic
1212 1134 1401 1201 secari,
1426 1133 1512 1189 vel
1563 1133 1633 1192 ab

112 1238 249 1309 aliquo
268 1239 589 1306 persecutore
607 1229 687 1285 sic
705 1227 860 1295 credi,
900 1235 961 1282 ut
987 1225 1102 1297 ejus
1130 1240 1255 1282 ossa
1280 1224 1629 1297 frangantur;

113 1346 191 1384 nou
208 1327 439 1387 dicamus,
462 1321 578 1377 Non
609 1319 913 1390 eratjustus
957 1318 1078 1385 iste,
1105 1332 1229 1372 nam
1255 1316 1515 1373 Dominus
1530 1314 1634 1373 hoc

112 1417 305 1492 promisit
320 1414 469 1485 justis
484 1412 612 1477 suis,
642 1412 711 1467 de
732 1410 926 1480 quibus
979 1409 1077 1474 ait,
1126 1407 1356 1464 Custodit
1385 1406 1633 1492 Dominus

110 1489 239 1561 omnia
255 1518 357 1557 ossa
398 1514 567 1553 eorum
590 1536 608 1563 ,
656 1511 813 1550 unum
862 1510 928 1549 ea:
960 1493 1039 1548 his
1066 1509 1170 1547 non
1210 1500 1510 1547 conteretur.
1537 1489 1635 1547 Vis

109 1595 248 1651 videre
268 1591 380 1663 quia
404 1590 503 1644 alia
529 1602 651 1643 ossa
676 1586 829 1653 dixit,
868 1600 989 1656 quae
1015 1583 1246 1640 diximus
1295 1583 1631 1639 ﬁrmamenta

109 1687 218 1751 ﬁdei,
252 1684 303 1741 id
342 1691 421 1740 est
459 1680 769 1752 patientiam
810 1687 866 1734 et
914 1676 1251 1734 tolerantiam
1283 1677 1337 1731 in
1381 1674 1631 1732 omnibus

109 1771 524 1833 tribulationibus?
562 1770 679 1842 Ipsa
698 1770 839 1826 enim
867 1776 992 1824 sunt
1017 1781 1141 1824 ossa
1184 1782 1304 1839 qua:
1351 1781 1457 1823 non
1486 1766 1633 1822 fran-

107 1878 276 1940 gnntur.
312 1863 521 1928 Audite,
551 1872 607 1918 et
635 1860 688 1915 iu
714 1861 828 1930 ipsa
856 1858 1106 1931 passione
1135 1856 1348 1912 Domini
1384 1856 1635 1926 inspicite

106 1959 211 2029 quod
228 1957 351 2013 dico.
381 1954 640 2011 Dominus
667 1959 789 2019 erat.
840 1951 895 2006 in
919 1948 1096 2006 medio
1120 1948 1449 2015 cruciﬁxus;
1475 1947 1631 2018 juxta

107 2054 217 2109 illum
229 2050 326 2106 duo
350 2048 584 2103 latrones
608 2053 764 2102 erant
793 2063 807 2100 :
847 2058 984 2099 unus
1036 2030 1326 2107 insultavit,
1356 2041 1493 2097 alter
1517 2054 1636 2096 cre—

102 2142 233 2209 didit;
278 2154 409 2197 unus
430 2139 717 2195 damnatus
735 2145 837 2202 est,
861 2136 997 2190 alter
1007 2132 1325 2205 iustiﬁcatus
1340 2140 1425 2189 est
1447 2148 1464 2198 ;
1496 2146 1635 2188 unus

100 2232 240 2288 habuit
257 2246 453 2303 pmnam
482 2244 644 2285 suam
670 2240 723 2286 et
750 2228 835 2283 hic
859 2237 914 2282 et
938 2227 992 2281 in
1045 2226 1300 2293 luturum,
1342 2224 1499 2280 alteri
1539 2239 1636 2279 au-

98 2338 175 2384 tem
196 2327 313 2381 dixit
333 2326 615 2384 Dominus.
646 2322 805 2377 Amen
825 2320 939 2375 dico
982 2318 1069 2372 tibi
1098 2359 1114 2381 ,
1148 2317 1299 2371 hodie
1318 2332 1515 2370 mecum
1535 2316 1637 2371 eris

95 2420 132 2473 in
153 2417 394 2489 paradiso(
421 2414 562 2471 Luc-
586 2429 738 2477 XXIII,
763 2413 834 2468 45
859 2412 879 2484 )
913 2429 927 2466 :
959 2419 1011 2467 et
1027 2422 1204 2464 tamen
1232 2408 1307 2463 illi
1354 2408 1442 2478 qui
1469 2421 1637 2464 vene-

93 2520 200 2577 rant,
221 2509 411 2566 Domini
426 2522 563 2564 ossa
584 2521 690 2561 non
710 2504 1003 2574 fregerunt,
1028 2500 1296 2556 latronum
1321 2506 1497 2554 autem
1519 2497 1632 2555 fre-

98 2611 243 2671 gerunt
260 2601 280 2670 (
300 2599 451 2654 Joan.
479 2613 602 2661 xix,
622 2596 736 2666 32)
770 2611 783 2648 :
814 2595 892 2650 sic
914 2590 1081 2648 fracta
1103 2598 1229 2647 sunt
1257 2588 1482 2645 latronis
1509 2603 1634 2644 ossa

96 2694 162 2762 qui
184 2690 567 2763 blasphemavit,
592 2687 865 2760 quomodo
888 2684 1112 2741 latronis
1138 2682 1229 2754 qui
1241 2681 1486 2739 credidit.
1519 2679 1625 2738 Ubi

96 2795 156 2841 est
176 2801 286 2857 ergo
306 2784 441 2856 quod
461 2784 670 2840 dictum
694 2788 797 2845 est,
837 2778 1086 2835 Dominus
1113 2775 1330 2831 custodit
1357 2774 1529 2829 omnia
1551 2789 1638 2828 os-

92 2894 134 2931 sa
152 2893 320 2940 eorum,
349 2892 507 2930 unum
529 2890 599 2929 ea:
620 2873 700 2928 Itis
727 2888 831 2927 non
854 2879 1138 2925 conteretur
1166 2868 1192 2922 ?
1218 2867 1355 2922 Ecce
1379 2865 1464 2921 cui
1480 2864 1636 2933 dixit,

93 2968 212 3022 hodie
251 2984 432 3023 mecum
457 2967 561 3023 eris
583 2966 641 3020 in
660 2963 919 3038 paradiso,
967 2976 1072 3017 non
1117 2959 1288 3030 potuit
1315 2957 1493 3014 omnia
1517 2972 1639 3013 ossa

91 3059 179 3130 ejus
199 3060 455 3116 custodire
477 3060 504 3114 τ
529 3055 842 3128 Respondet
864 3053 960 3110 tibi
987 3051 1247 3107 Dominus
1276 3067 1290 3104 :
1322 3050 1434 3104 lmo
1454 3055 1639 3103 custo-

91 3149 205 3216 divi;
232 3167 344 3207 nam
375 3151 776 3207 ﬁrmamentum
797 3145 919 3201 ﬁdei
940 3142 1106 3214 ipsius
1139 3140 1310 3212 frangi
1336 3154 1443 3195 nou
1466 3139 1642 3211 potuit

89 3240 169 3297 illis
192 3243 365 3300 ictibus
389 3244 592 3314 quibus
613 3253 770 3295 crura
797 3245 921 3293 sunt
946 3234 1131 3291 fracta.

140 3333 214 3389 25.
249 3332 415 3408 [rem
452 3334 549 3399 22,
579 3329 721 3405 25.]
751 3329 893 3385 Mors
935 3335 1253 3400 peccatorum
1279 3326 1516 3398 pessima.
1543 3328 1639 3382 At-

88 3424 264 3491 tendite,
289 3424 497 3490 fratres,
529 3429 758 3493 propter
785 3421 802 3452 ¹
855 3419 944 3474 illa
998 3432 1116 3488 qua:
1148 3416 1474 3472 dicebamus.
1504 3414 1645 3471 Vere

87 3529 268 3585 magnus
290 3518 569 3580 Dominus,
605 3520 665 3567 et
687 3508 1049 3566 misericordia
1067 3506 1199 3578 ejus,
1228 3522 1359 3561 vere
1382 3508 1403 3538 ⁸
1429 3506 1519 3576 qui
1543 3519 1643 3561 no-

87 3603 148 3662 bis
165 3607 291 3665 dedit
309 3608 646 3665 manducare
665 3617 859 3674 corpus
879 3617 1033 3657 suum
1047 3600 1098 3655 in
1122 3615 1228 3670 quo
1252 3608 1394 3655 tanta
1420 3613 1634 3669 perpes-

83 3711 155 3752 sus
173 3709 263 3767 est,
283 3710 336 3759 et
362 3700 689 3773 sanguinem
719 3695 923 3751 bibere.
952 3691 1230 3760 Quomodo
1280 3690 1498 3761 respicit
1525 3705 1641 3745 ma-

84 3786 120 3842 la
141 3791 431 3862 cogitantes,
491 3802 550 3849 et
601 3788 867 3847 dicentes,
899 3784 993 3839 ille
1031 3782 1173 3837 male
1208 3791 1449 3835 mortuus
1473 3787 1579 3847 est,
1612 3795 1644 3836 a

83 3879 233 3938 bestiis
276 3891 639 3955 consumptus
690 3886 811 3934 est:
842 3890 949 3931 non
994 3882 1110 3927 erat
1162 3872 1253 3926 ille
1293 3871 1493 3942 justus,
1521 3870 1645 3926 ideo

83 3971 191 4030 male
217 3974 399 4044 periit;
450 3988 585 4029 nam
638 3985 741 4024 non
795 3966 999 4038 periret
1028 3962 1152 4036 (a)?
1183 3963 1324 4033 Ergo
1354 3962 1444 4019 ille
1464 3961 1643 4031 jusms

80 4064 255 4132 εει.αυί
286 4064 339 4120 in
360 4065 531 4120 domo
562 4076 661 4117 sua
692 4067 745 4114 et
762 4073 814 4113 ιιι
836 4056 977 4112 ιεειο
995 4069 1094 4110 suo
1118 4053 1346 4108 moritur
1371 4053 1395 4108 Ἰ
1422 4051 1535 4106 Ηοε
1564 4061 1645 4107 est

81 4167 200 4226 erga,
225 4157 418 4231 inquis,
451 4153 606 4228 quod
630 4152 818 4217 miror,
848 4150 969 4221 quia
1000 4146 1122 4202 novi
1153 4154 1363 4215 peccata
1392 4152 1447 4199 et
1465 4142 1642 4199 scele-

78 4259 123 4297 ra
145 4246 313 4318 ipSius,
363 4257 421 4304 et
463 4236 618 4304 bene
644 4250 886 4298 mortuus
914 4248 1017 4305 est,
1049 4238 1100 4291 in
1152 4236 1314 4291 domo
1339 4251 1454 4302 sua,
1505 4234 1643 4288 intra

79 4333 229 4393 limina
252 4355 368 4406 sua,
395 4338 552 4395 nulla
587 4329 1030 4406 peregrinationis
1080 4327 1270 4396 injuria
1301 4326 1347 4391 ³,
1396 4325 1536 4379 nulla
1565 4324 1647 4378 vel

77 4425 120 4480 in
158 4437 351 4486 matura
398 4438 590 4485 aetate.
636 4424 808 4480 Audi:
854 4420 995 4475 Mors
1043 4429 1360 4488 peccatorum
1411 4417 1642 4484 pessima.

82 4521 186 4588 Quae
205 4525 291 4579 tibi
311 4526 533 4581 videtur
561 4523 710 4579 bona
755 4531 919 4581 mors,
952 4516 1181 4586 pessima
1206 4521 1305 4575 est,
1340 4512 1385 4565 si
1412 4514 1554 4566 intus
1580 4510 1651 4563 vi-

78 4612 198 4669 deas.
228 4616 389 4672 Vides
420 4615 561 4670 foris
601 4612 866 4681 iacentem
898 4609 948 4662 iu
1002 4608 1159 4671 lecto,
1207 4603 1461 4673 numquid
1502 4601 1650 4655 vides

80 4701 424 4777 intusraptum
463 4707 535 4761 ad
578 4699 925 4775 gehennam?
976 4697 1191 4760 Audite,
1238 4695 1449 4755 fratres,
1505 4702 1558 4748 et
1583 4708 1647 4746 ex

78 4796 342 4869 l'lvangelio
380 4800 661 4869 inspicite,
691 4793 814 4864 quid
856 4793 927 4848 sit
950 4806 1094 4845 mors
1119 4797 1456 4858 peccatorum
1481 4790 1651 4857 pessi-

80 4904 166 4941 πιει-
203 4891 474 4961 Numquid
506 4905 620 4944 twn
660 4887 766 4941 duo
811 4892 964 4941 erant
994 4882 1045 4935 iu
1095 4881 1197 4933 isto
1252 4877 1466 4941 saeculo,
1500 4875 1652 4929 dives

76 4984 149 5047 qui
176 4984 494 5039 induebatur
521 4994 759 5050 purpura
811 4986 865 5033 et
895 4975 1075 5047 bysso,
1095 4981 1150 5027 et
1176 4968 1490 5041 epulabatur
1513 4981 1649 5037 quo-
1674 4988 1679 5007 ι

79 5072 187 5129 tidie
212 5074 494 5144 splendide
529 5089 547 5138 ;
595 5071 727 5127 alter
753 5082 955 5142 pauper
998 5063 1085 5135 qui
1110 5062 1322 5133 jacebat
1344 5058 1408 5115 ad
1433 5059 1650 5128 januam

73 5164 175 5231 ejus
218 5167 524 5230 ulcerosus,
558 5171 617 5217 et
644 5176 803 5217 canes
835 5155 1119 5214 veniebant
1144 5162 1200 5209 et
1235 5151 1541 5222 linguehant
1567 5148 1651 5203 ul-

72 5269 179 5311 cera
201 5260 335 5331 ejus,
364 5267 425 5314 et
472 5253 821 5312 desiderabat
870 5248 1100 5308 saturari
1131 5247 1200 5303 de
1229 5246 1382 5301 micis
1422 5259 1541 5315 qua:
1566 5259 1655 5298 ca-

72 5346 252 5406 debant
276 5351 346 5408 de
374 5364 575 5406 mensa
595 5344 818 5401 divitis?
843 5341 1075 5414 Contigit
1090 5348 1263 5395 autem
1286 5337 1421 5392 mori
1439 5336 1651 5406 inopem

71 5438 203 5496 illum
231 5443 429 5516 (justus
460 5448 589 5497 erat
612 5437 703 5494 ille
720 5432 920 5507 inops),
943 5440 997 5490 et
1018 5430 1216 5488 auferri
1262 5429 1332 5486 ab
1356 5426 1573 5498 Angelis
1600 5426 1653 5481 in

124 5561 144 5648 ζ
172 5555 466 5684 Τωιῖιὲῗὲῗῗ
1066 5618 1201 5675 uera,
1232 5603 1319 5674 qui
1347 5601 1478 5653 nobis
1501 5598 1651 5652 dedit.

70 5670 580 5792 3%.Fmvamss"
605 5686 715 5746 uere
731 5671 900 5744 quibus
916 5670 1074 5741 dedit,
1178 5670 1196 5739 ξ
1241 5670 1255 5738 ς
1297 5726 1309 5738 _

271 5775 310 5802 .,
492 5734 904 5802 peregrmationts
922 5730 1106 5795 mjurta
1124 5729 1213 5793 fuit
1233 5726 1328 5788 tut,
1363 5724 1516 5787 nulla,
1556 5729 1652 5775 etc.

74 5775 317 5866 ιδέῖἱᾶ
328 5775 665 5872 ἆῖιῗιῖᾆὶὟ
680 5775 865 5787 ’“’“”“

134 5864 203 5930 (α)
220 5862 455 5926 subat,
480 5873 529 5914 ss
546 5859 707 5924 justus
726 5862 865 5911 esset.

1740 490 1916 545 sinum
1945 489 2191 545 Abrahae.
2221 488 2323 559 Qui
2373 487 2577 546 viderat
2615 502 2810 562 corpus
2864 489 3007 548 illius
3056 488 3235 563 jacere
3257 490 3329 548 ad

1745 580 1910 638 limen
1938 580 2137 648 divitis,
2170 591 2226 637 et
2250 597 2354 637 non
2375 596 2496 639 esse
2521 582 2612 654 qui
2650 583 2922 654 sepeliret,
2954 593 3149 655 quanta
3188 584 3327 642 forte

1741 672 1946 730 diceret
1971 672 1996 724 ?
2041 671 2134 730 Sic
2163 672 2419 728 moriatur
2437 673 2527 729 ille
2549 674 2795 730 inimicus
2822 689 2993 741 meus,
3022 684 3078 731 et
3096 675 3189 731 ille
3221 674 3315 746 qui

1738 781 1827 823 me
1848 765 2184 837 persequitur
2205 805 2221 832 ,
2242 764 2322 822 sic
2353 763 2504 820 illum
2550 765 2783 822 videam.
2812 765 3136 823 Exseeratur
3153 768 3171 800 ¹
3194 780 3320 823 cor-

1739 872 1841 929 pus
1864 865 2041 928 sputo,
2070 866 2261 929 putent
2299 857 2556 924 vulnera;
2586 866 2640 914 et
2677 858 2770 914 ille
2818 859 2874 914 in
2920 859 3041 914 sinu
3092 859 3326 916 Abrahae

1739 950 2062 1020 requiescits
2092 949 2150 1006 Si
2194 948 2470 1005 christiani
2521 962 2727 1017 sumus,
2771 949 3097 1007 credamus:
3127 951 3174 1006 si
3217 966 3328 1009 non

1740 1040 2029 1110 credimus,
2059 1040 2270 1107 fratres,
2298 1054 2458 1097 nemo
2476 1055 2535 1098 se
2564 1041 2727 1113 ﬁngat
2769 1041 3137 1099 christianum.
3166 1042 3329 1100 Fides

1739 1146 1840 1188 nos
1856 1131 2119 1204 perducit.
2152 1132 2434 1201 Quomodo
2458 1132 2546 1189 illa
2583 1132 2718 1188 dixit
2747 1133 3024 1203 Dominus,
3063 1135 3142 1191 sic
3182 1146 3325 1193 sunt.

1740 1226 1824 1278 An
1841 1238 1969 1280 vero
1984 1223 2112 1279 dicit
2135 1223 2228 1279 tibi
2282 1222 2711 1292 mathematicus,
2735 1232 2791 1281 et
2814 1240 3000 1281 verum
3043 1235 3128 1282 est
3152 1242 3168 1293 ;
3197 1226 3329 1282 dicit

1740 1314 2005 1382 Christus,
2033 1324 2088 1372 et
2112 1315 2303 1372 falsum
2328 1316 2461 1373 est?
2487 1316 2643 1386 Quali
2671 1326 2851 1373 autem
2878 1327 3053 1375 morte
3084 1329 3328 1377 mortuus

1741 1416 1825 1465 est
1852 1407 1942 1464 ille
1965 1407 2158 1465 dives?
2185 1408 2368 1477 Qualis
2394 1423 2543 1465 mors
2566 1424 2686 1465 esse
2711 1412 2883 1480 potuit
2926 1412 2979 1466 in
3015 1426 3248 1484 purpura
3274 1420 3331 1469 et

1740 1496 1921 1570 bysso,
1943 1513 2100 1569 quam
2126 1507 2458 1568 sumptuosa,
2498 1515 2656 1571 quam
2687 1515 2944 1572 pomposa
2973 1502 2999 1555 ?
3016 1517 3138 1575 quae
3163 1518 3323 1559 exse-

1742 1593 1882 1662 quim
1913 1592 2118 1648 funeris
2138 1592 2209 1648 ihi
2225 1601 2380 1649 erant
2402 1592 2428 1646 'i
2446 1591 2658 1664 quantis
2685 1594 3013 1651 aromatibus
3063 1595 3331 1668 sepultum

1743 1691 1826 1737 est
1848 1681 1977 1737 illud
2005 1682 2237 1739 cadaver
2254 1684 2280 1738 ?
2307 1684 2374 1740 Et
2394 1690 2575 1740 tamen
2601 1699 2722 1741 cum
2749 1685 2890 1758 apud
2921 1686 3120 1743 inferos
3139 1686 3195 1742 in
3214 1695 3328 1743 tor-

1744 1775 1940 1831 mentis
1964 1783 2127 1841 esset,
2150 1774 2475 1832 desideravit
2498 1792 2566 1832 ex
2593 1777 2735 1833 illius
2748 1779 3041 1848 contempti
3073 1780 3324 1850 pauperis

1743 1863 1909 1936 digito
1935 1865 2179 1921 instillari
2203 1880 2356 1936 aqua:
2383 1874 2587 1938 guttam
2616 1868 2827 1924 ardenti
2857 1869 3049 1940 linguae
3074 1885 3207 1937 suae,
3232 1885 3332 1926 ue-

1744 1971 1850 2027 que
1898 1955 2374 2027 impetravit(Luc.
2406 1973 2516 2020 xvi,
2549 1957 2776 2030 19-25).
2810 1958 3009 2015 Discite
3038 1974 3167 2031 ergo
3193 1958 3323 2030 quid

1745 2049 1837 2114 sit,
1868 2047 2011 2106 Mors
2031 2058 2351 2121 peccatorum
2399 2050 2616 2120 pessima
2640 2090 2655 2116 ,
2689 2058 2743 2106 et
2781 2050 2948 2106 nolite
3000 2050 3330 2122 interrogare

1746 2148 1944 2196 stratos
1974 2140 2224 2211 pretiosis
2272 2140 2514 2197 vestibus
2560 2140 2749 2206 lectos,
2782 2148 2839 2197 et
2885 2156 3101 2198 carnem
3152 2142 3338 2198 multis

1746 2229 1951 2285 divitiis
1978 2230 2307 2299 obvolutam,
2341 2231 2735 2288 lamentationis
2784 2246 3031 2303 pompam
3076 2232 3338 2289 exhiben-

1747 2330 1829 2378 tes
1857 2362 1874 2387 ,
1926 2322 2267 2393 plangentem
2322 2321 2579 2378 familiam
2609 2362 2623 2386 ,
2674 2321 2883 2379 turbam
2929 2322 3336 2395 obsequentium

1746 2414 2143 2483 praecedentem
2185 2427 2250 2469 ac
2297 2421 2631 2484 sequentem,
2683 2427 2804 2469 cum
2855 2427 3051 2484 corpus
3093 2413 3335 2482 effertur,

1746 2515 2098 2561 marmoratas
2125 2514 2440 2576 auratasque
2462 2503 2771 2561 memorias.
2794 2503 2926 2560 Nam
2953 2505 2996 2560 si
3028 2504 3147 2562 haec
3174 2504 3342 2562 inter-

1745 2597 1966 2668 rogatis,
1984 2596 2309 2667 respondent
2328 2594 2479 2651 vobis
2505 2594 2719 2663 falsum,
2736 2595 2878 2666 quod
2907 2594 3196 2651 multorum
3227 2610 3335 2651 non

1746 2687 1938 2744 leviter
1957 2697 2321 2758 peccatorum,
2357 2686 2453 2743 sed
2498 2686 2716 2742 omnino
2761 2687 3141 2744 sceleratorum
3194 2701 3341 2744 mors

1747 2779 1948 2850 optima
1976 2790 2079 2845 est,
2104 2781 2194 2851 qui
2228 2780 2305 2834 sic
2343 2778 2543 2849 plangi,
2572 2778 2651 2835 sic
2701 2778 2927 2845 condiri,
2973 2779 3051 2834 sic
3089 2780 3325 2851 contegi,

1748 2871 1827 2927 sic
1845 2871 2021 2927 efferri
2047 2913 2062 2938 ,
2090 2871 2170 2926 sic
2207 2870 2423 2942 sepeliri
2477 2874 2811 2926 meruerunt;
2860 2870 2968 2926 Sed
3004 2875 3332 2942 interrogate

1750 2964 2120 3035 Evangelium,
2149 2973 2206 3019 et
2270 2961 2516 3019 ostendet
2554 2962 2675 3018 ﬁdei
2734 2971 2929 3019 vestrm
2966 2963 3019 3018 in
3051 2965 3222 3035 poenis
3248 2978 3341 3020 ar-

1748 3055 1965 3112 dentem
1991 3056 2223 3111 animam
2253 3054 2454 3122 divitis,
2486 3069 2642 3125 quam
2666 3053 3129 3125 nihiladjuverunt
3151 3069 3340 3112 omnes

1750 3145 1984 3203 honores
2006 3155 2061 3202 et
2087 3145 2360 3218 obsequia,
2391 3161 2512 3217 quae
2541 3154 2753 3202 mortuo
2772 3148 2983 3217 corpori
3006 3146 3122 3218 ejus
3152 3145 3341 3204 viven-

1750 3238 1882 3294 tium
1906 3237 2115 3293 vanitas
2148 3236 2400 3309 praebuit.

1819 3328 1912 3385 26.
1953 3328 2060 3385 Sed
2104 3329 2228 3400 quia
2266 3327 2429 3383 multa
2474 3335 2599 3383 sunt
2640 3340 2836 3399 genera
2879 3335 3217 3398 peccatorum
3242 3369 3256 3395 ,
3289 3336 3347 3385 et

1750 3439 1859 3482 non
1888 3438 2010 3480 esse
2034 3433 2371 3495 peceatorem
2412 3421 2630 3478 difﬁcile
2656 3430 2758 3489 est,
2791 3430 2882 3476 aut
2910 3421 3137 3478 fortasse
3162 3422 3216 3477 in
3246 3420 3347 3478 hac

1750 3515 1855 3571 vita
1883 3530 1990 3571 non
2020 3513 2290 3584 possibile,
2321 3512 2548 3582 subjecit
2591 3512 2772 3567 statim
2800 3510 2955 3582 cujus
2977 3512 3190 3584 generis
3218 3526 3347 3582 pce-

1750 3618 1989 3664 calorum
2015 3616 2156 3662 esset
2184 3619 2331 3660 mors
2360 3604 2611 3673 pessima.
2642 3599 2714 3657 Et
2755 3602 2842 3672 qui
2865 3602 3079 3657 oderunt
3106 3604 3303 3676 justum
3325 3645 3344 3672 ,

1750 3698 1958 3769 inquit,
1985 3698 2294 3767 delinquent.
2323 3695 2493 3764 Quem
2518 3692 2720 3766 justum
2746 3736 2762 3761 ,
2789 3692 2890 3749 nisi
2920 3709 3042 3749 eum
3072 3694 3160 3765 qui
3184 3693 3346 3764 justi-

1753 3789 1876 3845 ﬁcat
1901 3788 2121 3860 impium
2151 3785 2340 3857 (Rom.
2364 3801 2438 3853 tv,
2467 3783 2580 3857 5)?
2606 3798 2764 3854 quem
2787 3782 3009 3854 justum,
3034 3783 3136 3839 nisi
3162 3782 3343 3839 Domi-

1751 3897 1879 3937 num
1908 3881 2088 3936 Jesum
2115 3878 2382 3934 Christum
2406 3919 2422 3946 ,
2445 3879 2536 3948 qui
2578 3885 2663 3933 est
2687 3878 2845 3933 etiam
2886 3877 3191 3948 propitiatio
3216 3891 3346 3947 pec-

1751 3982 1989 4030 catorum
2019 3979 2322 4027 nostrorum
2354 3968 2601 4043 (IJoan.
2636 3984 2712 4034 ιι,
2745 3967 2863 4039 2)?
2902 3969 3003 4037 Qui
3032 3984 3161 4039 ergo
3204 3968 3348 4025 hunc

1753 4064 2021 4131 oderunt,
2049 4069 2272 4117 mortem
2303 4059 2588 4130 pessimam
2619 4057 2848 4123 habent;
2878 4059 3000 4129 quia
3032 4058 3084 4112 in
3114 4058 3347 4128 peccatis

1753 4157 1866 4211 suis
1889 4156 2207 4221 moriuntur,
2234 4151 2326 4223 qui
2350 4166 2447 4222 per
2470 4166 2591 4207 eum
2620 4149 2730 4207 Deo
2756 4159 2939 4206 nostro
2964 4165 3068 4205 non
3098 4148 3343 4204 reconci-

1753 4248 1949 4303 liantur
1978 4264 1991 4301 :
2024 4245 2250 4302 Redime!
2270 4244 2412 4299 enim
2443 4240 2693 4297 Dominus
2722 4242 2917 4296 animas
2944 4255 3199 4296 seruorum
3225 4254 3348 4294 suo-

1754 4357 1888 4394 rum.
1914 4336 2221 4394 Secundunt
2265 4334 2496 4389 animam
2541 4332 2685 4389 enim
2726 4330 3063 4401 intelligenda
3092 4342 3174 4386 est
3201 4344 3347 4385 mors

1755 4440 1849 4485 aut
1877 4430 2141 4499 pessima,
2172 4435 2265 4481 aut
2305 4426 2540 4496 optima;
2580 4439 2685 4480 non
2724 4422 3016 4479 secundum
3060 4436 3345 4492 corporum

1756 4534 1845 4577 aut
1883 4520 2270 4585 contumelias,
2304 4528 2396 4574 aut
2424 4517 2654 4573 honores
2699 4529 2834 4588 quos
2863 4514 3106 4570 homines
3144 4515 3346 4569 vident.

1759 4614 1823 4669 Et
1852 4631 1952 4669 non
1981 4613 2267 4684 deh’nquent
2314 4626 2486 4665 omnes
2526 4609 2612 4680 qui
2639 4616 2843 4679 sperant
2872 4607 2924 4662 in
2950 4623 3084 4661 eunt.
3132 4606 3237 4661 Iste
3265 4614 3349 4660 est

1756 4707 1948 4763 modus
1977 4705 2221 4760 humanm
2260 4700 2511 4772 iustitiae,
2558 4709 2616 4755 ut
2662 4701 2764 4754 vita
2791 4699 3028 4755 mortalis
3067 4712 3349 4767 quantum-

1759 4800 1887 4855 libet
1926 4798 2246 4867 proficiens,
2277 4796 2397 4865 quia
2442 4794 2559 4848 sine
2600 4792 2796 4848 delicto
2833 4805 2953 4845 esse
3002 4806 3104 4844 non
3140 4800 3345 4859 potest,

1758 4889 1813 4945 iu
1844 4889 1944 4944 hoc
1973 4905 2075 4942 non
2106 4888 2399 4955 delinquat,
2428 4884 2554 4937 dum
2585 4894 2761 4951 sperat
2791 4883 2842 4935 in
2873 4897 3013 4945 ettm,
3053 4882 3101 4933 in
3134 4898 3238 4951 quo
3266 4890 3349 4935 est

1760 4981 2009 5038 remissio
2033 4980 2348 5033 delictorum
2372 5017 2387 5039 ,
2419 4977 2608 5028 Amen.

2147 5146 2227 5206 IN
2272 5141 2651 5205 PSALMUM
2698 5139 2973 5201 XXXIV

2330 5240 2748 5298 ENARRATIO.

2372 5349 2544 5390 SEBIO
2580 5351 2597 5388 ι
2629 5335 2728 5401 (a).

2220 5448 2301 5504 De
2503 5455 2645 5517 parte
2670 5442 2884 5498 Psalmi.

1836 5574 1885 5628 i.
1914 5570 2078 5645 [vers.
2112 5567 2164 5632 l,
2194 5562 2292 5638 2.]
2330 5561 2598 5618 Psalutum
2628 5560 2784 5612 isuun
2814 5554 2964 5610 nobis
2994 5569 3022 5607 a
3044 5551 3351 5624 jubentibus

1764 5665 2013 5722 fratribus
2038 5668 2093 5745 et
2119 5656 2448 5729 coepiseOpis
2490 5652 2623 5708 meis
2666 5648 2971 5721 impositum
3009 5662 3126 5703 esse
3152 5646 3218 5702 ad
3245 5654 3350 5702 tra-

1828 5781 1845 5812 ³
1878 5776 2013 5838 Fdd.,
2039 5777 2323 5825 excreatur.
2346 5767 2675 5838 Melius_ntss.,
2707 5767 3017 5838 aggeratim

1830 5825 1904 5904 (α)
2152 5842 2375 5896 tempore
2396 5830 2599 5893 alicujus
2620 5825 2828 5880 concilii.
