3950 6400
635 399 750 472 323

643 529 917 593 ctandum,
944 523 1149 581 noverit
1182 523 1195 553 ί
1228 517 1459 576 charitas
1485 524 1680 573 vestra.
1717 515 2004 569 Voluerunt
2029 521 2088 566 ut
2114 509 2238 564 hinc

645 635 831 678 omnes
852 617 1047 685 aliquid
1065 613 1359 670 audiamus.
1384 612 1465 667 Ab
1488 611 1577 666 illo
1595 610 1736 666 enim
1761 623 1948 664 omnes
1968 604 2234 665 audimus,

647 729 679 769 a
702 727 810 782 quo
838 709 1031 780 pariter
1059 706 1314 761 discimus
1337 745 1352 768 ,
1385 713 1440 759 et
1481 701 1536 758 in
1561 701 1714 771 cujus
1755 699 1938 754 schola
1975 696 2239 752 condisci-

644 804 753 874 puli
797 817 998 856 sumus.
1033 798 1241 852 Titulus
1288 797 1452 866 ipsius
1494 809 1698 850 moram
1747 791 1902 847 nobis
1947 806 2050 845 non
2082 789 2234 852 facit;

643 896 820 952 brevis
845 904 927 948 est
953 893 1118 956 enim,
1146 899 1202 946 ct
1224 889 1290 944 ad
1319 888 1744 958 intelligendum,
1769 886 1999 955 maxime
2027 883 2238 938 nutrilis

642 987 695 1043 in
721 986 958 1042 Ecclesia
987 984 1099 1051 Dei,
1127 999 1230 1038 non
1253 981 1334 1038 dif
1337 981 1506 1035 iiciiis.
1532 980 1700 1034 liabet
1723 979 1889 1044 enim,
1914 976 2025 1042 Ipsi
2046 975 2234 1030 David.

613 1076 884 1134 :i’saimus
911 1090 1038 1145 ergo
1066 1075 1162 1143 ipsi
1195 1071 1360 1127 David
1405 1091 1418 1125 :
1461 1069 1624 1125 David
1655 1071 2037 1138 interpretatur
2065 1065 2237 1120 Fortis

614 1199 623 1219 .-
643 1186 803 1226 manu
829 1211 842 1231 .
878 1167 962 1223 vel
992 1165 1381 1223 desiderabilis.
1412 1163 1655 1219 Psalmus
1687 1176 1814 1230 ergo
1840 1174 2002 1214 manu
2033 1157 2156 1214 forti
2184 1166 2239 1213 et

582 1259 1005 1344 ‘adesiderabili,
1037 1258 1128 1329 qui
1159 1265 1396 1312 nostram
1426 1265 1652 1311 mortem
1678 1253 1826 1320 vicit,
1853 1252 1942 1322 qui
1973 1250 2128 1306 nobis
2156 1249 2238 1303 vi-

643 1361 751 1408 tam
785 1351 1026 1421 promisit
1059 1368 1070 1402 :
1100 1350 1153 1404 in
1182 1348 1286 1404 hoc
1311 1348 1451 1403 enim
1483 1361 1642 1401 manu
1665 1344 1839 1410 fortis,
1866 1343 1987 1413 quia
2013 1350 2238 1396 mortem

644 1450 880 1495 nostram
896 1442 1048 1504 vicit;
1074 1439 1124 1494 in
1145 1438 1247 1494 hoc
1264 1437 1653 1500 desiderabilis,
1670 1433 1792 1504 quia
1806 1434 1968 1486 vitam
1983 1441 2237 1486 atternam

643 1534 906 1605 promisit.
928 1531 1061 1601 Quid
1076 1529 1216 1586 enim
1236 1529 1422 1585 fortius
1453 1543 1610 1582 manu
1635 1526 1753 1592 hac,
1773 1541 1890 1595 qua:
1909 1523 2078 1594 tetigit
2095 1522 2240 1577 iocu-

645 1619 794 1702 lum,
831 1630 889 1679 et
934 1634 1174 1678 mortuus
1217 1621 1512 1677 resurrexit
1562 1618 1728 1692 (Luc.
1779 1632 1874 1682 vn,
1923 1616 2066 1684 is)?
2113 1614 2240 1685 quid

645 1715 838 1771 fortius
868 1730 1026 1770 manu
1054 1715 1154 1770 hac
1178 1757 1192 1781 ,
1223 1729 1341 1785 qum
1370 1711 1625 1768 mundum
1654 1709 1781 1765 vicit
1801 1741 1819 1774 ,
1852 1722 1955 1762 non
1985 1706 2130 1762 ferro
2155 1721 2241 1760 ara

645 1815 808 1875 mata,
838 1805 930 1860 sed
959 1805 1101 1875 ligno
1133 1802 1431 1860 transfixa?
1460 1801 1586 1873 quid
1629 1808 1808 1854 autem
1838 1795 2242 1852 desiderabilius

644 1914 731 1966 eo,
763 1914 919 1969 quem
952 1913 1054 1951 non
1087 1886 1326 1951 videntes
1356 1903 1620 1964 martyres
1641 1934 1658 1959 ,
1689 1889 1825 1945 mori
1853 1888 2154 1954 voluerunt,
2187 1893 2244 1942 ut

644 1989 710 2047 ad
743 1986 886 2046 illum
931 1990 1209 2060 pervenire
1239 1986 1612 2043 mererentur?
1637 1985 1777 2054 Ergo
1807 1981 2050 2038 Psalmus
2072 1983 2093 2014 ²
2122 1979 2195 2034 illi
2223 1995 2239 2035 :

645 2083 722 2140 illi
752 2097 845 2137 cor
872 2089 1111 2135 nostrum
1133 2121 1147 2145 ,
1182 2080 1258 2134 illi
1303 2079 1479 2150 lingua
1525 2085 1708 2132 nostra
1747 2074 1906 2144 digna
1942 2080 2120 2128 cantet
2149 2088 2164 2124 :
2195 2071 2241 2125 si

646 2184 821 2229 tamen
851 2173 964 2242 ipse
990 2171 1290 2241 dignabitur
1317 2168 1517 2224 donare
1557 2165 1697 2238 quod
1741 2172 1942 2220 cantet.
1974 2161 2141 2217 Nemo
2166 2162 2242 2219 illi

646 2271 825 2322 cantat
849 2255 1006 2331 digna
1028 2300 1044 2327 ,
1078 2260 1179 2314 nisi
1208 2260 1296 2328 qui
1327 2259 1394 2313 ab
1425 2259 1518 2313 illo
1544 2256 1814 2326 acceperit
1842 2253 1983 2323 quod
2024 2260 2244 2307 cantare

647 2356 838 2426 possit.
874 2353 1110 2422 Denique
1153 2352 1258 2406 hoc
1299 2351 1442 2421 quod
1485 2349 1647 2404 modo
1697 2356 1974 2403 cantamus
1998 2386 2014 2412 ,
2044 2341 2242 2415 Spiritu

648 2440 765 2517 ejus
791 2447 988 2501 dictum
1017 2453 1101 2500 est
1130 2458 1224 2512 per
1248 2441 1569 2512 Prophetam
1599 2438 1716 2509 ejus
1741 2479 1756 2504 ,
1785 2446 1840 2492 et
1868 2437 1918 2490 in
1963 2436 2042 2490 eis
2071 2434 2245 2490 verbis

653 2540 741 2599 ubi
768 2554 866 2593 nos
893 2536 1230 2608 agnoscimus
1254 2545 1309 2588 et
1337 2533 1534 2602 ipsum.
1565 2531 1674 2586 Nec
1706 2529 1956 2600 injuriam
1983 2526 2204 2582 facimus
2223 2566 2242 2593 ,

649 2633 772 2704 quia
797 2632 1025 2686 dicimus
1069 2641 1183 2682 nos.
1213 2636 1267 2683 et
1312 2627 1485 2697 ipsum
1519 2641 1532 2677 :
1565 2622 1816 2693 quoniam
1859 2635 1979 2676 cum
2021 2619 2242 2674 essetin

649 2723 808 2788 celo,
833 2723 910 2778 sic
935 2719 1180 2777 clamavit
1206 2760 1220 2786 ,
1252 2716 1388 2784 Quid
1419 2732 1496 2770 me
1527 2713 1837 2786 persequeris
1867 2711 2003 2782 (Act.
2036 2726 2110 2776 ιιι,
2139 2709 2246 2780 6γῖ

648 2833 770 2874 cum
793 2830 912 2870 cum
941 2825 1099 2868 nemo
1122 2816 1382 2881 tangeret,
1406 2817 1460 2862 et
1488 2820 1588 2862 nos
1615 2805 1667 2859 in
1697 2813 1836 2860 terra
1858 2801 2242 2857 laboraremus.

648 2911 789 2980 Ergo
813 2923 1000 2964 vocem
1042 2905 1159 2974 ejus
1187 2902 1490 2968 audiamus,
1521 2913 1661 2954 nunc
1687 2896 1948 2967 corporis,
1978 2908 2123 2949 nunc
2149 2907 2245 2948 ca-

649 3000 793 3073 pitis.
824 2999 917 3054 Est
955 2996 1098 3053 enim
1143 2995 1380 3066 psalmus
1422 2992 1523 3046 iste
1566 2991 1822 3045 invocans
1862 2987 2029 3042 Deum
2061 2992 2245 3040 contra

649 3091 894 3149 inimicos
939 3091 992 3143 in
1034 3085 1461 3143 tribulationibus
1507 3082 1666 3151 hujus
1709 3079 1891 3134 saaculi
1926 3097 1939 3132 :
1973 3087 2028 3133 et
2067 3077 2247 3146 utique

654 3184 769 3253 ipse
791 3189 875 3237 est
897 3176 1162 3244 Christus,
1184 3175 1437 3230 tribulato
1465 3181 1589 3226 tunc
1613 3171 1808 3241 capite,
1833 3169 2084 3223 tribuiato
2107 3182 2247 3222 nunc

651 3285 878 3342 corpore
912 3287 925 3324 :
959 3279 1136 3324 tamen
1175 3283 1270 3336 per
1297 3263 1667 3320 tribulationes
1712 3259 1960 3316 omnibus
1991 3258 2246 3313 membris

651 3365 764 3422 suis
794 3365 926 3418 dans
952 3362 1113 3416 vitam
1137 3369 1394 3415 aeternam
1413 3393 1430 3423 ,
1461 3370 1620 3427 quam
1649 3351 2007 3426 promittendo
2033 3349 2246 3406 deside-

651 3456 834 3525 rabilis
861 3453 1032 3509 factus
1058 3459 1168 3508 est.

721 3538 778 3602 2.
817 3533 1040 3612 Iudico,
1069 3542 1274 3614 inquit,
1319 3539 1571 3607 Domine,
1599 3546 1830 3594 nocentes
1869 3553 1983 3604 me,
2010 3551 2248 3606 expugna

653 3641 1009 3712 impugnante:
1037 3635 1057 3666 ³
1087 3651 1184 3688 me.
1216 3629 1272 3689 Si
1301 3634 1442 3687 Deus
1468 3646 1565 3702 pro
1588 3631 1765 3695 nobis,
1792 3629 1910 3700 quis
1933 3638 2118 3684 contra
2147 3642 2250 3683 nos

659 3731 846 3803 (Rom.
874 3744 988 3795 vui,
1019 3729 1083 3782 5i
1113 3726 1171 3797 )7
1200 3725 1268 3781 Et
1295 3724 1437 3779 unde
1465 3715 1568 3777 hoc
1610 3722 1765 3776 nobis
1802 3729 2022 3791 prmstat
2065 3720 2246 3774 Deus?

655 3822 1008 3897 Appreheude,
1037 3818 1230 3890 inquit,
1255 3834 1400 3872 arma
1431 3825 1476 3871 et
1515 3827 1732 3882 scutum,
1757 3824 1804 3869 et
1830 3831 2042 3886 exsurge
2065 3815 2118 3867 in
2151 3814 2221 3866 ad
2231 3844 2245 3855 ο

655 3915 896 3984 iutarium
925 3910 1067 3965 milii.
1095 3910 1339 3980 Magnum
1359 3909 1723 3980 spectaculum
1747 3915 1850 3972 est,
1872 3905 2054 3960 videre
2075 3905 2244 3960 Deum

655 4017 917 4063 armatum
949 4018 1044 4073 pro
1068 4010 1142 4056 te.
1179 4000 1246 4055 Et
1272 3999 1412 4071 quod
1455 4001 1572 4068 ejus
1612 4007 1822 4053 scutum
1845 3996 1867 4048 ?
1893 4013 2011 4066 quae
2053 3997 2245 4050 arma?

655 4099 874 4155 Domine
895 4139 910 4161 ,
943 4094 1113 4166 inquit
1159 4093 1265 4148 alio
1291 4094 1407 4150 loco
1435 4091 1596 4147 homo
1643 4091 1745 4145 iste
1771 4089 1859 4159 qui
1886 4097 1939 4143 et
1964 4087 2053 4143 hic
2079 4089 2249 4158 loqui-

656 4204 759 4260 tur,
795 4203 848 4247 ut
877 4199 1016 4246 scuto
1055 4188 1200 4242 bona:
1229 4187 1499 4242 uoluntatis
1541 4196 1640 4239 tua:
1669 4185 1921 4238 συνοπαδιὶ
1950 4201 2042 4236 nos
2073 4181 2243 4255 (Paul.

656 4300 715 4351 ν,
742 4287 864 4354 15).
897 4285 1052 4338 Arma
1076 4292 1254 4338 autem
1278 4280 1414 4349 ejus,
1445 4276 1636 4346 quibus
1671 4291 1776 4330 non
1808 4275 1979 4328 solum
2004 4288 2106 4328 nos
2128 4289 2247 4329 nut-

658 4379 792 4446 niat,
825 4376 918 4433 sed
938 4377 1099 4432 etiam
1132 4373 1393 4445 percutiat
1421 4370 1684 4431 inimicos,
1719 4369 1763 4421 si
1791 4367 1926 4421 bene
1956 4366 2248 4437 profeceri-

661 4485 803 4536 mus,
833 4477 889 4523 et
917 4482 1013 4524 nos
1035 4467 1257 4522 erimus.
1286 4462 1432 4517 Sicut
1455 4460 1598 4514 enim
1629 4473 1747 4522 nos,
1779 4465 1836 4511 ut
1857 4471 2148 4523 armentur,
2179 4457 2248 4512 ab

659 4558 752 4615 illo
783 4558 1074 4623 habemus,
1105 4555 1186 4610 sic
1214 4554 1329 4624 ipse
1355 4557 1593 4606 armatur
1619 4549 1686 4604 de
1709 4547 1882 4603 nobis.
1915 4546 2020 4602 Sed
2043 4548 2156 4617 ipse
2181 4548 2250 4604 de

661 4650 746 4707 his
783 4656 1019 4704 armatur
1050 4661 1190 4716 quos
1237 4643 1361 4700 fecit
1393 4684 1408 4710 ,
1439 4657 1539 4696 nos
1582 4641 1647 4696 de
1691 4639 1775 4694 his
1820 4655 2090 4694 armamur
2127 4655 2248 4710 qua:

661 4743 731 4798 ab
748 4743 860 4813 ipso
890 4739 1190 4810 accepimus
1212 4736 1411 4808 quinos
1433 4735 1576 4789 fecit.
1599 4733 1733 4788 Dicit
1753 4725 2108 4805 haecquodam
2133 4732 2249 4786 loco

662 4851 808 4892 arma
835 4842 1014 4890 nostra
1036 4831 1341 4904 Apostolus,
1376 4838 1585 4884 scutum
1616 4826 1734 4882 fidei
1763 4868 1775 4890 ,
1800 4837 1854 4881 et
1879 4827 2083 4898 galeam
2109 4826 2249 4880 salu-

663 4937 749 4995 tis,
766 4937 819 4983 et
835 4925 1064 4998 gladium
1083 4924 1319 4994 spiritus,
1334 4921 1473 4992 quod
1490 4928 1570 4974 est
1585 4919 1804 4974 verbum
1823 4918 1918 4973 Dei
1935 4916 2150 4989 (Ephes.
2172 4932 2246 4985 vr,

663 5019 884 5091 ‘16,”).
910 5017 1153 5073 Armavit
1180 5029 1276 5070 nos
1305 5013 1496 5068 talibus
1520 5012 1684 5067 arn'tis
1703 5054 1718 5077 ,
1746 5011 1987 5081 qualibus
2003 5009 2246 5076 audistis,

664 5110 1019 5167 iandabiiibus
1038 5117 1088 5163 et
1115 5106 1346 5173 invictis,
1379 5102 1824 5174 insuperabiiibus
1850 5109 1903 5156 et
1921 5099 2245 5170 splendidis;

665 5203 1028 5275 spiritualibns
1057 5215 1185 5256 sane
1213 5210 1372 5270 atque
1413 5195 1766 5253 invisibiiibus
1790 5234 1804 5259 ,
1838 5194 1961 5263 quia
1987 5205 2040 5248 et
2070 5192 2251 5248 hostes

667 5295 960 5352 invisibiles
1019 5306 1403 5364 expugnamus.
1469 5288 1526 5344 Si
1583 5287 1735 5342 vides
1788 5285 1996 5339 hostem
2055 5293 2201 5337 tuum
2234 5323 2249 5348 ,

666 5389 948 5444 videantur
967 5400 1115 5442 arma
1138 5395 1248 5440 tua.
1277 5385 1562 5437 Armamur
1580 5392 1766 5435 earum
1793 5390 1972 5430 rerum
2001 5373 2102 5429 fide
2122 5388 2255 5445 quas

619 5467 638 5576 ᾖ
670 5499 776 5539 non
797 5483 1058 5548 videmus,
1091 5488 1147 5536 et
1173 5476 1462 5533 sternimus
1486 5472 1669 5529 hostes
1697 5477 1830 5541 Quos
1860 5482 1963 5523 non
1990 5467 2250 5523 videmus.

670 5569 1070 5641 Verumtamen,
1094 5568 1380 5633 carissimi,
1407 5579 1552 5620 arma
1579 5565 1674 5619 iSta
1706 5579 1772 5618 ne
1793 5562 1990 5632 putetis
2012 5558 2089 5616 sic
2112 5572 2253 5626 esse,

736 5691 749 5721 ³
786 5697 965 5738 Omnes
988 5686 1093 5735 fere
1110 5691 1238 5742 Mss,
1262 5678 1442 5742 noverit
1464 5677 1627 5742 etiam
1632 5675 1850 5726 Charitas
1874 5680 2047 5724 ucstra.

735 5752 754 5782 ι
778 5733 1084 5807 statim,
1269 5740 1534 5806 malimus
1552 5736 1643 5792 uti.
1671 5745 1726 5788 Αι
1749 5749 1848 5788 tua.
1874 5744 1930 5786 et
1965 5744 2092 5798 uss,
2119 5733 2257 5787 mat-

673 5825 992 5924 "nisi‘ouorcs
1017 5877 1141 5932 Mss,
1171 5873 1510 5931 expugnatum.

1861 384 1917 454 's.
1953 390 2320 452 AUGUSTINI
2359 389 2664 452 EPISCOPI
3775 414 3842 470 ω

2348 543 2406 586 ut
2432 533 2585 602 quasi
2633 530 2776 602 quod
2820 537 3029 588 scutum
3073 543 3155 590 est
3178 572 3193 600 ,
3223 547 3438 604 semper
3479 543 3668 592 scutum
3693 541 3844 607 slum

2343 626 2487 695 quod
2511 627 2662 696 gaiea
2687 635 2788 694 est,
2819 628 3204 698 sempergaiea
3230 630 3330 696 sit;
3362 639 3454 684 aut
3479 630 3611 700 quod
3631 632 3759 688 lorica
3773 646 3840 700 est,

2345 727 2557 786 semper
2581 717 2744 772 lorica
2789 719 2877 772 sit.
2929 717 2988 772 In
3039 719 3156 773 illis
3195 720 3338 776 enim
3383 722 3546 776 armis
3569 729 3843 792 corporalibus

2343 806 2418 862 ita
2446 816 2551 871 est,
2582 813 2887 878 quanquam
2930 815 2985 862 et
3009 807 3080 863 de
3114 808 3258 864 ﬂet-ro
3291 817 3415 880 quin
3442 806 3572 865 ﬁunt
3592 816 3752 870 mutari
3769 825 3843 885 pos-

2346 898 2458 952 sint
2483 939 2496 964 ,
2527 908 2584 952 ut
2608 913 2675 953 ex
2703 897 2881 968 gladio
2907 898 2999 953 fiat
3024 901 3231 955 securis
3255 916 3274 954 ι
3301 910 3484 957 tamen
3508 903 3664 972 ipsum
3684 903 3842 976 Apono.

2345 989 2456 1046 ium
2507 991 2753 1047 videmus
2797 990 3002 1047 dixisse
3051 991 3281 1063 quodam
3331 989 3496 1062 loco,
3543 994 3731 1051 loricam
3767 999 3845 1069 sui

2343 1082 2593 1151 (IThes.
2639 1099 2693 1149 ν,
2725 1085 2824 1154 8),
2873 1093 2926 1139 et
2962 1085 3072 1140 alio
3119 1085 3238 1142 loco
3284 1084 3490 1142 dixisse
3535 1095 3716 1143 scutum
3751 1090 3841 1146 fidei.
3894 1081 3895 1160 ᾗ

2345 1177 2488 1247 Ergo
2513 1178 2626 1247 ipsa
2651 1176 2806 1244 fides,
2829 1188 2886 1233 ct
2908 1177 3072 1233 iorica
3101 1187 3278 1248 putest
3300 1191 3425 1236 esse
3445 1187 3498 1234 et
3524 1188 3708 1235 scutum
3735 1189 3844 1236 2m-

2343 1279 2458 1324 tnm
2487 1277 2592 1335 est,
2621 1267 2742 1338 quia
2769 1268 2875 1323 teis
2917 1269 3256 1324 inimicorum
3283 1269 3490 1339 excipit
3516 1277 3568 1324 et
3588 1270 3770 1340 repellil;
3796 1271 3843 1326 lo-

2343 1364 2453 1418 rica
2479 1367 2596 1428 est,
2624 1363 2747 1432 quia
2775 1363 3032 1419 interiora
3069 1371 3161 1418 tua
3201 1362 3442 1433 transﬁgi
3471 1378 3574 1417 non
3613 1363 3734 1417 sinit.
3770 1363 3844 1420 liae

2345 1463 2488 1510 urina
2517 1461 2697 1511 nostra
2727 1469 2741 1509 :
2778 1457 2870 1510 Det
2915 1465 3091 1511 autem
3119 1464 3239 1526 qua:
3268 1454 3330 1509 ιν
3359 1454 3604 1525 Legimus
3627 1452 3843 1524 qttodatttin

2346 1547 2467 1602 loco
2495 1559 2509 1605 ι
2541 1546 2677 1601 Erue
2704 1547 2766 1601 σὺ
2809 1548 2981 1618 itnpiis
3027 1549 3250 1601 animum
3297 1559 3461 1600 meum
3485 1590 3499 1612 ,
3529 1547 3740 1615 {iamcum
3760 1551 3844 1600 tm

2346 1640 2408 1693 ab
2433 1635 2651 1693 inimicis
2671 1649 2850 1692 vitam
2873 1645 2974 1693 tua:
3003 1634 3191 1708 (Pani.
3217 1645 3330 1703 xxi,
3351 1637 3418 1691 Si
3449 1637 3488 1707 ).
3517 1636 3657 1703 Quod

2346 1731 2514 1798 dixit,
2555 1732 2620 1784 ρο
2665 1731 2836 1799 impiis
2860 1746 2880 1795 ,'
2927 1729 3028 1784 hoc
3080 1729 3325 1798 sequenti
3366 1737 3562 1792 Versu,
3604 1728 3660 1780 ait

2345 1835 2527 1879 mam
2555 1827 2658 1878 iiut!
2684 1829 2704 1877 ε
2732 1828 2786 1878 et
2815 1821 2958 1893 quod
3005 1820 3253 1892 superius
3285 1819 3460 1886 dixit,
3491 1811 3691 1873 animum
3711 1827 3844 1883 mm,-

2347 1914 2450 1970 itoe
2475 1909 2717 1986 sequenti
2759 1921 2917 1970 versu
2941 1957 2956 1981 ,
2985 1914 3234 1984 frameam
3282 1915 3423 1966 tuam
3449 1954 3462 1976 ,
3493 1909 3546 1967 id
3569 1919 3660 1978 est,
3685 1903 3842 1982 gladium

2347 2015 2516 2066 tuum.
2547 2002 2690 2077 Ergo
2717 2006 2975 2062 ii'ameam
3004 2003 3100 2061 Del
3131 2003 3268 2060 dixit
3293 2005 3527 2060 animam
3557 2007 3690 2056 suam
3714 2009 3725 2055 ξ
3745 2001 3841 2064 Em,

2347 2099 2550 2169 inquit,
2581 2098 2643 2152 ab
2683 2098 2853 2168 impiis
2880 2099 3105 2152 animum
3147 2107 3351 2163 meum;
3395 2094 3447 2150 id
3486 2102 3564 2150 est
3588 2138 3600 2160 ,
3629 2093 3843 2148 mittimitti

2348 2199 2528 2244 manus
2545 2196 2645 2244 me
2665 2198 2782 2245 erue
2805 2190 3051 2272 frameam
3078 2191 3237 2244 tuam.
3264 2187 3628 2259 Apprehendis
3649 2187 3759 2243 enim
3773 2185 3842 2239 anis

2347 2290 2489 2336 tuam
2532 2289 2742 2348 meam,
2789 2287 2843 2336 et
2868 2268 3107 2337 debeiias
3136 2281 3387 2336 inimicos
3419 2285 3581 2336 meos.
3610 2268 3844 2348 manu

2347 2374 2523 2427 anima
2551 2379 2758 2440 nostra,
2782 2371 3024 2442 quamvis
3055 2371 3359 2442 splendida,
3392 2367 3626 2441 quateris
3651 2368 3840 2439 producta.

2348 2465 2590 2535 quamvis
2606 2471 2781 2529 acuta,
2805 2461 3051 2534 quatuvis
3071 2469 3251 2531 uncta,
3272 2462 3520 2533 quamvis
3538 2461 3645 2517 iace
3657 2460 3842 2530 sapienﬁa

2348 2564 2403 2613 et
2457 2556 2823 2613 cernentium
2873 2557 2896 2588 ί
2946 2553 3187 2610 vibmtat
3258 2551 3404 2621 Quid
3455 2560 3539 2608 cst
3598 2553 3696 2624 ipsa
3733 2550 3841 2604 sitim:

2351 2649 2555 2714 nostra,
2581 2654 2678 2701 aut
2704 2646 2830 2716 quid
2854 2650 3050 2716 potest,
3084 2639 3186 2700 nisi
3217 2645 3362 2701 Deus
3391 2645 3534 2699 uiam
3559 2647 3714 2699 ιεπω
3731 2645 3770 2696 ει
3787 2649 3841 2710 pu-

2349 2740 2565 2811 gnetde
2609 2735 2734 2795 illa!
2759 2736 2893 2794 Nam
2932 2735 3185 2809 quislibet
3225 2738 3438 2809 optime
3463 2736 3596 2792 tacta
3621 2734 3842 2797 inmensi

2351 2847 2458 2888 non
2503 2833 2698 2888 haheat
2743 2829 3058 2888 bellatorem
3085 2874 3098 2898 ,
3128 2832 3291 2900 jacet.
3348 2819 3648 2884 Dixeramus
3667 2823 3842 2882 sucum

2351 2925 2519 2979 armis
2547 2925 2765 2990 nostris,
2796 2937 2901 2978 non
2931 2923 3082 2992 quasi
3102 2921 3310 2991 aliquid
3329 2921 3508 2975 mum
3537 2920 3684 2990 accipi
3703 2917 3841 2976 dem

2351 3021 2408 3070 ut
2439 3015 2575 3085 quod
2600 3021 2680 3070 est
2709 3025 2797 3078 res
2823 3025 2926 3068 una
2954 3056 2968 3079 ,
3006 3015 3118 3083 ipsa
3148 3013 3290 3066 aliud
3319 3020 3454 3068 asse
3495 3017 3594 3067 non
3619 3009 3752 3080 posit
3771 3024 3780 3058 :
3799 3007 3841 3059 sit

2351 3115 2404 3163 et
2446 3106 2496 3160 in
2525 3107 2686 3161 armis
2717 3106 2811 3161 Dei
2857 3105 3179 3160 invenimits;
3214 3102 3361 3160 Ecce
3403 3104 3624 3159 animam
3647 3095 3842 3172 ΜΙἰῶῖῆ

2351 3208 2607 3263 frameam
2640 3208 2734 3261 Dei
2766 3222 2778 3257 :
2812 3208 3002 3260 iterum
3043 3204 3174 3259 dicit
3199 3201 3438 3259 animum
3464 3197 3588 3272 jdsti'
3612 3203 3712 3256 esse
3726 3191 3840 3250 sedem

2352 3292 2485 3366 Dei;
2533 3300 2708 3355 anima
2737 3299 2864 3368 justi
2911 3297 3068 3354 sedes
3111 3295 3396 3368 sapientia!
3435 3286 3600 3368 (Bap.
3627 3289 3731 3363 nt}.
3759 3285 3840 3356 Elge

2351 3391 2603 3464 quidquid
2629 3391 2741 3446 vult
2766 3434 2777 3452 ,
2821 3389 2945 3446 Facit
2988 3391 3056 3445 de
3085 3390 3260 3444 anima
3308 3391 3515 3444 nostra.
3545 3380 3663 3443 Cum
3685 3383 3728 3439 in
3744 3381 3840 3437 illini

2351 3485 2466 3557 ejus
2495 3491 2594 3549 est,
2626 3489 2806 3538 utatur
2834 3497 2894 3538 ea
2925 3477 3382 3563 quemadmodum
3412 3475 3541 3535 vult.

2423 3573 2475 3634 5.
2495 3569 2759 3647 Exsurgat
2779 3587 2904 3645 ergo
2925 3552 3023 3645 (sic
3043 3573 3182 3630 enim
3208 3552 3486 3629 invocatus
3506 3567 3620 3641 σει),
3639 3552 3838 3637 amella

2350 3671 2441 3725 dat
2466 3679 2634 3735 arma,
2657 3672 2907 3736 essurgat
2933 3665 2985 3720 in
3013 3665 3340 3736 adjutorium
3375 3662 3544 3720 nobis.
3572 3653 3703 3718 Unde
3721 3660 3835 3712 exsut-

2356 3771 2467 3833 gat,
2497 3762 2601 3816 alio
2631 3754 2750 3815 loCo
2775 3759 2933 3813 etiam
2978 3755 3172 3814 dieitur
3211 3753 3289 3812 illi
3336 3755 3451 3828 ipSa
3483 3761 3604 3811 voce
3630 3761 3642 3807 ε
3669 3741 3832 3810 tmarii.

2350 3861 2503 3924 quare
2527 3849 2798 3915 obdormis,
2829 3847 3047 3902 Domine
3076 3845 3250 3918 (Psal.
3280 3859 3408 3903 xutt
3432 3889 3445 3910 ,
3472 3839 3611 3913 23')?
3635 3837 3688 3896 Et
3707 3833 3835 3924 (maio

2352 3920 2438 3997 ille
2468 3937 2662 3996 dicitur
2691 3935 2924 3993 dormire
2953 3981 2966 4004 ,
3014 3945 3114 3992 nos
3157 3935 3455 3992 dormimus
3483 3943 3496 3990 ξ
3524 3943 3573 3990 et
3611 3920 3836 4002 qtlat’uioillt

2351 4031 2545 4088 dicitur
2572 4039 2857 4100 exsurgere
2883 4073 2896 4096 ,
2929 4037 3027 4084 nos
3056 4021 3376 4085 excitamur.
3407 4025 3536 4084 Nam
3580 4031 3627 4080 et
3661 4014 3833 4077 iiatnirws

2351 4123 2643 4179 dormiebat
2671 4122 2723 4175 in
2752 4121 2901 4187 navi:
2929 4125 2983 4176 et
3005 4113 3125 4174 ideo
3150 4115 3442 4176 iiuctuabat
3466 4121 3619 4180 navis,
3645 4105 3828 4184 quiade—

2353 4215 2550 4270 micbat
2567 4213 2742 4270 Jesus.
2769 4207 2901 4267 Nam
2925 4211 2970 4266 si
2996 4203 3105 4266 illic
3128 4200 3369 4282 vigilaret
3394 4206 3563 4275 Jesus,
3585 4221 3674 4262 non
3695 4197 3833 4256 fluctua-

2353 4316 2434 4362 ret
2464 4306 2633 4360 n‘avis.
2665 4296 2823 4360 Navis
2854 4313 2938 4359 tua
2961 4345 2974 4369 ,
3007 4313 3099 4359 eor
3127 4307 3274 4358 tuum
3308 4322 3322 4360 :
3351 4301 3502 4359 Jesus
3523 4302 3570 4356 in
3609 4295 3707 4353 navi
3727 4334 3736 4355 ,
3759 4285 3832 4342 fui?!

2353 4399 2406 4453 in
2438 4397 2617 4453 corde.
2657 4393 2712 4452 Si
2765 4393 3050 4450 meministi
3101 4395 3222 4450 lidei
3269 4403 3372 4449 tua:
3400 4437 3414 4462 ,
3447 4405 3546 4449 non
3589 4385 3831 4444 lluctttatcot

2356 4499 2498 4545 tuum
2536 4508 2548 4543 :
2583 4489 2625 4543 si
2667 4488 2860 4542 oblitus
2905 4495 2964 4542 es
3008 4487 3164 4542 fidem
3206 4495 3348 4541 tuam
3372 4531 3386 4553 ,
3419 4483 3602 4542 dormit
3635 4474 3828 4534 Christus:

2354 4579 2576 4636 observa
2624 4577 2974 4649 naufragium.
3023 4577 3406 4633 Verumtamen
3450 4571 3581 4646 quod
3619 4560 3827 4626 resuttu,

2352 4671 2468 4727 utsi
2487 4669 2760 4726 dormieril
2784 4669 3246 4734 excitetur;dicas
3274 4667 3351 4724 illi
3384 4688 3396 4723 :
3429 4666 3653 4729 Domine,
3670 4663 3827 4718 ρῒςίιΐὲικ

2356 4765 2588 4834 perimus
2623 4779 2635 4818 :
2669 4771 2721 4817 ιιι
2756 4764 2993 4831 increpet
3021 4770 3208 4816 ventos
3234 4803 3247 4828 ,
3285 4765 3338 4815 et
3377 4757 3466 4814 fiat
3505 4739 3828 4822 tranquillitasia

2354 4855 2516 4913 corde
2545 4866 2631 4911 luo
2663 4853 2890 4927 (Matth.
2932 4869 3021 4908 vin
3044 4897 3056 4918 ,
3095 4853 3217 4923 2i).
3261 4849 3526 4908 Rccede‘nt
3566 4846 3684 4901 enim
3717 4839 3828 4891 minii

2355 4949 2697 5014 tentationcs,
2722 4955 2811 5001 aut
2833 4956 2981 5002 certe
3003 4943 3132 5000 nihil
3157 4943 3421 5008 valebunt,
3447 4927 3826 5014 qttaittltiChrrlﬂ‘s

2356 5041 2458 5097 hoc
2487 5049 2568 5098 est
2607 5041 2740 5096 fides
2782 5047 2869 5094 tua
2897 5081 2910 5103 ,
2943 5037 3240 5107 vigilavcrit
3286 5037 3336 5091 in
3382 5033 3538 5090 corde
3565 5039 3658 5083 tuo.
3684 5015 3830 5076 Emi?"

2356 5143 2484 5202 ergo
2529 5129 2652 5202 quid
2685 5129 2803 5185 est?
2840 5125 3152 5195 innotescc,
3195 5135 3422 5199 apparo,
3451 5121 3643 5179 sentite.
3685 5107 3828 5166 Exurit

2365 5241 2492 5296 ergo
2519 5225 2571 5279 in
2592 5224 2903 5295 adjutorium
2929 5219 3071 5274 milii.

2522 5277 2681 5388 [uera].
2713 5311 2804 5386 3.]
2849 5309 3071 5380 Elfumie
3111 5314 3390 5384 frameam,
3440 5315 3484 5362 et
3529 5291 3734 5388 concinit

2361 5383 2636 5463 uersus—eos
2663 5405 2749 5476 qui
2775 5383 2852 5458 me
2882 5383 3264 5474 persequuntur.
3295 5397 3393 5468 Qui
3419 5399 3534 5455 sunt
3556 5389 3630 5463 qui
3653 5383 3825 5476 te.

2365 5497 2636 5570 quuntur?
2676 5469 2840 5550 ii‘orte
2878 5469 3084 5549 vicinus
3113 5503 3270 5559 tuus,
3298 5502 3390 5546 aut
3425 5489 3513 5544 me

2426 5589 2443 5620 ε
2471 5589 2542 5637 sic
2561 5593 2664 5636 uss.
2693 5590 2747 5635 Ai.
2770 5584 2884 5634 [add
2908 5598 2920 5634 :
2944 5591 3060 5637 mea
3083 5589 3220 5636 arma
3421 5575 3523 5630 sunt
3544 5544 3636 5629 bri,
3655 5556 3749 5629 ΨΜ
3761 5544 3824 5609 ίτέθ

2639 5707 2853 5796 quamvis
2891 5707 3012 5796 bich
3299 5703 3344 5758 ἒῑ
3379 5675 3822 5796 ἐξέπιες,

2367 5782 2425 5822 At
2447 5747 3679 5831 igi'ax-‘itaaanzi'a"nugamenta"th
3689 5747 3766 5796 W

2369 5803 2572 5900 ρξεηῖας
2585 5803 3106 5898 ;,;t.;::;.:;;;".;;..;;;.s;
