3960 6404
600 386 707 445 327

602 519 763 576 quam
791 502 848 558 in
872 500 1259 558 resurrectione
1298 494 1571 569 promisit;
1604 493 1705 551 ista
1750 507 1878 550 vero
1902 489 2182 548 saecularia

603 605 657 651 et
688 594 992 664 temporalia
1023 591 1088 645 ad
1115 591 1388 645 daemones
1419 587 1688 657 pertinent
1707 627 1722 652 ,
1759 593 1816 642 et
1843 585 1910 641 ad
1948 592 2187 657 potesta-

600 697 684 743 tes
718 687 832 740 illas
863 683 1047 736 harum
1091 680 1454 736 tenebrarum.
1507 676 1741 733 Dicendo
1775 676 1928 742 haec,
1974 673 2187 744 quando

600 792 785 833 amore
820 775 1157 844 implicantur
1182 772 1370 826 harum
1400 785 1583 826 rerum
1607 811 1622 835 ,
1657 768 1931 824 dimittunt
1964 767 2136 822 Deum
2167 805 2182 828 .

598 868 748 942 quasi
779 867 844 922 ad
865 881 1023 936 quem
1055 865 1156 920 ista
1187 879 1293 919 non
1333 862 1665 933 pertineant;
1696 870 1751 916 et
1789 867 2035 931 quierunt
2085 872 2185 914 ne-

595 957 769 1013 fandis
817 954 1124 1020 sacriﬁciis,
1165 969 1230 1009 ac
1267 953 1453 1009 nescio
1504 951 1700 1024 quibus
1748 949 2041 1016 remediis,
2095 956 2186 1004 aut

595 1051 779 1106 nescio
807 1062 911 1120 qua
941 1047 1219 1101 hominum
1267 1044 1447 1101 illicita
1477 1042 1858 1114 persuasione,
1903 1040 2184 1112 providere

594 1140 693 1195 sibi
720 1138 860 1210 quod
897 1136 1190 1208 temporale
1211 1143 1329 1201 est,
1362 1133 1526 1189 veluti
1568 1133 1844 1204 pecuniam
1864 1171 1882 1198 ,
1915 1144 2138 1186 uxorem
2162 1170 2179 1198 ,

596 1232 735 1286 lilios
755 1270 772 1296 ,
802 1239 858 1285 et
881 1229 924 1284 si
954 1244 1056 1298 qua
1096 1236 1220 1282 sunt
1256 1242 1374 1296 quae
1402 1225 1686 1280 humanam
1717 1223 1880 1277 vitam
1907 1229 2000 1276 aut
2047 1235 2180 1276 con-

592 1325 838 1380 solantur
881 1329 1244 1376 transeuntem
1270 1360 1285 1383 ,
1321 1325 1414 1372 aut
1452 1315 1748 1386 impediunt
1794 1313 2178 1368 ambulantem.

594 1415 795 1470 Contra
826 1414 981 1468 istam
998 1411 1304 1482 opinionem
1335 1409 1512 1464 divina
1535 1406 1874 1477 providentia
1903 1405 2175 1474 vigilante,

594 1516 650 1562 ut
681 1505 990 1562 ostenderet
1017 1505 1153 1559 Deus
1181 1491 1248 1556 ad
1279 1516 1338 1556 se
1370 1500 1639 1571 pertinere
1678 1501 1779 1553 ista
1801 1497 1982 1552 omnia
2005 1537 2022 1564 ,
2051 1496 2179 1551 etin

593 1614 690 1654 sua
714 1613 837 1654 esse
871 1603 1130 1668 potestate
1150 1634 1165 1660 ,
1198 1608 1302 1648 non
1331 1593 1503 1648 solum
1541 1599 1742 1646 aeterna
1783 1604 1902 1659 qua:
1931 1588 1986 1642 in
2033 1587 2178 1642 l‘utu-

594 1707 715 1747 rum
744 1688 1019 1760 promisit,
1044 1701 1231 1742 verum
1263 1685 1421 1741 etiam
1461 1681 1775 1753 temporalia
1801 1695 1920 1750 quae
1955 1679 2006 1732 in
2039 1687 2179 1734 terra

594 1780 687 1836 dat
710 1779 900 1850 quibus
931 1776 1200 1842 voluerit,
1233 1785 1284 1830 et
1327 1773 1540 1845 quando
1579 1773 1805 1827 voluerit
1840 1779 2137 1840 Opportune
2159 1808 2175 1837 ,

596 1873 772 1930 sciens
799 1872 886 1927 cui
924 1869 1050 1936 det,
1083 1868 1170 1924 cui
1208 1883 1314 1923 non
1341 1865 1466 1933 det,
1508 1875 1758 1935 tanquam
1791 1861 2031 1917 medicus
2065 1875 2178 1916 me-

590 1965 888 2021 dicamenta
913 2003 929 2028 ,
959 1962 1136 2018 sciens
1163 1959 1356 2015 melius
1384 1956 1630 2012 morbum
1652 1951 1837 2024 aegroti
1861 1967 2018 2022 quam
2063 1951 2178 2021 ipse

593 2064 822 2128 aegrotus
851 2073 865 2110 :
897 2063 956 2110 ut
1000 2069 1130 2125 ergo
1187 2053 1328 2108 Deus
1369 2051 1471 2105 hoc
1520 2047 1859 2111 ostenderet,
1906 2043 2177 2099 distribuit

589 2158 829 2218 tempora
859 2145 1072 2201 Veteris
1096 2153 1149 2199 et
1177 2141 1311 2198 Novi
1367 2137 1717 2196 Testamenti.
1751 2137 1806 2191 In
1844 2135 2022 2191 Veteri
2068 2133 2174 2190 Te—

592 2245 861 2294 stamento
887 2233 1268 2306 promissiones
1314 2239 1439 2288 sunt
1484 2243 1662 2284 rerum
1693 2236 2063 2290 terrenarum;
2121 2224 2173 2280 in

587 2329 738 2385 Novo
777 2335 992 2394 autem,
1050 2324 1200 2396 regni
1238 2323 1517 2380 caelorum.
1577 2320 1837 2389 Pleraque
1905 2324 2171 2387 praecepta

590 2422 760 2477 Deum
787 2419 994 2476 colendi
1021 2428 1075 2472 et
1113 2426 1259 2472 recte
1302 2413 1548 2480 vivendi,
1592 2413 1705 2482 ipsa
1749 2419 1872 2465 sunt
1906 2419 1960 2465 et
2000 2409 2069 2463 ibi
2119 2417 2176 2464 et

588 2511 677 2569 hic
703 2530 717 2566 :
746 2510 838 2568 sed
870 2511 991 2582 quia
1024 2506 1307 2580 promissio
1338 2505 1413 2561 ibi
1451 2505 1555 2560 alia
1597 2502 1809 2558 videtur
1830 2542 1846 2568 ,
1890 2501 1995 2555 alia
2036 2499 2124 2556 hic
2154 2516 2169 2566 ;

584 2606 821 2678 iubentis
849 2604 1129 2673 imperium
1155 2609 1210 2657 et
1231 2596 1534 2656 obcdientia
1551 2595 1838 2652 servientis
1858 2592 2044 2650 eadem
2065 2600 2168 2661 est,

585 2695 680 2752 sed
711 2710 917 2751 merces
941 2693 1091 2764 quasi
1123 2707 1225 2746 non
1255 2698 1339 2745 est
1365 2687 1573 2744 eadem.
1599 2685 1804 2742 Etenim
1835 2684 1943 2740 illis
1971 2683 2170 2739 dictum

585 2797 704 2852 est,
736 2797 796 2842 ut
819 2784 1091 2854 accipiatis
1122 2793 1316 2838 terram
1349 2779 1717 2851 promissionis
1738 2818 1754 2844 ,
1777 2785 1835 2832 ut
1872 2777 1924 2831 in
1961 2774 2048 2830 illa
2081 2789 2169 2830 re-

583 2880 757 2952 gnetis
777 2921 790 2944 ,
825 2889 883 2934 ut
916 2877 1164 2933 inimicos
1191 2884 1401 2931 vestros
1427 2871 1725 2942 superetis,
1751 2879 1809 2925 ut
1846 2869 1915 2924 ab
1945 2869 2024 2924 eis
2063 2882 2168 2923 non

583 2969 939 3042 subjugemini
960 3010 976 3036 ,
1005 2979 1068 3023 ut
1094 2967 1273 3022 omnia
1298 2965 1450 3020 vobis
1472 2962 1746 3018 abundent
1772 2961 1825 3015 in
1859 2959 1958 3014 hac
1983 2968 2121 3015 terra
2149 2999 2164 3026 ,

583 3075 644 3120 ut
665 3064 804 3117 ﬁlios
828 3059 1122 3132 procreetis
1141 3055 1337 3133 (Exod.
1370 3070 1500 3110 χχιιι
1521 3096 1534 3118 ,
1558 3053 1778 3122 25-31).
1802 3050 1929 3106 Ilaec
1956 3057 2167 3104 terrena

583 3153 845 3226 promissa
871 3158 1030 3214 sunt,
1073 3147 1167 3204 sed
1195 3155 1372 3202 tamen
1406 3145 1651 3215 ﬁgurata.
1694 3141 1802 3196 Fac
1851 3141 2058 3210 aliquos
2087 3138 2169 3194 sic

584 3247 676 3301 illa
702 3242 945 3312 accipere
974 3237 1245 3310 quomodo
1270 3235 1533 3307 promissa
1563 3240 1688 3288 sunt
1721 3248 1734 3284 :
1766 3241 1819 3286 et
1860 3243 1987 3285 vere
2014 3228 2168 3284 multi

580 3337 662 3391 sic
687 3339 1029 3403 acceperunt.
1057 3328 1191 3384 Nam
1217 3326 1339 3382 data
1369 3333 1451 3380 est
1478 3332 1618 3379 terra
1649 3321 1773 3376 ﬁliis
1799 3318 1997 3383 Israel,
2031 3318 2168 3374 data:

581 3433 709 3482 sunt
740 3422 937 3480 divitiae
957 3463 973 3488 ,
1017 3417 1130 3475 dati
1170 3425 1295 3473 sunt
1329 3415 1422 3470 ﬁlii
1463 3422 1519 3470 et
1552 3412 1821 3469 sterilibus
1853 3419 1909 3466 et
1943 3410 2169 3466 aniculis

580 3515 894 3589 rogantibus
931 3514 1135 3576 Deum,
1176 3517 1234 3565 et
1267 3507 1334 3564 de
1363 3507 1482 3578 ipso
1525 3505 1642 3560 solo
1682 3501 2161 3574 praesumentibus,

580 3616 638 3663 et
663 3606 828 3661 alium
851 3603 951 3658 sibi
981 3601 1282 3672 adjutorem
1311 3611 1410 3653 nec
1435 3595 1502 3650 ad
1528 3595 1626 3649 ista
1655 3591 2036 3664 quaerentibus.
2065 3590 2168 3646 Vo-

580 3715 697 3756 cem
727 3695 937 3753 Domini
967 3695 1020 3750 in
1057 3692 1222 3749 corde
1247 3690 1532 3746 audierunt
1559 3706 1572 3742 ε
1605 3685 1763 3742 Salus
1795 3695 1882 3739 tua
1911 3701 2001 3756 ego
2033 3699 2163 3739 sum.

581 3791 639 3847 Si
665 3789 730 3845 ad
752 3797 1154 3856 a2terna,quare
1181 3799 1285 3839 non
1313 3780 1380 3836 ad
1411 3778 1763 3849 temporalia?
1790 3775 2037 3832 Ostendit
2064 3775 2167 3831 hoc

580 3883 723 3939 Deus
750 3882 802 3936 in
830 3893 991 3935 causa
1013 3877 1112 3931 viri
1145 3875 1284 3930 illius
1305 3872 1474 3928 sancti
1503 3870 1606 3926 Job
1636 3888 1650 3925 :
1681 3870 1804 3941 quia
1835 3878 1888 3923 et
1911 3868 2026 3937 ipse
2052 3866 2166 3920 dia-

579 3973 734 4030 bolus
759 3969 1032 4026 auferendi
1063 3967 1179 4023 haec
1205 3981 1313 4021 non
1341 3963 1500 4019 habet
1529 3969 1842 4032 potestatem
1866 4001 1880 4025 ,
1920 3959 2019 4013 nisi
2042 3973 2162 4012 cum

579 4063 847 4135 acceperit
893 4077 925 4116 a
971 4073 1178 4115 summa
1224 4057 1314 4112 illa
1368 4062 1652 4126 potestate.
1699 4051 1941 4106 Invidere
1994 4049 2168 4120 potuit

580 4170 802 4225 sancto,
850 4169 1046 4211 nocere
1088 4149 1345 4221 numquid
1400 4147 1614 4218 potuit?
1640 4146 1904 4200 Accusare
1948 4141 2163 4212 potuit,

579 4251 835 4306 damnare
887 4245 1140 4315 numquid
1195 4241 1402 4313 potuit?
1445 4235 1712 4307 Numquid
1753 4235 1922 4288 valuit
1965 4232 2165 4303 aliquid

580 4343 771 4396 tollere
792 4381 805 4406 ,
841 4337 1093 4408 numquid
1128 4334 1208 4389 vel
1226 4345 1455 4403 unguem
1474 4371 1487 4393 ,
1517 4327 1774 4396 numquid
1803 4326 1890 4379 vel
1916 4324 2165 4393 capillum

579 4434 802 4496 ltedere,
837 4431 935 4485 nisi
960 4430 1069 4483 Deo
1093 4427 1328 4489 diceret,
1356 4421 1503 4476 Mitte
1531 4435 1737 4472 manum
1761 4427 1900 4470 luant
1935 4413 2057 4489 (Job
2110 4430 2162 4482 ι,

581 4525 716 4594 II)?
746 4523 880 4590 Quid
907 4529 989 4576 cst
1013 4560 1029 4584 ,
1077 4516 1224 4570 Mitte
1261 4528 1466 4568 manum
1493 4521 1632 4564 luant
1653 4509 1678 4561 ?
1709 4508 1781 4561 Da
1830 4511 2162 4576 potestatem.

579 4617 817 4693 Accepit.
851 4613 940 4667 Ille
970 4607 1228 4668 tentavit,
1261 4604 1350 4660 ille
1385 4612 1618 4658 tentatus
1647 4610 1747 4654 εει.
1795 4597 2052 4660 Tentatus
2081 4604 2163 4650 ta-

578 4684 702 4763 men
733 4704 878 4767 vicit,
909 4709 1143 4756 tentator
1169 4697 1342 4750 victus
1369 4702 1470 4749 est.
1502 4691 1642 4746 Deus
1668 4688 1808 4744 enim
1833 4687 1923 4758 qui
1951 4684 2166 4741 diabolo

583 4799 900 4872 permiserat
929 4802 990 4848 ut
1017 4793 1102 4847 illa
1126 4789 1372 4854 tolleret,
1405 4787 1553 4842 illum
1593 4797 1809 4839 servum
1849 4794 2000 4834 suum
2031 4778 2164 4832 inte-

582 4894 694 4948 rius
719 4906 824 4944 non
853 4888 1196 4947 deseruerat,
1219 4892 1272 4936 et
1292 4879 1357 4934 ad
1396 4879 1568 4948 ipsum
1602 4873 1868 4931 diabolum
1899 4884 2163 4941 superan-

582 4987 706 5040 dum
732 4983 958 5037 animam
995 4976 1135 5033 servi
1178 4974 1259 5028 sui
1295 4972 1551 5026 frameam
1598 4966 1699 5022 sibi
1738 4965 1952 5021 fecerat.
1985 4961 2163 5029 Quan-

584 5088 692 5129 ttnn
725 5072 865 5127 valet
896 5067 1034 5123 hoc?
1062 5066 1137 5120 De
1163 5063 1380 5118 homine
1409 5060 1530 5116 dico
1553 5061 1593 5111 ί.
1620 5057 1801 5112 Victus
1831 5054 1884 5110 in
1917 5052 2163 5123 paradiso

581 5165 731 5238 (Gen.
770 5179 825 5220 ιιι
850 5205 864 5227 ,
890 5161 978 5232 ti),
1013 5160 1182 5214 victor
1206 5156 1257 5210 in
1286 5164 1542 5210 stercore.
1573 5151 1646 5206 Ibi
1675 5150 1849 5204 victus
1877 5155 1960 5201 est
1988 5161 2018 5198 a
2044 5145 2162 5200 dia-

579 5236 702 5315 bolo
724 5273 820 5328 per
850 5252 1126 5310 mulierem
1153 5292 1167 5316 ,
1202 5249 1286 5303 hic
1313 5247 1440 5300 vicit
1467 5241 1736 5299 diabolum
1775 5247 1830 5293 ct
1859 5236 2159 5292 mulierem.

580 5326 778 5404 Locuta
803 5363 887 5412 es,
938 5343 1144 5415 inquit,
1177 5350 1416 5408 tanquam
1439 5351 1542 5390 una
1570 5349 1633 5387 ea;
1670 5326 2016 5401 insipientibus
2047 5342 2162 5380 mu-

576 5441 800 5497 lieribus.
831 5438 892 5493 Si
921 5437 1049 5490 bona
1093 5433 1404 5504 percepimus
1453 5426 1517 5480 de
1558 5438 1711 5477 manu
1738 5418 1982 5485 Domini,
2026 5417 2163 5470 mala

579 5548 732 5602 quare
757 5546 858 5584 non
877 5527 1211 5582 sustineamus
1237 5520 1355 5593 (Job
1404 5535 1440 5574 ιι
1464 5559 1478 5584 ,
1522 5513 1652 5589 10)¹ῐ
1688 5513 1856 5582 Quam
1897 5511 2034 5566 bene
2060 5523 2159 5564 au-

581 5623 750 5678 dierat
779 5639 792 5674 :
824 5620 980 5673 Salus
1009 5628 1096 5671 tua
1115 5632 1205 5687 ego
1225 5630 1334 5670 sum
1359 5613 1381 5666 !

649 5715 706 5773 8.
731 5711 1120 5783 Confundantur
1149 5718 1195 5762 et
1233 5715 1551 5762 revereantur
1592 5702 1898 5774 requirentes
1936 5698 2160 5754 animam

645 5827 662 5859 ί
696 5833 807 5877 Hec
827 5824 996 5884 verba,
1020 5830 1092 5875 De
1112 5820 1297 5873 homine
1320 5819 1447 5882 dico,
1463 5820 1637 5870 absunt
1653 5831 1681 5870 a
1705 5825 1806 5867 Mss.
1833 5815 2096 5879 plerisque.

1859 379 1916 437 S.
1958 375 2321 436 AUGUSTINI
2359 379 2662 440 EPISCOPI
3729 397 3802 454 328
3896 441 3897 454 χ

2295 510 2476 550 meam.
2507 496 2732 566 Respice
2765 497 2830 552 ad
2870 497 3134 554 homines.
3161 499 3344 562 Orate,
3391 501 3586 572 inquit,
3626 522 3702 571 pro
3725 513 3798 563 ιηί-

2295 586 2439 641 micis
2475 589 2650 642 vestris
2684 587 2894 660 (Matth.
2923 606 2954 644 v
2977 632 2990 655 ,
3027 589 3138 664 44).
3177 591 3280 646 Sed
3324 591 3413 646 hic
3445 595 3690 661 pmphetia
3727 611 3798 654 est.

2295 676 2366 733 Et
2393 694 2510 748 qua:
2541 679 2706 751 ﬁgura
2745 679 2963 749 optandi
2989 681 3269 748 dicuntur,
3307 684 3489 736 animo
3522 687 3802 754 propin-laudi

2293 768 2648 838 explicantur.
2681 769 2811 826 Illud
2847 770 2937 825 ﬁat
2989 781 3046 827 et
3091 771 3218 826 illud
3270 773 3398 839 ﬁat,
3439 774 3565 829 nihil
3590 786 3663 830 est
3703 779 3801 835 aliud

2291 875 2452 930 quam
2493 861 2593 917 hoc
2623 871 2678 917 et
2738 863 2840 918 hoc
2879 863 3112 919 futurum
3135 874 3234 919 est.
3264 865 3353 920 Sic
3383 880 3509 934 ergo
3533 866 3690 922 audite
3716 885 3802 939 pro-

2291 951 2527 1023 phetiam
2551 971 2565 1008 :
2595 952 2986 1026 Confundantur
3013 965 3058 1009 et
3078 965 3397 1010 revereantur
3420 957 3700 1026 requirentes
3722 963 3802 1013 ani-

2291 1061 2426 1099 mam
2471 1063 2654 1101 meam.
2686 1045 2822 1115 Quid
2865 1055 2980 1112 est,
3009 1045 3388 1116 confundantur
3429 1056 3476 1100 et
3511 1052 3805 1104 revereantsr.’

2288 1135 2695 1193 Confundcntur
2726 1147 2780 1194 et
2837 1137 3240 1193 revcrcbuntur.
3290 1137 3511 1193 Factum
3549 1149 3625 1193 est
3667 1142 3802 1196 enim:

2288 1229 2442 1284 multi
2469 1229 2754 1286 salubriter
2777 1229 2982 1286 confusi
3006 1238 3166 1292 sunt,
3200 1229 3351 1285 multi
3375 1231 3586 1285 reveriti
3621 1246 3646 1285 a
3667 1246 3804 1301 persc-

2288 1319 2504 1375 cutioue
2529 1319 2733 1376 Christi
2773 1321 2839 1375 ad
2887 1322 3197 1378 societatem
3237 1321 3597 1377 membrorum
3623 1323 3718 1392 ejus
3738 1325 3803 1380 de-

2286 1419 2408 1464 vota
2441 1412 2638 1480 pietate
2667 1412 2991 1468 transierunt
3022 1429 3035 1465 :
3065 1420 3120 1468 et
3139 1428 3244 1466 non
3276 1411 3430 1466 ﬁeret
3458 1411 3555 1468 hoc
3575 1455 3588 1479 ,
3611 1415 3697 1468 nisi
3712 1430 3804 1471 con-

2285 1499 2632 1556 funderentur
2660 1511 2714 1556 et
2740 1511 3137 1558 revererentur.
3169 1502 3309 1574 Ergo
3333 1502 3473 1558 bene
3507 1503 3605 1559 illis
3638 1507 3802 1575 optavit.

2286 1589 2391 1647 Sed
2417 1592 2540 1662 quia
2561 1593 2667 1647 duo
2696 1602 2820 1648 sunt
2843 1609 3041 1665 genera
3062 1609 3247 1650 eorum
3274 1596 3366 1666 qui
3388 1593 3658 1650 vincuntur
3682 1615 3694 1652 :
3715 1596 3806 1653 duo-

2284 1685 2384 1741 bus
2415 1687 2557 1742 enim
2591 1687 2764 1742 modis
2792 1687 3116 1754 vincuntur;
3143 1698 3236 1744 aut
3259 1689 3328 1744 ad
3373 1687 3480 1745 hoc
3508 1690 3750 1747 vincuntur
3769 1703 3806 1748 nt

2287 1787 2667 1832 convertantur
2690 1778 2756 1834 ad
2781 1777 3055 1835 Christum
3082 1795 3098 1846 ;
3128 1788 3221 1834 aut
3248 1779 3314 1834 ad
3361 1779 3466 1835 hoc
3497 1781 3743 1836 vincuntur
3769 1794 3807 1837 ut

2283 1867 2604 1922 damnentur
2631 1884 2660 1921 a
2693 1867 2906 1923 Christo
2935 1886 2948 1924 :
2980 1867 3245 1939 explicata
3267 1879 3396 1924 sunt
3415 1880 3472 1925 et
3505 1869 3586 1925 hic
3604 1870 3695 1924 duo
3725 1872 3803 1941 ipsa

2280 1971 2508 2027 genera,
2541 1959 2768 2013 obscure
2793 1958 3007 2028 quidem
3029 2001 3044 2026 ,
3080 1959 3173 2016 sed
3219 1959 3605 2016 intellectorem
3643 1961 3802 2017 deside-

2280 2059 2419 2106 rant.
2473 2051 2546 2106 De
2575 2051 2660 2106 his
2691 2051 2781 2121 qui
2817 2061 3233 2120 convertuntur,
3273 2052 3462 2123 accipe
3500 2055 3630 2123 quod
3656 2052 3801 2109 dictum

2280 2151 2363 2196 cst
2389 2183 2404 2208 ,
2437 2139 2832 2213 Confundantur
2856 2151 2902 2198 et
2939 2151 3267 2199 revereantur
3303 2144 3606 2214 requirentes
3639 2144 3804 2198 auinam

2277 2250 2464 2288 meam.
2491 2233 2798 2290 Avertantur
2819 2243 3112 2290 retrorsum.
3135 2233 3249 2290 Non
3275 2234 3612 2305 praecedant,
3636 2234 3713 2291 sed
3744 2250 3801 2289 se-

2278 2332 2538 2394 quantur;
2578 2339 2686 2379 non
2715 2324 2846 2380 dent
2870 2325 3151 2381 consilium
3176 2366 3191 2393 ,
3240 2325 3340 2381 sed
3392 2325 3662 2397 accipiant.
3709 2324 3801 2380 Nam

2279 2415 2470 2472 Petrus
2491 2415 2798 2487 praecedere
2823 2416 2990 2471 voluit
3014 2417 3296 2471 Dominum
3314 2457 3330 2482 ,
3362 2416 3574 2488 quando
3610 2416 3802 2472 Dominus

2277 2507 2346 2563 de
2373 2510 2625 2578 passione
2655 2524 2749 2565 sua
2778 2508 2955 2564 futura
2985 2507 3186 2564 diceret
3211 2526 3226 2562 :
3257 2508 3541 2564 consilium
3583 2508 3651 2563 illi
3694 2507 3800 2578 quasi

2277 2601 2463 2655 salutis
2494 2601 2662 2656 voluit
2687 2601 2850 2665 dare,
2877 2599 3162 2656 consilium
3192 2599 3384 2654 salutis
3414 2613 3556 2670 reget-
3583 2597 3798 2653 salvatori.

2275 2692 2342 2748 Et
2365 2691 2489 2764 quid
2513 2694 2586 2747 ait
2613 2692 2838 2748 Domino
2862 2691 2930 2747 de
2952 2690 3043 2746 illa
3064 2689 3242 2746 futura
3263 2705 3361 2745 sua
3395 2689 3634 2760 passione
3659 2686 3799 2744 contir-

2275 2784 2480 2840 manti?
2505 2783 2646 2838 Absit
2675 2801 2706 2838 a
2735 2794 2802 2850 te,
2834 2781 3088 2849 Domine,
3131 2782 3396 2853 propitius
3445 2783 3537 2839 tibi
3563 2791 3694 2846 esto,
3729 2796 3798 2834 nos
3879 2793 3882 2798 '

2273 2879 2360 2946 [iet
2380 2878 2536 2932 istud.
2563 2877 2878 2932 Prmcedere
2901 2876 3133 2942 volebat,
3161 2884 3219 2931 ut
3251 2875 3514 2931 Dominus
3532 2882 3796 2946 sequeretur.
3877 2890 3880 2924 ;

2274 2967 2341 3022 Et
2365 2968 2451 3023 ille
2472 2967 2636 3038 quid?
2690 2966 2822 3021 Redi
2863 2976 2993 3021 retro
3016 3006 3032 3033 ,
3076 2976 3281 3022 satanas
3310 2966 3330 3037 (
3362 2964 3453 3021 Id.
3485 2981 3606 3032 xw,
3630 2963 3794 3033 22,23).

2272 3059 2630 3114 Prteccdendo
2680 3067 2892 3114 satanas
2930 3074 3021 3125 es,
3075 3057 3350 3130 sequendo
3400 3057 3673 3128 discipulus
3708 3055 3793 3110 eris.

2272 3149 2384 3205 IIoc
2408 3165 2534 3220 ergo
2558 3159 2613 3206 et
2633 3150 2746 3204 istis
2764 3191 2779 3215 ,
2814 3149 3116 3204 Avertantur
3140 3159 3420 3204 retrorsum
3440 3190 3456 3216 ,
3479 3159 3526 3204 et
3543 3146 3797 3220 confundan-

2273 3251 2355 3297 tur
2375 3285 2388 3308 ,
2422 3243 2506 3313 qui
2533 3241 2755 3313 cogitant
2788 3241 2913 3295 mihi
2947 3241 3103 3296 mala.
3135 3241 3266 3297 Cum
3294 3243 3443 3297 enim
3481 3240 3713 3313 eruperint
3736 3251 3795 3292 re-

2271 3342 2502 3389 trorsum
2531 3333 2713 3404 sequi,
2735 3333 2846 3404 jam
2880 3348 2988 3388 non
3013 3332 3321 3404 cogitabant
3344 3333 3482 3389 mala
3502 3371 3517 3398 ,
3541 3331 3627 3388 sed
3645 3327 3796 3387 deside-

2270 3425 2465 3482 rabunt
2486 3424 2650 3480 bona.

2343 3517 2397 3570 9.
2453 3514 2613 3589 [vers.
2656 3515 2712 3583 5,
2743 3514 2822 3588 6.]
2859 3513 2996 3583 Quid
3039 3513 3171 3569 alii?
3215 3513 3331 3572 Non
3377 3517 3518 3572 enim
3555 3525 3716 3569 omnes
3744 3508 3796 3564 sic

2268 3610 2573 3674 vincuntur,
2603 3617 2658 3664 ut
2685 3617 3064 3664 convertantur
3086 3616 3141 3663 et
3163 3607 3396 3663 credant
3428 3626 3441 3662 :
3474 3607 3616 3664 multi
3640 3606 3683 3660 in
3707 3617 3794 3672 per-

2271 3703 2464 3758 tinacia
2491 3709 2789 3765 remanent,
2820 3700 2970 3756 multi
2995 3698 3212 3771 spiritus
3239 3698 3573 3769 praecedendi
3593 3699 3607 3728 ¹
3634 3697 3794 3750 servant

2270 3795 2323 3850 in
2362 3793 2554 3860 corde;
2591 3803 2646 3851 et
2673 3794 2716 3848 si
2759 3807 2864 3847 non
2907 3799 3185 3857 exserunt,
3229 3800 3412 3848 tamen
3453 3787 3732 3860 parturiunt,
3759 3789 3793 3836 et

2270 3887 2356 3942 ubi
2387 3888 2560 3941 locum
2609 3885 2928 3947 invenerint,
2976 3883 3207 3953 pariunt.
3255 3883 3330 3937 De
3373 3884 3562 3938 talibus
3599 3876 3706 3949 quid
3735 3887 3793 3928 εε-

2270 3980 2484 4051 quitur?
2524 3977 2679 4032 Fiant
2717 3986 2955 4047 tanquam
2999 3975 3162 4044 pulvis
3200 3983 3315 4030 ante
3344 3975 3527 4047 faciem
3563 3970 3688 4027 venti.
3712 3965 3789 4021 Non

2271 4072 2349 4128 sic
2374 4071 2540 4141 impii,
2568 4084 2674 4124 non
2704 4069 2802 4134 sic,
2840 4066 2934 4122 sed
2972 4077 3220 4137 tanquam
3249 4067 3428 4138 pulvis
3455 4079 3605 4137 quem
3631 4057 3789 4132 projicit

2271 4169 2464 4217 ventus
2492 4177 2519 4213 a
2549 4160 2686 4215 facie
2714 4169 2868 4214 terra:
2899 4157 3073 4230 (Psal.
3098 4174 3137 4222 ι,
3169 4158 3247 4228 4).
3279 4157 3485 4214 Ventus
3515 4151 3788 4212 teutatioesl.

2271 4253 2444 4324 pulvis
2474 4251 2708 4322 iniquus.
2742 4248 2969 4318 Quando
2993 4250 3200 4304 venerit
3236 4250 3479 4313 teutatio,
3510 4246 3685 4302 tollitur
3707 4237 3787 4310 pul-

2270 4345 2378 4410 vis;
2408 4359 2506 4398 nec
2550 4351 2675 4407 stat,
2709 4356 2807 4397 nec
2836 4341 3058 4396 resistit.
3099 4339 3256 4393 Fiant
3286 4347 3522 4410 tanquam
3548 4334 3687 4406 pulvis
3709 4334 3787 4382 tmte

2271 4439 2451 4510 faciem
2477 4435 2609 4491 venti
2638 4450 2657 4489 :
2684 4444 2729 4490 et
2758 4433 2965 4505 angelus
2997 4431 3204 4486 Domini
3233 4430 3482 4485 tribulam
3507 4445 3602 4482 eos.
3623 4423 3719 4478 Fiat
3734 4418 3785 4471 ria

2269 4546 2442 4586 eorum
2485 4527 2698 4583 tenebris:
2737 4536 2782 4580 et
2816 4525 3083 4580 lubricum.
3126 4522 3408 4579 Horrenda
3450 4522 3549 4576 via.
3579 4512 3784 4572 Tenebras

2270 4623 2413 4678 solas
2449 4621 2568 4691 quis
2606 4633 2712 4674 non
2749 4616 3006 4672 horreat?
3047 4613 3333 4670 Lubricum
3387 4614 3553 4669 solum
3582 4607 3682 4679 quis
3713 4613 3784 4656 non

2269 4710 2493 4768 caveat?
2533 4709 2588 4764 In
2641 4707 2873 4765 tenebris
2913 4715 2967 4762 et
3011 4703 3217 4760 lubric‘o
3259 4719 3362 4775 qua
3410 4703 3492 4759 is?
3530 4700 3608 4756 ubi
3645 4691 3782 4767 pedem

2271 4802 2426 4873 ﬁgis?
2464 4801 2598 4858 Sunt
2638 4800 2738 4855 ista
2776 4798 2882 4853 duo
2913 4795 3052 4851 mala
3083 4811 3290 4866 magna:
3330 4809 3498 4865 pinnae
3535 4788 3780 4846 hominum:

2271 4893 2521 4958 tenebrae,
2557 4891 2890 4963 ignorantia;
2926 4887 3209 4953 lubricum,
3255 4885 3485 4942 luxuria.
3514 4881 3624 4937 Fiat
3648 4876 3780 4932 viato-

2269 5004 2380 5042 rum
2399 4986 2612 5042 tenebra:
2639 4993 2684 5038 et
2705 4981 2954 5037 lubricum
2981 4996 2999 5035 :
3025 4990 3071 5034 et
3094 4979 3308 5049 angelus
3329 4975 3532 5032 Domini
3551 4974 3779 5044 perscqttm‘

2269 5098 2351 5136 eos
2381 5096 2398 5134 :
2423 5090 2480 5134 ut
2509 5093 2612 5134 non
2641 5074 2848 5148 possint
2885 5083 3048 5128 stare.
3089 5071 3219 5127 Nam
3261 5069 3612 5141 unusquisque
3653 5061 3693 5114 in
3729 5066 3778 5148 tc-

2269 5173 2449 5229 nebris
2477 5179 2533 5226 et
2559 5169 2765 5226 lubrico
2790 5182 2912 5222 cum
2939 5164 3133 5220 viderit
3161 5162 3286 5232 quia
3315 5163 3360 5218 si
3392 5159 3568 5231 pedem
3593 5144 3774 5209 moverit.

2270 5266 2484 5331 labitur,
2512 5271 2565 5318 ct
2594 5262 2682 5315 lux
2721 5259 2798 5313 illi
2825 5267 2949 5313 ante
2979 5255 3146 5326 pedes
3182 5269 3290 5310 non
3315 5261 3432 5318 est;
3465 5248 3543 5305 vel
3570 5245 3658 5300 hoc
3684 5238 3774 5331 lotic

2270 5358 2414 5422 facit,
2445 5327 2502 5411 ut
2533 5361 2806 5423 exspectet
2846 5349 3020 5406 donec
3044 5348 3223 5404 luceat
3251 5364 3263 5399 :
3298 5343 3392 5402 sed
3427 5341 3496 5398 ibi
3521 5345 3596 5394 est
3614 5327 3772 5424 angellis

2271 5417 2481 5504 Domini
2527 5417 2852 5515 persequens
2902 5454 3022 5496 eos.
3069 5437 3197 5493 Hinc
3241 5436 3322 5492 eis
3367 5436 3530 5490 futura
3569 5417 3769 5515 prandii“:

2269 5557 2376 5598 non
2416 5511 2564 5611 quasi
2593 5545 2654 5592 ut
2693 5511 2967 5591 evenirent
3009 5531 3233 5602 optavit.
3274 5529 3573 5596 Quanquam
3597 5511 3768 5611 alii“:

2268 5601 2512 5703 pheta-in
2540 5626 2731 5698 spiritu
2759 5624 2854 5680 Dei
2881 5625 2958 5680 sic
2995 5601 3060 5678 ea
3095 5621 3261 5688 dicat,
3295 5613 3550 5691 quomodo
3575 5608 3648 5664 illa
3670 5601 3767 5656 Del!

2334 5815 2350 5846 ί
2389 5819 2435 5862 ιιι
2461 5817 2562 5860 Mss.
2589 5805 2819 5872 pluribus,
2841 5801 3094 5855 renitemli.
3133 5807 3183 5850 tn
3207 5798 3331 5861 aliis,
3359 5787 3587 5848 mittendi-
