3960 6408
160 346 250 416 339
1171 334 1571 401 ENARRATIO
1598 340 1665 398 IN
1690 336 2018 401 PSALMUM
2055 336 2298 403 XXXIV.

153 473 276 537 facit,
300 475 439 524 certo
473 454 694 538 judicio,
721 463 888 530 bono,
926 444 1097 531 justo,
1141 466 1351 523 sancto,
1383 455 1691 527 tranquillo,

154 583 239 625 nou
275 561 597 635 perturbatus
638 559 715 615 ira
741 598 755 622 ,
803 573 909 611 non
977 569 1162 610 amaro
1201 553 1338 617 zelo,
1371 566 1476 606 non
1516 551 1697 606 animo

153 653 503 718 inimicitiarum
557 650 1013 713 exereeudarum,
1054 644 1148 701 sed
1199 642 1402 714 iustitia
1446 641 1696 697 vitiorum

151 744 535 823 puniendorum;
567 751 936 798 verumtamen
966 737 1248 811 prophetia
1293 745 1392 792 est.

203 840 280 897 l0.
316 833 461 909 [κη.
503 834 559 902 7,
606 830 686 907 8.]
728 830 880 889 Unde
931 836 1107 885 autem
1164 838 1308 884 tanta
1362 828 1503 884 mala
1553 825 1698 882 ista?

151 932 240 1005 Quo
267 926 488 984 merito?
514 924 675 993 Audi,
703 938 810 996 quo
850 923 1043 981 merito
1072 938 1085 976 :
1121 920 1373 987 Quoniam
1391 921 1550 992 gratis
1579 916 1696 972 abs-

141 1022 385 1081 conderant
411 1018 538 1074 mihi
588 1018 887 1086 muscipula:
911 1030 1020 1070 stuc
1045 1013 1442 1083 corruptionem.
1491 1010 1548 1067 lu
1580 1010 1697 1078 ipso

141 1117 291 1188 capite
334 1121 515 1168 nostro
564 1111 846 1175 attendite,
876 1109 978 1164 huc
1029 1108 1269 1163 fecerunt
1319 1102 1512 1166 Jud.ci,
1568 1103 1695 1158 abs-

142 1209 407 1270 conderant
449 1205 763 1276 muscipula
800 1216 914 1259 sum
952 1200 1393 1272 corruptionem.-
1416 1196 1516 1255 Cui
1569 1194 1693 1253 abs-

145 1303 408 1361 COIItIl‘ﬂllli.
468 1298 856 1369 muscipulam?
905 1296 1004 1365 Qui
1033 1294 1247 1350 videbat
1274 1290 1437 1350 corda
1468 1292 1698 1347 abscon-

146 1396 370 1453 dentiunt.
393 1393 498 1451 Sed
538 1403 715 1448 tamen
749 1400 867 1446 erat
896 1389 1035 1446 inter
1066 1390 1187 1445 illos
1212 1383 1478 1459 ignoranti
1507 1384 1697 1441 similis

144 1492 269 1564 quasi
295 1488 579 1549 falleretur.
616 1502 737 1543 cum
779 1486 851 1540 illi
885 1486 936 1540 in
976 1499 1042 1539 eo
1070 1483 1466 1553 deciperentur,
1508 1479 1559 1534 iu
1589 1491 1696 1551 quo

144 1597 244 1638 cum
280 1580 376 1635 falli
403 1578 818 1634 arbitrabantur.
859 1576 982 1631 Ideo
1020 1576 1161 1630 enim
1192 1574 1283 1629 ille
1310 1581 1561 1642 tanquam
1592 1570 1693 1626 fal-

144 1673 326 1729 lebatur
359 1672 498 1725 inter
523 1670 648 1725 illos
676 1669 880 1731 vivens,
902 1667 1024 1739 quia
1053 1681 1152 1721 nos
1177 1665 1318 1720 inter
1347 1663 1480 1719 tales
1511 1663 1589 1719 sic
1614 1661 1697 1715 vi.

143 1764 253 1820 cturi
286 1776 517 1829 eramus,
551 1769 611 1818 ut
648 1760 767 1817 sine
809 1760 972 1815 dubio
1007 1758 1333 1815 fallercmur.
1364 1756 1457 1813 llle
1482 1752 1698 1810 videbat

144 1858 419 1914 tradituretn
447 1869 627 1923 suum,
669 1863 725 1911 et
762 1854 924 1926 elegit
958 1852 1108 1908 illum
1139 1852 1309 1923 magis
1341 1848 1409 1905 ad
1437 1863 1572 1921 opus
1603 1864 1698 1904 ne-

141 1948 419 2006 cessarium.
447 1947 591 2002 Illius
618 1945 760 2001 malo
787 1960 1035 2015 maguum
1067 1944 1264 2001 bunum
1298 1950 1551 2013 operatus
1577 1950 1696 1997 est:

141 2052 185 2098 et
203 2052 363 2098 tamen
393 2041 533 2096 inter
555 2038 839 2095 duodecim
868 2039 1072 2094 electus
1096 2044 1195 2100 est,
1246 2051 1315 2092 ne
1349 2036 1462 2106 ipse
1489 2034 1695 2089 duode-

142 2139 295 2190 narius
318 2143 423 2188 tam
450 2134 673 2205 exiguus
696 2146 951 2187 numerus
981 2138 1124 2187 esset
1148 2129 1265 2186 sine
1295 2128 1457 2184 malo.
1487 2125 1601 2183 lloc
1628 2122 1697 2181 ad

140 2224 414 2296 exciitplum
441 2233 638 2280 nostra:
667 2221 956 2294 patientiae,
979 2219 1228 2291 quoniam
1255 2232 1477 2274 necesse
1500 2225 1616 2273 erat
1641 2224 1701 2272 ut

141 2317 256 2373 inter
280 2316 448 2371 malos
473 2314 811 2379 viveremus;
843 2326 1066 2368 necesse
1109 2320 1226 2366 erat
1262 2319 1319 2366 ut
1353 2309 1545 2375 malus,
1585 2309 1698 2366 sive

138 2409 363 2472 miratos,
409 2409 521 2464 sive
577 2407 899 2467 nescientes.
958 2404 1356 2460 toleraremus:
1392 2403 1697 2471 exemplum

138 2501 381 2572 patientiae
399 2499 625 2572 pra-buit
652 2515 719 2555 tte
747 2497 984 2563 delicias,
1013 2511 1136 2553 cum
1166 2495 1395 2567 coeperis
1422 2496 1561 2551 inter
1583 2510 1701 2550 ma-

135 2596 199 2651 los
225 2597 421 2652 vivere.
467 2594 535 2651 Et
560 2595 684 2665 quia
733 2593 818 2646 illa
861 2591 1043 2647 schola
1085 2589 1280 2645 Chriin
1330 2591 1382 2645 iu
1413 2588 1698 2646 duodecim

136 2705 222 2745 non
258 2688 473 2751 defecit,
501 2696 700 2758 quanto
742 2683 913 2755 magis
956 2698 1054 2737 nos
1083 2683 1221 2737 firmi
1267 2697 1387 2737 esse
1413 2680 1695 2748 debemus,

135 2799 238 2839 cum
276 2783 565 2854 implentur
591 2780 643 2834 in
672 2779 913 2835 Ecclesia
956 2790 1167 2847 magna,
1195 2773 1410 2844 quaade
1436 2774 1697 2828 malorum

130 2876 464 2948 permixtione
488 2872 739 2947 prmdicta
765 2869 929 2927 sunt?
957 2868 1138 2939 Neque
1165 2868 1307 2922 enim
1335 2866 1548 2921 videbat
1586 2864 1698 2936 ipsa

135 2971 292 3025 schola
332 2967 604 3025 redditum
650 2963 843 3021 semini
886 2960 1116 3018 Abrahte
1144 2958 1285 3031 quod
1327 2968 1444 3015 erat
1471 2958 1701 3028 promis-

136 3077 254 3123 sum.
282 3070 335 3118 et
371 3061 547 3134 ipsam
576 3071 756 3113 aream
786 3053 927 3110 unde
956 3066 1128 3109 massa
1157 3067 1277 3123 qua:
1302 3049 1542 3120 implebit
1572 3049 1700 3105 hor-

136 3170 279 3221 reum,
320 3166 643 3226 processura
689 3158 789 3206 est.
819 3148 995 3217 Quare
1038 3146 1197 3218 igitur
1227 3159 1355 3211 non,
1397 3160 1518 3199 cum
1546 3144 1701 3199 tritu-

136 3258 278 3310 ratur.
307 3248 359 3302 ίιι
387 3262 456 3302 ea
486 3244 645 3316 digne
671 3241 819 3312 palea
849 3240 1128 3303 toleratur,
1158 3237 1333 3292 donec
1359 3235 1541 3291 ultima
1570 3250 1700 3290 ven-

136 3340 345 3395 tilatiouo
367 3334 669 3409 purgetur?
704 3332 816 3388 Hoc
841 3331 982 3387 cnim
1007 3329 1243 3385 futurum
1271 3335 1353 3384 est
1380 3327 1535 3384 malis
1556 3326 1700 3399 quod

133 3433 348 3486 audistis.

189 3524 269 3579 ll.
304 3520 413 3579 Sed
447 3529 625 3574 tamen
647 3515 773 3589 quid
804 3513 1100 3570 faciendum
1140 3511 1262 3566 est?
1288 3510 1461 3566 Gratis
1480 3510 1698 3565 abscon-

130 3615 282 3671 derant
322 3613 456 3668 mihi
500 3610 870 3680 corruptionem
911 3605 1207 3677 muscipula:
1249 3620 1377 3659 sure.
1409 3605 1545 3671 Quid
1589 3612 1697 3672 est,

129 3709 301 3781 gratis!
316 3707 532 3778 Quibus
549 3703 678 3759 nihil
700 3693 822 3756 mali
847 3700 966 3765 feci,
988 3700 1183 3768 quibus
1202 3698 1330 3751 nihil
1350 3699 1528 3752 nocui.
1562 3695 1703 3750 Vane

128 3803 532 3873 exprobrauerunt
564 3799 787 3851 mtintam
826 3809 1009 3848 meum.
1030 3791 1166 3860 Quid
1209 3800 1312 3851 est.
1353 3792 1516 3846 uarie?
1546 3789 1698 3846 Falsa

130 3895 363 3964 dicentes,
426 3893 561 3948 nihil
595 3888 927 3960 'prubantes.
992 3883 1171 3939 Veniat
1231 3882 1339 3937 illis
1390 3884 1696 3950 muscipula,

130 4004 259 4055 quant
291 3990 550 4057 ignorant.
578 3980 852 4051 Magniﬁca
881 3974 1181 4035 retributio,
1221 3973 1352 4028 nihil
1371 3974 1589 4044 justius.
1619 3974 1700 4030 llli

132 4081 512 4138 absconderant
556 4072 902 4142 muscipulam
927 4110 943 4134 ,
984 4077 1042 4123 ut
1087 4082 1188 4139 ego
1214 4067 1515 4138 ignorarem
1550 4085 1563 4122 :
1594 4068 1702 4126 illis

130 4176 288 4231 veniat
310 4169 635 4241 muscipula,
666 4178 824 4237 quam
852 4163 1118 4235 ignorant.
1147 4159 1278 4215 Nam
1308 4175 1409 4230 ego
1438 4160 1553 4215 scio
1578 4176 1717 4213 ιιιιι.¹

130 4266 362 4337 scipulam
406 4265 672 4335 ipsarum.
705 4258 836 4326 Quae
872 4262 1050 4308 autem
1100 4251 1392 4321 muscipula
1438 4251 1542 4304 illis
1572 4266 1703 4307 ven-

130 4368 229 4416 tura
262 4360 379 4416 est?
404 4358 505 4415 Illa
531 4367 691 4426 quam
722 4351 987 4422 ignorant.
1018 4343 1314 4402 Audiamus
1344 4357 1411 4398 ne
1440 4341 1577 4398 forte
1618 4342 1721 4398 tli-'

127 4461 201 4506 cit
241 4452 427 4507 illam:
468 4445 645 4502 Veniat
696 4442 800 4497 illis
862 4436 1183 4509 muscipula,
1238 4451 1390 4507 quam
1439 4434 1696 4505 ignorant.

129 4543 271 4600 Forte
293 4544 458 4601 aliam
496 4539 572 4595 illi
599 4533 1018 4596 abscondewut,
1061 4530 1162 4584 alia
1195 4530 1301 4585 illis
1328 4539 1549 4584 ventura
1575 4530 1699 4586 est?

128 4634 228 4691 Non
255 4636 383 4693 :sed
408 4632 576 4707 quid?
601 4628 885 4686 Criniculis
923 4635 1260 4696 peccatorum
1291 4638 1509 4678 suorum
1532 4628 1705 4680 unus-

128 4733 331 4805 quisque
373 4725 760 4796 constringitur
795 4719 977 4793 (Prov.
1018 4735 1074 4785 v,
1117 4718 1233 4790 22).
1264 4717 1393 4774 lude
1418 4717 1700 4790 decipiun-

131 4824 410 4885 tur..unde
430 4821 681 4891 decipere
724 4816 1025 4871 voluerunt.
1074 4811 1202 4867 lude
1246 4810 1351 4865 illis
1393 4809 1695 4873 nocebitur,

132 4917 255 4974 unde
295 4931 492 4974 nocere
527 4909 703 4969 conati
745 4916 889 4963 sunt.
934 4905 1183 4975 Sequitur
1223 4903 1365 4958 enim
1392 4918 1404 4955 :
1433 4900 1502 4956 Et
1530 4904 1700 4973 captio

129 5024 267 5077 quam
297 5008 691 5067 occultarerunt,
731 4995 1121 5070 comprehendat
1160 4995 1297 5049 illos.
1327 4994 1606 5067 Tanquam
1651 4994 1699 5052 si

131 5100 391 5169 quisquam
416 5097 606 5154 veneni
643 5093 867 5151 calicem
896 5097 1158 5162 praeparet
1184 5086 1363 5151 alicui,
1410 5094 1464 5142 et
1501 5085 1700 5142 oblitus

133 5190 337 5247 ebibat:
375 5200 433 5248 et
460 5199 709 5260 tauquam
756 5184 800 5239 si
833 5182 1039 5238 foveam
1084 5177 1247 5233 fodiat
1293 5177 1598 5248 quisquam,
1641 5175 1697 5231 in

132 5297 276 5354 quam
306 5284 534 5354 quisque
572 5278 821 5337 inimicus
862 5274 980 5346 ejus
1025 5273 1080 5328 in
1111 5268 1345 5326 tenebris
1389 5266 1620 5331 incidat;
1644 5274 1727 5322 ct-

135 5376 218 5433 ille
239 5379 433 5436 oblitus
459 5374 603 5447 quod
626 5372 851 5435 fuderat,
871 5368 1151 5424 ambulans
1174 5380 1237 5419 ea
1263 5363 1346 5416 via
1387 5362 1537 5432 prior
1575 5360 1701 5417 illnc

136 5467 293 5525 cadat.
334 5468 583 5532 Prorsus,
606 5465 796 5521 fratres
840 5460 981 5528 mei,
1043 5460 1115 5514 ita
1162 5453 1388 5519 credite,
1442 5454 1513 5508 ita
1564 5454 1696 5509 certi

138 5571 336 5621 estote:
364 5564 437 5618 ita
486 5560 530 5617 si
573 5568 661 5618 est
704 5559 759 5615 in
793 5555 944 5612 vobis
982 5550 1366 5611 cxrelleutior‘
1403 5545 1699 5620 prudentize

139 5655 283 5720 ratio,
303 5654 477 5713 videte
511 5662 671 5725 atque
696 5648 979 5724 perspicue
1002 5662 1018 5700 :
1044 5644 1215 5702 Nemo
1240 5641 1410 5700 malus
1448 5655 1554 5697 non
1594 5637 1696 5695 sibi

141 5744 275 5815 prius
297 5753 468 5802 nocet.
499 5743 588 5802 Sic
611 5743 755 5800 enim
775 5754 897 5799 esse
921 5744 1103 5812 putate
1123 5734 1402 5800 malitiam,
1430 5728 1699 5803 quomodo

198 5854 219 5893 ⁸
244 5856 386 5910 ναίει.
404 5862 514 5917 Β..
532 5850 902 5909 ιπωιιεηιὸονὶε.

400 5933 625 6013 Sacr.
676 5934 949 6002 Ausus'r.
996 5932 1100 5996 ιν.

3272 347 3280 355 ’
3293 344 3400 410 330

1808 454 2003 527 ignem.
2038 455 2324 514 Incendere
2368 458 2449 516 vis
2478 448 2671 532 aliquid
2703 479 2715 516 :
2748 462 2878 518 illud
2925 464 3066 536 quod
3092 452 3382 532 admoves,

1805 549 1954 619 prius
1993 550 2168 616 ardet,
2210 551 2309 607 nisi
2355 551 2560 617 ardeat,
2607 568 2711 608 non
2759 554 3013 611 incendit.
3048 557 3241 613 Pacula
3278 569 3382 627 est,

1809 640 1949 698 hanc
1987 641 2213 697 {aculam
2252 644 2478 715 opponis
2505 655 2559 699 ιιι
2585 645 2783 715 aliquid
2815 647 3101 704 incendat:
3134 653 3392 722 numquid

1806 749 1912 789 non
1942 735 2052 806 ipsa
2085 735 2253 790 facula
2280 751 2437 807 quam
2464 738 2703 806 apponis,
2738 739 2882 809 prior
2903 740 3073 803 ardet,
3105 752 3165 797 ut
3193 745 3396 814 aliquid

1803 826 1975 898 possit
2020 827 2353 884 incendere?
2404 826 2602 884 Malitia
2648 843 2777 901 ergo
2816 832 3058 901 procedit
3102 849 3168 888 ex
3212 844 3287 902 te,
3337 824 3420 892 et:

1803 934 1963 988 quem
2010 919 2159 990 prius
2184 928 2356 975 vastat
2399 920 2500 975 nisi
2532 920 2616 976 te?
2655 924 2771 988 Quo
2799 923 3139 993 profunditur
3181 926 3415 984 ramum'

1800 1011 1970 1079 lit-dit,
2002 1012 2091 1066 ubi
2119 1012 2351 1069 radicem
2381 1014 2538 1069 habet
2569 1031 2671 1069 nou
2696 1015 2879 1072 hedit?
2916 1018 2982 1073 Et
3007 1019 3219 1090 quidem
3247 1009 3413 1090 dico,

1803 1104 1943 1175 quod
1971 1106 2169 1160 malitia
2192 1115 2278 1160 tua
2307 1116 2364 1162 ut
2392 1107 2541 1163 alteri
2574 1123 2679 1163 non
2722 1118 2911 1164 noceat
2942 1112 3053 1166 lieri
3083 1122 3259 1183 potest
3290 1130 3302 1166 :
3338 1123 3396 1169 ut

1802 1207 1980 1253 autem
2011 1198 2102 1255 tibi
2144 1214 2250 1254 non
2295 1209 2506 1266 noceat,
2542 1200 2653 1257 fieri
2696 1217 2800 1258 non
2850 1212 3043 1274 potest.
3091 1206 3222 1261 Nam
3264 1207 3395 1279 quid

1804 1289 2038 1345 nocitum
2066 1301 2148 1347 est
2173 1300 2361 1348 sancto
2386 1293 2498 1348 viro
2514 1293 2634 1361 Job,
2664 1294 2732 1349 de
2752 1311 2859 1366 quo
2882 1298 3152 1367 praelocuti
3170 1315 3355 1355 sumus
3369 1302 3396 1355 ?

1803 1380 2082 1450 Quomodo
2112 1383 2164 1438 in
2194 1383 2301 1438 alio
2328 1384 2533 1455 psalmo
2559 1384 2772 1451 dicitur,
2801 1386 2945 1442 Sicut
2974 1391 3219 1444 novacula
3244 1399 3396 1447 acuta

1801 1475 1966 1546 fecisti
2006 1475 2177 1532 dolum
2223 1476 2391 1550 (Psal.
2424 1495 2492 1545 Ll,
2522 1478 2600 1550 4).
2642 1479 2780 1549 Quid
2829 1482 2887 1537 fit
2927 1481 2996 1539 de
3032 1494 3186 1539 acuta
3230 1500 3397 1541 nova-

1802 1567 1963 1622 cula?
1991 1568 2200 1638 Capilli,
2250 1585 2338 1626 res
2380 1570 2664 1642 supernum
2715 1573 3050 1630 decidantur.
3083 1576 3222 1645 Quid
3266 1593 3396 1650 ergo

1803 1659 1933 1714 facis
1955 1660 2004 1716 ei
2031 1676 2189 1731 quem
2219 1661 2298 1717 vis
2327 1662 2561 1719 nocere?
2587 1662 2642 1719 Si
2673 1667 2932 1736 nequam'
2963 1667 3055 1721 tibi
3094 1667 3161 1722 ad
3193 1669 3396 1724 malum

1803 1754 2102 1808 consentiat
2127 1753 2212 1810 cui
2242 1754 2322 1811 vis
2352 1772 2566 1825 nocere,
2594 1774 2699 1812 non
2730 1758 2927 1813 malitia
2957 1769 3043 1814 tua
3073 1761 3120 1816 ei
3151 1762 3393 1819 nocitura

1803 1854 1908 1909 est,
1939 1844 2033 1899 sed
2075 1861 2170 1901 sua
2202 1865 2217 1902 :
2246 1846 2291 1903 si
2334 1860 2510 1905 autem
2546 1848 2687 1904 intus
2728 1851 2841 1921 ipse
2867 1852 3066 1907 malitia
3105 1863 3307 1922 careat,
3338 1864 3395 1913 et

1803 1950 1900 1991 cor
1937 1936 2191 1992 mundum
2237 1938 2429 1994 subdat
2473 1940 2547 1995 illi
2578 1941 2692 1996 voci
2719 1941 2937 2009 dicenti,
2985 1943 3143 2000 Salus
3187 1954 3273 2000 tua
3300 1962 3393 2019 ego

1804 2043 1937 2093 sum,
1971 2027 2266 2086 forinsecus
2293 2046 2588 2104 oppugnas,
2619 2033 2931 2090 interiorem
2973 2035 3243 2093 hominem
3283 2053 3393 2095 non

1803 2134 2077 2193 expugnas
2106 2142 2120 2179 :
2155 2124 2354 2179 malitia
2386 2136 2564 2180 tamen
2593 2134 2679 2181 tua
2702 2127 2769 2183 ab
2793 2126 3050 2185 interiore
3079 2138 3171 2185 tuo
3197 2144 3394 2201 proce-

1804 2211 1903 2279 dit,
1935 2222 1988 2268 te
2011 2214 2156 2284 prius
2183 2215 2393 2272 inanem
2425 2217 2618 2273 reddit.
2650 2216 2730 2273 Tu
2760 2221 2929 2289 putris
2958 2235 3019 2276 es
3060 2221 3221 2288 intus,
3253 2222 3397 2280 unde

1804 2306 1906 2362 istc
1947 2308 2143 2362 vermis
2190 2310 2485 2377 processit;
2528 2311 2670 2366 intus
2716 2312 2848 2367 nihil
2892 2313 3157 2385 integrum
3198 2314 3396 2372 dereli-

1803 2399 1936 2472 quit.
1975 2399 2035 2454 Et
2051 2403 2221 2471 captio
2246 2419 2399 2473 quam
2426 2403 2818 2471 occultaverunt,
2848 2406 3242 2476 comprehendat
3266 2423 3350 2464 eos
3373 2422 3396 2463 :

1802 2499 1850 2545 et
1869 2491 1921 2546 in
1937 2493 2218 2564 muscipula
2238 2494 2460 2549 incidant
2485 2495 2537 2549 in
2559 2495 2690 2565 ipsa.
2713 2494 2829 2551 Non
2851 2496 2990 2567 quod
3014 2499 3238 2568 putabas
3258 2498 3396 2558 forte

1804 2584 1963 2655 paulo
1988 2597 2114 2641 ante
2140 2602 2262 2641 cum
2296 2587 2526 2653 audires,
2568 2586 2745 2643 Veniat
2771 2589 2876 2645 illis
2902 2591 3207 2662 muscipula,
3238 2606 3390 2663 quant

1802 2676 2058 2748 ignorant,
2088 2672 2142 2733 id
2168 2689 2270 2745 est,
2303 2681 2453 2750 quasi
2484 2680 2682 2750 aliquid
2711 2681 2854 2737 aliud
2885 2697 2949 2738 ex
2973 2685 3184 2739 occulto
3214 2686 3390 2741 inevi-

1806 2768 1985 2823 tabile.
2019 2768 2075 2823 ltt
2115 2785 2217 2840 qua
2245 2771 2409 2841 ergo?
2448 2772 2503 2824 lu
2536 2772 2648 2841 ipsa
2691 2772 3027 2844 iniquitate',
3066 2792 3223 2845 quam
3255 2777 3397 2833 mihi

1803 2858 2216 2915 abscomlerunt.
2240 2860 2429 2918 Nonne
2454 2861 2554 2917 hoc
2591 2862 2784 2918 factum
2813 2875 2895 2920 cst
2919 2865 3164 2922 iudicis?
3197 2867 3399 2924 Domi-'

1804 2968 1908 3008 nus
1935 2967 2121 3008 eorum
2170 2953 2497 3024 iniquitatem
2537 2954 2685 3019 vicit,
2719 2955 2794 3010 illi
2824 2955 3102 3026 iniquitate
3130 2973 3225 3013 sua
3256 2959 3385 3016 victi

1802 3052 1947 3099 sunt.
1975 3042 2069 3099 llic
2093 3045 2322 3101 surrexit
2350 3061 2445 3115 pro
2472 3046 2643 3106 nobis,
2676 3047 2750 3102 illi
2780 3048 2975 3103 mortui
3006 3061 3131 3105 sunt
3158 3051 3211 3106 in
3234 3067 3320 3108 se.

1875 3134 1966 3191 12.
2007 3135 2155 3210 [vers
2181 3135 2261 3210 9.]
2300 3136 2425 3193 llaec
2448 3153 2576 3210 ergo
2604 3139 2758 3194 malis
2785 3156 2983 3197 nocere
3008 3142 3136 3197 mihi
3164 3140 3396 3201 volenti-

1806 3229 1942 3283 bus:
1971 3227 2098 3282 Inihi
2131 3228 2292 3298 quid?
2319 3228 2502 3284 Anima
2539 3240 2706 3285 autem
2744 3249 2856 3286 mea
2885 3235 3154 3289 exsultabit
3194 3237 3247 3291 in
3282 3236 3389 3294 Do-

1805 3321 1984 3376 mino:
2014 3333 2264 3391 tanquam
2304 3320 2355 3376 in
2381 3336 2446 3377 eo
2487 3336 2517 3375 a
2543 3338 2649 3392 quo
2692 3322 2941 3391 audierit,
2988 3325 3145 3381 Salus
3188 3336 3274 3381 tua
3303 3345 3396 3401 ego

1804 3431 1917 3469 sum
1947 3429 1967 3466 :
1996 3424 2246 3485 tanquam
2288 3428 2393 3469 non
2430 3430 2677 3485 qua'reus
2725 3417 2857 3471 alias
2898 3420 3231 3476 extrinsecus
3259 3421 3397 3478 divi-

1808 3505 1928 3563 tias.
1961 3514 2210 3576 tanquam
2236 3521 2340 3561 nou
2363 3522 2607 3577 qu:ereus
2636 3508 3007 3566 circumﬂuere
3035 3511 3395 3583 voluptatibus

1808 3597 2067 3665 bonisque
2094 3598 2351 3660 terrenis;
2374 3596 2469 3653 sed
2491 3598 2771 3669 coniugem
2792 3615 2974 3655 verum
2998 3605 3163 3673 gratis
3182 3620 3391 3672 amans,

1807 3703 1913 3743 nou
1939 3688 2006 3742 ab
2032 3688 2124 3742 illo
2162 3689 2345 3742 volens
2367 3689 2610 3759 accipere
2644 3689 2783 3759 quod
2805 3690 3054 3760 delectet,
3083 3694 3176 3750 scd
3218 3697 3392 3765 ipsum

1806 3784 1980 3839 Solum
2026 3782 2123 3837 sibi
2154 3796 2455 3852 proponens
2495 3801 2523 3835 a
2555 3798 2661 3851 quo
2700 3783 3018 3840 delccietur.
3065 3787 3200 3856 Quid
3248 3792 3395 3846 enim

1809 3875 1999 3929 melius
2024 3874 2132 3929 Deo
2161 3874 2372 3928 dabitur
2402 3874 2528 3928 mihi
2548 3874 2612 3927 "l
2638 3876 2794 3930 Amat
2826 3893 2913 3933 me
2957 3878 3094 3931 Ileus
3125 3895 3138 3932 ε
3172 3890 3316 3937 attint
3342 3892 3396 3939 te

1809 3966 1972 4023 Deus.
2004 3966 2141 4023 Ecce
2178 3967 2472 4037 proposuit,
2504 3976 2624 4037 pete
2660 3968 2801 4038 quod
2835 3969 2912 4023 vis
2939 3968 3153 4039 (Matth.
3181 3989 3277 4038 vn,
3307 3975 3385 4045 7).

1808 4057 1862 4114 Si
1895 4058 1985 4112 tibi
2017 4056 2311 4127 Imperator
2334 4056 2556 4121 diceret,
2588 4056 2715 4113 l‘ete
2754 4057 2893 4129 quod
2926 4060 3021 4122 vis,
3055 4076 3188 4131 quos
3216 4063 3387 4119 tribu-

1808 4161 1963 4207 natus
2016 4146 2437 4219 comitivasque"
2479 4152 2755 4204 ructarcs!
2808 4148 3011 4219 Quanta
3062 4153 3153 4205 tibi
3199 4169 3394 4225 propo-

1806 4260 1965 4303 neres
2003 4254 2058 4301 et
2100 4241 2405 4314 accipienda
2447 4252 2503 4299 et
2543 4243 2660 4299 aliis
2700 4243 3005 4315 largiendi!
3044 4246 3152 4302 Deo
3185 4249 3276 4303 tibi
3308 4250 3391 4305 di-

1806 4356 1985 4406 cente,
2012 4339 2140 4396 Pete
2157 4337 2299 4409 quod
2324 4338 2426 4402 vis,
2452 4336 2577 4409 quid
2605 4337 2867 4407 petiturus
2890 4338 2985 4393 es?
3015 4336 3223 4396 Excute
3250 4359 3398 4398 tueuc

1808 4446 1914 4495 tem
1939 4446 2104 4500 tttattt,
2137 4450 2326 4492 exsere
2352 4434 2626 4489 avaritiam
2650 4443 2817 4499 tuam,
2841 4436 3101 4506 proli-nde
3128 4447 3413 4508 quantum'

1807 4542 1980 4603 potes,
2026 4540 2082 4586 ct
2107 4528 2267 4584 dilata
2310 4528 2654 4597 cupiditatem
2687 4536 2829 4583 tuam
2863 4548 2876 4583 :
2909 4546 3012 4584 non
3043 4533 3391 4604 quicumque,

1806 4624 1902 4680 sed
1922 4625 2265 4693 omnipotens
2296 4620 2435 4676 Deus
2457 4619 2608 4683 dixit,
2640 4618 2768 4674 Pete
2789 4620 2929 4690 quod
2962 4620 3063 4676 vis.
3096 4623 3149 4678 Si
3180 4638 3394 4693 μομεθς.-

1806 4718 2016 4774 sionum
2053 4730 2114 4772 es
2156 4723 2384 4781 amator,
2434 4712 2833 4768 desideraturus
2869 4730 2930 4768 es
2957 4723 3119 4769 totam
3174 4728 3394 4786 terram,

1807 4823 1867 4869 ut
1890 4827 2079 4867 onntes
2101 4811 2190 4881 qui
2223 4817 2536 4871 nascuntur,
2565 4806 2739 4861 coloni
2770 4805 2844 4861 tui
2873 4816 2965 4861 aut
2989 4809 3128 4864 servi
3161 4811 3233 4865 tui
3262 4812 3391 4868 sint.

1811 4905 1871 4960 Et
1892 4903 2015 4975 quid
2036 4916 2157 4957 cum
2187 4911 2349 4955 totam
2373 4908 2566 4952 terram
2591 4894 2933 4967 possederis?
2960 4897 3102 4953 Marc
3132 4902 3392 4968 petiturus

1806 5013 1887 5066 es,
1920 4997 1973 5053 in
1998 5010 2106 5067 quo
2132 4995 2313 5048 vivere
2339 5001 2517 5047 tatnen
2562 5004 2665 5044 non
2698 4990 2913 5060 puteris.
2946 4991 3001 5046 lu
3044 4991 3142 5047 hac
3168 4994 3389 5048 avaritia

1806 5097 1860 5144 te
1890 5088 2062 5158 pisces
2104 5083 2448 5155 superabunt.
2494 5080 2601 5137 Sed
2643 5080 2781 5136 forte
2824 5081 3025 5138 insulas
3070 5082 3386 5151 pussidebis.

1807 5178 2150 5236 Trausceude
2190 5184 2247 5232 et
2291 5175 2429 5243 haec,
2458 5183 2579 5246 pete
2617 5185 2673 5230 et
2706 5187 2888 5230 aerem
2938 5174 3179 5246 quamvis
3207 5176 3389 5231 volare

1870 5403 1886 5436 ι
1922 5399 2058 5459 Edd,
2082 5396 2127 5450 si
2159 5408 2476 5462 notataquam.
2504 5396 2700 5447 ttectlus
2732 5394 2866 5446 colb.
2887 5395 3069 5455 Codex,
3093 5394 3139 5447 si
3167 5410 3392 5462 mquam.

1869 5466 1889 5497 ³
1924 5470 2028 5511 Mss.
2057 5474 2071 5512 :
2102 5469 2155 5509 In
2172 5459 2277 5523 ipsa
2295 5459 2512 5523 inquam.
2536 5469 2698 5523 quam,
2727 5464 2824 5508 etc.

1867 5527 1891 5561 δ
1921 5524 2089 5574 l‘lures
2109 5517 2236 5574 uss;
2262 5517 2385 5583 quid
2407 5519 2537 5572 sitim
2551 5517 2727 5572 melius
2743 5528 2842 5571 Deo
2855 5517 2881 5570 ?
2902 5517 3031 5571 Dicit
3052 5518 3175 5572 mihi
3194 5520 3388 5587 aliquis.
3411 5538 3423 5571 ι

1803 5594 1940 5640 mat
1960 5598 2054 5647 me,
2081 5591 2179 5637 etc.
2854 5644 2865 5655 .
3125 5643 3172 5655 η
3412 5638 3423 5657 η

1864 5651 1889 5684 ι
1921 5648 2055 5709 add,
2076 5646 2419 5709 comitatus”.
2443 5652 2549 5709 Mss.
2585 5656 2706 5709 vero
2746 5642 2987 5709 plerique,
3012 5653 3346 5708 cmmlwasqnc
3375 5658 3394 5695 :

1839 5714 1932 5764 uod
1956 5706 2239 5762 vocabulum
2259 5708 2454 5762 comitis
2471 5706 2759 5769 dignitatem
2780 5712 2834 5755 et
2853 5706 3054 5769 gradum
3074 5716 3230 5763 sonat.
3255 5706 3395 5769 regno.

1802 5728 1932 5789 quoa
1956 5728 2239 5762 voeamuutn
2259 5728 2454 5762 mullus
2471 5728 2756 5769 utguuawut
2780 5728 2834 5755 et.
2850 5728 3054 5780 .grduuut
3074 5728 3230 5763 wuut.
3255 5728 3395 5769 ιύξιιῖο

1801 5778 2272 5849 ιιιιυιιςιιςηιιοιι
2284 5773 2334 5824 in
2346 5770 2455 5820 Cod.
2477 5768 2657 5818 'rheod.
2677 5776 2729 5819 et
2745 5776 2838 5817 ius?
2851 5782 2915 5819 tn.
2934 5778 2988 5819 et
3007 5770 3133 5832 apud
3149 5770 3397 5820 Cassiodov

1800 5852 1911 5891 rum
1934 5832 1980 5888 in
2006 5832 2089 5887 lib.
2109 5835 2286 5885 variar.

2929 5912 3195 5992 (0mm)
