3960 6452
168 382 247 442 3ἶὸ
1158 363 1554 424 ENARRATIO
1583 364 1647 422 ιιι
1679 364 1733 422 Pl

1836 362 2005 423 .SIUM
2045 365 2287 424 XXXIV.

163 501 388 558 litat-state
411 509 506 552 sua
526 488 908 551 sacratissima,
936 482 1482 558 magniﬁcentissima,
1517 481 1702 553 alliga-

162 595 216 647 vit
235 590 512 653 diabolum,
539 581 868 642 ell'umlemlo
894 580 1150 634 frameam
1179 576 1246 630 ad
1280 575 1706 632 concludendum

157 703 270 745 eunt.
294 693 345 737 ut
365 688 522 737 emt
545 679 768 747 inanem
792 683 847 730 et
867 686 1118 744 egenum,
1145 669 1234 726 cui
1266 684 1372 724 non
1399 677 1516 724 erat
1551 666 1709 736 adju-

158 775 401 846 tor(l’ta€.
423 786 564 836 sunt;
595 771 711 837 te}.
750 767 883 837 Quis
905 765 1050 821 enim
1077 761 1291 833 adjutor
1316 760 1432 827 tibi,
1472 759 1574 814 nisi
1604 759 1710 813 Do-

157 873 304 928 minus
335 868 424 923 cui
463 865 634 921 dicis:
660 861 894 927 hancine,
939 858 1149 927 adiutor
1176 871 1316 910 meus
1353 863 1400 910 et
1427 852 1714 924 redemptor

157 961 453 1036 tucttsU’sat'.
485 974 637 1020 xvm,
673 955 800 1026 lii)?
819 953 874 1008 Si
903 952 974 1006 de
999 951 1102 1006 tuis
1139 947 1342 1004 viribus
1388 958 1714 1015 praesumere

155 1035 378 1114 volucris.
401 1049 528 1104 inde
548 1047 712 1103 cades
745 1043 886 1097 unde
914 1039 1352 1112 prrsumpseris:
1382 1036 1427 1090 si
1470 1035 1538 1091 de
1574 1035 1715 1089 alte-

155 1143 556 1211 rius.dominari
595 1139 728 1204 vult,
773 1151 880 1191 non
929 1131 1234 1189 suit-venire.
1278 1128 1372 1184 ille
1416 1141 1545 1197 ergo
1579 1138 1715 1180 unus

154 1237 450 1313 qtncreudus
473 1243 576 1299 est,
621 1231 710 1303 qui
758 1237 812 1285 et
842 1225 1088 1289 redemit,
1132 1231 1186 1279 et
1230 1222 1425 1276 liberos
1471 1219 1616 1285 iecit,
1662 1225 1716 1272 ct

154 1330 442 1404 magnetem
473 1339 631 1381 suum
661 1333 716 1377 ut
737 1332 835 1376 eos
856 1325 1065 1375 emeret
1086 1313 1254 1382 dedit,
1285 1321 1342 1369 et
1379 1325 1565 1367 servos
1589 1322 1719 1366 suos

153 1422 494 1483 Intmtecit.
541 1447 567 1454 --

221 1531 400 1578 anno
417 1531 484 1583 ιι,
514 1524 737 1570 manus
767 1522 852 1564 aut
877 1517 1110 1562 ιιιιοιιιιιο
1129 1515 1264 1559 rosr
1289 1511 1618 1557 scamonea-

498 1609 500 1611 ’
773 1610 1076 1656 διιιιιυκευ.

225 1731 230 1736 .
387 1731 389 1734 -
556 1696 650 1752 ιυιι
664 1693 858 1765 ntiqua
883 1699 1030 1761 parte
1055 1685 1271 1742 Paulini.

217 1799 266 1856 Ι.
305 1793 382 1853 Ad
410 1791 614 1863 reliqua
654 1785 849 1843 Psalmi
879 1780 1220 1838 intendamus
1243 1776 1504 1840 animum,
1536 1772 1717 1828 Domi-

123 1923 126 1926 -
149 1904 368 1962 namque
379 1898 435 1944 ct
453 1887 625 1942 Deum
645 1891 910 1942 nostrum,
939 1885 995 1933 et
1018 1875 1094 1930 de
1109 1874 1342 1931 sanitate
1366 1867 1717 1940 intelligendi,

150 1997 207 2043 et
225 1961 474 2040 deitatem
500 1977 640 2034 bene
673 1971 1263 2046 agnati-deprecemur.
1286 1966 1404 2032 Quo
1427 1979 1594 2033 usque
1620 1961 1718 2017 hc-

117 2107 120 2110 ·
153 2087 321 2134 stertm
343 2070 782 2141 diedisputattun
811 2065 901 2128 sit,
927 2060 1095 2117 credo
1134 2059 1448 2115 meminisse
1471 2055 1720 2112 Charita-

119 2201 126 2210 ι
158 2179 252 2226 teni
278 2167 550 2222 Vestram:
573 2176 644 2219 ex
673 2161 788 2232 ipso
809 2159 927 2213 loco
945 2155 1103 2211 hodie
1121 2167 1395 2209 sumatuns
1418 2149 1720 2206 exordium.

157 2259 482 2331 intelligimus
506 2254 652 2311 enim
679 2252 766 2308 hie
792 2264 976 2306 vocem
1008 2246 1239 2311 Christi;
1286 2258 1470 2299 vocem
1515 2241 1724 2296 scilicet

157 2355 330 2425 capitis
354 2360 405 2406 et
427 2346 673 2418 corporis
701 2343 920 2401 Christi.
949 2339 1220 2397 Christum
1254 2351 1375 2392 cum
1405 2335 1580 2400 audis,
1614 2334 1725 2389 noli

153 2460 394 2521 sponsum
421 2461 454 2496 τι
478 2455 674 2512 sponsa
700 2450 974 2507 separare,
1021 2443 1078 2489 et
1121 2431 1360 2501 intelligo
1388 2442 1636 2499 magnum
1665 2426 1728 2480 ll-

153 2520 234 2594 htd
253 2542 676 2592 sacratumttum:
703 2527 867 2584 Erunt
897 2527 1002 2582 duo
1032 2525 1086 2578 in
1108 2539 1266 2579 carne
1292 2537 1400 2576 una
1422 2520 1639 2591 (Bpltcs.
1671 2536 1723 2586 v,

155 2629 258 2701 δι).
287 2629 348 2684 Si
369 2627 476 2682 duo
503 2625 554 2679 in
579 2637 749 2678 carne
767 2635 892 2682 una,
920 2631 1086 2688 quare
1119 2631 1223 2670 non
1261 2625 1312 2670 et
1343 2614 1396 2668 in
1425 2627 1558 2668 voce
1583 2611 1726 2667 una?

155 2723 258 2778 Non
286 2720 432 2776 enim
470 2714 794 2773 tentatioues
838 2720 998 2780 captu
1041 2707 1128 2764 hic
1171 2706 1408 2778 pertulit,
1441 2713 1494 2760 et
1531 2718 1728 2773 corpus

156 2829 251 2872 non
281 2812 510 2884 perfert:
542 2819 638 2864 aut
661 2820 790 2863 vero
828 2802 927 2858 fuit
955 2815 1112 2858 causa
1146 2797 1380 2870 patiendi
1408 2797 1591 2866 Capiti,
1625 2793 1728 2850 nisi

57 2975 60 2978 ,
157 2917 209 2963 ιιι
248 2905 456 2976 corpori
484 2901 752 2975 prtehcrct
791 2896 1119 2965 exemplum.
1165 2890 1424 2947 [inutinus
1448 2889 1591 2944 enim
1638 2903 1731 2944 vo-

65 2987 68 2990 ’
159 3001 570 3068 Ιιιειιιιιεμειςειιιι
593 3002 696 3056 est,
719 3003 818 3046 nos
849 2985 1166 3044 necessitate
1192 3001 1207 3037 :
1240 2982 1330 3037 ille
1359 2980 1726 3047 miseratione,

70 3077 80 3080 ”
161 3107 254 3147 nos
275 3088 599 3146 conditione.
628 3081 859 3140 Minde
894 3079 1038 3135 illius
1075 3075 1374 3133 voiuntaria
1403 3074 1600 3145 passio,
1643 3088 1732 3128 no-

161 3191 260 3237 stra
296 3190 376 3235 est
415 3175 719 3234 necessaria
748 3170 1075 3233 cettsolatio;
1107 3176 1165 3223 ut
1204 3165 1420 3238 quatnlo
1445 3164 1569 3220 talia
1598 3162 1734 3220 forte

167 3273 494 3343 perpetimur,
517 3267 825 3322 intueamur
848 3267 1008 3331 caput
1033 3268 1295 3323 nostrum,
1323 3266 1382 3310 ut
1404 3255 1522 3325 ejus
1545 3269 1732 3310 exem-

166 3367 246 3438 plo
266 3360 582 3419 commoniti
623 3357 867 3416 dicamus
892 3354 1079 3410 vitabis:
1107 3351 1162 3409 Si
1195 3351 1306 3418 iile,
1338 3350 1470 3422 quid
1507 3350 1642 3405 nos?
1671 3349 1736 3404 Et

167 3456 608 3530 quemadmodum
645 3453 756 3518 ille,
795 3451 868 3506 ita
905 3457 964 3505 et
999 3461 1120 3503 nos.
1161 3442 1734 3515 Quan-tumlihct-enim

169 3552 381 3607 nutrierit
410 3546 682 3612 inimicus,
726 3555 902 3614 usque
923 3540 988 3595 ad
1032 3547 1266 3594 mortem
1301 3537 1545 3606 corporis
1584 3549 1737 3591 acce-

167 3642 288 3697 dere
312 3641 508 3712 nituit:
531 3635 678 3710 quod
701 3647 899 3704 corpus
933 3647 1032 3688 nec
1059 3632 1234 3701 ipsmn
1263 3630 1609 3700 exstinguere
1637 3641 1735 3696 po-

170 3736 262 3789 tuit
287 3735 336 3790 in
361 3733 608 3796 Domino,
635 3729 757 3800 quia
785 3726 948 3783 tertio-
963 3722 1386 3780 dic-resurrexit.
1403 3720 1558 3789 Quod
1575 3721 1626 3773 in
1647 3718 1738 3774 illo

171 3826 352 3883 factum
375 3836 452 3883 est
497 3825 595 3880 die
630 3821 808 3886 tertio,
855 3818 962 3874 hoe
997 3817 1050 3871 in
1093 3823 1278 3870 nostro
1307 3813 1495 3869 iit-line
1530 3811 1736 3868 seculi.

171 3918 296 3990 Spes
321 3915 730 3976 resurrectionis
759 3920 956 3968 nostra:
976 3908 1241 3971 diﬂ’ertur,
1280 3905 1536 3976 nunrrprid
1560 3903 1740 3960 anfer-

176 4015 285 4070 ιιινὲ
305 4013 703 4085 Cognoscamus
729 4006 818 4062 hic
854 4017 986 4074 ergo
1010 4016 1168 4056 voces
1192 3999 1412 4063 Christi,
1453 3997 1737 4063 carissimi,

171 4115 225 4163 ct
261 4120 560 4178 sentiremus
585 4116 678 4158 eas
718 4115 749 4154 a
791 4097 1013 4153 vocibus
1055 4093 1357 4164 impiorum.
1403 4089 1577 4146 Voces
1615 4100 1744 4145 sunt.

175 4203 305 4257 enim
345 4198 584 4270 corporis
616 4192 1045 4268 persecutionem
1088 4187 1468 4258 angustiasque
1493 4193 1546 4239 et
1577 4191 1741 4239 tenta-

177 4293 338 4348 tiones
359 4294 408 4348 in
432 4293 533 4346 hoc
558 4287 756 4345 stcculo
778 4283 1044 4357 patientis.
1072 4281 1180 4337 Sed
1206 4279 1462 4351 quoniam
1485 4278 1637 4333 multi
1657 4277 1743 4334 hic

165 4387 450 4458 patiuntur.
479 4393 534 4441 et
555 4397 653 4456 pro
675 4379 910 4453 peccatis
938 4385 994 4432 et
1023 4391 1122 4446 pro
1145 4372 1442 4430 sceleribus
1470 4371 1610 4436 suis;
1630 4385 1745 4426 ma-

176 4494 272 4549 gna
292 4478 552 4550 vigilantia
581 4471 932 4533 discernenda
953 4478 1036 4526 est
1062 4482 1245 4533 causa,
1277 4482 1384 4521 non
1413 4478 1591 4536 pratia.
1611 4463 1744 4519 Soe-

179 4571 364 4630 lemtus
387 4573 527 4629 enim
552 4577 728 4639 potest.
756 4565 952 4622 habere
979 4561 1228 4634 martyris
1251 4561 1482 4617 similem
1510 4573 1742 4629 pinnam,

180 4663 270 4719 sed
297 4676 464 4720 tamen
489 4660 803 4718 dissimilem
843 4670 1081 4712 causam.
1125 4652 1262 4711 Tres
1304 4657 1460 4707 erant
1497 4651 1550 4706 in
1590 4663 1747 4707 cruce

188 4753 323 4825 (Luc.
351 4775 495 4821 nm,
523 4753 636 4826 55).
669 4766 806 4807 unus
836 4749 1096 4812 Salvator,
1121 4746 1256 4800 alios
1281 4743 1747 4808 salvandus-,.aliu's

185 4847 498 4905 damnandus
520 4868 532 4904 :
555 4845 793 4902 omnium
821 4857 918 4913 par
945 4854 1122 4911 pana,
1154 4836 1248 4893 sed
1279 4837 1452 4905 impar
1474 4850 1655 4890 causai

249 4939 301 4996 9..
338 4939 481 5017 [rem
529 4941 619 5005 Η,
660 4933 772 5008 ιλ]
815 4934 962 4989 Dicat
1013 4946 1140 5002 ergo
1166 4936 1324 4998 caput
1353 4935 1628 4981 nostrum:
1657 4925 1750 4981 ht-

187 5043 424 5103 snrgcntcs
449 5041 593 5088 testu
621 5028 800 5098 iniqui.
826 5021 1246 5096 qttatignorabam
1261 5018 1634 5088 interrogabant
1649 5033 1746 5073 tne.

188 5118 288 5177 Nos
303 5133 468 5180 autem
492 5123 734 5177 dicamus
759 5115 915 5187 capiti
947 5121 1163 5169 nostro:
1189 5110 1430 5176 Domi-ne,
1447 5107 1576 5179 quid
1603 5108 1754 5180 igni»

191 5213 370 5270 rubas?
388 5215 540 5272 ltaue-
555 5221 612 5268 tu
640 5207 839 5280 aliquid
870 5205 1195 5279 ignorabas?
1223 5202 1415 5258 Nonne
1441 5209 1495 5256 et
1522 5202 1752 5257 interro-

189 5305 405 5370 gandum
451 5304 612 5362 ecula
671 5301 936 5356 noveras?
982 5310 1170 5352 nonne,
1197 5308 1386 5350 eorum
1430 5291 1590 5348 dolos
1627 5301 1751 5350 ante

179 5490 302 5545 ras?
329 5505 496 5545 nonne
525 5498 584 5542 ιιι
623 5486 692 5543 ab
731 5486 810 5542 eis
854 5481 1115 5555 patereris
1153 5477 1419 5535 veneras?
1443 5475 1580 5546 Quid
1624 5492 1753 5547 ergo

170 5573 493 5652 ignorabas?
537 5579 823 5655 ignorabat
867 5584 1142 5648 peecatnm
1177 5590 1196 5627 ι
1231 5581 1288 5628 et
1331 5571 1434 5628 hoc
1478 5580 1752 5641 peccatum

155 5661 604 5746 itltttt‘alral-,~non
633 5671 782 5742 «ιιιηεί
831 5684 934 5722 non
962 5665 1273 5738 iudicando,
1320 5663 1415 5719 scd
1462 5676 1570 5717 non
1597 5676 1750 5717 com-

144 5767 451 5827 Mittcndo.
484 5767 620 5824 Sunt
649 5760 952 5833 huiusmodi
983 5759 1274 5816 locutiones
1300 5757 1460 5813 etiam
1485 5754 1750 5828 quotidia-

170 5861 288 5920 Μ.
311 5876 427 5920 cum
459 5860 594 5918 dicis
623 5858 692 5916 de
731 5857 931 5929 aliquo,
958 5853 1072 5912 Non
1101 5852 1250 5909 novit
1292 5860 1457 5918 stare,
1504 5849 1608 5906 hoc
1649 5857 1753 5917 est,

195 5949 300 6012 ιιιιιι
326 5971 427 6014 non
465 5961 603 6010 stat:
627 5960 703 6020 et,
749 5949 866 6006 Non
907 5951 1048 6005 novit
1103 5949 1434 6014 benefacere,
1483 5949 1604 6018 qaia
1645 5962 1749 6003 non

1052 6098 1120 6120 ξαπ-

3302 380 3407 439 354

1819 481 2099 538 benefacit.
2129 481 2245 539 Non
2273 483 2420 540 novit
2443 484 2781 556 malefacere,
2815 489 2937 561 quia
2977 506 3083 549 non
3111 495 3400 556 malefacit.

1814 572 1972 642 Quod
1999 573 2235 631 alienum
2259 586 2344 632 est
2367 577 2436 633 ab
2471 593 2655 650 opere,
2698 583 2928 639 alienum
2960 595 3043 642 est
3067 602 3097 642 a
3123 593 3406 648 conscien-

1815 665 1927 722 tia:
1954 667 2098 737 quod
2122 667 2354 725 alienum
2386 680 2471 727 est
2497 687 2526 725 a
2553 677 2902 744 conscientia,
2932 679 3167 738 alienum
3197 685 3408 743 videtur

1814 767 1872 815 et
1897 774 1928 814 ιι
1955 760 2197 816 scientia.
2236 761 2311 816 Ita
2350 762 2546 820 dicitur
2585 765 2724 823 Deus
2751 769 2979 839 nescire,
3021 776 3293 844 quomodo
3323 792 3410 835 ars

1819 864 1928 906 non
1953 853 2100 907 novit
2130 853 2284 919 vit-ia;
2321 862 2376 910 et
2404 863 2581 912 tamen
2621 873 2716 926 per
2743 871 2915 917 artem
2958 866 3170 936 cognita
3209 867 3412 940 dijudi-

1817 945 2062 999 canturi.
2092 943 2206 1001 Hoc
2231 961 2360 1017 ergo
2387 949 2539 1004 nobis
2560 959 2722 1021 caput
2757 962 2996 1011 nostrum
3021 957 3413 1032 interroganti.

1819 1035 1924 1090 bus
1955 1051 2022 1092 ex
2054 1037 2220 1108 ipsius
2248 1040 2516 1110 Evangelii
2559 1043 2642 1098 sui
2680 1047 2904 1103 veritate
2933 1052 3240 1120 respondet,
3287 1070 3410 1113 cum

1785 1125 2130 1195 ~dixerimus,
2169 1129 2410 1197 Domine,
2443 1132 2568 1202 quid
2605 1134 3068 1211 ignorabasiquid
3101 1152 3155 1199 tu
3185 1148 3411 1216 potuiSti

1824 1220 2140 1294 interrogari
2176 1223 2318 1294 quod
2370 1227 2684 1284 nesciebas?
2730 1228 3073 1302 Respondet:
3102 1237 3412 1308 iniquitates

1791 1314 2155 1386 ignorabam,
2194 1317 2266 1372 de
2306 1319 2675 1390 iniquitatibus
2724 1324 3106 1397 interrogabat.
3153 1332 3325 1391 [labes
3357 1337 3412 1393 in

1794 1407 2133 1479 -Evangclio,
2167 1409 2210 1464 si
2235 1424 2340 1466 non
2359 1427 2444 1468 me
2465 1413 2641 1469 credis
2662 1414 2909 1486 ignorare
2936 1420 3262 1495 iniquitates,
3291 1429 3414 1500 quia

1822 1508 1878 1554 et
1900 1500 2044 1570 ipsos
2075 1501 2286 1572 iniquos
2317 1504 2522 1574 ignoro,
2551 1506 2746 1576 quibus
2773 1510 2823 1564 in
2854 1512 2956 1567 line
2986 1513 3227 1574 dicturus
3257 1534 3372 1575 sum
3397 1539 3411 1576 :

1791 1607 1796 1612 ·
1825 1591 1950 1648 Non
1973 1594 2090 1648 nari
2115 1611 2218 1660 vos,
2251 1597 2463 1652 rcccdite
2485 1615 2518 1652 α
2558 1615 2637 1653 me
2665 1603 2750 1671 qui
2779 1607 3062 1674 operamini
3101 1610 3418 1682 iniquitatem

1827 1684 2043 1758 (Matth.
2076 1703 2170 1753 vn,
2206 1687 2324 1758 25).
2348 1689 2614 1762 Numquid
2647 1709 2750 1749 non
2784 1709 3002 1754 noverat
3028 1716 3162 1771 quos
3191 1703 3416 1761 damna-

1823 1776 1910 1832 bat
1930 1778 1955 1832 ?
1976 1787 2067 1834 aut
2095 1789 2268 1850 potest
2287 1781 2430 1850 justo
2457 1783 2732 1854 damnare,
2762 1788 2863 1844 nisi
2892 1790 3061 1847 bonus
3091 1798 3339 1860 cognitor
3358 1802 3418 1841 rt

1827 1871 1893 1927 Et
1922 1881 2098 1926 tamen
2133 1873 2300 1929 bonus
2327 1877 2575 1948 cognitor
2615 1896 2719 1934 non
2749 1894 2829 1937 est
2861 1888 3133 1955 mentitus,
3161 1891 3390 1950 dicendo

1828 1962 1952 2018 Non
1990 1966 2112 2019 nori
2135 1983 2220 2021 ros
2243 1985 2260 2020 :
2288 1967 2342 2021 id
2367 1977 2470 2035 cst,
2503 1985 2612 2024 non
2655 1977 2974 2042 coaptamini
3023 1939 3156 2052 eor'p
3178 1982 3235 2036 )l‘i
3269 1939 3412 2052 meo:

1826 2072 1933 2162 non
1964 2056 2180 2114 hmrctis
2204 2061 2405 2132 regulis
2429 2063 2561 2118 meis
2584 2081 2596 2118 :
2620 2066 2744 2121 vitia
2773 2068 2901 2123 estis
2919 2068 2976 2134 ’ς
3007 2087 3107 2144 ego
3132 2084 3310 2132 autem
3328 2096 3416 2135 ars

1829 2153 1942 2219 ipsa
1967 2165 2084 2204 sum
2116 2167 2236 2222 qum
2267 2169 2371 2208 non
2405 2153 2563 2210 habet
2592 2158 2798 2220 vitium,
2846 2171 2897 2214 et
2945 2162 2995 2216 in
3042 2180 3145 2235 qua
3191 2170 3418 2241 quisque

1829 2257 1934 2346 non
1965 2243 2122 2298 discit
2153 2245 2252 2300 nisi
2298 2261 2400 2300 non
2451 2246 2624 2302 facere
2655 2249 2863 2305 vitium.
2908 2250 3230 2327 Insui-gentes
3274 2271 3419 2319 testes

1826 2335 2008 2407 iniqui,
2041 2336 2468 2407 qtttct'gnorabmn
2497 2339 2872 2412 interrogabant
2894 2361 2987 2400 mc.
3013 2348 3147 2416 Quid
3171 2351 3247 2407 sic
3267 2353 3418 2424 igno-

1827 2427 1980 2482 rabat
2006 2427 2272 2495 Christus,
2306 2444 2464 2500 quam
2512 2430 2917 2502 blasphemarc?
2950 2437 3082 2494 Hinc
3122 2441 3438 2518 interroga?

1832 2519 1989 2574 batur
2013 2537 2042 2576 a
2074 2523 2535 2591 persecutoribus,
2567 2535 2617 2580 et
2642 2527 2762 2597 quia
2790 2545 2972 2585 verum
3001 2533 3153 2600 dixit,
3179 2536 3424 2608 blasphe-

1831 2629 2006 2670 masse
2028 2615 2300 2685 judicatus
2322 2627 2404 2671 est
2427 2615 2535 2686 (Id.
2586 2633 2727 2685 xxvt,
2755 2620 2866 2690 65).
2902 2623 3006 2679 Sed
3033 2641 3062 2681 a
3094 2628 3321 2698 quibus?
3350 2633 3423 2689 De

1830 2707 2024 2778 quibus
2055 2707 2314 2777 sequittn',
2357 2707 2717 2764 Retribucbant
2748 2714 2872 2767 mihi
2898 2717 3033 2770 mala
3064 2736 3157 2784 pro
3186 2721 3346 2791 bonis,
3378 2735 3426 2778 ει

1831 2799 2143 2854 sterilitatem
2175 2801 2360 2853 anima:
2386 2816 2526 2853 metu.
2565 2801 2676 2872 Ego
2702 2806 2851 2859 attuli
2886 2805 3287 2880 fecunditatem,
3323 2815 3425 2886 ipsi

1832 2890 2198 2946 retrihuehant
2241 2891 2602 2958 sterilitatem;
2651 2910 2750 2965 ego
2797 2897 2978 2961 vitam,
3026 2901 3125 2970 ipsi
3157 2916 3419 2975 mortem;

1810 2998 1933 3053 ego
1957 2983 2238 3048 honorem,
2273 2983 2369 3052 ipsi
2398 2985 2783 3041 contumelias:
2811 3004 2911 3058 ego
2937 2991 3275 3064 medicinam,
3326 2999 3426 3070 ipsi

1833 3076 2086 3138 vulnera;
2116 3085 2172 3132 ct
2199 3076 2248 3130 in
2279 3075 2362 3130 his
2387 3077 2632 3132 omnibus
2661 3094 2779 3148 quae
2809 3083 3198 3154 retribuebant,
3242 3091 3425 3162 utique

1836 3169 2089 3225 Stcrilitas
2116 3177 2250 3224 erat.
2280 3169 2424 3223 llanc
2456 3169 2789 3226 sterilitatem
2829 3173 2880 3227 in
2907 3175 3098 3232 arbore
3129 3181 3399 3237 maledixit

1836 3260 1926 3315 ubi
1958 3257 2184 3315 fructum
2215 3273 2335 3316 cum
2367 3269 2632 3332 qtnrreret
2659 3278 2763 3318 non
2791 3227 2992 3321 invenit

1836 3351 1986 3409 Folia
2014 3364 2187 3418 erant,
2216 3364 2269 3410 et
2301 3355 2501 3411 fructus
2528 3373 2632 3411 non
2661 3366 2849 3414 erant:
2883 3361 3041 3417 verba
3068 3374 3240 3434 erant,
3272 3377 3324 3424 ct
3347 3367 3429 3424 fa-

1838 3456 1922 3503 cta
1966 3462 2070 3501 non
2102 3456 2274 3503 erant.
2308 3447 2442 3504 Vide
2485 3449 2540 3504 in
2586 3451 2766 3506 verbis
2796 3455 3250 3525 numerositatem,
3283 3469 3337 3516 et
3373 3463 3428 3519 in

1839 3537 1992 3594 factis
2016 3539 2348 3596 Sterilitatem
2376 3558 2388 3594 :
2422 3540 2523 3610 Qui
2566 3542 2827 3613 prmdicas
2870 3561 2974 3600 non
3007 3545 3310 3617 furandum,
3343 3551 3429 3610 fu-

1839 3631 2007 3698 ratis;
2040 3631 2130 3702 qui
2156 3632 2287 3688 dicis
2317 3649 2422 3688 non
2450 3633 2877 3705 adulterandum,
2930 3639 3201 3697 adulteras
3251 3644 3431 3717 (Rom.

1842 3737 1900 3790 tt,
1921 3722 2014 3791 ‘21,
2042 3722 2160 3794 22).
2208 3723 2366 3780 Tales
2393 3735 2546 3781 erant
2578 3727 2666 3796 qui
2697 3727 2966 3784 Christum
3002 3748 3121 3803 qua:
3152 3735 3433 3806 ignorabat.

1843 3815 2260 3886 interrogabant.

1915 3908 1968 3961 5.
1989 3905 2142 3980 [rem
2163 3906 2274 3980 i5.]
2293 3905 2404 3978 Ego
2415 3916 2579 3963 autem
2591 3926 2703 3964 cum
2718 3911 2841 3966 ini/ti
2855 3913 3052 3970 molesti
3063 3927 3243 3985 essent,
3261 3919 3434 3978 indue-

1846 4002 1955 4056 bant
1971 4017 2048 4054 me
2062 3999 2224 4054 cilicio
2238 4017 2254 4054 :
2270 4009 2315 4054 ct
2332 4001 2657 4058 Ittttttiliabattt
2675 4003 2725 4057 in
2732 4006 2933 4076 jejunio
2949 4009 3171 4064 animam
3189 4024 3434 4070 meant:et

1845 4095 2007 4149 oratio
2026 4111 2134 4148 mea
2146 4095 2196 4147 in
2209 4094 2376 4148 sinum
2394 4111 2554 4148 meum
2570 4107 2884 4153 convertatur
2908 4099 3004 4174 (a).
3037 4101 3298 4159 Dncemnr
3319 4099 3451 4180 qui?

1846 4186 1988 4262 dem,
2005 4185 2337 4254 lintresaluia
2355 4186 2682 4256 pertinemus
2697 4188 2762 4244 ad
2781 4203 2974 4261 corpus
2992 4193 3334 4268 Citristi,qnia
3353 4215 3436 4257 su-

1847 4292 1965 4333 mus
1981 4277 2217 4332 membra
2233 4275 2431 4332 Christi
2454 4277 2494 4346 (1
2512 4279 2628 4334 Cor.
2651 4296 2746 4348 xu,
2775 4280 2870 4352 27)
2893 4301 2905 4336 :
2926 4293 2980 4340 et
3007 4285 3357 4345 admonemur
3382 4291 3439 4349 in

1848 4371 1990 4426 omni
2024 4369 2359 4425 tribulatione
2382 4381 2704 4440 nostra,non
2723 4375 2956 4446 cogitare
2990 4379 3435 4448 quemadmodum

1847 4462 2268 4536 respondeamus
2308 4463 2552 4529 inimicis,
2584 4465 2678 4520 sed
2727 4467 3178 4537 quemadmodum
3233 4477 3440 4531 orando

1851 4556 2018 4611 Deum
2041 4555 2406 4626 propitietnus,
2429 4565 2483 4612 et
2502 4559 2816 4614 maximcnc
2837 4563 3124 4619 tentationc
3139 4564 3439 4633 vincamur;

1850 4647 2064 4713 deinde,
2099 4656 2156 4701 ut
2195 4648 2354 4703 etiam
2395 4647 2472 4703 illi
2497 4649 2587 4720 qui
2620 4666 2718 4705 nos
2749 4665 3166 4725 persequuntur,
3200 4658 3268 4714 ad
3296 4664 3445 4716 sani-

1852 4748 2014 4797 tatem
2037 4740 2256 4810 iustitia:
2288 4750 2690 4797 convertantur.
2721 4743 2934 4800 Nullum
2983 4748 3155 4818 majus
3175 4790 3189 4814 ,
3232 4751 3443 4808 nullum

1851 4833 2043 4890 melius
2069 4833 2336 4904 negotium
2371 4833 2534 4888 estin
2577 4834 2938 4901 tribulatione,
2981 4854 3141 4910 quam
3183 4843 3444 4901 recedere

1853 4925 1920 4978 ab
1948 4939 2013 4980 eo
2044 4924 2290 4996 strepitu,
2317 4925 2406 4994 qui
2432 4925 2558 4982 furis
2582 4935 2684 4990 est,
2708 4935 2761 4982 et
2783 4927 2858 4982 ire
2887 4929 2938 4982 in
2969 4929 3224 4988 interiora
3247 4939 3449 4992 mentis.

1853 5015 2134 5071 secretaria
2164 5015 2372 5085 (Matth.
2392 5032 2465 5082 Vl,
2495 5015 2580 5088 6);
2613 5017 2683 5072 ibi
2712 5019 2875 5074 Deum
2909 5020 3172 5090 invocare,
3225 5028 3311 5083 ubi
3342 5045 3413 5085 ne
3439 5063 3445 5070 ι

1835 5108 1943 5162 ἰιιο
1972 5106 2114 5162 videt
2137 5117 2438 5178 gementem
2479 5119 2534 5162 et
2571 5109 3008 5182 subvenientem;
3040 5115 3181 5171 illius
3209 5095 3454 5175 cubicuh

1803 5274 1808 5278 .
1855 5198 2109 5254 adversus
2126 5212 2334 5253 omnem
2353 5199 2685 5256 extrinsecus
2703 5203 2900 5260 illatam
2921 5207 3216 5263 molestiam
3241 5212 3441 5269 ostium

1855 5292 2122 5358 claudere,
2155 5292 2436 5348 humiliarc
2478 5295 2710 5364 seipsutn
2753 5297 2806 5352 in
2850 5299 3185 5358 confessione
3212 5304 3456 5375 pceeati,‘

188 5397 568 5468 Prospexeras?
587 5406 769 5451 nonne
793 5392 844 5446 in
875 5404 1062 5446 eorum
1093 5400 1282 5443 manus
1311 5395 1362 5442 te
1384 5386 1564 5441 sciens
1590 5383 1754 5440 dede-

1856 5384 2199 5455 magniticare
2219 5391 2274 5438 et
2300 5384 2515 5441 laudare
2535 5385 2724 5452 Deum,
2752 5398 2805 5444 et
2827 5391 3204 5462 corripientem
3233 5405 3287 5450 et
3314 5411 3445 5452 con-

1859 5476 2434 5548 solantem‘:prorsus
2474 5477 2576 5535 hoc
2604 5481 2750 5537 omni
2793 5483 2952 5540 modo
3001 5485 3289 5543 tenendum
3336 5497 3441 5545 est.

1924 5633 2200 5702 {Plerique
2219 5642 2324 5685 atss.
2351 5639 2436 5685 εει
2479 5633 2680 5696 dicitur,
2719 5638 2937 5702 aest-irit,
2962 5643 3200 5702 quomodo
3233 5657 3318 5698 ars
3350 5657 3447 5696 non

1843 5695 2134 5771 -meitpitia,
2152 5702 2388 5771 attonita.
2401 5710 2487 5771 per
2507 5695 3172 5771 artenicogtnitadcciupuur.

1925 5824 1946 5856 .
1975 5771 2050 5872 ξιξ
2066 5767 2174 5871 is:
2195 5765 2251 5871 tt
2268 5758 2403 5874 at:
2934 5763 3092 5817 ’παίω
3111 5775 3426 5831 Wm-

1927 5885 1946 5917 ι
1981 5884 2112 5941 Edd.,
2142 5882 2475 5949 consulentem.
2496 5884 2724 5949 ﬁounulli
2751 5901 2870 5938 vero
2894 5897 3018 5949 Mss,
3048 5894 3376 5945 (ansa-tantem.

1928 5949 2000 6007 tu)
2025 5953 2092 5994 De
2117 5943 2295 5995 eodem
2321 5957 2466 5996 versu
2490 5946 2550 5996 l5
2571 5954 2801 6001 tractatur
2825 5965 2984 6014 supra,
3008 5943 3108 6003 col.
3291 5943 3337 6008 ii;
3365 5956 3474 6009 ειν
