3960 6410
649 345 752 394 725‘;

647 457 1026 506 Vt-rtu‘ulamen
1062 449 1110 499 in
1145 456 1362 512 corpore
1395 440 1494 489 bne
1522 431 1832 494 dixerimus,
1866 428 1916 482 id
1948 435 2031 482 est
2059 427 2111 480 in
2137 439 2235 478 no-

646 550 764 601 bis:
791 545 840 597 in
887 541 1108 594 Domino
1144 544 1317 586 antem
1365 537 1548 582 nostro
1577 524 1703 580 Jesu
1730 520 1942 576 Christo
1970 516 2097 587 quid
2129 515 2235 571 tale

646 633 1028 709 agnoscimus?
1074 623 1361 694 Eumgclio
1406 627 1684 691 perspecto
1725 625 1781 670 et
1827 611 2233 684 diligentissime

650 707 1001 802 perscrutato,
1033 738 1135 775 mn
1167 717 1468 772 invenimus
1497 711 1778 766 Dominum
1808 709 1859 762 in
1902 707 2081 776 aliqua
2113 717 2237 774 pas-

649 797 800 876 sione
823 825 875 871 et
893 811 1234 867 tribulatione
1261 823 1356 862 sua
1389 804 1624 859 induisse
1651 817 1709 856 se
1737 799 1932 855 cilicio.
1955 797 2238 865 Jejnnasse

651 911 866 980 quidem
897 921 1018 960 eum
1053 903 1277 972 legimus
1306 908 1485 969 postea
1515 911 1672 965 quam
1699 892 1998 962 baptizatus
2017 897 2132 944 est:
2157 886 2238 941 ci-

647 1005 827 1060 licium
869 1000 938 1054 ibi
971 997 1168 1051 nullum
1200 992 1517 1055 audivimus,
1563 987 1770 1041 nullum
1816 980 2238 1054 legimuszjcju-

647 1110 807 1152 nasse
833 1101 1011 1146 autem
1040 1089 1270 1142 nondum
1299 1083 1498 1138 .ludasis
1525 1078 1985 1151 persequentibus,
2007 1073 2102 1130 sed
2128 1073 2242 1127 dia-

647 1187 773 1241 bolo
804 1191 1039 1238 tentante
1058 1175 1448 1247 (illati/ungi).
1477 1171 1592 1227 Non
1614 1184 1679 1225 eo
1709 1179 1945 1239 tempore
1963 1163 2240 1235 dicojeju-

651 1291 812 1332 nasse
833 1272 1137 1335 Dominmu,
1160 1266 1370 1338 quando
1395 1279 1515 1319 cum
1544 1260 1938 1330 interrogabant
1956 1274 2074 1329 qua:
2091 1258 2242 1326 igno-

650 1381 755 1434 rat,
771 1379 826 1423 et
839 1365 1052 1438 quando
1069 1359 1433 1417 retribnebant
1449 1357 1584 1410 mala
1603 1370 1697 1424 pro
1715 1354 1886 1418 bonis,
1904 1349 2238 1418 insectando,

651 1459 1046 1534 persequendo,
1079 1453 1328 1516 tenendo,
1352 1448 1688 1520 llagellando,
1720 1444 2069 1509 vulnerando,
2094 1441 2239 1497 occi-

651 1553 830 1610 dendo
853 1571 864 1605 :
889 1550 980 1605 sed
1013 1558 1186 1603 tatnen
1213 1547 1263 1600 in
1292 1544 1372 1596 his
1401 1540 1668 1603 omnibus,
1690 1537 1904 1601 fratres,
1932 1535 1976 1589 si
2003 1535 2242 1604 aliquan-

655 1651 822 1705 tulum
855 1646 938 1714 pia
967 1641 1273 1697 curiositate
1305 1639 1541 1690 levemus
1563 1633 1759 1696 velum,
1790 1641 1844 1685 et
1874 1627 2126 1683 interiora
2147 1628 2243 1680 hu-

652 1743 740 1811 jus
762 1738 1054 1806 Scriptura:
1083 1733 1237 1786 oculo
1266 1728 1445 1784 cordis
1492 1727 1694 1781 intento
1721 1727 1998 1782 rimemttr,
2037 1718 2243 1774 inveni-

652 1848 775 1886 mus
795 1842 848 1884 et
864 1843 963 1882 noc
982 1827 1170 1882 fecisse
1190 1823 1490 1878 Dominum.
1510 1818 1752 1874 Cilicinm
1770 1814 1996 1869 fortasse
2011 1811 2245 1882 appellat

651 1923 826 1979 carnis
849 1937 956 1975 sum
987 1917 1386 1973 mortalitatem.
1409 1911 1585 1980 Quare
1613 1906 1882 1964 cilicium?
1911 1905 2140 1973 Pr0pter
2167 1903 2242 1957 si-

651 2013 1004 2070 militudinem
1033 2008 1210 2063 carnis
1238 2004 1458 2075 peccati.
1483 2001 1767 2070 Apostolus
1787 1998 1927 2052 enim
1959 1995 2120 2050 dicit:
2143 1992 2244 2048 Mi-

652 2111 715 2163 sit
745 2107 880 2160 Deus
912 2102 1103 2158 Filium
1143 2116 1289 2154 suum
1331 2099 1384 2150 in
1424 2093 1806 2151 similitudinem
1829 2091 1998 2145 carnis
2028 2087 2241 2158 peccati,

653 2211 709 2254 ut
728 2201 788 2253 de
813 2206 1014 2270 peccato
1031 2196 1293 2249 damnaret
1309 2197 1565 2261 peccatum
1584 2188 1634 2240 in
1658 2200 1810 2238 carne
1830 2183 2006 2253 (Rom.
2031 2198 2146 2246 vm,
2164 2176 2242 2252 3):

654 2291 758 2346 hoc
785 2298 886 2355 est,
919 2288 1110 2342 Filium
1136 2299 1289 2339 suum
1318 2280 1486 2334 induit
1517 2277 1713 2342 cilicio,
1733 2284 1790 2328 ut
1827 2274 1895 2330 de
1933 2274 2105 2327 cilicio
2153 2270 2248 2325 da-

655 2390 865 2440 mnaret
891 2379 1094 2435 haedos.
1130 2377 1244 2432 Non
1279 2373 1400 2444 quia
1453 2379 1726 2440 peccatum
1753 2374 1887 2430 erat,
1911 2381 2013 2418 non
2042 2363 2164 2417 dico
2191 2362 2244 2418 in

655 2475 832 2531 Verbo
865 2474 979 2537 Dei,
1011 2469 1105 2526 sed
1133 2483 1231 2522 nec
1258 2466 1308 2519 in
1338 2465 1448 2532 ipsa
1474 2461 1687 2531 quidem
1716 2457 1837 2512 dico
1864 2455 2037 2510 anima
2061 2463 2244 2510 sancta

657 2581 712 2628 et
758 2577 934 2624 mente
981 2562 1232 2624 hominis,
1266 2573 1425 2627 quem
1472 2554 1572 2608 sibi
1610 2552 1676 2606 ad
1721 2551 1975 2605 unitatem
2005 2562 2248 2617 persona:

655 2661 892 2719 Verbum
923 2657 1016 2712 Dei
1049 2664 1102 2709 et
1125 2650 1394 2722 Sapientia
1423 2652 1788 2714 coaptaverat;
1812 2641 1904 2697 sed
1933 2655 2031 2694 nec
2053 2640 2106 2695 in
2134 2640 2248 2711 ipso

657 2767 882 2822 corpore
913 2756 1184 2820 peccatum
1227 2743 1394 2796 ullum
1437 2747 1570 2801 erat,
1616 2735 1710 2790 sed
1750 2731 2042 2788 similitudo
2060 2729 2248 2822 carnis

657 2844 859 2918 peccati
883 2840 1069 2897 eratin
1099 2834 1351 2896 Domino;
1372 2829 1494 2900 quia
1518 2843 1662 2882 mors
1685 2841 1789 2880 non
1807 2833 1890 2879 est
1911 2822 2012 2878 nisi
2038 2821 2104 2877 de
2127 2836 2250 2890 pec-

659 2915 778 2994 cato
809 2934 917 3006 (Id.
953 2947 1005 2996 v,
1031 2928 1141 3000 1‘2),
1166 2935 1221 2981 et
1251 2925 1430 2994 utique
1458 2934 1654 2990 corpus
1690 2917 1816 2971 illud
1855 2915 2082 2971 mortale
2109 2924 2245 2970 erat.

659 3031 791 3087 Nam
823 3027 922 3080 nisi
951 3021 1173 3078 mortale
1197 3027 1359 3079 esset,
1383 3030 1486 3068 non
1517 3019 1846 3072 moreretur;
1875 3009 1919 3062 si
1942 3024 2044 3061 non
2069 3021 2247 3061 mure-

658 3131 827 3182 retut‘,
859 3132 964 3171 non
1008 3117 1347 3180 resurgeret;
1379 3107 1422 3159 si
1455 3118 1558 3157 non
1587 3109 1907 3169 resurgeret,
1943 3096 2248 3166 exemplum

659 3214 784 3266 vita:
827 3220 1041 3263 :nlerna:
1071 3203 1224 3257 nobis
1254 3215 1358 3254 non
1401 3195 1815 3251 demonstraret.
1849 3191 1986 3260 Ergo
2015 3189 2094 3243 sic
2119 3187 2250 3241 diei—

661 3316 748 3360 tur
775 3316 920 3356 mors
963 3303 1258 3368 peceatum,
1298 3304 1416 3362 qua:
1445 3288 1579 3340 facta
1609 3292 1691 3339 est
1719 3290 1953 3352 peccato,
1981 3277 2248 3349 quomodo

661 3401 854 3456 dicitur
882 3395 1056 3463 lingua
1096 3402 1285 3459 gl“.t'C.'l,
1332 3384 1508 3452 lingua
1535 3378 1715 3442 latina,
1745 3391 1849 3431 non
1882 3378 2052 3444 ipsmn
2081 3389 2249 3427 mem-

663 3495 817 3547 brum
846 3462 1041 3549 carnis,
1075 3481 1166 3538 sed
1187 3477 1327 3548 quod
1362 3475 1418 3528 lit
1446 3489 1538 3544 per
1566 3470 1862 3526 membrum
1893 3465 2087 3520 carnis.
2112 3462 2246 3519 Nam

662 3585 836 3650 lingua
863 3581 913 3632 in
942 3574 1192 3631 membris
1227 3568 1424 3624 nostris
1450 3579 1609 3619 ttnutn
1646 3571 1726 3615 est
1757 3560 1823 3615 de
1849 3558 2080 3624 cwteris,
2111 3556 2249 3612 sicut

662 3677 822 3739 oculi,
857 3687 1035 3730 nasus,
1079 3679 1256 3729 aures,
1286 3673 1334 3717 et
1367 3669 1559 3715 extera
1581 3675 1593 3710 :
1619 3656 1794 3726 lingua
1824 3663 2001 3706 autem
2050 3665 2244 3720 grtcea,

663 3770 820 3822 verba
848 3778 1018 3834 graica
1053 3766 1177 3814 sunt
1210 3775 1222 3809 :
1255 3770 1358 3807 non
1393 3753 1515 3821 quia
1555 3749 1713 3804 \et'ba
1747 3748 1938 3816 lingua,
1985 3742 2078 3834 sed
2122 3741 2246 3812 quia

663 3859 821 3914 verba
852 3830 948 3925 per
990 3853 1241 3919 linguam.
1280 3843 1416 3897 Dicis
1461 3841 1527 3894 de
1571 3839 1772 3908 aliquo,
1807 3833 2010 3904 Agnovi
2053 3830 2244 3885 faciem

663 3923 946 4024 ipsiuspde
978 3942 1214 3997 membro
1259 3934 1499 4005 corporis
1538 3931 1796 4000 loquens:
1821 3935 1876 3981 ct
1902 3925 2034 3981 dicis
2061 3923 2243 3991 etiam,

661 4019 864 4115 A—gnnvi
888 4053 1101 4093 manum
1128 4033 1293 4103 ipsius
1318 4025 1573 4087 absentis,
1599 4040 1701 4077 non
1730 4036 1941 4075 manum
1975 4019 2024 4073 itt
2052 4033 2246 4089 corpo-

660 4156 741 4205 re,
771 4135 862 4190 sed
894 4135 1210 4197 scripturam
1239 4139 1356 4193 qum
1388 4119 1520 4173 facta
1542 4127 1622 4172 est
1645 4131 1738 4186 per
1762 4130 1974 4169 inaunm
1997 4128 2115 4182 qua:
2131 4121 2247 4168 erat

661 4233 715 4289 in
747 4241 988 4297 corpore.
1029 4222 1118 4277 Sic
1147 4232 1274 4287 ergo
1306 4222 1575 4284 peccatum
1608 4209 1836 4273 Domini,
1868 4207 2007 4278 quod
2051 4207 2246 4262 factum

661 4333 745 4376 est
772 4321 836 4374 de
857 4322 1095 4389 peceato,
1121 4311 1242 4380 quia
1267 4305 1387 4359 inde
1408 4318 1620 4358 carnem
1651 4299 1954 4368 assumpsit,
1978 4297 2046 4353 de
2073 4312 2246 4352 massa

662 4416 777 4485 ipsa
803 4427 920 4481 qum
947 4416 1171 4460 mortem
1195 4404 1458 4453 meruerat
1484 4411 1546 4449 es
1578 4402 1812 4462 peccato.
1841 4389 2048 4444 Etenim
2072 4396 2130 4443 ut
2154 4404 2246 4446 ce-

663 4508 828 4563 lerius
858 4502 1054 4560 dicam,
1102 4491 1302 4548 Maria‘
1334 4505 1398 4543 ex
1436 4486 1605 4542 Adam
1638 4493 1842 4538 mortua
1875 4489 2088 4552 propter
2119 4496 2245 4550 pec-

663 4609 861 4660 catum,
893 4591 1058 4647 Adam
1082 4594 1326 4640 mortuus
1355 4589 1572 4652 propter
1599 4587 1895 4647 peccatum,
1923 4582 1977 4628 et
2006 4587 2132 4627 caro
2155 4573 2248 4630 Do-

665 4691 790 4746 ll'litti
817 4704 881 4742 ex
913 4684 1073 4740 Maria
1114 4689 1318 4733 mortua
1371 4683 1453 4728 est
1493 4679 1708 4741 promer
1735 4664 1960 4721 delenda
2010 4674 2245 4735 peccata.

666 4783 779 4839 lloc
805 4777 976 4832 cilicio
992 4790 1050 4827 se
1075 4770 1245 4825 induit
1269 4765 1553 4821 Dominus:
1579 4769 1631 4814 et
1649 4759 1766 4814 ideo
1784 4774 1886 4812 non
1913 4765 1991 4812 est
2016 4760 2243 4827 agnitus,

665 4891 786 4946 quia
816 4872 914 4925 sub
939 4867 1110 4923 cilicio
1136 4862 1395 4919 latitabat.
1427 4856 1555 4910 Cum
1575 4852 1717 4916 mihi,
1745 4851 1932 4922 inquit,
1966 4850 2251 4904 molestias-

666 4941 791 5021 s-ent.
840 4959 1105 5015 induebant
1149 4971 1227 5008 me
1267 4950 1431 5005 cilicio
1456 4963 1472 5000 :
1496 4945 1548 5001 id
1577 4955 1678 5009 est,
1710 4943 1785 4999 illi
1814 4941 2124 5006 εωνίθικηιι,
2150 4956 2250 5013 ego

667 5058 915 5114 latebam.
944 5053 999 5107 Si
1030 5049 1170 5105 enim
1200 5046 1366 5100 latere
1395 5039 1582 5102 nollet,
1601 5036 1846 5092 nccmuri
1867 5044 2064 5105 posset,
2083 5049 2251 5104 quan.

667 5152 948 5223 duquitlem
991 5160 1096 5199 uno
1122 5138 1374 5208 temporis
1401 5143 1594 5206 puncto
1617 5132 1810 5187 stillam
1839 5128 2122 5200 quamdam
2151 5142 2248 5223 po-

667 5216 873 5303 testatis
894 5255 1025 5305 suae,
1045 5236 1088 5290 si
1107 5232 1189 5288 rel
1205 5233 1224 5263 ³
1244 5229 1383 5284 stilla
1405 5224 1623 5281 dicenda
1649 5231 1749 5288 est,
1768 5219 2018 5284 exseruit,
2040 5216 2252 5288 quando

731 5452 746 5483 ι
785 5455 848 5497 Ita
871 5454 978 5495 Lor.
1017 5448 1067 5490 et
1105 5437 1311 5486 maxima
1344 5444 1454 5497 pars
1491 5435 1598 5497 Mss.
1622 5431 1677 5475 At
1710 5428 1804 5482 F.r.,
1827 5420 1986 5497 talaria
2003 5418 2253 5497 emittit}?!

873 5485 1069 5571 ἰδῑ-δξιιειῖ
1097 5485 1502 5571 λιφε,
1532 5485 2252 5571 Artifeauott'se-satyratis

667 5542 1318 5638 3321§.~‘.§i‘i.§3’,”&’£§1dubiis;
1350 5542 1500 5604 villici
1530 5559 1582 5602 et
1615 5547 1765 5624 colu.
1805 5546 1957 5616 Maria
1989 5542 2249 5612 exi-idum.

733 5636 740 5638 _
1186 5627 1270 5638 .._,_
1296 5621 1538 5638 ..-Αηάηκι
1579 5625 1654 5638 nn.
1692 5609 1796 5638 ιιι...
1845 5609 2061 5638 ιιηνηηιιη
2106 5615 2249 5638 υηννι

667 5609 1058 5685 2Ὴᾶἱὶἱῖἱὲὸῖἱοῖιᾶ
1076 5609 1270 5690 uenter
1294 5621 1556 5690 ρεσεαιευην
1577 5625 1677 5690 υὲςί
1692 5609 2253 5690 ‘il?“.-:fl§9‘9.‘.‘§:.l’.“f.i“

1294 5665 1537 5732 [secundus
1546 5665 1679 5728 ortus
1695 5682 1761 5724 ea:
1784 5665 1936 5724 Maria
1956 5665 2152 5734 propter
2169 5665 2254 5717 de-

667 5757 816 5810 lenda
839 5762 1052 5816 peccata.

732 5822 751 5850 ²
785 5811 856 5868 sic
880 5825 982 5868 Mss.
1008 5822 1064 5866 At
1085 5811 1211 5876 ΗΜ,
1235 5822 1362 5859 vera.

3206 264 3236 302 ﬁ.

1890 313 1946 371 δ.
1990 319 2028 370 Α
2042 311 2245 370 UGUS'I

2350 301 2693 365 .EPISCOPI
3206 264 3236 302 π·
3347 306 3349 308 ,
3772 315 3839 375 ³³6

2344 434 2466 475 eum
2498 429 2680 474 tenere
2707 417 3007 486 voluerunt,
3037 425 3093 474 et
3119 417 3188 474 ad
3217 431 3376 474 unam
3413 419 3528 490 ejus
3553 421 3842 498 interrogatio.

2343 524 2488 576 nem,
2520 508 2688 576 Quem
2716 507 2974 578 quaeritis,
3019 507 3292 564 redierunt
3319 525 3509 566 omnes
3535 521 3664 568 retro
3682 525 3726 570 et
3748 523 3842 574 ceci-

2341 602 2534 658 derunt
2559 601 2736 673 (Joan.
2771 619 2920 667 xvut,
2947 603 3002 671 4,
3033 603 3111 675 li).
3135 603 3358 662 Tantam
3387 615 3683 675 potestatem
3706 609 3746 664 in
3765 628 3843 682 Im.

2342 695 2494 750 sione
2521 710 2626 749 nun
2653 694 2976 760 humiliaret,
3005 696 3104 750 nisi
3131 695 3232 751 sub
3251 695 3429 752 cilicio
3455 696 3650 753 lateret.

2414 789 2470 842 4.
2499 787 2638 858 Ergo
2667 786 2934 841 induebant
2959 803 3036 842 me
3055 788 3257 843 cilicio:
3286 799 3334 842 et
3367 788 3679 844 Immiliabant
3701 793 3740 846 in
3753 798 3844 867 Μαι.

2345 877 2430 931 nio
2468 877 2693 930 (intimam
2736 895 2918 932 meam.
2966 877 3156 932 lterum
3197 880 3241 933 si
3278 879 3633 938 intelleximus
3653 884 3844 957 cilicium,

2346 969 2614 1041 quomodo
2654 970 2995 1040 intelligiums
3020 970 3318 1040 jejunium?
3356 970 3667 1030 Manducare
3701 978 3848 1035 volebat

2349 1061 2589 1118 Christus
2607 1105 2622 1129 ,
2650 1064 2864 1134 quando
2892 1079 3046 1134 poma
3072 1064 3346 1134 qurerebat
3373 1064 3427 1118 in
3449 1064 3662 1133 arbore,
3682 1077 3727 1123 et
3745 1069 3778 1123 εί
3799 1072 3848 1126 εδ.
3898 1123 3899 1134 1

2350 1154 2554 1209 veniret
2587 1155 2926 1210 manducaret
2965 1154 3160 1222 (Marc.
3198 1172 3285 1219 ιι,
3331 1156 3464 1226 13)?
3504 1157 3679 1214 Bibere
3705 1163 3850 1217 veli-lat

2349 1243 2622 1308 Christus,
2652 1244 2865 1314 quando
2888 1244 3022 1300 dixit
3048 1245 3254 1301 mulieri
3279 1245 3659 1317 Samaritana,
3678 1248 3745 1304 Da
3774 1255 3851 1306 uiti

2351 1337 2514 1391 bibere
2541 1337 2717 1406 (Joan.
2743 1337 3061 1409 Iv,7),dixit
3086 1338 3137 1392 in
3161 1353 3342 1404 cruce,
3373 1338 3507 1395 Sitio
3531 1339 3636 1414 (Id.
3663 1345 3851 1413 ιιιβὸιῖ

2347 1428 2484 1504 Quid
2512 1429 2772 1498 esurivit,
2808 1429 2936 1500 quid
2962 1430 3128 1485 sitivit
3153 1429 3430 1498 Christus,
3462 1432 3562 1488 nisi
3599 1433 3718 1490 bona
3747 1451 3850 1506 open

2350 1521 2566 1576 nostra?
2594 1520 2651 1576 ln
2689 1521 2792 1576 illis
2831 1522 2973 1578 enim
3013 1521 3451 1594 crucifigentibus
3488 1534 3542 1582 et
3569 1531 3849 1599 persequenti-

2349 1612 2478 1677 bus,
2506 1616 2626 1684 quia
2658 1614 2802 1668 nulla
2831 1614 2968 1670 bona
2995 1629 3154 1685 opera
3183 1615 3482 1680 invenerat,
3505 1616 3749 1688 jejunabat
3767 1637 3777 1674 :
3797 1637 3849 1677 rc-

2351 1706 2654 1762 tribnebant
2677 1708 2822 1762 enim
2846 1708 3178 1763 sterilitatem
3207 1709 3403 1764 anima:
3419 1709 3603 1780 ipsius.
3625 1710 3733 1765 Nam
3751 1715 3849 1784 quale

2345 1799 2606 1870 jejunium
2635 1801 2801 1869 ipsius
2829 1801 2950 1867 fuit,
2982 1802 3072 1870 qui
3102 1801 3188 1856 vix
3217 1801 3428 1859 invenit
3455 1818 3614 1860 unum
3639 1803 3845 1874 latronem,

2350 1908 2508 1963 quem
2539 1894 2591 1948 in
2631 1908 2790 1950 cruce
2816 1893 3094 1966 gustaret?
3119 1894 3364 1964 Apostoli
3392 1895 3535 1950 enim
3576 1895 3848 1966 tugeraut,ct

2354 2001 2415 2040 se
2445 1985 2498 2039 in
2526 1984 2678 2040 turba
2707 1985 3115 2042 absconderant.
3141 1985 3209 2041 Et
3235 1987 3327 2042 ille
3355 1986 3545 2044 Petrus
3571 1988 3652 2058 qui
3675 2003 3724 2044 se
3745 2004 3850 2061 usque

2350 2078 2416 2133 ad
2448 2087 2673 2134 mortem
2708 2080 2915 2135 Domini
2947 2089 3415 2150 perseveraturum
3439 2095 3559 2138 esse
3586 2082 3845 2152 promiscui,

2346 2172 2458 2243 jam
2485 2182 2564 2228 ter
2590 2173 3015 2244 negaverat,jam
3045 2173 3288 2242 ﬂeverat,
3311 2183 3372 2229 et
3399 2174 3575 2231 adhuc
3599 2174 3647 2228 in
3670 2175 3783 2229 turba
3803 2175 3848 2230 la-

2354 2265 2499 2319 tebat
2516 2305 2531 2328 ,
2559 2263 2735 2319 adhuc
2763 2264 2983 2320 timebat
3010 2279 3078 2320 ne
3117 2274 3519 2336 agnosceretur.
3546 2266 3778 2322 Postremo
3794 2267 3846 2324 illa

2352 2356 2468 2410 viso
2513 2365 2760 2422 mortuo,
2797 2371 2986 2412 omnes
3021 2357 3091 2413 de
3119 2357 3292 2415 salute
3318 2359 3438 2430 ipsa
3482 2359 3846 2430 desperat-erunt:

2353 2463 2488 2518 quos
2535 2447 2883 2520 desperantes
2935 2449 3136 2506 invenit
3182 2460 3303 2520 post
3353 2452 3790 2518 resurrectionem,
3815 2461 3847 2506 et

2355 2543 2562 2596 locutus
2605 2558 2727 2597 cum
2768 2542 2848 2597 eis
2894 2542 3095 2598 invenit
3137 2558 3232 2598 eos
3271 2542 3522 2600 dolentes
3564 2553 3614 2601 et
3654 2544 3844 2616 lugentes,

2354 2633 2486 2688 nihil
2507 2633 2621 2704 jam
2647 2643 2942 2704 sperantes.
2983 2633 3116 2688 Nam
3143 2642 3200 2690 et
3245 2635 3313 2689 ita
3360 2645 3487 2691 sunt
3517 2634 3706 2706 quidam
3727 2650 3844 2691 eorum

2354 2742 2473 2781 cum
2497 2743 2562 2782 eo
2592 2727 2773 2790 locuti,
2795 2743 2916 2782 cum
2944 2727 3182 2784 diceret:
3213 2727 3354 2794 Quid
3383 2728 3640 2800 loquimini
3662 2729 3763 2783 inter
3776 2728 3846 2781 m.’

2352 2819 2430 2875 llli
2455 2820 2595 2876 enim
2620 2819 2688 2876 de
2716 2820 2804 2874 illo
2830 2819 3212 2890 loquebantur;
3244 2819 3324 2874 Tu
3355 2821 3524 2884 solus,
3552 2820 3843 2891 inquiunt,»

2353 2913 2584 2985 regrinus
2608 2929 2660 2967 es
2682 2913 2734 2966 in
2752 2911 3062 2978 Jerusalem,
3083 2922 3129 2967 et
3150 2928 3250 2968 non
3269 2913 3547 2985 cognouisti
3571 2927 3673 2984 qua
3695 2915 3843 2984 {nam

2352 3005 2633 3059 sacerdotes
2675 3013 2721 3058 ct
2767 3004 3017 3074 principes
3053 3003 3212 3058 nostri
3236 3002 3300 3058 de
3337 3003 3468 3060 Jesu
3511 3001 3768 3067 Nazarene,
3795 2999 3842 3069 qli

2352 3106 2459 3152 erat
2484 3107 2661 3167 potens
2692 3097 2744 3149 in
2769 3095 2918 3164 [actis
2955 3105 3002 3149 et
3029 3095 3206 3160 dictis,
3237 3096 3492 3167 quomodo
3533 3113 3638 3150 eum
3661 3093 3843 3160 cruciﬁx-

2353 3200 2471 3245 runt
2507 3200 2554 3244 et
2594 3189 2924 3244 occiderunt?
2953 3187 3066 3244 Nos
3092 3200 3259 3244 autent
3294 3190 3645 3258 sperabamus,
3666 3187 3761 3256 quia
3778 3185 3841 3253 ἔρα

2353 3293 2462 3338 erat
2485 3283 2835 3352 redempturus
2862 3279 3029 3336 Israel
3051 3280 3200 3354 (Luc.
3228 3298 3384 3349 ntv,
3415 3281 3620 3353 18-21).
3646 3280 3692 3336 lu
3718 3288 3840 3346 magno

2347 3378 2551 3448 jejunio
2578 3377 2834 3432 Dominus
2853 3385 3206 3446 remanserat,
3233 3377 3335 3433 nisi
3369 3377 3605 3434 reﬁceret
3618 3388 3727 3446 quos
3747 3383 3840 3423 von-

2353 3479 2455 3523 ret.
2478 3468 2608 3523 Nam
2638 3469 2826 3524 refecit
2843 3484 2938 3525 eos
2955 3509 2970 3536 ,
3001 3470 3309 3525 consolatus
3331 3478 3424 3525 est
3454 3483 3574 3533 eos,
3595 3460 3836 3522 confirmavit

2353 3574 2467 3622 eos,
2496 3569 2550 3614 et
2571 3559 2624 3614 in
2642 3574 2839 3630 corpus
2863 3575 3018 3615 suum
3043 3560 3307 3616 convertit
3331 3576 3450 3619 eos.
3469 3559 3585 3616 Fuit
3606 3571 3713 3628 ergo
3727 3552 3834 3608 ethoc

2351 3653 2514 3710 modo
2542 3653 2595 3710 in
2619 3655 2825 3724 jejunio
2856 3655 3115 3710 Dominus
3144 3665 3348 3711 noster.

2423 3748 2476 3804 5.
2496 3745 2564 3802 Et
2590 3748 2754 3802 oratio
2783 3763 2915 3814 inea,
2939 3746 3128 3818 inquit,
3153 3747 3205 3801 in
3225 3746 3399 3802 sinum
3418 3761 3573 3802 meum
3595 3742 3832 3797 calamum.

2353 3844 2410 3899 ln
2449 3843 2552 3898 hoc
2579 3845 2734 3914 plane
2765 3857 2923 3898 versu
2951 3856 3174 3912 magnus
3198 3841 3348 3896 sinus
3374 3849 3482 3904 est.
3510 3846 3561 3896 et
3583 3839 3758 3906 pnes-tet
3777 3826 3834 3880 Do-

2351 3937 2528 3992 minus
2560 3945 2617 3991 ut
2643 3935 2983 4006 penetrabilis
3021 3934 3175 3989 nobis
3205 3933 3314 3988 liat.
3350 3933 3408 3989 In
3435 3932 3549 3988 sinu
3572 3927 3693 3984 enim
3717 3931 3832 3976 secre-

2354 4040 2463 4086 tum
2502 4029 2824 4102 agnoscitur.
2853 4027 2917 4082 Et
2941 4026 3178 4098 quidem,
3209 4025 3433 4090 fratres,
3461 4034 3514 4080 et
3537 4035 3627 4076 nos
3652 4027 3771 4072 orare

2353 4124 2490 4181 bene
2514 4098 2862 4178 admonemur
2890 4123 2941 4175 in
2970 4121 3091 4182 sinu
3116 4130 3320 4186 nostro,
3360 4117 3449 4173 ubi
3479 4117 3610 4172 Deus
3631 4098 3833 4170 videt."bi

2353 4217 2498 4274 Deus
2517 4215 2682 4276 audit.
2706 4230 2812 4286 quo
2841 4213 3015 4268 nullus
3035 4211 3221 4268 oculus
3247 4209 3510 4266 humanus
3536 4205 3753 4277 penetral.
3769 4203 3832 4261 quo

2352 4329 2458 4369 non
2481 4310 2624 4366 videt
2649 4309 2746 4365 nisi
2769 4308 2858 4378 qui
2875 4308 3149 4369 subvenit;
3165 4305 3252 4360 ubi
3272 4305 3445 4360 oravit
3459 4301 3691 4358 Susanna,
3705 4298 3745 4347 et
3757 4295 3829 4338 cum

2352 4406 2469 4475 ejus
2492 4419 2591 4458 vox
2619 4402 2687 4458 ab
2725 4399 3030 4456 hominibus
3073 4411 3182 4454 non
3221 4395 3491 4452 audiretur
3511 4434 3525 4455 .
3549 4407 3577 4444 a
3603 4387 3826 4475 Deoia!!!“

2352 4472 2532 4551 audita
2557 4501 2642 4548 est
2663 4490 2822 4562 (Dan.
2847 4506 2978 4557 xm,
3003 4490 3103 4554 55,
3132 4486 3246 4560 ιιι).
3285 4487 3350 4542 Et
3381 4487 3479 4540 hoc
3507 4483 3630 4537 bene
3653 4472 3825 4562 admone

2352 4602 2472 4643 mur
2500 4602 2515 4640 :
2537 4584 2630 4640 sed
2656 4555 2710 4638 in
2739 4555 2972 4637 Domino
2991 4589 3174 4635 nostro
3199 4555 3398 4649 aliquid
3425 4575 3537 4647 plus
3563 4565 3769 4626 debemus
3783 4555 3824 4605 in~

2353 4679 2612 4748 telligere,
2640 4676 2762 4745 quia
2790 4684 2846 4730 et
2867 4674 2981 4744 ipse
3003 4672 3194 4730 oravit.
3227 4671 3290 4726 Et
3318 4669 3526 4739 quidem
3552 4657 3825 4748 cilicium

2353 4788 2461 4828 non
2485 4771 2822 4843 agnoscimus
2849 4767 2900 4822 in
2932 4762 3219 4837 Evangelio
3237 4761 3522 4819 secundum
3543 4739 3824 4843 litteram.

2347 4841 2608 4935 jejunium
2628 4860 2745 4932 ejus
2775 4868 3013 4929 tempore
3044 4854 3305 4927 passionis
3334 4849 3612 4911 secundum

2353 4921 2594 5026 adeoque
2636 4971 2700 5010 ea
2735 4950 3082 5022 exposuimus
3123 4948 3174 5002 in
3205 4947 3455 5018 allegoria
3485 4949 3540 4997 ct
3572 4921 3821 5026 Simiiiludtllt‘:

2353 5022 2520 5118 dicta,
2543 5061 2604 5105 ut
2640 5047 2926 5117 potuimus.
2958 5042 3262 5100 Orationem
3294 5056 3419 5096 vero
3447 5035 3555 5106 ejus
3575 5037 3624 5085 et
3643 5024 3698 5079 tle

2355 5097 2491 5110 υ..
2548 5097 2604 5105 ..-
2642 5097 2903 5117 rrum“
2973 5097 3012 5100 Γ
3074 5097 3078 5098 ν
3472 5097 3492 5106 _
3799 5101 3803 5105 '

2355 5097 2686 5201 auditiimtts:
2724 5138 2863 5194 Deus
2891 5153 3056 5200 meus,
3085 5133 3224 5190 Deus
3251 5150 3420 5194 meus,
3444 5122 3605 5198 utquid
3625 5097 3820 5208 utet-led:

2355 5199 2506 5308 φλέω
2529 5233 2697 5306 (mat.
2722 5247 2832 5296 χιι,
2857 5229 2924 5294 2;
2953 5199 3140 5282 Matth.
3172 5241 3342 5291 xsvtt,
3366 5219 3490 5291 46)?
3515 5211 3610 5272 scd
3631 5215 3675 5262 ⁸⁸
3697 5199 3819 5308 “fi

2357 5290 2571 5386 eramus
2594 5326 2632 5376 ⁸.
2660 5321 2884 5393 Quando
2911 5319 3054 5376 enim
3094 5332 3216 5375 eum
3243 5313 3515 5385 dereliquit
3541 5307 3694 5363 Pater.
3714 5305 3736 5344 a

2357 5432 2627 5488 nunquam
2666 5413 2944 5471 discessit?
2969 5412 3216 5482 Legimus
3256 5409 3416 5465 etiam
3444 5404 3492 5459 in
3534 5381 3819 5488 monte
3867 5429 3870 5444 .

2358 5474 2528 5571 solum
2549 5511 2730 5567 Iesum
2747 5549 2761 5571 ,
2787 5508 3012 5578 legimus
3033 5515 3375 5576 pernoctasse
3399 5502 3449 5557 in
3470 5474 3815 5590 oratione

2356 5557 3308 5673 αξ
3325 5557 3438 5658 in,
3461 5588 3544 5651 εει
3563 5579 3668 5637 ιυιο
3683 5581 3737 5631 Vl:
3750 5557 3804 5620 ﬂ)

3895 2165 3900 2467 l

3893 2467 3900 2556 Ι

3889 2742 3900 2836 l

3887 2836 3900 2927 l

3889 4419 3900 4519 l

2427 5791 2438 5818 ¹
2478 5788 2547 5835 Sic
2569 5790 2674 5833 Mss.
2697 5789 2751 5833 At
2773 5780 3134 5839 Md.,orantus.
3499 5809 3541 5838 ε..
3580 5823 3590 5833 ,
3636 5795 3695 5825 λιη
3795 5773 3802 5798 ³

3439 5915 3458 5921 ..
3490 5898 3528 5922 ρι
3567 5889 3592 5918 i-
3634 5882 3655 5907 ”
3686 5877 3706 5904 ¹¹¹
3732 5859 3800 5905 ³-θύ
