3960 6410
113 428 195 507 τι
1157 435 1557 494 ENARRATIO
1594 436 1657 493 IN
1701 436 2022 501 PSALMUM
2064 444 2299 501 XXXIV.

108 566 159 621 ln
182 564 326 618 sinum
361 571 483 629 ergo
520 570 678 611 meum
724 562 1035 610 convertatur
1077 553 1239 611 oratio
1269 571 1398 608 mea.
1442 551 1634 611 Nescio

106 656 205 729 quid
232 652 406 709 melius
431 650 714 719 intelligam
737 647 803 703 de
822 648 1044 703 Domino
1063 664 1075 700 :
1096 646 1305 701 interim
1336 662 1475 702 nunc
1495 647 1635 719 quod

104 747 329 807 occurrit,
362 744 495 799 forte
544 742 727 797 melius
766 740 966 812 aliquid
1014 751 1196 810 postea
1242 751 1522 806 occurret,
1552 740 1636 795 vel

103 841 224 903 mihi,
243 836 317 891 vel
340 835 579 905 cuiquam
609 834 834 898 meliori,
864 834 914 886 in
940 832 1107 886 sinum
1132 848 1295 884 meum
1322 841 1638 885 convertatur

102 930 234 987 oratio
260 943 381 991 mea,
415 926 516 979 hoc
539 924 774 995 intelligo
795 922 1016 990 dictum,
1040 922 1160 993 quia
1189 924 1241 976 in
1273 923 1392 977 sinu
1416 939 1515 975 suo
1538 921 1635 975 ha-

99 1023 227 1078 bebat
260 1020 481 1074 Patrem.
526 1017 662 1073 Dens
704 1017 847 1073 enim
877 1028 991 1071 erat
1032 1015 1084 1069 itt
1124 1011 1335 1069 Christo
1379 1016 1636 1069 mundum

98 1112 403 1171 reconcilians
423 1110 522 1165 sibi
549 1109 608 1183 (ll
623 1109 738 1164 Cor.
756 1126 807 1169 v.
833 1110 942 1179 19).
966 1107 1024 1163 In
1046 1123 1104 1163 se
1126 1106 1351 1163 habebat
1369 1123 1523 1177 quem
1541 1107 1636 1163 de-

99 1213 367 1279 precaretur
390 1220 404 1257 :
434 1219 540 1257 non
568 1210 683 1257 erat
704 1199 770 1255 ab
791 1201 881 1256 illo
907 1200 1083 1271 longe,
1108 1200 1228 1271 quia
1257 1200 1368 1269 ipse
1388 1199 1633 1253 dixerat:

100 1299 187 1370 Ego
208 1298 254 1352 in
283 1294 454 1361 Patre,
483 1304 532 1348 et
559 1294 713 1348 Pater
735 1295 787 1347 in
813 1310 891 1348 me
926 1303 1000 1347 est
1036 1290 1213 1362 (Joan.
1244 1306 1349 1353 xiv,
1387 1290 1453 1346 10
1462 1306 1497 1359 ).
1528 1288 1632 1345 Sed

98 1395 189 1464 quia
224 1390 385 1446 oratio
422 1387 492 1442 ad
539 1389 709 1461 ipsum
752 1386 917 1457 magis
946 1384 1215 1439 hominem
1247 1382 1515 1453 pertinet:
1547 1396 1633 1436 se-

98 1483 285 1540 cundum
311 1480 448 1536 enim
480 1478 620 1550 quod
645 1477 875 1535 Verbum
907 1486 992 1533 est
1030 1476 1275 1531 Christus
1295 1516 1309 1539 ,
1342 1488 1447 1529 non
1474 1483 1592 1527 orat
1616 1515 1631 1540 ,

98 1571 407 1637 sedexaudit;
438 1579 493 1626 et
543 1584 647 1625 non
677 1569 775 1624 sibi
817 1568 1090 1623 Subveniri
1119 1565 1344 1637 quan-it,
1386 1564 1480 1620 sed
1512 1579 1632 1618 etttn

100 1666 221 1721 Patre
244 1661 483 1717 erunibus
512 1660 761 1717 subvenit
793 1678 806 1713 :
836 1657 961 1730 quid
986 1668 1067 1713 est
1089 1700 1102 1724 ,
1134 1656 1312 1712 Oratio
1340 1673 1450 1710 mea
1478 1656 1531 1709 in
1559 1655 1631 1709 si-

98 1773 189 1811 num
210 1762 706 1820 nteuntconvertetur,
729 1752 827 1806 nisi
848 1793 863 1817 ,
896 1751 947 1805 itt
978 1750 1181 1822 meipso
1210 1748 1537 1814 humanitas,
1572 1745 1625 1801 iu

101 1848 265 1919 meipso
292 1843 594 1915 interpellat
628 1840 995 1897 divinitatem?

150 1941 190 1993 6.
233 1933 372 2010 [νει-ε.
417 1933 535 2009 11.]
568 1935 714 1991 Sicut
752 1933 1069 2005 proximum,
1116 1931 1247 1987 sicut
1284 1936 1494 2003 fratrem
1537 1945 1636 1983 no-

99 2040 244 2093 strum,
270 2028 337 2083 ita
370 2027 747 2099 complacebam
774 2043 792 2081 :
820 2034 1058 2096 tanquam
1085 2025 1259 2096 lugens
1285 2036 1331 2078 et
1361 2022 1633 2077 contrista-

98 2136 176 2189 ttts,
198 2123 258 2175 ita
280 2119 604 2175 humiliabar.
636 2118 714 2173 Ad
736 2132 929 2188 corpus
950 2133 1101 2171 suum
1126 2115 1343 2185 reSpicit
1364 2134 1375 2167 ;
1398 2113 1508 2183 jam
1538 2127 1635 2168 nos

97 2213 161 2270 hic
178 2213 448 2270 videamus.
476 2210 710 2281 Quando
732 2209 1026 2284 gaudemus
1054 2208 1104 2262 itt
1132 2211 1395 2272 oratione,
1422 2206 1635 2276 quando

97 2324 212 2366 mens
236 2318 402 2365 nostra
429 2315 742 2370 sereuatur,
773 2323 878 2359 nott
905 2303 1254 2374 prosperitate
1282 2301 1465 2355 Surculi
1484 2342 1498 2363 ,
1533 2297 1626 2353 sed

97 2401 183 2457 luce
202 2400 422 2456 veritatis
446 2416 460 2453 :
484 2399 582 2469 qui
601 2399 760 2453 sentit
782 2396 918 2451 hanc
940 2396 1132 2459 lucem,
1150 2392 1293 2446 novit
1324 2390 1465 2461 quod
1489 2390 1631 2454 dico,

96 2504 132 2549 ct
150 2492 272 2549 videt
299 2493 398 2559 hic,
429 2490 786 2562 agnoscitque
809 2486 949 2561 quod
977 2486 1173 2540 dictum
1201 2494 1280 2538 est
1297 2523 1313 2548 ,
1336 2481 1481 2537 Sicut
1510 2498 1631 2552 pro-

95 2586 274 2652 ximum,
301 2584 425 2639 sicut
464 2582 688 2653 fratrem
715 2590 964 2645 nostrum,
994 2579 1065 2631 ita
1107 2574 1500 2646 complacebam.
1546 2572 1636 2627 Sic

95 2681 202 2735 enim
227 2690 340 2733 tunc
366 2675 552 2731 anima
595 2675 767 2744 placet
802 2672 911 2727 Deo
935 2713 950 2733 ,
997 2686 1100 2725 non
1125 2668 1283 2738 longe
1324 2666 1533 2736 posita;
1569 2662 1633 2716 In

93 2770 188 2836 illo,
211 2768 391 2841 inquit,
418 2781 688 2822 uincentur
709 2774 756 2819 et
775 2780 947 2819 sumus
974 2761 1107 2833 (Act.
1139 2774 1246 2813 xvu
1271 2799 1284 2821 ,
1307 2758 1402 2827 28)
1436 2774 1449 2810 :
1484 2756 1634 2827 quasi

94 2863 396 2935 latri,quasi
425 2861 765 2933 propinquo,
797 2856 949 2929 quasi
994 2853 1185 2910 amico.
1228 2853 1284 2907 Si
1325 2860 1499 2905 autem
1531 2865 1636 2903 non

96 2967 157 3013 est
180 2957 297 3024 talis,
321 2968 375 3011 ut
401 2956 584 3028 possit
611 2954 688 3009 sic
707 2952 959 3024 gaudere,
982 2950 1058 3005 sic
1084 2948 1290 3019 lulgere
1319 2947 1335 2978 ¹
1356 2988 1372 3012 ,
1398 2944 1475 3001 sic
1507 2959 1623 3013 pro-

96 3051 321 3123 pinquarc,
350 3051 423 3106 sic
452 3048 768 3114 adlucrere,
792 3054 845 3101 et
867 3043 1010 3099 videt
1031 3042 1185 3111 longe
1210 3056 1268 3095 se
1294 3039 1447 3102 inde;
1479 3037 1635 3092 laniat

95 3142 201 3213 quod
221 3144 442 3215 sequitur
464 3162 477 3197 :
516 3139 783 3212 Tanquam
809 3138 982 3208 lugens
1006 3144 1052 3188 et
1077 3133 1417 3195 contristatus,
1435 3131 1506 3182 itu
1534 3132 1632 3181 Im-

96 3234 298 3288 ntiliabar.
338 3232 404 3289 Ut
426 3237 651 3305 fratrem
681 3239 907 3283 nostrum
931 3266 947 3293 ,
976 3229 1047 3280 ita
1076 3223 1446 3292 complacebam
1465 3262 1480 3287 ,
1512 3233 1632 3289 pro-

96 3324 308 3395 pinquans
330 3324 511 3380 dixit:
549 3319 619 3376 Ut
648 3320 824 3391 lugens
847 3327 895 3371 et
924 3316 1270 3373 contristatus,
1298 3314 1370 3366 sic
1394 3310 1638 3365 humilia-

96 3418 175 3481 bar,
194 3425 409 3473 remotus
433 3424 495 3471 et
531 3413 687 3483 longe
710 3410 911 3480 positus
955 3407 1106 3461 dixit.
1130 3405 1265 3473 Quid
1291 3403 1434 3459 enim
1465 3402 1631 3472 luget,

98 3510 172 3563 nlsi
192 3510 313 3581 quod
338 3509 621 3566 desiderat
649 3512 703 3559 et
727 3518 830 3573 non
855 3501 1049 3555 habet?
1082 3499 1147 3554 Et
1177 3513 1554 3567 nonnunquam
1586 3496 1638 3551 in

96 3617 177 3658 uno
196 3601 390 3659 homine
413 3612 709 3670 utrumque
729 3595 1006 3665 contingit,
1030 3603 1080 3648 ut
1112 3592 1395 3663 aliquando
1425 3590 1638 3661 propino

95 3707 208 3768 quct,
235 3705 281 3753 et
302 3694 599 3769 aliquando
628 3694 780 3761 longe
808 3688 927 3743 llat:
957 3685 1270 3757 propinquat
1299 3685 1416 3739 luce
1445 3685 1638 3739 verita-

98 3792 163 3855 tis,
185 3792 320 3863 longe
344 3792 398 3847 lit
423 3786 620 3846 nubilo
641 3778 837 3843 ca't‘ltis.
863 3778 1045 3851 Neque
1065 3779 1205 3832 enim
1233 3820 1247 3842 ,
1276 3778 1465 3830 fratres
1481 3817 1496 3842 ,
1531 3774 1640 3829 Deo

97 3886 162 3954 qui
186 3886 360 3957 ubique
391 3893 472 3942 est
508 3924 523 3949 ,
545 3890 597 3937 et
618 3879 764 3935 nullo
789 3878 1093 3932 continetur
1121 3876 1257 3939 loco,
1289 3878 1378 3925 aut
1409 3885 1503 3941 per
1526 3868 1637 3921 loca

97 3981 501 4051 propinquamus,
527 3986 619 4031 aut
639 3973 705 4027 ab
731 3971 823 4027 illo
858 3986 950 4039 per
977 3971 1087 4023 loca
1122 3982 1475 4023 renmvenmr.
1511 3965 1642 4019 Pro-

99 4070 308 4141 piuquare
335 4071 442 4135 illi,
469 4077 563 4123 est
595 4064 821 4121 similem
852 4062 924 4117 illi
956 4060 1100 4123 lieri;
1130 4059 1382 4115 recedere
1408 4059 1475 4112 ab
1516 4056 1605 4112 illo
1624 4098 1640 4123 ,

97 4160 362 4217 dissimilem
392 4161 467 4217 illi
506 4157 642 4213 licri.
673 4155 856 4212 Nonne
879 4169 1000 4209 cum
1033 4152 1180 4207 vides
1203 4150 1336 4206 duas
1362 4165 1447 4206 res
1479 4165 1642 4220 prope

98 4257 279 4321 similes,
297 4256 445 4320 dicis,
474 4250 807 4322 Propinquat
834 4246 946 4302 lucc
975 4246 1085 4301 illi?
1108 4245 1174 4301 Et
1194 4244 1403 4315 quando
1428 4244 1518 4296 tibi
1536 4242 1644 4297 dis-

97 4349 249 4402 similia
276 4348 732 4406 demonstrantur,
769 4339 1011 4412 quamvis
1038 4356 1140 4392 uno
1169 4337 1290 4392 loco
1326 4345 1379 4390 et
1408 4337 1641 4405 plerum-

100 4454 177 4507 quc
198 4455 289 4494 una
312 4455 467 4494 manu
493 4443 795 4497 teneantur,
818 4432 973 4497 dicis,
997 4430 1175 4501 Longe
1195 4440 1274 4484 est
1302 4429 1415 4483 Inuc
1439 4428 1644 4498 species

98 4532 148 4585 ab
166 4532 275 4588 illa?
295 4532 493 4588 Ambas
518 4539 692 4594 tenes,
716 4525 897 4579 ambas
918 4523 1179 4595 adjuugis,
1199 4533 1250 4577 et
1276 4522 1430 4585 dicis,
1469 4522 1644 4588 Longe

98 4634 161 4675 est
186 4623 287 4679 haec
316 4638 400 4679 res
430 4623 497 4676 ab
520 4620 608 4675 illa
631 4637 645 4672 :
672 4633 773 4672 non
807 4614 987 4687 utique
1009 4615 1158 4675 loco,
1191 4612 1285 4667 sed
1310 4613 1645 4667 dissimilitu-

96 4713 210 4769 dine.
230 4715 279 4772 Si
310 4731 438 4787 ergo
472 4712 556 4767 vis
580 4710 1040 4781 appropinquare,
1065 4704 1254 4760 similis
1279 4714 1395 4759 esto
1420 4724 1433 4759 :
1462 4706 1507 4760 si
1540 4720 1643 4758 non

96 4806 159 4859 vis
200 4823 310 4863 esse
349 4807 575 4866 similis.
620 4798 1008 4871 longinquabis.
1036 4795 1289 4852 Sedcqu
1328 4795 1515 4849 similis
1548 4810 1642 4859 cs,

94 4897 266 4964 gaude;
292 4913 411 4953 eum
437 4894 729 4957 dissimilis,
759 4906 911 4962 gemo
945 4908 957 4943 :
988 4900 1039 4943 ut
1070 4888 1297 4959 gemitus
1327 4888 1520 4941 excitet
1549 4886 1646 4939 de-

94 4990 335 5055 siderium,
360 4992 468 5045 imo
492 4985 813 5043 desiderium
836 4983 1029 5038 excitet
1052 4982 1330 5054 gemitum,
1357 4990 1408 5035 et
1433 4996 1527 5051 per
1552 4994 1645 5050 ge-

94 5082 250 5137 mitum
280 5083 635 5153 propinques,
666 5079 757 5149 qui
788 5091 1029 5146 imperas
1060 5074 1423 5143 longinquam.
1458 5069 1643 5125 Nonne

96 5171 254 5229 Petrus
273 5174 667 5247 propittqttavit,
694 5170 907 5243 quando
933 5169 1064 5223 dixit
1088 5188 1099 5220 :
1122 5166 1202 5221 Tu
1223 5184 1273 5219 es
1299 5164 1526 5220 Christus
1553 5161 1645 5215 Fi-

93 5267 173 5319 lius
199 5267 285 5323 Dei
314 5270 449 5324 rivi?
476 5269 535 5324 Et
581 5282 792 5322 rursum
828 5264 966 5319 idem
1006 5260 1120 5333 ipse
1159 5261 1312 5331 longe
1357 5259 1526 5314 lactus
1564 5266 1647 5312 est

92 5357 292 5415 dicendo
319 5380 331 5415 :
363 5362 593 5426 Domine,
624 5358 752 5413 absit
791 5375 822 5410 a
850 5352 929 5421 te,
959 5372 1058 5409 non
1099 5355 1183 5423 [iet
1212 5352 1367 5406 istud.
1408 5351 1644 5421 Denique

96 5460 316 5521 tauquam
364 5454 635 5524 proximus
674 5450 799 5523 quid
840 5450 969 5504 dixit
1011 5444 1421 5518 propinquanti?
1461 5443 1644 5497 Beatus

94 5556 160 5605 es,
183 5543 351 5599 Simon
370 5545 611 5617 Barjona.
637 5544 908 5614 Tanquam
934 5539 1296 5611 longinqnanti
1324 5548 1376 5592 et
1406 5536 1645 5591 dissimili

95 5633 202 5698 quid
222 5636 344 5691 dixit
371 5634 530 5691 :Redi
558 5646 712 5701 retro,
739 5646 960 5689 satanas.
994 5634 1066 5687 Illi
1093 5632 1461 5702 propinquanti
1488 5647 1499 5682 :
1525 5626 1645 5683 Non

97 5727 170 5778 tibi
194 5731 415 5783 revelarit
441 5748 554 5786 caro
591 5742 640 5786 et
669 5729 873 5800 sanguis
892 5771 906 5793 ,
937 5726 1102 5797 inquit
1123 5768 1135 5787 ,
1188 5728 1275 5779 sed
1325 5724 1475 5777 Pater
1508 5738 1645 5774 meus

95 5820 170 5885 qui
192 5820 240 5874 in
256 5821 388 5877 ralis
413 5834 480 5878 est
497 5840 515 5879 :
535 5825 674 5879 illius
691 5825 779 5878 lux
804 5830 856 5878 te
877 5819 1129 5892 perfudit,
1152 5819 1291 5875 illius
1307 5818 1427 5874 luce
1452 5816 1646 5887 tulgcs.

151 5953 167 5983 ⁸
197 5956 320 6021 Hd,
356 5959 531 6023 fugere.
567 5962 731 6011 \tt-lius
758 5968 845 6009 uss
871 5994 881 6015 ,
917 5957 1115 6023 fulgere.

3227 452 3332 511 558

1741 559 1964 629 Quando
1980 570 2155 617 autem
2178 562 2333 633 longe
2350 564 2518 618 iactus
2533 564 2851 621 contradixit
2870 569 3100 636 passioni
3120 570 3331 627 Domini

1743 651 1935 707 futura:
1958 668 2053 723 pro
2078 654 2250 708 salute
2276 664 2457 709 nostra
2482 673 2494 709 :
2521 656 2641 711 Non
2667 659 2835 727 sapis,
2870 659 3071 728 inquit,
3094 677 3206 732 qua?
3233 663 3332 720 Dei

1743 746 1984 801 suntsed
1999 760 2111 805 qua!
2128 755 2244 799 sunt
2258 745 2511 799 hominum
2530 746 2739 818 (Matth.
2766 763 2874 810 xvt,
2900 748 2985 813 16,
3003 750 3327 824 17,22,215).

1743 833 1932 889 Merito
1959 836 2142 891 ambas
2167 851 2251 891 res
2282 851 2484 906 ponens
2509 838 2718 905 quidam
2753 840 2804 892 itt
2835 840 3039 908 psnlmo
3068 843 3143 896 ait
3168 859 3183 896 ζ
3213 842 3325 915 Ego

1743 928 1850 983 dixi
1878 929 1930 982 in
1952 931 2130 985 ecstasi
2157 948 2266 984 mea
2292 948 2310 985 :
2337 933 2587 1002 projectus
2611 949 2723 985 sum
2745 949 2775 985 a
2800 934 2928 1004 facie
2943 936 3199 989 oculorum
3218 947 3329 991 tuo-

1741 1038 1853 1075 rum
1885 1022 2057 1095 (Ps/tl.
2084 1040 2210 1085 xxx.
2239 1025 2353 1095 25).
2390 1025 2443 1079 lu
2471 1026 2663 1079 ecstasi
2688 1040 2791 1079 non
2821 1026 3043 1092 diceret,
3074 1030 3173 1085 nisi
3206 1046 3330 1100 pro-

1743 1114 2058 1185 pinquaret:
2088 1116 2309 1170 ecstasis
2334 1118 2474 1171 enim
2503 1117 2693 1172 mentis
2724 1132 2976 1173 excessus
3004 1130 3105 1176 est.
3130 1121 3330 1177 Ell‘udit

1742 1223 1905 1276 super
1929 1223 1987 1263 se
2017 1210 2249 1265 animam
2278 1225 2427 1265 suam
2448 1252 2462 1273 ,
2488 1220 2539 1267 et
2562 1212 2932 1280 propinquavit
2968 1212 3073 1267 Deo
3107 1231 3118 1265 :
3150 1224 3202 1268 et
3233 1231 3330 1285 per

1740 1300 2023 1370 quamdam
2056 1303 2271 1369 nubem,
2298 1302 2605 1373 pondusque
2634 1304 2811 1358 carnis
2837 1318 3020 1359 rursus
3050 1306 3099 1360 in
3130 1315 3323 1363 terram

1741 1395 2041 1463 projectus,
2078 1395 2327 1451 recolens
2357 1396 2443 1448 ubi
2477 1396 2694 1461 luisset,
2727 1404 2781 1449 et
2816 1396 3000 1451 videns
3030 1398 3117 1452 ubi
3148 1409 3325 1467 esset,

1740 1486 1908 1540 dixit:
1951 1485 2217 1557 Projcctus
2246 1504 2358 1541 sum
2383 1505 2413 1541 a
2454 1489 2584 1560 facie
2612 1490 2874 1543 oculorunt
2904 1500 3125 1544 tuorum.
3159 1490 3322 1562 Ergo,

1742 1577 1885 1632 Sicut
1915 1581 2202 1650 proximum
2222 1621 2238 1646 ,
2266 1581 2393 1634 sicut
2422 1585 2628 1653 fratrem
2656 1592 2879 1636 nostrum
2898 1625 2911 1648 ,
2952 1584 3021 1637 ita
3048 1583 3327 1654 complaca-

1738 1668 1873 1737 bam,
1905 1682 2118 1740 pncstct
2147 1683 2205 1726 ιιι
2236 1674 2324 1726 liat
2353 1672 2404 1726 in
2438 1673 2610 1728 nobis.
2644 1673 2870 1739 Quando
2899 1685 3075 1730 autem
3106 1690 3210 1730 non
3245 1676 3322 1743 lit,

1738 1762 1823 1817 vel
1856 1763 1955 1818 ltoc
1981 1764 2092 1829 liat,
2128 1762 2389 1835 Tanquam
2419 1765 2593 1836 lugens
2621 1776 2667 1819 et
2690 1768 3034 1835 contristatus,
3060 1768 3130 1821 ita
3156 1769 3326 1821 humi-

1738 1854 1919 1913 liabar.

1810 1953 1860 2007 7.
1897 1951 2046 2026 [rcrs.
2089 1952 2204 2025 15.]
2232 1951 2298 2006 Et
2341 1952 2577 2007 adversus
2628 1969 2705 2005 me
2734 1951 2890 2007 (tutati
2908 1961 3023 2007 sunt
3059 1962 3104 2005 et
3147 1968 3326 2007 conve-

1738 2058 1939 2113 nerunt,
1969 2047 2020 2101 in
2053 2062 2237 2099 unum.
2277 2044 2354 2099 illi
2387 2045 2511 2108 lani,
2540 2058 2640 2114 ego
2677 2044 2865 2098 tristis.
2902 2044 3010 2099 Sed
3040 2042 3199 2098 modo
3226 2059 3324 2098 au-

1741 2139 1971 2195 divimus
1998 2141 2049 2194 in
2086 2138 2393 2209 Evangelio,
2433 2137 2574 2192 Beati
2605 2138 2691 2207 qui
2720 2140 2887 2205 lugent
2914 2137 3126 2209 (Matth.
3155 2154 3209 2204 v,
3241 2136 3323 2209 5).

1740 2232 1794 2290 Si
1824 2235 1962 2289 beati
1992 2232 2083 2301 qui
2125 2234 2324 2303 lugent,
2373 2230 2553 2285 miseri
2602 2232 2688 2300 qui
2720 2231 2911 2285 rident.
2952 2228 3205 2284 Adversus
3248 2246 3327 2283 me

1740 2327 1895 2381 ltetati
1921 2334 2037 2379 sunt
2065 2334 2112 2378 et
2155 2332 2490 2377 convenerunt
2522 2340 2538 2376 :
2567 2332 2868 2392 congregata
2895 2331 3010 2375 sunt
3054 2322 3107 2374 in
3132 2338 3210 2374 nte
3229 2322 3330 2390 ﬂa-

1739 2420 1891 2490 gelltt.
1916 2427 1959 2472 et
1980 2418 2351 2490 ignoraverunt.
2383 2416 2643 2482 Quoniam
2670 2429 2787 2481 qua:
2828 2412 3132 2483 ignorabam
3161 2412 3327 2467 inter-

1740 2512 1996 2582 rogabant
2022 2524 2129 2576 me,
2175 2519 2226 2564 et
2263 2508 2363 2578 ipsi
2394 2508 2772 2577 ignoraverunt
2815 2520 2972 2574 quem
3031 2505 3326 2573 interroga-

1740 2613 1879 2658 rent.

1811 2696 1864 2749 8.
1894 2691 2044 2765 [vers.
2074 2690 2187 2763 16.]
2216 2690 2292 2764 (a)
2318 2688 2652 2743 Tentavcrunt
2677 2703 2772 2751 me,
2800 2695 2848 2740 et
2893 2686 3326 2741 subsannaverunt

1742 2803 1820 2839 me
1860 2784 2267 2838 subsannntioue.
2312 2781 2367 2834 ld
2400 2789 2503 2845 est,
2557 2778 2835 2832 irriserunt
2881 2792 2988 2841 me,
3034 2776 3324 2831 insultave-

1741 2886 1865 2932 runt
1887 2874 2015 2928 milti
2048 2892 2061 2927 :
2096 2873 2196 2926 hoc
2234 2871 2419 2940 capiti,
2449 2869 2550 2923 hoc
2591 2867 2823 2936 corpori.
2875 2866 3165 2930 Attenditc,
3220 2867 3329 2920 fra-

1744 2980 1871 3033 tres,
1903 2968 1967 3021 ad
1997 2967 2218 3037 gloriam
2261 2963 2531 3027 Ecclesim,
2577 2976 2695 3030 qua)
2746 2974 2887 3014 nunc
2932 2967 3033 3023 est;
3077 2957 3324 3027 respicite

1741 3059 2029 3131 Opprobria
2051 3057 2165 3126 ejus
2188 3055 2480 3126 prieterita,
2500 3051 2750 3119 respicite
2780 3048 3059 3117 aliquando
3086 3046 3324 3117 undique

1743 3155 1949 3226 fugatos
1976 3166 2096 3206 esse
2122 3149 2473 3212 Christianos,
2521 3154 2575 3201 et
2613 3144 2938 3211 ubicumque
2967 3141 3233 3206 inventos,
3261 3140 3329 3195 il-

1743 3248 1904 3311 lusos,
1939 3257 2128 3307 caesos,
2161 3241 2386 3305 occisos,
2441 3238 2623 3292 bestiis
2650 3236 2907 3303 obiectos,
2933 3234 3197 3297 incensos,
3230 3232 3327 3286 lte-

1744 3348 1881 3393 tatos
1907 3336 2151 3391 homines
2176 3333 2435 3387 adversus
2459 3329 2595 3383 illos.
2626 3326 2777 3396 Quod
2805 3326 2986 3396 capiti,
3012 3326 3113 3378 hoc
3133 3332 3187 3377 et
3211 3338 3329 3377 eor-

1744 3432 1858 3501 puri
1903 3432 2049 3486 Sient
2076 3427 2217 3482 cuint
2248 3424 2470 3478 Domino
2506 3422 2559 3475 iu
2603 3434 2785 3480 cruce.
2818 3419 2896 3472 sic
2924 3418 3135 3487 corpori
3160 3416 3329 3486 ipsius

1746 3525 1796 3579 in
1819 3522 1966 3579 omni
1996 3521 2081 3575 illa
2108 3535 2226 3590 qua:
2248 3517 2355 3587 jam
2383 3516 2514 3569 faeta
2554 3522 2635 3567 est
2665 3509 3033 3581 persecutione
3062 3528 3073 3561 :
3106 3523 3205 3563 nec
3224 3509 3320 3563 de-

1745 3616 1926 3670 sinunt
1955 3613 2114 3667 etiam
2162 3624 2302 3664 nunc
2348 3606 2742 3678 persecutiones
2784 3603 3042 3672 ipsorum.
3075 3601 3326 3657 Ubicum-

1745 3726 1848 3781 que
1874 3706 2173 3762 invenerint
2198 3703 2568 3762 christianum,
2612 3697 2786 3752 solent
2819 3696 3093 3757 insultare.
3140 3694 3329 3764 exagi-

1748 3812 1879 3862 tare,
1904 3797 2144 3861 irriderc,
2167 3810 2358 3847 vocare
2381 3792 2649 3855 hebetem,
2683 3788 2963 3853 insulsum,
2995 3787 3186 3842 nullius
3211 3801 3333 3843 cor-

1746 3896 1850 3963 dis,
1884 3893 2077 3950 nullius
2126 3889 2352 3963 peritim.
2382 3883 2644 3956 Quidquid
2686 3882 2867 3939 volunt
2916 3882 3127 3947 faciam,
3179 3880 3334 3937 Cltri-

1748 4002 1861 4045 stus
1890 3989 1940 4042 in
1967 3986 2104 4040 cmlo
2130 3994 2250 4037 est:
2284 3978 2538 4051 quidquid
2572 3977 2753 4029 volunt
2794 3974 3009 4033 faciant,
3054 3972 3335 4025 honoravit.

1748 4085 1838 4139 ille
1862 4095 2068 4152 prunam
2096 4090 2265 4140 suam,
2295 4073 2404 4141 jam
2424 4084 2637 4125 crucem
2660 4083 2809 4120 suam
2835 4066 2885 4117 in
2912 4064 3153 4118 omnium
3186 4062 3331 4117 fron-

1750 4177 1890 4231 tibus
1919 4174 2030 4227 ﬁxit
2064 4170 2291 4238 :impius
2318 4165 2569 4221 insultare
2607 4159 2946 4231 permittitur,
2976 4158 3163 4211 s:t:vir(‘
3222 4170 3327 4209 non

1749 4266 2104 4340 permittitur;
2134 4260 2225 4317 sed
2256 4270 2430 4314 tamen
2459 4271 2521 4309 ex
2556 4268 2621 4308 co
2651 4251 2789 4323 quod
2814 4250 2987 4318 lingua
3013 4249 3225 4317 promit,
3250 4248 3329 4301 in-

1750 4362 2004 4431 telligitnr
2033 4356 2157 4428 quid
2188 4362 2358 4426 gestet
2379 4353 2431 4407 itt
2462 4349 2643 4405 corde.
2675 4345 2967 4402 Strideruut
3000 4344 3049 4397 in
3092 4360 3170 4398 me
3207 4344 3333 4397 den-

1751 4456 1880 4509 tibus
1905 4453 2030 4507 suis.

1822 4540 2190 4619 9.[rers.17].
2244 4538 2475 4599 Domine,
2528 4532 2730 4606 quando
2797 4529 3064 4599 respicies?
3114 4527 3340 4583 Rcstitue

1750 4640 1973 4693 animum
2015 4651 2178 4690 meam
2227 4635 2289 4685 ab
2331 4628 2525 4683 astutiis
2574 4634 2764 4685 eorum,
2815 4641 2845 4675 a
2873 4621 3095 4675 leonibus
3138 4622 3336 4673 unicam

1753 4749 1934 4787 meam.
1964 4728 2128 4783 Nobis
2151 4726 2293 4782 enim
2322 4722 2527 4777 tardntn
2569 4727 2671 4780 est,
2702 4727 2755 4769 et
2796 4731 2860 4767 ex
2901 4712 3122 4781 persona
3156 4722 3334 4765 nostra

1754 4824 1855 4879 ltoc
1875 4822 2074 4876 dictum
2105 4828 2205 4882 ρει,
2238 4812 2453 4883 Quando
2480 4807 2751 4877 respicies?
2780 4805 2828 4858 id
2860 4812 2964 4866 est,
2992 4801 3206 4870 quando
3258 4802 3336 4854 vi-

1752 4914 1997 4970 debimus
2020 4907 2303 4962 vindictam
2320 4903 2388 4957 de
2412 4902 2495 4956 his
2520 4899 2609 4969 qui
2635 4897 2789 4951 nobis
2812 4893 3104 4949 insultant?
3125 4892 3339 4962 quando

1753 5007 1896 5063 illam
1949 5002 2158 5056 viduam
2202 4998 2367 5068 judex
2416 4992 2573 5048 taedio
2648 4990 2819 5043 victus
2869 4985 3213 5041 exauditurns
3258 4994 3340 5040 est

1752 5097 1903 5171 (Luc.
1936 5109 2083 5159 xvtn,
2111 5092 2200 5163 5)?
2232 5088 2604 5143 Verumtamen
2624 5081 2790 5151 jndex
2816 5089 2998 5133 noster
3027 5094 3129 5131 non
3159 5077 3335 5143 tanlio,

1753 5190 1848 5246 St'd
1896 5202 2077 5242 amore
2125 5183 2303 5238 diliert
2353 5181 2575 5233 salutem
2622 5186 2893 5234 nostram;
2964 5171 3189 5233 ratione,
3233 5182 3340 5220 non

1754 5282 1962 5351 inopia;
1996 5294 2099 5332 non
2128 5275 2249 5346 quia
2278 5288 2381 5327 non
2417 5279 2588 5341 potest
2622 5277 2672 5322 et
2701 5265 2859 5319 modo
2902 5263 3205 5324 subvenire,
3243 5258 3339 5313 sed

1754 5389 1814 5434 ut
1840 5388 2094 5431 numerus
2137 5369 2374 5423 omnium
2423 5373 2663 5419 nostrum
2714 5373 2879 5429 usque
2905 5356 2956 5409 in
2988 5355 3142 5409 linem
3173 5351 3341 5421 possit

1754 5470 1980 5542 impleri.
2009 5466 2077 5521 Et
2116 5474 2291 5520 tamen
2342 5476 2439 5515 nos
2483 5473 2549 5514 cx
2596 5452 2857 5510 desiderio
2903 5448 3026 5518 quid
3076 5445 3340 5499 dicimus?

1755 5566 1989 5628 Domine,
2017 5560 2219 5627 quando
2255 5553 2526 5626 respicies?
2568 5548 2791 5604 Restitue
2817 5544 3038 5596 animum
3066 5556 3228 5593 meam
3276 5537 3340 5591 ab

1753 5660 1951 5715 astutiis
1977 5670 2147 5708 eorum
2176 5693 2191 5714 ,
2220 5667 2252 5703 α
2301 5646 2526 5702 leonibus
2573 5642 2773 5695 unicam
2808 5651 2968 5689 meum
2992 5649 3009 5687 :
3034 5631 3084 5687 id
3123 5639 3206 5685 est
3240 5629 3340 5684 Ec.

1752 5754 1971 5811 clesiatu
1999 5762 2169 5804 meam
2197 5761 2225 5798 a
2257 5738 2598 5798 saevientibus
2632 5729 2997 5805 potestatibus.

1818 5889 1890 5952 (a)
1915 5888 1998 5936 ttic
2024 5884 2201 5935 omittit
2222 5881 2433 5952 priorem
2477 5881 2665 5952 partem
2703 5865 2929 5922 versiculi
2966 5863 3041 5929 16,
3062 5876 3208 5930 quam
3231 5869 3343 5927 post

1759 5934 2176 6013 attii't'giliutinztr.
2206 5934 2322 5989 trs-al.
2344 5954 2450 5995 Lvu,
2478 5934 2523 5985 it.
2553 5934 2627 5984 20.
