3960 6456
547 397 656 454 545

547 513 700 584 quo?
745 509 826 566 Ad
850 507 1194 575 semetipsum
1222 517 1238 556 :
1267 499 1411 556 ducit
1438 513 1497 553 se
1525 497 1685 558 intro.
1714 505 1768 551 et
1797 510 1955 550 nemo
1989 495 2138 548 i'lom

558 605 753 658 videt:
792 602 878 654 ubi
931 597 1213 652 meditatur
1254 591 1408 646 dolos
1443 601 1496 644 et
1543 589 1764 643 insidias
1811 597 1864 641 et
1920 585 2136 647 delicta,

555 710 716 750 nemo
740 692 898 746 videt.
929 689 1114 742 Posset
1137 699 1238 740 nec
1268 682 1337 737 ibi
1364 681 1500 752 apud
1523 696 1582 737 se
1611 679 1881 741 meditari,
1905 678 1948 732 si
1991 677 2137 746 cogi-

556 795 696 840 taret
716 785 835 853 quia
878 782 1017 835 Deus
1051 778 1200 833 illum
1227 774 1371 830 videt
1405 793 1418 829 :
1448 773 1541 828 sed
1569 772 1689 844 quia
1731 788 1834 826 non
1867 779 1950 824 est
1979 775 2141 824 timor

554 880 646 935 Dei
669 886 792 931 ante
816 873 1001 929 oculos
1029 870 1167 941 ejus,
1190 885 1310 925 cum
1333 866 1638 922 discesserit
1661 879 1690 918 a
1721 871 2009 935 conspectu
2039 861 2140 916 lto-

551 973 753 1028 minum
783 967 848 1022 ad
874 980 970 1021 cor
994 980 1171 1025 suum,
1201 963 1271 1016 ibi
1297 975 1454 1032 quem
1487 957 1709 1013 timeat?
1736 954 1999 1026 Numquid
2032 969 2138 1008 non

553 1064 628 1121 ibi
656 1072 737 1119 est
761 1075 998 1132 prtesens
1027 1057 1211 1114 Deus?
1231 1054 1338 1112 Sed
1377 1068 1482 1109 non
1505 1062 1588 1109 est
1617 1052 1776 1107 timor
1803 1050 1894 1105 Dei
1923 1049 1977 1104 in
2004 1063 2140 1104 cou-

548 1166 736 1228 Specto
760 1153 896 1222 ejus.

621 1249 676 1303 5.
705 1245 856 1318 [vers.
891 1240 968 1313 5.]
1024 1239 1304 1295 Mcditatur
1348 1251 1476 1307 ergo
1522 1234 1674 1290 dolos
1720 1250 1732 1287 :
1780 1241 1835 1288 et
1874 1231 2137 1302 sequitur,

551 1342 752 1414 (Forte
776 1341 907 1395 latet
933 1337 1244 1405 illum,quia
1273 1333 1418 1387 Deus
1446 1331 1516 1385 ibi
1546 1328 1722 1384 videt?
1753 1327 1925 1381 Etiam
1956 1334 2139 1380 osten-

551 1434 696 1490 ditur
723 1432 863 1504 quod
896 1429 1076 1485 dicere
1117 1439 1381 1495 ctepcram
1417 1441 1430 1477 :
1459 1423 1582 1478 latet
1627 1422 1793 1483 illum,
1815 1419 1908 1475 sed
1956 1419 2140 1472 volen-

551 1535 694 1591 tem;
723 1525 842 1594 quia
865 1531 1046 1576 eontra
1065 1534 1122 1574 se
1154 1517 1272 1573 fecit
1297 1517 1480 1572 nolens
1511 1511 1858 1584 intelligere.)
1889 1511 2140 1578 Quoniam

555 1619 730 1672 dolose
755 1616 854 1686 egit
883 1615 934 1667 in
965 1621 1233 1681 conspectu
1253 1611 1381 1680 ejus.
1409 1609 1463 1664 In
1503 1607 1657 1678 cujus
1680 1615 1972 1674 conspectu
1993 1603 2018 1656 ?
2036 1601 2143 1656 Ctt-

552 1710 642 1779 jns
666 1709 824 1761 timor
848 1721 952 1760 non
981 1711 1061 1758 est
1089 1715 1213 1758 ante
1236 1701 1421 1756 oculos
1447 1700 1564 1769 ejus
1593 1699 1679 1767 qtti
1707 1697 1892 1751 dolose
1912 1697 2040 1766 egit.
2071 1693 2140 1749 (lt

551 1802 796 1855 inveniret
822 1797 1129 1868 iniquitatem
1156 1810 1324 1860 suam,
1349 1803 1397 1846 et
1423 1791 1629 1846 odisset.
1673 1788 1778 1844 Iste
1805 1789 1883 1842 sic
1930 1787 2036 1858 egit
2084 1796 2144 1842 ut

549 1908 663 1946 non
708 1889 994 1943 inveniret.
1041 1887 1176 1942 Sunt
1222 1885 1364 1938 enim
1415 1882 1659 1938 homines
1715 1880 1807 1949 qui
1843 1878 1994 1948 quasi
2049 1892 2140 1932 co-

549 1991 748 2038 nantur
787 1994 1027 2051 quan-ere
1076 1976 1404 2047 iniquitatem
1451 1988 1624 2037 suam,
1677 1981 1732 2028 et
1763 1972 1951 2025 timent
1996 1970 2142 2025 illam

551 2076 828 2139 invenire;
857 2073 978 2143 quia
1002 2070 1046 2126 si
1072 2071 1214 2125 illam
1242 2067 1564 2133 invenerint,
1595 2065 1790 2121 dicitur
1819 2065 1944 2127 illis,
1973 2063 2144 2119 Rece-

549 2169 662 2224 dite
682 2168 750 2221 ab
781 2167 867 2220 illa
900 2183 912 2221 :
940 2165 1054 2219 haec
1074 2161 1243 2219 fecisti
1265 2170 1548 2232 antequam
1579 2160 1768 2224 scires,
1806 2159 2140 2228 iniquitatem

550 2260 727 2317 fecisti
755 2274 875 2314 cum
917 2271 1065 2312 esses
1116 2257 1168 2309 in
1209 2254 1534 2325 ignorantia;
1567 2251 1659 2307 dat
1706 2252 1846 2307 Deus
1891 2251 2138 2306 veniam:

549 2355 714 2410 modo
740 2349 1034 2423 cognovisti
1071 2364 1232 2414 eam;
1275 2347 1481 2402 dimitte
1526 2346 1668 2401 illam
1698 2355 1754 2400 ut
1783 2344 1950 2414 [IOSSil
1987 2343 2144 2400 facile

550 2444 867 2516 ignorantim
893 2451 995 2496 tum
1019 2439 1171 2494 venia
1200 2437 1337 2506 dari,
1360 2447 1416 2493 et
1445 2438 1606 2493 libera
1641 2437 1812 2491 fronte
1833 2436 1980 2490 dicas
2009 2435 2139 2502 Deo,

550 2537 753 2593 Delicta
774 2535 1057 2607 iuventutis
1077 2549 1198 2587 mea:
1222 2542 1268 2587 et
1288 2531 1589 2604 ignorantia:
1611 2547 1735 2585 mea:
1772 2547 1834 2584 ne
1853 2530 2142 2586 memineris

553 2627 739 2705 (Psal.
775 2643 923 2689 sxw,
969 2627 1058 2696 7).
1090 2624 1201 2680 Hac
1230 2625 1371 2678 illam
1413 2624 1624 2693 quaerit,
1658 2622 1757 2677 hac
1797 2623 1942 2678 timet
1970 2638 2038 2678 ne
2060 2623 2142 2678 in-

549 2721 732 2775 veniat
752 2718 899 2773 illam
929 2734 941 2772 :
971 2715 1157 2771 dolose
1178 2713 1322 2770 enim
1347 2714 1557 2784 quaerit.
1590 2712 1704 2768 Non
1744 2714 1978 2769 sciebam
2017 2714 2142 2784 quia

555 2822 832 2885 peccatum
865 2818 967 2875 est,
992 2806 1208 2879 quando
1243 2805 1372 2860 dicit
1410 2805 1608 2860 homo?
1637 2805 1768 2860 Cum
1796 2804 1990 2861 viderit
2015 2808 2140 2875 quia

553 2914 832 2976 peccatum
882 2911 981 2966 est,
1031 2909 1088 2956 et
1112 2898 1378 2955 destiterit
1407 2898 1584 2954 facere
1623 2900 1798 2968 ipsum
1837 2909 2140 2969 peccatum,

549 2996 691 3066 quod
734 2994 854 3049 ideo
891 2989 1141 3055 faciebat,
1169 2988 1296 3059 quia
1325 2988 1636 3059 ignorabat;
1690 3005 1816 3044 vero
1863 2991 1942 3046 sic
1973 2989 2145 3046 voluit

549 3103 713 3145 nosse
743 3085 1094 3156 iniquitatem,
1126 3089 1186 3137 ut
1214 3081 1498 3145 inveniret,
1524 3090 1578 3135 et
1603 3080 1826 3136 odisset.
1859 3081 2012 3136 Nunc
2038 3099 2142 3138 au-

549 3190 660 3236 tcm
710 3179 862 3233 multi
917 3177 1103 3232 dolose
1149 3183 1336 3244 agunt,
1386 3181 1446 3226 ιιι
1484 3172 1759 3227 inveniant
1805 3173 2140 3243 iniquitatem

549 3285 724 3333 suam,
758 3268 808 3324 id
835 3277 938 3334 est,
962 3281 1068 3321 non
1089 3281 1158 3320 ex
1191 3265 1371 3318 animo
1399 3272 1565 3334 agunt
1602 3263 1840 3319 invenire
1864 3274 1917 3320 et
1939 3265 2140 3320 odisse.

549 3361 654 3419 Sed
679 3361 800 3431 quia
827 3361 878 3413 in
899 3361 1012 3427 ipsa
1038 3355 1382 3426 inquisitione
1408 3354 1563 3410 dolus
1604 3364 1707 3420 est,
1740 3356 1793 3409 iu
1835 3354 2142 3412 inventione

551 3452 793 3510 defensio
820 3447 1112 3519 iniquitatis
1149 3446 1273 3502 erit.
1302 3444 1438 3502 Cum
1486 3446 1628 3500 enim
1658 3446 1919 3501 invenerit
1948 3447 2141 3518 iniqui-

547 3553 736 3611 tatem,
768 3557 894 3599 ecce
918 3541 1026 3611 jam
1069 3539 1411 3595 manifestum
1454 3547 1537 3593 est
1579 3537 1693 3603 iili,
1736 3540 1857 3610 quia
1889 3539 2141 3611 iniquitas

551 3648 656 3694 est.
681 3635 803 3692 Noli
825 3634 969 3688 illam
999 3632 1196 3698 facere,
1235 3630 1430 3707 inquis.
1459 3628 1530 3686 Et
1561 3629 1653 3685 ille
1677 3631 1767 3700 qui
1794 3631 1978 3686 dolose
2011 3648 2138 3704 age-

550 3733 646 3790 bat
671 3741 728 3786 ιιι
752 3729 1031 3794 inveniret,
1047 3727 1159 3797 jam
1188 3725 1410 3793 invenit,
1440 3733 1493 3782 et
1523 3738 1630 3780 non
1673 3724 1784 3778 odit
1808 3743 1821 3778 :
1843 3725 1969 3794 quid
1995 3726 2139 3781 enim

552 3827 727 3884 dicit?
757 3825 925 3893 Quam
951 3823 1102 3877 inulti
1133 3822 1234 3876 hoc
1251 3819 1472 3884 faciunt,
1502 3829 1551 3874 ct
1576 3818 1696 3889 quis
1721 3818 1944 3875 hocnon
1973 3818 2140 3874 facit?

547 3921 617 3979 Et
668 3916 922 3988 nuuupiid
960 3930 1150 3971 omnes
1194 3912 1494 3984 perditurus
1518 3920 1600 3968 est
1629 3912 1818 3967 Deus?
1846 3913 1950 3966 Aut
1992 3921 2140 3969 certe

551 4015 656 4070 hoc
685 4014 814 4068 dicit
845 4031 859 4066 :
887 4011 942 4066 Si
973 4010 1129 4064 nollet
1160 4009 1300 4063 Deus
1330 4007 1414 4061 illa
1449 4007 1590 4069 lieri,
1618 4006 1860 4062 viverent
1889 4006 2138 4064 homines

544 4108 634 4179 qui
667 4109 763 4161 ista
786 4101 1164 4160 committunt?
1199 4100 1355 4155 \‘ides
1379 4099 1500 4168 quia
1529 4099 1715 4154 dolose
1741 4100 1935 4169 agebas
1959 4101 2026 4154 ad
2053 4102 2137 4156 in-

545 4199 859 4254 veniendam
890 4196 1219 4265 iniquitatem
1245 4203 1385 4244 tuam
1407 4190 1431 4243 ?
1453 4191 1584 4244 Nam
1605 4191 1648 4243 si
1681 4206 1786 4244 non
1809 4191 2013 4256 dolose,
2039 4194 2135 4250 sed

544 4294 823 4349 sinceriter
845 4305 1049 4358 ageres.
1067 4288 1175 4355 jam
1198 4284 1493 4338 invenisses
1517 4292 1572 4338 et
1595 4282 1834 4338 odisses:
1866 4286 2025 4340 modo
2049 4287 2137 4341 in-

545 4384 737 4440 veniSti
769 4390 824 4435 ‹-ι
851 4379 1090 4433 defendis
1124 4395 1139 4430 :
1165 4375 1349 4430 dolose
1374 4388 1502 4444 ergo
1529 4374 1746 4443 agebas,
1777 4389 1898 4430 cum
1920 4391 2134 4446 quaere-

547 4492 653 4535 νος..

622 4574 670 4623 Α.
711 4567 862 4638 [r-ers.
901 4559 979 4631 lt.)
1021 4559 1180 4613 Verba
1203 4557 1306 4612 oris
1345 4556 1452 4626 eius
1489 4557 1730 4627 iniquitas
1757 4566 1803 4612 et
1829 4555 1978 4612 dolus
2003 4574 2022 4612 :
2044 4575 2136 4614 no-

548 4664 640 4717 luit
674 4659 950 4721 int.'lli_:;ere
970 4696 985 4716 ,
1017 4662 1070 4705 ut
1100 4653 1220 4705 bene
1257 4658 1443 4722 ageret.
1477 4649 1682 4706 Videtis
1709 4649 1832 4718 quia
1877 4650 2135 4707 voluntati

550 4754 676 4808 illul
707 4764 752 4802 ιι·
777 4748 883 4799 buit
923 4786 936 4797 .
981 4741 1106 4812 quia~
1143 4723 1272 4794 sunt
1300 4740 1542 4795 homines
1586 4742 1676 4811 qui
1716 4739 1903 4795 volunt
1935 4741 2133 4797 intelli—

519 4827 671 4913 igere
696 4883 707 4897 ,
743 4850 790 4890 et
833 4853 934 4891 non
968 4842 1224 4902 possunt;
1257 4840 1382 4887 sunt
1423 4841 1599 4886 autem
1647 4829 1893 4888 homines
1920 4833 2008 4902 qui
2041 4849 2134 4890 no-

551 4937 665 4991 lunt
690 4933 1003 5000 intelligere,
1033 4928 1152 4982 ideo
1174 4942 1278 4982 non
1303 4925 1627 4994 intelligunt.
1649 4921 1831 4978 Noluit
1857 4925 2135 4998 intelligere

545 5040 601 5082 ut
632 5027 754 5080 bene
773 5033 960 5093 ageret.

714 5118 859 5188 [rem
884 5113 964 5186 5.]
995 5113 1319 5180 lniqnitatem
1347 5107 1616 5162 meditatus
1662 5117 1732 5162 est
1758 5109 1809 5163 in
1840 5109 1992 5180 cubili
2020 5128 2130 5166 sua.

550 5211 686 5280 Quid
709 5209 844 5262 dixit
871 5250 884 5271 ε
910 5208 961 5260 in
1003 5205 1156 5258 cubili
1182 5202 1316 5256 suo?
1345 5199 1485 5254 Dixit
1516 5200 1755 5271 injustas,
1801 5211 1852 5253 ut
1877 5201 2134 5272 delinquat

539 5307 597 5358 in
625 5302 888 5371 semetipso
913 5315 929 5351 :
959 5297 1098 5366 quod
1123 5295 1257 5348 dixit
1294 5293 1543 5360 superius
1563 5334 1577 5355 ,
1603 5293 1657 5345 in
1699 5303 2005 5364 semetipsa;
2035 5296 2134 5351 hoc

552 5397 637 5450 lic
679 5396 830 5454 dixit,
864 5393 914 5444 in
943 5390 1095 5444 cubili
1124 5403 1238 5441 suo.
1289 5385 1477 5440 Cubile
1505 5394 1743 5439 nostrum
1795 5397 1876 5440 est
1919 5403 2012 5443 cor
2039 5404 2135 5442 n0-

549 5503 718 5546 strnm
756 5509 767 5540 :
805 5489 874 5542 ibi
923 5486 1199 5540 ttttnnltmtt
1234 5484 1462 5551 patimur
1491 5480 1642 5533 malai
1677 5481 2016 5535 conscientie
2045 5490 2135 5538 :et

552 5586 622 5638 ibi
655 5581 1057 5651 retpiiescitnus,
1089 5574 1304 5646 quando
1361 5574 1496 5627 bona
1526 5574 1850 5626 conscientia
1882 5581 1983 5626 est.
2033 5574 2132 5641 Qui

548 5688 691 5730 amat
722 5676 897 5728 t'ltltile
928 5673 1103 5724 ent'tlis
1152 5669 1254 5731 sui,
1283 5666 1480 5733 aliquid
1511 5665 1633 5718 boni
1663 5666 1730 5718 ibi
1760 5675 1899 5733 agat.
1934 5663 2006 5718 lbi
2053 5673 2135 5719 est

552 5769 747 5830 enbile,
777 5769 861 5820 nln
897 5781 992 5817 lttt'.‘
1019 5761 1270 5814 Dominus
1299 5758 1455 5813 Jesns
1481 5757 1727 5813 Christus
1749 5757 1895 5824 iubet
1924 5773 2081 5812 orare
2111 5776 2124 5812 :

549 5860 702 5917 Intra
725 5861 775 5912 in
801 5856 1085 5911 cubiculum
1121 5863 1282 5921 tuum,
1313 5861 1361 5907 et
1385 5851 1569 5908 claude
1595 5852 1783 5906 ostium
1806 5839 1972 5907 luunt.
1995 5849 2133 5930 Quid

1789 380 1849 436 S.
1890 377 2258 435 AUGUS'I‘lNI
2301 379 2603 441 EPISCOPI
3701 401 3782 461 διδ

2243 503 2348 557 est,
2377 495 2560 552 claude
2582 499 2765 554 ostium
2782 510 2923 556 tuum
2941 504 2968 560 7
2990 501 3107 560 Noli
3135 505 3259 562 talia
3282 517 3592 576 exspectare
3605 509 3664 565 de
3682 513 3781 576 Deo,

2245 602 2364 654 qua:
2389 588 2682 647 forinsecus
2725 603 2888 658 sunt;
2921 595 3014 650 sed
3050 611 3113 651 ea
3160 613 3278 667 qua:
3321 599 3635 654 intrinsecus
3659 616 3782 660 sunt;

2248 677 2314 732 Et
2375 678 2532 734 Pater
2581 692 2718 747 tuus,
2767 686 2854 755 qui
2902 673 3113 740 videtin
3156 687 3474 751 rrbscondito,
3519 693 3675 744 reddet
3721 697 3782 748 tibi

2247 774 2278 841 (⁵
2311 771 2496 827 Matth.
2522 791 2595 842 vi,
2626 776 2714 847 6).
2740 777 2870 845 Quis
2895 788 2976 833 est
3004 780 3096 849 qui
3125 796 3229 836 non
3251 783 3452 836 claudit
3477 784 3691 839 ostium?
3711 789 3782 856 Qui

2250 867 2370 918 talia
2402 869 2531 935 petit
2557 885 2587 921 a
2621 869 2728 923 Deo
2771 885 2868 938 pro
2917 883 3185 942 magnoet
3215 874 3284 928 ibi
3313 876 3596 929 constituit
3639 896 3785 934 minus

2246 972 2434 1027 preces
2475 973 2620 1022 suas.
2655 971 2713 1015 ιιι
2763 963 2989 1035 accipiat
3035 982 3096 1019 ra
3129 982 3247 1036 qua:
3283 978 3408 1021 sunt
3461 967 3613 1037 hujus
3647 976 3786 1026 Sti‘l'ltil

2246 1047 2405 1103 bona.
2466 1050 2615 1106 l‘atet
2673 1055 2868 1109 ouium
2910 1064 3078 1120 tuum,
3126 1059 3276 1112 turba
3326 1058 3482 1114 videt
3532 1075 3781 1118 commas.
3876 1103 3877 1120 ι

2246 1139 2382 1209 Quid
2409 1152 2491 1198 est
2510 1145 2756 1201 claudere
2779 1149 2975 1204 ostium
3001 1151 3186 1204 tuum?
3221 1149 3290 1206 Ut
3322 1150 3356 1205 lt
3382 1166 3428 1205 te
3456 1162 3598 1219 petas
3615 1136 3650 1207 ai
3669 1155 3753 1209 bet
3776 1201 3786 1217 ,

2245 1235 2386 1304 quod
2413 1236 2558 1291 solus
2587 1238 2726 1293 Deus
2753 1241 2899 1294 novit.
2918 1241 3184 1310 quomodo
3209 1242 3298 1296 tibi
3327 1243 3444 1298 det.
3465 1243 3598 1312 Quid
3625 1248 3787 1303 esthoc

2248 1338 2465 1396 propter
2491 1330 2631 1398 quod
2681 1331 2886 1386 claudis
2912 1334 3105 1387 ostium
3127 1375 3142 1397 ,
3176 1343 3230 1388 et
3261 1336 3441 1403 petis?
3467 1335 3614 1402 Quod
3643 1340 3788 1392 oculos

2249 1435 2353 1476 non
2389 1421 2539 1486 vidit,
2599 1437 2697 1478 nec
2752 1425 2897 1480 auris
2947 1425 3185 1491 audivit,
3236 1442 3335 1481 nec
3369 1428 3423 1480 iit
3469 1443 3562 1481 eor
3606 1427 3790 1483 hominis

2247 1511 2490 1567 ascendit
2530 1511 2701 1581 (lsai.
2730 1531 2854 1570 Lstv
2881 1557 2898 1582 ,
2927 1517 2988 1580 ὃς
3027 1516 3042 1570 l
3083 1516 3200 1572 Cor.
3235 1534 3291 1579 tt.
3323 1518 3426 1588 9).
3459 1518 3522 1574 Et
3565 1518 3687 1574 forte
3713 1537 3786 1576 nan

2247 1604 2488 1659 ascendit
2518 1606 2570 1660 in
2599 1607 2770 1676 ipsum
2803 1609 2977 1664 cubile
3023 1618 3194 1671 tutnn,
3236 1607 3288 1663 id
3327 1617 3416 1662 est
3447 1610 3500 1664 in
3530 1626 3620 1664 cor
3656 1620 3785 1666 tamn.

2246 1696 2350 1751 Sed
2387 1697 2529 1753 Deus
2564 1699 2705 1752 novit
2735 1699 2859 1768 quid
2903 1700 2998 1754 tibi
3020 1700 3239 1754 daturus
3265 1712 3370 1756 cst.
3410 1701 3627 1770 Quando
3651 1716 3785 1759 autem

2247 1787 2388 1843 erit?
2417 1789 2642 1857 Quando
2668 1792 2987 1846 revelabitur
3015 1792 3285 1855 Itomiuns,
3311 1791 3531 1862 quando
3564 1797 3789 1864 apium-bit

2242 1879 2427 1950 judex.
2449 1880 2584 1949 Quid
2611 1882 2754 1937 cnim
2783 1883 3115 1938 manifestius
3137 1900 3297 1954 quam
3328 1885 3476 1955 quod
3500 1885 3715 1942 dicturus
3729 1899 3788 1943 cst

2245 1971 2314 2027 ad
2361 1973 2634 2030 dexteram
2677 1975 2904 2044 positis?
2945 1975 3146 2039 Venite,
3191 1976 3447 2031 benedicti
3494 1975 3651 2032 Patris
3687 1981 3788 2046 utri,

2247 2065 2487 2134 percipite
2533 2081 2743 2134 regnum
2786 2066 2921 2137 quod
2971 2068 3107 2123 vobis
3135 2078 3375 2138 paratum
3417 2079 3491 2122 est
3517 2068 3578 2122 ab
3622 2070 3777 2140 origine

2246 2158 2423 2212 mundi
2461 2158 2688 2231 (Matth.
2737 2176 2862 2226 xxv,
2907 2159 3033 2235 54).
3095 2161 3332 2216 Audieut
3378 2159 3496 2217 lucc
3525 2162 3594 2216 illi
3638 2164 3711 2232 qui
3737 2163 3785 2218 ad

2246 2252 2513 2307 sinistram
2558 2262 2736 2319 erunt,
2790 2262 2845 2310 et
2891 2263 3110 2326 gctnent
3142 2254 3477 2312 infructuosa
3523 2257 3780 2328 ptenitcutia

2247 2343 2415 2416 (Sap.
2449 2360 2502 2408 v,
2525 2343 2596 2414 5)
2623 2362 2639 2409 ;
2670 2345 2791 2415 quia
2836 2360 2956 2401 eam
3007 2347 3078 2400 ita
3104 2347 3368 2409 viverent,
3400 2362 3523 2403 eam
3566 2346 3785 2403 fructuosa

2246 2438 2532 2492 noluerunt
2553 2451 2732 2508 agere.
2759 2436 3041 2506 Quomodo
3055 2438 3306 2509 gement?
3333 2439 3470 2508 Quia
3496 2455 3596 2494 non
3619 2449 3688 2496 est
3707 2439 3782 2496 illis

2245 2529 2398 2585 locus
2449 2531 2824 2586 correctionis.
2885 2531 3115 2587 Audient
3167 2543 3350 2589 autem
3406 2531 3712 2604 etipsizlte
3748 2534 3786 2588 ia

2244 2623 2414 2696 ignem
2454 2633 2694 2679 internum
2718 2625 2805 2694 qui
2833 2636 3042 2696 paratus
3086 2636 3157 2680 est
3187 2625 3396 2680 rliubolo
3425 2636 3472 2682 et
3499 2626 3678 2698 angelis
3702 2628 3783 2697 ejus

2253 2715 2482 2788 (Matth.
2515 2733 2648 2784 xxv,
2700 2718 2763 2773 41
2791 2716 2833 2789 ).
2859 2717 2962 2774 lste
2982 2727 3064 2772 est
3087 2718 3301 2774 auditus
3329 2719 3522 2776 malus.
3553 2719 3670 2774 Nam
3689 2717 3781 2790 jusu

2245 2809 2312 2866 ad
2337 2810 2578 2866 auditum
2629 2811 2828 2867 bonum
2876 2810 3215 2884 gaudebunt;
3266 2812 3349 2868 sic
3397 2812 3540 2868 enim
3581 2811 3779 2882 scriptmn

2245 2915 2328 2959 est
2359 2921 2373 2957 :
2406 2901 2470 2958 In
2499 2905 2742 2959 memoria
2791 2913 2980 2960 a‘terna
3023 2906 3115 2959 erit
3135 2907 3338 2978 justus,
3387 2908 3452 2961 ab
3501 2907 3664 2961 auditu
3686 2907 3780 2960 mala

2245 3012 2346 3052 non
2387 2995 2575 3051 timebit
2619 2994 2812 3065 (Psal.
2865 3012 2975 3060 cvi,
3024 2998 3116 3069 7).
3168 3000 3208 3054 Α
3261 3015 3374 3070 quo
3420 3000 3596 3056 auditu
3644 3001 3781 3056 male!

2245 3089 2414 3156 Quem
2441 3089 2670 3145 audituri
2714 3098 2840 3144 sunt
2869 3089 2965 3154 illi,
2992 3089 3076 3146 Ite
3115 3091 3168 3146 in
3197 3091 3366 3162 ignem
3403 3103 3655 3148 alternum.
3679 3093 3781 3148 Deus

2246 3197 2377 3253 ergo
2399 3183 2487 3254 qui
2526 3191 2700 3251 petest
2727 3197 2886 3252 supra
2916 3198 3075 3253 quam
3108 3185 3340 3254 petimus
3377 3197 3471 3242 aut
3497 3186 3779 3255 intelligimus

2247 3272 2422 3329 facere
2449 3272 2679 3344 (Epltes.
2713 3288 2766 3326 ιιι
2787 3315 2802 3338 ,
2830 3272 2901 3328 ευ
2923 3270 2941 3344 )
2965 3314 2980 3337 .
3012 3275 3278 3330 occultum
3303 3276 3561 3346 gemitum
3590 3287 3776 3331 nostrum

2245 3367 2454 3436 qumrit,
2488 3375 2546 3418 ut
2571 3365 2626 3419 in
2645 3375 2934 3434 conSpectu
2963 3365 3081 3434 ejus
3113 3365 3446 3435 placeamus,
3491 3379 3539 3423 ct
3580 3385 3670 3423 non
3707 3381 3778 3422 uas
3857 3435 3860 3438 ἢ

2245 3455 2396 3526 quasi
2425 3455 2490 3510 de
2512 3455 2716 3525 jnstitia
2749 3466 2927 3512 nostra
2956 3466 3080 3512 ante
3108 3458 3360 3515 homines
3398 3460 3667 3530 jactemus.
3700 3458 3771 3525 Qui

2245 3551 2386 3606 enim
2412 3549 2481 3605 de
2521 3548 2723 3619 juSIitia
2769 3564 2862 3604 sna
2891 3549 3099 3618 placere
3127 3553 3236 3606 vult
3264 3551 3598 3610 hominibus.
3625 3563 3775 3606 unum

2245 3642 2349 3697 line
2371 3651 2428 3695 ιιι
2455 3640 2696 3696 homines
2719 3640 2807 3711 qtti
2828 3657 2948 3696 eum
2978 3641 3156 3699 vident
3187 3644 3353 3698 Deum
3384 3645 3607 3705 laudent,
3632 3641 3708 3699 sed
3727 3655 3772 3694 ca

2243 3733 2538 3790 intentione
2557 3742 2613 3787 ut
2635 3733 2747 3803 ipse
2777 3732 3040 3796 laudetur,
3071 3750 3176 3788 non
3204 3735 3408 3790 clauda
3433 3736 3612 3790 ostium
3635 3743 3772 3786 contra

2243 3826 2523 3896 strepitum
2558 3843 2572 3879 :
2602 3825 2723 3895 quia
2756 3833 2898 3893 patet
2927 3827 3121 3879 ostium
3148 3827 3237 3881 illo
3263 3828 3512 3896 strepitu.
3533 3837 3578 3881 et
3603 3839 3770 3880 ltOTttttl-

2243 3917 2320 3974 dit
2351 3919 2490 3973 Deus
2515 3915 2782 3988 quomodo
2829 3916 3016 3972 audire
3064 3918 3198 3972 vult.
3244 3917 3432 3974 Cubile
3461 3928 3770 3988 Cl'gtiCltl'lIO'

2243 4022 2411 4067 strum
2463 4011 2767 4064 laboremus
2807 3997 3098 4075 nnmdare,
3145 4011 3229 4064 ubi
3282 4015 3452 4082 possit
3497 4011 3633 4065 nobis
3673 4008 3768 4061 bene

2242 4119 2382 4159 esse.
2411 4101 2567 4156 Novit
2591 4100 2839 4155 Charitas
2862 4100 3046 4156 \'e~tra
3067 4117 3224 4172 quam
3250 4104 3416 4158 multa
3445 4103 3584 4157 ιιιιιῐιί
3613 4098 3766 4168 [mnuu-

2243 4205 2329 4251 tur
2356 4196 2406 4250 in
2435 4193 2667 4263 publico,
2701 4194 2753 4248 itt
2783 4195 2916 4258 foro,
2948 4193 2998 4248 in
3017 4193 3208 4263 iurgiis
3231 4237 3246 4259 ,
3281 4196 3333 4250 in
3374 4191 3762 4252 ctmtenliouilms,

2241 4286 2294 4341 in
2323 4286 2578 4340 n-olestiis
2610 4285 2941 4350 negotiorum
2969 4302 2982 4339 :
3016 4287 3283 4352 quomodo
3321 4290 3542 4358 quisque
3571 4283 3759 4352 fatigatus

2239 4376 2466 4448 negotiis
2491 4375 2640 4440 foris,
2670 4375 2839 4429 currit
2863 4375 2930 4430 ad
2978 4374 3193 4430 domum
3238 4392 3388 4433 suam
3429 4388 3478 4431 ut
3511 4376 3573 4431 ibi
3603 4370 3760 4440 requie-

2241 4478 2378 4533 scat,
2405 4477 2459 4521 ct
2487 4467 2580 4522 dat
2602 4482 2819 4536 operam
2847 4467 2954 4521 eito
2977 4465 3127 4522 linire
3151 4471 3360 4539 negotia
3379 4484 3494 4539 qua:
3517 4465 3631 4520 foris
3655 4467 3758 4520 sunt,

2238 4569 2295 4616 et
2321 4559 2510 4616 tollere
2537 4573 2596 4614 se
2625 4557 2690 4612 ad
2727 4559 2964 4629 requiem
2995 4557 3046 4611 in
3075 4557 3291 4613 dmmnn
3330 4574 3501 4616 suam.
3527 4555 3635 4611 ideo
3655 4550 3757 4606 enim

2240 4652 2601 4722 tmnsquisqne
2629 4648 2848 4705 domum
2871 4664 3021 4703 suam
3053 4648 3231 4715 habet,
3267 4652 3390 4722 quia
3421 4650 3486 4705 ibi
3516 4642 3756 4716 requiescit-

2240 4745 2298 4803 Si
2322 4760 2449 4801 vero
2475 4755 2525 4799 et
2557 4744 2627 4798 ibi
2655 4743 2926 4798 molestias
2972 4745 3226 4814 patiatur,
3274 4745 3364 4800 ubi
3395 4751 3561 4814 potest
3600 4731 3755 4806 requie-

2237 4835 2434 4894 scere?
2460 4834 2596 4904 Quid
2624 4835 2789 4904 ergo?
2819 4834 3023 4890 Bonum
3047 4845 3130 4891 est
3153 4845 3212 4891 ut
3240 4839 3320 4892 vel
3345 4837 3394 4891 in
3426 4834 3574 4888 domo
3591 4843 3669 4884 sua
3690 4837 3751 4876 rc-

2239 4931 2416 5001 qnietn
2453 4928 2664 4982 habeat.
2689 4926 2743 4982 Si
2774 4936 2952 4982 autem
2995 4928 3190 4998 patitur
3218 4927 3347 4983 fonis
3374 4925 3614 4987 inimicos,
3650 4918 3750 4971 illius

2237 5020 2376 5074 forte
2422 5019 2614 5071 malam
2651 5032 2905 5083 uxorem;
2964 5019 3203 5088 procedit
3253 5022 3305 5074 in
3361 5017 3602 5090 publicum
3631 5017 3748 5063 :cum

2237 5115 2350 5168 vult
2376 5113 2710 5183 requiescere
2748 5112 2816 5165 ab
2862 5101 3093 5182 his'quze
3129 5112 3257 5167 foris
3281 5122 3421 5178 sunt,
3451 5111 3590 5163 intrat
3622 5094 3746 5154 ἱιιάο·

2238 5221 2382 5261 mum
2423 5222 2436 5258 :
2462 5202 2674 5275 quando
2700 5219 2825 5258 vero
2854 5220 2951 5258 nec
2997 5205 3065 5259 ibi
3108 5204 3406 5276 requiescit,
3439 5215 3529 5256 nec
3558 5192 3662 5251 loris
3684 5201 3744 5243 rc-

2237 5296 2482 5368 quicseit,
2519 5294 2605 5348 ubi
2629 5294 2728 5349 erit
2759 5295 3012 5360 requies?
3044 5296 3242 5351 Saltem
3265 5298 3315 5352 in
3345 5291 3568 5351 cubiculo
3591 5278 3739 5341 cordis.

2239 5397 2298 5442 ut
2327 5387 2480 5440 tollas
2512 5396 2562 5440 lc
2584 5384 2648 5438 ad
2673 5386 2923 5440 interiora
2955 5387 3296 5445 conscientia)
3337 5398 3452 5442 tnze.
3481 5380 3529 5436 Si
3556 5375 3611 5431 ibi
3635 5371 3721 5466 iure

2241 5480 2361 5534 nisti
2389 5479 2522 5532 forte
2547 5479 2846 5549 coniugem,
2889 5495 3007 5548 qnze
3039 5479 3132 5534 tibi
3175 5495 3279 5536 non
3333 5476 3476 5534 faciat
3499 5455 3718 5528 antarittttli

2240 5587 2383 5635 nem,
2417 5571 2728 5638 sapientiam
2765 5570 2854 5624 Dei
2882 5587 2896 5633 ;
2920 5588 3038 5624 cunt
3083 5572 3192 5639 ipsa
3223 5571 3541 5642 eonjungert‘.
3582 5552 3738 5642 σΙηίθεῨθ

2240 5663 2384 5717 intus
2409 5663 2457 5715 in
2485 5661 2725 5715 cubiculo
2750 5673 2858 5726 tuo,
2892 5680 2996 5716 non
3027 5663 3148 5716 inde
3183 5673 3233 5717 te
3261 5663 3427 5731 cjiciat
3459 5656 3606 5711 fumus
3627 5636 3735 5695 mali”

2238 5755 2594 5810 conscientia-.
2645 5756 2712 5807 At
2743 5754 2830 5808 ille
2875 5763 2930 5808 ut
2989 5755 3333 5810 meditaretur
3375 5750 3531 5810 dolo“,
3579 5736 3733 5835 “hic”

2221 5848 2484 5914 ‘tollebat,
2517 5847 2586 5902 de
2610 5861 2716 5917 quo
2744 5847 2977 5917 loquitur
3005 5847 3104 5904 ista
3133 5847 3423 5921 Scriptura,
3449 5839 3526 5897 ubi
3549 5828 3730 5890 homin”
