3960 6428
603 375 713 440 351

603 507 636 549 ι
670 493 783 551 Deo
807 492 980 557 bona.
1007 511 1127 568 qua:
1151 495 1241 553 dat
1265 507 1319 555 et
1351 498 1637 569 iumentis,
1669 504 1792 574 quia
1839 505 2076 562 nondum
2111 507 2179 563 ad

548 598 558 608 ·
604 585 727 644 illos
747 600 958 644 venerat
989 589 1151 647 Filius
1173 590 1425 655 hominis,
1456 603 1512 648 ut
1535 607 1708 650 essent
1739 595 1855 651 Filii
1880 597 2189 656 hominum:

605 687 782 736 tamen
814 681 923 749 jam
963 680 1225 738 habebant
1266 686 1438 742 nubes
1465 690 1838 746 annuntiatttes
1867 690 2056 748 Filium
2087 691 2188 749 ho-

601 772 780 826 minis.
838 771 1105 828 Vcncrttnt
1142 774 1208 829 ad
1257 777 1376 833 illos
1406 777 1706 848 Prophetze.
1737 787 2191 842 annnutiaverunt

600 863 867 920 Christum
893 881 905 918 :
931 875 985 920 et
1024 853 1178 920 erant
1214 868 1282 921 ibi
1323 868 1538 939 quidam
1565 872 1654 942 qui
1696 874 2092 944 intelligebant,
2133 887 2189 934 et

598 968 748 1026 spem
773 954 999 1010 futuram
1024 956 1319 1026 habebant,
1345 970 1399 1013 ιιι
1420 963 1722 1032 acciperent
1743 967 2183 1037 miseriemdiam,

596 1061 716 1118 qua:
746 1047 798 1102 in
831 1049 968 1104 caelo
992 1059 1093 1104 est.
1128 1049 1291 1106 Erant
1317 1052 1385 1107 ibi
1416 1055 1503 1124 qtti
1534 1058 1744 1114 nonnisi
1771 1062 2000 1116 carnalia
2033 1062 2183 1118 desi-

595 1137 848 1195 derarent
870 1148 922 1194 et
955 1150 1220 1198 terrenam
1238 1159 1300 1199 ac
1327 1148 1674 1216 temporalem
1697 1149 2030 1208 felicitatem.
2053 1154 2184 1223 Ipsis

596 1228 914 1288 labebantur
960 1233 1123 1304 pedes
1171 1236 1236 1290 ad
1286 1235 1524 1293 facienda
1569 1240 1651 1296 vel
1695 1241 1964 1296 adoranda
2017 1243 2177 1300 idola.

594 1323 823 1394 Quando
864 1328 1004 1382 enim
1047 1327 1166 1384 illos
1193 1329 1541 1396 admonebat,
1571 1342 1624 1388 et
1665 1334 1965 1406 flagellabat
2002 1336 2054 1391 in
2101 1336 2184 1394 bis

593 1419 843 1474 omnibus
881 1420 1073 1492 quibus
1101 1421 1533 1486 delectabantur,
1562 1431 1618 1479 et
1652 1424 1927 1482 auferebat
1961 1442 2054 1494 ea,
2087 1445 2181 1499 pa-

594 1510 862 1567 tiebantur
905 1511 1094 1567 tantem
1126 1555 1142 1579 ,
1192 1513 1328 1570 bella
1351 1558 1367 1581 ,
1417 1517 1747 1585 pestilentias
1770 1560 1785 1580 .
1821 1520 2040 1576 morbos
2069 1561 2084 1585 ,
2127 1530 2183 1576 et

591 1603 1041 1660 convertebantur
1067 1603 1132 1659 ad
1177 1605 1335 1661 idola.
1359 1606 1504 1662 Talia
1537 1609 1672 1663 bona
1710 1625 1830 1678 qua:
1862 1626 1959 1681 pro
1989 1627 2180 1682 magno

591 1713 621 1751 a
657 1697 766 1752 Deo
794 1697 1097 1750 desiderare
1133 1697 1431 1765 debebant,
1464 1700 1531 1753 ab
1569 1701 1725 1756 idolis
1765 1701 2175 1771 desiderabant,

589 1798 642 1844 et
691 1788 1028 1845 dimittebant
1073 1791 1258 1845 Deum.
1290 1787 1648 1847 Attendebaut
1675 1794 1816 1849 enim
1863 1795 1975 1864 ipsa
2016 1795 2174 1862 bona,

589 1898 707 1952 quze
736 1883 1064 1951 qumrebattt,
1088 1883 1359 1938 abundare
1390 1885 1567 1955 impiis
1595 1897 1646 1940 et
1676 1887 1970 1951 sceleratis.
1998 1899 2052 1945 et
2084 1906 2179 1960 pu-

587 1974 771 2052 tabant
799 1989 857 2031 se
882 1973 1074 2030 frustra
1099 1976 1261 2031 Deum
1284 1977 1483 2039 eolere,
1522 1979 1643 2045 quia
1663 1996 1765 2035 non
1789 1980 1947 2036 (labat
1969 1998 2174 2040 merce-

584 2067 706 2123 dem
737 2077 1020 2124 terrenam.
1050 2069 1094 2123 0
1120 2069 1280 2125 homo
1305 2071 1318 2125 !
1352 2072 1626 2142 operarius
1655 2088 1714 2127 es
1740 2073 1864 2137 Dei;
1895 2086 2075 2146 postea
2093 2086 2176 2132 est

585 2167 798 2230 tempus
824 2161 1120 2216 mercedem
1149 2163 1444 2233 aet-ipieutli
1474 2180 1487 2216 :
1512 2163 1636 2232 qttid
1655 2165 1764 2232 jam
1794 2166 1996 2237 ﬂagitas
2027 2183 2173 2224 mer-

583 2254 772 2310 cedem
798 2266 1079 2326 antequam
1127 2257 1408 2326 opereris?
1439 2257 1496 2313 Si
1540 2260 1742 2314 venerit
1791 2261 2067 2329 Operarius
2104 2261 2172 2317 ad

581 2347 800 2404 domum
843 2357 1004 2412 tuam,
1035 2347 1286 2418 numquid
1333 2349 1484 2404 dabis
1531 2349 1830 2405 mercedem
1878 2360 2022 2414 ante.
2069 2353 2171 2409 nisi

581 2440 865 2509 perfecerit
892 2456 1052 2510 opera
1081 2456 1173 2494 sua
1200 2441 1224 2494 ?
1254 2440 1382 2496 Nam
1409 2457 1719 2510 perversum
1749 2458 1872 2498 eum
1899 2444 2169 2499 existima-

579 2531 682 2595 bis,
702 2532 745 2586 si
767 2533 996 2587 dixerit:
1022 2531 1171 2586 Prius
1192 2534 1446 2600 accipiam
1471 2534 1792 2599 mercedem,
1817 2544 1868 2588 et
1895 2545 2017 2592 tunc
2039 2551 2169 2606 ope-

578 2625 754 2679 rabor.
780 2624 1046 2679 Irasceris.
1069 2625 1244 2693 Quare
1264 2636 1442 2681 autem
1477 2627 1766 2682 irasceris?
1791 2627 1920 2696 Quia
1946 2643 2049 2682 non
2075 2627 2168 2682 ba-

576 2711 689 2772 bttit
719 2717 875 2774 fidem
913 2718 1112 2771 homini
1145 2718 1405 2774 mendaci.
1439 2719 1719 2787 Quomodo
1742 2720 1881 2776 Deus
1911 2738 2016 2778 non
2061 2724 2166 2778 ira-

574 2821 772 2876 sector.
805 2828 924 2868 cum
957 2823 1008 2866 ιιι
1034 2810 1187 2866 fidem
1218 2829 1320 2868 non
1351 2812 1551 2868 habeas
1587 2813 1685 2884 ipsi
1715 2815 1959 2870 veritati?
2007 2815 2161 2885 Quod

573 2901 664 2957 tibi
695 2904 956 2973 promisit,
984 2903 1208 2959 daturus
1226 2916 1344 2960 est:
1377 2922 1479 2960 non
1512 2905 1658 2970 fallit,
1706 2907 1826 2990 quia
1862 2908 2059 2963 veritas
2080 2916 2164 2963 est

567 2997 659 3068 qui
709 2998 968 3064 [tl'ttll’lisiL
1021 2997 1125 3051 Sed
1173 2999 1329 3052 times
1360 3015 1426 3052 ne
1470 2999 1606 3054 forte
1647 3013 1750 3053 non
1797 2999 1989 3053 habeat
2016 2999 2159 3069 quod

566 3085 700 3140 det?
725 3089 1075 3157 Omnipotens
1099 3099 1201 3144 est.
1223 3089 1338 3143 Noli
1369 3090 1577 3153 timere,
1605 3105 1672 3143 ne
1701 3105 1804 3143 non
1833 3089 1898 3143 sit
1917 3091 2003 3160 qui
2027 3089 2114 3146 det
2139 3108 2154 3156 ;

567 3177 882 3233 innuat-talis
911 3189 1012 3234 est.
1044 3179 1155 3234 Non
1181 3181 1388 3242 timeas,
1413 3197 1480 3236 ne
1502 3181 1820 3236 succedatur
1843 3183 1889 3236 ei
1916 3197 1931 3247 ;
1967 3199 2158 3254 perpe-

565 3289 688 3336 ttttts
709 3289 791 3337 est
820 3299 833 3336 :
859 3295 1080 3337 securus
1097 3290 1234 3337 esto.
1259 3279 1314 3336 Si
1343 3279 1421 3334 vis
1443 3280 1495 3334 in
1525 3289 1575 3334 te
1598 3295 1920 3348 praesumere
1940 3289 2046 3334 tota
2061 3282 2156 3344 die

563 3374 865 3443 operarium
895 3383 1063 3436 tuutn,
1095 3371 1255 3428 crede
1288 3381 1342 3427 et
1371 3381 1424 3440 tu
1451 3371 1558 3427 Deo
1591 3380 1696 3426 tota
1731 3372 1834 3425 vita
1874 3381 1960 3426 tua
1989 3390 2004 3437 ;
2029 3375 2152 3444 quia

561 3466 668 3520 vita
694 3477 779 3521 tua
824 3473 1150 3522 momentum
1180 3464 1434 3534 temporis
1455 3462 1629 3519 estad
1670 3463 1856 3518 Deum.
1907 3463 1971 3520 Et
2017 3465 2147 3532 eris,

560 3556 726 3628 quid?
757 3555 881 3611 Filii
905 3567 1071 3611 autent
1096 3557 1351 3612 hominum
1381 3557 1398 3588 ¹
1425 3555 1518 3610 sub
1549 3557 1764 3627 tegmine
1788 3556 1987 3611 alarum
2027 3567 2142 3612 tua-

559 3665 673 3702 runt
693 3647 980 3720 sperabunt.

644 3740 732 3796 id.
773 3739 949 3814 [νει-ε.
991 3738 1044 3795 9.
1081 3737 1104 3813 ]
1141 3737 1532 3794 Inebriabuntur
1577 3738 1640 3791 ab
1681 3738 1902 3792 ubertate
1965 3738 2144 3794 domus

559 3844 678 3890 tum.
708 3833 900 3891 Nescio
930 3833 1057 3905 quid
1084 3833 1235 3889 nobis
1263 3846 1511 3902 magnum
1541 3831 1822 3900 promittit.
1847 3830 1970 3886 Vult
2011 3831 2142 3888 illud

556 3925 753 3988 dicere,
791 3937 844 3980 et
874 3941 977 3980 non
1007 3925 1132 3980 dicit
1167 3943 1180 3980 :
1215 3941 1317 3978 non
1361 3931 1555 3995 potest,
1585 3939 1652 3978 an
1683 3938 1780 3978 nos
1808 3925 1828 3956 ²
1857 3941 1960 3978 non
1991 3924 2140 3993 capi-

551 4016 705 4072 mus?
731 4015 914 4071 Audeo
938 4015 1138 4079 dicere,
1169 4016 1357 4069 fratres
1387 4015 1510 4078 mei,
1545 4015 1704 4071 etiam
1726 4013 1792 4069 de
1820 4015 2018 4070 sanctis
2041 4015 2139 4069 liu-

549 4109 666 4179 guis
686 4118 736 4163 et
757 4106 1026 4171 cordibus,
1060 4123 1157 4178 per
1184 4122 1315 4177 quas
1346 4107 1498 4162 nobis
1526 4108 1720 4160 veritas
1763 4107 1994 4161 nuntiata
2033 4119 2134 4174 est,

549 4217 650 4258 nec
676 4201 779 4255 dici
810 4209 982 4272 potest
1009 4200 1150 4272 qttod
1176 4200 1584 4265 anuuntiabant,
1624 4215 1723 4254 nec
1751 4200 1992 4270 cogitari.
2030 4200 2136 4257 Res

546 4293 688 4348 enim
717 4307 903 4362 magna
930 4299 1013 4346 est
1040 4299 1092 4345 et
1115 4289 1397 4345 ineffabilis
1417 4308 1430 4342 :
1449 4298 1498 4343 et
1523 4289 1697 4357 ipsiev
1729 4299 1874 4357 parte
1896 4290 1946 4345 in
1971 4292 2137 4361 antig-

545 4393 688 4440 mate
732 4383 996 4448 viderunt,
1038 4381 1172 4436 sicut
1197 4379 1678 4449 dicitApostolus:
1725 4378 1962 4436 Videmus
2001 4400 2135 4438 nunc

543 4494 608 4533 ea:
636 4485 780 4549 parte
805 4476 856 4530 in
878 4475 1164 4545 aznigmate,
1183 4483 1303 4527 tunc
1329 4482 1490 4528 autem
1507 4472 1636 4541 [acie
1649 4473 1716 4524 ad
1742 4473 1921 4542 {aciem
1939 4474 1956 4542 (
1976 4472 1991 4526 l
2011 4472 2126 4528 Cor.

543 4586 659 4637 χιιι,
696 4570 800 4641 ΙΞ).
831 4569 970 4624 Ecce
996 4569 1050 4622 in
1085 4568 1365 4638 a'uigtnate
1402 4567 1639 4622 videntes
1679 4565 1757 4619 sic
1798 4565 2126 4620 eruetabant.

540 4664 738 4732 Quales
753 4664 976 4726 erimus,
991 4675 1111 4716 cum
1127 4659 1408 4716 viderimus
1427 4658 1558 4713 facie
1583 4659 1648 4714 ad
1664 4659 1847 4714 faciem
1867 4658 2005 4730 quod
2029 4659 2128 4730 ipsi

540 4757 908 4830 partttriebant
940 4751 1123 4819 corde,
1153 4763 1204 4810 et
1235 4753 1408 4824 lingua
1438 4769 1621 4823 parere
1657 4768 1762 4806 non
1793 4763 2036 4823 poterant
2073 4763 2130 4808 ut

537 4857 793 4920 caperent
838 4845 1132 4902 homines?
1189 4845 1319 4914 Qum
1358 4844 1498 4898 enim
1543 4843 1830 4899 necessitas
1870 4845 2040 4899 fuerat
2073 4855 2130 4900 ιιι

537 4941 746 5000 diceret
769 4956 783 4994 :
830 4935 1219 4994 Incbriabuutur
1247 4935 1309 4990 ab
1337 4934 1559 4990 ubertate
1582 4936 1762 4989 domus
1812 4946 1910 4990 tute
1929 4938 1954 4991 Ρ
1972 4936 2128 5005 Qua:-

536 5036 660 5090 sivit
686 5033 907 5090 verbum
930 5031 1070 5087 unde
1089 5011 1394 5102 loqueretur
1417 5029 1483 5086 de
1505 5030 1663 5084 rebus
1692 5029 1956 5097 humanis,
1983 5031 2125 5101 quod

534 5129 737 5182 diceret
759 5137 837 5183 :et
855 5126 976 5196 quia
990 5124 1118 5179 vidit
1145 5123 1387 5179 homines
1404 5123 1782 5194 ingnrgitantes
1798 5138 1857 5178 se
1875 5123 1925 5176 in
1948 5123 2124 5178 ebrieo

536 5229 664 5284 tate,
688 5218 935 5290 accipere
957 5224 1134 5272 autem
1173 5215 1351 5270 vinum
1382 5214 1750 5279 immoderate,
1797 5223 1852 5268 et
1889 5223 2122 5269 tuentem

537 5314 798 5384 perdere;
835 5311 967 5368 vidit
992 5309 1116 5381 qttid
1144 5309 1364 5376 diceret,
1396 5308 1516 5378 quia
1547 5321 1667 5363 cum
1709 5317 1923 5392 accepta
1967 5306 2154 5392 fuerit

534 5408 622 5462 illa
668 5404 949 5464 ineffabilis
987 5402 1201 5467 lartitia,
1257 5401 1394 5472 perit
1439 5400 1832 5470 quodammodo
1881 5389 2123 5454 humana

534 5516 707 5562 tuens.
739 5508 792 5554 ct
835 5497 893 5554 tit
926 5497 1125 5559 divina,
1148 5504 1202 5551 et
1239 5495 1531 5550 inebriatur
1547 5494 1613 5548 ab
1651 5493 1890 5549 ubertate
1930 5493 2123 5548 domus

534 5591 652 5649 Dei.
687 5589 841 5649 Unde
867 5601 920 5648 et
957 5590 1010 5646 in
1058 5590 1163 5645 alio
1193 5586 1395 5658 psalmo
1437 5585 1630 5642 dicitur
1662 5605 1675 5641 :
1709 5585 1854 5642 Catia:
1873 5597 1988 5641 tuus
2014 5586 2120 5641 ine-

598 5707 613 5739 ¹
651 5711 752 5755 Duo
775 5712 898 5755 \'ss.:
928 5703 998 5752 ad
1027 5709 1177 5752 Deum
1197 5698 1259 5750 sit
1280 5712 1388 5763 spes
1408 5705 1506 5758 tua,
1532 5702 1579 5750 et
1599 5697 1697 5750 eris
1733 5695 1864 5762 ﬁlius
1894 5696 2116 5752 hominis.

530 5767 833 5836 l‘ifiiautem
854 5765 1116 5836 hominum,
1141 5771 1249 5836 etc.-
1357 5823 1369 5836 _
1563 5834 1587 5836 μ
1730 5822 1760 5836 γ’
1928 5829 1954 5836 Α
2050 5826 2061 5836 ’

530 5853 537 5887 ε
593 5832 616 5863 ι
649 5829 761 5879 add.
782 5843 796 5879 :
816 5837 916 5890 Iron
939 5832 1087 5890 potest
1108 5824 1174 5877 ad
1195 5823 1249 5890 id
1278 5823 1492 5890 animus,
1513 5834 1610 5890 non
1650 5823 1882 5889 capimus.
1924 5826 2118 5876 Concin-

531 5877 639 5946 ἣλιοι·
660 5877 1055 5948 lectio,
1073 5900 1216 5952 quam
1238 5889 1315 5940 hic
1335 5877 1650 5939 restituimus.

1830 387 1888 447 s.
1929 388 2296 447 AUGUSTINI
2336 391 2643 454 EPISCOPI
3727 433 3802 493 πε

2300 508 2470 618 brians
2503 532 2668 618 quam.
2699 523 2970 588 praeclarus
3002 539 3074 582 est
3115 529 3296 599 (Psat.
3331 550 3456 602 χιιι,
3487 539 3588 610 5)!
3621 542 3801 618 [locjatn

2297 604 2461 668 calice
2501 605 2742 665 inebriati
2769 625 2922 670 erant
2951 617 3228 691 Martyres,
3245 627 3453 694 quando
3479 604 3547 685 ad
3570 604 3802 700 passiotieai

2296 707 2502 759 cllnlcS.
2518 716 2644 756 suos
2661 721 2767 760 non
2781 711 3158 777 agnoscebant.
3181 715 3315 784 Quid
3343 728 3445 776 tam
3467 725 3672 786 ebrium.
3689 750 3802 799 quam

2296 805 2406 890 non
2422 807 2710 890 agt-unxere
2741 815 2960 856 uxorem
2979 803 3213 872 ﬂentem.
3252 826 3354 866 non
3377 814 3530 877 lilios.
3550 835 3641 874 non
3667 839 3801 890 par-en.

2293 882 2407 935 tes?
2448 882 2565 939 Non
2596 893 2973 957 agnoscebant,
2998 912 3101 951 ιιοιι
3141 914 3236 953 eos
3277 913 3400 957 ante
3427 882 3716 968 ttcttlnsessc

2293 970 2642 1032 bitrabantttr.
2695 978 2872 1039 Nolite
2915 985 3132 1050 mirari;
3181 990 3311 1046 ebrii
3343 1008 3514 1052 erant.
3542 998 3677 1056 Unde
3711 1007 3806 1062 ebrii

2291 1059 2478 1148 erant?
2497 1059 2680 1119 Videte
2697 1083 2709 1118 :
2724 1081 3042 1137 aerepet-uut
3059 1074 3278 1131 calicem
3312 1079 3450 1135 ttude
3467 1059 3805 1148 inebriarentur.

2291 1147 2444 1240 Unde
2473 1161 2527 1207 et
2561 1155 2646 1210 ille
2665 1160 2862 1226 gratias
2893 1161 3000 1217 Deo
3025 1165 3151 1235 agit,
3192 1167 3373 1224 dicens
3402 1188 3416 1225 :
3449 1173 3578 1240 Quid
3599 1147 3808 1238 tetribumti

2289 1239 2511 1301 Domino
2555 1264 2646 1315 pro
2702 1253 2932 1309 omnibus
2986 1272 3099 1324 qua:
3151 1260 3376 1316 retribuit
3422 1266 3543 1320 milii
3578 1268 3598 1321 ἓ
3643 1269 3808 1331 Caliratt

2287 1334 2524 1391 salutaris
2543 1342 2788 1411 accipiam
2806 1386 2822 1404 .
2870 1355 2917 1400 et
2951 1364 3130 1404 nomen
3165 1350 3367 1408 Domini
3412 1356 3640 1415 invocabo
3673 1364 3689 1433 (
3706 1363 3807 1422 Prai.

2287 1441 2414 1495 ειν,
2445 1429 2529 1492 12,
2570 1433 2692 1505 l3).
2737 1436 2906 1508 Ergo,
2956 1439 3181 1510 fratres,
3226 1446 3397 1503 simus
3439 1449 3528 1506 lilii
3572 1429 3806 1526 hominum,
3882 1509 3883 1528 ι

2287 1527 2340 1572 et
2377 1534 2654 1588 speremus
2708 1526 2810 1582 sub
2846 1533 3076 1602 tegmine
3115 1535 3316 1592 alarum
3358 1541 3494 1608 ejus,
3533 1554 3578 1599 et
3633 1547 3808 1605 inettrie-

2286 1623 2407 1664 mur
2429 1611 2496 1667 ab
2534 1613 2774 1672 ubertate
2820 1619 3010 1678 domus
3052 1625 3185 1694 ejus.
3244 1628 3521 1696 Quomodo
3563 1640 3690 1706 potui
3733 1643 3807 1700 diti

2284 1713 2338 1802 et
2381 1708 2650 1776 quomodo
2708 1729 2922 1782 possunt
2975 1717 3133 1774 video
3164 1762 3180 1782 ,
3237 1733 3290 1778 et
3345 1728 3610 1796 quomodo
3660 1733 3806 1802 video,

2284 1793 2463 1852 dicere
2506 1814 2611 1854 non
2677 1816 2912 1872 possum.
2961 1793 3456 1870 Inebriabmttur'ab
3506 1817 3706 1878 ubertate
3745 1793 3809 1879 do:

2281 1902 2394 1940 mus
2431 1899 2535 1943 tua:
2575 1907 2595 1946 :
2631 1901 2679 1946 et
2722 1902 2990 1951 torrentem
3041 1900 3058 1930 ¹
3087 1901 3362 1974 voluptatis
3401 1916 3503 1962 tua:
3539 1915 3708 1980 potabit
3733 1933 3804 1971 eos.

2282 1975 2518 2034 Torrens
2568 1982 2762 2039 dicitur
2796 2001 2931 2058 aqua
2975 1992 3196 2048 veniens
3236 2009 3357 2050 cum
3391 1975 3602 2065 impetu.
3632 2003 3806 2076 Impetus

2279 2067 2385 2122 erit
2445 2070 2822 2130 misericordia:
2874 2077 3006 2146 Dei,
3057 2079 3125 2136 ad
3171 2081 3470 2156 irrigaudos
3497 2100 3550 2146 et
3594 2067 3803 2151 inebrian-

2278 2158 2375 2215 dos
2418 2164 2505 2234 qui
2547 2164 2707 2220 modo
2753 2177 2956 2250 ponunt
3027 2187 3178 2242 spem
3242 2177 3344 2232 sub
3399 2182 3690 2239 umbraculo
3726 2188 3804 2243 ala-

2277 2269 2396 2310 rum
2421 2256 2556 2324 ejus.
2591 2257 2844 2330 Voluptas
2874 2262 2960 2318 illa
3005 2280 3126 2336 qua:
3169 2271 3288 2325 est?
3327 2271 3488 2338 Quasi
3527 2286 3709 2334 torrens
3745 2281 3801 2337 itt-

2275 2349 2491 2404 ehrians
2526 2351 2786 2409 sitientes.
2816 2355 2971 2411 Modo
3002 2375 3136 2432 ergo
3161 2364 3250 2432 qui
3281 2366 3416 2434 sitit,
3464 2385 3605 2438 spem
3652 2386 3799 2443 ponat:

2275 2443 2363 2513 qui
2385 2443 2728 2510 sitit,babeat
2771 2464 2942 2518 spent.
2976 2451 3268 2512 inebriatus
3291 2457 3503 2516 habebit
3531 2479 3664 2519 rem:
3687 2478 3800 2523 ante-

2272 2548 2430 2604 quam
2475 2535 2670 2593 habeat
2725 2555 2861 2606 rem.
2891 2542 3036 2601 sitiat
3083 2545 3135 2600 in
3167 2561 3281 2616 spe.
3312 2550 3463 2608 Beati
3501 2555 3584 2625 qui
3618 2560 3803 2614 esuriant

2271 2638 2327 2683 et
2386 2629 2572 2685 sitiunt
2632 2631 2926 2702 justitiam,
2998 2639 3254 2708 quoniam
3340 2643 3443 2714 ipsi
3489 2650 3800 2707 saturabuatut

2270 2718 2293 2790 (
2321 2717 2504 2775 Matth.
2535 2737 2589 2788 v,
2611 2722 2644 2778 6

2343 2812 2428 2868 15.
2473 2812 2642 2886 [verm
2665 2815 2750 2872 lO.
2781 2815 2942 2891 ]Quo
2964 2836 3092 2890 ergo
3113 2821 3263 2882 fonte
3291 2827 3613 2900 irrigaberis,
3634 2845 3676 2892 et
3693 2837 3794 2893 unde

2267 2907 2431 2960 currit
2459 2915 2636 2964 tantus
2659 2911 2680 2941 ²
2711 2922 2920 2967 torrens
2947 2915 3231 2986 voluptatis
3259 2921 3424 2988 ejus?
3454 2924 3684 2992 Quoniam
3700 2931 3797 2996 apud

2266 3006 2330 3059 te,
2367 2999 2554 3068 inquit,
2584 3005 2699 3072 fons
2723 3006 2856 3060 vita.
2887 3005 3016 3074 Quis
3060 3018 3143 3064 est
3178 3009 3299 3067 fons
3337 3015 3482 3081 vitze,
3539 3019 3632 3075 nisi
3664 3019 3795 3076 CitriS-

2266 3091 2392 3145 tus?
2423 3091 2573 3146 Venit
2603 3094 2668 3148 ad
2702 3104 2752 3150 te
2774 3095 2827 3150 itt
2849 3113 3031 3162 carne,
3065 3109 3119 3154 ut
3148 3101 3402 3162 irroraret
3437 3108 3609 3167 fauces
3634 3126 3729 3168 tuas
3749 3115 3795 3166 si-

2263 3173 2457 3240 tientes
2485 3205 2498 3240 :
2529 3186 2740 3241 satiabit
2765 3199 3087 3258 sperantem,
3136 3196 3223 3262 qni
3248 3197 3497 3256 irroravit
3518 3202 3537 3234 ³
3562 3204 3791 3260 sitientem.

2264 3269 2513 3337 Quoniam
2540 3273 2679 3343 apud
2702 3283 2749 3326 te
2771 3275 2886 3344 fons
2915 3277 3027 3332 vita
3082 3278 3105 3310 ⁸
3127 3321 3144 3346 ,
3169 3281 3221 3335 in
3242 3281 3435 3341 lumine
3468 3297 3550 3342 tuo
3582 3290 3792 3344 ridebimus

2259 3363 2445 3417 lumen.
2473 3363 2567 3418 llic
2591 3365 2734 3419 aliud
2760 3376 2842 3421 est
2887 3366 3021 3434 fons,
3052 3368 3198 3428 aliud
3227 3373 3408 3433 lumen
3444 3397 3457 3434 :
3489 3380 3556 3436 ibi
3598 3397 3688 3438 non
3724 3383 3788 3438 ili.

2256 3452 2407 3520 Quod
2434 3454 2577 3509 enim
2607 3465 2688 3510 est
2715 3453 2856 3524 fons,
2890 3459 2990 3515 hoc
3012 3469 3098 3516 est
3137 3472 3193 3518 et
3234 3466 3416 3524 lumen
3448 3489 3464 3525 :
3491 3480 3545 3528 et
3587 3472 3789 3545 quidquid

2254 3544 2358 3609 vis,
2381 3544 2505 3599 illttd
2536 3561 2713 3611 vocas,
2745 3550 2865 3618 quia
2898 3566 3001 3606 non
3048 3563 3129 3608 est
3167 3557 3309 3626 quod
3341 3576 3539 3629 vocas;
3572 3544 3677 3636 quia
3712 3581 3790 3620 non

2253 3643 2405 3704 potes
2435 3651 2726 3708 congruum
2751 3655 2944 3698 nomen
2972 3643 3231 3707 invenire.
3257 3665 3363 3706 non
3393 3665 3621 3712 remanet
3647 3657 3785 3711 inuno

2253 3728 2486 3782 nomine.
2513 3728 2566 3784 Si
2595 3729 2820 3796 diceres,
2857 3735 2978 3804 qttia
3009 3736 3186 3794 lumen
3216 3751 3299 3796 est
3325 3746 3524 3812 solum.
3571 3747 3786 3806 diceretur

2250 3817 2344 3872 tibi
2368 3836 2381 3873 :
2405 3818 2531 3876 Sine
2556 3835 2714 3877 causa
2736 3838 2864 3894 ergo
2890 3826 3019 3881 tnihi
3040 3829 3236 3885 dictum
3262 3842 3347 3889 est
3369 3847 3423 3891 ιιι
3449 3839 3662 3894 esuriant
3681 3849 3720 3895 et
3742 3839 3786 3894 si-

2248 3913 2375 3967 tiam
2406 3931 2419 3968 :
2446 3915 2563 3984 quis
2592 3916 2732 3971 enim
2760 3929 2860 3983 est,
2893 3921 2982 3992 qni
3006 3923 3289 3981 manducet
3314 3927 3497 3986 lumen
3517 3932 3785 4002 t'lllud‘pla-

2245 4018 2315 4058 ne
2343 4016 2488 4060 reete
2510 4005 2636 4060 mihi
2655 4005 2854 4064 dictum
2884 4021 3002 4067 est:
3028 4011 3175 4069 Beati
3203 4022 3384 4075 mundi
3404 4024 3568 4090 corde,
3593 4024 3780 4093 quoniam

2243 4094 2345 4164 ipsi
2370 4093 2532 4150 Deum
2565 4095 2797 4153 videbunt
2832 4100 2853 4170 (
2884 4100 3040 4169 Ibid,
3071 4105 3125 4171 6,
3155 4107 3226 4172 8)
3258 4126 3272 4162 :
3305 4111 3351 4164 si
3385 4113 3556 4169 lumen
3582 4124 3779 4175 cst,octt-

2243 4186 2324 4242 los
2348 4204 2496 4244 meos
2533 4206 2733 4259 parem.
2769 4192 2901 4248 Para
2940 4207 2994 4250 et
3025 4198 3204 4255 fauces
3229 4217 3242 4261 ;
3264 4205 3388 4273 quia
3419 4206 3541 4261 illud
3567 4209 3688 4279 qnmt
3721 4206 3777 4259 lu-

2241 4295 2363 4335 men
2385 4291 2487 4344 est.
2510 4294 2559 4337 et
2583 4281 2700 4338 fons
2717 4295 2828 4341 est:
2848 4286 2985 4353 fons,
3006 4290 3126 4360 quia
3147 4293 3304 4349 satiat
3329 4297 3596 4363 sitietttes;
3619 4299 3774 4358 lumen.

2239 4372 2362 4442 quia
2393 4373 2656 4430 illuminat
2682 4391 2874 4432 cmcos.
2899 4377 2994 4435 ilic
3012 4381 3297 4453 aliquando
3325 4387 3453 4443 alibi
3477 4390 3660 4456 lt'tnten,
3682 4387 3774 4442 alibi

2237 4462 2378 4520 fons.
2412 4463 2713 4536 Aliquando
2737 4470 2878 4524 enim
2909 4484 3131 4529 currunt
3180 4475 3354 4534 fontes
3382 4491 3437 4537 et
3472 4483 3520 4538 iu
3555 4481 3771 4542 tenebris;

2237 4565 2293 4613 et
2332 4557 2618 4627 aliquando
2659 4559 2709 4614 in
2743 4577 2928 4618 eremo
2987 4566 3188 4634 pateris
3215 4568 3384 4625 solem
3409 4614 3424 4638 ,
3468 4587 3566 4627 non
3611 4571 3772 4628 iuvenis

2235 4649 2437 4706 fontem
2463 4667 2477 4704 :
2517 4650 2601 4706 hic
2623 4667 2750 4722 ergo
2781 4665 3005 4723 possunt
3039 4655 3136 4712 ista
3163 4659 3272 4713 duo
3297 4677 3419 4717 esse
3446 4673 3664 4732 separata
3687 4702 3698 4714 .
3721 4660 3770 4713 ita

2235 4758 2343 4798 non
2371 4742 2692 4814 fatigaberis,
2712 4745 2833 4815 quia
2855 4745 2976 4802 fons
3000 4758 3120 4816 est;
3155 4765 3260 4807 non
3293 4753 3656 4818 teucbraberis,
3680 4750 3767 4823 quia

2233 4835 2412 4892 lumen
2431 4846 2534 4892 est.

2308 4927 2397 4983 16.
2429 4925 2588 5000 [νινε.
2619 4926 2731 5000 il.]
2772 4927 3040 4986 Praetende
3071 4933 3466 4991 misericordiam
3493 4945 3619 4991 luant
3643 4935 3762 4988 uim-

2233 5021 2366 5077 tibus
2401 5031 2476 5088 te,
2496 5031 2543 5076 et
2562 5022 2810 5093 justitiam
2837 5031 2975 5079 tuam
2994 5025 3072 5081 his
3090 5028 3179 5099 qui
3201 5038 3334 5083 recto
3351 5040 3466 5083 sunt
3479 5028 3635 5084 corde.
3648 5024 3760 5094 Quod

2232 5128 2375 5185 srrpe
2400 5113 2629 5170 diximus
2647 5156 2664 5181 ,
2699 5116 2822 5186 quia
2851 5117 2922 5172 illi
2952 5131 3076 5174 sunt
3099 5123 3228 5177 recti
3252 5123 3442 5185 corde,
3467 5123 3552 5194 qui
3578 5135 3758 5187 sequun-

2233 5214 2318 5260 tur
2351 5208 2405 5261 in
2445 5206 2542 5260 ltac
2567 5207 2673 5262 vita
2704 5209 3028 5266 voluntatem
3063 5213 3174 5268 Dei.
3198 5212 3454 5272 Voluntas
3483 5217 3568 5272 Dei
3595 5222 3659 5269 est
3681 5209 3755 5263 ali.

2231 5297 2446 5367 quando
2476 5309 2530 5353 ut
2559 5313 2724 5354 sanus
2748 5301 2820 5355 sis
2840 5344 2856 5368 ,
2881 5301 3168 5373 aliquando
3196 5315 3250 5360 ttt
3279 5317 3500 5377 :egrotes
3521 5324 3536 5361 :
3556 5305 3595 5361 si
3630 5316 3753 5372 quatt-

2229 5390 2300 5446 do
2324 5405 2563 5458 Sanuses,
2590 5393 2758 5449 dulcis
2782 5405 2864 5449 est
2905 5395 3153 5452 voluntas
3181 5395 3299 5466 Dei,
3335 5410 3386 5456 et
3410 5397 3603 5470 quando
3622 5408 3746 5463 tegm-

2231 5494 2332 5554 tas,
2352 5501 2532 5542 amara
2554 5495 2636 5542 est
2657 5485 2897 5543 voluntas
2915 5489 3038 5556 Dei;
3058 5505 3166 5546 non
3187 5503 3332 5550 recto
3343 5493 3496 5550 corde
3509 5485 3750 5559 σε.ουπῖ

2261 5655 2270 5660 ε
2289 5639 2312 5709 ξ
2345 5638 2417 5709 sic
2437 5637 2655 5709 melioris
2675 5647 2804 5709 noue
2821 5647 2928 5691 ttss.
2949 5641 3088 5704 juxta
3111 5649 3219 5694 Lxx
3245 5645 3502 5709 [tot-ratu].

2288 5701 2312 5765 ξ
2345 5698 2510 5765 Plures
2530 5707 2655 5760 Mss,
2676 5708 2919 5765 tanquam.

2288 5763 2312 5834 ξ
2342 5760 2664 5834 ξὶςιιριοὶιιιιις
2685 5760 2794 5812 uss.
2828 5766 3033 5834 M‘Edd”
3055 5766 3295 5834 irﬁgacit.

2287 5822 2310 5856 ι
2342 5822 2454 5872 sua;
2479 5837 2492 5873 :
2515 5822 2742 5894 Quoniam
2762 5827 2894 5894 qpud
2916 5834 2961 5878 te
2982 5822 3056 5881 est
3069 5822 3175 5894 aut;
3195 5832 3390 5893 vita,“
3411 5830 3464 5882 in
3487 5825 3651 5886 eum.
3666 5823 3739 5870 εει

2137 5899 2146 5920 ε
2227 5884 2326 5936 tua
2348 5898 2514 5950 voces,
2544 5893 2628 5950 est,
2654 5896 2721 5951 et,
2743 5884 2920 5942 absunt
2940 5903 2966 5940 a
2988 5884 3096 5942 Mss'.
3122 5901 3175 5944 et
3196 5907 3223 5945 ιι
3245 5884 3404 5947 Grieeo
3419 5898 3537 5944 Lxx.
