3960 6424
206 381 288 441 355
1214 356 1612 425 ENARRATIO
1648 366 1717 425 ΙΝ
1752 361 2076 425 PSALMUM
2115 361 2355 421 XXXVI.

203 499 304 570 Quia
332 508 429 549 non
456 489 877 547 visvolnntatem
910 494 1057 541 tuam
1079 482 1309 553 dirigere
1336 480 1402 536 ad
1428 482 1755 536 voluntatem

203 591 300 648 ui.
329 587 416 642 si-d
451 586 541 641 Dei
573 584 651 638 vis
676 596 899 638 curvare
922 577 986 633 ad
1016 587 1180 632 tuam.
1212 573 1306 629 Illa
1335 583 1477 629 recta
1504 584 1622 636 est,
1655 573 1751 629 sed

199 700 241 739 ta
264 678 749 736 uirvuszvoluntas
775 684 862 728 tua
889 668 1199 741 Corrigenda
1242 675 1325 723 est
1361 666 1426 720 ad
1469 666 1634 731 illam,
1654 679 1761 722 non

197 781 266 833 illa
295 773 553 830 ritu-unda
585 779 667 825 est
690 768 755 823 ad
787 777 839 822 te
871 783 885 821 :
910 776 963 819 et
994 774 1196 820 rectum
1225 760 1446 815 habebis
1470 775 1582 816 cor.
1618 758 1762 814 Bene

192 884 261 930 est
293 872 342 925 ia
382 870 479 921 hoc
509 864 730 927 saeculo,
755 857 1104 916 benedicatur
1134 855 1275 911 Deus
1300 855 1389 925 qui
1420 852 1759 912 consolatur:

191 968 437 1021 laboratur
476 958 528 1012 itt
574 954 804 1015 saeculo,
833 948 1179 1007 benedicatur
1219 946 1358 1001 Dens
1395 944 1519 1015 quia
1562 957 1753 997 emen-

185 1061 332 1110 dath
366 1053 551 1123 prohat
580 1068 594 1102 :
621 1044 805 1104 cteris
833 1053 979 1099 recto
1006 1039 1168 1094 corde
1197 1038 1385 1092 dicens
1405 1078 1420 1103 ,
1454 1034 1759 1089 Beuedicam

186 1148 443 1202 hominum
459 1151 515 1204 in
537 1145 673 1197 omni
695 1151 947 1209 tempore,
969 1148 1165 1205 semper
1185 1131 1297 1186 laus
1317 1130 1427 1201 ejus
1456 1128 1509 1183 in
1535 1144 1622 1183 ore
1655 1143 1763 1181 meo

182 1240 355 1315 (Ibat.
389 1250 572 1291 χχχιιι.
601 1232 699 1303 2).

246 1330 331 1386 Π.
371 1327 531 1400 [υενσ.
563 1321 677 1395 12]
711 1319 828 1375 Νοιι
849 1318 1012 1374 veniat
1046 1316 1169 1370 mihi
1192 1331 1278 1385 pes
1305 1312 1573 1384 superbiw.
1606 1311 1766 1366 Certe

175 1426 277 1496 jam
304 1420 472 1483 dixit,
499 1417 612 1474 Sub
646 1411 957 1469 umbraculo
991 1409 1195 1464 alarum
1229 1416 1435 1461 tuarum
1475 1404 1766 1474 sperabunt

178 1516 266 1573 lilii
306 1511 613 1576 hominum,
644 1517 698 1562 et
741 1504 1143 1561 inebriabnntnr
1183 1500 1251 1552 ab
1288 1498 1528 1552 ubertate
1572 1495 1766 1549 donius

178 1619 298 1663 tute.
328 1605 462 1661 Cum
491 1599 713 1670 emperit
738 1596 961 1668 quisque
992 1590 1250 1647 istofonte
1276 1589 1494 1644 uberius
1519 1587 1760 1657 irrigari,

176 1707 362 1759 caveat
399 1712 465 1752 ne
501 1691 791 1763 superbiat.
824 1686 936 1742 Non
975 1684 1118 1740 enim
1158 1681 1385 1737 deet'at‘
1417 1679 1547 1735 Adae
1590 1680 1763 1747 primo

179 1793 380 1853 homini
408 1808 423 1845 :
448 1788 543 1844 sed
574 1786 717 1842 venit
754 1783 825 1838 illi
860 1794 953 1852 pes
994 1776 1291 1846 superbiae,
1320 1784 1374 1827 et
1416 1774 1575 1827 tnovit
1620 1772 1765 1827 illntn

180 1902 369 1945 manus
412 1880 735 1954 peccatoris,
766 1875 818 1930 id
858 1883 939 1929 est
983 1885 1171 1925 manus
1208 1867 1405 1922 diaboli
1458 1865 1686 1937 superba
1711 1868 1763 1919 ³.

179 1978 455 2051 Quomodo
479 1976 565 2030 ille
595 1972 682 2042 qui
722 1984 844 2025 eum
882 1964 1129 2026 seduxit,
1168 1962 1335 2018 dixit.
1372 1958 1570 2014 Panum
1598 1957 1768 2013 sedem

180 2050 340 2131 nteant
362 2071 428 2126 ad
450 2066 744 2138 Aquilonem
769 2063 789 2131 (
812 2060 939 2114 leui.
967 2073 1054 2111 xiv
1074 2098 1089 2123 ,
1115 2054 1221 2127 l3)
1247 2074 1259 2106 :
1285 2054 1360 2108 sic
1384 2053 1455 2106 illi
1480 2050 1766 2122 persuasit,

181 2165 408 2227 Gustata,
430 2171 475 2215 rt
494 2159 631 2214 eritis
650 2156 777 2209 sicut
802 2152 874 2205 dii
910 2148 1076 2222 (Gen.
1110 2162 1196 2210 ιιι,
1227 2146 1259 2199 ὅ
1282 2146 1321 2215 ).
1353 2143 1614 2213 Superbia
1641 2156 1771 2214 ergo

182 2261 318 2331 lapsi
343 2271 556 2320 sumus,
582 2262 638 2306 ιιι
663 2249 728 2304 ad
760 2249 915 2301 istam
945 2241 1317 2297 mortalitatem
1348 2237 1767 2310 perveniremus.

180 2327 251 2410 Et
267 2351 390 2423 qttia
416 2363 512 2403 nos
536 2341 783 2413 superbia
803 2338 1169 2391 vulneraverat
1186 2374 1200 2396 ,
1226 2330 1496 2385 lnnnilitas
1533 2327 1657 2383 facit
1685 2342 1773 2381 sa-

180 2422 297 2506 nos:
324 2441 479 2497 Venit
506 2436 721 2492 humilis
747 2434 915 2494 Deus,
940 2438 998 2482 ttt
1021 2444 1049 2480 a
1082 2434 1228 2480 tanto
1254 2422 1519 2493 superbia:
1550 2422 1773 2477 vulnere

183 2545 395 2597 curaret
430 2530 721 2588 hominem.
757 2525 910 2581 Venit
932 2564 945 2583 ,
969 2521 1092 2591 quia
1132 2517 1365 2574 Verbum
1408 2530 1535 2570 caro
1574 2513 1771 2569 factum

185 2640 291 2697 est,
319 2639 371 2684 et
403 2622 655 2683 habitavit
682 2621 734 2675 itt
780 2617 932 2673 nobis
959 2611 1149 2687 (Joun.
1182 2626 1229 2676 ι,
1264 2609 1388 2679 Η).
1418 2606 1775 2676 Comprehen-

188 2737 283 2778 sus
322 2728 401 2775 est
440 2733 468 2770 a
504 2712 737 2777 Juda'is,
770 2708 1083 2764 insultatum
1130 2710 1214 2759 est
1250 2701 1321 2756 ei.
1370 2700 1608 2755 Audistis
1650 2716 1772 2755 cum

190 2813 525 2885 Evangelium
556 2800 975 2879 Iegeretnr,quid
1004 2798 1284 2861 dixerunt,
1316 2805 1370 2850 et
1393 2796 1474 2849 cui
1499 2793 1771 2861 dixerunt,

198 2906 500 2965 Dtentouium
518 2901 701 2972 habes(
720 2898 926 2961 id.vnt,
947 2893 1015 2948 48
1029 2892 1067 2961 ):
1084 2900 1134 2947 et
1158 2889 1244 2944 ille
1262 2903 1364 2943 non
1382 2887 1541 2950 dixit,
1567 2887 1776 2941 Dauno-

198 3000 337 3054 nium
371 2995 575 3051 habetis
590 3006 705 3051 vos,
725 2990 847 3060 quia
869 3000 964 3040 vos
983 2984 1034 3037 in
1062 2979 1292 3053 peccatis
1317 2978 1509 3033 vestris
1534 2978 1692 3040 estis,
1718 2986 1771 3031 et

196 3089 429 3146 diabolus
456 3083 693 3157 possidet
714 3079 875 3137 corda
897 3084 1092 3132 vestra.
1115 3071 1232 3128 Non
1256 3071 1357 3124 hoc
1372 3069 1535 3133 dixit,
1556 3067 1696 3139 quod
1728 3067 1775 3123 si

202 3183 430 3248 diceret,
464 3193 652 3235 verum
688 3175 930 3235 diceret;
964 3167 1056 3225 sed
1092 3182 1196 3222 non
1232 3173 1346 3219 erat
1370 3173 1577 3233 tempus
1598 3168 1655 3216 ιιι
1674 3161 1777 3217 hoc

200 3273 394 3332 diceret
412 3286 512 3339 ,ne
540 3284 646 3324 non
663 3265 939 3321 veritatem
968 3258 1257 3330 praedicare
1276 3297 1290 3317 ,
1313 3255 1406 3309 sed
1435 3252 1775 3308 maledictum

203 3366 414 3424 reddere
434 3363 723 3418 videretur.
766 3353 975 3412 Dimisit
1007 3349 1149 3422 quod
1193 3348 1429 3412 audivit,
1474 3345 1623 3418 quasi
1669 3360 1777 3400 non

203 3459 442 3515 audisset.
476 3454 709 3512 Medicus
736 3448 879 3507 enim
918 3453 1066 3508 erat,
1094 3451 1149 3497 et
1187 3438 1557 3510 phreneticum
1586 3452 1778 3492 curare

207 3560 428 3608 venerat.
464 3544 742 3618 Quomodo
785 3538 1024 3597 medicus
1062 3549 1166 3590 non
1200 3541 1355 3588 curat
1381 3530 1632 3601 quidquid
1675 3544 1777 3583 au-

209 3646 309 3702 diat
339 3662 368 3699 a
400 3641 747 3717 phrenetico,
773 3633 867 3691 sed
912 3628 1177 3703 quomodo
1219 3626 1556 3682 convalescat
1593 3632 1649 3678 et
1688 3622 1780 3678 fiat

212 3754 358 3796 mnus
386 3715 761 3807 phreneticus;
792 3740 891 3783 nec
914 3724 959 3778 si
989 3731 1046 3776 et
1072 3736 1303 3791 pugntntt
1344 3718 1412 3771 ab
1440 3716 1529 3770 illo
1553 3715 1780 3784 accipiat

213 3806 506 3891 curatziille
546 3824 621 3880 illi
662 3820 787 3876 facit
825 3830 960 3873 nova
1006 3813 1258 3876 vulnera,
1299 3810 1389 3863 ille
1423 3819 1655 3862 veterem
1698 3806 1779 3861 fe-

215 3922 350 3979 brem
386 3927 577 3975 sanat:
605 3914 686 3970 sic
718 3920 771 3968 et
812 3907 1068 3964 Dominus
1106 3902 1172 3956 ad
1211 3908 1468 3972 a-grotum
1504 3898 1680 3961 venit,
1711 3896 1780 3951 ad

220 4012 563 4086 phreneticum
618 4004 811 4067 venit,
862 4008 919 4053 ιιι
964 3994 1216 4068 quidquid
1261 3988 1777 4059 audiret,quidquid

221 4081 389 4176 passus
408 4112 552 4160 esset
573 4101 957 4154 contemneret,
983 4089 1083 4143 hoc
1113 4087 1233 4155 ipso
1254 4100 1347 4139 eos
1377 4083 1577 4138 docens
1604 4081 1780 4136 humi.

223 4173 438 4263 litatetn,
464 4202 524 4249 ιιι
559 4188 857 4245 humilitate
886 4181 1026 4237 docti
1050 4221 1065 4241 ,
1091 4187 1404 4232 sanarentur
1439 4192 1468 4227 a
1490 4173 1778 4263 superbia‘;

223 4290 280 4346 de
310 4254 551 4361 qua'iste
598 4278 809 4336 liberari
854 4274 1169 4344 deprecatur
1204 4269 1388 4324 dicens
1416 4285 1430 4321 :
1463 4265 1582 4321 Non
1618 4254 1784 4319 venitit

224 4360 339 4437 mihi
351 4398 435 4451 pes
446 4374 727 4447 superbire;
754 4379 801 4423 et
827 4382 1003 4421 manus
1024 4362 1296 4435 peccatoris
1312 4360 1331 4391 ³
1354 4376 1452 4413 non
1472 4369 1662 4413 moveut
1683 4374 1778 4414 tttt’.

225 4477 271 4532 Si
294 4475 426 4531 enim
447 4468 650 4526 venerit
675 4480 769 4535 pes
792 4458 1052 4529 superbia:
1072 4498 1088 4521 ,
1115 4463 1290 4509 movet
1318 4468 1509 4507 manus
1539 4459 1785 4521 peccata.

226 4572 308 4627 ris.
336 4569 462 4638 Quae
486 4573 569 4620 est
596 4571 783 4615 manus
806 4550 1137 4627 peccatoris?
1181 4548 1315 4603 Male
1354 4546 1629 4601 suadentis
1660 4559 1790 4614 ope.

228 4635 592 4719 ratio.‘Factns
632 4666 693 4707 cs
733 4643 1033 4719 superbus?
1075 4642 1194 4697 Cito
1237 4648 1288 4694 te
1328 4638 1657 4701 corrumpit,
1697 4635 1789 4707 qui

228 4756 351 4813 male
390 4750 601 4808 suadet.
644 4739 869 4800 llutnilis
909 4733 1111 4806 figere"
1142 4733 1194 4786 in
1243 4730 1457 4795 Deo,et
1490 4746 1593 4784 non
1640 4727 1795 4784 valde

227 4863 369 4907 cures
395 4843 519 4915 quid
562 4838 655 4894 tihi
682 4835 908 4889 dicatur.
943 4826 1076 4883 llinc
1104 4830 1188 4879 est
1214 4821 1355 4892 quod
1384 4821 1509 4873 alibi
1549 4820 1744 4873 dicitur
1774 4834 1790 4873 :

228 4941 293 4997 Alt
312 4936 519 4995 orrultis
539 4931 662 4986 meis
688 4925 876 4981 muudu
896 4937 976 4976 me
992 4959 1007 4983 .
1032 4927 1077 4971 et
1098 4915 1160 4970 ub
1181 4915 1360 4967 alienis
1381 4928 1532 4983 parce
1552 4928 1691 4965 servo
1709 4924 1796 4966 tuo

223 5031 388 5109 (l’sal.
407 5041 553 5089 mn,
571 5023 660 5093 13,
678 5018 788 5089 14).
813 5014 947 5081 Quid
968 5021 1068 5073 est,
1088 5009 1161 5063 Ab
1176 5005 1386 5109 occultis
1405 5004 1554 5057 meis?
1572 5001 1687 5105 {Van
1712 5018 1795 5056 re-

219 5096 323 5183 utat
357 5123 474 5175 mihi
522 5134 607 5189 pes
633 5117 898 5181 superbiat.
925 5104 1060 5175 Quid
1100 5113 1210 5162 est,
1242 5098 1306 5151 Et
1335 5098 1398 5151 ult
1436 5096 1613 5150 alienis
1653 5110 1801 5161 parce

217 5232 357 5273 servo
393 5185 532 5266 "10?-
563 5206 738 5275 Neque
776 5215 955 5255 manus
981 5203 1256 5265 peccatoris
1286 5198 1475 5243 moveat
1505 5202 1601 5240 me.
1637 5185 1799 5241 Serva

217 5306 360 5383 quod
390 5306 530 5358 intus
557 5309 670 5363 est,
700 5304 754 5351 et
778 5309 882 5346 non
913 5286 1126 5345 timebis
1156 5285 1305 5339 foris.

302 5403 360 5452 ιε
402 5395 549 5469 luere.
580 5391 648 5446 15
677 5388 891 5461 [Quare
920 5392 1096 5436 autem
1129 5376 1279 5431 valde
1309 5373 1410 5428 hoc
1441 5368 1804 5441 times?Qnasi

220 5462 508 5551 dicct'eittr,
534 5482 614 5537 Ibi
638 5479 921 5536 ceciderunt
948 5488 1117 5528 omnes
1142 5470 1227 5541 qui
1256 5474 1527 5537 operantur
1564 5462 1807 5535 iniquita-

294 5606 312 5636 ι
347 5603 417 5651 sic
439 5596 675 5649 tredecim
693 5597 801 5641 Mss.
825 5582 1217 5651 tttEdd.,_iuerat.

290 5635 313 5697 ί
346 5635 905 5724 superbi.
928 5635 1142 5707 Quidam,
1163 5640 1434 5708 superbum.
1459 5635 1681 5691 Nonnulli
1716 5636 1808 5686 de-

223 5690 795 5784 maturemus”:

298 5790 320 5823 ³
349 5775 515 5836 nam
658 5781 802 5843 juxta
827 5780 959 5843 l.t_t_x,
980 5775 1302 5843 peccptorggn.

226 5826 797 5974 ὦεξ
813 5836 903 5893 tua
924 5826 1061 5897 vero,
1083 5829 1279 5884 humilis
1321 5827 1457 5895 ﬁere.
1481 5826 1615 5889 ειμι,
1648 5830 1814 5891 εαιαςε

3329 366 3461 447 ,εει

1869 490 2006 543 tem;
2037 486 2095 533 ut
2133 478 2378 533 venirent
2424 475 2491 532 ad
2541 476 2682 533 illam
2727 475 2998 553 abyssum.
3030 478 3098 537 de
3127 498 3228 555 qua
3260 484 3456 542 dictum

1868 581 1971 637 est,
1998 569 2207 624 Iudicia
2242 580 2327 623 tua
2356 572 2483 626 sicut
2519 574 2731 643 abyssus
2768 577 2963 640 multa;
2992 589 3047 630 ut
3078 578 3142 631 ad
3174 580 3297 632 illud
3334 597 3453 649 pro“

1871 666 2091 721 fundum
2122 664 2476 735 pervenirent,
2512 667 2597 719 ubi
2632 679 2939 737 peceatores
2968 672 3054 741 qui
3086 682 3455 737 Cttttttztttttttttl,

1869 760 2175 816 ceciderunt
2212 761 2249 813 '.
2289 757 2580 814 Ceciderunt
2610 775 2628 813 :
2654 761 2740 814 ubi
2792 761 2962 832 primo
3009 765 3355 820 cecidi-runt?
3404 768 3456 822 lu

1873 849 2009 922 pede
2034 852 2315 923 superbius
2344 850 2536 906 Audite
2566 852 2752 922 pedem
2777 856 3039 924 superbia:
3071 877 3083 911 :
3117 859 3217 925 Qui
3240 878 3353 914 cum
3376 880 3461 925 co-

1870 946 2153 1015 gnovissent
2173 943 2359 1007 Deum,
2387 962 2488 999 non
2517 946 2645 999 sicut
2668 944 2829 1001 Deum
2853 949 3278 1020 gloriﬁcaverunt.
3305 956 3462 1012 Venit

1871 1048 2000 1103 ergo
2024 1034 2128 1089 illis
2153 1050 2243 1103 pes
2268 1036 2551 1105 superbiat,
2577 1036 2716 1092 tnnle
2739 1051 3000 1096 venerunt
3021 1042 3070 1097 in
3100 1044 3420 1114 profuniutn
3445 1068 3457 1103 :

1872 1124 2107 1179 Tradidit
2133 1126 2249 1181 illos
2268 1126 2406 1183 Deus
2432 1128 2484 1182 in
2505 1130 2934 1199 concupiscentias
2961 1137 3127 1191 cordis
3152 1154 3346 1206 eorunt,
3381 1146 3463 1212 fu-

1872 1235 1985 1274 rere
2033 1235 2149 1289 quae
2192 1236 2293 1275 non
2339 1222 2637 1276 conveniunt
2666 1222 2842 1293 (Rom.
2872 1240 2906 1288 ι,
2938 1224 3030 1292 21,
3060 1229 3173 1299 24).
3208 1230 3461 1290 Radicem

1876 1312 2094 1380 peccati,
2128 1322 2177 1367 et
2211 1321 2370 1381 caput
2402 1313 2605 1381 peceati
2637 1315 2809 1368 timuit
2834 1316 2923 1386 qni
2951 1316 3085 1372 dixit
3108 1336 3121 1372 :
3147 1319 3268 1376 Non
3297 1326 3463 1379 veniat

1875 1402 2001 1455 mihi
2049 1419 2135 1471 pes
2178 1404 2446 1474 superbire.
2490 1408 2666 1471 Quare
2715 1406 2861 1460 illntn
2903 1408 3093 1479 pedem
3132 1412 3303 1468 divit?
3328 1416 3463 1482 Quia

1874 1495 2231 1564 superbit-mlo
2252 1495 2415 1550 Deum
2432 1495 2688 1564 deseruit,
2701 1509 2751 1553 et
2766 1498 3043 1556 discessit:
3065 1502 3252 1571 pedem
3278 1508 3460 1577 ipsius,

1875 1588 2122 1641 ali'ectnm
2164 1586 2330 1656 ipsius
2359 1586 2512 1642 dixit.
2548 1587 2667 1643 Non
2700 1591 2863 1645 veniat
2902 1592 3028 1645 mihi
3066 1611 3153 1663 pes
3180 1600 3463 1665 superbiat;

1876 1688 1922 1731 et
1949 1694 2127 1732 manus
2153 1681 2428 1747 peccatoris
2456 1697 2555 1734 non
2586 1689 2778 1735 moveat
2806 1698 2883 1737 nte
2906 1701 2917 1736 :
2947 1682 2996 1737 id
3022 1696 3124 1750 cst,
3159 1703 3318 1756 opera
3346 1706 3468 1759 pec-

1876 1771 2075 1823 catotis
2107 1785 2212 1824 non
2242 1786 2327 1824 tne
2352 1770 2654 1827 ditnoveant
2685 1789 2713 1825 a
2746 1781 2817 1838 te,
2846 1786 2902 1826 ut
2935 1774 3125 1829 imitari
3168 1777 3252 1831 illa
3285 1782 3365 1834 vel
3392 1799 3463 1836 ιιι.

1877 1862 2055 1931 Quare
2080 1871 2255 1916 autent
2287 1872 2471 1918 contra
2504 1864 2805 1934 superbiam
2843 1864 2943 1919 huc
2969 1866 3125 1927 dcit,
3156 1866 3239 1922 Ibi
3268 1873 3466 1926 cecide-

1877 1966 1995 2009 runt
2019 1957 2104 2027 qui
2128 1968 2402 2027 operantur
2428 1957 2782 2027 iniquitatem?
2806 1955 2937 2027 Quia
2962 1961 2980 1990 ²
3003 1961 3089 2029 qni
3115 1963 3274 2015 modo
3303 1964 3467 2036 iniqui

1879 2060 2024 2113 sunt,
2056 2051 2105 2103 in
2137 2049 2379 2117 superbia
2420 2048 2749 2105 ceciderunt.
2784 2049 2908 2104 Ideo
2932 2065 3053 2106 cum
3084 2067 3292 2110 cautam
3322 2059 3468 2114 face-

1879 2149 1960 2194 ret
1989 2140 2244 2193 Dominus
2267 2139 2581 2195 Ecclesium.
2605 2141 2677 2193 ait
2704 2158 2716 2195 :
2744 2138 2847 2194 Illa
2877 2151 3036 2205 tuum,
3073 2144 3262 2215 inquit,
3296 2147 3469 2203 obser-

1879 2232 2012 2284 vubit
2031 2240 2204 2301 caput,
2229 2241 2274 2282 et
2302 2241 2355 2283 tu
2380 2232 2491 2301 ejus
2513 2230 2803 2284 cnicuneum
2828 2230 2977 2301 (Ceu.
3001 2249 3075 2295 In,
3101 2236 3211 2303 15).
3237 2234 3471 2306 Serpens

1880 2322 2128 2377 ubst-rvat
2157 2322 2372 2392 quando
2405 2322 2497 2377 tibi
2520 2323 2696 2376 veniat
2719 2339 2815 2395 pes
2840 2326 3121 2394 superbiat,
3150 2329 3360 2396 quando
3394 2331 3472 2384 Ia-

1881 2416 2047 2482 bat-is,
2081 2416 2415 2491 ttt.dejiciat;
2453 2423 2507 2469 ιιι
2537 2426 2711 2472 autem
2739 2430 2895 2486 caput
2925 2418 3042 2487 ejus
3070 2420 3292 2475 observa
3322 2440 3334 2475 :
3367 2423 3471 2478 iui-

1884 2510 2014 2563 tiutn
2040 2510 2217 2563 ontnis
2245 2510 2443 2578 peccati
2477 2509 2722 2579 superbia
2748 2508 2933 2580 (ἔξει-Ιὶ.
2960 2526 3014 2573 x,
3041 2510 3151 2582 l5).
3179 2510 3258 2566 Ibi
3282 2515 3476 2569 cecide-

1881 2611 2001 2654 runt
2036 2601 2123 2671 qui
2153 2609 2430 2671 operantur
2456 2600 2812 2672 iniquitatem:
2839 2603 3033 2671 capulari
3074 2614 3214 2669 sunt,
3247 2620 3337 2658 nec
3378 2622 3474 2675 po-

1885 2704 2087 2747 tuerunt
2130 2692 2475 2761 stare:pri0r
2522 2693 2610 2747 ille
2651 2692 2740 2763 qui
2795 2694 2845 2747 itt
2888 2695 3111 2750 veritate
3154 2714 3259 2751 tton
3306 2700 3473 2766 stetit,

1882 2784 2077 2840 deinde
2116 2801 2210 2854 per
2250 2801 2371 2839 eum
2417 2785 2488 2838 illi
2528 2800 2665 2854 quos
2700 2786 2900 2839 ditttisit
2940 2785 3082 2842 Dens
3109 2788 3177 2843 de
3206 2792 3475 2860 paradiso.

1883 2876 2037 2933 Unde
2083 2878 2171 2932 ille
2216 2878 2430 2932 humilis
2459 2878 2548 2948 qui
2593 2893 2699 2933 non
2743 2895 2802 2934 se
2839 2878 2975 2934 dicit
3009 2881 3225 2951 dignum
3268 2885 3478 2941 Solvere

1884 2971 2167 3039 corrigiam
2206 2969 2579 3035 calceatncnti,
2612 2984 2717 3023 non
2748 2979 2831 3025 est
2860 2972 3131 3040 expulsus,
3167 2974 3260 3029 sed
3292 2986 3395 3031 Stat
3425 2987 3481 3032 et

1885 3062 2033 3116 audit
2080 3078 2226 3125 eum,
2264 3070 2320 3116 et
2346 3062 2539 3132 gaudio
2579 3062 2775 3134 gaudet
2819 3072 3035 3132 propter
3064 3080 3248 3121 vocent
3296 3069 3479 3135 sponsi

1888 3153 2069 3226 (Jonu.
2092 3169 2130 3217 ι,
2152 3152 2258 3218 ‘27;
2293 3169 2365 3217 tu,
2390 3152 2509 3226 9.9),
2532 3163 2585 3208 et
2616 3170 2721 3208 non
2752 3165 2973 3227 propter
3000 3173 3175 3223 suam,
3208 3175 3275 3214 ne
3305 3161 3481 3216 veniat

1885 3249 1935 3303 ei
1972 3262 2065 3317 pes
2091 3247 2379 3315 superbiae,
2404 3255 2457 3301 ct
2485 3247 2799 3317 expellatur,
2832 3264 2931 3305 nec
2958 3250 3127 3321 possit
3154 3264 3319 3308 stare.

1959 3338 2046 3394 19.
2092 3338 2156 3392 Et
2184 3338 2228 3393 si
2261 3352 2381 3393 cunt
2414 3338 2593 3394 labore
2623 3340 2887 3410 aliquibus
2913 3352 3148 3397 vestrum
3183 3343 3341 3399 taedio
3368 3343 3483 3402 fuc-

1884 3434 2074 3499 rimus,
2110 3432 2376 3488 [inivimns
2410 3432 2703 3499 Psalmum,
2737 3435 2981 3490 transivit
3010 3436 3246 3505 tzedium,
3273 3449 3326 3494 et
3354 3454 3480 3511 gra-

1888 3524 2194 3589 tulabimur,
2218 3525 2337 3596 quia
2362 3526 2602 3582 Psalmns
2630 3536 2771 3583 totus
2790 3529 3065 3598 expositus
3088 3538 3189 3585 est.
3217 3528 3272 3585 lu
3304 3532 3481 3589 medio

1882 3618 1992 3687 jam
2024 3618 2217 3674 timens
2247 3635 2313 3673 ne
2342 3634 2621 3674 onerarent
2651 3635 2748 3673 vos
2767 3662 2780 3683 ,
2812 3618 3130 3677 ditttissnt'tts
3156 3638 3304 3678 cram
3339 3642 3353 3678 :
3384 3625 3480 3681 sed

1886 3710 2113 3780 cogitavi
2144 3711 2265 3781 quia
2299 3709 2523 3764 intentio
2557 3720 2737 3765 nostra
2772 3713 3169 3781 prmcidcretnr,
3193 3725 3248 3769 ct
3274 3732 3377 3769 non
3406 3716 3485 3771 sic

1889 3804 2154 3859 rediretur
2179 3801 2247 3857 ad
2272 3802 2574 3868 dimidium,
2599 3803 2868 3873 quomodo
2893 3805 2937 3858 si
2968 3821 3379 3863 excurreremus
3407 3816 3487 3862 to-

1894 3905 2040 3959 tum;
2071 3905 2123 3950 et
2151 3895 2309 3949 tnalui
2343 3895 2495 3950 vobis
2534 3896 2711 3965 gravis
2735 3911 2872 3961 esse,
2899 3914 3056 3967 quam
3090 3916 3148 3954 re
3176 3900 3484 3972 imperfecta

1886 3988 2143 4058 reliquias
2172 4001 2408 4041 scrvare.
2436 3985 2670 4041 Debetur
2696 3989 2837 4042 enim
2862 3991 3012 4043 vobis
3038 3991 3197 4045 etiam
3220 3993 3486 4047 crastinus

1891 4095 2067 4134 sermo
2094 4097 2108 4133 :
2140 4088 2286 4133 orate
2317 4095 2413 4149 pro
2439 4078 2597 4133 nobis
2625 4090 2680 4135 ιιι
2704 4081 2979 4136 valeamus
3013 4083 3287 4152 exhibere,
3317 4095 3371 4141 et
3404 4088 3486 4141 af-

1893 4170 2026 4226 ferte
2054 4170 2235 4225 fauces
2261 4171 2560 4226 esurientes
2585 4181 2639 4225 et
2662 4174 2820 4227 corda
2844 4175 3055 4230 devota.

1890 4301 3478 4329 ______________________________

2280 4383 2361 4446 IN
2406 4378 2785 4442 PSALMUM
2828 4381 3107 4444 XXXVI

2398 4505 2798 4564 εΝΑιιιιΑἰιο
2836 4505 2938 4578 (ιι).

2516 4631 2688 4672 senato
2726 4632 2740 4671 t
2769 4615 2865 4686 (b).

2339 4731 2417 4787 De
2440 4731 2603 4802 printa
2628 4739 2773 4802 parte
2804 4727 3019 4784 Psalmi.

1975 4854 2025 4909 Ι.
2067 4850 2401 4908 Novissimns
2426 4847 2545 4902 dics
2567 4843 2875 4900 terribiliter
2901 4853 3155 4898 venturus
3177 4844 3390 4899 auditur
3410 4846 3491 4901 eis

1901 4945 1992 5018 qui
2022 4944 2195 4999 securi
2236 4956 2357 4998 cs~ie
2395 4937 2530 4993 bene
2557 4934 2781 4989 vivendo
2807 4934 3016 4997 nolunt,
3042 4943 3097 4987 i-t
3126 4936 3266 4989 tnale
3306 4938 3490 4990 vivere

1905 5038 1995 5094 diu
2033 5037 2234 5089 volunt.
2272 5031 2315 5088 U
2343 5020 2485 5085 iliter
2523 5036 2700 5082 autem
2743 5025 2881 5080 Deus
2928 5024 3095 5079 latere
3135 5027 3301 5079 voluit
3342 5027 3490 5080 illnnt

1905 5129 2071 5189 diem,
2100 5136 2156 5180 ut
2182 5137 2393 5191 semper
2439 5119 2509 5175 sit
2555 5127 2797 5188 paratum
2834 5130 2929 5170 cor
2971 5115 3037 5170 ad
3077 5116 3493 5185 exspectandum

1906 5218 2049 5289 quod
2084 5232 2204 5271 esse
2242 5223 2522 5268 venturum
2571 5209 2695 5276 scit,
2738 5218 2793 5263 ct
2839 5207 3053 5278 quando
3097 5218 3376 5263 venturum
3424 5207 3498 5263 sit

1974 5380 1992 5444 ξ
2027 5378 2195 5444 rtures
2214 5380 2344 5444 Mss,
2366 5368 2687 5444 ubipeccator
2704 5365 2789 5431 qui
2807 5363 3080 5424 contemnit,
3101 5361 3292 5414 cecidit.

1971 5442 1994 5475 ⁸
2028 5442 2191 5494 Abest,
2226 5440 2358 5498 quia,
2379 5446 2409 5483 a
2428 5440 2535 5483 Mss.

1977 5485 2376 5568 (αῖῖᾗῖὲιιέιιιὶιι
2420 5492 2792 5568 Lua-terirenon
2827 5488 2943 5563 licet
2963 5489 3092 5562 quod
3118 5490 3229 5562 ius.
3257 5485 3497 5568 t-‘ulgeqtit

1912 5548 2280 5620 vitaitamatnr,
2299 5573 2405 5632 cap.
2421 5548 2479 5614 ’5,
2502 5555 2689 5632 sciliget
2712 5567 2820 5632 eum
2842 5554 2946 5632 its-0
2976 5548 3140 5632 intimo
3153 5548 3388 5632 ieiunante
3407 5548 3498 5597 dc-

1913 5611 2675 5683 eres'issetreunntiaresarculo,
2698 5611 2957 5679 aliquando
2976 5611 3168 5683 tandem
3201 5626 3222 5656 ιι
3247 5611 3378 5683 Beati
3411 5620 3501 5661 At»

1923 5672 2152 5756 ἵᾷίῶᾰὶ
2176 5672 2470 5756 carimde-olis
2493 5672 2796 5756 tricesiinmn'
2811 5672 3263 5756 sextupll‘salmum
3285 5673 3374 5756 dis:
3395 5681 3500 5756 uta:

1922 5736 1949 5804 ξ
1969 5736 2447 5805 ῗιῶιὲἰιοιηιῑιοιιὶιιιε
2462 5750 2515 5793 et
2534 5754 2655 5805 mm,
2674 5747 2866 5805 unctus,
2891 5736 3139 5802 publicare
3172 5749 3313 5787 suum
3333 5736 3503 5789 statuit

1925 5832 1953 5867 ς
1971 5804 2153 5871 votum,
2171 5818 2360 5861 mutare
2377 5808 2598 5871 gestiens
2610 5804 2841 5871 habitum,
2867 5816 2892 5845 ι

1984 5862 2280 5941 uiuimus
2296 5862 2581 5931 carittaeme
2601 5879 2712 5920 cum
2731 5865 2921 5919 duobus
2939 5862 3367 5930 subsequentibus.
