3960 6420
1139 350 1531 414 nivaria-mo
1570 349 1635 406 lN
1676 345 1998 406 rsamwn
2039 330 2279 404 xitxvr.
3241 330 3374 416 '388

1791 471 1945 528 sunt,
1975 471 2028 517 et
2052 463 2386 534 superficiem
2429 473 2585 521 terrae
2622 469 2854 524 tenentia
2887 468 2925 535 ί,
2957 471 3117 527 altam
3142 474 3375 533 radicem

119 557 771 648 jd‘mmﬂuuﬁmmutucm-e
792 569 1002 642 (Matth.
1030 583 1154 632 xxv,
1179 565 1268 631 55,
1288 563 1402 633 42).
1430 559 1677 624 Proinde,
1789 572 1898 611 non
1943 557 2158 611 habent.
2191 558 2417 614 Proinde
2447 576 2539 628 per
2570 560 2799 618 hiemem
2839 564 3012 620 virent
3043 585 3054 619 :
3083 576 3138 621 at
3168 568 3256 622 ubi
3299 571 3379 626 sol

161 683 254 754 quia
278 676 335 730 de
360 671 434 725 his
457 668 539 739 qui
570 671 847 720 versantur
879 661 929 716 iu
961 659 1185 738 negotiis
1218 670 1272 713 et
1301 653 1553 726 operibus
1579 652 1683 705 hn-
1791 650 1992 706 mstatis
2022 649 2321 705 fervescere
2346 654 2588 723 ert-perit,
2621 667 2882 711 arescent.
2911 657 3064 713 Modo
3094 675 3221 738 ergo
3248 671 3379 716 teut-

158 741 224 845 ᾗτε
249 765 426 827 uumdi,
455 760 537 814 alii
565 756 792 828 diligunt
829 753 1143 809 benefacere
1188 747 1564 820 indigentibus,
1596 743 1687 798 alii
1763 757 1893 815 pus
1920 753 2001 798 est
2033 741 2244 808 hiemis,
2286 745 2453 814 gloria
2497 757 2582 800 tua
2636 751 2867 804 ll’ttltlllttl
2911 765 3175 821 apparet:
3214 756 3308 810 sed
3338 759 3380 813 si

111 540 120 548 .
162 388 336 557 iliiista
359 486 622 559 negligant,
646 479 837 552 quibus
863 477 1056 533 dicitur
1079 476 1094 507 ⁸
1119 474 1190 528 ibi
1218 493 1230 528 :
1257 470 1476 533 Esurivi,
1506 477 1550 522 et
1576 483 1677 521 non

134 843 388 934 .ﬁcgtignnt
413 872 423 907 :
451 862 690 922 tanquam
719 848 785 903 de
808 846 1012 903 duabus
1043 845 1095 900 in
1125 843 1432 898 molemlino
1464 857 1568 894 una
1597 853 1686 892 as-

136 931 357 1014 vtuutetur,
386 955 428 1000 ct
461 961 559 998 una
601 943 924 1010 rclinqaetnr.
971 935 1190 992 Lectum
1235 943 1411 989 autem
1459 931 1689 1003 positum

161 1043 346 1099 arbitror
393 1049 482 1106 pro
524 1033 740 1102 quiete:
775 1033 896 1101 quia
942 1039 1066 1084 sunt
1109 1027 1197 1097 qui
1245 1040 1416 1095 neque
1453 1023 1692 1078 actiones

160 1131 308 1189 numdi
335 1126 429 1198 pati
461 1124 658 1187 volunt,
689 1123 825 1176 sicut
862 1129 985 1175 sunt
1012 1116 1278 1188 conjugati
1320 1114 1562 1169 homines
1600 1112 1693 1165 ha-

165 1228 316 1280 bcnles
341 1219 540 1281 domos,
573 1213 818 1276 familias,
850 1211 1023 1275 ﬁlios;
1056 1225 1227 1279 neque
1256 1204 1452 1276 aliquid
1495 1205 1546 1258 iu
1592 1202 1694 1257 lic-

162 1313 290 1371 clcsia
313 1318 482 1380 agunt,
504 1306 639 1360 sicut
661 1302 930 1376 prrrpositi
959 1302 1100 1356 velut
1128 1301 1178 1356 in
1204 1297 1521 1369 agricultura
1550 1294 1698 1349 labo-

164 1415 336 1469 rantes;
362 1402 447 1458 sed
478 1399 617 1455 velut
647 1399 712 1453 ad
742 1397 856 1452 hzcc
885 1395 1096 1460 infirmi,
1128 1395 1385 1449 secedunt
1413 1390 1478 1446 ad
1508 1388 1695 1455 otium,

163 1509 201 1554 rt
229 1495 369 1567 quieti
413 1508 528 1549 esse
572 1492 830 1562 diligunt;
861 1489 1024 1544 veluti
1065 1501 1331 1542 memm‘es
1376 1481 1700 1538 infirmitatis

163 1605 266 1655 sum,
286 1603 378 1642 non
405 1599 460 1640 se
485 1583 879 1639 committentes
909 1580 1113 1658 magnis
1139 1577 1455 1642 actionibus,
1483 1584 1530 1629 cl
1564 1589 1700 1644 quo-

163 1675 402 1733 dammodo
445 1676 495 1730 in
543 1683 711 1729 strato
761 1671 1085 1726 infirmitatis
1131 1677 1376 1740 rogantes
1421 1668 1605 1722 Deum.
1636 1664 1704 1719 Et

165 1772 250 1840 ipsa
269 1766 505 1839 professio
525 1765 683 1820 habet
706 1764 892 1828 bonos,
912 1762 1071 1817 habet
1099 1760 1248 1815 fictos
1267 1779 1277 1813 :
1299 1757 1521 1834 proinde
1543 1757 1701 1812 etiam

163 1879 211 1919 cx
238 1864 306 1916 bis
340 1878 463 1914 unus
500 1867 801 1924 assunwtur,
829 1867 875 1910 et
902 1872 1030 1910 unus
1058 1856 1380 1920 relinquetur.
1407 1851 1487 1907 Ad
1514 1867 1702 1921 quam-

164 1969 347 2024 cumque
391 1952 776 2022 professionem
831 1958 881 2003 te
932 1947 1282 2010 converteris,
1329 1959 1455 2014 para
1507 1953 1557 1999 te
1599 1943 1707 2013 pati

166 2047 286 2102 ﬁctos
310 2063 320 2097 :
343 2044 565 2114 alioquin
593 2044 638 2095 si
668 2052 718 2096 te
741 2057 842 2095 non
867 2039 1157 2110 paraveris,
1181 2037 1420 2092 invenies
1439 2037 1578 2106 quod
1602 2051 1707 2090 non

166 2135 398 2206 sperabas,
417 2144 466 2189 et
487 2133 710 2189 deticies
736 2141 824 2185 aut
845 2129 1260 2202 perturbaberis.
1282 2129 1359 2182 Ad
1380 2127 1556 2180 omnia
1583 2142 1709 2196 ergo

165 2239 203 2282 te
224 2236 438 2297 paratum
471 2226 596 2279 facit
627 2225 714 2295 qui
749 2223 840 2278 tibi
874 2222 1125 2293 loquitur,
1157 2234 1277 2275 cum
1312 2231 1520 2288 tempus
1551 2227 1631 2273 est
1656 2224 1712 2272 et

165 2320 223 2374 illi
248 2318 496 2388 loquendi,
521 2317 763 2372 nomium
778 2313 1072 2383 judicandi,
1097 2320 1150 2366 et
1175 2312 1266 2365 tibi
1289 2309 1559 2375 audiendi,
1581 2324 1713 2364 non-

163 2411 262 2465 duin
297 2411 478 2465 frustra
521 2407 842 2480 pmnilcn'di.
881 2405 977 2460 Est
1015 2404 1157 2460 enim
1201 2401 1360 2458 modo
1401 2401 1713 2473 pmiiitcntia

164 2519 246 2557 non
286 2499 462 2557 frustra
494 2521 508 2557 :
540 2503 651 2557 erit
698 2509 826 2555 tunc
868 2497 1086 2553 frustra.
1111 2497 1226 2552 Non
1263 2497 1403 2553 enim
1446 2505 1570 2551 tune
1607 2511 1715 2550 non

163 2594 399 2663 pmiiitebit
425 2595 675 2649 homines
702 2593 841 2648 male
866 2591 1101 2646 vixisse:
1127 2589 1219 2645 sed
1249 2590 1394 2644 nullo
1424 2588 1583 2643 modo
1610 2588 1716 2642 illis

159 2685 322 2754 justitia
358 2687 444 2741 Dei
474 2694 703 2741 revocat
729 2685 872 2755 quod
914 2699 1008 2738 sua
1049 2682 1306 2753 iujustitia
1349 2680 1712 2752 perdiderunt.

162 2779 332 2836 Justum
355 2782 489 2836 enim
522 2791 612 2838 cst.
641 2781 780 2852 apud
810 2780 997 2843 Deum,
1027 2787 1083 2832 ut
1113 2777 1272 2833 modo
1313 2775 1579 2847 impertiat
1615 2777 1717 2831 mi-

162 2879 479 2947 sericordiam,
523 2889 657 2935 tunc
698 2886 948 2934 exerceat
982 2875 1264 2946 judicium.
1295 2874 1418 2930 Ideo
1445 2889 1587 2929 nunc
1612 2887 1720 2928 non

163 2980 350 3026 tacetur.
385 2973 465 3027 An
515 2973 764 3029 tacetur?
801 2972 1003 3043 Arguat
1046 2970 1292 3040 quisque,
1326 2977 1641 3028 murmnret.
1674 2967 1720 3022 si

163 3076 246 3116 non
283 3078 370 3133 per
411 3073 583 3120 totum
635 3064 820 3120 orbem
865 3061 982 3118 hare
1021 3060 1295 3130 Scriptura
1344 3061 1600 3114 recitatur
1641 3066 1722 3112 at-

67 3145 72 3164 ¹
161 3168 241 3220 que
278 3165 539 3223 cantatur;
577 3155 630 3212 si
664 3164 840 3212 cessat
875 3155 1037 3211 etiam
1077 3153 1280 3209 venalis
1321 3152 1446 3207 ferri
1485 3167 1581 3224 per
1625 3167 1723 3224 pu-

161 3244 340 3302 blicum.

214 3341 258 3394 5.
299 3339 439 3414 [vri-5.
476 3341 638 3418 1,2.]
667 3341 774 3399 Sed
795 3356 980 3398 revera
1012 3340 1114 3396 hoc
1144 3348 1196 3395 te
1227 3338 1504 3409 perturbat
1541 3334 1723 3390 homi-

161 3447 257 3487 nem
283 3435 666 3502 christianum,
698 3435 818 3506 qnii
855 3434 1006 3490 vides
1045 3433 1185 3487 male
1235 3431 1476 3486 viventes
1505 3429 1682 3482 felices
1704 3471 1720 3495 ,

162 3539 306 3579 rerum
332 3527 545 3584 istarum
578 3528 736 3598 Copia
765 3525 1155 3590 eircmnlluerc,
1182 3538 1340 3577 sanos
1366 3537 1504 3586 esse,
1537 3534 1726 3590 super-

159 3614 224 3672 bis
245 3600 573 3691 dignitatibus
605 3623 842 3678 eminere
866 3662 880 3687 ,
915 3620 1235 3675 incolumem
1264 3615 1461 3670 habere
1483 3614 1722 3679 domum,

160 3712 317 3777 gaudia
351 3728 566 3773 stzozum
596 3755 611 3776 ,
641 3709 897 3783 obsequii
926 3711 1221 3776 clientium,
1248 3706 1727 3765 evcelleutissimas

159 3805 426 3874 potentius,
473 3805 620 3863 nihil
665 3807 816 3861 trfste
861 3803 1201 3872 interpellare
1246 3801 1407 3856 vitam
1438 3800 1672 3868 ipsorum
1708 3815 1721 3851 :

69 3893 71 3896 ’
160 3907 310 3951 mores
347 3901 712 3970 nequissimos
766 3896 944 3960 vides,
995 3893 1274 3947 facultates
1332 3889 1727 3958 copiosissimas

161 3988 410 4057 perspicis;
443 3999 499 4045 et
524 3991 660 4045 dicit
688 4005 780 4044 cor
802 3999 946 4041 tutnn
977 3985 1177 4039 nullttm
1209 3997 1328 4038 esse
1363 3981 1599 4034 divinum
1642 3980 1728 4049 ju-

161 4075 346 4147 dicium,
377 4085 556 4138 munia
606 4081 816 4138 ensibus
848 4079 972 4135 ferri
1001 4088 1054 4133 et
1086 4077 1317 4131 fortuitis
1343 4075 1574 4128 motibus
1601 4091 1728 4128 ven-

161 4168 290 4224 tilari.
331 4174 456 4229 Nam
485 4179 532 4231 si
575 4178 739 4240 Dens,
773 4172 967 4244 inquis,
1007 4186 1092 4226 res
1116 4170 1373 4224 humanas
1403 4167 1725 4236 reSpiceret,

162 4257 347 4319 ﬂoreret
373 4267 515 4322 illius
543 4268 798 4337 iniquius
820 4306 835 4330 ,
867 4275 920 4318 et
949 4279 1065 4318 mea
1097 4261 1397 4316 innocentia
1425 4259 1728 4313 laboraret?

159 4348 317 4410 Omnis
342 4361 562 4415 morbus
593 4359 754 4412 animi
787 4358 944 4412 habet
977 4357 1027 4409 ia
1051 4354 1342 4425 Scripturis
1370 4353 1729 4406 medicamen-

162 4451 254 4498 tum
281 4464 430 4504 suum
475 4470 488 4506 :
522 4453 615 4522 qui
648 4466 775 4521 ergo
818 4449 895 4503 sic
937 4456 1159 4519 mgrotat
1187 4489 1200 4512 ,
1263 4455 1318 4500 ut
1362 4447 1458 4500 ista
1491 4445 1631 4498 dicat
1677 4444 1730 4499 in

160 4539 298 4592 Corde
325 4555 441 4608 suo,
475 4544 626 4596 bibat
658 4542 926 4611 potionem
984 4540 1169 4610 psalmi
1216 4539 1391 4606 hujus.
1429 4537 1568 4606 Quid
1608 4537 1732 4591 est?

162 4625 332 4686 ltcrtun
361 4633 708 4704 inspiciamus
740 4633 864 4704 quid
887 4632 1144 4687 dicebas?
1175 4631 1310 4699 Quid
1354 4631 1617 4694 dicebam,
1653 4629 1732 4683 iti-

160 4723 289 4789 quis,
318 4725 414 4780 nisi
460 4728 606 4798 (μιηά
633 4726 822 4782 vides?
854 4726 974 4781 Mali
1020 4724 1232 4792 florent,
1267 4724 1389 4778 boni
1441 4723 1678 4778 laborant
1717 4741 1730 4778 :

162 4817 406 4877 quomodo
451 4819 552 4874 ista
605 4818 753 4873 videt
808 4817 990 4873 Dens?
1019 4817 1242 4885 Accipe,
1288 4815 1408 4868 bibe
1439 4832 1451 4867 :
1486 4815 1595 4884 ipse
1642 4815 1733 4869 tibi

139 4899 301 4971 'banc,
329 4909 393 4964 de
419 4925 527 4981 quo
552 4912 650 4965 ista
693 4925 995 4965 nun-moras
1017 4951 1030 4973 ,
1063 4905 1373 4977 temperavit
1419 4908 1685 4976 potionem
1716 4923 1731 4963 :

165 5001 349 5052 tainum
392 5018 458 5055 ne
493 5017 712 5056 recuses
751 5001 1158 5056 saluberrimum
1194 5000 1474 5068 poculum;
1526 5013 1735 5052 3060m—

165 5087 301 5140 inoda
331 5106 423 5159 per
459 5109 644 5146 aurem
673 5109 733 5146 os
763 5093 961 5158 crrdis,
986 5100 1037 5145 et
1066 5091 1184 5144 bibe
1214 5089 1350 5160 quod
1384 5090 1533 5143 audis
1563 5107 1574 5142 :
1613 5088 1736 5143 Noli

165 5181 376 5235 mandari
397 5184 450 5236 in
474 5185 892 5256 malignantibus,
925 5199 1083 5254 neque
1108 5182 1358 5237 winalct't's
1381 5182 1618 5252 facientes
1641 5182 1738 5236 ini-

140 5325 144 5348 ἀ
166 5272 403 5337 quitatem.
432 5277 684 5344 Qthltitlltt
717 5288 952 5350 tanquam
972 5280 1159 5349 frenum
1186 5278 1281 5330 cito
1303 5287 1544 5341 arescent,
1567 5287 1610 5330 et
1633 5278 1735 5331 sic-

140 5371 216 5413 -ut
243 5372 373 5419 olera
428 5371 563 5436 prati
591 5373 687 5426 cito
718 5373 916 5427 cadent.
947 5371 1099 5442 Quod
1130 5370 1220 5425 tibi
1253 5371 1466 5441 longum
1507 5370 1733 5434 videtur,

1794 837 1899 890 alta
1924 836 2072 891 radix
2100 845 2179 891 cst
2199 837 2472 892 cluritatis
2503 847 2629 908 tuzr,
2661 842 2796 896 sirut
2820 845 3100 900 multarum
3129 848 3382 904 arborum

1796 944 1892 1000 per
1923 929 2185 997 hiemem,
2213 933 2397 986 transit
2424 931 2609 1002 frigus,
2655 936 2832 991 veniet
2875 951 3064 1008 testas,
3102 942 3152 995 id
3198 946 3383 1015 estjn-

1797 1021 1920 1076 dit-ii
1964 1022 2078 1076 dies
2121 1040 2135 1077 :
2170 1032 2294 1076 tunc
2323 1034 2531 1079 arescet
2571 1029 2714 1080 viror
2761 1031 2926 1097 fatui,
2957 1042 3083 1088 tunc
3113 1038 3387 1104 apparebit.

1799 1115 2052 1170 arbormn
2101 1115 2288 1186 gloria.
2342 1116 2534 1172 Μονιηὶ
2588 1121 2719 1189 enim
2763 1125 2906 1190 (εἲς,
2957 1129 3029 1182 ait
3061 1131 3386 1202 Apostolus:

1799 1206 2068 1276 quomodo
2097 1206 2346 1263 videntur
2386 1212 2607 1267 arbores
2654 1230 2747 1285 per
2776 1215 3040 1283 hiemem,
3092 1230 3239 1294 quasi
3285 1230 3392 1281 ari-

1801 1296 1904 1360 de,
1929 1299 2076 1369 quasi
2106 1309 2350 1355 mortu:e.
2385 1301 2526 1386 Ergo
2552 1321 2669 1375 qua:
2700 1322 2844 1377 spes,
2875 1312 2917 1364 si
2942 1315 3136 1376 mortui
3170 1321 3389 1373 sumus?

1804 1392 1949 1447 Intus
1970 1402 2052 1447 cst
2079 1394 2228 1449 radix
2265 1411 2278 1448 :
2314 1395 2400 1450 ubi
2440 1398 2588 1452 rznllx
2622 1411 2825 1465 nostza,
2860 1402 2929 1469 ibi
2960 1417 3010 1458 et
3041 1409 3147 1461 vita
3178 1420 3387 1476 nostra;

1805 1485 1876 1540 ibi
1920 1485 2061 1540 enim
2093 1486 2326 1544 Charitas
2365 1502 2567 1545 nostra.
2600 1490 2658 1545 Et
2700 1494 2799 1548 rita
2835 1507 3016 1562 rostra,
3047 1499 3243 1569 inquit,
3274 1479 3389 1559 abs-

1807 1579 2009 1633 condita
2041 1590 2116 1635 est
2143 1597 2258 1635 cum
2284 1582 2482 1638 Christo
2506 1585 2555 1638 in
2583 1584 2707 1640 Dro.
2739 1589 2962 1655 Quando
2988 1593 3183 1648 arescit
3213 1598 3298 1674 qui
3321 1598 3397 1653 sic

1808 1668 1968 1726 habet
2011 1672 2291 1729 radicem?
2327 1675 2552 1742 Quando
2597 1688 2775 1733 autem
2825 1685 2928 1736 crit
2975 1700 3068 1747 ver
3117 1668 3398 1742 tiosti‘tlut?

1809 1763 2021 1834 quando
2068 1773 2226 1820 a'stas
2275 1767 2495 1822 nostra?
2523 1771 2734 1838 quando
2784 1785 2882 1827 nos
2920 1775 3282 1843 circumvi-slit
3321 1782 3401 1836 di-

1809 1859 1985 1931 guitas
2032 1859 2317 1924 foliorum,
2377 1870 2432 1916 ct
2490 1863 2703 1919 ubertas
2752 1867 3014 1922 fructuum
3072 1871 3435 1942 loetq.l-:tat?.-

1812 1949 2023 2020 quando
2057 1951 2155 2006 hoc
2196 1955 2296 2006 erit
2318 1952 2342 2006 τ
2367 1955 2503 2008 Audi
2534 1957 2674 2026 quod
2707 1959 2983 2028 sequitur:
3017 1962 3142 2017 Cum
3172 1967 3397 2023 Laris-tas

1813 2045 2123 2112 apparuerit,
2151 2044 2251 2097 rita
2278 2056 2460 2112 rostra,
2489 2057 2607 2101 tunc
2635 2060 2682 2102 et
2712 2067 2794 2116 ros
2819 2069 2932 2108 cam
2964 2053 3072 2126 ipso
3093 2060 3401 2129 appar-abitis

1813 2133 1866 2185 in
1908 2133 2071 2204 gloria
2102 2133 2323 2205 (Coloss.
2370 2154 2449 2204 tu,
2483 2140 2537 2204 5,
2569 2141 2644 2211 Α).
2694 2143 2828 2210 Quid
2875 2157 3000 2214 ergo
3049 2152 3205 2204 modo
3225 2153 3246 2203 ’ἓ
3277 2151 3400 2206 Noti

1811 2226 2044 2279 a'nmiari
2063 2225 2113 2278 in
2140 2227 2550 2300 malignantibus,
2585 2248 2742 2302 neque
2765 2238 3015 2292 a'muleris
3038 2239 3276 2308 [πείσθητε
3301 2244 3403 2298 ini-

1816 2322 2071 2389 quitatem.
2102 2321 2351 2388 Quoniam
2379 2333 2614 2392 tanquam
2637 2327 2824 2396 ['wnum
2845 2331 2942 2396 cito
2968 2345 3218 2404 ansreat,
3239 2345 3282 2390 ct
3307 2337 3402 2400 sic-

1816 2422 1872 2466 ut
1895 2413 2030 2467 otcm
2060 2415 2193 2481 ptati
2218 2416 2314 2468 cito
2343 2419 2541 2472 cadent.

1889 2505 1942 2558 4.
2003 2503 2153 2576 [rc-rs.
2183 2507 2236 2570 5,
2266 2505 2346 2580 4.]
2375 2509 2512 2577 Quid
2543 2525 2667 2582 ergo
2696 2515 2791 2569 tu?
2819 2516 2986 2586 Spera
3025 2519 3074 2572 in
3108 2519 3404 2579 Dominum.

1821 2593 1898 2650 Illi
1950 2597 2090 2650 enim
2140 2611 2356 2668 sperant
2409 2604 2597 2656 nonin
2654 2605 2935 2662 Dominum
2982 2624 2994 2661 :
3037 2625 3160 2682 Spes
3195 2614 3406 2678 illorum

1819 2687 2082 2752 mortalis,
2108 2703 2230 2758 Spes
2257 2691 2466 2745 illorum
2487 2693 2703 2759 caduca,
2733 2697 2950 2769 fragilis,
2977 2703 3222 2770 volatica,
3257 2714 3407 2763 tran-

1821 2777 2005 2832 sitoria
2028 2820 2042 2848 ,
2077 2780 2248 2835 inanis
2271 2786 2396 2836 erit.
2430 2787 2596 2855 Spera
2626 2788 2677 2842 in
2714 2788 3007 2849 Dominam.
3041 2796 3178 2851 Ecce
3207 2815 3366 2867 spero
3391 2843 3406 2868 ,

1788 2870 1949 2940 quid
2002 2873 2146 2942 ago?
2179 2872 2243 2925 Et
2293 2877 2377 2945 [ac
2418 2877 2702 2933 bonitatem.
2751 2881 2869 2937 Noli
2928 2887 3218 2957 malitiam,
3249 2907 3405 2960 qiuari

1823 2961 2048 3028 respicis
2101 2963 2152 3016 in
2205 2963 2310 3018 illis
2338 2965 2474 3021 male
2516 2966 2828 3028 florentibus
2863 2991 2875 3026 :
2907 2980 2992 3046 {ac
3045 2978 3333 3049 bonitatem,
3363 2993 3408 3040 ct

1825 3053 2050 3108 inhabita
2074 3063 2280 3110 terram.
2311 3056 2388 3113 Ne
2419 3057 2553 3116 forte
2582 3061 2872 3120 bonitatem
2893 3077 3042 3124 extra
3075 3071 3410 3132 inbahilatio-

1826 3161 1948 3201 nem
1997 3157 2152 3203 teme
2181 3148 2364 3205 facias.
2394 3151 2557 3208 'l'crra
2588 3157 2728 3210 enim
2765 3158 2996 3226 Domini,
3033 3164 3267 3230 Ecclesia
3298 3171 3411 3239 ejus

1825 3247 1909 3293 est
1939 3257 1950 3293 :
1977 3239 2143 3309 ipsam
2167 3241 2323 3313 rigat,
2356 3244 2520 3314 ipsam
2545 3248 2670 3303 eolit
2693 3249 2780 3305 ille
2803 3254 3030 3322 agricola
3052 3256 3205 3314 Pater
3233 3259 3412 3334 (Junii.

1827 3345 1918 3398 xv,
1955 3333 2030 3401 l).
2065 3332 2208 3388 Multi
2255 3337 2396 3390 enim
2429 3340 2577 3408 quasi
2629 3355 2884 3398 exercent
2927 3348 3063 3402 bona
3092 3332 3284 3420 Opera.
3319 3355 3412 3413 scd

1826 3425 1948 3496 quia
1979 3442 2084 3481 non
2112 3427 2408 3484 inhabitant
2439 3441 2656 3499 terram,
2692 3452 2795 3490 non
2831 3442 3092 3507 pertinent
3117 3447 3182 3497 ad
3210 3447 3414 3517 agrico-

1827 3521 1954 3576 lam.
1988 3524 2125 3595 ΕΙ·ςο
2157 3525 2238 3579 fac
2263 3527 2550 3582 bonitatem
2577 3573 2590 3594 ,
2624 3546 2727 3585 non
2771 3542 2922 3588 extra
2967 3545 3182 3606 terram,
3208 3543 3300 3596 sed
3332 3544 3414 3597 in-

1829 3610 2002 3669 habita
2034 3624 2248 3670 terrain.
2280 3617 2346 3671 Et
2367 3619 2490 3688 quid
2524 3618 2778 3676 habebo?
2811 3624 2875 3678 lit
2897 3630 3117 3693 pasceris
3142 3632 3195 3686 in
3228 3634 3418 3700 diuitiis

1831 3704 1958 3773 ejus.
1991 3705 2122 3772 Qua:
2151 3717 2276 3761 sunt
2307 3708 2503 3764 divitia:
2534 3712 2877 3778 ejusterrm?
2910 3716 3113 3773 Divitia:
3154 3723 3274 3790 ejus
3307 3726 3415 3780 Do-

1831 3796 2006 3851 minus
2032 3798 2147 3868 cjus
2174 3842 2189 3864 ,
2233 3801 2430 3854 divitia:
2459 3804 2575 3870 ejus
2621 3803 2758 3859 Dens
2793 3807 2928 3876 ejus.
2967 3811 3081 3880 ipse
3105 3827 3187 3869 cst
3218 3817 3304 3872 ille
3331 3820 3416 3874 cui

1832 3888 2059 3954 dicitur;
2121 3889 2255 3946 Pars
2300 3911 2444 3960 mea,
2499 3894 2715 3951 Domine
2742 3898 2912 3969 (νεηι.
2951 3921 3122 3972 Lssit,
3151 3908 3263 3974 ‘26).
3303 3913 3419 3983 lp~e

1831 3991 1914 4036 cst
1946 3982 2032 4035 ille
2062 3982 2128 4037 tle
2157 4000 2263 4054 quo
2293 3985 2488 4040 dicitur
2512 4005 2523 4039 :
2552 3987 2795 4042 Dominus
2821 4010 2938 4062 pars
2962 3998 3265 4054 litura/{tatis
3292 3982 3416 4059 mea:

1832 4081 1880 4126 ct
1929 4073 2101 4128 colicis
2148 4076 2248 4128 tnci
2296 4075 2465 4145 (Psal.
2499 4094 2583 4134 xv.
2628 4081 2702 4146 5).
2737 4083 2953 4138 llcccuti
2986 4102 3231 4145 Sermone
3274 4112 3418 4150 (τηυ-

1833 4163 2202 4221 mendavimus
2231 4166 2304 4238 (η)
2333 4167 2588 4224 Chai-itali
2621 4171 2849 4241 Veslt‘at,
2877 4187 2927 4231 et
2962 4177 3126 4234 Deum
3149 4200 3267 4239 esse
3291 4204 3416 4259 pos-

1833 4257 2125 4311 sessionem
2169 4271 2436 4326 nostram,
2478 4272 2527 4315 ct
2572 4279 2670 4319 nos
2711 4281 2830 4321 esse
2879 4274 3267 4337 porsrssiourtu
3293 4257 3415 4335 ln-i.

1833 4347 1970 4402 Audi
2003 4351 2123 4418 quia
2155 4350 2352 4404 divitia:
2378 4363 2532 4409 terra:
2565 4355 2720 4426 hujus
2749 4359 2859 4427 ipSc
2882 4371 2963 4416 est
2998 4380 3010 4416 :
3042 4366 3159 4420 vide
3185 4371 3309 4438 quid
3341 4388 3420 4427 Sr-

1835 4441 2036 4508 quitnr.
2073 4441 2329 4497 Delectare
2365 4445 2415 4498 in
2451 4445 2684 4502 Domino.
2734 4450 3006 4524 Tampium
3036 4459 3331 4525 qtizcsieris,
3363 4475 3418 4520 ct

1836 4530 2053 4600 dixeris,
2078 4535 2310 4590 ()s'ende
2336 4538 2464 4591 mihi
2492 4539 2699 4594 divitias
2731 4553 2886 4598 terra:
2933 4546 3093 4611 i'lius,
3127 4551 3175 4603 in
3202 4568 3300 4624 qua
3333 4575 3418 4613 me

1831 4624 1989 4694 jubcs
2014 4627 2288 4694 habitare;
2325 4628 2602 4695 Delectare,
2635 4634 2824 4706 inquit,
2855 4638 2905 4691 in
2946 4637 3186 4710 Domino,
3210 4656 3256 4702 ct
3286 4649 3423 4704 dabit

1839 4720 1924 4773 tibi
1953 4721 2214 4790 petitiones
2235 4722 2401 4776 cordis
2431 4724 2524 4776 tui.

1910 4813 1960 4867 5.
1991 4812 2272 4883 Signantcr
2315 4815 2496 4884 accipe
2541 4817 2804 4886 petitiones
2846 4823 3010 4876 cordis
3049 4826 3140 4880 lui.
3172 4827 3425 4888 Discerne

1840 4906 2124 4976 petitioni-5
2170 4906 2346 4960 eotdis
2392 4908 2462 4960 tui
2506 4923 2532 4958 a
2571 4909 2911 4975 petitionibus
2949 4918 3144 4979 carnis.
3178 4921 3425 4982 llisCt'l'nc

1839 5009 2092 5066 quantum
2136 5008 2305 5066 potis.
2350 4999 2458 5053 Nec
2489 4998 2683 5054 frustra
2717 5003 2912 5058 dictant
2966 5020 3048 5061 cst
3096 5009 3147 5065 in
3195 5017 3422 5083 quodam

1841 5089 2046 5159 psalmo
2074 5107 2088 5142 :
2121 5089 2259 5142 liena
2287 5091 2453 5143 rora'is
2483 5092 2596 5145 mci.
2632 5093 2701 5147 lbi
2732 5096 2871 5148 enim
2899 5102 3139 5168 sequitur
3177 5115 3230 5160 et
3259 5108 3386 5162 dicit.
3411 5129 3423 5163 ;

1817 5179 1908 5233 -Ει
1938 5198 2058 5249 pars
2085 5197 2194 5235 inca
2227 5179 2368 5236 Deus
2397 5199 2534 5237 meus
2560 5183 2608 5238 in
2640 5186 2827 5240 siccum
2878 5188 3052 5259 (I‘sal.
3105 5211 3272 5262 1.xxn,
3306 5199 3422 5272 “2(5).

1843 5272 2000 5327 Verbi
2032 5274 2220 5344 gratia,
2251 5291 2423 5330 czccus
2451 5287 2528 5331 est
2551 5292 2798 5350 corpore,
2823 5292 2974 5350 rogat
2996 5294 3051 5340 ut
3074 5287 3422 5347 illnminctur.

1840 5363 1945 5419 Ista
1971 5366 1991 5396 ⁸
2024 5375 2195 5436 roget,
2247 5367 2371 5436 quia
2420 5375 2472 5423 et
2522 5367 2620 5423 ista
2666 5369 2806 5426 Deus
2851 5371 3011 5441 facit,
3053 5385 3111 5432 ct
3153 5377 3252 5435 ista
3287 5381 3426 5440 Deus

145 5450 264 5518 1cito
289 5467 368 5512 est
393 5459 506 5514 Deo
536 5480 550 5520 ;
583 5463 839 5532 sulijunge
869 5473 918 5518 te
944 5463 1072 5524 Deo,
1101 5471 1156 5515 et
1179 5461 1267 5515 tibi
1299 5462 1403 5516 cito
1425 5462 1548 5515 erit.
1583 5463 1736 5532 Quod
1819 5458 1826 5486 "

169 5542 232 5598 ait
251 5551 462 5622 frenum,
500 5553 964 5625 hoc-intelligimus
990 5553 1128 5607 olera
1155 5555 1306 5625 prati.
1341 5553 1475 5610 Vilia
1492 5555 1734 5625 qumdam

345 5743 474 5806 ωτι,
500 5746 684 5812 dicetur
722 5749 802 5801 ibi.
848 5749 940 5800 Sed
977 5752 1142 5800 verius
1185 5755 1275 5802 Mss
1300 5785 1312 5809 ,
1339 5749 1516 5802 dicitur
1547 5752 1612 5804 ifi
1642 5766 1656 5802 :
1693 5754 1736 5802 i-l

173 5804 257 5878 Est.
285 5804 604 5878 instauratio
624 5815 752 5878 quod
776 5813 990 5864 concioni
1017 5804 1307 5874 “relectum
1344 5815 1407 5862 fui
1438 5833 1489 5860 sv

179 5871 352 5916 novavit
375 5875 608 5932 superius

1845 5570 1848 5572 '
1908 5567 1923 5596 ι
1962 5564 2146 5627 aliquot
2186 5571 2312 5624 Mssa,
2360 5564 2578 5634 agentia.
2623 5564 2710 5616 alii
2754 5565 2962 5630 quidam,
2986 5575 3163 5631 tenent,
3203 5587 3317 5627 nam
3352 5579 3425 5631 cl-

1840 5633 2155 5763 ιωξᾊῖΐειτ.
2185 5699 2241 5760 υιὲ
2256 5697 2357 5763 tres
2380 5696 2484 5763 Mss.
2530 5691 2650 5751 loco,
2675 5689 2767 5742 ista
2804 5697 2951 5757 roget,
2976 5694 3160 5748 habent
3184 5736 3200 5763 ,
3224 5709 3322 5755 esto
3350 5718 3427 5757 ro-

1819 5760 1933 5821 cht.
1959 5753 2048 5821 atii
2078 5762 2199 5819 Mss"
2226 5753 2311 5802 i-te
2337 5762 2482 5813 roget-

1906 5817 1975 5887 (ίλ
2007 5816 2046 5862 li‘l
2073 5816 2191 5887 sine
2215 5817 2566 5887 ctnntnmadavit
2603 5829 2762 5887 supra,
2797 5817 2904 5887 col._
2929 5818 3023 5878 234
3056 5831 3107 5874 et,
3281 5841 3428 5887 sum,

1844 5896 1895 5942 ις
1915 5880 2024 5924 itu-.1
2049 5895 2073 5925 ιι
2109 5879 2170 5925 ε’ιὲ
2190 5892 2415 5925 δεινίιιυιιυ
2442 5879 2601 5926 habito
2624 5879 2746 5940 apud
2787 5881 3124 5946 Carthaginem
3163 5890 3211 5940 in
3237 5879 3428 5947 basilica
