3960 6414
634 528 710 589 tia
737 532 821 589 cui
844 522 1066 596 invides,
1098 518 1199 586 iste
1227 522 1326 586 ﬂos
1365 534 1448 585 cst
1493 525 1583 600 qui
1625 533 1678 583 te
1719 514 1993 581 delectat?
2031 512 2219 579 Nonne

635 626 738 682 etsi
780 627 990 691 semper
1020 621 1097 676 sic
1134 630 1277 676 esset
1316 614 1644 691 plangendus
1678 615 1853 672 esset?
1893 613 2023 683 Qua:
2068 620 2221 670 erunt

635 722 813 771 autem
835 712 1035 768 delicia:
1058 708 1197 766 tute?
1226 708 1290 766 Et
1311 708 1691 765 delectabantur
1716 708 1770 762 in
1795 697 2118 761 multitudine
2137 722 2223 774 pa-

633 806 725 861 cis.
770 798 970 859 Aurum
1014 815 1158 857 tuum
1200 819 1299 874 pax
1319 844 1333 866 ,
1364 811 1641 873 argentum
1673 807 1821 853 tuam
1859 813 1957 868 pax
1977 837 1993 864 ,
2026 784 2222 868 prmdia

638 904 728 953 tua
752 904 873 967 pax,
899 895 1005 950 vita
1037 900 1124 949 tua
1155 906 1275 966 pax,
1307 894 1450 950 Deus
1478 903 1600 950 tuus
1627 908 1748 964 pax.
1782 884 2043 961 Quidquid
2076 880 2223 944 desi-

632 990 811 1056 deras,
842 1005 939 1059 pax
980 986 1073 1043 tibi
1114 987 1237 1043 erit.
1289 984 1421 1054 Quia
1468 984 1554 1041 hic
1592 1000 1781 1040 aurum
1811 980 1952 1053 quod
1983 982 2084 1047 ρει,
2114 996 2221 1036 ιιοιι

634 1093 808 1156 potest
837 1082 929 1137 tibi
955 1096 1076 1137 esse
1101 1089 1410 1152 argentum;
1443 1077 1583 1149 quod
1613 1077 1791 1131 vinum
1819 1083 1901 1129 est
1921 1115 1936 1141 ,
1981 1090 2087 1127 non
2124 1087 2220 1142 pos

633 1182 741 1232 test
770 1172 862 1230 tlbl
893 1178 1013 1229 esSe
1044 1172 1221 1243 panis;
1255 1170 1394 1242 quod
1430 1169 1519 1224 tibi
1546 1168 1630 1223 lux
1650 1177 1753 1235 est,
1777 1176 1881 1221 non
1911 1173 2085 1237 potest
2104 1178 2223 1220 esse

632 1280 791 1342 potus
820 1288 834 1323 :
868 1262 1006 1323 Deus
1032 1274 1154 1321 tuus
1181 1274 1349 1321 totum
1396 1264 1486 1319 tibi
1526 1261 1648 1320 erit.
1695 1259 2033 1316 Mandtmabis
2063 1266 2219 1327 eum,

630 1370 703 1420 ne
729 1361 962 1423 esurias;
990 1358 1141 1413 bibes
1166 1366 1309 1423 cum,
1340 1371 1405 1412 ne
1432 1355 1609 1419 sitias;
1639 1342 2023 1408 illtnninaberis
2043 1349 2112 1406 ab
2131 1358 2218 1415 eo,

629 1469 701 1513 ne
729 1454 802 1509 sis
830 1466 1036 1518 caseus;
1068 1445 1302 1508 fulcieris
1331 1450 1398 1505 ab
1423 1462 1509 1515 eo,
1538 1464 1604 1504 ne
1632 1440 1881 1512 delicias;
1929 1440 2223 1516 possidebit

632 1548 687 1605 te
728 1550 893 1603 tntum
929 1547 1190 1617 inti-grain
1213 1587 1226 1608 .
1257 1552 1398 1600 totus
1438 1532 1665 1615 integer.
1701 1539 1985 1614 Angustias
2013 1554 2119 1593 non
2149 1528 2221 1593 ibi

631 1636 853 1711 patieris
879 1650 999 1694 cum
1029 1650 1094 1693 eo
1119 1650 1238 1693 cum
1270 1651 1376 1707 quo
1410 1643 1574 1690 tottnn
1613 1632 1857 1706 possides
1888 1650 1901 1686 :
1927 1639 2092 1686 totum
2123 1628 2220 1684 ha-

632 1727 806 1800 bebis,
834 1736 1001 1785 totum
1032 1728 1085 1785 et
1107 1724 1195 1784 ille
1226 1726 1469 1791 habebit;
1502 1726 1623 1798 quia
1646 1734 1699 1781 tu
1732 1732 1785 1779 ct
1812 1720 1899 1780 ille
1926 1738 2085 1777 unum
2115 1718 2222 1776 eri-

631 1825 722 1888 tis,
751 1822 890 1896 quod
917 1828 1075 1877 unum
1101 1818 1266 1876 totum
1289 1830 1343 1875 et
1365 1809 1453 1875 ille
1478 1810 1692 1874 habebit
1718 1816 1808 1887 qtti
1835 1831 1933 1871 vos
1960 1802 2216 1885 possidet.

626 1907 724 1973 lite
763 1922 878 1972 sunt
906 1913 1133 1985 reliquisti
1176 1902 1368 1966 homini
1403 1910 1634 1983 paciﬁca.
1678 1907 1792 1965 Hoc
1836 1908 2213 1964 cantavimus:

624 2008 715 2083 qui
744 2020 931 2065 versas
951 2008 1108 2078 longe
1133 2002 1343 2075 quidem
1372 2010 1456 2058 est
1481 2003 1533 2058 in
1554 2002 1656 2057 isto
1679 2001 1885 2072 psalmo
1908 1999 1975 2055 ab
2001 1997 2084 2054 his
2110 2009 2218 2054 tra-

624 2101 784 2158 etatis
811 2099 1069 2156 versibus.
1097 2090 1201 2153 Sed
1229 2097 1350 2166 quia
1374 2094 1545 2165 ipsum
1568 2094 1917 2158 cautavimus,
1944 2089 2012 2146 ad
2042 2089 2215 2160 ipsum

625 2196 875 2254 claudere
914 2190 1190 2250 dubi-mus.
1219 2190 1298 2247 Tn
1328 2200 1527 2247 tantum
1556 2202 1783 2244 securus
1820 2196 1975 2253 esto;
2020 2182 2217 2239 custodi

623 2285 995 2353 innocentiam,
1051 2287 1281 2357 pretiosa
1329 2300 1418 2340 res
1468 2293 1570 2339 est.
1623 2268 1811 2338 Furari
1858 2283 1939 2336 vis
1983 2276 2211 2350 aliquid,

623 2380 808 2451 credo,
840 2391 898 2436 ut
921 2382 1165 2452 acquiras
1198 2398 1210 2433 :
1240 2378 1359 2435 vide
1385 2393 1490 2449 quo
1518 2390 1736 2431 manum
1765 2373 1959 2441 mittis,
1991 2381 2046 2430 ct
2072 2370 2215 2428 unde

623 2478 789 2535 tollis.
821 2463 933 2532 liae
961 2475 1037 2530 iis
1062 2474 1359 2545 acquirere,
1384 2468 1482 2528 hac
1522 2470 1701 2541 perdis
1734 2489 1748 2526 :
1788 2464 2021 2541 acquiris
2048 2482 2211 2537 prcu-

630 2568 795 2634 ttiatu,
820 2567 1000 2641 perdis
1032 2566 1415 2622 innocentiam.
1440 2556 1667 2636 Evigilct
1697 2562 1871 2634 potius
1899 2577 1992 2615 cur
2019 2570 2163 2615 tuum
2194 2576 2209 2614 :

625 2669 716 2742 qui
730 2666 945 2725 volebas
965 2665 1241 2736 acquirere
1261 2663 1539 2735 pecuniam
1561 2668 1614 2717 et
1636 2658 1813 2732 perdis
1834 2655 2209 2719 innocentiam,

623 2760 788 2833 perde
813 2760 987 2830 potius
1015 2758 1288 2830 pecuniam
1323 2773 1337 2810 :
1369 2752 1577 2811 Custodi
1602 2750 1972 2817 innocentiam,
2009 2759 2056 2804 ct
2101 2749 2213 2803 vide

623 2851 949 2908 directionem
971 2892 986 2915 ,
1014 2850 1133 2922 quia
1162 2846 1356 2919 diriget
1386 2859 1437 2904 te
1465 2846 1625 2914 Deus,
1652 2854 1709 2900 ut
1733 2844 1908 2899 omnia
1933 2857 2209 2914 quacum-

621 2961 727 3019 que
752 2944 885 3009 vnlt,
910 2944 1041 3001 velis
1066 2951 1123 2998 et
1148 2951 1200 2997 tn
1233 2960 1247 2995 :
1284 2942 1395 3012 ipsa
1420 2938 1561 2997 enim
1586 2946 1671 2994 est
1704 2936 1945 2993 directio.
1991 2934 2123 2992 Nam
2162 2935 2210 2990 si

582 3065 591 3073 -
621 3040 679 3097 tu
711 3040 846 3094 nolis
870 3037 1011 3110 quod
1045 3036 1186 3092 Deus
1210 3035 1340 3101 vult,
1369 3048 1563 3090 curvus
1587 3033 1716 3099 eris,
1751 3040 1808 3087 et
1851 3029 2083 3101 pravitas
2122 3039 2211 3084 tua

621 3140 733 3189 non
764 3140 816 3186 te
843 3132 1113 3201 permittet
1135 3127 1336 3199 planari
1355 3129 1372 3159 ι
1394 3136 1563 3183 recto.
1586 3124 1792 3181 Custodi
1813 3139 1940 3196 ergo
1968 3124 2206 3180 innocen-

621 3225 768 3291 tiam,
800 3223 910 3278 uide
929 3224 1254 3278 directionem
1284 3239 1304 3277 :
1331 3230 1385 3277 et
1408 3221 1514 3277 noli
1542 3230 1731 3295 putare
1758 3218 1878 3290 quia
1922 3217 2068 3272 [inita
2110 3218 2211 3274 ista

620 3317 757 3387 vita,
784 3316 963 3373 tinitus
988 3324 1071 3373 est
1097 3314 1288 3384 homo;
1313 3314 1434 3388 quia
1459 3320 1578 3369 sunt
1601 3312 1827 3384 reliquid:
1850 3309 2041 3366 Itontini
2068 3309 2210 3382 poei-

623 3408 744 3486 fico.

1278 3493 1451 3537 δειιιιο
1486 3493 1546 3535 lt.

1049 3628 1130 3695 De
1146 3628 1367 3695 secunda
1398 3641 1542 3709 parte
1565 3628 1786 3689 Psatmi.

696 3800 752 3859 Ι.
782 3798 861 3856 De
883 3794 1088 3871 psalmo
1111 3795 1216 3853 isto
1252 3793 1399 3866 loqui
1442 3790 1697 3849 Charitati
1727 3788 1932 3846 Vestra:
1953 3822 1970 3856 ,-
2002 3796 2055 3846 et
2075 3786 2211 3860 jnsst

625 3910 829 3963 lamus,
859 3901 915 3951 et
941 3893 1310 3962 obtemperare
1330 3887 1631 3944 debuimus.
1663 3883 1841 3940 Voluit
1866 3885 2005 3939 enim
2034 3882 2214 3936 Domi-

623 4004 730 4048 nus
783 3994 1001 4059 propter
1043 3983 1293 4040 imbrium
1336 3979 1664 4036 nimietatem
1704 3975 1980 4032 retardare
2025 3973 2210 4045 profe-

623 4084 856 4142 ctionem
885 4089 1160 4145 nostram;
1205 4085 1259 4133 et
1287 4075 1609 4146 imperatum
1635 4081 1721 4129 est
1745 4070 1901 4127 nobis
1919 4109 1936 4137 ,
1967 4084 2033 4125 ne
2058 4082 2211 4124 vaca-

623 4188 709 4238 ret
736 4177 825 4233 hic
847 4190 973 4247 erga
1002 4187 1098 4229 vos
1124 4172 1303 4242 lingua
1333 4177 1536 4235 nostra,
1565 4181 1688 4223 cum
1715 4164 1896 4221 cordis
1924 4163 2087 4219 nostri
2113 4174 2211 4218 ue-

625 4269 833 4344 gotiutn
858 4282 1070 4338 semper
1095 4265 1212 4319 sitis
1238 4264 1260 4297 ³
1279 4302 1297 4332 ,
1333 4262 1472 4318 sicut
1496 4270 1552 4315 et
1578 4273 1679 4315 nos
1705 4257 1889 4314 vestri.
1920 4256 2211 4313 Commen-

625 4360 949 4419 daveramus
973 4365 1150 4413 autem
1182 4354 1294 4425 jam
1318 4352 1649 4408 voluntatem
1674 4348 1767 4406 Dei
1788 4349 1843 4404 in
1862 4349 1965 4404 isto
1986 4348 2209 4419 psalmo,

626 4450 757 4524 quid
786 4465 885 4507 nos
912 4449 1040 4504 velit
1068 4447 1264 4503 docere
1287 4481 1303 4511 ,
1350 4442 1478 4514 quid
1503 4440 1794 4497 admonere
1813 4479 1829 4507 ,
1868 4448 2056 4495 contra
2084 4439 2211 4509 quid

629 4553 819 4602 cautos
845 4555 966 4598 esse
990 4580 1005 4607 ,
1032 4548 1087 4595 et
1128 4537 1257 4609 quid
1296 4535 1530 4592 tolerare
1552 4570 1567 4600 ,
1595 4544 1650 4591 et
1674 4533 1801 4606 quid
1829 4544 2066 4606 sperare.
2098 4533 2213 4589 Duo

629 4637 777 4697 enim
817 4648 1015 4706 genera
1039 4631 1349 4698 hominum,
1379 4629 1642 4699 iustorum
1679 4635 1737 4684 et
1779 4628 2114 4699 iniquorum,
2158 4628 2211 4683 in

630 4729 736 4786 hac
764 4736 907 4783 terra
935 4725 1066 4781 etin
1095 4721 1196 4778 hac
1223 4722 1329 4777 vita
1362 4721 1648 4778 commixta
1688 4728 1831 4776 sunt.
1866 4718 2070 4775 Habent
2096 4720 2212 4774 siu-

629 4823 753 4896 gula
781 4822 880 4876 ista
904 4829 1100 4888 genera
1128 4816 1373 4889 proprias
1408 4814 1734 4870 intentiones
1762 4813 1938 4869 cordis
1970 4813 2073 4867 sui.
2104 4810 2213 4870 Ge-

629 4930 734 4973 nus
766 4914 1028 4983 justoram
1056 4918 1284 4966 conatur
1320 4908 1373 4963 in
1404 4908 1647 4963 sublimia
1677 4922 1772 4977 per
1809 4905 2163 4961 humilitatem
2196 4924 2210 4962 :

630 5019 801 5079 genus
831 5002 1135 5073 iniquorum
1175 4999 1548 5071 praeponderat
1576 4997 1642 5053 ad
1686 4997 1939 5054 inferiora
1965 5012 2064 5069 per
2097 4998 2214 5055 cia-

629 5100 853 5158 tionem.
887 5097 1001 5154 Hoc
1021 5097 1166 5153 enim
1196 5109 1256 5150 se
1280 5094 1536 5167 deprimit
1559 5103 1618 5150 ut
1638 5098 1839 5166 surgat,
1871 5094 1999 5149 illud
2028 5108 2088 5151 se
2115 5108 2214 5151 ex-

576 5274 588 5295 ;
630 5195 773 5255 tollit
795 5201 855 5251 ut
885 5191 1061 5250 cadat.
1091 5191 1172 5247 Ex
1197 5203 1263 5247 eo
1286 5188 1348 5247 lit
1369 5189 1429 5246 ut
1451 5204 1617 5246 unum
1641 5203 1808 5262 genus
1834 5189 2047 5257 toleret,
2078 5190 2214 5246 alte-

579 5370 583 5393 ³
628 5389 758 5431 non.
781 5376 916 5426 Baias
935 5371 1064 5424 forte
1086 5382 1152 5421 ex
1174 5367 1485 5433 pulcherrimi
1514 5374 1574 5433 et
1603 5366 1914 5433 celeberrimi
1948 5369 2216 5432 campanlae

627 5429 790 5505 oppidi
808 5437 1005 5505 nomine
1033 5429 1497 5505 vocaliapthamteng
1658 5437 1710 5481 et
1732 5429 1991 5505 fructuosa
2014 5429 2210 5505 praedia,

627 5491 708 5555 u'ti'
720 5502 885 5551 Cicero
901 5496 1126 5557 aetzipere
1150 5492 1341 5557 videtur
1378 5493 1428 5557 in
1449 5494 1674 5557 oratione
1699 5502 1785 5557 pro
1811 5500 1873 5557 (2a
1890 5491 1984 5543 lio:
2014 5491 2212 5557 icnjus',

635 5553 766 5625 sait,
790 5566 839 5613 in
863 5553 1044 5625 hortos,
1072 5557 1286 5625 domum,
1318 5555 1466 5613 baias,
1492 5555 1606 5625 jure
1633 5553 1724 5604 suo
1744 5553 1975 5625 libidines
2000 5553 2214 5625 omnium

634 5637 661 5675 ι
679 5615 1077 5685 earumearum.»
1103 5620 1328 5685 :l‘estatur
1348 5626 1468 5685 vero
1496 5615 1818 5685 Hieronymus.
1841 5617 1886 5685 in
1914 5615 2004 5685 lib.
2029 5616 2059 5666 2
2083 5628 2211 5685 cont.

626 5688 882 5746 Joviuian.,
904 5695 949 5732 c.
968 5680 1019 5746 9,
1042 5678 1224 5746 palmas
1244 5676 1335 5728 seu
1357 5676 1619 5741 pahnarum
1658 5676 1770 5746 tolio
1804 5679 1940 5746 baia's
1961 5684 2002 5741 ιιι
2022 5679 2208 5746 pellari.

626 5754 742 5808 Qum
765 5738 908 5808 porro
934 5738 1246 5805 subsequitur
1264 5738 1375 5800 vox,
1410 5750 1648 5808 rosarum,
1679 5738 1775 5791 huc
1800 5738 2001 5793 lbrsitau
2021 5738 2213 5807 irrepsit

626 5799 719 5875 pro
739 5799 893 5875 altera
914 5799 1182 5875 propinqua
1198 5810 1334 5875 voce,
1355 5799 1524 5863 veluti,
1548 5813 1839 5857 mensarum.

691 5873 711 5906 ⁸
746 5865 975 5933 Plerique
996 5865 1123 5933 tussi,
1146 5865 1332 5933 pacari.

598 6002 619 6011 ᾗ
692 5939 715 5970 I
746 5932 859 5985 add.
892 5924 1053 5983 scitis.
1078 5924 1241 5978 Melius
1263 5924 1445 5994 aliquot
1465 5935 1592 5990 Mss"
1608 5926 1732 5981 siti.»

1804 396 1861 465 ε.
1901 388 2268 464 Αυαυετιπι
2312 386 2619 463 εβιδεσρι
3751 412 3822 497 εει
3886 450 3887 465 ,

2336 537 2451 610 rum
2482 514 2774 590 toleretur;
2801 518 3242 600 propositumque
3275 526 3343 587 sit
3365 520 3520 602 iustis
3559 532 3686 610 ipsos
3713 543 3827 603 etiam

2332 608 2542 684 iniquos
2572 616 2624 672 in
2658 614 2817 672 vitam
2843 627 3104 675 aeternam
3128 621 3343 689 lucrari,
3378 608 3680 700 propositum
3702 648 3824 694 autem

2332 703 2526 777 iniquis
2551 702 2778 765 reddere
2808 710 2949 766 mala
2978 727 3074 781 pro
3100 710 3274 779 bonis,
3300 724 3355 771 et
3383 734 3474 776 eos
3497 722 3579 790 qui
3606 725 3691 782 sibi
3711 734 3822 786 vitam

2329 812 2585 857 aeternam
2615 796 2822 887 volunt,
2851 806 2896 862 si
2933 807 3049 865 ﬁeri
3080 819 3275 879 potest,
3306 810 3464 868 etiatn
3494 816 3589 869 vita
3622 825 3825 887 temporali

2328 893 2560 999 privare.
2585 882 2752 969 Αἴθη)
2775 894 2918 956 enim
2942 899 3066 967 fert,
3091 913 3145 957 et
3173 903 3398 972 injustas
3414 904 3625 977 justum,
3647 918 3693 965 et
3707 882 3827 982 justus

2332 985 2584 1058 injustam
2616 1006 2630 1044 :
2658 990 2807 1047 oneri
2848 992 2948 1048 sibi
2987 1004 3130 1050 sunt.
3178 995 3345 1053 Nemo
3395 996 3595 1056 dubitat
3627 1005 3740 1073 quod
3774 1008 3826 1063 ist.

2330 1074 2437 1134 duo
2462 1081 2779 1138 alterutrum
2805 1083 2905 1140 sibi
2935 1088 3085 1143 oneri
3114 1098 3259 1154 sunt,
3285 1088 3381 1146 sed
3411 1090 3625 1149 diversis
3649 1096 3828 1155 intentio.

2330 1170 2506 1276 pilius.
2536 1176 2615 1231 Ad
2647 1174 2750 1232 hoc
2783 1178 2925 1234 enim
2946 1179 3123 1251 justus
3150 1183 3347 1256 injuste
3372 1186 3523 1243 oneri
3545 1197 3638 1253 est.
3662 1192 3758 1261 quia
3779 1195 3828 1250 in-

2324 1274 2526 1334 justam
2553 1283 2672 1322 eum
2702 1283 2823 1326 esse
2863 1287 2968 1326 non
2996 1274 3133 1336 vnll.
3160 1275 3255 1331 sed
3281 1292 3404 1333 eam
3439 1278 3630 1349 justqu
3661 1284 3827 1348 ﬂeri.et

2328 1368 2478 1427 optat
2510 1361 2667 1428 votis,
2695 1371 2747 1418 et
2768 1374 2991 1421 conatur
3013 1365 3167 1423 fauetis
3194 1386 3210 1424 :
3240 1369 3471 1440 injustas
3492 1382 3656 1430 autem
3678 1377 3740 1433 sic
3757 1378 3828 1435 adit

2322 1446 2548 1520 justum,
2590 1463 2645 1508 ut
2676 1454 2807 1510 nolit
2837 1473 2959 1513 eum
2990 1474 3143 1527 esse,
3175 1476 3281 1517 non
3312 1473 3371 1518 ut
3400 1460 3588 1521 bonum
3614 1468 3717 1524 velit
3735 1485 3826 1530 esse.

2280 1564 2287 1569 η
2326 1541 2536 1633 Quanto
2561 1544 2704 1633 enim
2733 1546 2903 1633 bonus
2931 1560 3031 1614 est,
3063 1560 3212 1609 tanto
3237 1555 3405 1626 magis
3427 1556 3573 1612 oneri
3596 1567 3671 1614 cst
3693 1561 3826 1633 iniqui-

2328 1636 2420 1730 tati
2452 1628 2711 1730 illiusqiit
2745 1630 2951 1697 laborat
2978 1643 3216 1715 quidem,
3247 1646 3294 1704 si
3328 1647 3442 1704 lieri
3474 1659 3655 1719 potest,
3679 1661 3725 1707 ut
3746 1628 3825 1722 cup

2329 1726 2581 1811 injustam
2611 1726 2808 1804 faciat;
2835 1736 2879 1791 si
2906 1747 3084 1794 autem
3114 1754 3219 1795 non
3250 1751 3464 1811 potest,
3505 1741 3570 1799 de
3595 1744 3741 1801 taedio
3761 1748 3825 1804 tuli

2327 1808 2440 1890 lat,
2472 1835 2529 1911 et
2553 1843 2583 1881 a
2615 1843 2714 1915 suo
2752 1829 2912 1915 ta‘dio
2952 1808 3305 1905 molestiaque
3331 1808 3615 1893 removeat.
3643 1836 3824 1897 Sedetti

2323 1931 2445 1972 eum
2476 1918 2663 1975 fecerit
2691 1920 2967 1990 injustam,
2993 1923 3345 1983 nihilominus
3368 1929 3520 1984 oneri
3545 1928 3613 1985 illi
3632 1929 3730 1986 erit.
3752 1929 3825 1986 Non

2324 2011 2467 2066 enim
2494 2010 2670 2081 justus
2692 2021 2896 2069 tantum
2921 2013 3120 2087 injuste
3144 2018 3294 2072 oneri
3317 2028 3427 2086 est,
3446 2019 3537 2075 sed
3557 2029 3607 2076 et
3626 2019 3714 2076 duo
3732 2021 3823 2093 inju-

2322 2102 2389 2158 sti
2417 2104 2499 2156 vix
2530 2118 2591 2159 se
2621 2107 2932 2174 patiuntur:
2962 2117 3016 2164 et
3051 2109 3267 2178 quando
3292 2127 3355 2168 se
3380 2112 3619 2170 videntur
3639 2113 3821 2186 diligere,

2323 2193 2708 2250 conscientiam
2738 2196 2838 2252 sibi
2865 2197 3065 2255 debent
3085 2239 3103 2266 ,
3148 2216 3256 2257 non
3282 2204 3590 2260 amicitiam.
3619 2204 3738 2261 Tune
3765 2221 3824 2262 au-

2322 2293 2430 2342 tem
2472 2300 2655 2344 secum
2694 2290 3062 2360 concordant,
3093 2294 3309 2366 quando
3358 2295 3414 2352 in
3456 2296 3714 2368 perniciem
3740 2297 3822 2367 justi

2318 2380 2634 2449 conspirant
2656 2420 2673 2448 ,
2711 2396 2817 2438 non
2849 2385 2973 2454 quia
3010 2400 3071 2441 se
3097 2395 3320 2453 amant,
3365 2386 3463 2442 sed
3498 2389 3609 2460 quia
3647 2403 3741 2443 eum
3766 2388 3821 2459 qui

2318 2470 2582 2525 amandas
2609 2484 2726 2528 erat
2747 2473 2922 2553 simul
2949 2475 3199 2532 oderunt.
3241 2475 3444 2534 Contra
3473 2476 3572 2534 hoc
3605 2493 3742 2550 genus
3762 2477 3821 2533 lto-

2320 2562 2522 2617 minum
2569 2563 2755 2621 indicit
2798 2565 2954 2623 nobis
2982 2567 3240 2626 Dominus
3271 2571 3416 2628 Deus
3452 2580 3622 2629 noster
3656 2571 3818 2627 toleran-

2319 2656 2445 2710 tiam
2472 2664 2527 2712 et
2565 2657 2814 2715 atiectutn
2861 2656 3010 2717 illam
3038 2663 3315 2720 charitatis
3339 2706 3358 2731 ,
3386 2679 3543 2735 quem
3575 2663 3769 2720 novimus
3787 2664 3816 2718 it

2317 2742 2610 2823 Evangelia
2633 2789 2649 2816 ,
2681 2752 3024 2822 prmcijiietite
3068 2755 3223 2812 nobis
3273 2756 3508 2813 Domino
3548 2764 3600 2813 et
3636 2756 3815 2812 dicente:

2317 2834 2530 2912 Diligite
2557 2842 2786 2900 inimicos
2813 2856 3030 2914 vestros,
3060 2857 3105 2901 et
3139 2847 3420 2917 benefacite
3454 2850 3531 2904 Itis
3568 2849 3646 2920 qui
3673 2847 3815 2903 oderat

2315 2949 2403 2989 vos
2431 2930 2642 3005 (Matth.
2674 2953 2707 2993 v
2728 2977 2746 3005 ,
2784 2936 2902 3009 44).
2930 2938 3081 2996 Sicut
3107 2949 3162 2996 et
3199 2941 3491 3013 Apostolus
3514 2959 3529 2996 :
3558 2939 3670 2997 Noli
3692 2939 3816 2997 sitatis

2316 3031 2475 3094 malo,
2497 3030 2587 3086 sed
2611 3033 2751 3087 uince
2780 3034 2834 3088 in
2876 3035 3005 3090 bona
3034 3035 3229 3091 malum
3254 3035 3439 3106 (Rom.
3470 3053 3571 3104 ιιι,
3607 3030 3814 3110 21).οψ

2316 3125 2474 3181 teude
2500 3140 2622 3181 cum
2653 3126 2818 3193 malo,
2847 3127 2942 3183 sed
2966 3128 3036 3185 de
3066 3129 3323 3187 bonitate.
3354 3129 3467 3202 Ipsa
3494 3140 3573 3189 est
3594 3130 3714 3187 enim
3736 3138 3815 3181 ven

2315 3216 2589 3273 contentio
2606 3256 2625 3284 ,
2658 3216 2743 3274 vel
2770 3220 2947 3290 potius
2974 3232 3247 3279 certamen
3275 3224 3522 3292 salubre,
3550 3231 3607 3281 ut
3624 3220 3814 3279 tithoni

2313 3318 2502 3367 contra
2529 3309 2725 3365 malum
2743 3351 2759 3374 ,
2784 3327 2891 3365 non
2920 3324 2976 3367 ut
3000 3314 3111 3369 sint
3136 3315 3244 3371 duo
3272 3316 3423 3372 mali.

2386 3401 2442 3456 2.
2492 3399 2645 3475 (vers.
2692 3402 2796 3470 12,
2844 3402 2959 3478 13.]
3006 3404 3150 3477 Ergo
3192 3404 3261 3463 ad
3307 3406 3574 3463 Psalmum
3610 3403 3807 3476 respicite-

2313 3495 2509 3555 Prima:
2536 3510 2715 3567 partes
2730 3499 2841 3569 jam
2869 3508 3108 3556 tractatae
3135 3509 3281 3566 sunt.
3307 3510 3598 3574 sequuntur
3618 3498 3726 3555 iure.
3745 3494 3811 3551 Ot-

2313 3591 2529 3648 servabit
2557 3602 2787 3662 peccator
2800 3595 3030 3667 justum,
3055 3604 3104 3650 et
3130 3595 3308 3650 stridet
3346 3613 3499 3667 super
3532 3611 3633 3651 eum
3650 3591 3811 3648 dentis!

2315 3683 2423 3738 sstis
2446 3699 2465 3738 :
2493 3681 2750 3740 Dominus
2785 3695 2956 3741 autem
2996 3684 3224 3741 irridebit
3265 3703 3406 3743 eum.
3450 3686 3647 3755 Quem!
3680 3679 3808 3751 Utiqvt

2316 3786 2652 3846 peccatorem
2690 3776 3006 3833 stridentem
3046 3793 3209 3849 super
3229 3778 3436 3849 justum
3474 3777 3694 3836 dentibus
3722 3771 3806 3826 suis.

2316 3865 2471 3924 Unde
2496 3879 2674 3924 autem
2708 3867 2957 3924 Dominus
2977 3870 3206 3925 irridebit
3225 3873 3385 3928 eum!
3416 3870 3648 3940 Quoniam
3667 3861 3807 3938 prospi-

2315 3960 2382 4015 cit
2408 3962 2545 4031 quod
2571 3961 2730 4016 veniet
2756 3962 2865 4017 dies
2892 3964 3022 4034 ejus.
3051 3964 3295 4020 Auerbus
3326 3964 3551 4028 videtur,
3574 3974 3676 4016 cum
3697 3954 3808 4011 ιιιὶιιι·

2317 4061 2405 4110 tur
2426 4063 2572 4125 justo
2615 4055 2865 4112 nesciens
2909 4055 3095 4112 horam
3140 4057 3223 4111 siti
3264 4058 3551 4113 crastinam
3582 4071 3595 4110 :
3630 4048 3805 4107 Domiti“!

2316 4156 2493 4203 autem
2541 4146 2723 4213 videt,
2763 4158 2818 4204 et
2861 4148 3122 4221 prospicit
3167 4148 3308 4207 diem
3347 4149 3482 4221 ejus.
3510 4148 3659 4216 Quetn
3683 4132 3805 4221 dirui

2316 4241 2433 4311 Quo
2472 4241 2660 4299 reddet
2684 4218 2968 4313 unicuique
3000 4218 3300 4300 secundum
3343 4218 3502 4316 opera
3542 4253 3627 4297 sua
3655 4218 3802 4309 (illiti.

2320 4350 2452 4401 xu,
2506 4334 2620 4405 27).
2670 4334 3017 4390 Thesaurisat
3052 4336 3194 4391 enim
3234 4336 3336 4392 sibi
3379 4337 3504 4392 iram
3553 4334 3600 4386 in
3640 4329 3710 4384 die
3745 4323 3801 4377 ir:

2317 4434 2376 4484 et
2421 4426 2761 4484 revelatinnis
2789 4428 2922 4498 justi
2959 4427 3144 4498 jndicii
3193 4428 3290 4485 Dei
3342 4427 3515 4500 (Rom.
3548 4440 3601 4488 ιι.
3646 4417 3707 4487 5).
3737 4407 3800 4468 Sed

2320 4518 2582 4576 Dominus
2604 4521 2900 4590 prospicit,
2933 4529 2989 4575 tu
3028 4528 3206 4576 autem
3233 4535 3340 4577 non
3367 4516 3639 4592 prospicis;
3663 4504 3797 4565 indie?

2320 4614 2401 4669 vit
2442 4612 2533 4667 tibi
2560 4612 2650 4683 qui
2692 4611 3012 4684 prospicit‘.
3055 4611 3136 4667 Τιι
3175 4611 3318 4668 diem
3351 4607 3524 4682 injusti
3565 4601 3796 4676 quam

2320 4721 2583 4779 pensurus
2611 4718 2690 4763 est
2720 4707 3002 4778 ignorabas
3032 4724 3046 4762 :
3078 4706 3171 4763 sed
3197 4706 3289 4778 qui
3319 4707 3436 4771 scit,
3468 4717 3563 4758 non
3592 4710 3634 4754 te
3651 4686 3792 4779 solatii.

2319 4799 2436 4857 Non
2468 4815 2626 4870 parva
2658 4814 2782 4871 pars
2809 4799 3049 4854 scientia)
3087 4776 3431 4864 est,ﬁscienti
3477 4785 3704 4861 conjungi.
3740 4776 3794 4871 illo

2321 4896 2482 4951 habet
2508 4894 2692 4950 oculos
2714 4893 3054 4963 cognitionis,
3081 4901 3133 4947 tu
3158 4863 3351 4948 habeto
3370 4883 3680 4947 credulitatis.
3696 4863 3791 4939 θυοδ

2321 4987 2466 5043 videt
2497 4987 2656 5052 Deus,
2688 4985 2848 5043 crede
2874 4994 2951 5040 tu.
2983 4984 3167 5040 Veniet
3194 4985 3338 5039 enim
3365 4984 3477 5038 dies
3503 4971 3790 5048 injusﬂiqum

2320 5082 2578 5155 prospicit
2626 5081 2785 5137 Deus.
2830 5078 2932 5147 Qui
2979 5079 3135 5133 dies?
3175 5077 3442 5149 Cujusque
3482 5051 3805 5155 vindicta-il?"

2319 5190 2472 5231 cesse
2527 5181 2609 5229 cst
2656 5172 2799 5229 enim
2848 5179 2910 5226 ut
2957 5170 3252 5227 vindicetur
3309 5171 3360 5225 in
3407 5166 3641 5237 impium,
3676 5144 3803 5205 νὶιιάΜ

2320 5279 2472 5328 cetur
2516 5269 2567 5323 in
2629 5266 2883 5337 injustam
2916 5304 2931 5329 ,
2982 5265 3095 5321 sive
3146 5271 3418 5320 convertat
3462 5274 3553 5323 se,
3606 5250 3695 5337 sive
3722 5248 3784 5337 n01!

2321 5379 2382 5420 se
2418 5370 2710 5419 convertat.
2766 5360 2824 5415 Si
2876 5358 3018 5414 enim
3056 5373 3118 5414 se
3155 5354 3506 5415 converterit,
3556 5345 3639 5399 huc
3673 5335 3783 5403 illim“

2321 5459 2375 5514 in
2431 5458 2520 5512 illo
2580 5454 2924 5518 vindicatur;
2986 5450 3127 5524 quod
3177 5452 3332 5521 periit
3383 5445 3617 5516 iniquitas.
3659 5426 3783 5484 Nonne
3854 5426 3887 5524 Ι

2319 5550 2485 5606 irrisit
2515 5547 2767 5603 Dominus
2794 5543 3127 5615 prOSpicicns
3155 5543 3272 5599 dies
3299 5542 3575 5612 iniquorum
3595 5525 3780 5625 Λυσι-11113
3856 5525 3884 5625 Ι

2319 5652 2374 5700 et
2392 5641 2544 5699 inda:
2574 5600 2847 5695 traditoris
2869 5600 3091 5692 et'Sauli
3121 5600 3469 5705 persecutoris
3487 5626 3598 5696 (Act.
3618 5631 3631 5670 t
3648 5619 3687 5666 et
3704 5600 3776 5705 tlii

2381 5802 2399 5837 ί
2434 5802 2507 5871 sic
2546 5794 2651 5852 tiss.
2688 5796 2741 5850 λι
2763 5797 2896 5859 F.dti.,
2922 5793 3264 5871 indicabit-tibi
3284 5806 3389 5871 qua
3408 5748 3778 5871 ρζρῩξ-ςξξ·

2316 5836 3112 5981 {imgiﬁaii's'iis's’eéiﬁii
3118 5836 3390 5925 Maii};
3438 5836 3516 5907 id
3526 5836 3601 5911 qu
3624 5836 3705 5887 sub
