3960 6426
158 378 241 441 ns
1212 365 1607 436 ENARRATIO
1637 328 1695 435 ἰβ

1804 371 2072 441 “suumn
2106 370 2344 447 XXXVI.

158 492 294 550 Unius
325 505 468 548 atem
494 484 772 568 prospexit
797 486 865 549 ad
906 500 1113 564 pinnam
1135 532 1151 559 ,
1197 491 1416 549 alterius
1443 492 1509 549 ad
1536 491 1693 564 justi-

157 586 274 640 tiam.
299 583 354 640 in
390 595 676 658 utrumque
715 584 1037 641 vindicatum
1065 593 1147 641 est
1175 604 1189 641 :
1219 584 1307 641 ille
1332 594 1415 641 est
1439 585 1696 657 geltennzn

156 680 329 750 ignibus
357 679 664 750 deputatus,
697 676 797 735 iste
817 676 1021 735 etelesti
1048 693 1175 733 voce
1202 687 1520 750 prostratus.
1552 678 1693 747 Ergo

153 783 192 828 rt
213 785 257 827 ιιι
284 788 435 843 quem
467 774 665 845 pateris
691 773 951 845 iniquum,
979 788 1075 844 per
1097 772 1281 829 oculos
1299 772 1422 829 fidei
1450 773 1699 845 prospice

149 881 247 919 euut
276 865 377 919 Deo
406 864 522 921 dies
552 862 702 935 ejus;
733 873 927 921 etcum
949 880 1072 921 eum
1093 863 1295 919 videris
1319 865 1371 919 in
1401 875 1452 921 te
1474 865 1702 921 saevien-

148 968 256 1019 teut,
286 954 369 1010 die
399 954 493 1010 tibi
528 968 542 1011 :
574 955 677 1012 Istc
714 962 806 1011 aut
831 966 1132 1027 correctus,
1158 970 1370 1012 mecum
1398 955 1414 989 ⁸
1443 957 1581 1025 erit;
1609 965 1699 1012 aut

145 1060 489 1118 perseverans,
522 1062 731 1102 mecum
762 1063 867 1103 non
894 1047 1016 1104 erit.

202 1138 248 1197 3.
293 1138 439 1214 [rem
482 1138 700 1216 14-16.]
726 1138 863 1209 Quid
894 1143 1074 1198 enim?
1100 1140 1357 1213 lnjustitia
1395 1141 1575 1213 injusti
1600 1140 1699 1197 tibi

144 1243 295 1300 nocet,
322 1242 372 1288 et
399 1230 474 1290 illi
505 1252 610 1290 non
642 1236 840 1291 nocet?
894 1235 1044 1294 Unde
1096 1236 1210 1294 fieri
1262 1247 1453 1308 potest,
1484 1247 1543 1292 ut
1595 1237 1700 1292 iui-

146 1328 300 1398 quitas
324 1326 457 1395 ejus,
506 1344 626 1397 qua:
672 1345 767 1398 per
811 1328 927 1400 ejus
967 1327 1380 1399 indignationem
1422 1338 1480 1386 et
1516 1329 1700 1385 odium

142 1419 360 1491 procedit
384 1419 449 1473 ad
478 1419 779 1476 lit-dentium
812 1429 884 1486 te,
912 1438 1017 1475 non
1049 1422 1197 1492 prius
1222 1424 1394 1494 ipsum
1422 1431 1597 1478 vastet
1620 1422 1701 1477 itt-

82 1518 93 1531 °
138 1521 227 1575 tus,
254 1522 405 1580 quam
430 1519 481 1568 te
504 1521 674 1568 tentet
696 1512 857 1569 foris?
882 1512 1053 1568 'l‘ttum
1077 1530 1271 1585 corpus
1293 1513 1483 1584 premit
1504 1514 1700 1570 adrer-

139 1604 264 1663 situs.
290 1601 428 1658 illius
447 1604 681 1659 animum
709 1604 987 1675 putrefacit
1014 1606 1281 1676 iniquitas.
1312 1603 1445 1662 Nam
1468 1616 1522 1662 et
1542 1607 1700 1677 quid-

140 1694 243 1765 quid
278 1696 327 1750 in
365 1705 417 1750 te
448 1695 645 1765 profert
666 1737 682 1762 ,
718 1696 769 1751 in
813 1697 960 1751 illttttt
993 1696 1152 1753 redit.
1184 1696 1313 1769 Ejus
1341 1699 1484 1755 enim
1515 1713 1698 1770 perse-

138 1784 257 1839 eutio
289 1794 341 1840 te
382 1784 507 1839 facit
548 1795 856 1856 purgatura,
888 1786 1038 1842 illum
1080 1802 1254 1844 reum.
1286 1786 1384 1844 Cui
1414 1805 1542 1861 ergo
1581 1790 1701 1861 plus

135 1876 311 1931 nocet?
353 1872 489 1931 Ecce
531 1877 805 1933 s;e\'ieudo
846 1878 1161 1949 exspoliavit
1200 1888 1251 1934 te
1283 1896 1296 1931 :
1326 1878 1447 1951 quis
1492 1880 1700 1935 damno

134 1968 356 2038 graviore
404 1969 718 2038 percutitur,
769 1968 859 2040 qui
897 1970 1090 2024 amittit
1140 1969 1440 2041 pecuniam,
1490 1987 1557 2025 an
1606 1970 1696 2042 qui

132 2063 311 2116 amittit
337 2058 537 2116 fidem?
564 2056 771 2119 Norunt
806 2062 990 2120 dolere
1014 2061 1203 2119 damna
1238 2064 1356 2131 ista,
1383 2063 1472 2135 qui
1503 2063 1700 2119 habent

131 2152 327 2209 oculum
358 2153 690 2208 interiorem.
724 2150 900 2210 Multis
925 2156 1068 2210 enim
1114 2154 1278 2228 fulget
1306 2172 1533 2221 aurum,
1567 2155 1700 2212 fides

127 2260 214 2300 non
271 2245 454 2316 fulget.
502 2246 706 2301 llabeut
750 2248 945 2319 quippe
985 2248 1169 2304 oculos
1213 2246 1354 2303 unde
1392 2264 1576 2302 aurum
1614 2248 1699 2303 vi-

125 2336 271 2393 deant
302 2355 315 2392 :
346 2337 487 2393 unde
510 2334 670 2395 iidem
700 2338 912 2394 videant
934 2381 950 2407 ,
978 2356 1083 2395 non
1112 2338 1325 2396 habent.
1356 2334 1486 2396 Nam
1519 2340 1561 2396 si
1598 2336 1696 2396 Ita-

124 2424 301 2485 berent
339 2438 393 2484 et
431 2430 710 2495 viderent,
753 2426 934 2502 utique
979 2432 1095 2502 plus
1124 2444 1363 2488 amarent
1396 2451 1409 2485 :
1441 2442 1493 2487 et
1520 2443 1696 2489 tamen

121 2520 322 2591 quando
342 2520 421 2577 eis
448 2518 709 2593 frangitur
734 2520 886 2588 fides,
915 2522 1168 2590 clamant,
1193 2523 1443 2579 invidiam
1474 2524 1692 2589 faciunt,

120 2620 163 2666 et
188 2612 377 2667 dicunt
405 2629 420 2667 :
448 2608 493 2669 0
533 2613 699 2668 fides!
731 2612 818 2668 ubi
847 2623 927 2667 est
957 2610 1134 2670 fides?
1164 2616 1328 2670 Amas
1352 2632 1468 2670 eam
1498 2623 1556 2670 ttt
1585 2618 1699 2670 exi-

121 2716 237 2773 gas;
276 2718 399 2758 ama
432 2714 487 2758 ut
513 2702 787 2761 exhibeas.
832 2699 971 2775 Ergo
997 2706 1121 2776 quia
1164 2722 1351 2761 omnes
1392 2708 1481 2777 qui
1518 2722 1698 2774 perse-

114 2807 341 2867 qunntttr
357 2797 555 2867 justus,
578 2798 820 2867 graviore
841 2796 1037 2852 damno
1067 2798 1348 2862 feriuntur,
1377 2808 1429 2853 ct
1451 2801 1695 2870 graviore

112 2891 345 2959 pernicie
390 2890 745 2958 alliictautur,
791 2904 912 2946 cum
960 2890 1011 2945 itt
1048 2892 1127 2947 cis
1165 2902 1399 2947 vastatur
1434 2896 1546 2963 ipse
1581 2896 1699 2949 ani-

113 2994 256 3045 mus;
302 2984 574 3054 sequitur,
614 2992 669 3038 et
708 2982 943 3038 ostendit
986 2982 1089 3039 hoc
1130 2982 1375 3039 PSaItttus
1406 3002 1419 3038 :
1452 2982 1694 3040 Gladium

112 3073 390 3130 edim-runt
415 3086 702 3147 peccatores
721 3116 734 3139 ,
760 3076 1079 3130 intenderunt
1098 3091 1271 3131 arcum
1296 3092 1440 3132 suum
1472 3092 1493 3132 :
1515 3088 1567 3132 ut
1607 3078 1696 3134 de-

106 3166 282 3235 jiciant
310 3170 514 3237 inopem
546 3178 591 3225 et
627 3180 926 3239 paupiretn,
970 3179 1023 3223 ut
1051 3166 1297 3223 trttrident
1336 3180 1496 3226 rectos
1522 3173 1691 3227 corde.

114 3252 332 3314 Framea
365 3276 535 3314 eorum
558 3261 707 3314 intret
730 3261 779 3313 itt
801 3273 887 3315 cor
907 3259 1145 3330 ipsorum.
1190 3254 1368 3317 Facile
1396 3270 1479 3317 est
1509 3274 1564 3317 ut
1592 3262 1695 3317 fra-

110 3362 217 3406 ntra
230 3352 374 3423 ejus.
398 3352 447 3407 id
469 3361 569 3417 est,
589 3351 797 3422 gladius
813 3352 927 3424 ejus
942 3354 1215 3423 perveniat
1229 3355 1293 3407 ad
1310 3368 1504 3425 corpus
1518 3364 1688 3425 tuum,

110 3440 237 3497 sicut
258 3443 501 3514 pervenit
518 3443 726 3514 gladius
748 3454 1145 3515 perseeutorum
1168 3443 1231 3500 ad
1255 3461 1477 3517 corpora
1497 3458 1696 3523 marty-

108 3544 257 3602 rum;
285 3534 381 3591 sed
412 3550 665 3607 percusso
693 3548 951 3605 corpore,
980 3552 1075 3592 cor
1099 3538 1292 3593 mansit
1330 3540 1551 3595 illaesum
1582 3558 1596 3593 :
1626 3540 1692 3597 il-

106 3618 203 3678 lius
230 3633 411 3681 autem
438 3640 535 3683 cor
551 3626 639 3697 qui
666 3625 896 3696 gladium
927 3626 1111 3683 eduxit
1135 3628 1186 3683 itt
1208 3629 1566 3700 corpttsjusti,
1588 3646 1693 3686 non

105 3715 263 3785 plane
288 3720 488 3775 mansit
519 3717 759 3774 illiesum.
790 3719 900 3774 iloc
928 3719 1161 3789 psalmus
1180 3720 1281 3775 iste
1312 3728 1550 3776 testatur.
1576 3716 1696 3777 Fra-

104 3818 219 3861 ntca
250 3819 441 3865 eorum
472 3824 577 3866 non
609 3811 802 3876 intret,
826 3810 995 3877 dixit,
1024 3812 1076 3865 in
1099 3825 1292 3882 corpus
1317 3827 1502 3868 eorum
1536 3832 1548 3866 :
1573 3814 1691 3881 sed,

110 3890 518 3957 Frameaeorum
541 3902 689 3956 intret
706 3901 757 3956 in
772 3912 860 3957 cor
872 3903 1119 3971 ipsorum.
1137 3900 1191 3956 In
1209 3916 1433 3970 oorpore
1450 3903 1695 3960 occidere

106 3990 433 4061 Voluerunt,
466 3994 521 4049 in
548 3993 721 4048 anima
760 3992 1077 4049 moriantur.
1111 3992 1232 4049 Illos
1275 3995 1418 4049 enim
1462 4006 1693 4067 quorum

111 4093 337 4154 corpora
366 4083 670 4143 interficere
691 4086 994 4151 voluerunt,
1018 4099 1237 4141 securos
1264 4085 1516 4142 Dominus
1545 4086 1690 4157 fecit,

113 4168 294 4231 dicens
319 4175 400 4233 eis
426 4194 441 4234 :
470 4175 649 4233 Nolite
672 4178 849 4234 timere
870 4193 956 4233 eos
982 4177 1069 4249 qui
1088 4192 1272 4247 corpus
1301 4178 1555 4246 occidunt,
1581 4180 1695 4234 ani-

116 4278 244 4321 mam
274 4279 441 4325 autem
460 4286 562 4326 non
587 4276 798 4343 possunt
817 4271 1043 4326 occidere
1069 4269 1280 4345 (Matth.
1302 4287 1358 4336 x,
1380 4271 1497 4342 ‘28).
1529 4273 1696 4340 Quale

121 4366 192 4412 est
220 4372 400 4418 autem
430 4364 623 4419 smvire
644 4362 843 4433 gladio,
867 4380 966 4419 nec
997 4380 1152 4436 posse
1177 4366 1424 4423 occidete
1453 4366 1552 4423 nisi
1578 4382 1698 4421 cor-

121 4461 211 4518 pus
245 4454 462 4524 inimici,
495 4466 548 4511 et
578 4472 735 4527 posse
760 4454 1005 4513 occidere
1042 4458 1274 4514 auitnum
1317 4459 1509 4514 suam?
1537 4458 1692 4515 Desi-

124 4541 286 4610 piuut,
317 4557 499 4603 contra
526 4562 586 4604 se
615 4547 872 4617 stevittnt,
902 4549 1206 4619 insaniunt,
1237 4567 1340 4605 non
1368 4567 1427 4607 se
1466 4551 1647 4607 vident
1676 4571 1691 4608 :

125 4636 367 4707 tanquam
412 4640 458 4696 si
502 4639 662 4696 vellet
699 4640 889 4711 aliquis
929 4652 1023 4712 per
1062 4658 1257 4715 corpus
1295 4658 1449 4698 suum
1493 4642 1693 4700 ferrum

125 4726 399 4798 iniicere,
438 4742 496 4788 ut
523 4730 897 4788 conscinderet
924 4732 1155 4789 tunicam
1181 4734 1420 4789 alterius.
1453 4734 1695 4791 Attendis

120 4828 225 4888 quo
252 4825 581 4894 pervenisti,
607 4835 663 4882 et
698 4836 804 4882 non
836 4824 1068 4882 attendis
1096 4842 1197 4897 qua
1225 4825 1480 4897 traiecisti
1513 4846 1528 4884 :
1555 4827 1697 4885 illius

114 4916 418 4974 censc’tdistl
443 4926 674 4985 vestem,
708 4926 851 4974 tuam
892 4934 1130 4975 carnem.
1173 4919 1395 4975 Constat
1420 4937 1547 4993 ergo
1573 4922 1694 4995 plus

106 5014 237 5064 esse
252 5008 387 5081 quod
412 5010 688 5068 selmdunt
712 5011 899 5085 iniqui,
928 5022 982 5069 et
1008 5011 1148 5085 quod
1176 5013 1276 5070 sibi
1301 5023 1515 5083 uocent,
1535 5033 1691 5087 quam

110 5100 258 5169 quod
287 5103 383 5160 sibi
414 5102 661 5161 videntur
687 5120 881 5161 nocere
906 5104 1009 5161 illis
1035 5121 1171 5177 quos
1194 5106 1441 5164 oderunt.
1473 5104 1695 5165 Frames

98 5206 249 5267 'ergo
276 5215 442 5256 eorum
478 5200 630 5255 intret
666 5198 721 5256 in
758 5218 846 5256 cor
872 5203 1118 5274 ipsorum.
1165 5203 1438 5261 Sententia
1485 5208 1693 5263 Domini

141 5295 226 5353 est,
253 5288 399 5348 aliter
428 5290 544 5349 fieri
576 5308 680 5348 non
705 5302 899 5366 potest.
924 5294 990 5349 Et
1016 5312 1166 5350 arcus
1188 5315 1360 5352 eorum
1385 5311 1693 5358 conteratur.

143 5368 259 5461 Quid
283 5393 361 5441 est
385 5427 399 5451 ,
449 5401 598 5441 arcus
640 5402 813 5440 eorum
853 5390 1185 5444 conteratur?
1212 5389 1419 5445 Insidias
1457 5391 1692 5461 ipsorum

148 5458 453 5531 frustrentur.
484 5474 739 5546 Superius
771 5478 914 5532 enim
944 5474 1157 5534 dixerat
1188 5499 1201 5535 :
1236 5458 1692 5556 Gladiutnfeduae-

148 5566 247 5621 r“ut
272 5578 549 5640 peccatores
569 5610 584 5636 ,
614 5569 933 5625 intenderunt
962 5586 1135 5627 arcum
1163 5590 1327 5628 suum.
1360 5570 1529 5630 Cladii
1558 5576 1692 5630 edu-

144 5654 385 5734 clienem,
436 5662 661 5735 intelligi
710 5664 880 5720 voluit
918 5676 1155 5735 apertam
1198 5670 1640 5740 Oppugnatiouem
1676 5690 1690 5727 :

205 5871 421 5929 Istcine.
447 5877 504 5924 Αι
527 5869 661 5935 ald,
686 5884 833 5925 nisus.

3287 406 3393 469 366

1805 509 1961 553 arcus
1989 508 2167 556 autem
2208 502 2556 565 intentionem
2580 550 2597 577 ,
2627 512 2867 571 occultas
2906 517 3126 577 insidias
3162 520 3391 596 intelligi

1807 590 1993 644 voluit.
2028 592 2163 649 Ecce
2187 596 2395 666 gladius
2423 602 2541 668 ejus
2570 606 2784 675 perimit
2811 624 2965 675 eum,
3012 622 3066 668 et
3108 590 3392 685 dispositio

1806 680 2120 741 insidiarum
2147 687 2263 759 ejus
2291 689 2591 750 frustratur.
2626 698 2763 766 Quid
2793 712 2874 757 est
2894 744 2910 770 ,
2943 680 3271 764 frustratur?
3300 711 3391 770 Νἰτ

1808 775 1879 830 hil
1913 788 2066 835 uocet
2091 779 2254 850 justo.
2288 784 2568 850 Quomodo
2592 805 2719 861 ergo
2746 795 2877 851 nihil
2915 798 2963 853 ei
2993 803 3209 866 nocuit,
3242 800 3422 866 verbi"

1804 870 1995 939 gratia,
2028 887 2183 941 quem
2212 874 2291 930 sic
2320 880 2654 949 exspoliavit,
2683 885 2766 939 cui
2797 888 3031 945 tollendo
3057 908 3146 949 res
3171 908 3297 953 suas
3323 898 3391 953 ad

1806 962 2077 1031 angustias
2114 966 2406 1035 perduxit?
2441 971 2609 1028 liabet
2651 977 2792 1047 quod
2838 990 3057 1053 cantet,
3102 986 3290 1045 Melius
3318 1000 3394 1047 est

1808 1052 2059 1106 modicum
2079 1056 2222 1124 justo
2250 1074 2401 1127 super
2425 1061 2626 1118 divitias
2656 1078 2971 1135 peccatorum
3003 1052 3206 1132 multas.

1876 1143 1931 1198 4.
1976 1142 2128 1218 [vers.
2171 1147 2283 1223 i7.]
2319 1151 2422 1206 Sed
2463 1162 2706 1223 potentes
2746 1169 2870 1214 sunt
2899 1162 3097 1234 iniqui,
3140 1178 3194 1224 et
3223 1172 3391 1229 multa

1807 1233 2024 1305 faciunt,
2053 1248 2104 1294 et
2130 1244 2364 1323 suppetit
2388 1246 2467 1299 eis
2494 1262 2667 1303 rerum
2697 1251 2949 1320 elfectus;
2982 1233 3167 1327 agendi
3196 1266 3391 1321 celeri-

1808 1335 1887 1383 tas
1906 1370 1921 1393 ,
1943 1329 2237 1399 jttssionem
2267 1335 2567 1395 obedientia
2594 1346 2850 1413 sequitur.
2881 1348 3144 1421 Numquid
3172 1370 3387 1428 semper

1806 1422 1933 1477 sic?
1965 1423 2215 1491 Quoniam
2260 1428 2467 1485 brae/tia
2516 1447 2834 1505 peccatorum
2872 1453 3209 1501 conterentur.
3254 1422 3387 1506 Bra-

1806 1512 1925 1568 chia
1951 1532 2078 1586 ergo
2108 1535 2293 1577 eorunt
2317 1563 2333 1589 ,
2369 1529 2601 1594 potentia
2629 1545 2836 1587 eorum.
2870 1533 3006 1602 Quid
3037 1539 3271 1598 facturus
3308 1555 3393 1599 est

1809 1606 1862 1663 itt
1888 1610 2133 1707 geltetma
2160 1614 2184 1668 ?
2208 1616 2288 1669 Att
2311 1619 2450 1687 quod
2479 1619 2605 1676 facit
2627 1623 2712 1679 ille
2741 1625 2912 1692 dives,
2946 1632 3034 1699 qui
3061 1635 3200 1701 apud
3228 1650 3390 1707 supe-

1806 1714 1896 1754 ros
1920 1701 2253 1769 epulabatur,
2291 1709 2429 1777 apud
2464 1711 2660 1768 inferos
2688 1719 3031 1786 torquebatur
3069 1722 3220 1793 (Luc.
3264 1701 3387 1795 xs't,

1807 1789 1874 1845 19
1894 1831 1910 1857 ,
1938 1789 2029 1861 24)
2052 1793 2076 1846 ‘i
2102 1792 2324 1851 Brachia
2353 1815 2480 1871 ergo
2518 1820 2691 1859 eorum
2728 1789 3084 1867 conterentur.
3111 1789 3390 1885 Con/irruat

1804 1893 1972 1935 autem
1989 1884 2160 1955 justas
2191 1886 2459 1946 Dominus.
2489 1895 2765 1963 Quomodo
2794 1916 2888 1956 eos
2916 1884 3234 1962 confirmati
3262 1912 3390 1979 quid

1805 1974 1884 2029 eis
1914 1975 2079 2032 dicit?
2106 1981 2256 2049 Quod
2297 1983 2489 2041 dicitur
2528 1990 2578 2043 itt
2610 1992 2714 2046 alin
2747 1997 2951 2063 psalmo
2983 2017 2996 2054 :
3031 2000 3240 2059 Sustine
3282 1974 3391 2062 Do-

1804 2070 2016 2161 minum,
2047 2072 2257 2127 uiriliter
2285 2093 2397 2146 age,
2427 2090 2473 2134 et
2495 2086 2810 2154 confortetur
2827 2106 2916 2143 cor
2940 2102 3102 2161 tuum,
3128 2108 3174 2149 et
3196 2101 3390 2157 sustine

1802 2146 2081 2215 Dominum
2112 2162 2281 2235 (Psal.
2308 2184 2455 2235 xxvr,
2488 2146 2608 2243 Μ).⁷
2625 2175 2759 2242 Quid
2787 2189 2872 2234 est
2898 2180 2947 2235 ht
2966 2198 3018 2249 c,
3052 2146 3389 2247 S'ustin-e'D'o:

1803 2251 1993 2340 initium
2013 2253 2039 2307 .9
2068 2255 2147 2309 Ad
2180 2267 2384 2330 tempus
2413 2263 2641 2330 laboras,
2673 2268 2725 2322 itt
2752 2281 3009 2329 internum
3038 2293 3142 2340 non
3175 2281 3388 2340 labora-

1802 2330 1883 2397 bis
1915 2361 1930 2397 :
1963 2344 2138 2401 brevis
2164 2359 2244 2404 cst
2284 2353 2526 2411 molestia
2559 2369 2643 2412 ttta
2670 2400 2684 2424 ,
2730 2372 2928 2420 aeterna
2968 2369 3071 2424 erit
3109 2372 3386 2433 beatitudo

1804 2442 1890 2524 tua
1926 2453 1940 2489 :
1972 2438 2036 2493 ad
2066 2441 2330 2500 modicum
2357 2447 2525 2513 doles,
2551 2453 2668 2507 sine
2692 2454 2795 2509 fine
2814 2459 3089 2527 gaudrhis.
3115 2464 3223 2521 Sed
3244 2468 3388 2526 inter

1803 2520 2081 2585 molestias
2109 2533 2296 2605 incipis
2324 2538 2468 2595 labi?
2493 2520 3141 2625 Proponitttr'exempium
3173 2571 3228 2615 et
3256 2576 3381 2630 pas-

1800 2622 2008 2725 sionum
2041 2623 2257 2725 Christi.
2293 2628 2421 2687 Vide
2447 2635 2571 2703 quid
2603 2654 2696 2705 pro
2725 2648 2775 2695 te
2805 2622 3049 2712 pertulit,
3090 2652 3179 2719 qtti
3215 2622 3381 2725 quare

1800 2711 2063 2781 perferret
2091 2734 2194 2772 nott
2237 2718 2483 2778 habebat.
2523 2711 2958 2802 Qttautacutnque
2990 2711 3248 2809 patiaris:
3277 2711 3387 2806 non

1802 2806 2083 2872 pervenies
2109 2809 2173 2863 ad
2206 2810 2321 2865 illas
2350 2813 2736 2882 insultationes,
2762 2824 2828 2878 ad
2857 2826 2942 2881 illa
2975 2806 3200 2901 flagella,
3227 2806 3294 2891 ad
3323 2839 3388 2893 il-

1800 2892 1905 2950 lam
1951 2897 2351 2969 ignominiosam
2379 2918 2581 2964 vestem
2606 2952 2621 2975 ,
2658 2914 2725 2967 ad
2771 2916 2913 2972 illam
2952 2892 3199 2992 spineam,
3227 2892 3386 2985 coro-

1801 3000 1946 3087 pam,
1978 2989 2044 3043 ad
2079 2991 2217 3046 illam
2249 3005 2519 3065 postremo
2545 3016 2758 3060 crucem
2792 3024 2894 3061 non
2927 2989 3229 3081 pervenies,
3258 3020 3384 3089 quia

1792 3075 1904 3145 jam
1949 3090 2003 3134 et
2031 3081 2098 3136 de
2142 3099 2295 3153 pinna
2340 3091 2552 3157 generis
2592 3092 2805 3151 humani
2847 3075 3051 3159 sublata
3097 3075 3382 3168 est.'C.um

1799 3173 1941 3225 enim
1965 3174 2064 3228 sub
2085 3178 2312 3249 antiquis
2333 3184 2577 3241 scelerati
2599 3193 3059 3263 crucifigereutur,
3085 3202 3244 3258 modo
3266 3205 3384 3260 nul-

1800 3261 1885 3320 lus
1908 3267 2249 3339 crucifigitur.
2285 3273 2552 3333 llonorata
2584 3291 2666 3336 est
2689 3321 2702 3345 ,
2737 3261 2987 3342 etvlinita.
3020 3261 3189 3348 Finita
3218 3308 3297 3352 est
3328 3299 3383 3354 iu

1797 3366 1953 3425 ptena
1979 3400 1994 3424 ,
2023 3372 2203 3418 manet
2230 3364 2279 3417 itt
2306 3367 2473 3438 gloria
2504 3373 2541 3425 ⁸.
2573 3373 2618 3428 Α
2665 3375 2794 3431 locis
2835 3383 3217 3451 suppliciorum
3260 3389 3386 3449 fecit

1800 3450 2079 3506 transitum
2105 3453 2171 3509 ad
2205 3455 2403 3515 frontes
2433 3463 2831 3533 imperatorum.
2860 3450 2957 3540 Qui
2989 3485 3189 3534 tantum
3210 3480 3388 3540 .ltono-

1800 3553 1911 3594 retu
1938 3541 2083 3598 dedit
2109 3548 2279 3614 pinnis
2306 3552 2437 3618 suis,
2464 3556 2590 3624 quid
2632 3573 2810 3616 servat
2839 3562 3080 3622 fidelibus
3105 3571 3254 3627 suis?
3292 3574 3386 3633 His

1800 3646 1928 3704 ergo
1954 3635 2143 3701 rebus,
2177 3639 2260 3693 ltis
2290 3644 2494 3713 verbis,
2543 3647 2625 3705 bis
2661 3650 3071 3716 allocutionibtts
3096 3703 3111 3728 ,
3163 3663 3265 3721 hoc
3292 3670 3386 3726 tali

1799 3727 2045 3795 exemplo
2073 3730 2340 3798 con/irruat
2360 3736 2531 3805 justas
2567 3739 2833 3800 Dominus.
2871 3746 3103 3806 Sazviant
3128 3769 3383 3825 quantum

1799 3814 2101 3885 voluerint,
2144 3830 2198 3876 et
2224 3836 2477 3892 quantum
2522 3834 2766 3900 permissi
2807 3838 2999 3897 fuerint
3027 3814 3381 3914 peccatores:

1797 3907 2063 4010 con/irruat
2081 3910 2252 4010 justas
2279 3914 2549 3975 Dominus.
2593 3922 2854 3996 Quidquid
2900 3907 3151 3990 acciderit
3192 3938 3340 4009 justo
3363 3983 3379 4010 ,

1798 3996 2056 4089 voluntati
2084 4001 2276 4059 divina:
2301 4007 2558 4079 deputet,
2591 4029 2695 4069 non
2725 4023 2972 4089 potestati
3003 3996 3224 4082 inimici.
3266 3996 3383 4087 Sat:

1797 4087 1911 4143 vire
1940 4090 2029 4147 ille
2053 4102 2227 4164 potest
2257 4115 2270 4152 :
2299 4099 2478 4165 ferire,
2507 4104 2551 4157 si
2584 4105 2673 4161 ille
2688 4087 2936 4179 noluerit,
2959 4130 3066 4170 non
3090 4127 3284 4185 potest.
3315 4125 3384 4180 Et

1799 4180 1843 4235 si
1876 4181 1965 4238 ille
1991 4186 2221 4242 voluerit
2248 4199 2308 4245 ut
2336 4193 2520 4261 feriat,
2562 4202 2711 4255 novit
2734 4218 2888 4259 suum
2927 4180 3381 4279 quemadmodum

1797 4274 2023 4381 excipiat
2052 4294 2066 4333 :
2099 4278 2261 4344 Quem
2290 4285 2421 4339 enim
2459 4287 2622 4361 diligit
2651 4291 2902 4353 Dominus
2926 4274 2959 4368 ,⁷
2979 4305 3186 4375 corripit
3230 4324 3246 4364 :
3286 4310 3387 4381 ﬂa-

1798 4366 1953 4472 gellqt
1976 4380 2142 4426 autent
2164 4391 2359 4431 omnem
2388 4380 2552 4448 [ilium
2583 4400 2728 4455 quem
2752 4366 2935 4461 recipit
2960 4366 3142 4465 (Hebr.
3175 4366 3382 4472 xn,'6).

1799 4459 1935 4557 Quid
1965 4463 2078 4557 sibi
2093 4480 2222 4537 ergo
2248 4470 2448 4539 plaudit
2478 4475 2708 4548 iniquus,
2740 4459 2864 4552 quia
2891 4459 3158 4557 ﬂagellum
3186 4459 3287 4548 sibi
3316 4459 3386 4552 de

1802 4549 1891 4607 illo
1913 4552 2035 4609 fecit
2059 4554 2218 4614 Pater
2251 4563 2445 4620 meus?
2472 4563 2622 4624 illum
2649 4549 2872 4631 assumit
2896 4549 3381 4658 ad'ministerium,

1799 4660 1886 4701 me
1911 4648 2085 4704 erudit
2118 4651 2184 4707 ad
2222 4657 2624 4724 patrimonium.
2654 4664 2767 4723 Nec
2808 4673 3086 4731 attendere
3126 4648 3386 4737 debemus

1797 4747 2057 4842 quantum
2112 4748 2389 4814 permittat
2438 4750 2653 4824 injustis
2679 4792 2699 4826 ,
2755 4759 2853 4816 sed
2899 4775 3157 4834 quantum
3205 4780 3388 4831 servet

1791 4831 1975 4901 justis.

1871 4922 1927 4978 5.
1956 4923 2062 4980 Sed
2082 4924 2339 4988 debemus
2371 4942 2557 5004 optare
2582 4938 2744 4995 etiam
2786 4941 2892 5000 illis
2922 4961 3017 5017 per
3045 4965 3179 5021 quos
3200 4953 3386 5028 (lugeb-

1799 5012 1993 5084 lamur,
2020 5026 2079 5072 ut
2102 5032 2502 5094 convertantur,
2530 5038 2584 5084 et
2603 5012 2954 5103 llagellentur.
2971 5012 3228 5100 Sic-enim
3257 5012 3384 5105 suos

1802 5105 1990 5204 fideles
2016 5111 2308 5181 erudiebat,
2340 5120 2428 5185 qui
2454 5120 2523 5176 de
2549 5121 2710 5179 Saulo
2736 5126 2999 5199 ﬂagellum
3025 5134 3127 5190 sibi
3157 5135 3378 5204 fecerat,

1800 5201 1896 5257 sed
1922 5213 2105 5275 postea
2134 5211 2397 5265 convertit
2423 5222 2477 5269 et
2504 5213 2743 5273 Sattltuu.
2774 5222 2979 5279 Etcum
3009 5228 3230 5285 Ananiae
3260 5201 3383 5288 san;

1798 5303 1907 5362 cto,
1939 5313 1968 5350 a
2011 5313 2117 5369 quo
2144 5299 2439 5370 baptizatus
2468 5317 2548 5362 est
2586 5308 2807 5378 Saulus,
2854 5314 3056 5373 diceret
3085 5320 3337 5379 Dominus
3364 5368 3379 5392 ,

1802 5385 1949 5442 illum
1998 5392 2390 5461 suscipiendum
2421 5413 2538 5453 esse
2567 5402 2804 5465 Saulom,
2834 5407 2955 5475 quia
2981 5425 3072 5465 vas
3100 5421 3245 5467 esset
3268 5385 3379 5469 ele:

1798 5481 2025 5547 etiouis;
2059 5486 2330 5554 resrestdit
2368 5491 2634 5561 Ananias,
2668 5495 2858 5554 timens
2904 5510 2956 5555 et
2998 5502 3382 5563 exhorrescens

1798 5575 1973 5630 audita
2020 5576 2155 5633 fama
2184 5579 2327 5634 Sauli
2369 5588 2724 5651 persecutoris
2753 5604 2767 5652 ;
2798 5586 3012 5645 Domine
3032 5632 3046 5657 ,
3076 5595 3266 5663 audiri,
3298 5600 3350 5653 in
3369 5631 3383 5642 -

1800 5669 1931 5737 quit,
1963 5686 2052 5740 ego
2082 5670 2145 5724 de
2172 5672 2275 5725 uiro
2315 5674 2408 5726 ista
2436 5688 2648 5744 quantas
2670 5682 3038 5746 persecutiones
3063 5690 3251 5741 sanctis
3283 5693 3381 5746 tuis

1801 5766 1973 5833 fecerit
1996 5765 2046 5816 in
2068 5763 2387 5834 .‘crosolyma
2406 5810 2420 5831 ,
2449 5779 2495 5821 et
2524 5786 2655 5825 nunc
2681 5774 2896 5843 acceptis
2929 5774 3104 5834 litteris
3130 5781 3263 5837 radit
3283 5825 3296 5851 ,
3328 5795 3381 5839 νλ

1867 5878 1881 5909 ⁸
1921 5880 2001 5933 Qui
2025 5876 2065 5927 .d
2091 5882 2190 5929 ein:
2211 5886 2341 5955 3355.,
2357 5880 2530 5943 gratia.
