  <div class='ocr_page' id='page_1' title='image "/cluster/home/n/w/nwhite01/storage/ocr_20150623/36/uva.x000827105/191.png"; bbox 0 0 3960 6410; ppageno 0'>
   <div class='ocr_carea' id='block_1_1' title="bbox 655 284 764 367">
    <p class='ocr_par' dir='ltr' id='par_1_1' title="bbox 655 284 764 367">
     <span class='ocr_line' id='line_1_1' title="bbox 655 284 764 367; baseline 0 0"><span class='ocrx_word' id='word_1_1' title='bbox 655 284 764 367; x_wconf 66' lang='lat' dir='ltr'><strong><em>in</em></strong></span> 
     </span>
    </p>
   </div>
   <div class='ocr_carea' id='block_1_2' title="bbox 1892 280 3898 397">
    <p class='ocr_par' dir='ltr' id='par_1_2' title="bbox 1892 280 3898 397">
     <span class='ocr_line' id='line_1_2' title="bbox 1892 280 3898 397; baseline 0.008 -40"><span class='ocrx_word' id='word_1_2' title='bbox 1892 298 1952 357; x_wconf 71' lang='grc' dir='ltr'><strong>ο.</strong></span> <span class='ocrx_word' id='word_1_3' title='bbox 1992 280 2361 389; x_wconf 69' lang='lat' dir='ltr'><strong><em>Ancusntu</em></strong></span> <span class='ocrx_word' id='word_1_4' title='bbox 2397 292 2705 364; x_wconf 79' lang='lat' dir='ltr'><strong><em>EPISCOPt</em></strong></span> <span class='ocrx_word' id='word_1_5' title='bbox 2742 358 2747 367; x_wconf 83' lang='lat'><strong><em>.</em></strong></span> <span class='ocrx_word' id='word_1_6' title='bbox 3828 332 3898 397; x_wconf 67' lang='grc' dir='ltr'><strong><em>αι</em></strong></span> 
     </span>
    </p>
   </div>
   <div class='ocr_carea' id='block_1_3' title="bbox 653 410 3900 511">
    <p class='ocr_par' dir='ltr' id='par_1_3' title="bbox 653 410 3900 511">
     <span class='ocr_line' id='line_1_3' title="bbox 653 410 3900 511; baseline 0.006 -31"><span class='ocrx_word' id='word_1_7' title='bbox 653 422 956 492; x_wconf 68' lang='lat' dir='ltr'><strong><em>ubicumque</em></strong></span> <span class='ocrx_word' id='word_1_8' title='bbox 994 416 1235 476; x_wconf 79' lang='lat' dir='ltr'><strong><em>inuenerit</em></strong></span> <span class='ocrx_word' id='word_1_9' title='bbox 1261 410 1548 473; x_wconf 74' lang='lat' dir='ltr'><strong><em>invocantes</em></strong></span> <span class='ocrx_word' id='word_1_10' title='bbox 1591 429 1773 511; x_wconf 63' lang='lat' dir='ltr'><strong><em>nomen</em></strong></span> <span class='ocrx_word' id='word_1_11' title='bbox 1798 422 1975 511; x_wconf 54' lang='lat' dir='ltr'><strong><em>tuum:</em></strong></span> <span class='ocrx_word' id='word_1_12' title='bbox 2000 412 2168 511; x_wconf 74' lang='lat' dir='ltr'><strong><em>trahat</em></strong></span> <span class='ocrx_word' id='word_1_13' title='bbox 2193 421 2243 469; x_wconf 89' lang='lat' dir='ltr'><strong><em>et</em></strong></span> <span class='ocrx_word' id='word_1_14' title='bbox 2353 413 2609 511; x_wconf 79' lang='lat' dir='ltr'><strong><em>Dominus</em></strong></span> <span class='ocrx_word' id='word_1_15' title='bbox 2645 427 2824 479; x_wconf 87' lang='lat' dir='ltr'><strong><em>autem</em></strong></span> <span class='ocrx_word' id='word_1_16' title='bbox 2864 422 2958 497; x_wconf 87' lang='lat' dir='ltr'><strong><em>qui</em></strong></span> <span class='ocrx_word' id='word_1_17' title='bbox 2983 426 3366 501; x_wconf 71' lang='lat' dir='ltr'><strong><em>prospiciebat</em></strong></span> <span class='ocrx_word' id='word_1_18' title='bbox 3411 429 3539 491; x_wconf 82' lang='lat' dir='ltr'><strong><em>dies</em></strong></span> <span class='ocrx_word' id='word_1_19' title='bbox 3564 431 3719 504; x_wconf 88' lang='lat' dir='ltr'><strong><em>illius,</em></strong></span> <span class='ocrx_word' id='word_1_20' title='bbox 3741 455 3900 511; x_wconf 73' lang='lat' dir='ltr'><strong><em>norem</em></strong></span> 
     </span>
    </p>
   </div>
   <div class='ocr_carea' id='block_1_4' title="bbox 657 503 2240 586">
    <p class='ocr_par' dir='ltr' id='par_1_4' title="bbox 657 503 2240 586">
     <span class='ocr_line' id='line_1_4' title="bbox 657 503 2240 586; baseline -0.006 -17"><span class='ocrx_word' id='word_1_21' title='bbox 657 513 803 586; x_wconf 84' lang='lat' dir='ltr'><strong><em>liget,</em></strong></span> <span class='ocrx_word' id='word_1_22' title='bbox 832 521 881 567; x_wconf 90' lang='lat' dir='ltr'><strong><em>et</em></strong></span> <span class='ocrx_word' id='word_1_23' title='bbox 925 511 996 565; x_wconf 82' lang='lat' dir='ltr'><strong><em>ad</em></strong></span> <span class='ocrx_word' id='word_1_24' title='bbox 1019 510 1283 582; x_wconf 84' lang='lat' dir='ltr'><strong><em>pontiﬁces</em></strong></span> <span class='ocrx_word' id='word_1_25' title='bbox 1323 508 1566 563; x_wconf 88' lang='lat' dir='ltr'><strong><em>adducat.</em></strong></span> <span class='ocrx_word' id='word_1_26' title='bbox 1613 505 1684 562; x_wconf 83' lang='lat' dir='ltr'><strong><em>Et</em></strong></span> <span class='ocrx_word' id='word_1_27' title='bbox 1724 513 1911 562; x_wconf 85' lang='lat' dir='ltr'><strong><em>contra</em></strong></span> <span class='ocrx_word' id='word_1_28' title='bbox 1936 503 2240 561; x_wconf 83' lang='lat' dir='ltr'><strong><em>Dominus:</em></strong></span> 
     </span>
    </p>
   </div>
   <div class='ocr_carea' id='block_1_5' title="bbox 655 596 2244 674">
    <p class='ocr_par' dir='ltr' id='par_1_5' title="bbox 655 596 2244 674">
     <span class='ocr_line' id='line_1_5' title="bbox 655 596 2244 674; baseline -0.005 -13"><span class='ocrx_word' id='word_1_29' title='bbox 655 605 805 672; x_wconf 85' lang='lat' dir='ltr'><strong><em>Sine,</em></strong></span> <span class='ocrx_word' id='word_1_30' title='bbox 835 603 1027 673; x_wconf 90' lang='lat' dir='ltr'><strong><em>inquit,</em></strong></span> <span class='ocrx_word' id='word_1_31' title='bbox 1058 618 1149 674; x_wconf 87' lang='lat' dir='ltr'><strong><em>ego</em></strong></span> <span class='ocrx_word' id='word_1_32' title='bbox 1173 601 1253 656; x_wconf 91' lang='lat' dir='ltr'><strong><em>illi</em></strong></span> <span class='ocrx_word' id='word_1_33' title='bbox 1272 600 1539 657; x_wconf 74' lang='lat' dir='ltr'><strong><em>ostendam</em></strong></span> <span class='ocrx_word' id='word_1_34' title='bbox 1564 615 1680 671; x_wconf 71' lang='lat' dir='ltr'><strong><em>quae</em></strong></span> <span class='ocrx_word' id='word_1_35' title='bbox 1705 599 1851 654; x_wconf 87' lang='lat' dir='ltr'><strong><em>illum</em></strong></span> <span class='ocrx_word' id='word_1_36' title='bbox 1878 606 2107 671; x_wconf 85' lang='lat' dir='ltr'><strong><em>oporteat</em></strong></span> <span class='ocrx_word' id='word_1_37' title='bbox 2134 596 2244 670; x_wconf 87' lang='lat' dir='ltr'><strong><em>pati</em></strong></span> 
     </span>
    </p>
   </div>
   <div class='ocr_carea' id='block_1_6' title="bbox 653 691 2238 767">
    <p class='ocr_par' dir='ltr' id='par_1_6' title="bbox 653 691 2238 767">
     <span class='ocr_line' id='line_1_6' title="bbox 653 691 2238 767; baseline -0.003 -15"><span class='ocrx_word' id='word_1_38' title='bbox 653 713 750 766; x_wconf 81' lang='lat' dir='ltr'><strong><em>pro</em></strong></span> <span class='ocrx_word' id='word_1_39' title='bbox 774 695 975 749; x_wconf 85' lang='lat' dir='ltr'><strong><em>nomine</em></strong></span> <span class='ocrx_word' id='word_1_40' title='bbox 996 710 1105 749; x_wconf 88' lang='lat' dir='ltr'><strong><em>meo</em></strong></span> <span class='ocrx_word' id='word_1_41' title='bbox 1132 693 1266 767; x_wconf 76' lang='lat' dir='ltr'><strong><em>(Act.</em></strong></span> <span class='ocrx_word' id='word_1_42' title='bbox 1290 709 1366 759; x_wconf 81' lang='lat' dir='ltr'><strong><em>lx,</em></strong></span> <span class='ocrx_word' id='word_1_43' title='bbox 1391 692 1609 762; x_wconf 75' lang='lat'><strong><em>13-16).</em></strong></span> <span class='ocrx_word' id='word_1_44' title='bbox 1637 691 1876 749; x_wconf 74' lang='lat' dir='ltr'><strong><em>lleddam</em></strong></span> <span class='ocrx_word' id='word_1_45' title='bbox 1915 693 2021 759; x_wconf 90' lang='lat' dir='ltr'><strong><em>illi,</em></strong></span> <span class='ocrx_word' id='word_1_46' title='bbox 2047 691 2238 763; x_wconf 78' lang='lat' dir='ltr'><strong><em>inquit,</em></strong></span> 
     </span>
    </p>
   </div>
   <div class='ocr_carea' id='block_1_7' title="bbox 586 786 2237 859">
    <p class='ocr_par' dir='ltr' id='par_1_7' title="bbox 586 786 2237 859">
     <span class='ocr_line' id='line_1_7' title="bbox 586 786 2237 859; baseline 0.002 -20"><span class='ocrx_word' id='word_1_47' title='bbox 586 832 591 839; x_wconf 78' lang='lat'><strong>,</strong></span> <span class='ocrx_word' id='word_1_48' title='bbox 650 787 933 844; x_wconf 77' lang='lat' dir='ltr'><strong><em>vindicabo</em></strong></span> <span class='ocrx_word' id='word_1_49' title='bbox 968 803 1054 843; x_wconf 89' lang='lat' dir='ltr'><strong><em>me</em></strong></span> <span class='ocrx_word' id='word_1_50' title='bbox 1092 788 1160 844; x_wconf 88' lang='lat' dir='ltr'><strong><em>de</em></strong></span> <span class='ocrx_word' id='word_1_51' title='bbox 1189 788 1310 855; x_wconf 87' lang='lat' dir='ltr'><strong><em>illo;</em></strong></span> <span class='ocrx_word' id='word_1_52' title='bbox 1338 797 1391 844; x_wconf 91' lang='lat' dir='ltr'><strong><em>et</em></strong></span> <span class='ocrx_word' id='word_1_53' title='bbox 1420 787 1651 859; x_wconf 88' lang='lat' dir='ltr'><strong><em>patietur</em></strong></span> <span class='ocrx_word' id='word_1_54' title='bbox 1680 801 1779 858; x_wconf 87' lang='lat' dir='ltr'><strong><em>pro</em></strong></span> <span class='ocrx_word' id='word_1_55' title='bbox 1820 786 2037 841; x_wconf 84' lang='lat' dir='ltr'><strong><em>nomine</em></strong></span> <span class='ocrx_word' id='word_1_56' title='bbox 2077 800 2237 854; x_wconf 91' lang='lat' dir='ltr'><strong><em>meo,</em></strong></span> 
     </span>
    </p>
   </div>
   <div class='ocr_carea' id='block_1_8' title="bbox 590 877 2242 952">
    <p class='ocr_par' dir='ltr' id='par_1_8' title="bbox 590 877 2242 952">
     <span class='ocr_line' id='line_1_8' title="bbox 590 877 2242 952; baseline 0 -18"><span class='ocrx_word' id='word_1_57' title='bbox 590 898 594 903; x_wconf 49' lang='grc' dir='ltr'>θ</span> <span class='ocrx_word' id='word_1_58' title='bbox 649 881 741 952; x_wconf 86' lang='lat' dir='ltr'><strong><em>qui</em></strong></span> <span class='ocrx_word' id='word_1_59' title='bbox 784 880 936 936; x_wconf 58' lang='lat' dir='ltr'><strong><em>saevit</em></strong></span> <span class='ocrx_word' id='word_1_60' title='bbox 976 880 1029 937; x_wconf 90' lang='lat' dir='ltr'><strong><em>in</em></strong></span> <span class='ocrx_word' id='word_1_61' title='bbox 1072 896 1269 937; x_wconf 89' lang='lat' dir='ltr'><strong><em>nomen</em></strong></span> <span class='ocrx_word' id='word_1_62' title='bbox 1305 895 1504 936; x_wconf 86' lang='lat' dir='ltr'><strong><em>meum.</em></strong></span> <span class='ocrx_word' id='word_1_63' title='bbox 1548 878 1750 935; x_wconf 90' lang='lat' dir='ltr'><strong><em>Erudio</em></strong></span> <span class='ocrx_word' id='word_1_64' title='bbox 1786 877 1868 934; x_wconf 89' lang='lat' dir='ltr'><strong><em>vel</em></strong></span> <span class='ocrx_word' id='word_1_65' title='bbox 1909 877 2114 934; x_wconf 84' lang='lat' dir='ltr'><strong><em>erudivi</em></strong></span> <span class='ocrx_word' id='word_1_66' title='bbox 2142 892 2242 949; x_wconf 88' lang='lat' dir='ltr'><strong><em>per</em></strong></span> 
     </span>
    </p>
   </div>
   <div class='ocr_carea' id='block_1_9' title="bbox 598 967 2244 1053">
    <p class='ocr_par' dir='ltr' id='par_1_9' title="bbox 598 967 2244 1053">
     <span class='ocr_line' id='line_1_9' title="bbox 598 967 2244 1053; baseline -0.001 -25"><span class='ocrx_word' id='word_1_67' title='bbox 598 984 609 1053; x_wconf 53' lang='grc' dir='ltr'>ᾗ</span> <span class='ocrx_word' id='word_1_68' title='bbox 649 986 772 1028; x_wconf 76' lang='lat' dir='ltr'><strong><em>sum</em></strong></span> <span class='ocrx_word' id='word_1_69' title='bbox 799 972 933 1028; x_wconf 86' lang='lat' dir='ltr'><strong><em>alios</em></strong></span> <span class='ocrx_word' id='word_1_70' title='bbox 955 1013 970 1037; x_wconf 95' lang='lat'><strong><em>,</em></strong></span> <span class='ocrx_word' id='word_1_71' title='bbox 994 971 1235 1029; x_wconf 78' lang='lat' dir='ltr'><strong><em>erudiam</em></strong></span> <span class='ocrx_word' id='word_1_72' title='bbox 1281 981 1335 1027; x_wconf 90' lang='lat' dir='ltr'><strong><em>et</em></strong></span> <span class='ocrx_word' id='word_1_73' title='bbox 1364 970 1538 1042; x_wconf 90' lang='lat' dir='ltr'><strong><em>ipsum</em></strong></span> <span class='ocrx_word' id='word_1_74' title='bbox 1581 985 1679 1041; x_wconf 89' lang='lat' dir='ltr'><strong><em>per</em></strong></span> <span class='ocrx_word' id='word_1_75' title='bbox 1714 967 1871 1025; x_wconf 84' lang='lat' dir='ltr'><strong><em>alios.</em></strong></span> <span class='ocrx_word' id='word_1_76' title='bbox 1900 968 2123 1026; x_wconf 86' lang='lat' dir='ltr'><strong><em>Factum</em></strong></span> <span class='ocrx_word' id='word_1_77' title='bbox 2158 978 2244 1026; x_wconf 88' lang='lat' dir='ltr'><strong><em>est</em></strong></span> 
     </span>
    </p>
   </div>
   <div class='ocr_carea' id='block_1_10' title="bbox 605 1059 2243 1134">
    <p class='ocr_par' dir='ltr' id='par_1_10' title="bbox 605 1059 2243 1134">
     <span class='ocr_line' id='line_1_10' title="bbox 605 1059 2243 1134; baseline -0.001 -16"><span class='ocrx_word' id='word_1_78' title='bbox 650 1063 786 1129; x_wconf 80' lang='lat' dir='ltr'><strong><em>hoc,</em></strong></span> <span class='ocrx_word' id='word_1_79' title='bbox 820 1072 876 1120; x_wconf 90' lang='lat' dir='ltr'><strong><em>et</em></strong></span> <span class='ocrx_word' id='word_1_80' title='bbox 914 1064 1159 1118; x_wconf 92' lang='lat' dir='ltr'><strong><em>novimus</em></strong></span> <span class='ocrx_word' id='word_1_81' title='bbox 1202 1069 1398 1134; x_wconf 87' lang='lat' dir='ltr'><strong><em>quanta</em></strong></span> <span class='ocrx_word' id='word_1_82' title='bbox 1449 1061 1766 1118; x_wconf 77' lang='lat' dir='ltr'><strong><em>sustinuerit</em></strong></span> <span class='ocrx_word' id='word_1_83' title='bbox 1803 1059 1994 1118; x_wconf 88' lang='lat' dir='ltr'><strong><em>Saulus</em></strong></span> <span class='ocrx_word' id='word_1_84' title='bbox 2016 1101 2032 1126; x_wconf 96' lang='lat'><strong><em>,</em></strong></span> <span class='ocrx_word' id='word_1_85' title='bbox 2072 1060 2243 1116; x_wconf 87' lang='lat' dir='ltr'><strong><em>multo</em></strong></span> 
     </span>
    </p>
   </div>
   <div class='ocr_carea' id='block_1_11' title="bbox 607 1130 2240 1298">
    <p class='ocr_par' dir='ltr' id='par_1_11' title="bbox 607 1130 2240 1298">
     <span class='ocr_line' id='line_1_11' title="bbox 607 1130 2240 1298; baseline -0.001 -88"><span class='ocrx_word' id='word_1_86' title='bbox 607 1130 626 1298; x_wconf 44' lang='grc' dir='ltr'>ᾗ</span> <span class='ocrx_word' id='word_1_87' title='bbox 647 1155 801 1226; x_wconf 87' lang='lat' dir='ltr'><strong><em>plura</em></strong></span> <span class='ocrx_word' id='word_1_88' title='bbox 827 1170 986 1226; x_wconf 90' lang='lat' dir='ltr'><strong><em>quam</em></strong></span> <span class='ocrx_word' id='word_1_89' title='bbox 1017 1130 1237 1221; x_wconf 72' lang='lat' dir='ltr'><strong><em>fecerat,</em></strong></span> <span class='ocrx_word' id='word_1_90' title='bbox 1263 1154 1415 1226; x_wconf 88' lang='lat' dir='ltr'><strong><em>quasi</em></strong></span> <span class='ocrx_word' id='word_1_91' title='bbox 1456 1168 1650 1210; x_wconf 86' lang='lat' dir='ltr'><strong><em>avarus</em></strong></span> <span class='ocrx_word' id='word_1_92' title='bbox 1674 1162 1892 1209; x_wconf 75' lang='lat' dir='ltr'><strong><em>exactor</em></strong></span> <span class='ocrx_word' id='word_1_93' title='bbox 1915 1166 2037 1209; x_wconf 91' lang='lat' dir='ltr'><strong><em>cum</em></strong></span> <span class='ocrx_word' id='word_1_94' title='bbox 2061 1151 2240 1209; x_wconf 87' lang='lat' dir='ltr'><strong><em>usuris</em></strong></span> 
     </span>
     <span class='ocr_line' id='line_1_12' title="bbox 653 1245 1295 1298; baseline 0 0"><span class='ocrx_word' id='word_1_95' title='bbox 653 1248 857 1298; x_wconf 69' lang='lat' dir='ltr'><strong><em>recepit</em></strong></span> <span class='ocrx_word' id='word_1_96' title='bbox 883 1247 1024 1298; x_wconf 80' lang='lat' dir='ltr'><strong><em>quod</em></strong></span> <span class='ocrx_word' id='word_1_97' title='bbox 1053 1245 1295 1298; x_wconf 89' lang='lat' dir='ltr'><strong><em>dederat.</em></strong></span> 
     </span>
    </p>
   </div>
   <div class='ocr_carea' id='block_1_12' title="bbox 652 1245 1295 1319">
    <p class='ocr_par' dir='ltr' id='par_1_12' title="bbox 652 1245 1295 1319">
     <span class='ocr_line' id='line_1_13' title="bbox 652 1245 1295 1319; baseline -0.006 -15"><span class='ocrx_word' id='word_1_98' title='bbox 652 1248 857 1319; x_wconf 76' lang='lat' dir='ltr'><strong><em>recepit</em></strong></span> <span class='ocrx_word' id='word_1_99' title='bbox 883 1247 1024 1318; x_wconf 88' lang='lat' dir='ltr'><strong><em>quod</em></strong></span> <span class='ocrx_word' id='word_1_100' title='bbox 1053 1245 1295 1302; x_wconf 89' lang='lat' dir='ltr'><strong><em>dederat.</em></strong></span> 
     </span>
    </p>
   </div>
   <div class='ocr_carea' id='block_1_13' title="bbox 718 1336 2239 1411">
    <p class='ocr_par' dir='ltr' id='par_1_13' title="bbox 718 1336 2239 1411">
     <span class='ocr_line' id='line_1_14' title="bbox 718 1336 2239 1411; baseline -0.003 -13"><span class='ocrx_word' id='word_1_101' title='bbox 718 1340 772 1398; x_wconf 76' lang='grc' dir='ltr'><strong>ϐ.</strong></span> <span class='ocrx_word' id='word_1_102' title='bbox 803 1339 912 1397; x_wconf 87' lang='lat' dir='ltr'><strong><em>Sed</em></strong></span> <span class='ocrx_word' id='word_1_103' title='bbox 935 1339 1056 1396; x_wconf 82' lang='lat' dir='ltr'><strong><em>vide</em></strong></span> <span class='ocrx_word' id='word_1_104' title='bbox 1087 1349 1263 1395; x_wconf 90' lang='lat' dir='ltr'><strong><em>utrum</em></strong></span> <span class='ocrx_word' id='word_1_105' title='bbox 1303 1338 1357 1394; x_wconf 92' lang='lat' dir='ltr'><strong><em>in</em></strong></span> <span class='ocrx_word' id='word_1_106' title='bbox 1388 1338 1482 1396; x_wconf 90' lang='lat' dir='ltr'><strong><em>illo</em></strong></span> <span class='ocrx_word' id='word_1_107' title='bbox 1508 1338 1783 1411; x_wconf 80' lang='lat' dir='ltr'><strong><em>impletum</em></strong></span> <span class='ocrx_word' id='word_1_108' title='bbox 1811 1339 1883 1394; x_wconf 90' lang='lat' dir='ltr'><strong><em>sit</em></strong></span> <span class='ocrx_word' id='word_1_109' title='bbox 1908 1336 2052 1410; x_wconf 91' lang='lat' dir='ltr'><strong><em>quod</em></strong></span> <span class='ocrx_word' id='word_1_110' title='bbox 2076 1336 2239 1394; x_wconf 93' lang='lat' dir='ltr'><strong><em>modo</em></strong></span> 
     </span>
    </p>
   </div>
   <div class='ocr_carea' id='block_1_14' title="bbox 648 1431 2238 1505">
    <p class='ocr_par' dir='ltr' id='par_1_14' title="bbox 648 1431 2238 1505">
     <span class='ocr_line' id='line_1_15' title="bbox 648 1431 2238 1505; baseline -0.003 -15"><span class='ocrx_word' id='word_1_111' title='bbox 648 1434 896 1491; x_wconf 83' lang='lat' dir='ltr'><strong><em>Psalmus</em></strong></span> <span class='ocrx_word' id='word_1_112' title='bbox 921 1432 1087 1500; x_wconf 84' lang='lat' dir='ltr'><strong><em>dicit,</em></strong></span> <span class='ocrx_word' id='word_1_113' title='bbox 1112 1433 1392 1504; x_wconf 90' lang='lat' dir='ltr'><strong><em>Conﬁrmat</em></strong></span> <span class='ocrx_word' id='word_1_114' title='bbox 1426 1443 1593 1489; x_wconf 86' lang='lat' dir='ltr'><strong><em>autem</em></strong></span> <span class='ocrx_word' id='word_1_115' title='bbox 1616 1435 1783 1505; x_wconf 85' lang='lat' dir='ltr'><strong><em>justas</em></strong></span> <span class='ocrx_word' id='word_1_116' title='bbox 1814 1433 2081 1489; x_wconf 88' lang='lat' dir='ltr'><strong><em>Dominus.</em></strong></span> <span class='ocrx_word' id='word_1_117' title='bbox 2115 1431 2238 1487; x_wconf 89' lang='lat' dir='ltr'><strong><em>Non</em></strong></span> 
     </span>
    </p>
   </div>
   <div class='ocr_carea' id='block_1_15' title="bbox 645 1522 2234 1595">
    <p class='ocr_par' dir='ltr' id='par_1_15' title="bbox 645 1522 2234 1595">
     <span class='ocr_line' id='line_1_16' title="bbox 645 1522 2234 1595; baseline 0 -16"><span class='ocrx_word' id='word_1_118' title='bbox 645 1524 831 1588; x_wconf 87' lang='lat' dir='ltr'><strong><em>solum,</em></strong></span> <span class='ocrx_word' id='word_1_119' title='bbox 856 1524 1027 1595; x_wconf 88' lang='lat' dir='ltr'><strong>inquit</strong></span> <span class='ocrx_word' id='word_1_120' title='bbox 1049 1522 1189 1581; x_wconf 89' lang='lat' dir='ltr'><strong><em>idem</em></strong></span> <span class='ocrx_word' id='word_1_121' title='bbox 1213 1524 1429 1592; x_wconf 83' lang='lat' dir='ltr'><strong><em>Paulus,</em></strong></span> <span class='ocrx_word' id='word_1_122' title='bbox 1447 1539 1566 1580; x_wconf 91' lang='lat' dir='ltr'><strong><em>cum</em></strong></span> <span class='ocrx_word' id='word_1_123' title='bbox 1589 1525 1753 1580; x_wconf 91' lang='lat' dir='ltr'><strong><em>multa</em></strong></span> <span class='ocrx_word' id='word_1_124' title='bbox 1783 1526 1917 1580; x_wconf 88' lang='lat' dir='ltr'><strong><em>mala</em></strong></span> <span class='ocrx_word' id='word_1_125' title='bbox 1942 1532 2234 1595; x_wconf 88' lang='lat' dir='ltr'><strong><em>pateretur,</em></strong></span> 
     </span>
    </p>
   </div>
   <div class='ocr_carea' id='block_1_16' title="bbox 644 1614 2236 1687">
    <p class='ocr_par' dir='ltr' id='par_1_16' title="bbox 644 1614 2236 1687">
     <span class='ocr_line' id='line_1_17' title="bbox 644 1614 2236 1687; baseline -0.002 -14"><span class='ocrx_word' id='word_1_126' title='bbox 644 1618 736 1673; x_wconf 80' lang='lat' dir='ltr'><strong><em>sed</em></strong></span> <span class='ocrx_word' id='word_1_127' title='bbox 747 1626 793 1672; x_wconf 91' lang='lat' dir='ltr'><strong><em>et</em></strong></span> <span class='ocrx_word' id='word_1_128' title='bbox 811 1617 1089 1687; x_wconf 87' lang='lat' dir='ltr'><strong><em>gloriantur</em></strong></span> <span class='ocrx_word' id='word_1_129' title='bbox 1106 1616 1161 1671; x_wconf 91' lang='lat' dir='ltr'><strong><em>in</em></strong></span> <span class='ocrx_word' id='word_1_130' title='bbox 1184 1614 1606 1684; x_wconf 78' lang='lat' dir='ltr'><strong><em>tribulationibus,</em></strong></span> <span class='ocrx_word' id='word_1_131' title='bbox 1619 1617 1826 1672; x_wconf 71' lang='lat' dir='ltr'><strong><em>scientes</em></strong></span> <span class='ocrx_word' id='word_1_132' title='bbox 1845 1618 1962 1687; x_wconf 86' lang='lat' dir='ltr'><strong><em>quia</em></strong></span> <span class='ocrx_word' id='word_1_133' title='bbox 1980 1616 2236 1671; x_wconf 81' lang='lat' dir='ltr'><strong><em>tribulatio</em></strong></span> 
     </span>
    </p>
   </div>
   <div class='ocr_carea' id='block_1_17' title="bbox 645 1709 2234 1782">
    <p class='ocr_par' dir='ltr' id='par_1_17' title="bbox 645 1709 2234 1782">
     <span class='ocr_line' id='line_1_18' title="bbox 645 1709 2234 1782; baseline 0 -18"><span class='ocrx_word' id='word_1_134' title='bbox 645 1711 942 1782; x_wconf 78' lang='lat' dir='ltr'><strong><em>patientiam</em></strong></span> <span class='ocrx_word' id='word_1_135' title='bbox 981 1716 1254 1776; x_wconf 59' lang='lat' dir='ltr'><strong><em>aﬁratur,</em></strong></span> <span class='ocrx_word' id='word_1_136' title='bbox 1284 1710 1524 1781; x_wconf 83' lang='lat' dir='ltr'><strong><em>patientia</em></strong></span> <span class='ocrx_word' id='word_1_137' title='bbox 1583 1710 1927 1781; x_wconf 80' lang='lat' dir='ltr'><strong><em>probationem</em></strong></span> <span class='ocrx_word' id='word_1_138' title='bbox 1956 1750 1968 1771; x_wconf 91' lang='lat'><strong><em>,</em></strong></span> <span class='ocrx_word' id='word_1_139' title='bbox 2004 1709 2234 1780; x_wconf 82' lang='lat' dir='ltr'><strong><em>probatio</em></strong></span> 
     </span>
    </p>
   </div>
   <div class='ocr_carea' id='block_1_18' title="bbox 642 1799 2236 1876">
    <p class='ocr_par' dir='ltr' id='par_1_18' title="bbox 642 1799 2236 1876">
     <span class='ocr_line' id='line_1_19' title="bbox 642 1799 2236 1876; baseline -0.001 -17"><span class='ocrx_word' id='word_1_140' title='bbox 642 1820 803 1875; x_wconf 84' lang='lat' dir='ltr'><strong><em>spem,</em></strong></span> <span class='ocrx_word' id='word_1_141' title='bbox 832 1819 947 1873; x_wconf 87' lang='lat' dir='ltr'><strong><em>spes</em></strong></span> <span class='ocrx_word' id='word_1_142' title='bbox 958 1812 1124 1857; x_wconf 86' lang='lat' dir='ltr'><strong><em>autent</em></strong></span> <span class='ocrx_word' id='word_1_143' title='bbox 1140 1820 1241 1858; x_wconf 88' lang='lat' dir='ltr'><strong><em>non</em></strong></span> <span class='ocrx_word' id='word_1_144' title='bbox 1257 1805 1542 1876; x_wconf 82' lang='lat' dir='ltr'><strong><em>confundit,</em></strong></span> <span class='ocrx_word' id='word_1_145' title='bbox 1560 1805 1676 1874; x_wconf 85' lang='lat' dir='ltr'><strong><em>quia</em></strong></span> <span class='ocrx_word' id='word_1_146' title='bbox 1692 1802 1914 1858; x_wconf 88' lang='lat' dir='ltr'><strong><em>charitas</em></strong></span> <span class='ocrx_word' id='word_1_147' title='bbox 1933 1800 2026 1856; x_wconf 84' lang='lat' dir='ltr'><strong><em>Dei</em></strong></span> <span class='ocrx_word' id='word_1_148' title='bbox 2045 1799 2236 1869; x_wconf 73' lang='lat' dir='ltr'><strong><em>di/fusa</em></strong></span> 
     </span>
    </p>
   </div>
   <div class='ocr_carea' id='block_1_19' title="bbox 640 1895 2235 1967">
    <p class='ocr_par' dir='ltr' id='par_1_19' title="bbox 640 1895 2235 1967">
     <span class='ocr_line' id='line_1_20' title="bbox 640 1895 2235 1967; baseline 0.001 -17"><span class='ocrx_word' id='word_1_149' title='bbox 640 1896 779 1951; x_wconf 82' lang='lat' dir='ltr'><strong><em>estin</em></strong></span> <span class='ocrx_word' id='word_1_150' title='bbox 794 1895 1027 1951; x_wconf 88' lang='lat' dir='ltr'><strong><em>cordibus</em></strong></span> <span class='ocrx_word' id='word_1_151' title='bbox 1042 1897 1227 1951; x_wconf 87' lang='lat' dir='ltr'><strong><em>nostris</em></strong></span> <span class='ocrx_word' id='word_1_152' title='bbox 1246 1913 1333 1966; x_wconf 85' lang='lat' dir='ltr'><strong><em>per</em></strong></span> <span class='ocrx_word' id='word_1_153' title='bbox 1347 1896 1597 1967; x_wconf 81' lang='lat' dir='ltr'><strong><em>Spiritum</em></strong></span> <span class='ocrx_word' id='word_1_154' title='bbox 1618 1906 1867 1957; x_wconf 87' lang='lat' dir='ltr'><strong><em>sanctum,</em></strong></span> <span class='ocrx_word' id='word_1_155' title='bbox 1886 1895 1972 1967; x_wconf 87' lang='lat' dir='ltr'><strong><em>qui</em></strong></span> <span class='ocrx_word' id='word_1_156' title='bbox 1994 1895 2142 1949; x_wconf 88' lang='lat' dir='ltr'><strong><em>datus</em></strong></span> <span class='ocrx_word' id='word_1_157' title='bbox 2160 1904 2235 1951; x_wconf 81' lang='lat' dir='ltr'><strong><em>est</em></strong></span> 
     </span>
    </p>
   </div>
   <div class='ocr_carea' id='block_1_20' title="bbox 639 1985 2235 2059">
    <p class='ocr_par' dir='ltr' id='par_1_20' title="bbox 639 1985 2235 2059">
     <span class='ocr_line' id='line_1_21' title="bbox 639 1985 2235 2059; baseline 0.001 -18"><span class='ocrx_word' id='word_1_158' title='bbox 639 1988 784 2041; x_wconf 83' lang='lat' dir='ltr'><strong><em>nobis</em></strong></span> <span class='ocrx_word' id='word_1_159' title='bbox 815 1988 991 2057; x_wconf 85' lang='lat' dir='ltr'><strong><em>(Rom.</em></strong></span> <span class='ocrx_word' id='word_1_160' title='bbox 1012 2003 1063 2052; x_wconf 87' lang='lat' dir='ltr'><strong><em>v,</em></strong></span> <span class='ocrx_word' id='word_1_161' title='bbox 1094 1987 1234 2059; x_wconf 78' lang='lat'><strong><em>3-5).</em></strong></span> <span class='ocrx_word' id='word_1_162' title='bbox 1261 1988 1422 2051; x_wconf 85' lang='lat' dir='ltr'><strong><em>Bene;</em></strong></span> <span class='ocrx_word' id='word_1_163' title='bbox 1449 1985 1602 2058; x_wconf 82' lang='lat' dir='ltr'><strong><em>plane</em></strong></span> <span class='ocrx_word' id='word_1_164' title='bbox 1625 1986 1732 2057; x_wconf 84' lang='lat' dir='ltr'><strong><em>jam</em></strong></span> <span class='ocrx_word' id='word_1_165' title='bbox 1754 1986 1953 2058; x_wconf 88' lang='lat' dir='ltr'><strong><em>justus,</em></strong></span> <span class='ocrx_word' id='word_1_166' title='bbox 1968 1988 2077 2055; x_wconf 82' lang='lat' dir='ltr'><strong><em>jam</em></strong></span> <span class='ocrx_word' id='word_1_167' title='bbox 2105 2001 2235 2043; x_wconf 85' lang='lat' dir='ltr'><strong><em>con-</em></strong></span> 
     </span>
    </p>
   </div>
   <div class='ocr_carea' id='block_1_21' title="bbox 639 2078 2231 2151">
    <p class='ocr_par' dir='ltr' id='par_1_21' title="bbox 639 2078 2231 2151">
     <span class='ocr_line' id='line_1_22' title="bbox 639 2078 2231 2151; baseline 0.001 -17"><span class='ocrx_word' id='word_1_168' title='bbox 639 2081 902 2135; x_wconf 76' lang='lat' dir='ltr'><strong><em>ﬁrmatus.</em></strong></span> <span class='ocrx_word' id='word_1_169' title='bbox 934 2078 1215 2146; x_wconf 86' lang='lat' dir='ltr'><strong><em>Quomodo</em></strong></span> <span class='ocrx_word' id='word_1_170' title='bbox 1235 2094 1362 2151; x_wconf 79' lang='lat' dir='ltr'><strong><em>ergo</em></strong></span> <span class='ocrx_word' id='word_1_171' title='bbox 1383 2080 1468 2135; x_wconf 89' lang='lat' dir='ltr'><strong><em>isti</em></strong></span> <span class='ocrx_word' id='word_1_172' title='bbox 1495 2081 1604 2150; x_wconf 87' lang='lat' dir='ltr'><strong><em>jam</em></strong></span> <span class='ocrx_word' id='word_1_173' title='bbox 1631 2081 1946 2135; x_wconf 77' lang='lat' dir='ltr'><strong><em>confirmato</em></strong></span> <span class='ocrx_word' id='word_1_174' title='bbox 1972 2080 2104 2136; x_wconf 85' lang='lat' dir='ltr'><strong><em>nihil</em></strong></span> <span class='ocrx_word' id='word_1_175' title='bbox 2131 2094 2231 2135; x_wconf 88' lang='lat' dir='ltr'><strong><em>no-</em></strong></span> 
     </span>
    </p>
   </div>
   <div class='ocr_carea' id='block_1_22' title="bbox 636 2170 2232 2243">
    <p class='ocr_par' dir='ltr' id='par_1_22' title="bbox 636 2170 2232 2243">
     <span class='ocr_line' id='line_1_23' title="bbox 636 2170 2232 2243; baseline 0.001 -16"><span class='ocrx_word' id='word_1_176' title='bbox 636 2170 834 2227; x_wconf 86' lang='lat' dir='ltr'><strong><em>cebant</em></strong></span> <span class='ocrx_word' id='word_1_177' title='bbox 858 2173 945 2242; x_wconf 89' lang='lat' dir='ltr'><strong><em>qui</em></strong></span> <span class='ocrx_word' id='word_1_178' title='bbox 974 2173 1121 2227; x_wconf 88' lang='lat' dir='ltr'><strong><em>illum</em></strong></span> <span class='ocrx_word' id='word_1_179' title='bbox 1152 2172 1567 2238; x_wconf 72' lang='lat' dir='ltr'><strong><em>insectabantur,</em></strong></span> <span class='ocrx_word' id='word_1_180' title='bbox 1596 2172 1672 2227; x_wconf 88' lang='lat' dir='ltr'><strong><em>sic</em></strong></span> <span class='ocrx_word' id='word_1_181' title='bbox 1701 2187 1800 2226; x_wconf 90' lang='lat' dir='ltr'><strong><em>nec</em></strong></span> <span class='ocrx_word' id='word_1_182' title='bbox 1830 2172 1943 2241; x_wconf 88' lang='lat' dir='ltr'><strong><em>ipse</em></strong></span> <span class='ocrx_word' id='word_1_183' title='bbox 1969 2171 2072 2227; x_wconf 90' lang='lat' dir='ltr'><strong><em>illis</em></strong></span> <span class='ocrx_word' id='word_1_184' title='bbox 2098 2185 2232 2243; x_wconf 86' lang='lat' dir='ltr'><strong><em>quos</em></strong></span> 
     </span>
    </p>
   </div>
   <div class='ocr_carea' id='block_1_23' title="bbox 638 2262 2230 2336">
    <p class='ocr_par' dir='ltr' id='par_1_23' title="bbox 638 2262 2230 2336">
     <span class='ocr_line' id='line_1_24' title="bbox 638 2262 2230 2336; baseline 0 -17"><span class='ocrx_word' id='word_1_185' title='bbox 638 2264 1081 2335; x_wconf 89' lang='lat' dir='ltr'><strong><em>persequebatur.</em></strong></span> <span class='ocrx_word' id='word_1_186' title='bbox 1129 2262 1410 2333; x_wconf 89' lang='lat' dir='ltr'><strong><em>Conﬁrmat</em></strong></span> <span class='ocrx_word' id='word_1_187' title='bbox 1454 2274 1654 2328; x_wconf 84' lang='lat' dir='ltr'><strong><em>autent,</em></strong></span> <span class='ocrx_word' id='word_1_188' title='bbox 1697 2264 1901 2336; x_wconf 84' lang='lat' dir='ltr'><strong><em>inquit,</em></strong></span> <span class='ocrx_word' id='word_1_189' title='bbox 1922 2266 2094 2336; x_wconf 87' lang='lat' dir='ltr'><strong><em>justas</em></strong></span> <span class='ocrx_word' id='word_1_190' title='bbox 2118 2264 2230 2319; x_wconf 83' lang='lat' dir='ltr'><strong><em>Do-</em></strong></span> 
     </span>
    </p>
   </div>
   <div class='ocr_carea' id='block_1_24' title="bbox 638 2355 2229 2426">
    <p class='ocr_par' dir='ltr' id='par_1_24' title="bbox 638 2355 2229 2426">
     <span class='ocr_line' id='line_1_25' title="bbox 638 2355 2229 2426; baseline 0.001 -15"><span class='ocrx_word' id='word_1_191' title='bbox 638 2357 827 2411; x_wconf 83' lang='lat' dir='ltr'><strong><em>minus.</em></strong></span> <span class='ocrx_word' id='word_1_192' title='bbox 866 2355 1002 2410; x_wconf 83' lang='lat' dir='ltr'><strong><em>Audi</em></strong></span> <span class='ocrx_word' id='word_1_193' title='bbox 1032 2356 1163 2411; x_wconf 86' lang='lat' dir='ltr'><strong><em>alias</em></strong></span> <span class='ocrx_word' id='word_1_194' title='bbox 1188 2371 1349 2412; x_wconf 89' lang='lat' dir='ltr'><strong><em>voces</em></strong></span> <span class='ocrx_word' id='word_1_195' title='bbox 1375 2356 1675 2411; x_wconf 78' lang='lat' dir='ltr'><strong><em>eoniirinali</em></strong></span> <span class='ocrx_word' id='word_1_196' title='bbox 1697 2356 1845 2426; x_wconf 88' lang='lat' dir='ltr'><strong><em>justi,</em></strong></span> <span class='ocrx_word' id='word_1_197' title='bbox 1880 2355 2006 2424; x_wconf 83' lang='lat' dir='ltr'><strong><em>Quis</em></strong></span> <span class='ocrx_word' id='word_1_198' title='bbox 2031 2372 2123 2412; x_wconf 89' lang='lat' dir='ltr'><strong><em>nos</em></strong></span> <span class='ocrx_word' id='word_1_199' title='bbox 2146 2373 2229 2412; x_wconf 88' lang='lat' dir='ltr'><strong><em>se-</em></strong></span> 
     </span>
    </p>
   </div>
   <div class='ocr_carea' id='block_1_25' title="bbox 638 2445 2229 2519">
    <p class='ocr_par' dir='ltr' id='par_1_25' title="bbox 638 2445 2229 2519">
     <span class='ocr_line' id='line_1_26' title="bbox 638 2445 2229 2519; baseline 0.001 -18"><span class='ocrx_word' id='word_1_200' title='bbox 638 2446 839 2519; x_wconf 81' lang='lat' dir='ltr'><strong><em>parabit</em></strong></span> <span class='ocrx_word' id='word_1_201' title='bbox 858 2463 890 2501; x_wconf 89' lang='lat' dir='ltr'><strong><em>a</em></strong></span> <span class='ocrx_word' id='word_1_202' title='bbox 918 2448 1167 2503; x_wconf 86' lang='lat' dir='ltr'><strong><em>charitatc</em></strong></span> <span class='ocrx_word' id='word_1_203' title='bbox 1189 2446 1417 2502; x_wconf 78' lang='lat' dir='ltr'><strong><em>Christi?</em></strong></span> <span class='ocrx_word' id='word_1_204' title='bbox 1444 2445 1745 2517; x_wconf 85' lang='lat' dir='ltr'><strong><em>Tribulatia,</em></strong></span> <span class='ocrx_word' id='word_1_205' title='bbox 1773 2464 1840 2502; x_wconf 90' lang='lat' dir='ltr'><strong><em>an</em></strong></span> <span class='ocrx_word' id='word_1_206' title='bbox 1867 2449 2103 2518; x_wconf 87' lang='lat' dir='ltr'><strong><em>angustia</em></strong></span> <span class='ocrx_word' id='word_1_207' title='bbox 2121 2488 2137 2514; x_wconf 96' lang='lat'><strong><em>,</em></strong></span> <span class='ocrx_word' id='word_1_208' title='bbox 2161 2464 2229 2502; x_wconf 85' lang='lat' dir='ltr'><strong><em>an</em></strong></span> 
     </span>
    </p>
   </div>
   <div class='ocr_carea' id='block_1_26' title="bbox 637 2537 2229 2612">
    <p class='ocr_par' dir='ltr' id='par_1_26' title="bbox 637 2537 2229 2612">
     <span class='ocr_line' id='line_1_27' title="bbox 637 2537 2229 2612; baseline 0.002 -20"><span class='ocrx_word' id='word_1_209' title='bbox 637 2539 801 2609; x_wconf 72' lang='lat' dir='ltr'><strong><em>{ames</em></strong></span> <span class='ocrx_word' id='word_1_210' title='bbox 825 2579 840 2602; x_wconf 90' lang='lat'><strong><em>,</em></strong></span> <span class='ocrx_word' id='word_1_211' title='bbox 857 2555 926 2593; x_wconf 88' lang='lat' dir='ltr'><strong><em>an</em></strong></span> <span class='ocrx_word' id='word_1_212' title='bbox 965 2539 1201 2607; x_wconf 83' lang='lat' dir='ltr'><strong><em>auditas,</em></strong></span> <span class='ocrx_word' id='word_1_213' title='bbox 1227 2556 1293 2594; x_wconf 90' lang='lat' dir='ltr'><strong><em>an</em></strong></span> <span class='ocrx_word' id='word_1_214' title='bbox 1339 2541 1616 2611; x_wconf 87' lang='lat' dir='ltr'><strong><em>persecutia</em></strong></span> <span class='ocrx_word' id='word_1_215' title='bbox 1644 2537 1753 2611; x_wconf 85' lang='lat' dir='ltr'><strong><em>(Id.</em></strong></span> <span class='ocrx_word' id='word_1_216' title='bbox 1778 2555 1872 2595; x_wconf 76' lang='lat' dir='ltr'><strong><em>vni</em></strong></span> <span class='ocrx_word' id='word_1_217' title='bbox 1891 2579 1906 2605; x_wconf 90' lang='lat'><strong><em>,</em></strong></span> <span class='ocrx_word' id='word_1_218' title='bbox 1937 2539 2053 2612; x_wconf 78' lang='lat'><strong><em>&#39;55).</em></strong></span> <span class='ocrx_word' id='word_1_219' title='bbox 2081 2539 2229 2607; x_wconf 89' lang='lat' dir='ltr'><strong><em>Quo-</em></strong></span> 
     </span>
    </p>
   </div>
   <div class='ocr_carea' id='block_1_27' title="bbox 637 2631 2230 2705">
    <p class='ocr_par' dir='ltr' id='par_1_27' title="bbox 637 2631 2230 2705">
     <span class='ocr_line' id='line_1_28' title="bbox 637 2631 2230 2705; baseline 0.003 -19"><span class='ocrx_word' id='word_1_220' title='bbox 637 2631 803 2687; x_wconf 83' lang='lat' dir='ltr'><strong><em>modo</em></strong></span> <span class='ocrx_word' id='word_1_221' title='bbox 844 2631 1118 2697; x_wconf 64' lang='lat' dir='ltr'><strong><em>ha‘rebat,</em></strong></span> <span class='ocrx_word' id='word_1_222' title='bbox 1147 2633 1237 2703; x_wconf 85' lang='lat' dir='ltr'><strong>qui</strong></span> <span class='ocrx_word' id='word_1_223' title='bbox 1264 2632 1425 2689; x_wconf 87' lang='lat' dir='ltr'><strong><em>rebus</em></strong></span> <span class='ocrx_word' id='word_1_224' title='bbox 1465 2633 1657 2689; x_wconf 85' lang='lat' dir='ltr'><strong><em>talibus</em></strong></span> <span class='ocrx_word' id='word_1_225' title='bbox 1698 2647 1801 2689; x_wconf 91' lang='lat' dir='ltr'><strong><em>non</em></strong></span> <span class='ocrx_word' id='word_1_226' title='bbox 1841 2634 2230 2705; x_wconf 79' lang='lat' dir='ltr'><strong><em>separabatur?</em></strong></span> 
     </span>
    </p>
   </div>
   <div class='ocr_carea' id='block_1_28' title="bbox 634 2718 2228 2796">
    <p class='ocr_par' dir='ltr' id='par_1_28' title="bbox 634 2718 2228 2796">
     <span class='ocr_line' id='line_1_29' title="bbox 634 2718 2228 2796; baseline 0.003 -20"><span class='ocrx_word' id='word_1_227' title='bbox 634 2718 916 2791; x_wconf 87' lang='lat' dir='ltr'><strong><em>Conﬁrmat</em></strong></span> <span class='ocrx_word' id='word_1_228' title='bbox 954 2732 1120 2777; x_wconf 88' lang='lat' dir='ltr'><strong><em>autem</em></strong></span> <span class='ocrx_word' id='word_1_229' title='bbox 1149 2723 1323 2795; x_wconf 84' lang='lat' dir='ltr'><strong><em>justas</em></strong></span> <span class='ocrx_word' id='word_1_230' title='bbox 1369 2722 1639 2778; x_wconf 86' lang='lat' dir='ltr'><strong><em>Dominus.</em></strong></span> <span class='ocrx_word' id='word_1_231' title='bbox 1674 2724 2069 2779; x_wconf 88' lang='lat' dir='ltr'><strong><em>Dcsccnderant</em></strong></span> <span class='ocrx_word' id='word_1_232' title='bbox 2106 2725 2228 2796; x_wconf 89' lang='lat' dir='ltr'><strong><em>qui-</em></strong></span> 
     </span>
    </p>
   </div>
   <div class='ocr_carea' id='block_1_29' title="bbox 634 2811 2228 2887">
    <p class='ocr_par' dir='ltr' id='par_1_29' title="bbox 634 2811 2228 2887">
     <span class='ocr_line' id='line_1_30' title="bbox 634 2811 2228 2887; baseline 0.003 -21"><span class='ocrx_word' id='word_1_233' title='bbox 634 2811 760 2867; x_wconf 88' lang='lat' dir='ltr'><strong><em>dam</em></strong></span> <span class='ocrx_word' id='word_1_234' title='bbox 785 2814 1059 2885; x_wconf 75' lang='lat' dir='ltr'><strong><em>propheta:</em></strong></span> <span class='ocrx_word' id='word_1_235' title='bbox 1088 2813 1156 2870; x_wconf 91' lang='lat' dir='ltr'><strong><em>de</em></strong></span> <span class='ocrx_word' id='word_1_236' title='bbox 1178 2811 1533 2887; x_wconf 79' lang='lat' dir='ltr'><strong><em>Jerosolyma,</em></strong></span> <span class='ocrx_word' id='word_1_237' title='bbox 1564 2824 1619 2872; x_wconf 90' lang='lat' dir='ltr'><strong><em>et</em></strong></span> <span class='ocrx_word' id='word_1_238' title='bbox 1645 2816 1844 2885; x_wconf 87' lang='lat' dir='ltr'><strong><em>impleti</em></strong></span> <span class='ocrx_word' id='word_1_239' title='bbox 1876 2815 2073 2885; x_wconf 86' lang='lat' dir='ltr'><strong><em>Spiritu</em></strong></span> <span class='ocrx_word' id='word_1_240' title='bbox 2101 2831 2228 2872; x_wconf 85' lang='lat' dir='ltr'><strong><em>san-</em></strong></span> 
     </span>
    </p>
   </div>
   <div class='ocr_carea' id='block_1_30' title="bbox 633 2903 2228 2978">
    <p class='ocr_par' dir='ltr' id='par_1_30' title="bbox 633 2903 2228 2978">
     <span class='ocr_line' id='line_1_31' title="bbox 633 2903 2228 2978; baseline 0.004 -21"><span class='ocrx_word' id='word_1_241' title='bbox 633 2911 724 2958; x_wconf 88' lang='lat' dir='ltr'><strong><em>cto</em></strong></span> <span class='ocrx_word' id='word_1_242' title='bbox 752 2903 1204 2975; x_wconf 67' lang='lat' dir='ltr'><strong><em>prophetaverunt</em></strong></span> <span class='ocrx_word' id='word_1_243' title='bbox 1222 2905 1397 2964; x_wconf 89' lang='lat' dir='ltr'><strong><em>eidem</em></strong></span> <span class='ocrx_word' id='word_1_244' title='bbox 1424 2906 1589 2962; x_wconf 86' lang='lat' dir='ltr'><strong><em>Paulo</em></strong></span> <span class='ocrx_word' id='word_1_245' title='bbox 1614 2907 1753 2977; x_wconf 88' lang='lat' dir='ltr'><strong><em>quod</em></strong></span> <span class='ocrx_word' id='word_1_246' title='bbox 1779 2908 1946 2962; x_wconf 89' lang='lat' dir='ltr'><strong><em>multa</em></strong></span> <span class='ocrx_word' id='word_1_247' title='bbox 1974 2922 2228 2978; x_wconf 87' lang='lat' dir='ltr'><strong><em>passurus</em></strong></span> 
     </span>
    </p>
   </div>
   <div class='ocr_carea' id='block_1_31' title="bbox 631 2995 2227 3070">
    <p class='ocr_par' dir='ltr' id='par_1_31' title="bbox 631 2995 2227 3070">
     <span class='ocr_line' id='line_1_32' title="bbox 631 2995 2227 3070; baseline 0.002 -19"><span class='ocrx_word' id='word_1_248' title='bbox 631 3004 779 3052; x_wconf 81' lang='lat' dir='ltr'><strong><em>esset</em></strong></span> <span class='ocrx_word' id='word_1_249' title='bbox 828 2995 883 3051; x_wconf 91' lang='lat' dir='ltr'><strong><em>in</em></strong></span> <span class='ocrx_word' id='word_1_250' title='bbox 926 2996 1220 3053; x_wconf 79' lang='lat' dir='ltr'><strong><em>Jerusalem</em></strong></span> <span class='ocrx_word' id='word_1_251' title='bbox 1266 2997 1382 3053; x_wconf 87' lang='lat' dir='ltr'><strong><em>:ita</em></strong></span> <span class='ocrx_word' id='word_1_252' title='bbox 1406 3006 1466 3054; x_wconf 93' lang='lat' dir='ltr'><strong><em>ut</em></strong></span> <span class='ocrx_word' id='word_1_253' title='bbox 1507 2996 1721 3069; x_wconf 87' lang='lat' dir='ltr'><strong><em>quidam</em></strong></span> <span class='ocrx_word' id='word_1_254' title='bbox 1762 3013 1985 3066; x_wconf 89' lang='lat' dir='ltr'><strong><em>eorum,</em></strong></span> <span class='ocrx_word' id='word_1_255' title='bbox 2014 2998 2227 3070; x_wconf 82' lang='lat' dir='ltr'><strong><em>Agabus</em></strong></span> 
     </span>
    </p>
   </div>
   <div class='ocr_carea' id='block_1_32' title="bbox 631 3087 2225 3165">
    <p class='ocr_par' dir='ltr' id='par_1_32' title="bbox 631 3087 2225 3165">
     <span class='ocr_line' id='line_1_33' title="bbox 631 3087 2225 3165; baseline 0.002 -23"><span class='ocrx_word' id='word_1_256' title='bbox 631 3087 880 3150; x_wconf 86' lang='lat' dir='ltr'><strong><em>nomine,</em></strong></span> <span class='ocrx_word' id='word_1_257' title='bbox 910 3088 1084 3145; x_wconf 87' lang='lat' dir='ltr'><strong><em>soluta</em></strong></span> <span class='ocrx_word' id='word_1_258' title='bbox 1117 3102 1252 3144; x_wconf 82' lang='lat' dir='ltr'><strong><em>zona</em></strong></span> <span class='ocrx_word' id='word_1_259' title='bbox 1278 3088 1531 3165; x_wconf 79' lang='lat' dir='ltr'><strong><em>alligaret</em></strong></span> <span class='ocrx_word' id='word_1_260' title='bbox 1551 3105 1630 3155; x_wconf 88' lang='lat' dir='ltr'><strong><em>se,</em></strong></span> <span class='ocrx_word' id='word_1_261' title='bbox 1661 3089 2107 3160; x_wconf 86' lang='lat' dir='ltr'><strong><em>quemadmodum</em></strong></span> <span class='ocrx_word' id='word_1_262' title='bbox 2134 3103 2225 3145; x_wconf 88' lang='lat' dir='ltr'><strong><em>so-</em></strong></span> 
     </span>
    </p>
   </div>
   <div class='ocr_carea' id='block_1_33' title="bbox 631 3176 2229 3246">
    <p class='ocr_par' dir='ltr' id='par_1_33' title="bbox 631 3176 2229 3246">
     <span class='ocr_line' id='line_1_34' title="bbox 631 3176 2229 3246; baseline 0.004 -13"><span class='ocrx_word' id='word_1_263' title='bbox 631 3176 709 3233; x_wconf 89' lang='lat' dir='ltr'><strong><em>let</em></strong></span> <span class='ocrx_word' id='word_1_264' title='bbox 740 3177 854 3234; x_wconf 84' lang='lat' dir='ltr'><strong><em>tieri</em></strong></span> <span class='ocrx_word' id='word_1_265' title='bbox 880 3220 895 3246; x_wconf 93' lang='lat'><strong><em>,</em></strong></span> <span class='ocrx_word' id='word_1_266' title='bbox 927 3187 986 3233; x_wconf 92' lang='lat' dir='ltr'><strong><em>ut</em></strong></span> <span class='ocrx_word' id='word_1_267' title='bbox 1023 3179 1108 3236; x_wconf 88' lang='lat' dir='ltr'><strong><em>his</em></strong></span> <span class='ocrx_word' id='word_1_268' title='bbox 1159 3179 1371 3236; x_wconf 89' lang='lat' dir='ltr'><strong><em>indiciis</em></strong></span> <span class='ocrx_word' id='word_1_269' title='bbox 1396 3196 1574 3236; x_wconf 90' lang='lat' dir='ltr'><strong><em>rerum</em></strong></span> <span class='ocrx_word' id='word_1_270' title='bbox 1618 3183 1791 3237; x_wconf 82' lang='lat' dir='ltr'><strong><em>futura</em></strong></span> <span class='ocrx_word' id='word_1_271' title='bbox 1830 3182 2229 3241; x_wconf 84' lang='lat' dir='ltr'><strong><em>demonstraret</em></strong></span> 
     </span>
    </p>
   </div>
   <div class='ocr_carea' id='block_1_34' title="bbox 630 3269 2230 3349">
    <p class='ocr_par' dir='ltr' id='par_1_34' title="bbox 630 3269 2230 3349">
     <span class='ocr_line' id='line_1_35' title="bbox 630 3269 2230 3349; baseline 0.006 -25"><span class='ocrx_word' id='word_1_272' title='bbox 630 3269 914 3341; x_wconf 85' lang='lat' dir='ltr'><strong><em>propheta,</em></strong></span> <span class='ocrx_word' id='word_1_273' title='bbox 943 3271 1130 3327; x_wconf 82' lang='lat' dir='ltr'><strong><em>dicens</em></strong></span> <span class='ocrx_word' id='word_1_274' title='bbox 1154 3289 1167 3327; x_wconf 90' lang='lat'>:</span> <span class='ocrx_word' id='word_1_275' title='bbox 1199 3271 1348 3328; x_wconf 85' lang='lat' dir='ltr'><strong><em>Sicut</em></strong></span> <span class='ocrx_word' id='word_1_276' title='bbox 1372 3274 1638 3346; x_wconf 87' lang='lat' dir='ltr'><strong><em>alligatum</em></strong></span> <span class='ocrx_word' id='word_1_277' title='bbox 1661 3292 1740 3330; x_wconf 89' lang='lat' dir='ltr'><strong><em>me</em></strong></span> <span class='ocrx_word' id='word_1_278' title='bbox 1759 3274 1959 3342; x_wconf 84' lang='lat' dir='ltr'><strong><em>videtis,</em></strong></span> <span class='ocrx_word' id='word_1_279' title='bbox 1979 3274 2052 3331; x_wconf 78' lang='lat' dir='ltr'><strong><em>sic</em></strong></span> <span class='ocrx_word' id='word_1_280' title='bbox 2075 3293 2230 3349; x_wconf 84' lang='lat' dir='ltr'><strong><em>opor-</em></strong></span> 
     </span>
    </p>
   </div>
   <div class='ocr_carea' id='block_1_35' title="bbox 633 3363 2230 3437">
    <p class='ocr_par' dir='ltr' id='par_1_35' title="bbox 633 3363 2230 3437">
     <span class='ocr_line' id='line_1_36' title="bbox 633 3363 2230 3437; baseline 0.006 -21"><span class='ocrx_word' id='word_1_281' title='bbox 633 3369 701 3416; x_wconf 83' lang='lat' dir='ltr'><strong><em>tet</em></strong></span> <span class='ocrx_word' id='word_1_282' title='bbox 724 3363 929 3435; x_wconf 84' lang='lat' dir='ltr'><strong><em>alligari</em></strong></span> <span class='ocrx_word' id='word_1_283' title='bbox 954 3363 1206 3417; x_wconf 81' lang='lat' dir='ltr'><strong><em>hominem</em></strong></span> <span class='ocrx_word' id='word_1_284' title='bbox 1236 3363 1368 3419; x_wconf 86' lang='lat' dir='ltr'><strong><em>hunc</em></strong></span> <span class='ocrx_word' id='word_1_285' title='bbox 1404 3364 1458 3420; x_wconf 90' lang='lat' dir='ltr'><strong><em>in</em></strong></span> <span class='ocrx_word' id='word_1_286' title='bbox 1492 3363 1847 3437; x_wconf 82' lang='lat' dir='ltr'><strong><em>Jerosalymis.</em></strong></span> <span class='ocrx_word' id='word_1_287' title='bbox 1878 3366 2097 3424; x_wconf 84' lang='lat' dir='ltr'><strong><em>Fratres</em></strong></span> <span class='ocrx_word' id='word_1_288' title='bbox 2134 3384 2230 3425; x_wconf 85' lang='lat' dir='ltr'><strong><em>au-</em></strong></span> 
     </span>
    </p>
   </div>
   <div class='ocr_carea' id='block_1_36' title="bbox 633 3456 2228 3531">
    <p class='ocr_par' dir='ltr' id='par_1_36' title="bbox 633 3456 2228 3531">
     <span class='ocr_line' id='line_1_37' title="bbox 633 3456 2228 3531; baseline 0.007 -21"><span class='ocrx_word' id='word_1_289' title='bbox 633 3462 744 3510; x_wconf 90' lang='lat' dir='ltr'><strong><em>tem</em></strong></span> <span class='ocrx_word' id='word_1_290' title='bbox 793 3469 1055 3525; x_wconf 87' lang='lat' dir='ltr'><strong><em>responso</em></strong></span> <span class='ocrx_word' id='word_1_291' title='bbox 1093 3456 1420 3513; x_wconf 90' lang='lat' dir='ltr'><strong><em>admonitum</em></strong></span> <span class='ocrx_word' id='word_1_292' title='bbox 1450 3457 1671 3514; x_wconf 88' lang='lat' dir='ltr'><strong><em>Saulum</em></strong></span> <span class='ocrx_word' id='word_1_293' title='bbox 1698 3502 1711 3525; x_wconf 95' lang='lat'><strong><em>,</em></strong></span> <span class='ocrx_word' id='word_1_294' title='bbox 1731 3461 1841 3531; x_wconf 89' lang='lat' dir='ltr'><strong><em>jam</em></strong></span> <span class='ocrx_word' id='word_1_295' title='bbox 1869 3460 2090 3517; x_wconf 90' lang='lat' dir='ltr'><strong><em>Paulum</em></strong></span> <span class='ocrx_word' id='word_1_296' title='bbox 2112 3502 2127 3528; x_wconf 91' lang='lat'><strong><em>,</em></strong></span> <span class='ocrx_word' id='word_1_297' title='bbox 2157 3478 2228 3521; x_wconf 86' lang='lat' dir='ltr'><strong><em>ne</em></strong></span> 
     </span>
    </p>
   </div>
   <div class='ocr_carea' id='block_1_37' title="bbox 633 3547 2226 3622">
    <p class='ocr_par' dir='ltr' id='par_1_37' title="bbox 633 3547 2226 3622">
     <span class='ocr_line' id='line_1_38' title="bbox 633 3547 2226 3622; baseline 0.004 -19"><span class='ocrx_word' id='word_1_298' title='bbox 633 3559 694 3603; x_wconf 84' lang='lat' dir='ltr'><strong><em>se</em></strong></span> <span class='ocrx_word' id='word_1_299' title='bbox 725 3549 884 3602; x_wconf 85' lang='lat' dir='ltr'><strong><em>tantis</em></strong></span> <span class='ocrx_word' id='word_1_300' title='bbox 911 3547 1160 3617; x_wconf 78' lang='lat' dir='ltr'><strong><em>periculis</em></strong></span> <span class='ocrx_word' id='word_1_301' title='bbox 1198 3549 1576 3616; x_wconf 89' lang='lat' dir='ltr'><strong><em>committeret,</em></strong></span> <span class='ocrx_word' id='word_1_302' title='bbox 1601 3564 1881 3620; x_wconf 61' lang='lat' dir='ltr'><strong><em>coeperunt</em></strong></span> <span class='ocrx_word' id='word_1_303' title='bbox 1912 3552 2185 3619; x_wconf 77' lang='lat' dir='ltr'><strong><em>deterrere</em></strong></span> <span class='ocrx_word' id='word_1_304' title='bbox 2206 3594 2226 3622; x_wconf 88' lang='lat'><strong><em>,</em></strong></span> 
     </span>
    </p>
   </div>
   <div class='ocr_carea' id='block_1_38' title="bbox 633 3639 2229 3717">
    <p class='ocr_par' dir='ltr' id='par_1_38' title="bbox 633 3639 2229 3717">
     <span class='ocr_line' id='line_1_39' title="bbox 633 3639 2229 3717; baseline 0.003 -23"><span class='ocrx_word' id='word_1_305' title='bbox 633 3647 688 3694; x_wconf 87' lang='lat' dir='ltr'><strong><em>et</em></strong></span> <span class='ocrx_word' id='word_1_306' title='bbox 713 3639 978 3695; x_wconf 88' lang='lat' dir='ltr'><strong><em>monendo</em></strong></span> <span class='ocrx_word' id='word_1_307' title='bbox 999 3648 1052 3693; x_wconf 89' lang='lat' dir='ltr'><strong><em>et</em></strong></span> <span class='ocrx_word' id='word_1_308' title='bbox 1075 3639 1315 3711; x_wconf 84' lang='lat' dir='ltr'><strong><em>rogando</em></strong></span> <span class='ocrx_word' id='word_1_309' title='bbox 1343 3655 1597 3696; x_wconf 86' lang='lat' dir='ltr'><strong><em>revocare</em></strong></span> <span class='ocrx_word' id='word_1_310' title='bbox 1634 3657 1705 3697; x_wconf 84' lang='lat' dir='ltr'><strong><em>ne</em></strong></span> <span class='ocrx_word' id='word_1_311' title='bbox 1745 3642 1846 3697; x_wconf 86' lang='lat' dir='ltr'><strong><em>iret</em></strong></span> <span class='ocrx_word' id='word_1_312' title='bbox 1873 3643 1926 3698; x_wconf 90' lang='lat' dir='ltr'><strong><em>in</em></strong></span> <span class='ocrx_word' id='word_1_313' title='bbox 1956 3642 2229 3717; x_wconf 80' lang='lat' dir='ltr'><strong><em>Jerosoly-</em></strong></span> 
     </span>
    </p>
   </div>
   <div class='ocr_carea' id='block_1_39' title="bbox 632 3730 2228 3802">
    <p class='ocr_par' dir='ltr' id='par_1_39' title="bbox 632 3730 2228 3802">
     <span class='ocr_line' id='line_1_40' title="bbox 632 3730 2228 3802; baseline 0.004 -16"><span class='ocrx_word' id='word_1_314' title='bbox 632 3745 793 3786; x_wconf 85' lang='lat' dir='ltr'><strong><em>mam.</em></strong></span> <span class='ocrx_word' id='word_1_315' title='bbox 826 3730 918 3786; x_wconf 86' lang='lat' dir='ltr'><strong><em>Ille</em></strong></span> <span class='ocrx_word' id='word_1_316' title='bbox 960 3739 1140 3786; x_wconf 89' lang='lat' dir='ltr'><strong><em>autem</em></strong></span> <span class='ocrx_word' id='word_1_317' title='bbox 1177 3731 1265 3802; x_wconf 90' lang='lat' dir='ltr'><strong><em>qui</em></strong></span> <span class='ocrx_word' id='word_1_318' title='bbox 1290 3730 1399 3801; x_wconf 86' lang='lat' dir='ltr'><strong><em>jam</em></strong></span> <span class='ocrx_word' id='word_1_319' title='bbox 1431 3731 1481 3786; x_wconf 91' lang='lat' dir='ltr'><strong><em>in</em></strong></span> <span class='ocrx_word' id='word_1_320' title='bbox 1525 3747 1712 3788; x_wconf 92' lang='lat' dir='ltr'><strong><em>eorum</em></strong></span> <span class='ocrx_word' id='word_1_321' title='bbox 1751 3749 1975 3789; x_wconf 88' lang='lat' dir='ltr'><strong><em>numero</em></strong></span> <span class='ocrx_word' id='word_1_322' title='bbox 2015 3745 2132 3791; x_wconf 89' lang='lat' dir='ltr'><strong><em>erat</em></strong></span> <span class='ocrx_word' id='word_1_323' title='bbox 2158 3735 2228 3793; x_wconf 89' lang='lat' dir='ltr'><strong><em>de</em></strong></span> 
     </span>
    </p>
   </div>
   <div class='ocr_carea' id='block_1_40' title="bbox 632 3822 2227 3897">
    <p class='ocr_par' dir='ltr' id='par_1_40' title="bbox 632 3822 2227 3897">
     <span class='ocr_line' id='line_1_41' title="bbox 632 3822 2227 3897; baseline 0.004 -19"><span class='ocrx_word' id='word_1_324' title='bbox 632 3823 825 3894; x_wconf 78' lang='lat' dir='ltr'><strong><em>quibus</em></strong></span> <span class='ocrx_word' id='word_1_325' title='bbox 863 3823 1061 3879; x_wconf 88' lang='lat' dir='ltr'><strong><em>dictum</em></strong></span> <span class='ocrx_word' id='word_1_326' title='bbox 1083 3831 1200 3891; x_wconf 87' lang='lat' dir='ltr'><strong><em>est,</em></strong></span> <span class='ocrx_word' id='word_1_327' title='bbox 1232 3822 1510 3893; x_wconf 88' lang='lat' dir='ltr'><strong><em>Canﬁrntat</em></strong></span> <span class='ocrx_word' id='word_1_328' title='bbox 1551 3836 1715 3880; x_wconf 88' lang='lat' dir='ltr'><strong><em>autem</em></strong></span> <span class='ocrx_word' id='word_1_329' title='bbox 1732 3827 1898 3897; x_wconf 83' lang='lat' dir='ltr'><strong><em>justas</em></strong></span> <span class='ocrx_word' id='word_1_330' title='bbox 1940 3825 2227 3897; x_wconf 86' lang='lat' dir='ltr'><strong><em>Dominus;</em></strong></span> 
     </span>
    </p>
   </div>
   <div class='ocr_carea' id='block_1_41' title="bbox 634 3915 2229 3987">
    <p class='ocr_par' dir='ltr' id='par_1_41' title="bbox 634 3915 2229 3987">
     <span class='ocr_line' id='line_1_42' title="bbox 634 3915 2229 3987; baseline 0.005 -18"><span class='ocrx_word' id='word_1_331' title='bbox 634 3915 793 3984; x_wconf 83' lang='lat' dir='ltr'><strong><em>Quid,</em></strong></span> <span class='ocrx_word' id='word_1_332' title='bbox 824 3916 1028 3986; x_wconf 88' lang='lat' dir='ltr'><strong><em>inquit,</em></strong></span> <span class='ocrx_word' id='word_1_333' title='bbox 1071 3916 1391 3987; x_wconf 77' lang='lat' dir='ltr'><strong><em>canfringitis</em></strong></span> <span class='ocrx_word' id='word_1_334' title='bbox 1417 3933 1504 3970; x_wconf 88' lang='lat' dir='ltr'><strong><em>car</em></strong></span> <span class='ocrx_word' id='word_1_335' title='bbox 1548 3918 1756 3973; x_wconf 80' lang='lat' dir='ltr'><strong><em>meum?</em></strong></span> <span class='ocrx_word' id='word_1_336' title='bbox 1783 3918 1898 3973; x_wconf 85' lang='lat' dir='ltr'><strong><em>Non</em></strong></span> <span class='ocrx_word' id='word_1_337' title='bbox 1945 3917 2082 3977; x_wconf 82' lang='lat' dir='ltr'><strong><em>facio</em></strong></span> <span class='ocrx_word' id='word_1_338' title='bbox 2108 3922 2229 3977; x_wconf 83' lang='lat' dir='ltr'><strong><em>ani-</em></strong></span> 
     </span>
    </p>
   </div>
   <div class='ocr_carea' id='block_1_42' title="bbox 631 4007 2230 4081">
    <p class='ocr_par' dir='ltr' id='par_1_42' title="bbox 631 4007 2230 4081">
     <span class='ocr_line' id='line_1_43' title="bbox 631 4007 2230 4081; baseline 0.003 -15"><span class='ocrx_word' id='word_1_339' title='bbox 631 4025 777 4066; x_wconf 89' lang='lat' dir='ltr'><strong><em>mam</em></strong></span> <span class='ocrx_word' id='word_1_340' title='bbox 824 4007 995 4065; x_wconf 70' lang='lat' dir='ltr'><strong><em>tineam</em></strong></span> <span class='ocrx_word' id='word_1_341' title='bbox 1030 4011 1315 4080; x_wconf 84' lang='lat' dir='ltr'><strong><em>pretiosam</em></strong></span> <span class='ocrx_word' id='word_1_342' title='bbox 1365 4008 1517 4065; x_wconf 87' lang='lat' dir='ltr'><strong><em>mihi.</em></strong></span> <span class='ocrx_word' id='word_1_343' title='bbox 1560 4009 1694 4079; x_wconf 85' lang='lat' dir='ltr'><strong><em>Quia</em></strong></span> <span class='ocrx_word' id='word_1_344' title='bbox 1736 4012 1845 4081; x_wconf 82' lang='lat' dir='ltr'><strong><em>jam</em></strong></span> <span class='ocrx_word' id='word_1_345' title='bbox 1895 4011 2105 4068; x_wconf 78' lang='lat' dir='ltr'><strong><em>dixerat</em></strong></span> <span class='ocrx_word' id='word_1_346' title='bbox 2149 4013 2230 4070; x_wconf 88' lang='lat' dir='ltr'><strong><em>eis</em></strong></span> 
     </span>
    </p>
   </div>
   <div class='ocr_carea' id='block_1_43' title="bbox 629 4098 2229 4176">
    <p class='ocr_par' dir='ltr' id='par_1_43' title="bbox 629 4098 2229 4176">
     <span class='ocr_line' id='line_1_44' title="bbox 629 4098 2229 4176; baseline 0.003 -21"><span class='ocrx_word' id='word_1_347' title='bbox 629 4115 767 4174; x_wconf 87' lang='lat' dir='ltr'><strong><em>quos</em></strong></span> <span class='ocrx_word' id='word_1_348' title='bbox 803 4101 1122 4173; x_wconf 87' lang='lat' dir='ltr'><strong><em>parturicrat</em></strong></span> <span class='ocrx_word' id='word_1_349' title='bbox 1161 4101 1212 4154; x_wconf 90' lang='lat' dir='ltr'><strong><em>iu</em></strong></span> <span class='ocrx_word' id='word_1_350' title='bbox 1258 4098 1545 4173; x_wconf 84' lang='lat' dir='ltr'><strong><em>Evangelia</em></strong></span> <span class='ocrx_word' id='word_1_351' title='bbox 1575 4119 1588 4156; x_wconf 94' lang='lat'>:</span> <span class='ocrx_word' id='word_1_352' title='bbox 1621 4101 1687 4156; x_wconf 81' lang='lat' dir='ltr'><strong><em>Et</em></strong></span> <span class='ocrx_word' id='word_1_353' title='bbox 1709 4101 1819 4171; x_wconf 84' lang='lat' dir='ltr'><strong><em>ipse</em></strong></span> <span class='ocrx_word' id='word_1_354' title='bbox 1847 4103 2113 4173; x_wconf 82' lang='lat' dir='ltr'><strong><em>impendar</em></strong></span> <span class='ocrx_word' id='word_1_355' title='bbox 2136 4121 2229 4176; x_wconf 86' lang='lat' dir='ltr'><strong><em>pro</em></strong></span> 
     </span>
    </p>
   </div>
   <div class='ocr_carea' id='block_1_44' title="bbox 630 4191 2227 4266">
    <p class='ocr_par' dir='ltr' id='par_1_44' title="bbox 630 4191 2227 4266">
     <span class='ocr_line' id='line_1_45' title="bbox 630 4191 2227 4266; baseline 0.004 -20"><span class='ocrx_word' id='word_1_356' title='bbox 630 4193 896 4248; x_wconf 87' lang='lat' dir='ltr'><strong><em>animabus</em></strong></span> <span class='ocrx_word' id='word_1_357' title='bbox 944 4194 1117 4247; x_wconf 78' lang='lat' dir='ltr'><strong><em>vestris</em></strong></span> <span class='ocrx_word' id='word_1_358' title='bbox 1145 4192 1209 4261; x_wconf 87' lang='lat' dir='ltr'><strong><em>(ll</em></strong></span> <span class='ocrx_word' id='word_1_359' title='bbox 1233 4191 1351 4247; x_wconf 90' lang='lat' dir='ltr'><strong><em>Car.</em></strong></span> <span class='ocrx_word' id='word_1_360' title='bbox 1375 4209 1484 4258; x_wconf 79' lang='lat' dir='ltr'><strong><em>xu,</em></strong></span> <span class='ocrx_word' id='word_1_361' title='bbox 1517 4194 1630 4265; x_wconf 82' lang='lat'><strong><em>15).</em></strong></span> <span class='ocrx_word' id='word_1_362' title='bbox 1677 4192 1790 4266; x_wconf 84' lang='lat' dir='ltr'><strong><em>Ego</em></strong></span> <span class='ocrx_word' id='word_1_363' title='bbox 1831 4196 1997 4260; x_wconf 87' lang='lat' dir='ltr'><strong><em>enim,</em></strong></span> <span class='ocrx_word' id='word_1_364' title='bbox 2023 4197 2227 4264; x_wconf 88' lang='lat' dir='ltr'><strong><em>inquit,</em></strong></span> 
     </span>
    </p>
   </div>
   <div class='ocr_carea' id='block_1_45' title="bbox 632 4284 2229 4360">
    <p class='ocr_par' dir='ltr' id='par_1_45' title="bbox 632 4284 2229 4360">
     <span class='ocr_line' id='line_1_46' title="bbox 632 4284 2229 4360; baseline 0.003 -20"><span class='ocrx_word' id='word_1_365' title='bbox 632 4301 736 4340; x_wconf 82' lang='lat' dir='ltr'><strong><em>non</em></strong></span> <span class='ocrx_word' id='word_1_366' title='bbox 773 4287 935 4339; x_wconf 87' lang='lat' dir='ltr'><strong><em>solum</em></strong></span> <span class='ocrx_word' id='word_1_367' title='bbox 979 4284 1222 4355; x_wconf 85' lang='lat' dir='ltr'><strong><em>alligari,</em></strong></span> <span class='ocrx_word' id='word_1_368' title='bbox 1265 4285 1353 4339; x_wconf 85' lang='lat' dir='ltr'><strong><em>sed</em></strong></span> <span class='ocrx_word' id='word_1_369' title='bbox 1381 4288 1533 4339; x_wconf 87' lang='lat' dir='ltr'><strong><em>etiam</em></strong></span> <span class='ocrx_word' id='word_1_370' title='bbox 1578 4286 1708 4339; x_wconf 91' lang='lat' dir='ltr'><strong><em>mari</em></strong></span> <span class='ocrx_word' id='word_1_371' title='bbox 1742 4298 1952 4358; x_wconf 85' lang='lat' dir='ltr'><strong><em>paratus</em></strong></span> <span class='ocrx_word' id='word_1_372' title='bbox 1994 4306 2105 4342; x_wconf 89' lang='lat' dir='ltr'><strong><em>sum</em></strong></span> <span class='ocrx_word' id='word_1_373' title='bbox 2136 4306 2229 4360; x_wconf 89' lang='lat' dir='ltr'><strong><em>pro</em></strong></span> 
     </span>
    </p>
   </div>
   <div class='ocr_carea' id='block_1_46' title="bbox 632 4374 2011 4450">
    <p class='ocr_par' dir='ltr' id='par_1_46' title="bbox 632 4374 2011 4450">
     <span class='ocr_line' id='line_1_47' title="bbox 632 4374 2011 4450; baseline 0.001 -20"><span class='ocrx_word' id='word_1_374' title='bbox 632 4378 832 4431; x_wconf 86' lang='lat' dir='ltr'><strong><em>nomine</em></strong></span> <span class='ocrx_word' id='word_1_375' title='bbox 864 4374 1065 4430; x_wconf 86' lang='lat' dir='ltr'><strong><em>Domini</em></strong></span> <span class='ocrx_word' id='word_1_376' title='bbox 1104 4375 1231 4430; x_wconf 84' lang='lat' dir='ltr'><strong><em>Jesu</em></strong></span> <span class='ocrx_word' id='word_1_377' title='bbox 1258 4375 1446 4431; x_wconf 86' lang='lat' dir='ltr'><strong><em>Christi</em></strong></span> <span class='ocrx_word' id='word_1_378' title='bbox 1481 4375 1613 4448; x_wconf 83' lang='lat' dir='ltr'><strong><em>(Act.</em></strong></span> <span class='ocrx_word' id='word_1_379' title='bbox 1651 4393 1766 4444; x_wconf 75' lang='lat' dir='ltr'><strong><em>xxr,</em></strong></span> <span class='ocrx_word' id='word_1_380' title='bbox 1796 4379 2011 4450; x_wconf 77' lang='lat'><strong><em>11-13).</em></strong></span> 
     </span>
    </p>
   </div>
   <div class='ocr_carea' id='block_1_47' title="bbox 702 4466 2228 4543">
    <p class='ocr_par' dir='ltr' id='par_1_47' title="bbox 702 4466 2228 4543">
     <span class='ocr_line' id='line_1_48' title="bbox 702 4466 2228 4543; baseline 0.002 -18"><span class='ocrx_word' id='word_1_381' title='bbox 702 4469 752 4525; x_wconf 89' lang='lat'><strong><em>7.</em></strong></span> <span class='ocrx_word' id='word_1_382' title='bbox 773 4469 926 4543; x_wconf 83' lang='lat' dir='ltr'><strong><em>[vers.</em></strong></span> <span class='ocrx_word' id='word_1_383' title='bbox 967 4466 1093 4543; x_wconf 89' lang='lat'><strong><em>18.]</em></strong></span> <span class='ocrx_word' id='word_1_384' title='bbox 1125 4467 1402 4538; x_wconf 88' lang='lat' dir='ltr'><strong><em>Conﬁrmat</em></strong></span> <span class='ocrx_word' id='word_1_385' title='bbox 1432 4483 1559 4539; x_wconf 78' lang='lat' dir='ltr'><strong><em>ergo</em></strong></span> <span class='ocrx_word' id='word_1_386' title='bbox 1591 4469 1760 4539; x_wconf 88' lang='lat' dir='ltr'><strong><em>justas</em></strong></span> <span class='ocrx_word' id='word_1_387' title='bbox 1788 4468 2056 4526; x_wconf 87' lang='lat' dir='ltr'><strong><em>Dominus.</em></strong></span> <span class='ocrx_word' id='word_1_388' title='bbox 2079 4471 2228 4541; x_wconf 88' lang='lat' dir='ltr'><strong><em>Quo-</em></strong></span> 
     </span>
    </p>
   </div>
   <div class='ocr_carea' id='block_1_48' title="bbox 629 4558 2228 4620">
    <p class='ocr_par' dir='ltr' id='par_1_48' title="bbox 629 4558 2228 4620">
     <span class='ocr_line' id='line_1_49' title="bbox 629 4558 2228 4620; baseline -0.001 0"><span class='ocrx_word' id='word_1_389' title='bbox 629 4564 791 4620; x_wconf 85' lang='lat' dir='ltr'><strong><em>modo</em></strong></span> <span class='ocrx_word' id='word_1_390' title='bbox 835 4577 930 4620; x_wconf 84' lang='lat' dir='ltr'><strong><em>eos</em></strong></span> <span class='ocrx_word' id='word_1_391' title='bbox 957 4559 1283 4618; x_wconf 77' lang='lat' dir='ltr'><strong><em>conﬁrmat?</em></strong></span> <span class='ocrx_word' id='word_1_392' title='bbox 1314 4559 1469 4614; x_wconf 74' lang='lat' dir='ltr'><strong><em>Novit</em></strong></span> <span class='ocrx_word' id='word_1_393' title='bbox 1510 4558 1762 4616; x_wconf 85' lang='lat' dir='ltr'><strong><em>Dominus</em></strong></span> <span class='ocrx_word' id='word_1_394' title='bbox 1789 4564 1896 4617; x_wconf 84' lang='lat' dir='ltr'><strong><em>uias</em></strong></span> <span class='ocrx_word' id='word_1_395' title='bbox 1923 4564 2228 4620; x_wconf 83' lang='lat' dir='ltr'><strong><em>immacula—</em></strong></span> 
     </span>
    </p>
   </div>
   <div class='ocr_carea' id='block_1_49' title="bbox 632 4655 2227 4726">
    <p class='ocr_par' dir='ltr' id='par_1_49' title="bbox 632 4655 2227 4726">
     <span class='ocr_line' id='line_1_50' title="bbox 632 4655 2227 4726; baseline 0.003 -13"><span class='ocrx_word' id='word_1_396' title='bbox 632 4666 818 4713; x_wconf 87' lang='lat' dir='ltr'><strong><em>torum.</em></strong></span> <span class='ocrx_word' id='word_1_397' title='bbox 847 4655 1073 4726; x_wconf 83' lang='lat' dir='ltr'><strong><em>Quando</em></strong></span> <span class='ocrx_word' id='word_1_398' title='bbox 1099 4655 1374 4726; x_wconf 88' lang='lat' dir='ltr'><strong><em>patiuntur</em></strong></span> <span class='ocrx_word' id='word_1_399' title='bbox 1400 4656 1534 4710; x_wconf 84' lang='lat' dir='ltr'><strong><em>mala</em></strong></span> <span class='ocrx_word' id='word_1_400' title='bbox 1556 4697 1572 4722; x_wconf 92' lang='lat'><strong><em>,</em></strong></span> <span class='ocrx_word' id='word_1_401' title='bbox 1603 4656 1715 4712; x_wconf 76' lang='lat' dir='ltr'><strong><em>vias</em></strong></span> <span class='ocrx_word' id='word_1_402' title='bbox 1741 4658 1911 4712; x_wconf 88' lang='lat' dir='ltr'><strong><em>malas</em></strong></span> <span class='ocrx_word' id='word_1_403' title='bbox 1947 4659 2227 4717; x_wconf 86' lang='lat' dir='ltr'><strong><em>ambulare</em></strong></span> 
     </span>
    </p>
   </div>
   <div class='ocr_carea' id='block_1_50' title="bbox 632 4747 2229 4822">
    <p class='ocr_par' dir='ltr' id='par_1_50' title="bbox 632 4747 2229 4822">
     <span class='ocr_line' id='line_1_51' title="bbox 632 4747 2229 4822; baseline 0.003 -16"><span class='ocrx_word' id='word_1_404' title='bbox 632 4751 926 4807; x_wconf 79' lang='lat' dir='ltr'><strong><em>creduntur</em></strong></span> <span class='ocrx_word' id='word_1_405' title='bbox 948 4748 1016 4802; x_wconf 88' lang='lat' dir='ltr'><strong><em>ah</em></strong></span> <span class='ocrx_word' id='word_1_406' title='bbox 1042 4747 1410 4818; x_wconf 83' lang='lat' dir='ltr'><strong><em>ignorantibus</em></strong></span> <span class='ocrx_word' id='word_1_407' title='bbox 1430 4792 1443 4816; x_wconf 94' lang='lat'><strong><em>,</em></strong></span> <span class='ocrx_word' id='word_1_408' title='bbox 1471 4750 1539 4805; x_wconf 87' lang='lat' dir='ltr'><strong><em>ab</em></strong></span> <span class='ocrx_word' id='word_1_409' title='bbox 1575 4749 1657 4805; x_wconf 84' lang='lat' dir='ltr'><strong><em>his</em></strong></span> <span class='ocrx_word' id='word_1_410' title='bbox 1702 4750 1790 4822; x_wconf 86' lang='lat' dir='ltr'><strong>qui</strong></span> <span class='ocrx_word' id='word_1_411' title='bbox 1820 4765 1925 4807; x_wconf 80' lang='lat' dir='ltr'><strong><em>non</em></strong></span> <span class='ocrx_word' id='word_1_412' title='bbox 1967 4762 2229 4810; x_wconf 86' lang='lat' dir='ltr'><strong><em>noverunt</em></strong></span> 
     </span>
    </p>
   </div>
   <div class='ocr_carea' id='block_1_51' title="bbox 631 4840 2230 4914">
    <p class='ocr_par' dir='ltr' id='par_1_51' title="bbox 631 4840 2230 4914">
     <span class='ocr_line' id='line_1_52' title="bbox 631 4840 2230 4914; baseline 0.002 -16"><span class='ocrx_word' id='word_1_413' title='bbox 631 4842 815 4898; x_wconf 80' lang='lat' dir='ltr'><strong><em>videre</em></strong></span> <span class='ocrx_word' id='word_1_414' title='bbox 842 4840 959 4895; x_wconf 85' lang='lat' dir='ltr'><strong><em>vias</em></strong></span> <span class='ocrx_word' id='word_1_415' title='bbox 1012 4840 1505 4902; x_wconf 81' lang='lat' dir='ltr'><strong><em>immaculatorum,</em></strong></span> <span class='ocrx_word' id='word_1_416' title='bbox 1527 4841 1635 4914; x_wconf 14' lang='lat' dir='ltr'><strong><em>(Ille</em></strong></span> <span class='ocrx_word' id='word_1_417' title='bbox 1659 4842 1749 4914; x_wconf 91' lang='lat' dir='ltr'><strong><em>qni</em></strong></span> <span class='ocrx_word' id='word_1_418' title='bbox 1786 4856 1878 4899; x_wconf 87' lang='lat' dir='ltr'><strong><em>eas</em></strong></span> <span class='ocrx_word' id='word_1_419' title='bbox 1919 4845 2067 4900; x_wconf 87' lang='lat' dir='ltr'><strong><em>novit</em></strong></span> <span class='ocrx_word' id='word_1_420' title='bbox 2088 4888 2103 4910; x_wconf 87' lang='lat'><strong><em>,</em></strong></span> <span class='ocrx_word' id='word_1_421' title='bbox 2127 4845 2230 4902; x_wconf 91' lang='lat' dir='ltr'><strong><em>scit</em></strong></span> 
     </span>
    </p>
   </div>
   <div class='ocr_carea' id='block_1_52' title="bbox 632 4904 2230 5006">
    <p class='ocr_par' dir='ltr' id='par_1_52' title="bbox 632 4904 2230 5006">
     <span class='ocr_line' id='line_1_53' title="bbox 632 4904 2230 5006; baseline 0.002 -14"><span class='ocrx_word' id='word_1_422' title='bbox 632 4950 909 5006; x_wconf 78' lang='lat' dir='ltr'><strong><em>perquam</em></strong></span> <span class='ocrx_word' id='word_1_423' title='bbox 944 4943 1149 4990; x_wconf 82' lang='lat' dir='ltr'><strong><em>rectum</em></strong></span> <span class='ocrx_word' id='word_1_424' title='bbox 1179 4934 1339 4991; x_wconf 90' lang='lat' dir='ltr'><strong><em>ducat</em></strong></span> <span class='ocrx_word' id='word_1_425' title='bbox 1368 4904 1670 4991; x_wconf 64' lang='lat' dir='ltr'><strong><em>mansiietos</em></strong></span> <span class='ocrx_word' id='word_1_426' title='bbox 1712 4949 1858 4992; x_wconf 91' lang='lat' dir='ltr'><strong><em>suos.</em></strong></span> <span class='ocrx_word' id='word_1_427' title='bbox 1905 4935 2058 4993; x_wconf 82' lang='lat' dir='ltr'><strong><em>Unde</em></strong></span> <span class='ocrx_word' id='word_1_428' title='bbox 2093 4938 2230 4995; x_wconf 80' lang='lat' dir='ltr'><strong><em>dixit</em></strong></span> 
     </span>
    </p>
   </div>
   <div class='ocr_carea' id='block_1_53' title="bbox 631 5026 2230 5101">
    <p class='ocr_par' dir='ltr' id='par_1_53' title="bbox 631 5026 2230 5101">
     <span class='ocr_line' id='line_1_54' title="bbox 631 5026 2230 5101; baseline 0.001 -16"><span class='ocrx_word' id='word_1_429' title='bbox 631 5028 685 5085; x_wconf 82' lang='lat' dir='ltr'><strong><em>in</em></strong></span> <span class='ocrx_word' id='word_1_430' title='bbox 713 5028 820 5083; x_wconf 87' lang='lat' dir='ltr'><strong><em>alio</em></strong></span> <span class='ocrx_word' id='word_1_431' title='bbox 860 5029 1065 5098; x_wconf 84' lang='lat' dir='ltr'><strong><em>psalmo</em></strong></span> <span class='ocrx_word' id='word_1_432' title='bbox 1095 5026 1332 5100; x_wconf 80' lang='lat' dir='ltr'><strong><em>:Diriget</em></strong></span> <span class='ocrx_word' id='word_1_433' title='bbox 1371 5030 1510 5083; x_wconf 80' lang='lat' dir='ltr'><strong><em>mites</em></strong></span> <span class='ocrx_word' id='word_1_434' title='bbox 1550 5029 1834 5101; x_wconf 79' lang='lat' dir='ltr'><strong><em>injutlicia,</em></strong></span> <span class='ocrx_word' id='word_1_435' title='bbox 1858 5028 2053 5085; x_wconf 76' lang='lat' dir='ltr'><strong><em>docebit</em></strong></span> <span class='ocrx_word' id='word_1_436' title='bbox 2083 5048 2230 5087; x_wconf 85' lang='lat' dir='ltr'><strong><em>man-</em></strong></span> 
     </span>
    </p>
   </div>
   <div class='ocr_carea' id='block_1_54' title="bbox 630 5119 2228 5195">
    <p class='ocr_par' dir='ltr' id='par_1_54' title="bbox 630 5119 2228 5195">
     <span class='ocr_line' id='line_1_55' title="bbox 630 5119 2228 5195; baseline 0.003 -16"><span class='ocrx_word' id='word_1_437' title='bbox 630 5128 797 5179; x_wconf 87' lang='lat' dir='ltr'><strong><em>suetas</em></strong></span> <span class='ocrx_word' id='word_1_438' title='bbox 827 5121 932 5176; x_wconf 79' lang='lat' dir='ltr'><strong><em>vias</em></strong></span> <span class='ocrx_word' id='word_1_439' title='bbox 956 5136 1077 5177; x_wconf 87' lang='lat' dir='ltr'><strong><em>suas</em></strong></span> <span class='ocrx_word' id='word_1_440' title='bbox 1098 5119 1268 5194; x_wconf 86' lang='lat' dir='ltr'><strong><em>(Psal.</em></strong></span> <span class='ocrx_word' id='word_1_441' title='bbox 1300 5137 1427 5176; x_wconf 65' lang='lat' dir='ltr'><strong><em>xxxv</em></strong></span> <span class='ocrx_word' id='word_1_442' title='bbox 1447 5162 1463 5189; x_wconf 89' lang='lat'><strong><em>,</em></strong></span> <span class='ocrx_word' id='word_1_443' title='bbox 1486 5119 1562 5187; x_wconf 90' lang='lat'><strong><em>9).</em></strong></span> <span class='ocrx_word' id='word_1_444' title='bbox 1585 5122 1863 5188; x_wconf 84' lang='lat' dir='ltr'><strong><em>Quomodo</em></strong></span> <span class='ocrx_word' id='word_1_445' title='bbox 1894 5123 2088 5195; x_wconf 84' lang='lat' dir='ltr'><strong><em>putatis</em></strong></span> <span class='ocrx_word' id='word_1_446' title='bbox 2133 5123 2228 5183; x_wconf 84' lang='lat' dir='ltr'><strong><em>de-</em></strong></span> 
     </span>
    </p>
   </div>
   <div class='ocr_carea' id='block_1_55' title="bbox 630 5215 2225 5288">
    <p class='ocr_par' dir='ltr' id='par_1_55' title="bbox 630 5215 2225 5288">
     <span class='ocr_line' id='line_1_56' title="bbox 630 5215 2225 5288; baseline 0.003 -17"><span class='ocrx_word' id='word_1_447' title='bbox 630 5224 855 5273; x_wconf 87' lang='lat' dir='ltr'><strong><em>testatos</em></strong></span> <span class='ocrx_word' id='word_1_448' title='bbox 898 5215 1143 5271; x_wconf 84' lang='lat' dir='ltr'><strong><em>homines</em></strong></span> <span class='ocrx_word' id='word_1_449' title='bbox 1193 5224 1531 5271; x_wconf 87' lang='lat' dir='ltr'><strong><em>transeuntes</em></strong></span> <span class='ocrx_word' id='word_1_450' title='bbox 1578 5216 1880 5273; x_wconf 88' lang='lat' dir='ltr'><strong><em>ulcerosum</em></strong></span> <span class='ocrx_word' id='word_1_451' title='bbox 1937 5234 2225 5288; x_wconf 89' lang='lat' dir='ltr'><strong><em>pauperem</em></strong></span> 
     </span>
    </p>
   </div>
   <div class='ocr_carea' id='block_1_56' title="bbox 627 5306 2227 5380">
    <p class='ocr_par' dir='ltr' id='par_1_56' title="bbox 627 5306 2227 5380">
     <span class='ocr_line' id='line_1_57' title="bbox 627 5306 2227 5380; baseline 0.003 -19"><span class='ocrx_word' id='word_1_452' title='bbox 627 5308 895 5380; x_wconf 73' lang='lat' dir='ltr'><strong><em>jaceutem</em></strong></span> <span class='ocrx_word' id='word_1_453' title='bbox 941 5316 1065 5363; x_wconf 87' lang='lat' dir='ltr'><strong><em>ante</em></strong></span> <span class='ocrx_word' id='word_1_454' title='bbox 1094 5307 1271 5363; x_wconf 83' lang='lat' dir='ltr'><strong><em>divitis</em></strong></span> <span class='ocrx_word' id='word_1_455' title='bbox 1292 5306 1509 5377; x_wconf 88' lang='lat' dir='ltr'><strong><em>januam</em></strong></span> <span class='ocrx_word' id='word_1_456' title='bbox 1564 5307 1581 5379; x_wconf 92' lang='lat'><strong><em>(</em></strong></span> <span class='ocrx_word' id='word_1_457' title='bbox 1617 5307 1741 5363; x_wconf 86' lang='lat' dir='ltr'><strong><em>Luc.</em></strong></span> <span class='ocrx_word' id='word_1_458' title='bbox 1773 5325 1861 5364; x_wconf 77' lang='lat' dir='ltr'><strong><em>xvt</em></strong></span> <span class='ocrx_word' id='word_1_459' title='bbox 1881 5349 1897 5375; x_wconf 93' lang='lat'><strong><em>,</em></strong></span> <span class='ocrx_word' id='word_1_460' title='bbox 1926 5308 2018 5380; x_wconf 77' lang='grc'><strong><em>20)</em></strong></span> <span class='ocrx_word' id='word_1_461' title='bbox 2040 5309 2064 5363; x_wconf 88' lang='lat'><strong>?</strong></span> <span class='ocrx_word' id='word_1_462' title='bbox 2085 5310 2227 5379; x_wconf 84' lang='lat' dir='ltr'><strong><em>Quo-</em></strong></span> 
     </span>
    </p>
   </div>
   <div class='ocr_carea' id='block_1_57' title="bbox 632 5398 2228 5471">
    <p class='ocr_par' dir='ltr' id='par_1_57' title="bbox 632 5398 2228 5471">
     <span class='ocr_line' id='line_1_58' title="bbox 632 5398 2228 5471; baseline 0.002 -16"><span class='ocrx_word' id='word_1_463' title='bbox 632 5398 795 5456; x_wconf 89' lang='lat' dir='ltr'><strong><em>modo</em></strong></span> <span class='ocrx_word' id='word_1_464' title='bbox 820 5398 956 5456; x_wconf 73' lang='lat' dir='ltr'><strong><em>forte</em></strong></span> <span class='ocrx_word' id='word_1_465' title='bbox 982 5399 1123 5455; x_wconf 90' lang='lat' dir='ltr'><strong><em>hunc</em></strong></span> <span class='ocrx_word' id='word_1_466' title='bbox 1162 5398 1392 5457; x_wconf 80' lang='lat' dir='ltr'><strong><em>occlusis</em></strong></span> <span class='ocrx_word' id='word_1_467' title='bbox 1442 5399 1657 5455; x_wconf 87' lang='lat' dir='ltr'><strong><em>naribus</em></strong></span> <span class='ocrx_word' id='word_1_468' title='bbox 1686 5401 2051 5471; x_wconf 78' lang='lat' dir='ltr'><strong><em>conspucbant</em></strong></span> <span class='ocrx_word' id='word_1_469' title='bbox 2072 5404 2098 5456; x_wconf 84' lang='lat'><strong>?</strong></span> <span class='ocrx_word' id='word_1_470' title='bbox 2121 5402 2228 5458; x_wconf 84' lang='lat' dir='ltr'><strong><em>No-</em></strong></span> 
     </span>
    </p>
   </div>
   <div class='ocr_carea' id='block_1_58' title="bbox 629 5493 2225 5565">
    <p class='ocr_par' dir='ltr' id='par_1_58' title="bbox 629 5493 2225 5565">
     <span class='ocr_line' id='line_1_59' title="bbox 629 5493 2225 5565; baseline 0.001 -15"><span class='ocrx_word' id='word_1_471' title='bbox 629 5502 785 5550; x_wconf 77' lang='lat' dir='ltr'><strong><em>verat</em></strong></span> <span class='ocrx_word' id='word_1_472' title='bbox 819 5502 996 5550; x_wconf 89' lang='lat' dir='ltr'><strong><em>autem</em></strong></span> <span class='ocrx_word' id='word_1_473' title='bbox 1023 5493 1280 5549; x_wconf 89' lang='lat' dir='ltr'><strong><em>Dominus</em></strong></span> <span class='ocrx_word' id='word_1_474' title='bbox 1330 5493 1401 5548; x_wconf 92' lang='lat' dir='ltr'><strong><em>illi</em></strong></span> <span class='ocrx_word' id='word_1_475' title='bbox 1432 5507 1648 5550; x_wconf 86' lang='lat' dir='ltr'><strong><em>servare</em></strong></span> <span class='ocrx_word' id='word_1_476' title='bbox 1674 5495 1690 5526; x_wconf 83' lang='grc'>¹</span> <span class='ocrx_word' id='word_1_477' title='bbox 1724 5493 2047 5565; x_wconf 87' lang='lat' dir='ltr'><strong><em>paradisum.</em></strong></span> <span class='ocrx_word' id='word_1_478' title='bbox 2077 5496 2225 5565; x_wconf 87' lang='lat' dir='ltr'><strong><em>Quo-</em></strong></span> 
     </span>
    </p>
   </div>
   <div class='ocr_carea' id='block_1_59' title="bbox 630 5585 2228 5657">
    <p class='ocr_par' dir='ltr' id='par_1_59' title="bbox 630 5585 2228 5657">
     <span class='ocr_line' id='line_1_60' title="bbox 630 5585 2228 5657; baseline 0.001 -13"><span class='ocrx_word' id='word_1_479' title='bbox 630 5587 795 5644; x_wconf 89' lang='lat' dir='ltr'><strong><em>modo</em></strong></span> <span class='ocrx_word' id='word_1_480' title='bbox 822 5595 999 5644; x_wconf 85' lang='lat' dir='ltr'><strong><em>autem</em></strong></span> <span class='ocrx_word' id='word_1_481' title='bbox 1045 5585 1144 5641; x_wconf 88' lang='lat' dir='ltr'><strong><em>sibi</em></strong></span> <span class='ocrx_word' id='word_1_482' title='bbox 1170 5586 1390 5657; x_wconf 88' lang='lat' dir='ltr'><strong><em>optabat</em></strong></span> <span class='ocrx_word' id='word_1_483' title='bbox 1414 5587 1575 5641; x_wconf 88' lang='lat' dir='ltr'><strong><em>vitam</em></strong></span> <span class='ocrx_word' id='word_1_484' title='bbox 1618 5586 1760 5642; x_wconf 90' lang='lat' dir='ltr'><strong><em>illius</em></strong></span> <span class='ocrx_word' id='word_1_485' title='bbox 1786 5587 1875 5657; x_wconf 90' lang='lat' dir='ltr'><strong><em>qui</em></strong></span> <span class='ocrx_word' id='word_1_486' title='bbox 1909 5587 2228 5645; x_wconf 80' lang='lat' dir='ltr'><strong><em>induebatur</em></strong></span> 
     </span>
    </p>
   </div>
   <div class='ocr_carea' id='block_1_60' title="bbox 630 5679 2226 5754">
    <p class='ocr_par' dir='ltr' id='par_1_60' title="bbox 630 5679 2226 5754">
     <span class='ocr_line' id='line_1_61' title="bbox 630 5679 2226 5754; baseline 0.001 -17"><span class='ocrx_word' id='word_1_487' title='bbox 630 5695 864 5754; x_wconf 87' lang='lat' dir='ltr'><strong><em>purpura</em></strong></span> <span class='ocrx_word' id='word_1_488' title='bbox 892 5689 949 5737; x_wconf 90' lang='lat' dir='ltr'><strong><em>et</em></strong></span> <span class='ocrx_word' id='word_1_489' title='bbox 970 5680 1164 5753; x_wconf 83' lang='lat' dir='ltr'><strong><em>bysso,</em></strong></span> <span class='ocrx_word' id='word_1_490' title='bbox 1196 5688 1254 5735; x_wconf 87' lang='lat' dir='ltr'><strong><em>et</em></strong></span> <span class='ocrx_word' id='word_1_491' title='bbox 1290 5679 1602 5751; x_wconf 87' lang='lat' dir='ltr'><strong><em>epulabatur</em></strong></span> <span class='ocrx_word' id='word_1_492' title='bbox 1630 5680 1866 5750; x_wconf 81' lang='lat' dir='ltr'><strong><em>quotidie</em></strong></span> <span class='ocrx_word' id='word_1_493' title='bbox 1911 5679 2226 5753; x_wconf 75' lang='lat' dir='ltr'><strong><em>splendide?</em></strong></span> 
     </span>
    </p>
   </div>
   <div class='ocr_carea' id='block_1_61' title="bbox 600 5786 1441 5859">
    <p class='ocr_par' dir='ltr' id='par_1_61' title="bbox 600 5786 1441 5859">
     <span class='ocr_line' id='line_1_62' title="bbox 600 5786 1441 5859; baseline -0.007 -11"><span class='ocrx_word' id='word_1_494' title='bbox 600 5786 608 5793; x_wconf 74' lang='grc'><em>’</em></span> <span class='ocrx_word' id='word_1_495' title='bbox 695 5798 713 5831; x_wconf 86' lang='grc'>¹</span> <span class='ocrx_word' id='word_1_496' title='bbox 750 5802 800 5847; x_wconf 82' lang='lat' dir='ltr'><strong><em>tn</em></strong></span> <span class='ocrx_word' id='word_1_497' title='bbox 823 5793 1070 5859; x_wconf 75' lang='lat' dir='ltr'><strong><em>plerisque</em></strong></span> <span class='ocrx_word' id='word_1_498' title='bbox 1088 5800 1219 5855; x_wconf 54' lang='lat' dir='ltr'><strong><em>una,</em></strong></span> <span class='ocrx_word' id='word_1_499' title='bbox 1239 5792 1441 5846; x_wconf 82' lang='lat' dir='ltr'><strong><em>servari.</em></strong></span> 
     </span>
    </p>
   </div>
   <div class='ocr_carea' id='block_1_62' title="bbox 2349 507 3897 615">
    <p class='ocr_par' dir='ltr' id='par_1_62' title="bbox 2349 507 3897 615">
     <span class='ocr_line' id='line_1_63' title="bbox 2349 507 3897 615; baseline 0.019 -51"><span class='ocrx_word' id='word_1_500' title='bbox 2349 507 2690 615; x_wconf 38' lang='lat' dir='ltr'><strong><em>eius-futura.</em></strong></span> <span class='ocrx_word' id='word_1_501' title='bbox 2714 523 3094 615; x_wconf 78' lang='lat' dir='ltr'><strong><em>tormenta,et</em></strong></span> <span class='ocrx_word' id='word_1_502' title='bbox 3136 523 3269 615; x_wconf 85' lang='lat' dir='ltr'><strong><em>sine</em></strong></span> <span class='ocrx_word' id='word_1_503' title='bbox 3313 523 3431 582; x_wconf 81' lang='lat' dir='ltr'><strong><em>line</em></strong></span> <span class='ocrx_word' id='word_1_504' title='bbox 3478 507 3897 615; x_wconf 50' lang='lat' dir='ltr'><strong><em>tamentam;</em></strong></span> 
     </span>
    </p>
   </div>
   <div class='ocr_carea' id='block_1_63' title="bbox 2349 598 3434 672">
    <p class='ocr_par' dir='ltr' id='par_1_63' title="bbox 2349 598 3434 672">
     <span class='ocr_line' id='line_1_64' title="bbox 2349 598 3434 672; baseline 0.015 -15"><span class='ocrx_word' id='word_1_505' title='bbox 2349 598 2509 659; x_wconf 84' lang='lat' dir='ltr'><strong><em>Novit</em></strong></span> <span class='ocrx_word' id='word_1_506' title='bbox 2538 603 2786 663; x_wconf 82' lang='lat' dir='ltr'><strong><em>Dominus</em></strong></span> <span class='ocrx_word' id='word_1_507' title='bbox 2816 610 2923 666; x_wconf 75' lang='lat' dir='ltr'><strong><em>vias</em></strong></span> <span class='ocrx_word' id='word_1_508' title='bbox 2947 612 3434 672; x_wconf 75' lang='lat' dir='ltr'><strong><em>immaculatorum.</em></strong></span> 
     </span>
    </p>
   </div>
   <div class='ocr_carea' id='block_1_64' title="bbox 2419 694 3900 783">
    <p class='ocr_par' dir='ltr' id='par_1_64' title="bbox 2419 694 3900 783">
     <span class='ocr_line' id='line_1_65' title="bbox 2419 694 3900 783; baseline 0.022 -32"><span class='ocrx_word' id='word_1_509' title='bbox 2419 694 2475 751; x_wconf 88' lang='lat'><strong><em>8.</em></strong></span> <span class='ocrx_word' id='word_1_510' title='bbox 2506 694 2573 750; x_wconf 78' lang='lat' dir='ltr'><strong><em>Et</em></strong></span> <span class='ocrx_word' id='word_1_511' title='bbox 2598 697 2868 757; x_wconf 78' lang='lat' dir='ltr'><strong><em>htereditas</em></strong></span> <span class='ocrx_word' id='word_1_512' title='bbox 2891 718 3065 759; x_wconf 84' lang='lat' dir='ltr'><strong><em>eorum</em></strong></span> <span class='ocrx_word' id='word_1_513' title='bbox 3105 705 3158 760; x_wconf 90' lang='lat' dir='ltr'><strong><em>in</em></strong></span> <span class='ocrx_word' id='word_1_514' title='bbox 3200 717 3473 764; x_wconf 67' lang='lat' dir='ltr'><strong><em>internum</em></strong></span> <span class='ocrx_word' id='word_1_515' title='bbox 3499 709 3614 767; x_wconf 89' lang='lat' dir='ltr'><strong><em>erit.</em></strong></span> <span class='ocrx_word' id='word_1_516' title='bbox 3639 712 3740 772; x_wconf 79' lang='lat' dir='ltr'><strong><em>Hoc</em></strong></span> <span class='ocrx_word' id='word_1_517' title='bbox 3770 718 3812 775; x_wconf 89' lang='lat' dir='ltr'><strong><em>in</em></strong></span> <span class='ocrx_word' id='word_1_518' title='bbox 3831 723 3900 783; x_wconf 76' lang='lat' dir='ltr'><strong><em>Ide</em></strong></span> 
     </span>
    </p>
   </div>
   <div class='ocr_carea' id='block_1_65' title="bbox 2347 787 3900 876">
    <p class='ocr_par' dir='ltr' id='par_1_65' title="bbox 2347 787 3900 876">
     <span class='ocr_line' id='line_1_66' title="bbox 2347 787 3900 876; baseline 0.021 -34"><span class='ocrx_word' id='word_1_519' title='bbox 2347 787 2641 849; x_wconf 85' lang='lat' dir='ltr'><strong><em>habemus:</em></strong></span> <span class='ocrx_word' id='word_1_520' title='bbox 2672 793 2928 853; x_wconf 87' lang='lat' dir='ltr'><strong><em>Dominus</em></strong></span> <span class='ocrx_word' id='word_1_521' title='bbox 2958 801 3217 871; x_wconf 85' lang='lat' dir='ltr'><strong><em>numquid</em></strong></span> <span class='ocrx_word' id='word_1_522' title='bbox 3260 801 3322 858; x_wconf 89' lang='lat' dir='ltr'><strong><em>in</em></strong></span> <span class='ocrx_word' id='word_1_523' title='bbox 3354 802 3468 860; x_wconf 80' lang='lat' dir='ltr'><strong><em>ﬁde</em></strong></span> <span class='ocrx_word' id='word_1_524' title='bbox 3489 805 3515 859; x_wconf 82' lang='lat'><strong>?</strong></span> <span class='ocrx_word' id='word_1_525' title='bbox 3545 807 3782 868; x_wconf 81' lang='lat' dir='ltr'><strong><em>Dominus</em></strong></span> <span class='ocrx_word' id='word_1_526' title='bbox 3802 822 3900 876; x_wconf 77' lang='lat' dir='ltr'><strong><em>novit</em></strong></span> 
     </span>
    </p>
   </div>
   <div class='ocr_carea' id='block_1_66' title="bbox 2346 879 3897 972">
    <p class='ocr_par' dir='ltr' id='par_1_66' title="bbox 2346 879 3897 972">
     <span class='ocr_line' id='line_1_67' title="bbox 2346 879 3897 972; baseline 0.02 -37"><span class='ocrx_word' id='word_1_527' title='bbox 2346 879 2435 972; x_wconf 79' lang='lat' dir='ltr'><strong><em>illa</em></strong></span> <span class='ocrx_word' id='word_1_528' title='bbox 2462 882 2515 938; x_wconf 90' lang='lat' dir='ltr'><strong><em>in</em></strong></span> <span class='ocrx_word' id='word_1_529' title='bbox 2547 891 2691 941; x_wconf 87' lang='lat' dir='ltr'><strong><em>tanta</em></strong></span> <span class='ocrx_word' id='word_1_530' title='bbox 2718 887 3153 948; x_wconf 82' lang='lat' dir='ltr'><strong><em>manifestatione</em></strong></span> <span class='ocrx_word' id='word_1_531' title='bbox 3175 934 3194 960; x_wconf 91' lang='lat'><strong><em>,</em></strong></span> <span class='ocrx_word' id='word_1_532' title='bbox 3224 893 3285 949; x_wconf 91' lang='lat' dir='ltr'><strong><em>in</em></strong></span> <span class='ocrx_word' id='word_1_533' title='bbox 3313 903 3526 967; x_wconf 82' lang='lat' dir='ltr'><strong><em>quanta</em></strong></span> <span class='ocrx_word' id='word_1_534' title='bbox 3558 914 3663 957; x_wconf 90' lang='lat' dir='ltr'><strong><em>non</em></strong></span> <span class='ocrx_word' id='word_1_535' title='bbox 3688 917 3897 972; x_wconf 69' lang='lat' dir='ltr'><strong><em>possumus</em></strong></span> 
     </span>
    </p>
   </div>
   <div class='ocr_carea' id='block_1_67' title="bbox 2345 970 3895 1058">
    <p class='ocr_par' dir='ltr' id='par_1_67' title="bbox 2345 970 3895 1058">
     <span class='ocr_line' id='line_1_68' title="bbox 2345 970 3895 1058; baseline 0.017 -32"><span class='ocrx_word' id='word_1_536' title='bbox 2345 970 2525 1030; x_wconf 89' lang='lat' dir='ltr'><strong><em>dicere</em></strong></span> <span class='ocrx_word' id='word_1_537' title='bbox 2552 1015 2568 1043; x_wconf 90' lang='lat'><strong><em>,</em></strong></span> <span class='ocrx_word' id='word_1_538' title='bbox 2609 990 2732 1032; x_wconf 91' lang='lat' dir='ltr'><strong><em>eum</em></strong></span> <span class='ocrx_word' id='word_1_539' title='bbox 2757 978 2840 1035; x_wconf 86' lang='lat' dir='ltr'><strong><em>vel</em></strong></span> <span class='ocrx_word' id='word_1_540' title='bbox 2890 983 3085 1052; x_wconf 68' lang='lat' dir='ltr'><strong><em>arquati</em></strong></span> <span class='ocrx_word' id='word_1_541' title='bbox 3128 983 3376 1057; x_wconf 75' lang='lat' dir='ltr'><strong><em>Angelis</em></strong></span> <span class='ocrx_word' id='word_1_542' title='bbox 3416 986 3646 1045; x_wconf 86' lang='lat' dir='ltr'><strong><em>erimus.</em></strong></span> <span class='ocrx_word' id='word_1_543' title='bbox 3680 970 3781 1050; x_wconf 65' lang='lat' dir='ltr'><strong><em>Non</em></strong></span> <span class='ocrx_word' id='word_1_544' title='bbox 3800 1001 3895 1058; x_wconf 72' lang='lat' dir='ltr'><strong><em>utin</em></strong></span> 
     </span>
    </p>
   </div>
   <div class='ocr_carea' id='block_1_68' title="bbox 2346 1065 3890 1162">
    <p class='ocr_par' dir='ltr' id='par_1_68' title="bbox 2346 1065 3890 1162">
     <span class='ocr_line' id='line_1_69' title="bbox 2346 1065 3890 1162; baseline 0.017 -44"><span class='ocrx_word' id='word_1_545' title='bbox 2346 1065 2502 1122; x_wconf 88' lang='lat' dir='ltr'><strong><em>nobis</em></strong></span> <span class='ocrx_word' id='word_1_546' title='bbox 2546 1076 2652 1124; x_wconf 90' lang='lat' dir='ltr'><strong><em>tam</em></strong></span> <span class='ocrx_word' id='word_1_547' title='bbox 2696 1072 2978 1130; x_wconf 84' lang='lat' dir='ltr'><strong><em>manifesta</em></strong></span> <span class='ocrx_word' id='word_1_548' title='bbox 3028 1084 3230 1146; x_wconf 89' lang='lat' dir='ltr'><strong><em>erunt,</em></strong></span> <span class='ocrx_word' id='word_1_549' title='bbox 3279 1092 3413 1150; x_wconf 78' lang='lat' dir='ltr'><strong><em>qua:</em></strong></span> <span class='ocrx_word' id='word_1_550' title='bbox 3443 1090 3608 1138; x_wconf 89' lang='lat' dir='ltr'><strong><em>erunt</em></strong></span> <span class='ocrx_word' id='word_1_551' title='bbox 3653 1087 3890 1162; x_wconf 75' lang='lat' dir='ltr'><strong><em>manifesta,</em></strong></span> 
     </span>
    </p>
   </div>
   <div class='ocr_carea' id='block_1_69' title="bbox 2347 1166 3890 1251">
    <p class='ocr_par' dir='ltr' id='par_1_69' title="bbox 2347 1166 3890 1251">
     <span class='ocr_line' id='line_1_70' title="bbox 2347 1166 3890 1251; baseline 0.016 -38"><span class='ocrx_word' id='word_1_552' title='bbox 2347 1174 2506 1230; x_wconf 86' lang='lat' dir='ltr'><strong><em>quam</em></strong></span> <span class='ocrx_word' id='word_1_553' title='bbox 2534 1171 2663 1219; x_wconf 87' lang='lat' dir='ltr'><strong><em>sunt</em></strong></span> <span class='ocrx_word' id='word_1_554' title='bbox 2708 1166 2990 1223; x_wconf 78' lang='lat' dir='ltr'><strong><em>manifesta</em></strong></span> <span class='ocrx_word' id='word_1_555' title='bbox 3019 1168 3096 1225; x_wconf 90' lang='lat' dir='ltr'><strong><em>illi</em></strong></span> <span class='ocrx_word' id='word_1_556' title='bbox 3125 1169 3223 1241; x_wconf 87' lang='lat' dir='ltr'><strong><em>qui</em></strong></span> <span class='ocrx_word' id='word_1_557' title='bbox 3276 1187 3389 1228; x_wconf 90' lang='lat' dir='ltr'><strong><em>nec</em></strong></span> <span class='ocrx_word' id='word_1_558' title='bbox 3426 1180 3737 1233; x_wconf 86' lang='lat' dir='ltr'><strong><em>commutari</em></strong></span> <span class='ocrx_word' id='word_1_559' title='bbox 3755 1190 3890 1251; x_wconf 73' lang='lat' dir='ltr'><strong><em>potest.</em></strong></span> 
     </span>
    </p>
   </div>
   <div class='ocr_carea' id='block_1_70' title="bbox 2346 1251 3886 1346">
    <p class='ocr_par' dir='ltr' id='par_1_70' title="bbox 2346 1251 3886 1346">
     <span class='ocr_line' id='line_1_71' title="bbox 2346 1251 3886 1346; baseline 0.014 -40"><span class='ocrx_word' id='word_1_560' title='bbox 2346 1251 2549 1309; x_wconf 82' lang='lat' dir='ltr'><strong><em>Tamen</em></strong></span> <span class='ocrx_word' id='word_1_561' title='bbox 2598 1265 2653 1311; x_wconf 91' lang='lat' dir='ltr'><strong><em>et</em></strong></span> <span class='ocrx_word' id='word_1_562' title='bbox 2696 1256 2766 1314; x_wconf 89' lang='lat' dir='ltr'><strong><em>de</em></strong></span> <span class='ocrx_word' id='word_1_563' title='bbox 2807 1259 2963 1315; x_wconf 89' lang='lat' dir='ltr'><strong><em>nobis</em></strong></span> <span class='ocrx_word' id='word_1_564' title='bbox 3004 1262 3132 1332; x_wconf 89' lang='lat' dir='ltr'><strong><em>quid</em></strong></span> <span class='ocrx_word' id='word_1_565' title='bbox 3178 1262 3403 1320; x_wconf 88' lang='lat' dir='ltr'><strong><em>dictum</em></strong></span> <span class='ocrx_word' id='word_1_566' title='bbox 3444 1267 3576 1323; x_wconf 79' lang='lat' dir='ltr'><strong><em>est?</em></strong></span> <span class='ocrx_word' id='word_1_567' title='bbox 3605 1266 3886 1346; x_wconf 71' lang='grc' dir='ltr'><strong><em>υἰιεειὶηἰιπῑ,</em></strong></span> 
     </span>
    </p>
   </div>
   <div class='ocr_carea' id='block_1_71' title="bbox 2342 1348 3889 1432">
    <p class='ocr_par' dir='ltr' id='par_1_71' title="bbox 2342 1348 3889 1432">
     <span class='ocr_line' id='line_1_72' title="bbox 2342 1348 3889 1432; baseline 0.015 -31"><span class='ocrx_word' id='word_1_568' title='bbox 2342 1363 2475 1402; x_wconf 88' lang='lat' dir='ltr'><strong><em>nunc</em></strong></span> <span class='ocrx_word' id='word_1_569' title='bbox 2506 1349 2602 1419; x_wconf 88' lang='lat' dir='ltr'><strong><em>ﬁlii</em></strong></span> <span class='ocrx_word' id='word_1_570' title='bbox 2621 1348 2717 1406; x_wconf 90' lang='lat' dir='ltr'><strong><em>Dei</em></strong></span> <span class='ocrx_word' id='word_1_571' title='bbox 2741 1369 2938 1420; x_wconf 89' lang='lat' dir='ltr'><strong><em>sumus,</em></strong></span> <span class='ocrx_word' id='word_1_572' title='bbox 2959 1364 3006 1409; x_wconf 90' lang='lat' dir='ltr'><strong><em>et</em></strong></span> <span class='ocrx_word' id='word_1_573' title='bbox 3036 1356 3275 1411; x_wconf 86' lang='lat' dir='ltr'><strong><em>nondum</em></strong></span> <span class='ocrx_word' id='word_1_574' title='bbox 3303 1360 3559 1429; x_wconf 77' lang='lat' dir='ltr'><strong><em>apparuit</em></strong></span> <span class='ocrx_word' id='word_1_575' title='bbox 3582 1364 3710 1432; x_wconf 78' lang='lat' dir='ltr'><strong><em>quod</em></strong></span> <span class='ocrx_word' id='word_1_576' title='bbox 3734 1368 3889 1424; x_wconf 65' lang='lat' dir='ltr'><strong><em>eum:</em></strong></span> 
     </span>
    </p>
   </div>
   <div class='ocr_carea' id='block_1_72' title="bbox 2341 1440 3886 1526">
    <p class='ocr_par' dir='ltr' id='par_1_72' title="bbox 2341 1440 3886 1526">
     <span class='ocr_line' id='line_1_73' title="bbox 2341 1440 3886 1526; baseline 0.012 -33"><span class='ocrx_word' id='word_1_577' title='bbox 2341 1440 2525 1496; x_wconf 84' lang='lat' dir='ltr'><strong><em>scimus</em></strong></span> <span class='ocrx_word' id='word_1_578' title='bbox 2551 1442 2675 1512; x_wconf 81' lang='lat' dir='ltr'><strong><em>quia</em></strong></span> <span class='ocrx_word' id='word_1_579' title='bbox 2692 1460 2806 1498; x_wconf 90' lang='lat' dir='ltr'><strong><em>cum</em></strong></span> <span class='ocrx_word' id='word_1_580' title='bbox 2830 1447 3145 1518; x_wconf 85' lang='lat' dir='ltr'><strong><em>apparuerit.</em></strong></span> <span class='ocrx_word' id='word_1_581' title='bbox 3173 1449 3391 1505; x_wconf 86' lang='lat' dir='ltr'><strong><em>similes</em></strong></span> <span class='ocrx_word' id='word_1_582' title='bbox 3411 1451 3459 1505; x_wconf 84' lang='lat' dir='ltr'><strong><em>ei</em></strong></span> <span class='ocrx_word' id='word_1_583' title='bbox 3489 1451 3695 1520; x_wconf 80' lang='lat' dir='ltr'><strong><em>erimus,</em></strong></span> <span class='ocrx_word' id='word_1_584' title='bbox 3718 1459 3886 1526; x_wconf 61' lang='lat' dir='ltr'><strong><em>quorum</em></strong></span> 
     </span>
    </p>
   </div>
   <div class='ocr_carea' id='block_1_73' title="bbox 2340 1532 3884 1624">
    <p class='ocr_par' dir='ltr' id='par_1_73' title="bbox 2340 1532 3884 1624">
     <span class='ocr_line' id='line_1_74' title="bbox 2340 1532 3884 1624; baseline 0.016 -39"><span class='ocrx_word' id='word_1_585' title='bbox 2340 1532 2616 1624; x_wconf 78' lang='lat' dir='ltr'><strong><em>uidebimus</em></strong></span> <span class='ocrx_word' id='word_1_586' title='bbox 2645 1552 2759 1591; x_wconf 85' lang='lat' dir='ltr'><strong><em>eum</em></strong></span> <span class='ocrx_word' id='word_1_587' title='bbox 2786 1539 2938 1593; x_wconf 86' lang='lat' dir='ltr'><strong><em>sicuti</em></strong></span> <span class='ocrx_word' id='word_1_588' title='bbox 2965 1549 3038 1594; x_wconf 83' lang='lat' dir='ltr'><strong><em>est</em></strong></span> <span class='ocrx_word' id='word_1_589' title='bbox 3064 1540 3107 1613; x_wconf 92' lang='grc' dir='ltr'><strong><em>(Ι</em></strong></span> <span class='ocrx_word' id='word_1_590' title='bbox 3130 1539 3302 1598; x_wconf 82' lang='lat' dir='ltr'><strong><em>Joan.</em></strong></span> <span class='ocrx_word' id='word_1_591' title='bbox 3338 1558 3423 1605; x_wconf 84' lang='lat' dir='ltr'><strong><em>tu.</em></strong></span> <span class='ocrx_word' id='word_1_592' title='bbox 3442 1542 3525 1614; x_wconf 76' lang='lat'><strong><em>2).</em></strong></span> <span class='ocrx_word' id='word_1_593' title='bbox 3556 1544 3789 1604; x_wconf 82' lang='lat' dir='ltr'><strong><em>Servatur</em></strong></span> <span class='ocrx_word' id='word_1_594' title='bbox 3802 1568 3884 1624; x_wconf 69' lang='lat' dir='ltr'><strong><em>ergo</em></strong></span> 
     </span>
    </p>
   </div>
   <div class='ocr_carea' id='block_1_74' title="bbox 2341 1623 3882 1704">
    <p class='ocr_par' dir='ltr' id='par_1_74' title="bbox 2341 1623 3882 1704">
     <span class='ocr_line' id='line_1_75' title="bbox 2341 1623 3882 1704; baseline 0.016 -27"><span class='ocrx_word' id='word_1_595' title='bbox 2341 1623 2498 1679; x_wconf 90' lang='lat' dir='ltr'><strong><em>nobis</em></strong></span> <span class='ocrx_word' id='word_1_596' title='bbox 2519 1626 2704 1683; x_wconf 89' lang='lat' dir='ltr'><strong><em>nescio</em></strong></span> <span class='ocrx_word' id='word_1_597' title='bbox 2746 1629 2887 1699; x_wconf 91' lang='lat' dir='ltr'><strong><em>quod</em></strong></span> <span class='ocrx_word' id='word_1_598' title='bbox 2931 1629 3090 1688; x_wconf 88' lang='lat' dir='ltr'><strong><em>dulce</em></strong></span> <span class='ocrx_word' id='word_1_599' title='bbox 3115 1636 3505 1704; x_wconf 83' lang='lat' dir='ltr'><strong><em>spectaculum</em></strong></span> <span class='ocrx_word' id='word_1_600' title='bbox 3543 1623 3882 1701; x_wconf 78' lang='lat' dir='ltr'><strong><em>omninozetu&#39;</em></strong></span> 
     </span>
    </p>
   </div>
   <div class='ocr_carea' id='block_1_75' title="bbox 2339 1715 3881 1800">
    <p class='ocr_par' dir='ltr' id='par_1_75' title="bbox 2339 1715 3881 1800">
     <span class='ocr_line' id='line_1_76' title="bbox 2339 1715 3881 1800; baseline 0.014 -32"><span class='ocrx_word' id='word_1_601' title='bbox 2339 1715 2560 1787; x_wconf 88' lang='lat' dir='ltr'><strong><em>cogitari</em></strong></span> <span class='ocrx_word' id='word_1_602' title='bbox 2585 1733 2651 1773; x_wconf 85' lang='lat' dir='ltr'><strong><em>ex</em></strong></span> <span class='ocrx_word' id='word_1_603' title='bbox 2674 1718 2850 1791; x_wconf 90' lang='lat' dir='ltr'><strong><em>aliqua</em></strong></span> <span class='ocrx_word' id='word_1_604' title='bbox 2877 1731 3026 1791; x_wconf 86' lang='lat' dir='ltr'><strong><em>parte</em></strong></span> <span class='ocrx_word' id='word_1_605' title='bbox 3057 1723 3108 1778; x_wconf 91' lang='lat' dir='ltr'><strong><em>in</em></strong></span> <span class='ocrx_word' id='word_1_606' title='bbox 3134 1724 3443 1795; x_wconf 81' lang='lat' dir='ltr'><strong><em>:enigmate</em></strong></span> <span class='ocrx_word' id='word_1_607' title='bbox 3472 1735 3531 1782; x_wconf 88' lang='lat' dir='ltr'><strong><em>et</em></strong></span> <span class='ocrx_word' id='word_1_608' title='bbox 3559 1745 3652 1797; x_wconf 87' lang='lat' dir='ltr'><strong><em>per</em></strong></span> <span class='ocrx_word' id='word_1_609' title='bbox 3678 1734 3881 1800; x_wconf 78' lang='lat' dir='ltr'><strong><em>speculum</em></strong></span> 
     </span>
    </p>
   </div>
   <div class='ocr_carea' id='block_1_76' title="bbox 2340 1810 3880 1891">
    <p class='ocr_par' dir='ltr' id='par_1_76' title="bbox 2340 1810 3880 1891">
     <span class='ocr_line' id='line_1_77' title="bbox 2340 1810 3880 1891; baseline 0.012 -28"><span class='ocrx_word' id='word_1_610' title='bbox 2340 1817 2554 1879; x_wconf 88' lang='lat' dir='ltr'><strong><em>potest,</em></strong></span> <span class='ocrx_word' id='word_1_611' title='bbox 2584 1810 2689 1866; x_wconf 90' lang='lat' dir='ltr'><strong><em>dici</em></strong></span> <span class='ocrx_word' id='word_1_612' title='bbox 2732 1820 2907 1870; x_wconf 89' lang='lat' dir='ltr'><strong><em>tamen</em></strong></span> <span class='ocrx_word' id='word_1_613' title='bbox 2933 1815 3081 1871; x_wconf 91' lang='lat' dir='ltr'><strong><em>nullo</em></strong></span> <span class='ocrx_word' id='word_1_614' title='bbox 3112 1816 3282 1872; x_wconf 85' lang='lat' dir='ltr'><strong><em>modo</em></strong></span> <span class='ocrx_word' id='word_1_615' title='bbox 3314 1827 3504 1889; x_wconf 85' lang='lat' dir='ltr'><strong><em>potest</em></strong></span> <span class='ocrx_word' id='word_1_616' title='bbox 3533 1821 3880 1891; x_wconf 66' lang='lat' dir='ltr'><strong><em>pulchritudoil</em></strong></span> 
     </span>
    </p>
   </div>
   <div class='ocr_carea' id='block_1_77' title="bbox 2338 1901 3876 1983">
    <p class='ocr_par' dir='ltr' id='par_1_77' title="bbox 2338 1901 3876 1983">
     <span class='ocr_line' id='line_1_78' title="bbox 2338 1901 3876 1983; baseline 0.01 -25"><span class='ocrx_word' id='word_1_617' title='bbox 2338 1901 2440 1959; x_wconf 87' lang='lat' dir='ltr'><strong><em>lius</em></strong></span> <span class='ocrx_word' id='word_1_618' title='bbox 2484 1903 2818 1973; x_wconf 87' lang='lat' dir='ltr'><strong><em>dulcedinis,</em></strong></span> <span class='ocrx_word' id='word_1_619' title='bbox 2850 1922 3010 1979; x_wconf 89' lang='lat' dir='ltr'><strong><em>quam</em></strong></span> <span class='ocrx_word' id='word_1_620' title='bbox 3059 1916 3247 1965; x_wconf 83' lang='lat' dir='ltr'><strong><em>servat</em></strong></span> <span class='ocrx_word' id='word_1_621' title='bbox 3301 1910 3457 1967; x_wconf 83' lang='lat' dir='ltr'><strong><em>Deus</em></strong></span> <span class='ocrx_word' id='word_1_622' title='bbox 3505 1914 3788 1972; x_wconf 80' lang='lat' dir='ltr'><strong><em>timentibus</em></strong></span> <span class='ocrx_word' id='word_1_623' title='bbox 3819 1933 3876 1983; x_wconf 78' lang='lat' dir='ltr'><strong><em>se.</em></strong></span> 
     </span>
    </p>
   </div>
   <div class='ocr_carea' id='block_1_78' title="bbox 2337 1993 3876 2079">
    <p class='ocr_par' dir='ltr' id='par_1_78' title="bbox 2337 1993 3876 2079">
     <span class='ocr_line' id='line_1_79' title="bbox 2337 1993 3876 2079; baseline 0.01 -32"><span class='ocrx_word' id='word_1_624' title='bbox 2337 1993 2544 2062; x_wconf 85' lang='lat' dir='ltr'><strong><em>perlicit</em></strong></span> <span class='ocrx_word' id='word_1_625' title='bbox 2572 2004 2747 2052; x_wconf 90' lang='lat' dir='ltr'><strong><em>autem</em></strong></span> <span class='ocrx_word' id='word_1_626' title='bbox 2796 1999 3132 2069; x_wconf 88' lang='lat' dir='ltr'><strong><em>sperantibus</em></strong></span> <span class='ocrx_word' id='word_1_627' title='bbox 3164 2001 3218 2056; x_wconf 91' lang='lat' dir='ltr'><strong><em>in</em></strong></span> <span class='ocrx_word' id='word_1_628' title='bbox 3267 2015 3334 2058; x_wconf 83' lang='lat' dir='ltr'><strong><em>se</em></strong></span> <span class='ocrx_word' id='word_1_629' title='bbox 3364 2000 3546 2072; x_wconf 85' lang='lat' dir='ltr'><strong><em>(Psal.</em></strong></span> <span class='ocrx_word' id='word_1_630' title='bbox 3577 2020 3673 2059; x_wconf 72' lang='lat' dir='ltr'><strong>xxx</strong></span> <span class='ocrx_word' id='word_1_631' title='bbox 3694 2047 3708 2068; x_wconf 95' lang='lat'><strong><em>,</em></strong></span> <span class='ocrx_word' id='word_1_632' title='bbox 3732 2004 3817 2079; x_wconf 75' lang='grc'><strong>20).</strong></span> <span class='ocrx_word' id='word_1_633' title='bbox 3837 2008 3876 2062; x_wconf 83' lang='lat' dir='ltr'><strong><em>ll-</em></strong></span> 
     </span>
    </p>
   </div>
   <div class='ocr_carea' id='block_1_79' title="bbox 2336 2085 3874 2171">
    <p class='ocr_par' dir='ltr' id='par_1_79' title="bbox 2336 2085 3874 2171">
     <span class='ocr_line' id='line_1_80' title="bbox 2336 2085 3874 2171; baseline 0.012 -31"><span class='ocrx_word' id='word_1_634' title='bbox 2336 2085 2423 2142; x_wconf 90' lang='lat' dir='ltr'><strong><em>luc</em></strong></span> <span class='ocrx_word' id='word_1_635' title='bbox 2451 2100 2707 2157; x_wconf 89' lang='lat' dir='ltr'><strong><em>parantur</em></strong></span> <span class='ocrx_word' id='word_1_636' title='bbox 2742 2089 2904 2147; x_wconf 85' lang='lat' dir='ltr'><strong><em>corda</em></strong></span> <span class='ocrx_word' id='word_1_637' title='bbox 2926 2101 3106 2148; x_wconf 88' lang='lat' dir='ltr'><strong><em>nostra</em></strong></span> <span class='ocrx_word' id='word_1_638' title='bbox 3134 2093 3186 2148; x_wconf 92' lang='lat' dir='ltr'><strong><em>in</em></strong></span> <span class='ocrx_word' id='word_1_639' title='bbox 3206 2096 3484 2153; x_wconf 82' lang='lat' dir='ltr'><strong><em>omnibus</em></strong></span> <span class='ocrx_word' id='word_1_640' title='bbox 3516 2097 3637 2154; x_wconf 70' lang='lat' dir='ltr'><strong><em>vine</em></strong></span> <span class='ocrx_word' id='word_1_641' title='bbox 3673 2098 3874 2171; x_wconf 84' lang='lat' dir='ltr'><strong><em>hujustri-</em></strong></span> 
     </span>
    </p>
   </div>
   <div class='ocr_carea' id='block_1_80' title="bbox 2335 2179 3870 2262">
    <p class='ocr_par' dir='ltr' id='par_1_80' title="bbox 2335 2179 3870 2262">
     <span class='ocr_line' id='line_1_81' title="bbox 2335 2179 3870 2262; baseline 0.007 -26"><span class='ocrx_word' id='word_1_642' title='bbox 2335 2179 2698 2237; x_wconf 86' lang='lat' dir='ltr'><strong><em>bulationibus</em></strong></span> <span class='ocrx_word' id='word_1_643' title='bbox 2735 2193 2791 2238; x_wconf 85' lang='lat' dir='ltr'><strong><em>et</em></strong></span> <span class='ocrx_word' id='word_1_644' title='bbox 2832 2185 3236 2242; x_wconf 88' lang='lat' dir='ltr'><strong><em>tentatiouibus.</em></strong></span> <span class='ocrx_word' id='word_1_645' title='bbox 3289 2186 3416 2243; x_wconf 85' lang='lat' dir='ltr'><strong><em>Noli</em></strong></span> <span class='ocrx_word' id='word_1_646' title='bbox 3476 2189 3689 2256; x_wconf 84' lang='lat' dir='ltr'><strong><em>mirari,</em></strong></span> <span class='ocrx_word' id='word_1_647' title='bbox 3729 2192 3870 2262; x_wconf 73' lang='lat' dir='ltr'><strong><em>quinia</em></strong></span> 
     </span>
    </p>
   </div>
   <div class='ocr_carea' id='block_1_81' title="bbox 2335 2270 3871 2353">
    <p class='ocr_par' dir='ltr' id='par_1_81' title="bbox 2335 2270 3871 2353">
     <span class='ocr_line' id='line_1_82' title="bbox 2335 2270 3871 2353; baseline 0.008 -26"><span class='ocrx_word' id='word_1_648' title='bbox 2335 2270 2610 2330; x_wconf 84' lang='lat' dir='ltr'><strong><em>laboribus</em></strong></span> <span class='ocrx_word' id='word_1_649' title='bbox 2639 2273 2843 2345; x_wconf 85' lang='lat' dir='ltr'><strong><em>pararis</em></strong></span> <span class='ocrx_word' id='word_1_650' title='bbox 2869 2291 2885 2331; x_wconf 92' lang='lat'><strong>:</strong></span> <span class='ocrx_word' id='word_1_651' title='bbox 2916 2275 2984 2332; x_wconf 85' lang='lat' dir='ltr'><strong><em>ad</em></strong></span> <span class='ocrx_word' id='word_1_652' title='bbox 3013 2292 3269 2348; x_wconf 83' lang='lat' dir='ltr'><strong><em>magnum</em></strong></span> <span class='ocrx_word' id='word_1_653' title='bbox 3301 2277 3514 2351; x_wconf 84' lang='lat' dir='ltr'><strong><em>aliquid</em></strong></span> <span class='ocrx_word' id='word_1_654' title='bbox 3545 2284 3751 2353; x_wconf 84' lang='lat' dir='ltr'><strong><em>pararis.</em></strong></span> <span class='ocrx_word' id='word_1_655' title='bbox 3771 2283 3871 2340; x_wconf 72' lang='grc' dir='ltr'>ῦικιε</span> 
     </span>
    </p>
   </div>
   <div class='ocr_carea' id='block_1_82' title="bbox 2332 2366 3869 2446">
    <p class='ocr_par' dir='ltr' id='par_1_82' title="bbox 2332 2366 3869 2446">
     <span class='ocr_line' id='line_1_83' title="bbox 2332 2366 3869 2446; baseline 0.007 -26"><span class='ocrx_word' id='word_1_656' title='bbox 2332 2380 2435 2421; x_wconf 78' lang='lat' dir='ltr'><strong><em>vox</em></strong></span> <span class='ocrx_word' id='word_1_657' title='bbox 2460 2366 2549 2422; x_wconf 91' lang='lat' dir='ltr'><strong><em>illa</em></strong></span> <span class='ocrx_word' id='word_1_658' title='bbox 2570 2367 2698 2438; x_wconf 86' lang='lat' dir='ltr'><strong><em>justi</em></strong></span> <span class='ocrx_word' id='word_1_659' title='bbox 2737 2368 3037 2425; x_wconf 74' lang='lat' dir='ltr'><strong><em>confirmati</em></strong></span> <span class='ocrx_word' id='word_1_660' title='bbox 3068 2388 3083 2425; x_wconf 91' lang='lat'><strong>:</strong></span> <span class='ocrx_word' id='word_1_661' title='bbox 3117 2370 3240 2426; x_wconf 85' lang='lat' dir='ltr'><strong><em>Non</em></strong></span> <span class='ocrx_word' id='word_1_662' title='bbox 3267 2382 3392 2427; x_wconf 84' lang='lat' dir='ltr'><strong><em>sunt</em></strong></span> <span class='ocrx_word' id='word_1_663' title='bbox 3422 2373 3692 2444; x_wconf 70' lang='lat' dir='ltr'><strong><em>condigne</em></strong></span> <span class='ocrx_word' id='word_1_664' title='bbox 3735 2376 3869 2446; x_wconf 55' lang='lat' dir='ltr'><strong><em>possit.</em></strong></span> 
     </span>
    </p>
   </div>
   <div class='ocr_carea' id='block_1_83' title="bbox 2333 2460 3867 2538">
    <p class='ocr_par' dir='ltr' id='par_1_83' title="bbox 2333 2460 3867 2538">
     <span class='ocr_line' id='line_1_84' title="bbox 2333 2460 3867 2538; baseline 0.006 -24"><span class='ocrx_word' id='word_1_665' title='bbox 2333 2477 2421 2515; x_wconf 87' lang='lat' dir='ltr'><strong><em>nes</em></strong></span> <span class='ocrx_word' id='word_1_666' title='bbox 2441 2460 2592 2531; x_wconf 86' lang='lat' dir='ltr'><strong><em>hujus</em></strong></span> <span class='ocrx_word' id='word_1_667' title='bbox 2613 2463 2850 2532; x_wconf 85' lang='lat' dir='ltr'><strong><em>temporis</em></strong></span> <span class='ocrx_word' id='word_1_668' title='bbox 2869 2463 2939 2517; x_wconf 90' lang='lat' dir='ltr'><strong><em>ad</em></strong></span> <span class='ocrx_word' id='word_1_669' title='bbox 2976 2466 3197 2535; x_wconf 77' lang='lat' dir='ltr'><strong><em>futuram</em></strong></span> <span class='ocrx_word' id='word_1_670' title='bbox 3225 2466 3481 2538; x_wconf 85' lang='lat' dir='ltr'><strong><em>gloriam,</em></strong></span> <span class='ocrx_word' id='word_1_671' title='bbox 3509 2483 3621 2536; x_wconf 70' lang='lat' dir='ltr'><strong><em>quis</em></strong></span> <span class='ocrx_word' id='word_1_672' title='bbox 3643 2468 3867 2523; x_wconf 71' lang='lat' dir='ltr'><strong><em>revelabitur</em></strong></span> 
     </span>
    </p>
   </div>
   <div class='ocr_carea' id='block_1_84' title="bbox 2330 2554 3863 2633">
    <p class='ocr_par' dir='ltr' id='par_1_84' title="bbox 2330 2554 3863 2633">
     <span class='ocr_line' id='line_1_85' title="bbox 2330 2554 3863 2633; baseline 0.005 -25"><span class='ocrx_word' id='word_1_673' title='bbox 2330 2554 2386 2609; x_wconf 89' lang='lat' dir='ltr'><strong><em>in</em></strong></span> <span class='ocrx_word' id='word_1_674' title='bbox 2416 2556 2557 2610; x_wconf 90' lang='lat' dir='ltr'><strong><em>nobis</em></strong></span> <span class='ocrx_word' id='word_1_675' title='bbox 2577 2554 2752 2623; x_wconf 81' lang='lat' dir='ltr'><strong><em>(Rom.</em></strong></span> <span class='ocrx_word' id='word_1_676' title='bbox 2785 2573 2899 2625; x_wconf 83' lang='lat' dir='ltr'><strong><em>vut,</em></strong></span> <span class='ocrx_word' id='word_1_677' title='bbox 2929 2557 3045 2628; x_wconf 78' lang='lat' dir='ltr'><strong><em>l8).</em></strong></span> <span class='ocrx_word' id='word_1_678' title='bbox 3068 2558 3199 2627; x_wconf 61' lang='lat' dir='ltr'><strong><em>Quae</em></strong></span> <span class='ocrx_word' id='word_1_679' title='bbox 3223 2559 3336 2615; x_wconf 81' lang='lat' dir='ltr'><strong><em>erit</em></strong></span> <span class='ocrx_word' id='word_1_680' title='bbox 3354 2559 3534 2616; x_wconf 77' lang='lat' dir='ltr'><strong><em>futura</em></strong></span> <span class='ocrx_word' id='word_1_681' title='bbox 3553 2560 3708 2633; x_wconf 84' lang='lat' dir='ltr'><strong><em>gloria</em></strong></span> <span class='ocrx_word' id='word_1_682' title='bbox 3729 2572 3863 2625; x_wconf 83' lang='lat' dir='ltr'><strong><em>nostn,</em></strong></span> 
     </span>
    </p>
   </div>
   <div class='ocr_carea' id='block_1_85' title="bbox 2332 2647 3865 2724">
    <p class='ocr_par' dir='ltr' id='par_1_85' title="bbox 2332 2647 3865 2724">
     <span class='ocr_line' id='line_1_86' title="bbox 2332 2647 3865 2724; baseline 0.003 -22"><span class='ocrx_word' id='word_1_683' title='bbox 2332 2647 2434 2702; x_wconf 89' lang='lat' dir='ltr'><strong><em>nisi</em></strong></span> <span class='ocrx_word' id='word_1_684' title='bbox 2460 2648 2659 2719; x_wconf 71' lang='lat' dir='ltr'><strong><em>mquari</em></strong></span> <span class='ocrx_word' id='word_1_685' title='bbox 2679 2649 2914 2720; x_wconf 85' lang='lat' dir='ltr'><strong><em>Angelis,</em></strong></span> <span class='ocrx_word' id='word_1_686' title='bbox 2937 2658 2991 2705; x_wconf 90' lang='lat' dir='ltr'><strong><em>et</em></strong></span> <span class='ocrx_word' id='word_1_687' title='bbox 3012 2650 3194 2706; x_wconf 88' lang='lat' dir='ltr'><strong><em>videre</em></strong></span> <span class='ocrx_word' id='word_1_688' title='bbox 3224 2651 3432 2708; x_wconf 83' lang='lat' dir='ltr'><strong><em>Deum?</em></strong></span> <span class='ocrx_word' id='word_1_689' title='bbox 3445 2651 3700 2719; x_wconf 81' lang='lat' dir='ltr'><strong><em>Quantum</em></strong></span> <span class='ocrx_word' id='word_1_690' title='bbox 3717 2660 3865 2724; x_wconf 69' lang='lat' dir='ltr'><strong><em>pra-stat</em></strong></span> 
     </span>
    </p>
   </div>
   <div class='ocr_carea' id='block_1_86' title="bbox 2331 2740 3864 2811">
    <p class='ocr_par' dir='ltr' id='par_1_86' title="bbox 2331 2740 3864 2811">
     <span class='ocr_line' id='line_1_87' title="bbox 2331 2740 3864 2811; baseline -0.001 -15"><span class='ocrx_word' id='word_1_691' title='bbox 2331 2754 2496 2806; x_wconf 66' lang='lat' dir='ltr'><strong><em>casco,</em></strong></span> <span class='ocrx_word' id='word_1_692' title='bbox 2524 2740 2613 2811; x_wconf 91' lang='lat' dir='ltr'><strong><em>qui</em></strong></span> <span class='ocrx_word' id='word_1_693' title='bbox 2639 2740 2715 2795; x_wconf 92' lang='lat' dir='ltr'><strong><em>illi</em></strong></span> <span class='ocrx_word' id='word_1_694' title='bbox 2744 2741 2930 2797; x_wconf 88' lang='lat' dir='ltr'><strong><em>oculos</em></strong></span> <span class='ocrx_word' id='word_1_695' title='bbox 2954 2741 3221 2799; x_wconf 86' lang='lat' dir='ltr'><strong><em>sanaverit</em></strong></span> <span class='ocrx_word' id='word_1_696' title='bbox 3249 2784 3267 2811; x_wconf 95' lang='lat'><strong><em>,</em></strong></span> <span class='ocrx_word' id='word_1_697' title='bbox 3300 2753 3363 2800; x_wconf 93' lang='lat' dir='ltr'><strong><em>ut</em></strong></span> <span class='ocrx_word' id='word_1_698' title='bbox 3387 2742 3864 2802; x_wconf 82' lang='lat' dir='ltr'><strong><em>videathanelucem?</em></strong></span> 
     </span>
    </p>
   </div>
   <div class='ocr_carea' id='block_1_87' title="bbox 2330 2830 3859 2906">
    <p class='ocr_par' dir='ltr' id='par_1_87' title="bbox 2330 2830 3859 2906">
     <span class='ocr_line' id='line_1_88' title="bbox 2330 2830 3859 2906; baseline 0 -19"><span class='ocrx_word' id='word_1_699' title='bbox 2330 2830 2463 2888; x_wconf 86' lang='lat' dir='ltr'><strong><em>Cum</em></strong></span> <span class='ocrx_word' id='word_1_700' title='bbox 2493 2847 2658 2889; x_wconf 88' lang='lat' dir='ltr'><strong><em>sanus</em></strong></span> <span class='ocrx_word' id='word_1_701' title='bbox 2686 2832 2855 2890; x_wconf 83' lang='lat' dir='ltr'><strong><em>factus</em></strong></span> <span class='ocrx_word' id='word_1_702' title='bbox 2884 2833 3043 2889; x_wconf 79' lang='lat' dir='ltr'><strong><em>fuerit</em></strong></span> <span class='ocrx_word' id='word_1_703' title='bbox 3071 2834 3178 2901; x_wconf 88' lang='lat' dir='ltr'><strong><em>ille,</em></strong></span> <span class='ocrx_word' id='word_1_704' title='bbox 3210 2849 3319 2893; x_wconf 91' lang='lat' dir='ltr'><strong><em>nec</em></strong></span> <span class='ocrx_word' id='word_1_705' title='bbox 3352 2836 3557 2892; x_wconf 87' lang='lat' dir='ltr'><strong><em>invenit</em></strong></span> <span class='ocrx_word' id='word_1_706' title='bbox 3581 2835 3696 2906; x_wconf 89' lang='lat' dir='ltr'><strong><em>quid</em></strong></span> <span class='ocrx_word' id='word_1_707' title='bbox 3712 2834 3859 2906; x_wconf 72' lang='lat' dir='ltr'><strong><em>dignun</em></strong></span> 
     </span>
    </p>
   </div>
   <div class='ocr_carea' id='block_1_88' title="bbox 2328 2925 3860 2998">
    <p class='ocr_par' dir='ltr' id='par_1_88' title="bbox 2328 2925 3860 2998">
     <span class='ocr_line' id='line_1_89' title="bbox 2328 2925 3860 2998; baseline 0.001 -17"><span class='ocrx_word' id='word_1_708' title='bbox 2328 2927 2587 2998; x_wconf 88' lang='lat' dir='ltr'><strong><em>rependat</em></strong></span> <span class='ocrx_word' id='word_1_709' title='bbox 2606 2926 2838 2982; x_wconf 88' lang='lat' dir='ltr'><strong><em>sanatori</em></strong></span> <span class='ocrx_word' id='word_1_710' title='bbox 2867 2941 2965 2983; x_wconf 89' lang='lat' dir='ltr'><strong><em>suo</em></strong></span> <span class='ocrx_word' id='word_1_711' title='bbox 2984 2942 3000 2981; x_wconf 88' lang='lat'><strong>:</strong></span> <span class='ocrx_word' id='word_1_712' title='bbox 3018 2927 3421 2998; x_wconf 86' lang='lat' dir='ltr'><strong><em>quantumlibet</em></strong></span> <span class='ocrx_word' id='word_1_713' title='bbox 3435 2929 3578 2986; x_wconf 92' lang='lat' dir='ltr'><strong><em>enim</em></strong></span> <span class='ocrx_word' id='word_1_714' title='bbox 3591 2928 3662 2984; x_wconf 90' lang='lat' dir='ltr'><strong><em>illi</em></strong></span> <span class='ocrx_word' id='word_1_715' title='bbox 3683 2925 3860 2997; x_wconf 81' lang='lat' dir='ltr'><strong><em>det,quid</em></strong></span> 
     </span>
    </p>
   </div>
   <div class='ocr_carea' id='block_1_89' title="bbox 2329 3015 3858 3092">
    <p class='ocr_par' dir='ltr' id='par_1_89' title="bbox 2329 3015 3858 3092">
     <span class='ocr_line' id='line_1_90' title="bbox 2329 3015 3858 3092; baseline 0.001 -20"><span class='ocrx_word' id='word_1_716' title='bbox 2329 3015 2476 3072; x_wconf 88' lang='lat' dir='ltr'><strong><em>dabit</em></strong></span> <span class='ocrx_word' id='word_1_717' title='bbox 2501 3017 2605 3074; x_wconf 88' lang='lat' dir='ltr'><strong><em>tale</em></strong></span> <span class='ocrx_word' id='word_1_718' title='bbox 2627 3018 2785 3089; x_wconf 87' lang='lat' dir='ltr'><strong><em>quale</em></strong></span> <span class='ocrx_word' id='word_1_719' title='bbox 2804 3018 2893 3075; x_wconf 90' lang='lat' dir='ltr'><strong><em>ille</em></strong></span> <span class='ocrx_word' id='word_1_720' title='bbox 2917 3020 3195 3092; x_wconf 74' lang='lat' dir='ltr'><strong><em>prmstitit?</em></strong></span> <span class='ocrx_word' id='word_1_721' title='bbox 3212 3019 3289 3079; x_wconf 87' lang='lat' dir='ltr'><strong><em>Ut</em></strong></span> <span class='ocrx_word' id='word_1_722' title='bbox 3306 3022 3592 3092; x_wconf 88' lang='lat' dir='ltr'><strong><em>plurimum</em></strong></span> <span class='ocrx_word' id='word_1_723' title='bbox 3613 3020 3711 3085; x_wconf 81' lang='lat' dir='ltr'><strong><em>det,</em></strong></span> <span class='ocrx_word' id='word_1_724' title='bbox 3732 3031 3858 3075; x_wconf 78' lang='lat' dir='ltr'><strong><em>aurum</em></strong></span> 
     </span>
    </p>
   </div>
   <div class='ocr_carea' id='block_1_90' title="bbox 2329 3106 3860 3185">
    <p class='ocr_par' dir='ltr' id='par_1_90' title="bbox 2329 3106 3860 3185">
     <span class='ocr_line' id='line_1_91' title="bbox 2329 3106 3860 3185; baseline 0.001 -23"><span class='ocrx_word' id='word_1_725' title='bbox 2329 3106 2497 3170; x_wconf 88' lang='lat' dir='ltr'><strong><em>dabit.</em></strong></span> <span class='ocrx_word' id='word_1_726' title='bbox 2518 3116 2571 3164; x_wconf 86' lang='lat' dir='ltr'><strong><em>et</em></strong></span> <span class='ocrx_word' id='word_1_727' title='bbox 2590 3108 2817 3165; x_wconf 89' lang='lat' dir='ltr'><strong><em>multum</em></strong></span> <span class='ocrx_word' id='word_1_728' title='bbox 2839 3124 3027 3167; x_wconf 86' lang='lat' dir='ltr'><strong><em>aurum</em></strong></span> <span class='ocrx_word' id='word_1_729' title='bbox 3049 3111 3197 3168; x_wconf 91' lang='lat' dir='ltr'><strong><em>dabit</em></strong></span> <span class='ocrx_word' id='word_1_730' title='bbox 3225 3129 3241 3166; x_wconf 91' lang='lat'><strong>:</strong></span> <span class='ocrx_word' id='word_1_731' title='bbox 3269 3113 3365 3170; x_wconf 89' lang='lat' dir='ltr'><strong><em>ille</em></strong></span> <span class='ocrx_word' id='word_1_732' title='bbox 3383 3113 3559 3172; x_wconf 88' lang='lat' dir='ltr'><strong><em>lucem</em></strong></span> <span class='ocrx_word' id='word_1_733' title='bbox 3580 3112 3800 3185; x_wconf 70' lang='lat' dir='ltr'><strong><em>prmstitit.</em></strong></span> <span class='ocrx_word' id='word_1_734' title='bbox 3817 3108 3860 3166; x_wconf 66' lang='lat' dir='ltr'><strong><em>lit</em></strong></span> 
     </span>
    </p>
   </div>
   <div class='ocr_carea' id='block_1_91' title="bbox 2329 3198 3856 3290">
    <p class='ocr_par' dir='ltr' id='par_1_91' title="bbox 2329 3198 3856 3290">
     <span class='ocr_line' id='line_1_92' title="bbox 2329 3198 3856 3290; baseline 0.003 -38"><span class='ocrx_word' id='word_1_735' title='bbox 2329 3198 2539 3290; x_wconf 77' lang='lat' dir='ltr'><strong><em>noverit</em></strong></span> <span class='ocrx_word' id='word_1_736' title='bbox 2592 3198 2685 3290; x_wconf 84' lang='lat' dir='ltr'><strong><em>ille</em></strong></span> <span class='ocrx_word' id='word_1_737' title='bbox 2712 3204 2836 3272; x_wconf 82' lang='lat' dir='ltr'><strong><em>quia</em></strong></span> <span class='ocrx_word' id='word_1_738' title='bbox 2882 3203 3021 3290; x_wconf 73' lang='lat' dir='ltr'><strong><em>nihil</em></strong></span> <span class='ocrx_word' id='word_1_739' title='bbox 3043 3204 3171 3273; x_wconf 89' lang='lat' dir='ltr'><strong><em>dat,</em></strong></span> <span class='ocrx_word' id='word_1_740' title='bbox 3198 3203 3393 3263; x_wconf 85' lang='lat' dir='ltr'><strong><em>videat</em></strong></span> <span class='ocrx_word' id='word_1_741' title='bbox 3424 3208 3486 3262; x_wconf 82' lang='lat' dir='ltr'><strong><em>&#39;in</em></strong></span> <span class='ocrx_word' id='word_1_742' title='bbox 3515 3206 3731 3264; x_wconf 87' lang='lat' dir='ltr'><strong><em>tenebris</em></strong></span> <span class='ocrx_word' id='word_1_743' title='bbox 3763 3200 3856 3275; x_wconf 76' lang='lat' dir='ltr'><strong><em>quod</em></strong></span> 
     </span>
    </p>
   </div>
   <div class='ocr_carea' id='block_1_92' title="bbox 2329 3288 3852 3365">
    <p class='ocr_par' dir='ltr' id='par_1_92' title="bbox 2329 3288 3852 3365">
     <span class='ocr_line' id='line_1_93' title="bbox 2329 3288 3852 3365; baseline 0.002 -22"><span class='ocrx_word' id='word_1_744' title='bbox 2329 3288 2440 3344; x_wconf 90' lang='lat' dir='ltr'><strong><em>dat.</em></strong></span> <span class='ocrx_word' id='word_1_745' title='bbox 2467 3289 2606 3359; x_wconf 87' lang='lat' dir='ltr'><strong><em>Quid</em></strong></span> <span class='ocrx_word' id='word_1_746' title='bbox 2623 3305 2751 3363; x_wconf 83' lang='lat' dir='ltr'><strong><em>ergo</em></strong></span> <span class='ocrx_word' id='word_1_747' title='bbox 2775 3288 3019 3349; x_wconf 85' lang='lat' dir='ltr'><strong><em>dabimus</em></strong></span> <span class='ocrx_word' id='word_1_748' title='bbox 3058 3308 3158 3350; x_wconf 89' lang='lat' dir='ltr'><strong><em>nos</em></strong></span> <span class='ocrx_word' id='word_1_749' title='bbox 3194 3297 3416 3354; x_wconf 89' lang='lat' dir='ltr'><strong><em>medico</em></strong></span> <span class='ocrx_word' id='word_1_750' title='bbox 3444 3297 3552 3365; x_wconf 90' lang='lat' dir='ltr'><strong><em>illi,</em></strong></span> <span class='ocrx_word' id='word_1_751' title='bbox 3577 3296 3743 3353; x_wconf 89' lang='lat' dir='ltr'><strong><em>oculos</em></strong></span> <span class='ocrx_word' id='word_1_752' title='bbox 3763 3295 3852 3349; x_wconf 85' lang='lat' dir='ltr'><strong><em>inte-</em></strong></span> 
     </span>
    </p>
   </div>
   <div class='ocr_carea' id='block_1_93' title="bbox 2330 3380 3851 3461">
    <p class='ocr_par' dir='ltr' id='par_1_93' title="bbox 2330 3380 3851 3461">
     <span class='ocr_line' id='line_1_94' title="bbox 2330 3380 3851 3461; baseline 0.001 -25"><span class='ocrx_word' id='word_1_753' title='bbox 2330 3380 2506 3437; x_wconf 86' lang='lat' dir='ltr'><strong><em>riores</em></strong></span> <span class='ocrx_word' id='word_1_754' title='bbox 2538 3390 2754 3438; x_wconf 84' lang='lat' dir='ltr'><strong><em>nostros</em></strong></span> <span class='ocrx_word' id='word_1_755' title='bbox 2782 3383 2992 3440; x_wconf 89' lang='lat' dir='ltr'><strong><em>sananti</em></strong></span> <span class='ocrx_word' id='word_1_756' title='bbox 3008 3427 3024 3453; x_wconf 92' lang='lat'><strong><em>,</em></strong></span> <span class='ocrx_word' id='word_1_757' title='bbox 3049 3385 3115 3441; x_wconf 85' lang='lat' dir='ltr'><strong><em>ad</em></strong></span> <span class='ocrx_word' id='word_1_758' title='bbox 3138 3386 3429 3445; x_wconf 87' lang='lat' dir='ltr'><strong><em>videndam</em></strong></span> <span class='ocrx_word' id='word_1_759' title='bbox 3451 3387 3719 3461; x_wconf 79' lang='lat' dir='ltr'><strong><em>quamdam</em></strong></span> <span class='ocrx_word' id='word_1_760' title='bbox 3739 3383 3851 3440; x_wconf 69' lang='lat' dir='ltr'><strong><em>lucta</em></strong></span> 
     </span>
    </p>
   </div>
   <div class='ocr_carea' id='block_1_94' title="bbox 2329 3473 3850 3549">
    <p class='ocr_par' dir='ltr' id='par_1_94' title="bbox 2329 3473 3850 3549">
     <span class='ocr_line' id='line_1_95' title="bbox 2329 3473 3850 3549; baseline 0.001 -20"><span class='ocrx_word' id='word_1_761' title='bbox 2329 3482 2586 3529; x_wconf 62' lang='lat' dir='ltr'><strong><em>aeternam</em></strong></span> <span class='ocrx_word' id='word_1_762' title='bbox 2612 3516 2627 3541; x_wconf 92' lang='lat'><strong><em>,</em></strong></span> <span class='ocrx_word' id='word_1_763' title='bbox 2652 3473 2798 3545; x_wconf 88' lang='lat' dir='ltr'><strong><em>quod</em></strong></span> <span class='ocrx_word' id='word_1_764' title='bbox 2824 3485 2909 3531; x_wconf 90' lang='lat' dir='ltr'><strong><em>est</em></strong></span> <span class='ocrx_word' id='word_1_765' title='bbox 2949 3477 3106 3546; x_wconf 77' lang='lat' dir='ltr'><strong><em>ipse?</em></strong></span> <span class='ocrx_word' id='word_1_766' title='bbox 3131 3478 3263 3549; x_wconf 86' lang='lat' dir='ltr'><strong><em>quid</em></strong></span> <span class='ocrx_word' id='word_1_767' title='bbox 3287 3480 3364 3535; x_wconf 88' lang='lat' dir='ltr'><strong><em>illi</em></strong></span> <span class='ocrx_word' id='word_1_768' title='bbox 3394 3478 3675 3536; x_wconf 74' lang='lat' dir='ltr'><strong><em>dabimus?</em></strong></span> <span class='ocrx_word' id='word_1_769' title='bbox 3696 3475 3850 3544; x_wconf 65' lang='lat' dir='ltr'><strong><em>Quart-</em></strong></span> 
     </span>
    </p>
   </div>
   <div class='ocr_carea' id='block_1_95' title="bbox 2328 3562 3849 3642">
    <p class='ocr_par' dir='ltr' id='par_1_95' title="bbox 2328 3562 3849 3642">
     <span class='ocr_line' id='line_1_96' title="bbox 2328 3562 3849 3642; baseline 0.001 -21"><span class='ocrx_word' id='word_1_770' title='bbox 2328 3580 2469 3631; x_wconf 89' lang='lat' dir='ltr'><strong><em>mus,</em></strong></span> <span class='ocrx_word' id='word_1_771' title='bbox 2493 3565 2843 3633; x_wconf 88' lang='lat' dir='ltr'><strong><em>inveniamus,</em></strong></span> <span class='ocrx_word' id='word_1_772' title='bbox 2862 3568 2906 3623; x_wconf 90' lang='lat' dir='ltr'><strong><em>si</em></strong></span> <span class='ocrx_word' id='word_1_773' title='bbox 2933 3583 3255 3638; x_wconf 86' lang='lat' dir='ltr'><strong><em>possumus;</em></strong></span> <span class='ocrx_word' id='word_1_774' title='bbox 3275 3581 3333 3628; x_wconf 90' lang='lat' dir='ltr'><strong><em>et</em></strong></span> <span class='ocrx_word' id='word_1_775' title='bbox 3357 3572 3409 3628; x_wconf 92' lang='lat' dir='ltr'><strong><em>in</em></strong></span> <span class='ocrx_word' id='word_1_776' title='bbox 3428 3571 3672 3642; x_wconf 78' lang='lat' dir='ltr'><strong><em>angusuis</em></strong></span> <span class='ocrx_word' id='word_1_777' title='bbox 3696 3562 3849 3638; x_wconf 80' lang='lat' dir='ltr'><strong><em>inquisi-</em></strong></span> 
     </span>
    </p>
   </div>
   <div class='ocr_carea' id='block_1_96' title="bbox 2332 3656 3848 3728">
    <p class='ocr_par' dir='ltr' id='par_1_96' title="bbox 2332 3656 3848 3728">
     <span class='ocr_line' id='line_1_97' title="bbox 2332 3656 3848 3728; baseline 0 -14"><span class='ocrx_word' id='word_1_778' title='bbox 2332 3658 2495 3715; x_wconf 88' lang='lat' dir='ltr'><strong><em>tionis</em></strong></span> <span class='ocrx_word' id='word_1_779' title='bbox 2537 3668 2735 3717; x_wconf 76' lang='lat' dir='ltr'><strong><em>nostrm</em></strong></span> <span class='ocrx_word' id='word_1_780' title='bbox 2780 3661 3138 3719; x_wconf 85' lang='lat' dir='ltr'><strong><em>exclamemus</em></strong></span> <span class='ocrx_word' id='word_1_781' title='bbox 3164 3680 3179 3716; x_wconf 89' lang='lat'><strong>:</strong></span> <span class='ocrx_word' id='word_1_782' title='bbox 3210 3662 3357 3728; x_wconf 84' lang='lat' dir='ltr'><strong><em>Quid</em></strong></span> <span class='ocrx_word' id='word_1_783' title='bbox 3399 3664 3662 3721; x_wconf 87' lang='lat' dir='ltr'><strong><em>retribuam</em></strong></span> <span class='ocrx_word' id='word_1_784' title='bbox 3697 3656 3848 3714; x_wconf 67' lang='lat' dir='ltr'><strong><em>Datin</em></strong></span> 
     </span>
    </p>
   </div>
   <div class='ocr_carea' id='block_1_97' title="bbox 2331 3740 3943 3828">
    <p class='ocr_par' dir='ltr' id='par_1_97' title="bbox 2331 3740 3943 3828">
     <span class='ocr_line' id='line_1_98' title="bbox 2331 3740 3943 3828; baseline -0.002 -24"><span class='ocrx_word' id='word_1_785' title='bbox 2331 3767 2425 3822; x_wconf 89' lang='lat' dir='ltr'><strong><em>pro</em></strong></span> <span class='ocrx_word' id='word_1_786' title='bbox 2450 3750 2680 3806; x_wconf 89' lang='lat' dir='ltr'><strong><em>omnibus</em></strong></span> <span class='ocrx_word' id='word_1_787' title='bbox 2706 3767 2820 3824; x_wconf 70' lang='lat' dir='ltr'><strong><em>quia</em></strong></span> <span class='ocrx_word' id='word_1_788' title='bbox 2862 3754 3086 3809; x_wconf 87' lang='lat' dir='ltr'><strong><em>retribuit</em></strong></span> <span class='ocrx_word' id='word_1_789' title='bbox 3113 3754 3236 3810; x_wconf 84' lang='lat' dir='ltr'><strong><em>mihi</em></strong></span> <span class='ocrx_word' id='word_1_790' title='bbox 3255 3756 3284 3810; x_wconf 78' lang='lat'><strong><em>.’</em></strong></span> <span class='ocrx_word' id='word_1_791' title='bbox 3307 3757 3376 3812; x_wconf 83' lang='lat' dir='ltr'><strong><em>Et</em></strong></span> <span class='ocrx_word' id='word_1_792' title='bbox 3403 3755 3531 3828; x_wconf 89' lang='lat' dir='ltr'><strong><em>quid</em></strong></span> <span class='ocrx_word' id='word_1_793' title='bbox 3566 3746 3846 3810; x_wconf 65' lang='lat' dir='ltr'><strong><em>invenitillt-</em></strong></span> 
     </span>
    </p>
   </div>
   <div class='ocr_carea' id='block_1_98' title="bbox 2334 3835 3943 3914">
    <p class='ocr_par' dir='ltr' id='par_1_98' title="bbox 2334 3835 3943 3914">
     <span class='ocr_line' id='line_1_99' title="bbox 2334 3835 3943 3914; baseline -0.002 -16"><span class='ocrx_word' id='word_1_794' title='bbox 2334 3844 2478 3898; x_wconf 81' lang='lat' dir='ltr'><strong><em>licem</em></strong></span> <span class='ocrx_word' id='word_1_795' title='bbox 2512 3843 2749 3899; x_wconf 86' lang='lat' dir='ltr'><strong><em>salutaris</em></strong></span> <span class='ocrx_word' id='word_1_796' title='bbox 2800 3844 3047 3914; x_wconf 86' lang='lat' dir='ltr'><strong><em>accipiam</em></strong></span> <span class='ocrx_word' id='word_1_797' title='bbox 3068 3886 3083 3911; x_wconf 94' lang='lat'><strong><em>,</em></strong></span> <span class='ocrx_word' id='word_1_798' title='bbox 3115 3855 3164 3901; x_wconf 89' lang='lat' dir='ltr'><strong><em>et</em></strong></span> <span class='ocrx_word' id='word_1_799' title='bbox 3199 3863 3388 3904; x_wconf 85' lang='lat' dir='ltr'><strong><em>nomen</em></strong></span> <span class='ocrx_word' id='word_1_800' title='bbox 3438 3846 3640 3903; x_wconf 87' lang='lat' dir='ltr'><strong><em>Domini</em></strong></span> <span class='ocrx_word' id='word_1_801' title='bbox 3676 3835 3847 3897; x_wconf 67' lang='lat' dir='ltr'><strong><em>invocabo</em></strong></span> <span class='ocrx_word' id='word_1_802' title='bbox 3890 3835 3943 3914; x_wconf 79' lang='grc' dir='ltr'><strong>Ι</strong></span> 
     </span>
    </p>
   </div>
   <div class='ocr_carea' id='block_1_99' title="bbox 2334 3932 3846 4012">
    <p class='ocr_par' dir='ltr' id='par_1_99' title="bbox 2334 3932 3846 4012">
     <span class='ocr_line' id='line_1_100' title="bbox 2334 3932 3846 4012; baseline -0.005 -22"><span class='ocrx_word' id='word_1_803' title='bbox 2334 3934 2505 4006; x_wconf 82' lang='lat' dir='ltr'><strong><em>(Psal.</em></strong></span> <span class='ocrx_word' id='word_1_804' title='bbox 2539 3951 2640 3992; x_wconf 76' lang='lat' dir='ltr'><strong><em>cxv</em></strong></span> <span class='ocrx_word' id='word_1_805' title='bbox 2663 3975 2678 4002; x_wconf 93' lang='lat'><strong><em>,</em></strong></span> <span class='ocrx_word' id='word_1_806' title='bbox 2714 3934 2812 4000; x_wconf 76' lang='lat'><strong><em>12,</em></strong></span> <span class='ocrx_word' id='word_1_807' title='bbox 2848 3936 2959 4006; x_wconf 83' lang='lat'><strong><em>13).</em></strong></span> <span class='ocrx_word' id='word_1_808' title='bbox 2994 3935 3215 3994; x_wconf 85' lang='lat' dir='ltr'><strong><em>Potestis</em></strong></span> <span class='ocrx_word' id='word_1_809' title='bbox 3238 3980 3254 4003; x_wconf 90' lang='lat'><strong><em>,</em></strong></span> <span class='ocrx_word' id='word_1_810' title='bbox 3297 3940 3505 4012; x_wconf 89' lang='lat' dir='ltr'><strong><em>inquit,</em></strong></span> <span class='ocrx_word' id='word_1_811' title='bbox 3535 3937 3688 3994; x_wconf 84' lang='lat' dir='ltr'><strong><em>bibere</em></strong></span> <span class='ocrx_word' id='word_1_812' title='bbox 3704 3932 3846 3989; x_wconf 71' lang='lat' dir='ltr'><strong><em>callem</em></strong></span> 
     </span>
    </p>
   </div>
   <div class='ocr_carea' id='block_1_100' title="bbox 2331 4023 3843 4103">
    <p class='ocr_par' dir='ltr' id='par_1_100' title="bbox 2331 4023 3843 4103">
     <span class='ocr_line' id='line_1_101' title="bbox 2331 4023 3843 4103; baseline -0.005 -21"><span class='ocrx_word' id='word_1_813' title='bbox 2331 4041 2480 4097; x_wconf 85' lang='lat' dir='ltr'><strong><em>quem</em></strong></span> <span class='ocrx_word' id='word_1_814' title='bbox 2505 4042 2596 4099; x_wconf 88' lang='lat' dir='ltr'><strong><em>ego</em></strong></span> <span class='ocrx_word' id='word_1_815' title='bbox 2625 4025 2869 4082; x_wconf 87' lang='lat' dir='ltr'><strong><em>bibiturus</em></strong></span> <span class='ocrx_word' id='word_1_816' title='bbox 2892 4042 3001 4083; x_wconf 90' lang='lat' dir='ltr'><strong><em>sum</em></strong></span> <span class='ocrx_word' id='word_1_817' title='bbox 3033 4028 3245 4101; x_wconf 82' lang='lat' dir='ltr'><strong><em>(Matth.</em></strong></span> <span class='ocrx_word' id='word_1_818' title='bbox 3270 4048 3341 4087; x_wconf 74' lang='lat' dir='ltr'><strong>xx</strong></span> <span class='ocrx_word' id='word_1_819' title='bbox 3368 4074 3385 4099; x_wconf 91' lang='lat'><strong><em>,</em></strong></span> <span class='ocrx_word' id='word_1_820' title='bbox 3414 4030 3534 4103; x_wconf 75' lang='lat'><strong><em>22)?</em></strong></span> <span class='ocrx_word' id='word_1_821' title='bbox 3563 4027 3680 4085; x_wconf 89' lang='lat' dir='ltr'><strong><em>Inde</em></strong></span> <span class='ocrx_word' id='word_1_822' title='bbox 3705 4023 3843 4080; x_wconf 73' lang='lat' dir='ltr'><strong><em>Petro:</em></strong></span> 
     </span>
    </p>
   </div>
   <div class='ocr_carea' id='block_1_101' title="bbox 2332 4109 3844 4192">
    <p class='ocr_par' dir='ltr' id='par_1_101' title="bbox 2332 4109 3844 4192">
     <span class='ocr_line' id='line_1_102' title="bbox 2332 4109 3844 4192; baseline 0.006 -20"><span class='ocrx_word' id='word_1_823' title='bbox 2332 4119 2488 4174; x_wconf 77' lang='lat' dir='ltr'><strong><em>Amas</em></strong></span> <span class='ocrx_word' id='word_1_824' title='bbox 2515 4119 2633 4175; x_wconf 76' lang='lat' dir='ltr'><strong><em>me?</em></strong></span> <span class='ocrx_word' id='word_1_825' title='bbox 2659 4117 2823 4173; x_wconf 77' lang='lat' dir='ltr'><strong><em>Pasce</em></strong></span> <span class='ocrx_word' id='word_1_826' title='bbox 2848 4134 2962 4174; x_wconf 83' lang='lat' dir='ltr'><strong><em>aves</em></strong></span> <span class='ocrx_word' id='word_1_827' title='bbox 2988 4135 3125 4174; x_wconf 87' lang='lat' dir='ltr'><strong><em>meas</em></strong></span> <span class='ocrx_word' id='word_1_828' title='bbox 3151 4118 3334 4191; x_wconf 81' lang='lat' dir='ltr'><strong><em>(Joan.</em></strong></span> <span class='ocrx_word' id='word_1_829' title='bbox 3368 4138 3461 4178; x_wconf 71' lang='lat' dir='ltr'><strong><em>XXI</em></strong></span> <span class='ocrx_word' id='word_1_830' title='bbox 3481 4163 3497 4189; x_wconf 95' lang='lat'><strong><em>,</em></strong></span> <span class='ocrx_word' id='word_1_831' title='bbox 3524 4122 3606 4192; x_wconf 87' lang='lat'><strong><em>17)</em></strong></span> <span class='ocrx_word' id='word_1_832' title='bbox 3641 4128 3752 4187; x_wconf 74' lang='grc' dir='ltr'><strong><em>τι)το</em></strong></span> <span class='ocrx_word' id='word_1_833' title='bbox 3766 4109 3844 4181; x_wconf 77' lang='grc' dir='ltr'><strong><em>φιί·</em></strong></span> 
     </span>
    </p>
   </div>
   <div class='ocr_carea' id='block_1_102' title="bbox 2332 4204 3843 4284">
    <p class='ocr_par' dir='ltr' id='par_1_102' title="bbox 2332 4204 3843 4284">
     <span class='ocr_line' id='line_1_103' title="bbox 2332 4204 3843 4284; baseline -0.002 -20"><span class='ocrx_word' id='word_1_834' title='bbox 2332 4206 2432 4264; x_wconf 89' lang='lat' dir='ltr'><strong><em>bus</em></strong></span> <span class='ocrx_word' id='word_1_835' title='bbox 2472 4208 2676 4265; x_wconf 86' lang='lat' dir='ltr'><strong><em>biberet</em></strong></span> <span class='ocrx_word' id='word_1_836' title='bbox 2703 4210 2924 4266; x_wconf 84' lang='lat' dir='ltr'><strong><em>calicem</em></strong></span> <span class='ocrx_word' id='word_1_837' title='bbox 2964 4210 3198 4268; x_wconf 84' lang='lat' dir='ltr'><strong><em>Domini.</em></strong></span> <span class='ocrx_word' id='word_1_838' title='bbox 3243 4212 3528 4284; x_wconf 80' lang='lat' dir='ltr'><strong><em>Conﬁrmat</em></strong></span> <span class='ocrx_word' id='word_1_839' title='bbox 3569 4219 3717 4265; x_wconf 85' lang='lat' dir='ltr'><strong><em>autem</em></strong></span> <span class='ocrx_word' id='word_1_840' title='bbox 3727 4204 3843 4276; x_wconf 63' lang='lat' dir='ltr'><strong><em>jus!“</em></strong></span> 
     </span>
    </p>
   </div>
   <div class='ocr_carea' id='block_1_103' title="bbox 2332 4292 3839 4365">
    <p class='ocr_par' dir='ltr' id='par_1_103' title="bbox 2332 4292 3839 4365">
     <span class='ocr_line' id='line_1_104' title="bbox 2332 4292 3839 4365; baseline 0.002 -11"><span class='ocrx_word' id='word_1_841' title='bbox 2332 4298 2603 4355; x_wconf 88' lang='lat' dir='ltr'><strong><em>Dominus.</em></strong></span> <span class='ocrx_word' id='word_1_842' title='bbox 2633 4298 2791 4355; x_wconf 80' lang='lat' dir='ltr'><strong><em>Nouit</em></strong></span> <span class='ocrx_word' id='word_1_843' title='bbox 2824 4299 3074 4357; x_wconf 88' lang='lat' dir='ltr'><strong><em>Dominus</em></strong></span> <span class='ocrx_word' id='word_1_844' title='bbox 3097 4304 3206 4358; x_wconf 77' lang='lat' dir='ltr'><strong><em>uias</em></strong></span> <span class='ocrx_word' id='word_1_845' title='bbox 3227 4304 3659 4360; x_wconf 85' lang='lat' dir='ltr'><strong><em>immaculatarum</em></strong></span> <span class='ocrx_word' id='word_1_846' title='bbox 3678 4341 3692 4365; x_wconf 93' lang='lat'><strong><em>,</em></strong></span> <span class='ocrx_word' id='word_1_847' title='bbox 3716 4305 3755 4351; x_wconf 78' lang='grc' dir='ltr'><em>α</em></span> <span class='ocrx_word' id='word_1_848' title='bbox 3774 4292 3839 4346; x_wconf 62' lang='grc' dir='ltr'><strong><em>Μ·</em></strong></span> 
     </span>
    </p>
   </div>
   <div class='ocr_carea' id='block_1_104' title="bbox 2333 4390 3198 4451">
    <p class='ocr_par' dir='ltr' id='par_1_104' title="bbox 2333 4390 3198 4451">
     <span class='ocr_line' id='line_1_105' title="bbox 2333 4390 3198 4451; baseline 0.008 -8"><span class='ocrx_word' id='word_1_849' title='bbox 2333 4390 2523 4446; x_wconf 82' lang='lat' dir='ltr'><strong><em>reditas</em></strong></span> <span class='ocrx_word' id='word_1_850' title='bbox 2544 4407 2719 4446; x_wconf 85' lang='lat' dir='ltr'><strong><em>eorum</em></strong></span> <span class='ocrx_word' id='word_1_851' title='bbox 2738 4393 2790 4446; x_wconf 89' lang='lat' dir='ltr'><strong><em>in</em></strong></span> <span class='ocrx_word' id='word_1_852' title='bbox 2819 4402 3066 4448; x_wconf 74' lang='lat' dir='ltr'><strong><em>teternum</em></strong></span> <span class='ocrx_word' id='word_1_853' title='bbox 3084 4396 3198 4451; x_wconf 86' lang='lat' dir='ltr'><strong><em>erit.</em></strong></span> 
     </span>
    </p>
   </div>
   <div class='ocr_carea' id='block_1_105' title="bbox 2415 4474 3834 4560">
    <p class='ocr_par' dir='ltr' id='par_1_105' title="bbox 2415 4474 3834 4560">
     <span class='ocr_line' id='line_1_106' title="bbox 2415 4474 3834 4560; baseline -0.006 -21"><span class='ocrx_word' id='word_1_854' title='bbox 2415 4482 2470 4539; x_wconf 88' lang='lat'><strong><em>9.</em></strong></span> <span class='ocrx_word' id='word_1_855' title='bbox 2500 4480 2652 4555; x_wconf 84' lang='lat' dir='ltr'><strong><em>[vers.</em></strong></span> <span class='ocrx_word' id='word_1_856' title='bbox 2688 4482 2811 4557; x_wconf 85' lang='lat'><strong><em>19.]</em></strong></span> <span class='ocrx_word' id='word_1_857' title='bbox 2843 4481 2966 4541; x_wconf 88' lang='lat' dir='ltr'><strong><em>Non</em></strong></span> <span class='ocrx_word' id='word_1_858' title='bbox 3013 4488 3391 4560; x_wconf 66' lang='lat' dir='ltr'><strong><em>confunderetur</em></strong></span> <span class='ocrx_word' id='word_1_859' title='bbox 3412 4488 3465 4544; x_wconf 89' lang='lat' dir='ltr'><strong><em>in</em></strong></span> <span class='ocrx_word' id='word_1_860' title='bbox 3496 4494 3700 4556; x_wconf 83' lang='lat' dir='ltr'><strong><em>tempore</em></strong></span> <span class='ocrx_word' id='word_1_861' title='bbox 3732 4474 3834 4531; x_wconf 62' lang='lat' dir='ltr'><strong><em>ntali.</em></strong></span> 
     </span>
    </p>
   </div>
   <div class='ocr_carea' id='block_1_106' title="bbox 2332 4568 3836 4655">
    <p class='ocr_par' dir='ltr' id='par_1_106' title="bbox 2332 4568 3836 4655">
     <span class='ocr_line' id='line_1_107' title="bbox 2332 4568 3836 4655; baseline 0 -24"><span class='ocrx_word' id='word_1_862' title='bbox 2332 4576 2470 4647; x_wconf 85' lang='lat' dir='ltr'><strong><em>Quid</em></strong></span> <span class='ocrx_word' id='word_1_863' title='bbox 2508 4587 2607 4644; x_wconf 87' lang='lat' dir='ltr'><strong><em>est,</em></strong></span> <span class='ocrx_word' id='word_1_864' title='bbox 2643 4575 2763 4634; x_wconf 86' lang='lat' dir='ltr'><strong><em>Non</em></strong></span> <span class='ocrx_word' id='word_1_865' title='bbox 2789 4580 3163 4653; x_wconf 79' lang='lat' dir='ltr'><strong><em>confundentur</em></strong></span> <span class='ocrx_word' id='word_1_866' title='bbox 3188 4586 3242 4639; x_wconf 88' lang='lat' dir='ltr'><strong><em>in</em></strong></span> <span class='ocrx_word' id='word_1_867' title='bbox 3272 4595 3496 4655; x_wconf 84' lang='lat' dir='ltr'><strong><em>tempore</em></strong></span> <span class='ocrx_word' id='word_1_868' title='bbox 3530 4578 3689 4638; x_wconf 75' lang='lat' dir='ltr'><strong><em>male?</em></strong></span> <span class='ocrx_word' id='word_1_869' title='bbox 3714 4575 3758 4632; x_wconf 86' lang='lat' dir='ltr'><strong><em>1n</em></strong></span> <span class='ocrx_word' id='word_1_870' title='bbox 3782 4568 3836 4625; x_wconf 68' lang='lat' dir='ltr'><strong><em>die</em></strong></span> 
     </span>
    </p>
   </div>
   <div class='ocr_carea' id='block_1_107' title="bbox 2335 4667 3834 4744">
    <p class='ocr_par' dir='ltr' id='par_1_107' title="bbox 2335 4667 3834 4744">
     <span class='ocr_line' id='line_1_108' title="bbox 2335 4667 3834 4744; baseline -0.007 -21"><span class='ocrx_word' id='word_1_871' title='bbox 2335 4669 2711 4734; x_wconf 81' lang='lat' dir='ltr'><strong><em>tribulationis,</em></strong></span> <span class='ocrx_word' id='word_1_872' title='bbox 2739 4670 2790 4725; x_wconf 93' lang='lat' dir='ltr'><strong><em>in</em></strong></span> <span class='ocrx_word' id='word_1_873' title='bbox 2813 4670 2901 4727; x_wconf 90' lang='lat' dir='ltr'><strong><em>die</em></strong></span> <span class='ocrx_word' id='word_1_874' title='bbox 2938 4673 3304 4744; x_wconf 87' lang='lat' dir='ltr'><strong><em>angustiarum</em></strong></span> <span class='ocrx_word' id='word_1_875' title='bbox 3341 4691 3448 4734; x_wconf 90' lang='lat' dir='ltr'><strong><em>non</em></strong></span> <span class='ocrx_word' id='word_1_876' title='bbox 3482 4667 3834 4730; x_wconf 65' lang='lat' dir='ltr'><strong><em>confundantur:</em></strong></span> 
     </span>
    </p>
   </div>
   <div class='ocr_carea' id='block_1_108' title="bbox 2331 4755 3834 4848">
    <p class='ocr_par' dir='ltr' id='par_1_108' title="bbox 2331 4755 3834 4848">
     <span class='ocr_line' id='line_1_109' title="bbox 2331 4755 3834 4848; baseline -0.005 -34"><span class='ocrx_word' id='word_1_877' title='bbox 2331 4758 2469 4814; x_wconf 86' lang='lat' dir='ltr'><strong><em>sicut</em></strong></span> <span class='ocrx_word' id='word_1_878' title='bbox 2492 4757 2837 4816; x_wconf 77' lang='lat' dir='ltr'><strong><em>confunditur</em></strong></span> <span class='ocrx_word' id='word_1_879' title='bbox 2861 4756 3020 4835; x_wconf 88' lang='lat' dir='ltr'><strong><em>quem</em></strong></span> <span class='ocrx_word' id='word_1_880' title='bbox 3047 4762 3183 4821; x_wconf 79' lang='lat' dir='ltr'><strong><em>fallit</em></strong></span> <span class='ocrx_word' id='word_1_881' title='bbox 3210 4780 3355 4839; x_wconf 86' lang='lat' dir='ltr'><strong><em>spes.</em></strong></span> <span class='ocrx_word' id='word_1_882' title='bbox 3400 4766 3527 4837; x_wconf 89' lang='lat' dir='ltr'><strong><em>Quis</em></strong></span> <span class='ocrx_word' id='word_1_883' title='bbox 3552 4769 3631 4820; x_wconf 90' lang='lat' dir='ltr'><strong><em>cst</em></strong></span> <span class='ocrx_word' id='word_1_884' title='bbox 3656 4755 3730 4829; x_wconf 88' lang='lat' dir='ltr'><strong><em>qui</em></strong></span> <span class='ocrx_word' id='word_1_885' title='bbox 3752 4762 3834 4848; x_wconf 58' lang='lat' dir='ltr'><strong><em>cott-</em></strong></span> 
     </span>
    </p>
   </div>
   <div class='ocr_carea' id='block_1_109' title="bbox 2332 4848 3830 4930">
    <p class='ocr_par' dir='ltr' id='par_1_109' title="bbox 2332 4848 3830 4930">
     <span class='ocr_line' id='line_1_110' title="bbox 2332 4848 3830 4930; baseline -0.007 -26"><span class='ocrx_word' id='word_1_886' title='bbox 2332 4848 2604 4906; x_wconf 83' lang='lat' dir='ltr'><strong><em>lunditur?</em></strong></span> <span class='ocrx_word' id='word_1_887' title='bbox 2629 4850 2730 4919; x_wconf 88' lang='lat' dir='ltr'><strong><em>Qui</em></strong></span> <span class='ocrx_word' id='word_1_888' title='bbox 2760 4852 2887 4909; x_wconf 89' lang='lat' dir='ltr'><strong><em>dicit</em></strong></span> <span class='ocrx_word' id='word_1_889' title='bbox 2913 4871 2928 4908; x_wconf 92' lang='lat'><strong>:</strong></span> <span class='ocrx_word' id='word_1_890' title='bbox 2957 4854 3070 4926; x_wconf 81' lang='lat' dir='ltr'><strong><em>Ego</em></strong></span> <span class='ocrx_word' id='word_1_891' title='bbox 3106 4857 3250 4925; x_wconf 85' lang='lat' dir='ltr'><strong><em>quod</em></strong></span> <span class='ocrx_word' id='word_1_892' title='bbox 3280 4857 3554 4930; x_wconf 90' lang='lat' dir='ltr'><strong><em>sperabam</em></strong></span> <span class='ocrx_word' id='word_1_893' title='bbox 3578 4866 3674 4909; x_wconf 90' lang='lat' dir='ltr'><strong><em>non</em></strong></span> <span class='ocrx_word' id='word_1_894' title='bbox 3695 4848 3830 4930; x_wconf 72' lang='lat' dir='ltr'><strong><em>inruat.</em></strong></span> 
     </span>
    </p>
   </div>
   <div class='ocr_carea' id='block_1_110' title="bbox 2329 4925 3831 5018">
    <p class='ocr_par' dir='ltr' id='par_1_110' title="bbox 2329 4925 3831 5018">
     <span class='ocr_line' id='line_1_111' title="bbox 2329 4925 3831 5018; baseline -0.004 -20"><span class='ocrx_word' id='word_1_895' title='bbox 2329 4941 2446 4999; x_wconf 88' lang='lat' dir='ltr'><strong><em>Non</em></strong></span> <span class='ocrx_word' id='word_1_896' title='bbox 2473 4944 2739 5000; x_wconf 89' lang='lat' dir='ltr'><strong><em>immerito</em></strong></span> <span class='ocrx_word' id='word_1_897' title='bbox 2767 4925 3059 5018; x_wconf 87' lang='lat' dir='ltr'><strong><em>:sperabas</em></strong></span> <span class='ocrx_word' id='word_1_898' title='bbox 3087 4949 3229 5005; x_wconf 89' lang='lat' dir='ltr'><strong><em>enim</em></strong></span> <span class='ocrx_word' id='word_1_899' title='bbox 3258 4925 3327 5006; x_wconf 77' lang='lat' dir='ltr'><strong><em>de</em></strong></span> <span class='ocrx_word' id='word_1_900' title='bbox 3353 4959 3423 5018; x_wconf 89' lang='lat' dir='ltr'><strong><em>te,</em></strong></span> <span class='ocrx_word' id='word_1_901' title='bbox 3452 4956 3541 5005; x_wconf 86' lang='lat' dir='ltr'><strong><em>aut</em></strong></span> <span class='ocrx_word' id='word_1_902' title='bbox 3562 4938 3771 5017; x_wconf 80' lang='lat' dir='ltr'><strong><em>sperabas</em></strong></span> <span class='ocrx_word' id='word_1_903' title='bbox 3790 4925 3831 4979; x_wconf 71' lang='grc' dir='ltr'><strong><em>(ιθ</em></strong></span> 
     </span>
    </p>
   </div>
   <div class='ocr_carea' id='block_1_111' title="bbox 2330 5030 3827 5121">
    <p class='ocr_par' dir='ltr' id='par_1_111' title="bbox 2330 5030 3827 5121">
     <span class='ocr_line' id='line_1_112' title="bbox 2330 5030 3827 5121; baseline -0.007 -32"><span class='ocrx_word' id='word_1_904' title='bbox 2330 5030 2550 5091; x_wconf 84' lang='lat' dir='ltr'><strong><em>homine</em></strong></span> <span class='ocrx_word' id='word_1_905' title='bbox 2601 5036 2774 5121; x_wconf 78' lang='lat' dir='ltr'><strong><em>amico</em></strong></span> <span class='ocrx_word' id='word_1_906' title='bbox 2814 5038 3175 5096; x_wconf 89' lang='lat' dir='ltr'><strong><em>:maledietus</em></strong></span> <span class='ocrx_word' id='word_1_907' title='bbox 3222 5051 3398 5099; x_wconf 87' lang='lat' dir='ltr'><strong><em>autem</em></strong></span> <span class='ocrx_word' id='word_1_908' title='bbox 3442 5040 3527 5113; x_wconf 91' lang='lat' dir='ltr'><strong><em>qui</em></strong></span> <span class='ocrx_word' id='word_1_909' title='bbox 3568 5047 3697 5107; x_wconf 75' lang='lat' dir='ltr'><strong><em>Spem</em></strong></span> <span class='ocrx_word' id='word_1_910' title='bbox 3728 5032 3827 5120; x_wconf 62' lang='lat' dir='ltr'><strong><em>sunt&quot;</em></strong></span> 
     </span>
    </p>
   </div>
   <div class='ocr_carea' id='block_1_112' title="bbox 2333 5122 3824 5207">
    <p class='ocr_par' dir='ltr' id='par_1_112' title="bbox 2333 5122 3824 5207">
     <span class='ocr_line' id='line_1_113' title="bbox 2333 5122 3824 5207; baseline 0.001 -26"><span class='ocrx_word' id='word_1_911' title='bbox 2333 5127 2485 5199; x_wconf 74' lang='lat' dir='ltr'><strong><em>potiit</em></strong></span> <span class='ocrx_word' id='word_1_912' title='bbox 2510 5128 2562 5182; x_wconf 93' lang='lat' dir='ltr'><strong><em>in</em></strong></span> <span class='ocrx_word' id='word_1_913' title='bbox 2588 5126 2805 5185; x_wconf 87' lang='lat' dir='ltr'><strong><em>homine</em></strong></span> <span class='ocrx_word' id='word_1_914' title='bbox 2846 5127 3059 5201; x_wconf 77' lang='lat' dir='ltr'><strong><em>(Jerem.</em></strong></span> <span class='ocrx_word' id='word_1_915' title='bbox 3099 5147 3243 5198; x_wconf 78' lang='lat' dir='ltr'><strong><em>xvu,</em></strong></span> <span class='ocrx_word' id='word_1_916' title='bbox 3269 5134 3346 5207; x_wconf 83' lang='lat'><strong><em>5).</em></strong></span> <span class='ocrx_word' id='word_1_917' title='bbox 3388 5122 3824 5189; x_wconf 73' lang='lat' dir='ltr'><strong><em>Conlunderis,‘l““</em></strong></span> 
     </span>
    </p>
   </div>
   <div class='ocr_carea' id='block_1_113' title="bbox 2330 5212 3826 5295">
    <p class='ocr_par' dir='ltr' id='par_1_113' title="bbox 2330 5212 3826 5295">
     <span class='ocr_line' id='line_1_114' title="bbox 2330 5212 3826 5295; baseline -0.009 -21"><span class='ocrx_word' id='word_1_918' title='bbox 2330 5218 2520 5276; x_wconf 79' lang='lat' dir='ltr'><strong><em>fefellit</em></strong></span> <span class='ocrx_word' id='word_1_919' title='bbox 2545 5228 2596 5275; x_wconf 90' lang='lat' dir='ltr'><strong><em>te</em></strong></span> <span class='ocrx_word' id='word_1_920' title='bbox 2621 5235 2765 5293; x_wconf 88' lang='lat' dir='ltr'><strong><em>spes,</em></strong></span> <span class='ocrx_word' id='word_1_921' title='bbox 2795 5218 2980 5277; x_wconf 80' lang='lat' dir='ltr'><strong><em>fefellit</em></strong></span> <span class='ocrx_word' id='word_1_922' title='bbox 3005 5236 3133 5292; x_wconf 83' lang='lat' dir='ltr'><strong><em>spes</em></strong></span> <span class='ocrx_word' id='word_1_923' title='bbox 3158 5223 3327 5295; x_wconf 89' lang='lat' dir='ltr'><strong><em>posita</em></strong></span> <span class='ocrx_word' id='word_1_924' title='bbox 3359 5224 3409 5279; x_wconf 92' lang='lat' dir='ltr'><strong><em>in</em></strong></span> <span class='ocrx_word' id='word_1_925' title='bbox 3437 5212 3690 5277; x_wconf 81' lang='lat' dir='ltr'><strong><em>mendacia</em></strong></span> <span class='ocrx_word' id='word_1_926' title='bbox 3715 5224 3726 5262; x_wconf 95' lang='lat'>:</span> <span class='ocrx_word' id='word_1_927' title='bbox 3751 5213 3826 5256; x_wconf 73' lang='grc' dir='ltr'><strong><em>σπη’</em></strong></span> 
     </span>
    </p>
   </div>
   <div class='ocr_carea' id='block_1_114' title="bbox 2331 5304 3820 5390">
    <p class='ocr_par' dir='ltr' id='par_1_114' title="bbox 2331 5304 3820 5390">
     <span class='ocr_line' id='line_1_115' title="bbox 2331 5304 3820 5390; baseline -0.005 -22"><span class='ocrx_word' id='word_1_928' title='bbox 2331 5312 2414 5369; x_wconf 91' lang='lat' dir='ltr'><strong><em>nis</em></strong></span> <span class='ocrx_word' id='word_1_929' title='bbox 2444 5312 2586 5369; x_wconf 90' lang='lat' dir='ltr'><strong><em>enim</em></strong></span> <span class='ocrx_word' id='word_1_930' title='bbox 2608 5312 2771 5370; x_wconf 89' lang='lat' dir='ltr'><strong><em>homo</em></strong></span> <span class='ocrx_word' id='word_1_931' title='bbox 2794 5314 3025 5371; x_wconf 84' lang='lat' dir='ltr'><strong><em>mendax</em></strong></span> <span class='ocrx_word' id='word_1_932' title='bbox 3054 5314 3226 5390; x_wconf 80' lang='lat' dir='ltr'><strong><em>(Psal.</em></strong></span> <span class='ocrx_word' id='word_1_933' title='bbox 3254 5332 3375 5387; x_wconf 83' lang='lat' dir='ltr'><strong><em>cxv,</em></strong></span> <span class='ocrx_word' id='word_1_934' title='bbox 3400 5314 3505 5385; x_wconf 83' lang='lat'><strong><em>11).</em></strong></span> <span class='ocrx_word' id='word_1_935' title='bbox 3532 5310 3583 5368; x_wconf 91' lang='lat' dir='ltr'><strong><em>Si</em></strong></span> <span class='ocrx_word' id='word_1_936' title='bbox 3604 5312 3749 5361; x_wconf 86' lang='lat' dir='ltr'><strong><em>autem</em></strong></span> 
     </span>
    </p>
   </div>
   <div class='ocr_carea' id='block_1_115' title="bbox 2333 5393 3818 5479">
    <p class='ocr_par' dir='ltr' id='par_1_115' title="bbox 2333 5393 3818 5479">
     <span class='ocr_line' id='line_1_116' title="bbox 2333 5393 3818 5479; baseline -0.003 -17"><span class='ocrx_word' id='word_1_937' title='bbox 2333 5420 2428 5462; x_wconf 89' lang='lat' dir='ltr'><strong><em>nas</em></strong></span> <span class='ocrx_word' id='word_1_938' title='bbox 2456 5421 2605 5479; x_wconf 84' lang='lat' dir='ltr'><strong><em>spem</em></strong></span> <span class='ocrx_word' id='word_1_939' title='bbox 2658 5416 2803 5464; x_wconf 91' lang='lat' dir='ltr'><strong><em>tuam</em></strong></span> <span class='ocrx_word' id='word_1_940' title='bbox 2853 5410 2905 5463; x_wconf 89' lang='lat' dir='ltr'><strong><em>in</em></strong></span> <span class='ocrx_word' id='word_1_941' title='bbox 2935 5410 3047 5466; x_wconf 90' lang='lat' dir='ltr'><strong><em>Deo</em></strong></span> <span class='ocrx_word' id='word_1_942' title='bbox 3087 5419 3214 5479; x_wconf 87' lang='lat' dir='ltr'><strong><em>tuo,</em></strong></span> <span class='ocrx_word' id='word_1_943' title='bbox 3241 5427 3346 5468; x_wconf 92' lang='lat' dir='ltr'><strong><em>non</em></strong></span> <span class='ocrx_word' id='word_1_944' title='bbox 3385 5393 3818 5479; x_wconf 48' lang='lat' dir='ltr'><strong><em>Mittunderisztl“?</em></strong></span> 
     </span>
    </p>
   </div>
   <div class='ocr_carea' id='block_1_116' title="bbox 2331 5477 3815 5574">
    <p class='ocr_par' dir='ltr' id='par_1_116' title="bbox 2331 5477 3815 5574">
     <span class='ocr_line' id='line_1_117' title="bbox 2331 5477 3815 5574; baseline -0.006 -20"><span class='ocrx_word' id='word_1_945' title='bbox 2331 5500 2420 5556; x_wconf 89' lang='lat' dir='ltr'><strong><em>ille</em></strong></span> <span class='ocrx_word' id='word_1_946' title='bbox 2448 5477 2500 5557; x_wconf 85' lang='lat' dir='ltr'><strong><em>in</em></strong></span> <span class='ocrx_word' id='word_1_947' title='bbox 2524 5515 2632 5571; x_wconf 86' lang='lat' dir='ltr'><strong><em>quo</em></strong></span> <span class='ocrx_word' id='word_1_948' title='bbox 2654 5514 2803 5573; x_wconf 89' lang='lat' dir='ltr'><strong><em>spem</em></strong></span> <span class='ocrx_word' id='word_1_949' title='bbox 2833 5502 3092 5574; x_wconf 87' lang='lat' dir='ltr'><strong><em>posuisti,</em></strong></span> <span class='ocrx_word' id='word_1_950' title='bbox 3123 5477 3232 5561; x_wconf 81' lang='lat' dir='ltr'><strong><em>falli</em></strong></span> <span class='ocrx_word' id='word_1_951' title='bbox 3262 5507 3279 5539; x_wconf 77' lang='grc' dir='ltr'>ι</span> <span class='ocrx_word' id='word_1_952' title='bbox 3309 5518 3414 5561; x_wconf 90' lang='lat' dir='ltr'><strong><em>non</em></strong></span> <span class='ocrx_word' id='word_1_953' title='bbox 3453 5501 3627 5571; x_wconf 88' lang='lat' dir='ltr'><strong><em>potest.</em></strong></span> <span class='ocrx_word' id='word_1_954' title='bbox 3652 5477 3815 5543; x_wconf 65' lang='lat' dir='ltr'><strong><em>Unde“</em></strong></span> 
     </span>
    </p>
   </div>
   <div class='ocr_carea' id='block_1_117' title="bbox 2332 5574 3816 5676">
    <p class='ocr_par' dir='ltr' id='par_1_117' title="bbox 2332 5574 3816 5676">
     <span class='ocr_line' id='line_1_118' title="bbox 2332 5574 3816 5676; baseline -0.001 -26"><span class='ocrx_word' id='word_1_955' title='bbox 2332 5593 2421 5650; x_wconf 89' lang='lat' dir='ltr'><strong><em>ille</em></strong></span> <span class='ocrx_word' id='word_1_956' title='bbox 2444 5610 2600 5665; x_wconf 88' lang='lat' dir='ltr'><strong><em>quem</em></strong></span> <span class='ocrx_word' id='word_1_957' title='bbox 2632 5594 2790 5665; x_wconf 84' lang='lat' dir='ltr'><strong><em>paulo</em></strong></span> <span class='ocrx_word' id='word_1_958' title='bbox 2814 5604 2937 5653; x_wconf 90' lang='lat' dir='ltr'><strong><em>ante</em></strong></span> <span class='ocrx_word' id='word_1_959' title='bbox 2961 5596 3371 5652; x_wconf 86' lang='lat' dir='ltr'><strong><em>commemoravi</em></strong></span> <span class='ocrx_word' id='word_1_960' title='bbox 3391 5638 3405 5657; x_wconf 86' lang='lat'><strong><em>,</em></strong></span> <span class='ocrx_word' id='word_1_961' title='bbox 3432 5593 3592 5663; x_wconf 83' lang='lat' dir='ltr'><strong><em>justus</em></strong></span> 
     </span>
    </p>
   </div>
   <div class='ocr_carea' id='block_1_118' title="bbox 2334 5666 3808 5755">
    <p class='ocr_par' dir='ltr' id='par_1_118' title="bbox 2334 5666 3808 5755">
     <span class='ocr_line' id='line_1_119' title="bbox 2334 5666 3808 5755; baseline -0.016 -3"><span class='ocrx_word' id='word_1_962' title='bbox 2334 5692 2442 5750; x_wconf 63' lang='lat' dir='ltr'><strong><em>ius.</em></strong></span> <span class='ocrx_word' id='word_1_963' title='bbox 2469 5684 2673 5753; x_wconf 71' lang='lat' dir='ltr'><strong><em>Posilus</em></strong></span> <span class='ocrx_word' id='word_1_964' title='bbox 2718 5685 2768 5739; x_wconf 89' lang='lat' dir='ltr'><strong><em>in</em></strong></span> <span class='ocrx_word' id='word_1_965' title='bbox 2814 5694 3056 5755; x_wconf 85' lang='lat' dir='ltr'><strong><em>tempore</em></strong></span> <span class='ocrx_word' id='word_1_966' title='bbox 3084 5686 3261 5754; x_wconf 90' lang='lat' dir='ltr'><strong><em>malo,</em></strong></span> <span class='ocrx_word' id='word_1_967' title='bbox 3291 5688 3342 5743; x_wconf 89' lang='lat' dir='ltr'><strong><em>in</em></strong></span> <span class='ocrx_word' id='word_1_968' title='bbox 3377 5684 3460 5741; x_wconf 87' lang='lat' dir='ltr'><strong><em>die</em></strong></span> <span class='ocrx_word' id='word_1_969' title='bbox 3504 5666 3808 5737; x_wconf 53' lang='lat' dir='ltr'><strong><em>tribulam&quot;.</em></strong></span> 
     </span>
    </p>
   </div>
   <div class='ocr_carea' id='block_1_119' title="bbox 2397 5795 2992 5859">
    <p class='ocr_par' dir='ltr' id='par_1_119' title="bbox 2397 5795 2992 5859">
     <span class='ocr_line' id='line_1_120' title="bbox 2397 5795 2992 5859; baseline 0.005 -14"><span class='ocrx_word' id='word_1_970' title='bbox 2397 5798 2410 5830; x_wconf 74' lang='grc' dir='ltr'>ί</span> <span class='ocrx_word' id='word_1_971' title='bbox 2452 5796 2549 5859; x_wconf 66' lang='grc' dir='ltr'>Αἰξί]</span> <span class='ocrx_word' id='word_1_972' title='bbox 2566 5802 2634 5845; x_wconf 57' lang='lat' dir='ltr'><strong><em>tot</em></strong></span> <span class='ocrx_word' id='word_1_973' title='bbox 2655 5802 2779 5854; x_wconf 63' lang='grc' dir='ltr'><strong>διεδ..</strong></span> <span class='ocrx_word' id='word_1_974' title='bbox 2809 5795 2992 5851; x_wconf 64' lang='lat' dir='ltr'><strong><em>fallere.</em></strong></span> 
     </span>
    </p>
   </div>
  </div>
