3960 6438
153 552 287 629 quia
318 562 437 605 non;
464 541 918 606 cnufttndebatur,
946 536 1070 610 qttid
1105 536 1218 592 ait?
1245 532 1538 590 Gloriamur
1562 529 1613 583 in
1644 525 1739 629 tri-

165 622 542 706 bulationibus,
590 639 801 692 scientes
844 637 1081 705 quoniam
1140 628 1397 685 tribulatio
1449 622 1743 695 patientiam

168 745 427 809 operatur,
455 728 692 801 patientia
730 724 1073 798 probationem
1098 763 1115 790 ,
1158 720 1383 791 probatio
1423 733 1564 789 spent
1588 758 1604 783 ,
1628 730 1745 809 spes

173 807 341 888 cum
369 841 462 881 non
479 820 762 891 conputdit.
793 818 946 877 Unde
982 831 1106 886 spes
1130 829 1235 871 non
1275 809 1586 869 confundit?
1612 807 1745 876 Quia

176 928 227 983 in
274 922 389 977 Deo
426 917 595 989 posita
619 923 722 970 est.
753 912 880 969 ideo
906 909 1174 981 sequitur,
1202 905 1334 974 Quia
1379 902 1601 959 charitas
1650 898 1746 955 Dei

52 1002 57 1059 θ
176 1015 370 1084 ὀὶῖω
405 1020 474 1067 cst
499 1010 554 1065 in
597 1007 832 1063 cordibus
867 1004 1052 1060 nostris
1093 1017 1183 1075 per
1227 999 1477 1071 Spiritum
1517 1004 1747 1052 sanctum

50 1106 67 1179 ᾖ
173 1109 261 1182 φή
290 1107 437 1161 datus
459 1112 529 1158 est
567 1100 731 1157 nobis.
760 1098 877 1156 Jam
903 1095 1060 1153 datus
1081 1103 1164 1151 est
1188 1091 1343 1148 nobis
1367 1090 1596 1161 Spiritus
1619 1100 1746 1182 san:

170 1176 312 1263 ctus,
337 1192 600 1267 quomodo
642 1206 745 1247 nos
786 1189 920 1246 fallit
946 1186 1097 1257 cujus
1119 1186 1223 1240 tale
1252 1183 1439 1255 pignus
1465 1176 1750 1236 tenemus?

174 1288 303 1345 Non
326 1284 693 1355 confundentur
715 1283 769 1336 in
799 1291 1021 1350 tempore
1048 1275 1182 1331 malo
1214 1291 1232 1330 :
1259 1274 1376 1328 etin
1403 1272 1576 1327 diebus
1598 1268 1749 1341 famis

174 1377 554 1436 saturabuntur.
582 1373 680 1430 Est
720 1372 863 1427 enim
889 1368 1130 1440 quatdatn
1161 1366 1245 1422 hic
1265 1363 1515 1420 saturitas
1538 1374 1747 1417 eorum.

177 1471 308 1527 Nam
341 1468 454 1524 dies
476 1466 651 1531 famis,
677 1464 801 1519 vita:
826 1462 981 1533 hujus
1014 1470 1138 1516 sunt
1162 1477 1177 1514 :
1204 1458 1324 1513 aliis
1351 1453 1708 1512 esurientibus
1729 1493 1747 1520 ,

179 1563 257 1617 illi
308 1570 627 1617 saturantur.
677 1556 810 1614 Nam
857 1556 945 1611 illc
995 1551 1135 1609 unde
1162 1550 1480 1622 gloriaretur
1523 1548 1748 1611 dicens,

184 1655 466 1710 moriamur
490 1652 541 1705 in
556 1646 982 1710 tribulationibus,
995 1644 1039 1700 si
1065 1651 1354 1716 egestatem
1373 1642 1513 1695 intus
1536 1647 1748 1710 patere-

184 1746 290 1804 tur?
315 1743 627 1801 Videbantur
648 1741 778 1797 foris
803 1737 1081 1810 angttstitc,
1107 1735 1201 1792 sed
1228 1731 1600 1791 intuslatitudo
1612 1738 1747 1786 erat.

252 1838 338 1895 ιο.
363 1835 505 1910 [rem
553 1832 673 1904 20.]
697 1830 834 1900 Quid
868 1839 1048 1885 autem
1087 1825 1212 1883 facit
1240 1824 1412 1881 malus
1442 1821 1603 1878 homo
1628 1834 1750 1875 cum

189 1927 400 1998 «aperit
423 1923 692 1980 tribulari?
719 1919 872 1976 Foris
898 1918 1033 1975 nihil
1063 1916 1253 1981 habet,
1281 1914 1456 1970 ablata
1482 1920 1607 1968 sunt
1630 1926 1749 1965 om-

188 2020 286 2085 nia,
314 2019 369 2074 in
389 2012 705 2073 conscientia
745 2011 948 2069 nullum
970 2010 1216 2067 solatium
1244 2015 1329 2064 est
1358 2022 1374 2058 :
1406 2020 1511 2062 non
1537 2012 1622 2061 est
1644 2017 1750 2074 quo

188 2120 355 2181 exeat,
378 2110 494 2181 quia
512 2107 643 2165 dura
674 2112 829 2172 sunt;
850 2119 956 2160 non
997 2108 1081 2158 est
1105 2115 1211 2173 quo
1235 2098 1434 2164 intret,
1464 2095 1585 2169 quia
1610 2092 1750 2149 mala

187 2210 319 2259 sunt.
347 2199 529 2256 Merito
550 2198 601 2256 ei
631 2196 690 2252 fit
716 2194 857 2266 quod
877 2192 1156 2266 sequitur:
1188 2189 1444 2256 Quoniam
1465 2195 1751 2259 peceatores

189 2293 423 2367 peribunt.
461 2289 665 2360 Quibus
704 2290 848 2345 enim
876 2285 1026 2342 locus
1050 2296 1309 2355 nusquam
1343 2290 1455 2349 est,
1483 2278 1751 2351 quomodo

191 2402 287 2443 non
319 2383 597 2456 peribunt?
616 2379 923 2438 Consolatio
948 2393 1055 2434 non
1077 2385 1159 2433 est
1182 2376 1238 2432 in
1266 2373 1521 2439 externis,
1542 2388 1648 2429 non
1667 2379 1750 2429 est

193 2474 242 2534 iu
281 2475 517 2532 internis.
552 2474 717 2531 Extra
744 2479 869 2528 sunt
893 2470 1034 2527 enim
1063 2485 1095 2525 a
1120 2468 1292 2534 nobis,
1315 2467 1385 2522 de
1409 2466 1600 2535 quibus
1622 2479 1750 2521 con-

196 2568 365 2626 solatio
400 2567 541 2625 nulla
568 2575 670 2622 est.
709 2563 779 2621 Et
815 2561 1049 2620 universi
1074 2560 1161 2631 qui
1199 2559 1368 2615 Deum
1390 2573 1493 2615 non
1521 2556 1747 2622 habent,

199 2660 409 2732 νεωηίτο
430 2699 446 2726 ,
475 2656 759 2725 amicitiae,
785 2655 970 2726 gloria:
988 2695 1005 2724 ,
1042 2650 1380 2709 facultatibus
1430 2649 1611 2705 mundi
1636 2662 1750 2704 ser-

205 2752 330 2808 viunt
357 2753 488 2819 ’,ει
528 2764 878 2822 quaecumque
923 2746 1061 2802 bona
1098 2752 1223 2801 sunt
1265 2741 1560 2811 corporalia
1585 2780 1601 2807 ,
1643 2754 1748 2794 non

205 2851 393 2915 possunt
438 2842 701 2898 consolari
750 2838 1089 2902 intrinsecus,
1120 2833 1388 2908 quomodo
1433 2830 1748 2887 consolaba-

209 2941 275 2990 tttr
313 2934 392 2990 ille
426 2935 615 3007 plenus
660 2932 844 3004 sagina
887 2930 1177 2994 interiore,
1220 2934 1275 2982 et
1301 2927 1371 2983 dc
1417 2926 1529 2995 ipsa
1568 2924 1749 2994 sagina

210 3034 384 3082 manus
409 3044 421 3081 :
455 3025 700 3080 Dominus
725 3023 897 3091 dedit,
940 3020 1185 3076 Dominus
1226 3018 1462 3082 abstulit,
1487 3017 1615 3073 sicut
1642 3013 1750 3071 Do—

210 3117 317 3173 mino
341 3116 539 3186 placuit,
566 3116 641 3170 ita
679 3118 868 3189 factum
888 3122 998 3178 est;
1022 3112 1087 3167 sit
1115 3126 1295 3165 nomen
1320 3107 1525 3163 Domini
1549 3106 1751 3162 benedi-

213 3216 313 3263 ctum
336 3206 448 3277 (Job
500 3224 539 3272 t,
570 3207 688 3277 ει).
721 3206 865 3278 Ergo
887 3206 990 3262 illis
1015 3204 1380 3276 peccatoribus
1411 3216 1516 3258 non
1540 3208 1623 3256 est
1667 3199 1748 3256 lo-

207 3312 285 3356 cus
308 3298 354 3355 iu
376 3296 458 3355 bis
480 3314 600 3371 qua:
643 3297 770 3353 furis
790 3304 957 3363 sunt,
987 3294 1111 3366 quia
1134 3293 1205 3350 ibi
1229 3293 1498 3365 patiuntur
1530 3292 1748 3347 tribula-

207 3388 350 3447 tiones
375 3394 393 3424 '
424 3408 437 3446 :
463 3389 786 3447 conscientia
834 3388 955 3445 illos
1004 3403 1109 3442 non
1155 3385 1485 3452 consolatur;
1526 3393 1747 3440 nonest

199 3477 317 3537 brae
338 3480 433 3536 illis
459 3496 679 3545 secum,
709 3480 832 3551 quia
861 3479 997 3534 bene
1031 3492 1153 3533 esse
1188 3491 1310 3533 cum
1339 3476 1479 3532 malo
1510 3490 1615 3531 non
1648 3491 1745 3545 po-

200 3580 307 3628 test.
350 3571 590 3641 Quisquis
630 3580 809 3626 autem
858 3569 1030 3624 malus
1077 3576 1195 3636 est,
1226 3567 1364 3621 male
1417 3581 1597 3622 secum
1624 3573 1743 3620 est:

196 3671 474 3733 torqueatur
497 3675 718 3718 necesse
736 3669 816 3717 est
841 3659 943 3716 sibi
971 3658 1148 3730 scipso
1189 3664 1476 3713 tormento.
1517 3654 1637 3726 Ipse
1660 3664 1746 3711 est.

189 3758 319 3813 enim
342 3770 490 3826 pinna
514 3771 607 3811 sua
629 3795 646 3819 ,
668 3768 825 3825 quem
858 3761 1070 3822 torquet
1092 3749 1415 3806 conscientia
1444 3764 1557 3806 sua.
1591 3747 1747 3820 Fugit

187 3848 249 3905 sb
267 3848 473 3903 inimico
501 3863 608 3917 quo
634 3845 884 3916 potuerit,
909 3860 939 3899 a
968 3859 1029 3901 se
1064 3857 1171 3915 quo
1198 3842 1393 3914 fugiet?

247 3939 333 3996 ll.
360 3937 433 3993 lta
459 3935 673 4009 quidam
714 3950 779 3994 ex
822 3943 972 4005 parte
1012 3933 1202 3990 Donati
1240 3942 1458 3989 venerat
1500 3932 1566 3988 ad
1610 3947 1745 4002 nos,

180 4038 443 4089 accusatus
484 4038 538 4083 et
577 4027 1065 4084 excommunicatus
1101 4040 1133 4081 a
1176 4026 1322 4092 suis,
1368 4024 1457 4080 hic
1501 4038 1745 4095 qurerens

178 4121 313 4195 quod
338 4120 411 4176 ibi
438 4118 756 4190 perdiderat.
783 4116 888 4174 Sed
911 4118 1032 4191 quia
1055 4114 1251 4188 suscipi
1278 4131 1385 4171 non
1410 4115 1611 4185 potuit,
1644 4114 1746 4170 nisi

177 4230 242 4272 eo
266 4213 381 4270 loco
407 4226 511 4284 quo
538 4211 721 4268 debuit
747 4225 896 4266 :rnon
926 4209 1068 4266 enim
1096 4207 1333 4265 deseruit
1371 4207 1514 4264 illam
1536 4217 1746 4279 partem

176 4305 321 4380 quasi
360 4306 562 4375 integer
588 4302 727 4374 apud
757 4301 930 4372 ipsos,
959 4308 1020 4356 ut
1042 4308 1324 4372 appareret
1362 4314 1483 4354 eum
1521 4313 1625 4354 non
1652 4314 1747 4355 ne-

176 4398 435 4462 cessitate,
466 4394 559 4451 sed
583 4392 846 4450 electione
875 4392 1064 4449 fecisse
1083 4390 1106 4423 ³
1133 4408 1147 4445 :
1172 4392 1293 4462 quia
1310 4390 1381 4445 ibi
1402 4404 1529 4460 ergo
1549 4390 1744 4445 habere

176 4507 281 4551 non
312 4491 480 4563 potuit
506 4489 646 4563 quod
680 4488 981 4561 quaerebat,
1021 4486 1292 4560 qurercbat
1331 4498 1511 4543 autem
1551 4502 1742 4543 vanam

175 4582 450 4642 elationem
478 4590 531 4637 et
559 4581 750 4637 falsum
778 4579 1058 4646 honorem,
1087 4587 1138 4634 et
1169 4578 1290 4650 quia
1313 4578 1399 4634 hic
1420 4596 1524 4634 non
1546 4579 1745 4634 invenit

174 4676 310 4748 quod
337 4676 405 4732 ibi
430 4674 678 4746 perdidit,
702 4683 755 4730 et
782 4674 894 4745 ipse
923 4672 1100 4745 periit.
1128 4672 1387 4730 Gemebat
1414 4674 1624 4729 saucius
1642 4714 1658 4739 ,
1690 4681 1745 4729 et

176 4782 278 4823 non
320 4766 739 4822 consolabatur:
771 4773 928 4820 erant
967 4762 1109 4819 enim
1158 4763 1209 4819 in
1251 4763 1578 4819 conscientia
1628 4763 1743 4834 ejus

175 4857 335 4912 aculei
369 4856 647 4913 horribiles
674 4855 838 4912 taciti.
861 4854 1202 4910 Tentavimus
1228 4854 1492 4910 consolari
1516 4869 1637 4910 omn
1675 4853 1744 4910 de

175 4947 331 5003 verbo
355 4946 485 5003 Dei:
514 4947 609 5005 scd
640 4946 731 5003 ille
762 4962 865 5002 non
892 4955 1008 5004 erat
1033 4944 1100 5001 de
1124 4945 1450 5016 sapientibus
1481 4943 1738 5013 formicis,

176 5053 289 5111 qua!
315 5037 412 5093 sibi
440 5046 625 5094 testate
655 5036 984 5106 collegerunt
1015 5035 1154 5091 unde
1183 5036 1357 5092 hieme
1384 5035 1580 5091 vivant.
1608 5036 1741 5091 Cum

176 5127 311 5184 enim
350 5143 438 5184 res
474 5136 596 5187 sunt
623 5128 958 5198 tranquilla»,
996 5136 1121 5184 tunc
1146 5126 1309 5183 homo
1352 5126 1452 5183 sibi
1490 5126 1741 5199 colligere

177 5217 325 5274 debet
348 5217 567 5275 verbum
597 5217 722 5284 Dei,
747 5227 801 5273 et
828 5218 1118 5275 recondere
1143 5220 1195 5272 in
1216 5217 1416 5272 intimis
1436 5218 1611 5274 cordis
1631 5218 1734 5283 sui,

178 5308 610 5380 quanadmodum
627 5307 851 5366 formica
873 5308 1147 5365 abscondit
1170 5309 1226 5364 in
1251 5309 1553 5366 cavernosis
1577 5324 1741 5381 peuc—

50 3502 75 3607 ὲ.

50 3616 83 3779 ἓ

56 3796 83 3913 .'

52 3946 71 4083 ἐξ

50 4088 73 4187 ξ

237 5484 255 5516 ι
280 5488 398 5550 :lres
416 5489 544 5533 Mssa
574 5479 798 5550 Pecunia,
822 5480 1054 5545 amicitia,
1075 5483 1249 5549 gloria,
1270 5484 1521 5548 facultates
1550 5488 1738 5550 mundi,

176 5541 293 5597 servi
310 5549 357 5595 et
374 5555 684 5607 quaeautque
701 5543 836 5599 bona,
860 5552 961 5607 etc.

174 5603 407 5719 ,δε-ἐξω
441 5612 575 5668 Lov.,
597 5603 680 5658 ubi
709 5605 1013 5658 etatseiaatia.
1047 5607 1196 5658 Abest
1214 5620 1329 5671 vox,
1352 5606 1458 5672 ubi,
1493 5621 1523 5659 a
1555 5615 1662 5661 Mss.
1688 5617 1742 5663 et

230 5704 348 5781 5'
365 5727 583 5792 melioris
602 5734 731 5778 noue
747 5735 853 5778 Mss.
877 5735 934 5779 At
953 5734 1047 5786 ετ..
1070 5742 1182 5792 eum
1196 5743 1289 5792 non
1310 5730 1633 5792 delectatione,
1653 5736 1740 5787 sed

168 5797 429 5867 peccatore
444 5788 636 5856 fecisse.
659 5794 791 5852 ιον..
812 5802 923 5842 eum
943 5802 1039 5844 non
1059 5790 1330 5855 dilectione.
1350 5795 1437 5848 sed
1459 5788 1740 5849 necessitate

1230 378 1734 477 autumnum
1772 401 2096 464 essenon
2135 408 2376 468 xxxvi.

3331 422 3439 482 570

1854 522 2072 577 tralibus
2093 522 2303 581 labores
2320 528 2517 583 a-statis
2539 527 2724 603 (Prov.
2754 544 2839 597 vt,
2872 528 2927 595 6,
2957 540 3007 587 et
3034 547 3159 595 xxx.
3189 533 3307 605 9.5).
3335 537 3440 595 Per

1848 629 2088 673 aestatem
2116 618 2257 673 cuitu
2286 630 2437 676 vacat
2466 622 2567 678 hoc
2605 638 2763 694 agere
2790 642 2805 679 :
2833 625 2979 681 venit
3013 636 3189 683 autem
3234 628 3440 697 hiems,

1851 711 1904 768 id
1933 721 2048 776 est,
2077 713 2384 782 supervenit
2414 715 2721 781 tribulatio;
2761 726 2817 772 et
2846 718 2948 773 nisi
2989 720 3132 775 intus
3175 722 3444 781 invenerit

1850 802 1994 874 quod
2024 803 2178 870 edat,
2211 819 2433 862 necesse
2461 815 2546 861 est
2582 816 2641 861 ut
2673 806 2817 864 fame
2861 808 3153 880 dispereat.
3182 812 3289 870 Iste
3312 829 3444 889 ergo

1848 894 1953 950 sibi
1994 909 2100 949 non
2144 894 2433 967 collegerat
2478 898 2700 954 verbum
2739 900 2869 965 Dei,
2913 905 3217 972 supervenit
3244 906 3439 976 hiems,

1852 1002 1962 1043 non
1990 987 2076 1043 hic
2108 986 2308 1044 invenit
2334 990 2475 1060 quod
2504 992 2810 1062 qumrcbat,
2853 995 3119 1052 consolari
3170 1000 3271 1054 nisi
3317 1000 3444 1059 inde

1852 1092 1960 1133 non
1992 1087 2227 1149 poterat,
2255 1079 2323 1137 de
2353 1080 2517 1137 verbo
2548 1095 2725 1139 autem
2763 1083 2860 1139 Dei
2903 1086 3054 1141 nullo
3085 1088 3263 1145 modo.
3292 1090 3444 1150 Intus

1852 1170 1994 1240 apud
2022 1186 2082 1227 se
2110 1174 2240 1227 nibil
2270 1172 2521 1241 habebat,
2549 1175 2677 1231 foris
2702 1176 2846 1249 quod
2868 1178 3144 1249 quaerebat
3163 1197 3268 1239 non
3289 1185 3444 1244 inve-

1855 1262 2034 1317 niebat
2061 1280 2076 1317 :
2103 1264 2325 1322 ardebat
2369 1267 2792 1339 indignationum
2823 1280 2879 1326 et
2915 1270 3164 1329 dolorum
3208 1274 3441 1346 facibus,

1853 1354 2154 1423 agitabatur
2182 1371 2334 1413 utens
2374 1359 2490 1430 ejus
2530 1360 2814 1428 violenter,
2856 1371 2913 1417 et
2958 1365 3159 1420 tamdiu
3203 1369 3441 1438 occulte,

1855 1442 2031 1500 donec
2054 1447 2215 1501 etiam
2247 1458 2558 1520 erumperet
2600 1452 2653 1507 in
2700 1453 2958 1523 quosdam
2998 1457 3263 1525 gemitus,
3292 1459 3362 1515 ita
3389 1472 3444 1517 ut

1855 1535 1996 1591 inter
2023 1536 2216 1594 fratres
2239 1549 2492 1610 sonaret,
2520 1552 2588 1599 .et
2629 1558 2687 1599 se
2729 1544 2900 1600 audiri
2933 1549 3184 1605 nesciret.
3212 1550 3438 1607 Videba-

1855 1641 2009 1695 mus,
2036 1637 2092 1684 et
2121 1628 2436 1687 dolebamus
2474 1636 2839 1702 vehementer,
2877 1637 3022 1692 Deus
3060 1640 3195 1704 scit,
3244 1650 3445 1697 tantam

1855 1732 2067 1789 plenam
2096 1722 2308 1787 animm,
2336 1734 2508 1780 tantas
2531 1742 2738 1795 cruces,
2771 1736 2945 1784 tantas
2972 1733 3266 1800 gelteunas,
3299 1742 3445 1790 tanta

1855 1819 2144 1868 tormenta.
2166 1814 2304 1883 Quid
2336 1816 2613 1887 pluribus?
2640 1818 2926 1890 Impatiens
2949 1821 3052 1877 loci
3082 1821 3326 1892 humilis,
3354 1826 3445 1882 cui

1853 1903 1900 1958 si
1928 1912 2176 1974 saperet,
2208 1914 2392 1976 posset
2414 1922 2536 1964 esse
2564 1908 2713 1965 locus
2739 1910 3000 1977 salubris,
3027 1913 3146 1969 talis
3171 1917 3439 1987 apparuit,

1854 2001 1915 2048 ut
1959 1994 2119 2049 etiam
2166 1996 2536 2067 projiceretur.
2564 1999 2748 2071 Neque
2790 2002 2915 2058 hinc
2953 2004 3241 2074 desperare
3280 2007 3441 2064 debe-

1855 2102 1975 2142 mus
1992 2129 2007 2154 ,
2038 2089 2230 2146 fratres
2249 2131 2263 2156 ,
2291 2090 2360 2147 de
2384 2091 2503 2147 aliis
2519 2135 2535 2159 ,
2562 2093 2652 2163 qui
2679 2093 2816 2151 forte
2840 2098 3100 2167 elegerint
3123 2101 3399 2157 veritatem
3421 2143 3439 2169 ,

1854 2193 1964 2235 non
1992 2182 2162 2236 secuti
2188 2182 2388 2239 fuerint
2414 2185 2808 2241 necessitatem.
2834 2186 3015 2259 Usque
3040 2190 3178 2247 adeo
3202 2192 3347 2249 enim
3368 2192 3443 2251 ds

1854 2271 2065 2326 cretcris
2090 2271 2484 2342 desperandum
2511 2289 2616 2329 non
2644 2284 2761 2342 est,
2790 2286 2849 2333 ut
2871 2293 2973 2333 nec
3011 2280 3079 2336 de
3116 2281 3220 2336 isto
3244 2282 3437 2354 despe-
3512 2278 3533 2296 '

1855 2375 1993 2429 rem,
2024 2362 2281 2433 quamdiu
2310 2364 2457 2419 vivit.
2498 2365 2575 2421 De
2618 2366 2767 2423 nullo
2807 2368 2950 2424 enim
2992 2371 3205 2427 vivente
3246 2373 3439 2445 despc-

1853 2450 2078 2506 randutn
2108 2461 2208 2507 cst.
2232 2453 2344 2510 lloc
2370 2469 2517 2526 ergo,
2542 2456 2754 2525 fratres,
2776 2473 2843 2514 ex
2872 2459 3157 2518 occasione
3182 2462 3281 2519 hac
3300 2465 3443 2521 scire

1854 2539 2039 2597 debuit
2062 2541 2304 2599 Charitas
2325 2542 2516 2600 Vestra
2533 2587 2547 2613 ,
2580 2561 2648 2602 ne
2687 2548 2808 2619 quis
2849 2547 2991 2605 forte
3015 2550 3158 2606 aliud
3183 2553 3334 2609 vobis
3360 2556 3445 2613 di-

1853 2639 1959 2686 cat.
2003 2631 2135 2688 Nam
2182 2633 2539 2693 subdiaconus
2582 2653 2804 2706 eorum,
2846 2642 2977 2711 qui,
3024 2659 3147 2698 cum
3196 2645 3247 2699 ei
3296 2647 3441 2703 nulla

1852 2724 2078 2792 qutestio
2124 2723 2194 2780 ibi
2232 2740 2681 2797 commoveretur,
2720 2731 2880 2802 elegit
2905 2733 3222 2790 catholicam
3254 2752 3441 2805 pacem

1854 2823 1909 2870 et
1934 2815 2209 2880 unitatem,
2239 2828 2292 2871 et
2323 2818 2426 2873 illis
2455 2819 2691 2875 dimissis
2719 2822 2885 2887 venit,
2910 2825 3058 2878 venit
3086 2840 3276 2881 revera
3301 2828 3440 2889 sicut

1853 2904 2056 2977 eligens
2077 2908 2218 2977 quod
2240 2909 2434 2964 bonum
2457 2920 2558 2979 cst,
2588 2927 2690 2966 nou
2713 2915 2851 2968 sicut
2869 2916 3179 2986 repudiatus
3196 2932 3226 2972 a
3249 2919 3435 2979 malis:

1853 2996 1933 3052 sic
1959 3007 2211 3070 acceptus
2240 3011 2343 3067 est,
2372 3010 2429 3056 ut
2452 3002 2521 3058 de
2546 3003 2659 3073 ejus
2690 3007 3040 3063 conversione
3069 3008 3433 3080 gaudeamus,

1853 3097 1905 3143 et
1947 3105 2069 3144 cum
2120 3093 2316 3147 vestris
2364 3096 2696 3151 orationibus
2738 3098 3198 3158 commendemus.
3239 3103 3437 3162 Potens

1852 3190 1936 3235 est
1962 3180 2101 3235 enim
2134 3182 2289 3250 Deus,
2322 3185 2411 3254 qui
2436 3200 2557 3240 cum
2585 3186 2742 3242 faciat
2765 3189 2925 3244 etiam
2955 3200 3116 3261 atque
3137 3194 3295 3248 etiam
3316 3210 3435 3252 mo-

1852 3272 2063 3329 liorcm.
2085 3276 2347 3333 Cancrum
2374 3278 2443 3334 de
2476 3280 2623 3334 nullo
2663 3282 3109 3350 pronuntiandum
3139 3295 3222 3342 est
3248 3287 3302 3342 in
3331 3288 3434 3343 ali-

1850 3379 2007 3434 quant
2029 3376 2258 3437 partetn,
2282 3369 2396 3425 sive
2423 3370 2474 3425 in
2497 3371 2712 3439 bonam,
2736 3373 2847 3428 sive
2864 3375 2916 3429 in
2936 3378 3147 3431 malam.
3171 3376 3435 3445 Quamdiu

1849 3457 1993 3511 enim
2041 3460 2130 3514 hic
2174 3460 2384 3527 vivitur,
2429 3466 2690 3519 crastinus
2731 3464 2845 3520 dies
2885 3479 3099 3536 semper
3137 3468 3431 3541 ignoratur.

1854 3548 1973 3605 Non
1998 3554 2371 3623 eonfundentur
2394 3557 2445 3610 in
2473 3567 2693 3627 tempore
2716 3559 2851 3613 malo
2869 3600 2884 3624 ,
2912 3568 2959 3614 et
2994 3561 3048 3614 in
3087 3561 3436 3633 diebus-[amis

1850 3643 2211 3698 saturabuntur
2236 3661 2256 3699 :
2283 3648 2519 3713 quoniam
2548 3658 2831 3716 peccatores
2856 3651 3108 3721 peribunt.

1923 3733 2009 3788 12.
2041 3732 2249 3789 Inimici
2273 3749 2443 3792 autem
2467 3738 2670 3794 Domini
2707 3744 2877 3796 statim
2915 3752 2970 3796 ut
3012 3745 3360 3815 gloriabuntur
3385 3760 3433 3805 et

1847 3826 2223 3896 exaltabuntur,
2254 3829 2537 3899 deﬁcientes
2560 3834 2688 3886 sicut
2726 3841 2896 3907 fumus
2933 3838 3182 3907 deﬁcient.
3217 3840 3292 3896 Ex
3318 3840 3433 3912 ipss

1848 3918 2195 3976 similitudine
2233 3937 2346 3979 rem
2376 3940 2535 3994 quam
2567 3926 2886 3997 insinuavit,
2915 3931 3206 4002 agnoscite.
3232 3932 3433 3992 Fumus

1848 4029 1882 4069 a
1925 4013 2045 4070 loco
2090 4015 2227 4087 ignis
2270 4032 2555 4089 erumpens
2601 4022 2654 4076 in
2696 4021 2863 4078 altum
2904 4025 3192 4091 extollitur,
3224 4035 3280 4082 ct
3318 4027 3431 4097 ipsa

1848 4106 2082 4164 elatione
2112 4109 2166 4164 in
2194 4110 2409 4180 globum
2438 4127 2687 4183 magnum
2728 4114 3031 4171 intumescit
3058 4134 3074 4175 :
3101 4118 3195 4174 sed
3230 4128 3432 4191 quanto

1850 4198 2007 4255 fuerit
2049 4200 2237 4270 globus
2267 4202 2357 4257 ille
2396 4204 2667 4274 grandior,
2713 4214 2860 4262 tanto
2903 4208 2962 4260 fit
2996 4210 3215 4277 vanior;
3244 4211 3311 4267 ab
3341 4210 3429 4267 illa

1849 4291 1989 4346 enim
2020 4293 2380 4363 magnitudine
2411 4310 2516 4349 non
2560 4296 2774 4352 fundata
2801 4306 2856 4353 et
2881 4300 3104 4356 solidata
3125 4344 3140 4371 ,
3172 4303 3264 4359 sed
3294 4318 3428 4372 pen-

1848 4382 2009 4440 dente
2034 4393 2089 4438 et
2116 4384 2317 4453 inflata,
2346 4386 2386 4440 it
2412 4387 2466 4441 in
2492 4404 2651 4442 auras
2676 4398 2832 4460 atque
2861 4392 3130 4459 dilabitur,
3160 4405 3217 4446 ttt
3246 4394 3427 4452 videas

1848 4475 2015 4546 ipsam
2043 4475 2093 4529 ei
2123 4474 2355 4531 obfuisse
2393 4478 2826 4546 magnitudinem.
2873 4481 3083 4549 Quanto
3118 4483 3259 4539 enim
3306 4484 3425 4553 plus

1846 4575 2059 4621 erectus
2079 4575 2180 4631 est,
2207 4578 2407 4638 quanto
2434 4578 2705 4637 extentus,
2738 4582 2935 4641 quanto
2956 4574 3175 4629 diffusus
3197 4575 3427 4647 undique

1846 4657 1901 4714 in
1932 4660 2187 4729 majorem
2210 4661 2491 4725 ambitum,
2519 4670 2667 4716 tanto
2689 4661 2747 4716 lit
2767 4665 2974 4730 exilior,
2998 4674 3051 4720 et
3078 4665 3350 4732 deficiens,
3372 4678 3427 4724 et

1846 4766 1953 4808 non
1979 4768 2262 4823 apparens.
2292 4751 2496 4807 Inimici
2526 4763 2690 4808 autem
2721 4754 2926 4810 Domini
2952 4758 3120 4811 statim
3156 4767 3212 4811 ut
3235 4759 3428 4829 gloria-

1845 4842 2030 4897 buntur
2054 4852 2098 4897 et
2124 4844 2499 4910 cxnltabunlur,
2530 4845 2816 4914 deﬁcientes
2841 4846 2966 4899 sicut
2984 4847 3151 4917 fumus
3170 4848 3424 4917 deﬁcient.

1846 4934 1922 4990 De
1944 4934 2134 4990 talibus
2162 4935 2361 4990 dictum
2394 4947 2475 4991 est
2504 4953 2519 4991 :
2549 4938 2693 4991 Sicut
2718 4936 2911 4993 Jannes
2934 4948 2979 4992 et
3008 4938 3261 4996 Manibus
3289 4943 3427 4998 resti-

1846 5034 2011 5080 terunt
2033 5023 2218 5097 Moysi,
2240 5028 2311 5081 sic
2330 5035 2376 5081 et
2401 5028 2485 5081 isti
2507 5029 2742 5083 resistunt
2769 5030 2994 5084 ueritati:
3015 5029 3240 5086 homines
3260 5042 3426 5089 mente

1844 5117 2098 5187 corrupti,
2142 5118 2340 5187 reprobi
2383 5118 2517 5172 circa
2560 5118 2732 5188 ﬁdem.
2763 5119 2914 5176 Unde
2949 5130 3125 5178 autem
3169 5124 3424 5179 resistunt

1842 5209 2077 5277 veritati,
2103 5209 2205 5264 nisi
2232 5209 2502 5265 inflatione
2525 5210 2748 5265 tumoris
2777 5212 2879 5279 sui,
2909 5222 3096 5268 euntes
3123 5212 3176 5267 in
3196 5225 3421 5281 ventos,

1841 5298 2161 5355 extollentes
2200 5315 2260 5354 se
2298 5299 2449 5370 quasi
2474 5300 2646 5371 justos
2693 5309 2748 5355 ct
2790 5302 3044 5371 magnos?
3071 5302 3206 5370 Quid
3243 5312 3422 5359 autem

1840 5389 1909 5448 de
1935 5391 2043 5447 illis
2066 5392 2180 5447 ait?
2207 5392 2481 5462 Tanquam
2510 5392 2577 5446 de
2603 5391 2784 5446 fumo:
2818 5391 2925 5447 Sed
2955 5393 3088 5446 ultra
3122 5409 3223 5447 non
3260 5395 3424 5465 proﬁ-

1841 5484 2008 5550 cient;
2028 5484 2276 5538 dementia
2292 5484 2422 5537 enim
2450 5499 2620 5536 eorum
2638 5482 2902 5553 manifesta
2924 5481 3017 5535 erit
3042 5484 3290 5551 omnibus,
3316 5485 3419 5540 sie-

1843 5586 1898 5629 ut
1935 5586 1981 5630 et
2020 5576 2227 5630 illorunt
2270 5577 2362 5646 fuit
2392 5573 2475 5646 (ll
2505 5572 2634 5627 Tim.
2667 5589 2721 5628 ιιι
2741 5613 2758 5640 ,
2789 5574 2854 5636 8,
2882 5573 2978 5643 9).
3010 5572 3214 5628 Inimici
3253 5585 3421 5630 autem

1843 5668 2051 5724 Domini
2076 5668 2244 5721 statim
2265 5678 2317 5720 ut
2341 5666 2692 5737 gloriabuntur
2716 5673 2764 5719 et
2785 5662 3157 5734 mirabuntur,
3183 5666 3420 5735 deﬁcien-

1843 5769 1918 5817 tes
1944 5760 2073 5813 sicut
2100 5761 2269 5830 fumus
2292 5758 2541 5826 deﬁcient.

1921 5851 2010 5908 15.
2051 5849 2214 5927 [ναι.
2239 5846 2678 5920 2|.1Feneratur
2712 5856 2958 5918 peccator,
3001 5856 3049 5905 et
3097 5863 3199 5907 non
3240 5846 3414 5905 salua.
