  <div class='ocr_page' id='page_1' title='image "/cluster/home/n/w/nwhite01/storage/ocr_20150623/36/uva.x000827105/193.png"; bbox 0 0 3960 6402; ppageno 0'>
   <div class='ocr_carea' id='block_1_1' title="bbox 613 338 722 406">
    <p class='ocr_par' dir='ltr' id='par_1_1' title="bbox 613 338 722 406">
     <span class='ocr_line' id='line_1_1' title="bbox 613 338 722 406; baseline 0 0"><span class='ocrx_word' id='word_1_1' title='bbox 613 338 722 406; x_wconf 65' lang='grc' dir='ltr'><strong>δτι</strong></span> 
     </span>
    </p>
   </div>
   <div class='ocr_carea' id='block_1_2' title="bbox 615 440 2197 531">
    <p class='ocr_par' dir='ltr' id='par_1_2' title="bbox 615 440 2197 531">
     <span class='ocr_line' id='line_1_2' title="bbox 615 440 2197 531; baseline -0.013 -13"><span class='ocrx_word' id='word_1_2' title='bbox 615 455 858 531; x_wconf 67' lang='lat' dir='ltr'><strong>Accipit,</strong></span> <span class='ocrx_word' id='word_1_3' title='bbox 885 463 941 514; x_wconf 88' lang='lat' dir='ltr'><strong>et</strong></span> <span class='ocrx_word' id='word_1_4' title='bbox 965 468 1073 512; x_wconf 89' lang='lat' dir='ltr'><strong>non</strong></span> <span class='ocrx_word' id='word_1_5' title='bbox 1104 449 1308 509; x_wconf 89' lang='lat' dir='ltr'><strong>reddet.</strong></span> <span class='ocrx_word' id='word_1_6' title='bbox 1331 443 1470 517; x_wconf 84' lang='lat' dir='ltr'><strong>Quid</strong></span> <span class='ocrx_word' id='word_1_7' title='bbox 1503 459 1612 504; x_wconf 85' lang='lat' dir='ltr'><strong>non</strong></span> <span class='ocrx_word' id='word_1_8' title='bbox 1647 440 1869 502; x_wconf 78' lang='lat' dir='ltr'><strong>reddet?</strong></span> <span class='ocrx_word' id='word_1_9' title='bbox 1892 440 2197 501; x_wconf 77' lang='lat' dir='ltr'><strong>Gratiarum</strong></span> 
     </span>
    </p>
   </div>
   <div class='ocr_carea' id='block_1_3' title="bbox 615 536 2200 617">
    <p class='ocr_par' dir='ltr' id='par_1_3' title="bbox 615 536 2200 617">
     <span class='ocr_line' id='line_1_3' title="bbox 615 536 2200 617; baseline -0.013 -5"><span class='ocrx_word' id='word_1_10' title='bbox 615 554 902 612; x_wconf 75' lang='lat' dir='ltr'><strong>actionem.</strong></span> <span class='ocrx_word' id='word_1_11' title='bbox 929 547 1064 617; x_wconf 84' lang='lat' dir='ltr'><strong>Quid</strong></span> <span class='ocrx_word' id='word_1_12' title='bbox 1094 545 1234 602; x_wconf 89' lang='lat' dir='ltr'><strong>enim</strong></span> <span class='ocrx_word' id='word_1_13' title='bbox 1260 559 1293 600; x_wconf 89' lang='lat' dir='ltr'><strong>a</strong></span> <span class='ocrx_word' id='word_1_14' title='bbox 1319 551 1373 599; x_wconf 90' lang='lat' dir='ltr'><strong>te</strong></span> <span class='ocrx_word' id='word_1_15' title='bbox 1412 540 1524 597; x_wconf 93' lang='lat' dir='ltr'><strong>vult</strong></span> <span class='ocrx_word' id='word_1_16' title='bbox 1558 539 1700 597; x_wconf 85' lang='lat' dir='ltr'><strong>Deus</strong></span> <span class='ocrx_word' id='word_1_17' title='bbox 1720 580 1738 608; x_wconf 93' lang='lat'><strong>,</strong></span> <span class='ocrx_word' id='word_1_18' title='bbox 1765 546 1857 595; x_wconf 89' lang='lat' dir='ltr'><strong>aut</strong></span> <span class='ocrx_word' id='word_1_19' title='bbox 1884 536 2010 608; x_wconf 89' lang='lat' dir='ltr'><strong>quid</strong></span> <span class='ocrx_word' id='word_1_20' title='bbox 2036 536 2200 608; x_wconf 75' lang='lat' dir='ltr'><strong>exigit</strong></span> 
     </span>
    </p>
   </div>
   <div class='ocr_carea' id='block_1_4' title="bbox 619 631 2198 712">
    <p class='ocr_par' dir='ltr' id='par_1_4' title="bbox 619 631 2198 712">
     <span class='ocr_line' id='line_1_4' title="bbox 619 631 2198 712; baseline -0.013 -9"><span class='ocrx_word' id='word_1_21' title='bbox 619 646 796 712; x_wconf 81' lang='lat' dir='ltr'><strong>Deus,</strong></span> <span class='ocrx_word' id='word_1_22' title='bbox 823 642 923 698; x_wconf 86' lang='lat' dir='ltr'><strong>nisi</strong></span> <span class='ocrx_word' id='word_1_23' title='bbox 947 639 1090 711; x_wconf 87' lang='lat' dir='ltr'><strong>quod</strong></span> <span class='ocrx_word' id='word_1_24' title='bbox 1115 638 1208 694; x_wconf 84' lang='lat' dir='ltr'><strong>tibi</strong></span> <span class='ocrx_word' id='word_1_25' title='bbox 1237 635 1406 708; x_wconf 83' lang='lat' dir='ltr'><strong>prosit</strong></span> <span class='ocrx_word' id='word_1_26' title='bbox 1425 635 1484 690; x_wconf 79' lang='lat' dir='ltr'><strong>“l</strong></span> <span class='ocrx_word' id='word_1_27' title='bbox 1516 634 1583 693; x_wconf 86' lang='lat' dir='ltr'><strong>Et</strong></span> <span class='ocrx_word' id='word_1_28' title='bbox 1608 641 1803 706; x_wconf 87' lang='lat' dir='ltr'><strong>quanta</strong></span> <span class='ocrx_word' id='word_1_29' title='bbox 1838 631 2043 702; x_wconf 90' lang='lat' dir='ltr'><strong>accepit</strong></span> <span class='ocrx_word' id='word_1_30' title='bbox 2070 644 2198 700; x_wconf 81' lang='lat' dir='ltr'><strong>pec-</strong></span> 
     </span>
    </p>
   </div>
   <div class='ocr_carea' id='block_1_5' title="bbox 618 721 2200 804">
    <p class='ocr_par' dir='ltr' id='par_1_5' title="bbox 618 721 2200 804">
     <span class='ocr_line' id='line_1_5' title="bbox 618 721 2200 804; baseline -0.011 -10"><span class='ocrx_word' id='word_1_31' title='bbox 618 744 796 803; x_wconf 91' lang='lat' dir='ltr'><strong>cator,</strong></span> <span class='ocrx_word' id='word_1_32' title='bbox 823 747 922 804; x_wconf 90' lang='lat' dir='ltr'><strong>pro</strong></span> <span class='ocrx_word' id='word_1_33' title='bbox 939 731 1130 802; x_wconf 79' lang='lat' dir='ltr'><strong>quibus</strong></span> <span class='ocrx_word' id='word_1_34' title='bbox 1156 744 1260 784; x_wconf 88' lang='lat' dir='ltr'><strong>non</strong></span> <span class='ocrx_word' id='word_1_35' title='bbox 1288 725 1494 784; x_wconf 88' lang='lat' dir='ltr'><strong>solvet?</strong></span> <span class='ocrx_word' id='word_1_36' title='bbox 1516 725 1732 795; x_wconf 83' lang='lat' dir='ltr'><strong>Accepit</strong></span> <span class='ocrx_word' id='word_1_37' title='bbox 1770 734 1828 779; x_wconf 93' lang='lat' dir='ltr'><strong>ut</strong></span> <span class='ocrx_word' id='word_1_38' title='bbox 1856 725 1961 790; x_wconf 90' lang='lat' dir='ltr'><strong>sit,</strong></span> <span class='ocrx_word' id='word_1_39' title='bbox 1995 721 2200 793; x_wconf 88' lang='lat' dir='ltr'><strong>accepit</strong></span> 
     </span>
    </p>
   </div>
   <div class='ocr_carea' id='block_1_6' title="bbox 616 816 2196 891">
    <p class='ocr_par' dir='ltr' id='par_1_6' title="bbox 616 816 2196 891">
     <span class='ocr_line' id='line_1_6' title="bbox 616 816 2196 891; baseline -0.011 -7"><span class='ocrx_word' id='word_1_40' title='bbox 616 837 679 884; x_wconf 88' lang='lat' dir='ltr'><strong>ut</strong></span> <span class='ocrx_word' id='word_1_41' title='bbox 705 827 866 882; x_wconf 89' lang='lat' dir='ltr'><strong>homo</strong></span> <span class='ocrx_word' id='word_1_42' title='bbox 880 824 969 891; x_wconf 91' lang='lat' dir='ltr'><strong>sit,</strong></span> <span class='ocrx_word' id='word_1_43' title='bbox 995 823 1326 891; x_wconf 88' lang='lat' dir='ltr'><strong>multumque</strong></span> <span class='ocrx_word' id='word_1_44' title='bbox 1351 817 1559 874; x_wconf 90' lang='lat' dir='ltr'><strong>intersit</strong></span> <span class='ocrx_word' id='word_1_45' title='bbox 1582 817 1722 872; x_wconf 91' lang='lat' dir='ltr'><strong>inter</strong></span> <span class='ocrx_word' id='word_1_46' title='bbox 1741 816 1913 886; x_wconf 89' lang='lat' dir='ltr'><strong>ipsum</strong></span> <span class='ocrx_word' id='word_1_47' title='bbox 1936 823 1988 870; x_wconf 91' lang='lat' dir='ltr'><strong>et</strong></span> <span class='ocrx_word' id='word_1_48' title='bbox 2012 828 2196 886; x_wconf 90' lang='lat' dir='ltr'><strong>pecus;</strong></span> 
     </span>
    </p>
   </div>
   <div class='ocr_carea' id='block_1_7' title="bbox 617 906 2201 990">
    <p class='ocr_par' dir='ltr' id='par_1_7' title="bbox 617 906 2201 990">
     <span class='ocr_line' id='line_1_7' title="bbox 617 906 2201 990; baseline -0.011 -14"><span class='ocrx_word' id='word_1_49' title='bbox 617 918 824 990; x_wconf 88' lang='lat' dir='ltr'><strong>accepit</strong></span> <span class='ocrx_word' id='word_1_50' title='bbox 849 915 1093 987; x_wconf 87' lang='lat' dir='ltr'><strong>corporis</strong></span> <span class='ocrx_word' id='word_1_51' title='bbox 1136 912 1358 969; x_wconf 89' lang='lat' dir='ltr'><strong>formam</strong></span> <span class='ocrx_word' id='word_1_52' title='bbox 1383 951 1400 978; x_wconf 98' lang='lat'><strong>,</strong></span> <span class='ocrx_word' id='word_1_53' title='bbox 1431 908 1635 980; x_wconf 88' lang='lat' dir='ltr'><strong>accepit</strong></span> <span class='ocrx_word' id='word_1_54' title='bbox 1666 908 1718 963; x_wconf 92' lang='lat' dir='ltr'><strong>in</strong></span> <span class='ocrx_word' id='word_1_55' title='bbox 1749 923 1976 979; x_wconf 88' lang='lat' dir='ltr'><strong>corpore</strong></span> <span class='ocrx_word' id='word_1_56' title='bbox 2013 906 2201 961; x_wconf 89' lang='lat' dir='ltr'><strong>distin-</strong></span> 
     </span>
    </p>
   </div>
   <div class='ocr_carea' id='block_1_8' title="bbox 617 995 2200 1071">
    <p class='ocr_par' dir='ltr' id='par_1_8' title="bbox 617 995 2200 1071">
     <span class='ocr_line' id='line_1_8' title="bbox 617 995 2200 1071; baseline -0.011 -4"><span class='ocrx_word' id='word_1_57' title='bbox 617 1011 852 1068; x_wconf 89' lang='lat' dir='ltr'><strong>ctionem</strong></span> <span class='ocrx_word' id='word_1_58' title='bbox 895 1020 1146 1064; x_wconf 88' lang='lat' dir='ltr'><strong>sensuum</strong></span> <span class='ocrx_word' id='word_1_59' title='bbox 1171 1044 1190 1071; x_wconf 94' lang='lat'><strong>,</strong></span> <span class='ocrx_word' id='word_1_60' title='bbox 1218 1002 1284 1058; x_wconf 91' lang='lat' dir='ltr'><strong>ad</strong></span> <span class='ocrx_word' id='word_1_61' title='bbox 1310 1001 1594 1057; x_wconf 84' lang='lat' dir='ltr'><strong>videndum</strong></span> <span class='ocrx_word' id='word_1_62' title='bbox 1623 999 1806 1055; x_wconf 89' lang='lat' dir='ltr'><strong>oculos</strong></span> <span class='ocrx_word' id='word_1_63' title='bbox 1830 1042 1845 1065; x_wconf 95' lang='lat'><strong>,</strong></span> <span class='ocrx_word' id='word_1_64' title='bbox 1879 997 1947 1054; x_wconf 89' lang='lat' dir='ltr'><strong>ad</strong></span> <span class='ocrx_word' id='word_1_65' title='bbox 1973 995 2200 1052; x_wconf 83' lang='lat' dir='ltr'><strong>audien-</strong></span> 
     </span>
    </p>
   </div>
   <div class='ocr_carea' id='block_1_9' title="bbox 617 1091 2200 1176">
    <p class='ocr_par' dir='ltr' id='par_1_9' title="bbox 617 1091 2200 1176">
     <span class='ocr_line' id='line_1_9' title="bbox 617 1091 2200 1176; baseline -0.008 -17"><span class='ocrx_word' id='word_1_66' title='bbox 617 1103 746 1159; x_wconf 91' lang='lat' dir='ltr'><strong>dum</strong></span> <span class='ocrx_word' id='word_1_67' title='bbox 792 1114 990 1167; x_wconf 84' lang='lat' dir='ltr'><strong>aures,</strong></span> <span class='ocrx_word' id='word_1_68' title='bbox 1037 1097 1104 1153; x_wconf 88' lang='lat' dir='ltr'><strong>ad</strong></span> <span class='ocrx_word' id='word_1_69' title='bbox 1150 1095 1480 1152; x_wconf 89' lang='lat' dir='ltr'><strong>odorandum</strong></span> <span class='ocrx_word' id='word_1_70' title='bbox 1528 1109 1722 1162; x_wconf 85' lang='lat' dir='ltr'><strong>nares,</strong></span> <span class='ocrx_word' id='word_1_71' title='bbox 1769 1093 1840 1150; x_wconf 89' lang='lat' dir='ltr'><strong>ad</strong></span> <span class='ocrx_word' id='word_1_72' title='bbox 1882 1091 2200 1176; x_wconf 77' lang='lat' dir='ltr'><strong>gustandum</strong></span> 
     </span>
    </p>
   </div>
   <div class='ocr_carea' id='block_1_10' title="bbox 621 1185 2202 1267">
    <p class='ocr_par' dir='ltr' id='par_1_10' title="bbox 621 1185 2202 1267">
     <span class='ocr_line' id='line_1_10' title="bbox 621 1185 2202 1267; baseline -0.008 -16"><span class='ocrx_word' id='word_1_73' title='bbox 621 1196 882 1267; x_wconf 84' lang='lat' dir='ltr'><strong>palatum,</strong></span> <span class='ocrx_word' id='word_1_74' title='bbox 911 1191 978 1248; x_wconf 89' lang='lat' dir='ltr'><strong>ad</strong></span> <span class='ocrx_word' id='word_1_75' title='bbox 1008 1187 1446 1248; x_wconf 90' lang='lat' dir='ltr'><strong>contrectandum</strong></span> <span class='ocrx_word' id='word_1_76' title='bbox 1476 1203 1666 1243; x_wconf 87' lang='lat' dir='ltr'><strong>manus</strong></span> <span class='ocrx_word' id='word_1_77' title='bbox 1685 1229 1702 1254; x_wconf 92' lang='lat'><strong>,</strong></span> <span class='ocrx_word' id='word_1_78' title='bbox 1730 1187 1796 1242; x_wconf 89' lang='lat' dir='ltr'><strong>ad</strong></span> <span class='ocrx_word' id='word_1_79' title='bbox 1825 1185 2202 1241; x_wconf 88' lang='lat' dir='ltr'><strong>ambulandum</strong></span> 
     </span>
    </p>
   </div>
   <div class='ocr_carea' id='block_1_11' title="bbox 623 1276 2206 1358">
    <p class='ocr_par' dir='ltr' id='par_1_11' title="bbox 623 1276 2206 1358">
     <span class='ocr_line' id='line_1_11' title="bbox 623 1276 2206 1358; baseline -0.007 -16"><span class='ocrx_word' id='word_1_80' title='bbox 623 1286 814 1358; x_wconf 87' lang='lat' dir='ltr'><strong>pedes,</strong></span> <span class='ocrx_word' id='word_1_81' title='bbox 840 1283 1172 1353; x_wconf 82' lang='lat' dir='ltr'><strong>salutemque</strong></span> <span class='ocrx_word' id='word_1_82' title='bbox 1200 1283 1367 1352; x_wconf 88' lang='lat' dir='ltr'><strong>ipsam</strong></span> <span class='ocrx_word' id='word_1_83' title='bbox 1396 1280 1657 1348; x_wconf 88' lang='lat' dir='ltr'><strong>corporis.</strong></span> <span class='ocrx_word' id='word_1_84' title='bbox 1689 1276 1795 1334; x_wconf 86' lang='lat' dir='ltr'><strong>Sed</strong></span> <span class='ocrx_word' id='word_1_85' title='bbox 1821 1277 1993 1333; x_wconf 82' lang='lat' dir='ltr'><strong>adhuc</strong></span> <span class='ocrx_word' id='word_1_86' title='bbox 2023 1278 2120 1331; x_wconf 90' lang='lat' dir='ltr'><strong>ista</strong></span> <span class='ocrx_word' id='word_1_87' title='bbox 2150 1283 2206 1333; x_wconf 89' lang='lat' dir='ltr'><strong>et</strong></span> 
     </span>
    </p>
   </div>
   <div class='ocr_carea' id='block_1_12' title="bbox 621 1369 2204 1448">
    <p class='ocr_par' dir='ltr' id='par_1_12' title="bbox 621 1369 2204 1448">
     <span class='ocr_line' id='line_1_12' title="bbox 621 1369 2204 1448; baseline -0.009 -13"><span class='ocrx_word' id='word_1_88' title='bbox 621 1394 746 1435; x_wconf 91' lang='lat' dir='ltr'><strong>cum</strong></span> <span class='ocrx_word' id='word_1_89' title='bbox 776 1391 970 1448; x_wconf 91' lang='lat' dir='ltr'><strong>pecore</strong></span> <span class='ocrx_word' id='word_1_90' title='bbox 996 1374 1254 1429; x_wconf 83' lang='lat' dir='ltr'><strong>habemus</strong></span> <span class='ocrx_word' id='word_1_91' title='bbox 1277 1371 1575 1427; x_wconf 87' lang='lat' dir='ltr'><strong>communia</strong></span> <span class='ocrx_word' id='word_1_92' title='bbox 1601 1388 1614 1424; x_wconf 85' lang='lat'><strong>:</strong></span> <span class='ocrx_word' id='word_1_93' title='bbox 1641 1370 1843 1440; x_wconf 80' lang='lat' dir='ltr'><strong>accepit</strong></span> <span class='ocrx_word' id='word_1_94' title='bbox 1883 1369 2042 1424; x_wconf 89' lang='lat' dir='ltr'><strong>etiam</strong></span> <span class='ocrx_word' id='word_1_95' title='bbox 2085 1383 2204 1422; x_wconf 87' lang='lat' dir='ltr'><strong>am-</strong></span> 
     </span>
    </p>
   </div>
   <div class='ocr_carea' id='block_1_13' title="bbox 624 1460 2206 1540">
    <p class='ocr_par' dir='ltr' id='par_1_13' title="bbox 624 1460 2206 1540">
     <span class='ocr_line' id='line_1_13' title="bbox 624 1460 2206 1540; baseline -0.005 -18"><span class='ocrx_word' id='word_1_96' title='bbox 624 1469 785 1540; x_wconf 84' lang='lat' dir='ltr'><strong>plius,</strong></span> <span class='ocrx_word' id='word_1_97' title='bbox 819 1466 871 1522; x_wconf 92' lang='lat' dir='ltr'><strong>id</strong></span> <span class='ocrx_word' id='word_1_98' title='bbox 901 1474 983 1521; x_wconf 89' lang='lat' dir='ltr'><strong>est</strong></span> <span class='ocrx_word' id='word_1_99' title='bbox 1011 1473 1242 1520; x_wconf 80' lang='lat' dir='ltr'><strong>mentem</strong></span> <span class='ocrx_word' id='word_1_100' title='bbox 1267 1479 1384 1534; x_wconf 79' lang='lat' dir='ltr'><strong>qua:</strong></span> <span class='ocrx_word' id='word_1_101' title='bbox 1409 1463 1574 1533; x_wconf 86' lang='lat' dir='ltr'><strong>possit</strong></span> <span class='ocrx_word' id='word_1_102' title='bbox 1601 1460 1916 1532; x_wconf 85' lang='lat' dir='ltr'><strong>intelligere,</strong></span> <span class='ocrx_word' id='word_1_103' title='bbox 1940 1476 2057 1530; x_wconf 80' lang='lat' dir='ltr'><strong>qua:</strong></span> <span class='ocrx_word' id='word_1_104' title='bbox 2081 1474 2206 1529; x_wconf 87' lang='lat' dir='ltr'><strong>pos-</strong></span> 
     </span>
    </p>
   </div>
   <div class='ocr_carea' id='block_1_14' title="bbox 624 1553 2209 1630">
    <p class='ocr_par' dir='ltr' id='par_1_14' title="bbox 624 1553 2209 1630">
     <span class='ocr_line' id='line_1_14' title="bbox 624 1553 2209 1630; baseline -0.005 -14"><span class='ocrx_word' id='word_1_105' title='bbox 624 1561 697 1617; x_wconf 86' lang='lat' dir='ltr'><strong>sit</strong></span> <span class='ocrx_word' id='word_1_106' title='bbox 734 1573 924 1630; x_wconf 87' lang='lat' dir='ltr'><strong>capere</strong></span> <span class='ocrx_word' id='word_1_107' title='bbox 953 1559 1257 1620; x_wconf 83' lang='lat' dir='ltr'><strong>veritatem.</strong></span> <span class='ocrx_word' id='word_1_108' title='bbox 1285 1572 1404 1628; x_wconf 79' lang='lat' dir='ltr'><strong>qua:</strong></span> <span class='ocrx_word' id='word_1_109' title='bbox 1445 1554 1610 1626; x_wconf 83' lang='lat' dir='ltr'><strong>possit</strong></span> <span class='ocrx_word' id='word_1_110' title='bbox 1651 1553 1852 1624; x_wconf 90' lang='lat' dir='ltr'><strong>justum</strong></span> <span class='ocrx_word' id='word_1_111' title='bbox 1894 1553 1963 1607; x_wconf 88' lang='lat' dir='ltr'><strong>ab</strong></span> <span class='ocrx_word' id='word_1_112' title='bbox 2010 1553 2209 1624; x_wconf 90' lang='lat' dir='ltr'><strong>injusto</strong></span> 
     </span>
    </p>
   </div>
   <div class='ocr_carea' id='block_1_15' title="bbox 627 1643 2209 1717">
    <p class='ocr_par' dir='ltr' id='par_1_15' title="bbox 627 1643 2209 1717">
     <span class='ocr_line' id='line_1_15' title="bbox 627 1643 2209 1717; baseline -0.006 -11"><span class='ocrx_word' id='word_1_113' title='bbox 627 1649 962 1712; x_wconf 87' lang='lat' dir='ltr'><strong>discernere.</strong></span> <span class='ocrx_word' id='word_1_114' title='bbox 993 1664 1110 1717; x_wconf 76' lang='lat' dir='ltr'><strong>qure</strong></span> <span class='ocrx_word' id='word_1_115' title='bbox 1137 1647 1302 1716; x_wconf 87' lang='lat' dir='ltr'><strong>possit</strong></span> <span class='ocrx_word' id='word_1_116' title='bbox 1345 1645 1592 1716; x_wconf 87' lang='lat' dir='ltr'><strong>indagare</strong></span> <span class='ocrx_word' id='word_1_117' title='bbox 1610 1685 1627 1711; x_wconf 92' lang='lat'><strong>,</strong></span> <span class='ocrx_word' id='word_1_118' title='bbox 1656 1643 1964 1700; x_wconf 89' lang='lat' dir='ltr'><strong>desiderare</strong></span> <span class='ocrx_word' id='word_1_119' title='bbox 1989 1644 2209 1699; x_wconf 86' lang='lat' dir='ltr'><strong>Creato-</strong></span> 
     </span>
    </p>
   </div>
   <div class='ocr_carea' id='block_1_16' title="bbox 628 1735 2210 1807">
    <p class='ocr_par' dir='ltr' id='par_1_16' title="bbox 628 1735 2210 1807">
     <span class='ocr_line' id='line_1_16' title="bbox 628 1735 2210 1807; baseline -0.004 -8"><span class='ocrx_word' id='word_1_120' title='bbox 628 1756 780 1807; x_wconf 93' lang='lat' dir='ltr'><strong>rem,</strong></span> <span class='ocrx_word' id='word_1_121' title='bbox 808 1738 1023 1796; x_wconf 90' lang='lat' dir='ltr'><strong>laudare</strong></span> <span class='ocrx_word' id='word_1_122' title='bbox 1051 1747 1105 1794; x_wconf 87' lang='lat' dir='ltr'><strong>et</strong></span> <span class='ocrx_word' id='word_1_123' title='bbox 1135 1738 1394 1793; x_wconf 73' lang='lat' dir='ltr'><strong>iultmrcre</strong></span> <span class='ocrx_word' id='word_1_124' title='bbox 1426 1737 1521 1792; x_wconf 91' lang='lat' dir='ltr'><strong>illi.</strong></span> <span class='ocrx_word' id='word_1_125' title='bbox 1565 1736 1687 1791; x_wconf 66' lang='lat' dir='ltr'><strong>llmc</strong></span> <span class='ocrx_word' id='word_1_126' title='bbox 1721 1736 1895 1791; x_wconf 85' lang='lat' dir='ltr'><strong>omnia</strong></span> <span class='ocrx_word' id='word_1_127' title='bbox 1924 1735 2129 1806; x_wconf 87' lang='lat' dir='ltr'><strong>accepit</strong></span> <span class='ocrx_word' id='word_1_128' title='bbox 2154 1744 2210 1792; x_wconf 83' lang='lat' dir='ltr'><strong>et</strong></span> 
     </span>
    </p>
   </div>
   <div class='ocr_carea' id='block_1_17' title="bbox 629 1826 2210 1905">
    <p class='ocr_par' dir='ltr' id='par_1_17' title="bbox 629 1826 2210 1905">
     <span class='ocr_line' id='line_1_17' title="bbox 629 1826 2210 1905; baseline -0.004 -15"><span class='ocrx_word' id='word_1_129' title='bbox 629 1841 899 1905; x_wconf 86' lang='lat' dir='ltr'><strong>peccator,</strong></span> <span class='ocrx_word' id='word_1_130' title='bbox 931 1828 1023 1886; x_wconf 86' lang='lat' dir='ltr'><strong>sed</strong></span> <span class='ocrx_word' id='word_1_131' title='bbox 1056 1845 1160 1885; x_wconf 91' lang='lat' dir='ltr'><strong>non</strong></span> <span class='ocrx_word' id='word_1_132' title='bbox 1192 1830 1325 1886; x_wconf 89' lang='lat' dir='ltr'><strong>bene</strong></span> <span class='ocrx_word' id='word_1_133' title='bbox 1352 1827 1579 1884; x_wconf 86' lang='lat' dir='ltr'><strong>vivendo</strong></span> <span class='ocrx_word' id='word_1_134' title='bbox 1608 1843 1714 1883; x_wconf 90' lang='lat' dir='ltr'><strong>non</strong></span> <span class='ocrx_word' id='word_1_135' title='bbox 1750 1826 1922 1882; x_wconf 89' lang='lat' dir='ltr'><strong>reddit</strong></span> <span class='ocrx_word' id='word_1_136' title='bbox 1950 1827 2089 1898; x_wconf 88' lang='lat' dir='ltr'><strong>quod</strong></span> <span class='ocrx_word' id='word_1_137' title='bbox 2114 1827 2210 1884; x_wconf 75' lang='lat' dir='ltr'><strong>de~</strong></span> 
     </span>
    </p>
   </div>
   <div class='ocr_carea' id='block_1_18' title="bbox 626 1920 2212 1996">
    <p class='ocr_par' dir='ltr' id='par_1_18' title="bbox 626 1920 2212 1996">
     <span class='ocr_line' id='line_1_18' title="bbox 626 1920 2212 1996; baseline -0.004 -14"><span class='ocrx_word' id='word_1_138' title='bbox 626 1925 738 1982; x_wconf 84' lang='lat' dir='ltr'><strong>bet.</strong></span> <span class='ocrx_word' id='word_1_139' title='bbox 766 1923 907 1995; x_wconf 85' lang='lat' dir='ltr'><strong>Ergo</strong></span> <span class='ocrx_word' id='word_1_140' title='bbox 931 1925 1189 1996; x_wconf 80' lang='lat' dir='ltr'><strong>feneratur</strong></span> <span class='ocrx_word' id='word_1_141' title='bbox 1217 1932 1466 1985; x_wconf 80' lang='lat' dir='ltr'><strong>peccator,</strong></span> <span class='ocrx_word' id='word_1_142' title='bbox 1492 1931 1538 1976; x_wconf 88' lang='lat' dir='ltr'><strong>et</strong></span> <span class='ocrx_word' id='word_1_143' title='bbox 1567 1937 1666 1975; x_wconf 88' lang='lat' dir='ltr'><strong>nou</strong></span> <span class='ocrx_word' id='word_1_144' title='bbox 1691 1921 1866 1985; x_wconf 82' lang='lat' dir='ltr'><strong>solvet,</strong></span> <span class='ocrx_word' id='word_1_145' title='bbox 1891 1934 1994 1974; x_wconf 88' lang='lat' dir='ltr'><strong>non</strong></span> <span class='ocrx_word' id='word_1_146' title='bbox 2021 1920 2212 1977; x_wconf 85' lang='lat' dir='ltr'><strong>reddet</strong></span> 
     </span>
    </p>
   </div>
   <div class='ocr_carea' id='block_1_19' title="bbox 629 2011 2211 2087">
    <p class='ocr_par' dir='ltr' id='par_1_19' title="bbox 629 2011 2211 2087">
     <span class='ocr_line' id='line_1_19' title="bbox 629 2011 2211 2087; baseline -0.005 -13"><span class='ocrx_word' id='word_1_147' title='bbox 629 2017 680 2074; x_wconf 90' lang='lat' dir='ltr'><strong>ei</strong></span> <span class='ocrx_word' id='word_1_148' title='bbox 707 2032 738 2071; x_wconf 90' lang='lat' dir='ltr'><strong>a</strong></span> <span class='ocrx_word' id='word_1_149' title='bbox 763 2029 868 2087; x_wconf 91' lang='lat' dir='ltr'><strong>quo</strong></span> <span class='ocrx_word' id='word_1_150' title='bbox 895 2015 1098 2085; x_wconf 87' lang='lat' dir='ltr'><strong>accepit</strong></span> <span class='ocrx_word' id='word_1_151' title='bbox 1121 2054 1139 2078; x_wconf 88' lang='lat'><strong>,</strong></span> <span class='ocrx_word' id='word_1_152' title='bbox 1168 2029 1272 2069; x_wconf 91' lang='lat' dir='ltr'><strong>non</strong></span> <span class='ocrx_word' id='word_1_153' title='bbox 1303 2021 1424 2084; x_wconf 90' lang='lat' dir='ltr'><strong>aget</strong></span> <span class='ocrx_word' id='word_1_154' title='bbox 1447 2013 1646 2085; x_wconf 75' lang='lat' dir='ltr'><strong>gratias</strong></span> <span class='ocrx_word' id='word_1_155' title='bbox 1672 2029 1686 2066; x_wconf 89' lang='lat'><strong>:</strong></span> <span class='ocrx_word' id='word_1_156' title='bbox 1717 2011 1825 2066; x_wconf 90' lang='lat' dir='ltr'><strong>imo</strong></span> <span class='ocrx_word' id='word_1_157' title='bbox 1853 2025 1983 2067; x_wconf 88' lang='lat' dir='ltr'><strong>vero</strong></span> <span class='ocrx_word' id='word_1_158' title='bbox 2013 2027 2211 2080; x_wconf 83' lang='lat' dir='ltr'><strong>repen-</strong></span> 
     </span>
    </p>
   </div>
   <div class='ocr_carea' id='block_1_20' title="bbox 629 2103 2210 2178">
    <p class='ocr_par' dir='ltr' id='par_1_20' title="bbox 629 2103 2210 2178">
     <span class='ocr_line' id='line_1_20' title="bbox 629 2103 2210 2178; baseline -0.004 -11"><span class='ocrx_word' id='word_1_159' title='bbox 629 2111 723 2167; x_wconf 85' lang='lat' dir='ltr'><strong>det</strong></span> <span class='ocrx_word' id='word_1_160' title='bbox 749 2109 885 2164; x_wconf 87' lang='lat' dir='ltr'><strong>mala</strong></span> <span class='ocrx_word' id='word_1_161' title='bbox 916 2123 1012 2178; x_wconf 91' lang='lat' dir='ltr'><strong>pro</strong></span> <span class='ocrx_word' id='word_1_162' title='bbox 1041 2106 1229 2173; x_wconf 89' lang='lat' dir='ltr'><strong>bonis,</strong></span> <span class='ocrx_word' id='word_1_163' title='bbox 1263 2106 1650 2175; x_wconf 82' lang='lat' dir='ltr'><strong>blaSphemias,</strong></span> <span class='ocrx_word' id='word_1_164' title='bbox 1683 2120 1926 2160; x_wconf 87' lang='lat' dir='ltr'><strong>murmur</strong></span> <span class='ocrx_word' id='word_1_165' title='bbox 1952 2103 2210 2160; x_wconf 89' lang='lat' dir='ltr'><strong>adversus</strong></span> 
     </span>
    </p>
   </div>
   <div class='ocr_carea' id='block_1_21' title="bbox 577 2195 2214 2271">
    <p class='ocr_par' dir='ltr' id='par_1_21' title="bbox 577 2195 2214 2271">
     <span class='ocr_line' id='line_1_21' title="bbox 577 2195 2214 2271; baseline -0.006 -11"><span class='ocrx_word' id='word_1_166' title='bbox 577 2233 590 2246; x_wconf 70' lang='grc' dir='ltr'><strong>ε</strong></span> <span class='ocrx_word' id='word_1_167' title='bbox 628 2202 820 2268; x_wconf 85' lang='lat' dir='ltr'><strong>Deum,</strong></span> <span class='ocrx_word' id='word_1_168' title='bbox 851 2200 1284 2271; x_wconf 75' lang='lat' dir='ltr'><strong>indignationem.</strong></span> <span class='ocrx_word' id='word_1_169' title='bbox 1311 2197 1454 2270; x_wconf 85' lang='lat' dir='ltr'><strong>Ergo</strong></span> <span class='ocrx_word' id='word_1_170' title='bbox 1480 2198 1570 2254; x_wconf 90' lang='lat' dir='ltr'><strong>ille</strong></span> <span class='ocrx_word' id='word_1_171' title='bbox 1597 2202 1876 2270; x_wconf 73' lang='lat' dir='ltr'><strong>reuertitur,</strong></span> <span class='ocrx_word' id='word_1_172' title='bbox 1907 2204 1953 2251; x_wconf 82' lang='lat' dir='ltr'><strong>et</strong></span> <span class='ocrx_word' id='word_1_173' title='bbox 1979 2212 2083 2252; x_wconf 73' lang='lat' dir='ltr'><strong>non</strong></span> <span class='ocrx_word' id='word_1_174' title='bbox 2109 2195 2214 2252; x_wconf 86' lang='lat' dir='ltr'><strong>sol-</strong></span> 
     </span>
    </p>
   </div>
   <div class='ocr_carea' id='block_1_22' title="bbox 627 2286 2214 2366">
    <p class='ocr_par' dir='ltr' id='par_1_22' title="bbox 627 2286 2214 2366">
     <span class='ocr_line' id='line_1_22' title="bbox 627 2286 2214 2366; baseline -0.004 -17"><span class='ocrx_word' id='word_1_175' title='bbox 627 2305 708 2351; x_wconf 74' lang='lat' dir='ltr'><strong>uet</strong></span> <span class='ocrx_word' id='word_1_176' title='bbox 738 2311 757 2348; x_wconf 90' lang='lat'><strong><em>:</em></strong></span> <span class='ocrx_word' id='word_1_177' title='bbox 772 2294 948 2366; x_wconf 85' lang='lat' dir='ltr'><strong>justus</strong></span> <span class='ocrx_word' id='word_1_178' title='bbox 989 2303 1155 2346; x_wconf 88' lang='lat' dir='ltr'><strong>autem</strong></span> <span class='ocrx_word' id='word_1_179' title='bbox 1201 2291 1480 2353; x_wconf 85' lang='lat' dir='ltr'><strong>miseretur.</strong></span> <span class='ocrx_word' id='word_1_180' title='bbox 1522 2298 1571 2344; x_wconf 84' lang='lat' dir='ltr'><strong>et</strong></span> <span class='ocrx_word' id='word_1_181' title='bbox 1612 2287 1917 2344; x_wconf 78' lang='lat' dir='ltr'><strong>commodat.</strong></span> <span class='ocrx_word' id='word_1_182' title='bbox 1956 2286 2052 2344; x_wconf 90' lang='lat' dir='ltr'><strong>llle</strong></span> <span class='ocrx_word' id='word_1_183' title='bbox 2080 2301 2214 2358; x_wconf 78' lang='lat' dir='ltr'><strong>ergo</strong></span> 
     </span>
    </p>
   </div>
   <div class='ocr_carea' id='block_1_23' title="bbox 633 2377 2214 2453">
    <p class='ocr_par' dir='ltr' id='par_1_23' title="bbox 633 2377 2214 2453">
     <span class='ocr_line' id='line_1_23' title="bbox 633 2377 2214 2453; baseline -0.006 -11"><span class='ocrx_word' id='word_1_184' title='bbox 633 2385 764 2443; x_wconf 87' lang='lat' dir='ltr'><strong>nihil</strong></span> <span class='ocrx_word' id='word_1_185' title='bbox 797 2384 990 2448; x_wconf 86' lang='lat' dir='ltr'><strong>habet,</strong></span> <span class='ocrx_word' id='word_1_186' title='bbox 1021 2383 1118 2438; x_wconf 90' lang='lat' dir='ltr'><strong>iste</strong></span> <span class='ocrx_word' id='word_1_187' title='bbox 1149 2381 1327 2437; x_wconf 89' lang='lat' dir='ltr'><strong>habet.</strong></span> <span class='ocrx_word' id='word_1_188' title='bbox 1359 2379 1544 2437; x_wconf 80' lang='lat' dir='ltr'><strong>Videte</strong></span> <span class='ocrx_word' id='word_1_189' title='bbox 1570 2389 1898 2453; x_wconf 79' lang='lat' dir='ltr'><strong>egestatem,</strong></span> <span class='ocrx_word' id='word_1_190' title='bbox 1927 2377 2106 2434; x_wconf 86' lang='lat' dir='ltr'><strong>videte</strong></span> <span class='ocrx_word' id='word_1_191' title='bbox 2130 2377 2214 2434; x_wconf 82' lang='lat' dir='ltr'><strong>di-</strong></span> 
     </span>
    </p>
   </div>
   <div class='ocr_carea' id='block_1_24' title="bbox 633 2471 2216 2545">
    <p class='ocr_par' dir='ltr' id='par_1_24' title="bbox 633 2471 2216 2545">
     <span class='ocr_line' id='line_1_24' title="bbox 633 2471 2216 2545; baseline -0.003 -12"><span class='ocrx_word' id='word_1_192' title='bbox 633 2479 810 2534; x_wconf 84' lang='lat' dir='ltr'><strong>vitias.</strong></span> <span class='ocrx_word' id='word_1_193' title='bbox 847 2476 935 2531; x_wconf 91' lang='lat' dir='ltr'><strong>Ille</strong></span> <span class='ocrx_word' id='word_1_194' title='bbox 957 2476 1185 2545; x_wconf 88' lang='lat' dir='ltr'><strong>accipit,</strong></span> <span class='ocrx_word' id='word_1_195' title='bbox 1224 2483 1278 2531; x_wconf 93' lang='lat' dir='ltr'><strong>et</strong></span> <span class='ocrx_word' id='word_1_196' title='bbox 1308 2488 1411 2529; x_wconf 90' lang='lat' dir='ltr'><strong>non</strong></span> <span class='ocrx_word' id='word_1_197' title='bbox 1440 2472 1612 2528; x_wconf 83' lang='lat' dir='ltr'><strong>solvet</strong></span> <span class='ocrx_word' id='word_1_198' title='bbox 1638 2490 1652 2528; x_wconf 88' lang='lat'><strong>:</strong></span> <span class='ocrx_word' id='word_1_199' title='bbox 1683 2472 1782 2529; x_wconf 81' lang='lat' dir='ltr'><strong>iste</strong></span> <span class='ocrx_word' id='word_1_200' title='bbox 1824 2471 2130 2537; x_wconf 87' lang='lat' dir='ltr'><strong>miseretur,</strong></span> <span class='ocrx_word' id='word_1_201' title='bbox 2158 2479 2216 2530; x_wconf 87' lang='lat' dir='ltr'><strong>et</strong></span> 
     </span>
    </p>
   </div>
   <div class='ocr_carea' id='block_1_25' title="bbox 634 2563 2214 2637">
    <p class='ocr_par' dir='ltr' id='par_1_25' title="bbox 634 2563 2214 2637">
     <span class='ocr_line' id='line_1_25' title="bbox 634 2563 2214 2637; baseline -0.004 -11"><span class='ocrx_word' id='word_1_202' title='bbox 634 2568 976 2634; x_wconf 88' lang='lat' dir='ltr'><strong>commodat;</strong></span> <span class='ocrx_word' id='word_1_203' title='bbox 1008 2565 1240 2622; x_wconf 85' lang='lat' dir='ltr'><strong>abundat</strong></span> <span class='ocrx_word' id='word_1_204' title='bbox 1278 2566 1373 2620; x_wconf 90' lang='lat' dir='ltr'><strong>illi.</strong></span> <span class='ocrx_word' id='word_1_205' title='bbox 1400 2565 1534 2634; x_wconf 85' lang='lat' dir='ltr'><strong>Quid</strong></span> <span class='ocrx_word' id='word_1_206' title='bbox 1565 2565 1609 2620; x_wconf 93' lang='lat' dir='ltr'><strong>si</strong></span> <span class='ocrx_word' id='word_1_207' title='bbox 1655 2579 1855 2637; x_wconf 90' lang='lat' dir='ltr'><strong>pauper</strong></span> <span class='ocrx_word' id='word_1_208' title='bbox 1889 2565 2009 2620; x_wconf 87' lang='lat' dir='ltr'><strong>est?</strong></span> <span class='ocrx_word' id='word_1_209' title='bbox 2041 2563 2214 2620; x_wconf 84' lang='lat' dir='ltr'><strong>Etiam</strong></span> 
     </span>
    </p>
   </div>
   <div class='ocr_carea' id='block_1_26' title="bbox 633 2654 2218 2727">
    <p class='ocr_par' dir='ltr' id='par_1_26' title="bbox 633 2654 2218 2727">
     <span class='ocr_line' id='line_1_26' title="bbox 633 2654 2218 2727; baseline -0.004 -9"><span class='ocrx_word' id='word_1_210' title='bbox 633 2663 712 2718; x_wconf 87' lang='lat' dir='ltr'><strong>sic</strong></span> <span class='ocrx_word' id='word_1_211' title='bbox 735 2661 882 2716; x_wconf 69' lang='lat' dir='ltr'><strong>dives</strong></span> <span class='ocrx_word' id='word_1_212' title='bbox 904 2670 1003 2717; x_wconf 89' lang='lat' dir='ltr'><strong>est.</strong></span> <span class='ocrx_word' id='word_1_213' title='bbox 1029 2657 1110 2714; x_wconf 87' lang='lat' dir='ltr'><strong>Tu</strong></span> <span class='ocrx_word' id='word_1_214' title='bbox 1139 2667 1340 2714; x_wconf 90' lang='lat' dir='ltr'><strong>tantum</strong></span> <span class='ocrx_word' id='word_1_215' title='bbox 1366 2657 1434 2712; x_wconf 89' lang='lat' dir='ltr'><strong>ad</strong></span> <span class='ocrx_word' id='word_1_216' title='bbox 1462 2655 1676 2713; x_wconf 82' lang='lat' dir='ltr'><strong>divitias</strong></span> <span class='ocrx_word' id='word_1_217' title='bbox 1715 2655 1831 2727; x_wconf 92' lang='lat' dir='ltr'><strong>ejus</strong></span> <span class='ocrx_word' id='word_1_218' title='bbox 1877 2654 1993 2725; x_wconf 89' lang='lat' dir='ltr'><strong>pios</strong></span> <span class='ocrx_word' id='word_1_219' title='bbox 2031 2655 2218 2712; x_wconf 84' lang='lat' dir='ltr'><strong>oculos</strong></span> 
     </span>
    </p>
   </div>
   <div class='ocr_carea' id='block_1_27' title="bbox 635 2746 2216 2821">
    <p class='ocr_par' dir='ltr' id='par_1_27' title="bbox 635 2746 2216 2821">
     <span class='ocr_line' id='line_1_27' title="bbox 635 2746 2216 2821; baseline -0.003 -13"><span class='ocrx_word' id='word_1_220' title='bbox 635 2751 872 2808; x_wconf 82' lang='lat' dir='ltr'><strong>intende.</strong></span> <span class='ocrx_word' id='word_1_221' title='bbox 900 2750 1141 2821; x_wconf 80' lang='lat' dir='ltr'><strong>Respicis</strong></span> <span class='ocrx_word' id='word_1_222' title='bbox 1167 2749 1309 2805; x_wconf 89' lang='lat' dir='ltr'><strong>enim</strong></span> <span class='ocrx_word' id='word_1_223' title='bbox 1349 2763 1526 2804; x_wconf 89' lang='lat' dir='ltr'><strong>arcam</strong></span> <span class='ocrx_word' id='word_1_224' title='bbox 1557 2749 1804 2812; x_wconf 88' lang='lat' dir='ltr'><strong>inanem,</strong></span> <span class='ocrx_word' id='word_1_225' title='bbox 1835 2746 2216 2803; x_wconf 83' lang='lat' dir='ltr'><strong>conscientiam</strong></span> 
     </span>
    </p>
   </div>
   <div class='ocr_carea' id='block_1_28' title="bbox 636 2833 2218 2914">
    <p class='ocr_par' dir='ltr' id='par_1_28' title="bbox 636 2833 2218 2914">
     <span class='ocr_line' id='line_1_28' title="bbox 636 2833 2218 2914; baseline -0.006 -14"><span class='ocrx_word' id='word_1_226' title='bbox 636 2843 749 2900; x_wconf 92' lang='lat' dir='ltr'><strong>Deo</strong></span> <span class='ocrx_word' id='word_1_227' title='bbox 777 2842 988 2914; x_wconf 84' lang='lat' dir='ltr'><strong>plenam</strong></span> <span class='ocrx_word' id='word_1_228' title='bbox 1030 2856 1136 2898; x_wconf 89' lang='lat' dir='ltr'><strong>non</strong></span> <span class='ocrx_word' id='word_1_229' title='bbox 1177 2839 1415 2910; x_wconf 86' lang='lat' dir='ltr'><strong>respicis.</strong></span> <span class='ocrx_word' id='word_1_230' title='bbox 1443 2837 1560 2894; x_wconf 87' lang='lat' dir='ltr'><strong>Non</strong></span> <span class='ocrx_word' id='word_1_231' title='bbox 1591 2837 1750 2893; x_wconf 86' lang='lat' dir='ltr'><strong>habet</strong></span> <span class='ocrx_word' id='word_1_232' title='bbox 1770 2836 2104 2894; x_wconf 83' lang='lat' dir='ltr'><strong>extrinsecus</strong></span> <span class='ocrx_word' id='word_1_233' title='bbox 2137 2833 2218 2892; x_wconf 77' lang='lat' dir='ltr'><strong>fa-</strong></span> 
     </span>
    </p>
   </div>
   <div class='ocr_carea' id='block_1_29' title="bbox 634 2925 2220 3004">
    <p class='ocr_par' dir='ltr' id='par_1_29' title="bbox 634 2925 2220 3004">
     <span class='ocr_line' id='line_1_29' title="bbox 634 2925 2220 3004; baseline -0.006 -12"><span class='ocrx_word' id='word_1_234' title='bbox 634 2935 908 3004; x_wconf 87' lang='lat' dir='ltr'><strong>coltatem,</strong></span> <span class='ocrx_word' id='word_1_235' title='bbox 944 2933 1037 2990; x_wconf 89' lang='lat' dir='ltr'><strong>sed</strong></span> <span class='ocrx_word' id='word_1_236' title='bbox 1068 2933 1225 2989; x_wconf 86' lang='lat' dir='ltr'><strong>habet</strong></span> <span class='ocrx_word' id='word_1_237' title='bbox 1255 2931 1574 2988; x_wconf 87' lang='lat' dir='ltr'><strong>intrinsecus</strong></span> <span class='ocrx_word' id='word_1_238' title='bbox 1610 2928 1947 2986; x_wconf 89' lang='lat' dir='ltr'><strong>charitatem.</strong></span> <span class='ocrx_word' id='word_1_239' title='bbox 1976 2928 2053 2986; x_wconf 89' lang='lat' dir='ltr'><strong>De</strong></span> <span class='ocrx_word' id='word_1_240' title='bbox 2092 2925 2220 2984; x_wconf 82' lang='lat' dir='ltr'><strong>cha-</strong></span> 
     </span>
    </p>
   </div>
   <div class='ocr_carea' id='block_1_30' title="bbox 635 3017 2221 3101">
    <p class='ocr_par' dir='ltr' id='par_1_30' title="bbox 635 3017 2221 3101">
     <span class='ocr_line' id='line_1_30' title="bbox 635 3017 2221 3101; baseline -0.009 -11"><span class='ocrx_word' id='word_1_241' title='bbox 635 3033 797 3090; x_wconf 88' lang='lat' dir='ltr'><strong>ritate</strong></span> <span class='ocrx_word' id='word_1_242' title='bbox 824 3037 1018 3101; x_wconf 87' lang='lat' dir='ltr'><strong>quanta</strong></span> <span class='ocrx_word' id='word_1_243' title='bbox 1046 3035 1248 3098; x_wconf 85' lang='lat' dir='ltr'><strong>erogat.</strong></span> <span class='ocrx_word' id='word_1_244' title='bbox 1277 3035 1332 3081; x_wconf 92' lang='lat' dir='ltr'><strong>et</strong></span> <span class='ocrx_word' id='word_1_245' title='bbox 1360 3040 1463 3080; x_wconf 89' lang='lat' dir='ltr'><strong>non</strong></span> <span class='ocrx_word' id='word_1_246' title='bbox 1491 3022 1704 3079; x_wconf 82' lang='lat' dir='ltr'><strong>finitur!</strong></span> <span class='ocrx_word' id='word_1_247' title='bbox 1734 3017 1949 3078; x_wconf 80' lang='lat' dir='ltr'><strong>Etenim</strong></span> <span class='ocrx_word' id='word_1_248' title='bbox 1980 3019 2024 3076; x_wconf 89' lang='lat' dir='ltr'><strong>si</strong></span> <span class='ocrx_word' id='word_1_249' title='bbox 2058 3019 2221 3077; x_wconf 80' lang='lat' dir='ltr'><strong>habet</strong></span> 
     </span>
    </p>
   </div>
   <div class='ocr_carea' id='block_1_31' title="bbox 637 3110 2221 3188">
    <p class='ocr_par' dir='ltr' id='par_1_31' title="bbox 637 3110 2221 3188">
     <span class='ocr_line' id='line_1_31' title="bbox 637 3110 2221 3188; baseline -0.009 -6"><span class='ocrx_word' id='word_1_250' title='bbox 637 3123 770 3182; x_wconf 86' lang='lat' dir='ltr'><strong>foris</strong></span> <span class='ocrx_word' id='word_1_251' title='bbox 797 3121 1119 3185; x_wconf 80' lang='lat' dir='ltr'><strong>facultatem,</strong></span> <span class='ocrx_word' id='word_1_252' title='bbox 1139 3118 1229 3174; x_wconf 87' lang='lat' dir='ltr'><strong>dat</strong></span> <span class='ocrx_word' id='word_1_253' title='bbox 1254 3117 1366 3188; x_wconf 88' lang='lat' dir='ltr'><strong>ipsa</strong></span> <span class='ocrx_word' id='word_1_254' title='bbox 1391 3114 1644 3181; x_wconf 85' lang='lat' dir='ltr'><strong>charitas,</strong></span> <span class='ocrx_word' id='word_1_255' title='bbox 1663 3112 1756 3169; x_wconf 86' lang='lat' dir='ltr'><strong>sed</strong></span> <span class='ocrx_word' id='word_1_256' title='bbox 1781 3127 1850 3169; x_wconf 79' lang='lat' dir='ltr'><strong>ex</strong></span> <span class='ocrx_word' id='word_1_257' title='bbox 1874 3127 1940 3168; x_wconf 89' lang='lat' dir='ltr'><strong>eo</strong></span> <span class='ocrx_word' id='word_1_258' title='bbox 1961 3110 2100 3182; x_wconf 84' lang='lat' dir='ltr'><strong>quod</strong></span> <span class='ocrx_word' id='word_1_259' title='bbox 2126 3114 2221 3167; x_wconf 86' lang='lat' dir='ltr'><strong>ha-</strong></span> 
     </span>
    </p>
   </div>
   <div class='ocr_carea' id='block_1_32' title="bbox 637 3203 2220 3280">
    <p class='ocr_par' dir='ltr' id='par_1_32' title="bbox 637 3203 2220 3280">
     <span class='ocr_line' id='line_1_32' title="bbox 637 3203 2220 3280; baseline -0.009 -6"><span class='ocrx_word' id='word_1_260' title='bbox 637 3219 732 3275; x_wconf 86' lang='lat' dir='ltr'><strong>bet</strong></span> <span class='ocrx_word' id='word_1_261' title='bbox 756 3233 771 3271; x_wconf 90' lang='lat'><strong>:</strong></span> <span class='ocrx_word' id='word_1_262' title='bbox 803 3215 850 3272; x_wconf 89' lang='lat' dir='ltr'><strong>si</strong></span> <span class='ocrx_word' id='word_1_263' title='bbox 871 3225 1047 3270; x_wconf 89' lang='lat' dir='ltr'><strong>autem</strong></span> <span class='ocrx_word' id='word_1_264' title='bbox 1073 3228 1178 3268; x_wconf 91' lang='lat' dir='ltr'><strong>non</strong></span> <span class='ocrx_word' id='word_1_265' title='bbox 1200 3210 1398 3267; x_wconf 89' lang='lat' dir='ltr'><strong>invenit</strong></span> <span class='ocrx_word' id='word_1_266' title='bbox 1424 3207 1552 3266; x_wconf 87' lang='lat' dir='ltr'><strong>foris</strong></span> <span class='ocrx_word' id='word_1_267' title='bbox 1575 3205 1718 3280; x_wconf 86' lang='lat' dir='ltr'><strong>quod</strong></span> <span class='ocrx_word' id='word_1_268' title='bbox 1739 3204 1850 3271; x_wconf 84' lang='lat' dir='ltr'><strong>det,</strong></span> <span class='ocrx_word' id='word_1_269' title='bbox 1869 3203 1962 3260; x_wconf 85' lang='lat' dir='ltr'><strong>dat</strong></span> <span class='ocrx_word' id='word_1_270' title='bbox 1986 3203 2220 3260; x_wconf 68' lang='lat' dir='ltr'><strong>benevoo</strong></span> 
     </span>
    </p>
   </div>
   <div class='ocr_carea' id='block_1_33' title="bbox 643 3294 2221 3377">
    <p class='ocr_par' dir='ltr' id='par_1_33' title="bbox 643 3294 2221 3377">
     <span class='ocr_line' id='line_1_33' title="bbox 643 3294 2221 3377; baseline -0.011 -12"><span class='ocrx_word' id='word_1_271' title='bbox 643 3309 881 3372; x_wconf 88' lang='lat' dir='ltr'><strong>lentiam,</strong></span> <span class='ocrx_word' id='word_1_272' title='bbox 902 3313 1114 3377; x_wconf 64' lang='lat' dir='ltr'><strong>pratstat</strong></span> <span class='ocrx_word' id='word_1_273' title='bbox 1128 3302 1426 3368; x_wconf 87' lang='lat' dir='ltr'><strong>consilium,</strong></span> <span class='ocrx_word' id='word_1_274' title='bbox 1441 3301 1485 3356; x_wconf 88' lang='lat' dir='ltr'><strong>si</strong></span> <span class='ocrx_word' id='word_1_275' title='bbox 1504 3305 1695 3370; x_wconf 88' lang='lat' dir='ltr'><strong>potest;</strong></span> <span class='ocrx_word' id='word_1_276' title='bbox 1715 3294 2221 3366; x_wconf 66' lang='lat' dir='ltr'><strong>praestatauxilium,</strong></span> 
     </span>
    </p>
   </div>
   <div class='ocr_carea' id='block_1_34' title="bbox 640 3384 2222 3474">
    <p class='ocr_par' dir='ltr' id='par_1_34' title="bbox 640 3384 2222 3474">
     <span class='ocr_line' id='line_1_34' title="bbox 640 3384 2222 3474; baseline -0.011 -14"><span class='ocrx_word' id='word_1_277' title='bbox 640 3403 690 3460; x_wconf 91' lang='lat' dir='ltr'><strong>si</strong></span> <span class='ocrx_word' id='word_1_278' title='bbox 723 3399 1020 3474; x_wconf 77' lang='lat' dir='ltr'><strong>potestzad</strong></span> <span class='ocrx_word' id='word_1_279' title='bbox 1044 3407 1342 3456; x_wconf 76' lang='lat' dir='ltr'><strong>extremum</strong></span> <span class='ocrx_word' id='word_1_280' title='bbox 1383 3393 1428 3449; x_wconf 90' lang='lat' dir='ltr'><strong>si</strong></span> <span class='ocrx_word' id='word_1_281' title='bbox 1471 3405 1573 3448; x_wconf 90' lang='lat' dir='ltr'><strong>nec</strong></span> <span class='ocrx_word' id='word_1_282' title='bbox 1613 3387 1841 3446; x_wconf 89' lang='lat' dir='ltr'><strong>consilio</strong></span> <span class='ocrx_word' id='word_1_283' title='bbox 1883 3401 1986 3443; x_wconf 88' lang='lat' dir='ltr'><strong>nec</strong></span> <span class='ocrx_word' id='word_1_284' title='bbox 2025 3384 2222 3442; x_wconf 80' lang='lat' dir='ltr'><strong>auxilio</strong></span> 
     </span>
    </p>
   </div>
   <div class='ocr_carea' id='block_1_35' title="bbox 646 3477 2225 3566">
    <p class='ocr_par' dir='ltr' id='par_1_35' title="bbox 646 3477 2225 3566">
     <span class='ocr_line' id='line_1_35' title="bbox 646 3477 2225 3566; baseline -0.011 -15"><span class='ocrx_word' id='word_1_285' title='bbox 646 3494 898 3566; x_wconf 85' lang='lat' dir='ltr'><strong>adjuvare</strong></span> <span class='ocrx_word' id='word_1_286' title='bbox 927 3499 1135 3564; x_wconf 90' lang='lat' dir='ltr'><strong>potest,</strong></span> <span class='ocrx_word' id='word_1_287' title='bbox 1164 3488 1246 3544; x_wconf 89' lang='lat' dir='ltr'><strong>vel</strong></span> <span class='ocrx_word' id='word_1_288' title='bbox 1277 3494 1400 3542; x_wconf 87' lang='lat' dir='ltr'><strong>voto</strong></span> <span class='ocrx_word' id='word_1_289' title='bbox 1425 3482 1678 3554; x_wconf 88' lang='lat' dir='ltr'><strong>adjuvat,</strong></span> <span class='ocrx_word' id='word_1_290' title='bbox 1707 3477 1792 3534; x_wconf 90' lang='lat' dir='ltr'><strong>vel</strong></span> <span class='ocrx_word' id='word_1_291' title='bbox 1817 3485 1936 3534; x_wconf 85' lang='lat' dir='ltr'><strong>orat</strong></span> <span class='ocrx_word' id='word_1_292' title='bbox 1962 3493 2058 3551; x_wconf 88' lang='lat' dir='ltr'><strong>pro</strong></span> <span class='ocrx_word' id='word_1_293' title='bbox 2095 3491 2225 3533; x_wconf 89' lang='lat' dir='ltr'><strong>con-</strong></span> 
     </span>
    </p>
   </div>
   <div class='ocr_carea' id='block_1_36' title="bbox 640 3568 2222 3648">
    <p class='ocr_par' dir='ltr' id='par_1_36' title="bbox 640 3568 2222 3648">
     <span class='ocr_line' id='line_1_36' title="bbox 640 3568 2222 3648; baseline -0.013 -6"><span class='ocrx_word' id='word_1_294' title='bbox 640 3585 923 3646; x_wconf 86' lang='lat' dir='ltr'><strong>tribulato.</strong></span> <span class='ocrx_word' id='word_1_295' title='bbox 963 3593 1018 3639; x_wconf 92' lang='lat' dir='ltr'><strong>et</strong></span> <span class='ocrx_word' id='word_1_296' title='bbox 1062 3581 1200 3638; x_wconf 84' lang='lat' dir='ltr'><strong>forte</strong></span> <span class='ocrx_word' id='word_1_297' title='bbox 1240 3577 1408 3648; x_wconf 84' lang='lat' dir='ltr'><strong>magis</strong></span> <span class='ocrx_word' id='word_1_298' title='bbox 1448 3574 1562 3645; x_wconf 90' lang='lat' dir='ltr'><strong>ipse</strong></span> <span class='ocrx_word' id='word_1_299' title='bbox 1604 3569 1891 3629; x_wconf 76' lang='lat' dir='ltr'><strong>exauditur</strong></span> <span class='ocrx_word' id='word_1_300' title='bbox 1935 3583 2093 3641; x_wconf 86' lang='lat' dir='ltr'><strong>quam</strong></span> <span class='ocrx_word' id='word_1_301' title='bbox 2131 3568 2222 3639; x_wconf 89' lang='lat' dir='ltr'><strong>qui</strong></span> 
     </span>
    </p>
   </div>
   <div class='ocr_carea' id='block_1_37' title="bbox 641 3657 2223 3752">
    <p class='ocr_par' dir='ltr' id='par_1_37' title="bbox 641 3657 2223 3752">
     <span class='ocr_line' id='line_1_37' title="bbox 641 3657 2223 3752; baseline -0.015 -16"><span class='ocrx_word' id='word_1_302' title='bbox 641 3680 864 3752; x_wconf 80' lang='lat' dir='ltr'><strong>porrigit</strong></span> <span class='ocrx_word' id='word_1_303' title='bbox 890 3691 1100 3749; x_wconf 84' lang='lat' dir='ltr'><strong>panem.</strong></span> <span class='ocrx_word' id='word_1_304' title='bbox 1125 3673 1296 3729; x_wconf 85' lang='lat' dir='ltr'><strong>liabet</strong></span> <span class='ocrx_word' id='word_1_305' title='bbox 1320 3680 1534 3738; x_wconf 87' lang='lat' dir='ltr'><strong>semper</strong></span> <span class='ocrx_word' id='word_1_306' title='bbox 1560 3662 1702 3719; x_wconf 87' lang='lat' dir='ltr'><strong>unde</strong></span> <span class='ocrx_word' id='word_1_307' title='bbox 1737 3660 1864 3728; x_wconf 90' lang='lat' dir='ltr'><strong>det,</strong></span> <span class='ocrx_word' id='word_1_308' title='bbox 1891 3657 1979 3716; x_wconf 91' lang='lat' dir='ltr'><strong>cui</strong></span> <span class='ocrx_word' id='word_1_309' title='bbox 2008 3658 2223 3729; x_wconf 87' lang='lat' dir='ltr'><strong>plenum</strong></span> 
     </span>
    </p>
   </div>
   <div class='ocr_carea' id='block_1_38' title="bbox 639 3749 2226 3846">
    <p class='ocr_par' dir='ltr' id='par_1_38' title="bbox 639 3749 2226 3846">
     <span class='ocr_line' id='line_1_38' title="bbox 639 3749 2226 3846; baseline -0.016 -16"><span class='ocrx_word' id='word_1_310' title='bbox 639 3749 826 3846; x_wconf 73' lang='lat' dir='ltr'><strong>pectus</strong></span> <span class='ocrx_word' id='word_1_311' title='bbox 853 3780 938 3826; x_wconf 89' lang='lat' dir='ltr'><strong>est</strong></span> <span class='ocrx_word' id='word_1_312' title='bbox 961 3765 1252 3824; x_wconf 65' lang='lat' dir='ltr'><strong>claritatis.</strong></span> <span class='ocrx_word' id='word_1_313' title='bbox 1283 3761 1396 3832; x_wconf 85' lang='lat' dir='ltr'><strong>Ipsa</strong></span> <span class='ocrx_word' id='word_1_314' title='bbox 1422 3767 1504 3812; x_wconf 91' lang='lat' dir='ltr'><strong>est</strong></span> <span class='ocrx_word' id='word_1_315' title='bbox 1528 3754 1784 3820; x_wconf 83' lang='lat' dir='ltr'><strong>charitas,</strong></span> <span class='ocrx_word' id='word_1_316' title='bbox 1811 3766 1929 3827; x_wconf 71' lang='lat' dir='ltr'><strong>qua:</strong></span> <span class='ocrx_word' id='word_1_317' title='bbox 1955 3749 2147 3806; x_wconf 91' lang='lat' dir='ltr'><strong>dicitur</strong></span> <span class='ocrx_word' id='word_1_318' title='bbox 2169 3758 2226 3805; x_wconf 88' lang='lat' dir='ltr'><strong>et</strong></span> 
     </span>
    </p>
   </div>
   <div class='ocr_carea' id='block_1_39' title="bbox 639 3837 2223 3920">
    <p class='ocr_par' dir='ltr' id='par_1_39' title="bbox 639 3837 2223 3920">
     <span class='ocr_line' id='line_1_39' title="bbox 639 3837 2223 3920; baseline -0.013 -3"><span class='ocrx_word' id='word_1_319' title='bbox 639 3837 884 3920; x_wconf 70' lang='lat' dir='ltr'><strong>voluntas</strong></span> <span class='ocrx_word' id='word_1_320' title='bbox 913 3861 1069 3916; x_wconf 90' lang='lat' dir='ltr'><strong>bona.</strong></span> <span class='ocrx_word' id='word_1_321' title='bbox 1096 3857 1224 3913; x_wconf 87' lang='lat' dir='ltr'><strong>Plus</strong></span> <span class='ocrx_word' id='word_1_322' title='bbox 1251 3868 1281 3909; x_wconf 93' lang='lat' dir='ltr'><strong>a</strong></span> <span class='ocrx_word' id='word_1_323' title='bbox 1313 3861 1364 3907; x_wconf 86' lang='lat' dir='ltr'><strong>te</strong></span> <span class='ocrx_word' id='word_1_324' title='bbox 1392 3850 1534 3906; x_wconf 86' lang='lat' dir='ltr'><strong>Deus</strong></span> <span class='ocrx_word' id='word_1_325' title='bbox 1564 3863 1668 3904; x_wconf 90' lang='lat' dir='ltr'><strong>non</strong></span> <span class='ocrx_word' id='word_1_326' title='bbox 1693 3844 1880 3916; x_wconf 74' lang='lat' dir='ltr'><strong>exigit,</strong></span> <span class='ocrx_word' id='word_1_327' title='bbox 1901 3857 2059 3916; x_wconf 89' lang='lat' dir='ltr'><strong>quam</strong></span> <span class='ocrx_word' id='word_1_328' title='bbox 2080 3837 2223 3912; x_wconf 90' lang='lat' dir='ltr'><strong>quod</strong></span> 
     </span>
    </p>
   </div>
   <div class='ocr_carea' id='block_1_40' title="bbox 640 3934 2225 4013">
    <p class='ocr_par' dir='ltr' id='par_1_40' title="bbox 640 3934 2225 4013">
     <span class='ocr_line' id='line_1_40' title="bbox 640 3934 2225 4013; baseline -0.014 0"><span class='ocrx_word' id='word_1_329' title='bbox 640 3957 736 4013; x_wconf 90' lang='lat' dir='ltr'><strong>tibi</strong></span> <span class='ocrx_word' id='word_1_330' title='bbox 783 3955 924 4010; x_wconf 89' lang='lat' dir='ltr'><strong>intus</strong></span> <span class='ocrx_word' id='word_1_331' title='bbox 969 3950 1134 4006; x_wconf 87' lang='lat' dir='ltr'><strong>dedit.</strong></span> <span class='ocrx_word' id='word_1_332' title='bbox 1163 3945 1365 4002; x_wconf 82' lang='lat' dir='ltr'><strong>Vacare</strong></span> <span class='ocrx_word' id='word_1_333' title='bbox 1409 3941 1554 3999; x_wconf 90' lang='lat' dir='ltr'><strong>enim</strong></span> <span class='ocrx_word' id='word_1_334' title='bbox 1602 3953 1710 3996; x_wconf 89' lang='lat' dir='ltr'><strong>non</strong></span> <span class='ocrx_word' id='word_1_335' title='bbox 1760 3945 1936 4009; x_wconf 86' lang='lat' dir='ltr'><strong>potest</strong></span> <span class='ocrx_word' id='word_1_336' title='bbox 1979 3934 2225 3991; x_wconf 87' lang='lat' dir='ltr'><strong>voluntas</strong></span> 
     </span>
    </p>
   </div>
   <div class='ocr_carea' id='block_1_41' title="bbox 639 4027 2226 4107">
    <p class='ocr_par' dir='ltr' id='par_1_41' title="bbox 639 4027 2226 4107">
     <span class='ocr_line' id='line_1_41' title="bbox 639 4027 2226 4107; baseline -0.017 0"><span class='ocrx_word' id='word_1_337' title='bbox 639 4051 800 4107; x_wconf 85' lang='lat' dir='ltr'><strong>bona.</strong></span> <span class='ocrx_word' id='word_1_338' title='bbox 830 4046 944 4104; x_wconf 82' lang='lat' dir='ltr'><strong>Non</strong></span> <span class='ocrx_word' id='word_1_339' title='bbox 973 4045 1112 4100; x_wconf 91' lang='lat' dir='ltr'><strong>enim</strong></span> <span class='ocrx_word' id='word_1_340' title='bbox 1134 4039 1340 4098; x_wconf 88' lang='lat' dir='ltr'><strong>habens</strong></span> <span class='ocrx_word' id='word_1_341' title='bbox 1365 4037 1690 4093; x_wconf 79' lang='lat' dir='ltr'><strong>voluntatem</strong></span> <span class='ocrx_word' id='word_1_342' title='bbox 1716 4031 1932 4095; x_wconf 88' lang='lat' dir='ltr'><strong>bonam,</strong></span> <span class='ocrx_word' id='word_1_343' title='bbox 1953 4027 2054 4084; x_wconf 88' lang='lat' dir='ltr'><strong>etsi</strong></span> <span class='ocrx_word' id='word_1_344' title='bbox 2078 4042 2226 4082; x_wconf 82' lang='lat' dir='ltr'><strong>num-</strong></span> 
     </span>
    </p>
   </div>
   <div class='ocr_carea' id='block_1_42' title="bbox 642 4119 2228 4208">
    <p class='ocr_par' dir='ltr' id='par_1_42' title="bbox 642 4119 2228 4208">
     <span class='ocr_line' id='line_1_42' title="bbox 642 4119 2228 4208; baseline -0.015 -11"><span class='ocrx_word' id='word_1_345' title='bbox 642 4155 762 4198; x_wconf 91' lang='lat' dir='ltr'><strong>mus</strong></span> <span class='ocrx_word' id='word_1_346' title='bbox 790 4137 883 4194; x_wconf 90' lang='lat' dir='ltr'><strong>tibi</strong></span> <span class='ocrx_word' id='word_1_347' title='bbox 912 4136 1167 4208; x_wconf 90' lang='lat' dir='ltr'><strong>supersit,</strong></span> <span class='ocrx_word' id='word_1_348' title='bbox 1200 4149 1304 4188; x_wconf 92' lang='lat' dir='ltr'><strong>non</strong></span> <span class='ocrx_word' id='word_1_349' title='bbox 1332 4128 1560 4201; x_wconf 82' lang='lat' dir='ltr'><strong>porrigis</strong></span> <span class='ocrx_word' id='word_1_350' title='bbox 1594 4121 1813 4196; x_wconf 85' lang='lat' dir='ltr'><strong>pauperi</strong></span> <span class='ocrx_word' id='word_1_351' title='bbox 1839 4140 1851 4176; x_wconf 90' lang='lat'><strong>:</strong></span> <span class='ocrx_word' id='word_1_352' title='bbox 1878 4119 1978 4193; x_wconf 90' lang='lat' dir='ltr'><strong>lpsi</strong></span> <span class='ocrx_word' id='word_1_353' title='bbox 2007 4120 2144 4175; x_wconf 89' lang='lat' dir='ltr'><strong>inter</strong></span> <span class='ocrx_word' id='word_1_354' title='bbox 2166 4133 2228 4174; x_wconf 88' lang='lat' dir='ltr'><strong>se</strong></span> 
     </span>
    </p>
   </div>
   <div class='ocr_carea' id='block_1_43' title="bbox 641 4214 2228 4307">
    <p class='ocr_par' dir='ltr' id='par_1_43' title="bbox 641 4214 2228 4307">
     <span class='ocr_line' id='line_1_43' title="bbox 641 4214 2228 4307; baseline -0.016 -17"><span class='ocrx_word' id='word_1_355' title='bbox 641 4245 904 4307; x_wconf 88' lang='lat' dir='ltr'><strong>pauperes</strong></span> <span class='ocrx_word' id='word_1_356' title='bbox 937 4235 1191 4300; x_wconf 56' lang='lat' dir='ltr'><strong>praestant</strong></span> <span class='ocrx_word' id='word_1_357' title='bbox 1230 4224 1332 4281; x_wconf 87' lang='lat' dir='ltr'><strong>sibi</strong></span> <span class='ocrx_word' id='word_1_358' title='bbox 1376 4223 1444 4280; x_wconf 83' lang='lat' dir='ltr'><strong>de</strong></span> <span class='ocrx_word' id='word_1_359' title='bbox 1477 4219 1752 4276; x_wconf 89' lang='lat' dir='ltr'><strong>voluntate</strong></span> <span class='ocrx_word' id='word_1_360' title='bbox 1777 4214 1936 4278; x_wconf 89' lang='lat' dir='ltr'><strong>bona,</strong></span> <span class='ocrx_word' id='word_1_361' title='bbox 1969 4227 2074 4266; x_wconf 90' lang='lat' dir='ltr'><strong>non</strong></span> <span class='ocrx_word' id='word_1_362' title='bbox 2104 4219 2228 4267; x_wconf 88' lang='lat' dir='ltr'><strong>sunt</strong></span> 
     </span>
    </p>
   </div>
   <div class='ocr_carea' id='block_1_44' title="bbox 645 4299 2224 4384">
    <p class='ocr_par' dir='ltr' id='par_1_44' title="bbox 645 4299 2224 4384">
     <span class='ocr_line' id='line_1_44' title="bbox 645 4299 2224 4384; baseline -0.016 -1"><span class='ocrx_word' id='word_1_363' title='bbox 645 4299 784 4384; x_wconf 76' lang='lat' dir='ltr'><strong>inter</strong></span> <span class='ocrx_word' id='word_1_364' title='bbox 822 4337 882 4378; x_wconf 90' lang='lat' dir='ltr'><strong>se</strong></span> <span class='ocrx_word' id='word_1_365' title='bbox 927 4299 1258 4375; x_wconf 71' lang='lat' dir='ltr'><strong>infructuosi.</strong></span> <span class='ocrx_word' id='word_1_366' title='bbox 1298 4313 1464 4368; x_wconf 78' lang='lat' dir='ltr'><strong>Vides</strong></span> <span class='ocrx_word' id='word_1_367' title='bbox 1507 4322 1706 4365; x_wconf 56' lang='lat' dir='ltr'><strong>caecum</strong></span> <span class='ocrx_word' id='word_1_368' title='bbox 1745 4303 1870 4360; x_wconf 92' lang='lat' dir='ltr'><strong>duci</strong></span> <span class='ocrx_word' id='word_1_369' title='bbox 1912 4317 1943 4356; x_wconf 90' lang='lat' dir='ltr'><strong>a</strong></span> <span class='ocrx_word' id='word_1_370' title='bbox 1971 4299 2224 4358; x_wconf 84' lang='lat' dir='ltr'><strong>vidente:</strong></span> 
     </span>
    </p>
   </div>
   <div class='ocr_carea' id='block_1_45' title="bbox 643 4393 2225 4492">
    <p class='ocr_par' dir='ltr' id='par_1_45' title="bbox 643 4393 2225 4492">
     <span class='ocr_line' id='line_1_45' title="bbox 643 4393 2225 4492; baseline -0.018 -18"><span class='ocrx_word' id='word_1_371' title='bbox 643 4419 766 4492; x_wconf 86' lang='lat' dir='ltr'><strong>quia</strong></span> <span class='ocrx_word' id='word_1_372' title='bbox 792 4427 1038 4471; x_wconf 90' lang='lat' dir='ltr'><strong>nummos</strong></span> <span class='ocrx_word' id='word_1_373' title='bbox 1067 4425 1172 4464; x_wconf 91' lang='lat' dir='ltr'><strong>non</strong></span> <span class='ocrx_word' id='word_1_374' title='bbox 1200 4405 1380 4461; x_wconf 85' lang='lat' dir='ltr'><strong>habuit</strong></span> <span class='ocrx_word' id='word_1_375' title='bbox 1400 4416 1534 4473; x_wconf 89' lang='lat' dir='ltr'><strong>quos</strong></span> <span class='ocrx_word' id='word_1_376' title='bbox 1554 4399 1706 4456; x_wconf 90' lang='lat' dir='ltr'><strong>daret</strong></span> <span class='ocrx_word' id='word_1_377' title='bbox 1728 4410 1896 4468; x_wconf 84' lang='lat' dir='ltr'><strong>egens</strong></span> <span class='ocrx_word' id='word_1_378' title='bbox 1913 4393 1958 4462; x_wconf 85' lang='grc'><strong>¹,</strong></span> <span class='ocrx_word' id='word_1_379' title='bbox 1985 4406 2225 4448; x_wconf 76' lang='grc' dir='ltr'><strong>εοῐιιιηοο</strong></span> 
     </span>
    </p>
   </div>
   <div class='ocr_carea' id='block_1_46' title="bbox 645 4487 2228 4568">
    <p class='ocr_par' dir='ltr' id='par_1_46' title="bbox 645 4487 2228 4568">
     <span class='ocr_line' id='line_1_46' title="bbox 645 4487 2228 4568; baseline -0.019 0"><span class='ocrx_word' id='word_1_380' title='bbox 645 4487 790 4568; x_wconf 79' lang='lat' dir='ltr'><strong>davit</strong></span> <span class='ocrx_word' id='word_1_381' title='bbox 815 4505 999 4563; x_wconf 91' lang='lat' dir='ltr'><strong>oculos</strong></span> <span class='ocrx_word' id='word_1_382' title='bbox 1028 4515 1133 4557; x_wconf 91' lang='lat' dir='ltr'><strong>non</strong></span> <span class='ocrx_word' id='word_1_383' title='bbox 1177 4495 1410 4552; x_wconf 86' lang='lat' dir='ltr'><strong>habenti.</strong></span> <span class='ocrx_word' id='word_1_384' title='bbox 1452 4491 1605 4550; x_wconf 88' lang='lat' dir='ltr'><strong>Unde</strong></span> <span class='ocrx_word' id='word_1_385' title='bbox 1649 4489 1752 4545; x_wconf 90' lang='lat' dir='ltr'><strong>hoc</strong></span> <span class='ocrx_word' id='word_1_386' title='bbox 1791 4487 1984 4542; x_wconf 89' lang='lat' dir='ltr'><strong>factum</strong></span> <span class='ocrx_word' id='word_1_387' title='bbox 2020 4491 2137 4548; x_wconf 85' lang='lat' dir='ltr'><strong>est,</strong></span> <span class='ocrx_word' id='word_1_388' title='bbox 2168 4490 2228 4539; x_wconf 92' lang='lat' dir='ltr'><strong>ut</strong></span> 
     </span>
    </p>
   </div>
   <div class='ocr_carea' id='block_1_47' title="bbox 644 4575 2227 4660">
    <p class='ocr_par' dir='ltr' id='par_1_47' title="bbox 644 4575 2227 4660">
     <span class='ocr_line' id='line_1_47' title="bbox 644 4575 2227 4660; baseline -0.018 1"><span class='ocrx_word' id='word_1_389' title='bbox 644 4601 884 4660; x_wconf 87' lang='lat' dir='ltr'><strong>membra</strong></span> <span class='ocrx_word' id='word_1_390' title='bbox 909 4610 1004 4652; x_wconf 87' lang='lat' dir='ltr'><strong>sua</strong></span> <span class='ocrx_word' id='word_1_391' title='bbox 1028 4588 1392 4650; x_wconf 87' lang='lat' dir='ltr'><strong>commodaret</strong></span> <span class='ocrx_word' id='word_1_392' title='bbox 1418 4585 1466 4642; x_wconf 90' lang='lat' dir='ltr'><strong>ei</strong></span> <span class='ocrx_word' id='word_1_393' title='bbox 1492 4583 1582 4654; x_wconf 89' lang='lat' dir='ltr'><strong>qui</strong></span> <span class='ocrx_word' id='word_1_394' title='bbox 1624 4597 1730 4638; x_wconf 90' lang='lat' dir='ltr'><strong>non</strong></span> <span class='ocrx_word' id='word_1_395' title='bbox 1769 4577 1946 4642; x_wconf 87' lang='lat' dir='ltr'><strong>habet.</strong></span> <span class='ocrx_word' id='word_1_396' title='bbox 1979 4575 2080 4632; x_wconf 89' lang='lat' dir='ltr'><strong>nisi</strong></span> <span class='ocrx_word' id='word_1_397' title='bbox 2106 4577 2227 4647; x_wconf 88' lang='lat' dir='ltr'><strong>quia</strong></span> 
     </span>
    </p>
   </div>
   <div class='ocr_carea' id='block_1_48' title="bbox 646 4665 2228 4751">
    <p class='ocr_par' dir='ltr' id='par_1_48' title="bbox 646 4665 2228 4751">
     <span class='ocr_line' id='line_1_48' title="bbox 646 4665 2228 4751; baseline -0.019 -1"><span class='ocrx_word' id='word_1_398' title='bbox 646 4695 793 4751; x_wconf 88' lang='lat' dir='ltr'><strong>intus</strong></span> <span class='ocrx_word' id='word_1_399' title='bbox 835 4689 1006 4744; x_wconf 87' lang='lat' dir='ltr'><strong>inerat</strong></span> <span class='ocrx_word' id='word_1_400' title='bbox 1047 4683 1289 4737; x_wconf 85' lang='lat' dir='ltr'><strong>voluntas</strong></span> <span class='ocrx_word' id='word_1_401' title='bbox 1325 4678 1490 4740; x_wconf 90' lang='lat' dir='ltr'><strong>bona,</strong></span> <span class='ocrx_word' id='word_1_402' title='bbox 1521 4673 1800 4729; x_wconf 88' lang='lat' dir='ltr'><strong>thesaurus</strong></span> <span class='ocrx_word' id='word_1_403' title='bbox 1822 4665 2144 4742; x_wconf 82' lang='lat' dir='ltr'><strong>pauperum?</strong></span> <span class='ocrx_word' id='word_1_404' title='bbox 2170 4665 2228 4721; x_wconf 90' lang='lat' dir='ltr'><strong>ln</strong></span> 
     </span>
    </p>
   </div>
   <div class='ocr_carea' id='block_1_49' title="bbox 647 4759 2224 4857">
    <p class='ocr_par' dir='ltr' id='par_1_49' title="bbox 647 4759 2224 4857">
     <span class='ocr_line' id='line_1_49' title="bbox 647 4759 2224 4857; baseline -0.016 -17"><span class='ocrx_word' id='word_1_405' title='bbox 647 4799 755 4857; x_wconf 89' lang='lat' dir='ltr'><strong>quo</strong></span> <span class='ocrx_word' id='word_1_406' title='bbox 783 4780 1033 4836; x_wconf 83' lang='lat' dir='ltr'><strong>thesauro</strong></span> <span class='ocrx_word' id='word_1_407' title='bbox 1058 4769 1365 4831; x_wconf 89' lang='lat' dir='ltr'><strong>dulcissima</strong></span> <span class='ocrx_word' id='word_1_408' title='bbox 1405 4765 1618 4840; x_wconf 87' lang='lat' dir='ltr'><strong>requies</strong></span> <span class='ocrx_word' id='word_1_409' title='bbox 1638 4805 1656 4831; x_wconf 94' lang='lat'><strong>,</strong></span> <span class='ocrx_word' id='word_1_410' title='bbox 1702 4773 1758 4819; x_wconf 94' lang='lat' dir='ltr'><strong>et</strong></span> <span class='ocrx_word' id='word_1_411' title='bbox 1795 4777 1920 4817; x_wconf 90' lang='lat' dir='ltr'><strong>vera</strong></span> <span class='ocrx_word' id='word_1_412' title='bbox 1947 4759 2224 4817; x_wconf 85' lang='lat' dir='ltr'><strong>securitas.</strong></span> 
     </span>
    </p>
   </div>
   <div class='ocr_carea' id='block_1_50' title="bbox 593 4855 2227 4944">
    <p class='ocr_par' dir='ltr' id='par_1_50' title="bbox 593 4855 2227 4944">
     <span class='ocr_line' id='line_1_50' title="bbox 593 4855 2227 4944; baseline -0.013 -16"><span class='ocrx_word' id='word_1_413' title='bbox 593 4855 730 4932; x_wconf 61' lang='grc' dir='ltr'><strong>ξ”Ᾱὰ</strong></span> <span class='ocrx_word' id='word_1_414' title='bbox 759 4874 930 4944; x_wconf 88' lang='lat' dir='ltr'><strong>ipsum</strong></span> <span class='ocrx_word' id='word_1_415' title='bbox 955 4862 1304 4924; x_wconf 87' lang='lat' dir='ltr'><strong>amittendum</strong></span> <span class='ocrx_word' id='word_1_416' title='bbox 1335 4875 1436 4918; x_wconf 91' lang='lat' dir='ltr'><strong>nec</strong></span> <span class='ocrx_word' id='word_1_417' title='bbox 1458 4859 1596 4914; x_wconf 88' lang='lat' dir='ltr'><strong>latro</strong></span> <span class='ocrx_word' id='word_1_418' title='bbox 1623 4855 1940 4920; x_wconf 86' lang='lat' dir='ltr'><strong>admittitur,</strong></span> <span class='ocrx_word' id='word_1_419' title='bbox 1967 4868 2068 4909; x_wconf 90' lang='lat' dir='ltr'><strong>nec</strong></span> <span class='ocrx_word' id='word_1_420' title='bbox 2094 4867 2227 4907; x_wconf 82' lang='lat' dir='ltr'><strong>nau-</strong></span> 
     </span>
    </p>
   </div>
   <div class='ocr_carea' id='block_1_51' title="bbox 648 4943 2224 5036">
    <p class='ocr_par' dir='ltr' id='par_1_51' title="bbox 648 4943 2224 5036">
     <span class='ocr_line' id='line_1_51' title="bbox 648 4943 2224 5036; baseline -0.016 -11"><span class='ocrx_word' id='word_1_421' title='bbox 648 4943 876 5036; x_wconf 80' lang='lat' dir='ltr'><strong>fragium</strong></span> <span class='ocrx_word' id='word_1_422' title='bbox 917 4959 1190 5019; x_wconf 87' lang='lat' dir='ltr'><strong>metuitur.</strong></span> <span class='ocrx_word' id='word_1_423' title='bbox 1233 4953 1422 5010; x_wconf 84' lang='lat' dir='ltr'><strong>Servat</strong></span> <span class='ocrx_word' id='word_1_424' title='bbox 1464 4964 1645 5008; x_wconf 88' lang='lat' dir='ltr'><strong>secum</strong></span> <span class='ocrx_word' id='word_1_425' title='bbox 1687 4945 1829 5020; x_wconf 92' lang='lat' dir='ltr'><strong>quod</strong></span> <span class='ocrx_word' id='word_1_426' title='bbox 1866 4947 2006 5002; x_wconf 90' lang='lat' dir='ltr'><strong>intus</strong></span> <span class='ocrx_word' id='word_1_427' title='bbox 2045 4943 2224 5014; x_wconf 87' lang='lat' dir='ltr'><strong>habet,</strong></span> 
     </span>
    </p>
   </div>
   <div class='ocr_carea' id='block_1_52' title="bbox 648 5039 2229 5122">
    <p class='ocr_par' dir='ltr' id='par_1_52' title="bbox 648 5039 2229 5122">
     <span class='ocr_line' id='line_1_52' title="bbox 648 5039 2229 5122; baseline -0.015 -7"><span class='ocrx_word' id='word_1_428' title='bbox 648 5058 823 5115; x_wconf 86' lang='lat' dir='ltr'><strong>nudus</strong></span> <span class='ocrx_word' id='word_1_429' title='bbox 845 5053 1054 5122; x_wconf 90' lang='lat' dir='ltr'><strong>evadit,</strong></span> <span class='ocrx_word' id='word_1_430' title='bbox 1097 5059 1154 5108; x_wconf 87' lang='lat' dir='ltr'><strong>et</strong></span> <span class='ocrx_word' id='word_1_431' title='bbox 1176 5046 1364 5120; x_wconf 89' lang='lat' dir='ltr'><strong>plenus</strong></span> <span class='ocrx_word' id='word_1_432' title='bbox 1383 5051 1485 5102; x_wconf 88' lang='lat' dir='ltr'><strong>est.</strong></span> <span class='ocrx_word' id='word_1_433' title='bbox 1513 5041 1694 5100; x_wconf 80' lang='lat' dir='ltr'><strong>Justus</strong></span> <span class='ocrx_word' id='word_1_434' title='bbox 1719 5055 1848 5112; x_wconf 84' lang='lat' dir='ltr'><strong>ergo</strong></span> <span class='ocrx_word' id='word_1_435' title='bbox 1873 5039 2150 5106; x_wconf 76' lang='lat' dir='ltr'><strong>miseretur,</strong></span> <span class='ocrx_word' id='word_1_436' title='bbox 2181 5044 2229 5092; x_wconf 86' lang='lat' dir='ltr'><strong>et</strong></span> 
     </span>
    </p>
   </div>
   <div class='ocr_carea' id='block_1_53' title="bbox 649 5146 959 5205">
    <p class='ocr_par' dir='ltr' id='par_1_53' title="bbox 649 5146 959 5205">
     <span class='ocr_line' id='line_1_53' title="bbox 649 5146 959 5205; baseline -0.003 0"><span class='ocrx_word' id='word_1_437' title='bbox 649 5146 959 5205; x_wconf 81' lang='lat' dir='ltr'><strong>commodat.</strong></span> 
     </span>
    </p>
   </div>
   <div class='ocr_carea' id='block_1_54' title="bbox 719 5217 2229 5312">
    <p class='ocr_par' dir='ltr' id='par_1_54' title="bbox 719 5217 2229 5312">
     <span class='ocr_line' id='line_1_54' title="bbox 719 5217 2229 5312; baseline -0.017 -16"><span class='ocrx_word' id='word_1_438' title='bbox 719 5241 809 5296; x_wconf 72' lang='grc'><strong>14.</strong></span> <span class='ocrx_word' id='word_1_439' title='bbox 838 5234 1000 5312; x_wconf 65' lang='lat' dir='ltr'><strong>[rem</strong></span> <span class='ocrx_word' id='word_1_440' title='bbox 1028 5229 1154 5308; x_wconf 71' lang='lat'><strong>32.]</strong></span> <span class='ocrx_word' id='word_1_441' title='bbox 1191 5229 1442 5301; x_wconf 83' lang='lat' dir='ltr'><strong>Quoniam</strong></span> <span class='ocrx_word' id='word_1_442' title='bbox 1477 5224 1815 5281; x_wconf 85' lang='lat' dir='ltr'><strong>benediceutes</strong></span> <span class='ocrx_word' id='word_1_443' title='bbox 1840 5235 1987 5288; x_wconf 86' lang='lat' dir='ltr'><strong>eum,</strong></span> <span class='ocrx_word' id='word_1_444' title='bbox 2016 5217 2229 5274; x_wconf 69' lang='lat' dir='ltr'><strong>heredi-</strong></span> 
     </span>
    </p>
   </div>
   <div class='ocr_carea' id='block_1_55' title="bbox 651 5312 2231 5402">
    <p class='ocr_par' dir='ltr' id='par_1_55' title="bbox 651 5312 2231 5402">
     <span class='ocr_line' id='line_1_55' title="bbox 651 5312 2231 5402; baseline -0.013 -15"><span class='ocrx_word' id='word_1_445' title='bbox 651 5341 752 5388; x_wconf 84' lang='lat' dir='ltr'><strong>tate</strong></span> <span class='ocrx_word' id='word_1_446' title='bbox 779 5326 1098 5402; x_wconf 81' lang='lat' dir='ltr'><strong>possidebunt</strong></span> <span class='ocrx_word' id='word_1_447' title='bbox 1128 5335 1310 5380; x_wconf 84' lang='lat' dir='ltr'><strong>terram</strong></span> <span class='ocrx_word' id='word_1_448' title='bbox 1333 5338 1352 5377; x_wconf 92' lang='lat'><strong><em>:</em></strong></span> <span class='ocrx_word' id='word_1_449' title='bbox 1379 5320 1517 5376; x_wconf 86' lang='lat' dir='ltr'><strong>sicut</strong></span> <span class='ocrx_word' id='word_1_450' title='bbox 1554 5315 1629 5390; x_wconf 88' lang='lat' dir='ltr'><strong>(a)</strong></span> <span class='ocrx_word' id='word_1_451' title='bbox 1662 5315 1807 5370; x_wconf 88' lang='lat' dir='ltr'><strong>illum</strong></span> <span class='ocrx_word' id='word_1_452' title='bbox 1848 5312 2074 5384; x_wconf 85' lang='lat' dir='ltr'><strong>justum,</strong></span> <span class='ocrx_word' id='word_1_453' title='bbox 2105 5325 2231 5368; x_wconf 86' lang='lat' dir='ltr'><strong>vere</strong></span> 
     </span>
    </p>
   </div>
   <div class='ocr_carea' id='block_1_56' title="bbox 659 5403 2224 5490">
    <p class='ocr_par' dir='ltr' id='par_1_56' title="bbox 659 5403 2224 5490">
     <span class='ocr_line' id='line_1_56' title="bbox 659 5403 2224 5490; baseline -0.015 -11"><span class='ocrx_word' id='word_1_454' title='bbox 659 5424 830 5479; x_wconf 89' lang='lat' dir='ltr'><strong>solum</strong></span> <span class='ocrx_word' id='word_1_455' title='bbox 853 5422 1051 5490; x_wconf 84' lang='lat' dir='ltr'><strong>justum</strong></span> <span class='ocrx_word' id='word_1_456' title='bbox 1073 5426 1128 5474; x_wconf 91' lang='lat' dir='ltr'><strong>et</strong></span> <span class='ocrx_word' id='word_1_457' title='bbox 1146 5415 1546 5489; x_wconf 85' lang='lat' dir='ltr'><strong>justifieautem,</strong></span> <span class='ocrx_word' id='word_1_458' title='bbox 1571 5408 1660 5480; x_wconf 89' lang='lat' dir='ltr'><strong>qui</strong></span> <span class='ocrx_word' id='word_1_459' title='bbox 1688 5413 1742 5461; x_wconf 90' lang='lat' dir='ltr'><strong>et</strong></span> <span class='ocrx_word' id='word_1_460' title='bbox 1765 5419 1968 5476; x_wconf 88' lang='lat' dir='ltr'><strong>pauper</strong></span> <span class='ocrx_word' id='word_1_461' title='bbox 1991 5403 2076 5460; x_wconf 89' lang='lat' dir='ltr'><strong>hic</strong></span> <span class='ocrx_word' id='word_1_462' title='bbox 2105 5403 2224 5470; x_wconf 91' lang='lat' dir='ltr'><strong>fuit,</strong></span> 
     </span>
    </p>
   </div>
   <div class='ocr_carea' id='block_1_57' title="bbox 659 5497 2230 5582">
    <p class='ocr_par' dir='ltr' id='par_1_57' title="bbox 659 5497 2230 5582">
     <span class='ocr_line' id='line_1_57' title="bbox 659 5497 2230 5582; baseline -0.01 -12"><span class='ocrx_word' id='word_1_463' title='bbox 659 5523 713 5570; x_wconf 93' lang='lat' dir='ltr'><strong>et</strong></span> <span class='ocrx_word' id='word_1_464' title='bbox 739 5513 950 5571; x_wconf 88' lang='lat' dir='ltr'><strong>divitias</strong></span> <span class='ocrx_word' id='word_1_465' title='bbox 989 5526 1205 5582; x_wconf 86' lang='lat' dir='ltr'><strong>magnas</strong></span> <span class='ocrx_word' id='word_1_466' title='bbox 1242 5506 1448 5572; x_wconf 87' lang='lat' dir='ltr'><strong>attulit,</strong></span> <span class='ocrx_word' id='word_1_467' title='bbox 1479 5503 1669 5575; x_wconf 88' lang='lat' dir='ltr'><strong>quibus</strong></span> <span class='ocrx_word' id='word_1_468' title='bbox 1693 5498 1893 5556; x_wconf 89' lang='lat' dir='ltr'><strong>faceret</strong></span> <span class='ocrx_word' id='word_1_469' title='bbox 1921 5497 2112 5555; x_wconf 85' lang='lat' dir='ltr'><strong>divites</strong></span> <span class='ocrx_word' id='word_1_470' title='bbox 2137 5511 2230 5554; x_wconf 90' lang='lat' dir='ltr'><strong>eos</strong></span> 
     </span>
    </p>
   </div>
   <div class='ocr_carea' id='block_1_58' title="bbox 716 5650 1905 5735">
    <p class='ocr_par' dir='ltr' id='par_1_58' title="bbox 716 5650 1905 5735">
     <span class='ocr_line' id='line_1_58' title="bbox 716 5650 1905 5735; baseline -0.012 -16"><span class='ocrx_word' id='word_1_471' title='bbox 716 5671 733 5703; x_wconf 68' lang='grc' dir='ltr'><strong>ε</strong></span> <span class='ocrx_word' id='word_1_472' title='bbox 768 5667 903 5728; x_wconf 63' lang='lat' dir='ltr'><strong>add,</strong></span> <span class='ocrx_word' id='word_1_473' title='bbox 929 5663 1179 5735; x_wconf 51' lang='lat' dir='ltr'><strong>promisit;</strong></span> <span class='ocrx_word' id='word_1_474' title='bbox 1205 5661 1368 5713; x_wconf 87' lang='lat' dir='ltr'><strong>verius</strong></span> <span class='ocrx_word' id='word_1_475' title='bbox 1386 5658 1567 5724; x_wconf 87' lang='lat' dir='ltr'><strong>aliquot</strong></span> <span class='ocrx_word' id='word_1_476' title='bbox 1585 5662 1716 5719; x_wconf 59' lang='lat' dir='ltr'><strong>uss,</strong></span> <span class='ocrx_word' id='word_1_477' title='bbox 1737 5650 1905 5721; x_wconf 69' lang='lat' dir='ltr'><strong>prosit.</strong></span> 
     </span>
    </p>
   </div>
   <div class='ocr_carea' id='block_1_59' title="bbox 713 5734 1087 5792">
    <p class='ocr_par' dir='ltr' id='par_1_59' title="bbox 713 5734 1087 5792">
     <span class='ocr_line' id='line_1_59' title="bbox 713 5734 1087 5792; baseline -0.013 -12"><span class='ocrx_word' id='word_1_478' title='bbox 713 5735 736 5764; x_wconf 75' lang='grc'>⁸</span> <span class='ocrx_word' id='word_1_479' title='bbox 768 5739 893 5787; x_wconf 76' lang='lat' dir='ltr'><strong>Mss,</strong></span> <span class='ocrx_word' id='word_1_480' title='bbox 917 5734 1087 5792; x_wconf 58' lang='lat' dir='ltr'><strong>egenti.</strong></span> 
     </span>
    </p>
   </div>
   <div class='ocr_carea' id='block_1_60' title="bbox 728 5784 1204 5856">
    <p class='ocr_par' dir='ltr' id='par_1_60' title="bbox 728 5784 1204 5856">
     <span class='ocr_line' id='line_1_60' title="bbox 728 5784 1204 5856; baseline -0.002 -14"><span class='ocrx_word' id='word_1_481' title='bbox 728 5792 805 5856; x_wconf 82' lang='grc' dir='ltr'><strong>(α)</strong></span> <span class='ocrx_word' id='word_1_482' title='bbox 825 5784 984 5854; x_wconf 63' lang='lat' dir='ltr'><strong>Forte,</strong></span> <span class='ocrx_word' id='word_1_483' title='bbox 1006 5784 1204 5842; x_wconf 60' lang='lat' dir='ltr'><strong>stitia“.</strong></span> 
     </span>
    </p>
   </div>
   <div class='ocr_carea' id='block_1_61' title="bbox 1877 321 3802 392">
    <p class='ocr_par' dir='ltr' id='par_1_61' title="bbox 1877 321 3802 392">
     <span class='ocr_line' id='line_1_61' title="bbox 1877 321 3802 392; baseline -0.008 -4"><span class='ocrx_word' id='word_1_484' title='bbox 1877 327 1940 388; x_wconf 87' lang='lat' dir='ltr'><strong>s.</strong></span> <span class='ocrx_word' id='word_1_485' title='bbox 1975 322 2344 388; x_wconf 66' lang='grc' dir='ltr'><strong>Ληουεῖ-ιω</strong></span> <span class='ocrx_word' id='word_1_486' title='bbox 2378 321 2683 386; x_wconf 68' lang='grc' dir='ltr'><strong>εριεοοιη</strong></span> <span class='ocrx_word' id='word_1_487' title='bbox 3727 333 3802 392; x_wconf 65' lang='grc' dir='ltr'><strong>ῃ,</strong></span> 
     </span>
    </p>
   </div>
   <div class='ocr_carea' id='block_1_62' title="bbox 2303 437 3802 514">
    <p class='ocr_par' dir='ltr' id='par_1_62' title="bbox 2303 437 3802 514">
     <span class='ocr_line' id='line_1_62' title="bbox 2303 437 3802 514; baseline 0.005 -18"><span class='ocrx_word' id='word_1_488' title='bbox 2303 455 2438 513; x_wconf 86' lang='lat' dir='ltr'><strong>quos</strong></span> <span class='ocrx_word' id='word_1_489' title='bbox 2463 439 2668 497; x_wconf 87' lang='lat' dir='ltr'><strong>invenit</strong></span> <span class='ocrx_word' id='word_1_490' title='bbox 2693 451 2972 512; x_wconf 81' lang='lat' dir='ltr'><strong>pauperes.</strong></span> <span class='ocrx_word' id='word_1_491' title='bbox 2995 437 3118 512; x_wconf 86' lang='lat' dir='ltr'><strong>Ipse</strong></span> <span class='ocrx_word' id='word_1_492' title='bbox 3139 446 3220 498; x_wconf 84' lang='lat' dir='ltr'><strong>est</strong></span> <span class='ocrx_word' id='word_1_493' title='bbox 3239 439 3387 498; x_wconf 85' lang='lat' dir='ltr'><strong>enim</strong></span> <span class='ocrx_word' id='word_1_494' title='bbox 3415 440 3503 512; x_wconf 83' lang='lat' dir='ltr'><strong>qui</strong></span> <span class='ocrx_word' id='word_1_495' title='bbox 3525 440 3698 514; x_wconf 85' lang='lat' dir='ltr'><strong>Spiritu</strong></span> <span class='ocrx_word' id='word_1_496' title='bbox 3715 459 3802 502; x_wconf 65' lang='lat' dir='ltr'><strong>sano</strong></span> 
     </span>
    </p>
   </div>
   <div class='ocr_carea' id='block_1_63' title="bbox 2302 533 3807 604">
    <p class='ocr_par' dir='ltr' id='par_1_63' title="bbox 2302 533 3807 604">
     <span class='ocr_line' id='line_1_63' title="bbox 2302 533 3807 604; baseline 0.003 -15"><span class='ocrx_word' id='word_1_497' title='bbox 2302 543 2391 590; x_wconf 92' lang='lat' dir='ltr'><strong>cto</strong></span> <span class='ocrx_word' id='word_1_498' title='bbox 2434 533 2628 588; x_wconf 90' lang='lat' dir='ltr'><strong>ditavit</strong></span> <span class='ocrx_word' id='word_1_499' title='bbox 2671 533 2831 589; x_wconf 90' lang='lat' dir='ltr'><strong>corda</strong></span> <span class='ocrx_word' id='word_1_500' title='bbox 2878 547 3207 604; x_wconf 87' lang='lat' dir='ltr'><strong>pauperum,</strong></span> <span class='ocrx_word' id='word_1_501' title='bbox 3248 541 3306 588; x_wconf 83' lang='lat' dir='ltr'><strong>et</strong></span> <span class='ocrx_word' id='word_1_502' title='bbox 3343 533 3625 589; x_wconf 67' lang='lat' dir='ltr'><strong>exinanita</strong></span> <span class='ocrx_word' id='word_1_503' title='bbox 3654 537 3807 598; x_wconf 71' lang='lat' dir='ltr'><strong>animas</strong></span> 
     </span>
    </p>
   </div>
   <div class='ocr_carea' id='block_1_64' title="bbox 2303 624 3807 700">
    <p class='ocr_par' dir='ltr' id='par_1_64' title="bbox 2303 624 3807 700">
     <span class='ocr_line' id='line_1_64' title="bbox 2303 624 3807 700; baseline 0.003 -19"><span class='ocrx_word' id='word_1_504' title='bbox 2303 624 2608 681; x_wconf 84' lang='lat' dir='ltr'><strong>confitendo</strong></span> <span class='ocrx_word' id='word_1_505' title='bbox 2636 634 2851 695; x_wconf 87' lang='lat' dir='ltr'><strong>peccata</strong></span> <span class='ocrx_word' id='word_1_506' title='bbox 2872 665 2888 690; x_wconf 93' lang='lat'><strong>,</strong></span> <span class='ocrx_word' id='word_1_507' title='bbox 2921 624 3160 696; x_wconf 85' lang='lat' dir='ltr'><strong>implevit</strong></span> <span class='ocrx_word' id='word_1_508' title='bbox 3186 625 3459 697; x_wconf 85' lang='lat' dir='ltr'><strong>opulentia</strong></span> <span class='ocrx_word' id='word_1_509' title='bbox 3496 626 3716 694; x_wconf 70' lang='lat' dir='ltr'><strong>iustitiae;</strong></span> <span class='ocrx_word' id='word_1_510' title='bbox 3744 632 3807 700; x_wconf 74' lang='lat' dir='ltr'><strong>qui</strong></span> 
     </span>
    </p>
   </div>
   <div class='ocr_carea' id='block_1_65' title="bbox 2305 718 3808 791">
    <p class='ocr_par' dir='ltr' id='par_1_65' title="bbox 2305 718 3808 791">
     <span class='ocr_line' id='line_1_65' title="bbox 2305 718 3808 791; baseline 0.005 -19"><span class='ocrx_word' id='word_1_511' title='bbox 2305 719 2475 791; x_wconf 89' lang='lat' dir='ltr'><strong>potuit</strong></span> <span class='ocrx_word' id='word_1_512' title='bbox 2518 718 2731 773; x_wconf 80' lang='lat' dir='ltr'><strong>divitem</strong></span> <span class='ocrx_word' id='word_1_513' title='bbox 2781 719 2954 774; x_wconf 87' lang='lat' dir='ltr'><strong>facere</strong></span> <span class='ocrx_word' id='word_1_514' title='bbox 3003 719 3318 788; x_wconf 79' lang='lat' dir='ltr'><strong>piscaton</strong></span> <span class='ocrx_word' id='word_1_515' title='bbox 3341 762 3356 785; x_wconf 94' lang='lat'><strong>,</strong></span> <span class='ocrx_word' id='word_1_516' title='bbox 3389 720 3680 776; x_wconf 84' lang='lat' dir='ltr'><strong>dimittendo</strong></span> <span class='ocrx_word' id='word_1_517' title='bbox 3716 726 3808 780; x_wconf 77' lang='lat' dir='ltr'><strong>retia</strong></span> 
     </span>
    </p>
   </div>
   <div class='ocr_carea' id='block_1_66' title="bbox 2304 809 3810 880">
    <p class='ocr_par' dir='ltr' id='par_1_66' title="bbox 2304 809 3810 880">
     <span class='ocr_line' id='line_1_66' title="bbox 2304 809 3810 880; baseline 0.002 -16"><span class='ocrx_word' id='word_1_518' title='bbox 2304 823 2422 874; x_wconf 87' lang='lat' dir='ltr'><strong>sua,</strong></span> <span class='ocrx_word' id='word_1_519' title='bbox 2449 809 2588 880; x_wconf 83' lang='lat' dir='ltr'><strong>quod</strong></span> <span class='ocrx_word' id='word_1_520' title='bbox 2619 809 2843 862; x_wconf 82' lang='lat' dir='ltr'><strong>habebat</strong></span> <span class='ocrx_word' id='word_1_521' title='bbox 2872 818 3330 873; x_wconf 75' lang='lat' dir='ltr'><strong>contetttttcntem,</strong></span> <span class='ocrx_word' id='word_1_522' title='bbox 3355 810 3495 878; x_wconf 82' lang='lat' dir='ltr'><strong>quod</strong></span> <span class='ocrx_word' id='word_1_523' title='bbox 3517 825 3613 864; x_wconf 83' lang='lat' dir='ltr'><strong>non</strong></span> <span class='ocrx_word' id='word_1_524' title='bbox 3640 810 3810 868; x_wconf 74' lang='lat' dir='ltr'><strong>habebat</strong></span> 
     </span>
    </p>
   </div>
   <div class='ocr_carea' id='block_1_67' title="bbox 2305 900 3811 973">
    <p class='ocr_par' dir='ltr' id='par_1_67' title="bbox 2305 900 3811 973">
     <span class='ocr_line' id='line_1_67' title="bbox 2305 900 3811 973; baseline 0.001 -16"><span class='ocrx_word' id='word_1_525' title='bbox 2305 901 2635 958; x_wconf 86' lang='lat' dir='ltr'><strong>haurientem</strong></span> <span class='ocrx_word' id='word_1_526' title='bbox 2669 900 2893 973; x_wconf 78' lang='lat' dir='ltr'><strong>(Matth.</strong></span> <span class='ocrx_word' id='word_1_527' title='bbox 2921 916 2989 966; x_wconf 88' lang='lat' dir='ltr'><strong>tv,</strong></span> <span class='ocrx_word' id='word_1_528' title='bbox 3022 901 3131 970; x_wconf 78' lang='lat' dir='ltr'><strong>i9}.</strong></span> <span class='ocrx_word' id='word_1_529' title='bbox 3159 901 3372 956; x_wconf 79' lang='lat' dir='ltr'><strong>hitlrma</strong></span> <span class='ocrx_word' id='word_1_530' title='bbox 3399 901 3537 955; x_wconf 88' lang='lat' dir='ltr'><strong>enim</strong></span> <span class='ocrx_word' id='word_1_531' title='bbox 3565 903 3719 956; x_wconf 80' lang='lat' dir='ltr'><strong>mundi</strong></span> <span class='ocrx_word' id='word_1_532' title='bbox 3737 904 3811 959; x_wconf 76' lang='lat' dir='ltr'><strong>ele-</strong></span> 
     </span>
    </p>
   </div>
   <div class='ocr_carea' id='block_1_68' title="bbox 2305 992 3810 1068">
    <p class='ocr_par' dir='ltr' id='par_1_68' title="bbox 2305 992 3810 1068">
     <span class='ocr_line' id='line_1_68' title="bbox 2305 992 3810 1068; baseline 0 -17"><span class='ocrx_word' id='word_1_533' title='bbox 2305 997 2382 1068; x_wconf 80' lang='lat' dir='ltr'><strong>git</strong></span> <span class='ocrx_word' id='word_1_534' title='bbox 2410 995 2552 1052; x_wconf 86' lang='lat' dir='ltr'><strong>Deus</strong></span> <span class='ocrx_word' id='word_1_535' title='bbox 2571 1037 2587 1061; x_wconf 93' lang='lat'><strong>,</strong></span> <span class='ocrx_word' id='word_1_536' title='bbox 2621 1006 2676 1048; x_wconf 92' lang='lat' dir='ltr'><strong>ut</strong></span> <span class='ocrx_word' id='word_1_537' title='bbox 2705 993 3053 1050; x_wconf 84' lang='lat' dir='ltr'><strong>confunderet</strong></span> <span class='ocrx_word' id='word_1_538' title='bbox 3082 994 3234 1049; x_wconf 86' lang='lat' dir='ltr'><strong>fortia</strong></span> <span class='ocrx_word' id='word_1_539' title='bbox 3261 993 3304 1066; x_wconf 88' lang='grc' dir='ltr'><strong>(Ι</strong></span> <span class='ocrx_word' id='word_1_540' title='bbox 3326 992 3450 1049; x_wconf 77' lang='lat' dir='ltr'><strong>Cor.</strong></span> <span class='ocrx_word' id='word_1_541' title='bbox 3469 1008 3508 1059; x_wconf 87' lang='lat' dir='ltr'><strong>I,</strong></span> <span class='ocrx_word' id='word_1_542' title='bbox 3533 992 3637 1065; x_wconf 73' lang='lat'><strong>27).</strong></span> <span class='ocrx_word' id='word_1_543' title='bbox 3667 994 3720 1049; x_wconf 77' lang='lat' dir='ltr'><strong>Et</strong></span> <span class='ocrx_word' id='word_1_544' title='bbox 3739 1012 3810 1052; x_wconf 77' lang='lat' dir='ltr'><strong>non</strong></span> 
     </span>
    </p>
   </div>
   <div class='ocr_carea' id='block_1_69' title="bbox 2305 1085 3893 1156">
    <p class='ocr_par' dir='ltr' id='par_1_69' title="bbox 2305 1085 3893 1156">
     <span class='ocr_line' id='line_1_69' title="bbox 2305 1085 3893 1156; baseline -0.001 -14"><span class='ocrx_word' id='word_1_545' title='bbox 2305 1086 2375 1142; x_wconf 89' lang='lat' dir='ltr'><strong>de</strong></span> <span class='ocrx_word' id='word_1_546' title='bbox 2401 1097 2612 1141; x_wconf 85' lang='lat' dir='ltr'><strong>oratore</strong></span> <span class='ocrx_word' id='word_1_547' title='bbox 2642 1086 2961 1156; x_wconf 85' lang='lat' dir='ltr'><strong>piscatorem</strong></span> <span class='ocrx_word' id='word_1_548' title='bbox 2985 1125 3000 1151; x_wconf 93' lang='lat'><strong>,</strong></span> <span class='ocrx_word' id='word_1_549' title='bbox 3039 1087 3132 1140; x_wconf 76' lang='lat' dir='ltr'><strong>sed</strong></span> <span class='ocrx_word' id='word_1_550' title='bbox 3159 1085 3225 1140; x_wconf 90' lang='lat' dir='ltr'><strong>de</strong></span> <span class='ocrx_word' id='word_1_551' title='bbox 3251 1086 3515 1153; x_wconf 57' lang='lat' dir='ltr'><strong>piscatore</strong></span> <span class='ocrx_word' id='word_1_552' title='bbox 3541 1086 3739 1140; x_wconf 83' lang='lat' dir='ltr'><strong>lucratus</strong></span> <span class='ocrx_word' id='word_1_553' title='bbox 3759 1099 3813 1148; x_wconf 68' lang='lat' dir='ltr'><strong>est</strong></span> <span class='ocrx_word' id='word_1_554' title='bbox 3892 1103 3893 1156; x_wconf 57' lang='grc' dir='ltr'><em>ξ</em></span> 
     </span>
    </p>
   </div>
   <div class='ocr_carea' id='block_1_70' title="bbox 2307 1177 3814 1249">
    <p class='ocr_par' dir='ltr' id='par_1_70' title="bbox 2307 1177 3814 1249">
     <span class='ocr_line' id='line_1_70' title="bbox 2307 1177 3814 1249; baseline 0 -15"><span class='ocrx_word' id='word_1_555' title='bbox 2307 1189 2596 1243; x_wconf 89' lang='lat' dir='ltr'><strong>oratorem,</strong></span> <span class='ocrx_word' id='word_1_556' title='bbox 2647 1178 2714 1232; x_wconf 88' lang='lat' dir='ltr'><strong>de</strong></span> <span class='ocrx_word' id='word_1_557' title='bbox 2761 1178 3026 1249; x_wconf 87' lang='lat' dir='ltr'><strong>piscatore</strong></span> <span class='ocrx_word' id='word_1_558' title='bbox 3074 1177 3309 1232; x_wconf 83' lang='lat' dir='ltr'><strong>lucratus</strong></span> <span class='ocrx_word' id='word_1_559' title='bbox 3353 1187 3436 1231; x_wconf 86' lang='lat' dir='ltr'><strong>est</strong></span> <span class='ocrx_word' id='word_1_560' title='bbox 3472 1178 3814 1240; x_wconf 54' lang='lat' dir='ltr'><strong>senatoremule</strong></span> 
     </span>
    </p>
   </div>
   <div class='ocr_carea' id='block_1_71' title="bbox 2308 1269 3815 1343">
    <p class='ocr_par' dir='ltr' id='par_1_71' title="bbox 2308 1269 3815 1343">
     <span class='ocr_line' id='line_1_71' title="bbox 2308 1269 3815 1343; baseline -0.003 -17"><span class='ocrx_word' id='word_1_561' title='bbox 2308 1272 2573 1343; x_wconf 88' lang='lat' dir='ltr'><strong>piscatore</strong></span> <span class='ocrx_word' id='word_1_562' title='bbox 2602 1271 2834 1326; x_wconf 89' lang='lat' dir='ltr'><strong>lucratus</strong></span> <span class='ocrx_word' id='word_1_563' title='bbox 2857 1283 2938 1326; x_wconf 87' lang='lat' dir='ltr'><strong>est</strong></span> <span class='ocrx_word' id='word_1_564' title='bbox 2963 1272 3361 1340; x_wconf 88' lang='lat' dir='ltr'><strong>imperatorem.</strong></span> <span class='ocrx_word' id='word_1_565' title='bbox 3399 1269 3636 1337; x_wconf 80' lang='lat' dir='ltr'><strong>Quoniam</strong></span> <span class='ocrx_word' id='word_1_566' title='bbox 3669 1269 3815 1323; x_wconf 65' lang='lat' dir='ltr'><strong>benedi-</strong></span> 
     </span>
    </p>
   </div>
   <div class='ocr_carea' id='block_1_72' title="bbox 2308 1362 3815 1434">
    <p class='ocr_par' dir='ltr' id='par_1_72' title="bbox 2308 1362 3815 1434">
     <span class='ocr_line' id='line_1_72' title="bbox 2308 1362 3815 1434; baseline -0.001 -15"><span class='ocrx_word' id='word_1_567' title='bbox 2308 1375 2470 1419; x_wconf 76' lang='lat' dir='ltr'><strong>eeutes</strong></span> <span class='ocrx_word' id='word_1_568' title='bbox 2507 1381 2639 1430; x_wconf 84' lang='lat' dir='ltr'><strong>eum,</strong></span> <span class='ocrx_word' id='word_1_569' title='bbox 2674 1364 2994 1434; x_wconf 74' lang='lat' dir='ltr'><strong>possidebunt</strong></span> <span class='ocrx_word' id='word_1_570' title='bbox 3030 1374 3215 1417; x_wconf 82' lang='lat' dir='ltr'><strong>terram</strong></span> <span class='ocrx_word' id='word_1_571' title='bbox 3243 1362 3568 1416; x_wconf 64' lang='lat' dir='ltr'><strong>hereditate:</strong></span> <span class='ocrx_word' id='word_1_572' title='bbox 3587 1372 3715 1415; x_wconf 90' lang='lat' dir='ltr'><strong>erunt</strong></span> <span class='ocrx_word' id='word_1_573' title='bbox 3737 1363 3815 1429; x_wconf 77' lang='lat' dir='ltr'><strong>ejus</strong></span> 
     </span>
    </p>
   </div>
   <div class='ocr_carea' id='block_1_73' title="bbox 2309 1452 3814 1523">
    <p class='ocr_par' dir='ltr' id='par_1_73' title="bbox 2309 1452 3814 1523">
     <span class='ocr_line' id='line_1_73' title="bbox 2309 1452 3814 1523; baseline -0.004 -11"><span class='ocrx_word' id='word_1_574' title='bbox 2309 1456 2653 1523; x_wconf 71' lang='lat' dir='ltr'><strong>eohzeredes,</strong></span> <span class='ocrx_word' id='word_1_575' title='bbox 2681 1457 2732 1510; x_wconf 88' lang='lat' dir='ltr'><strong>in</strong></span> <span class='ocrx_word' id='word_1_576' title='bbox 2763 1465 2904 1510; x_wconf 81' lang='lat' dir='ltr'><strong>terra</strong></span> <span class='ocrx_word' id='word_1_577' title='bbox 2932 1455 3018 1510; x_wconf 86' lang='lat' dir='ltr'><strong>illa</strong></span> <span class='ocrx_word' id='word_1_578' title='bbox 3047 1454 3337 1510; x_wconf 74' lang='lat' dir='ltr'><strong>viventium</strong></span> <span class='ocrx_word' id='word_1_579' title='bbox 3365 1496 3380 1518; x_wconf 87' lang='lat'><strong>,</strong></span> <span class='ocrx_word' id='word_1_580' title='bbox 3409 1454 3476 1506; x_wconf 82' lang='lat' dir='ltr'><strong>de</strong></span> <span class='ocrx_word' id='word_1_581' title='bbox 3496 1467 3592 1521; x_wconf 81' lang='lat' dir='ltr'><strong>qua</strong></span> <span class='ocrx_word' id='word_1_582' title='bbox 3611 1452 3764 1506; x_wconf 88' lang='lat' dir='ltr'><strong>dicitur</strong></span> <span class='ocrx_word' id='word_1_583' title='bbox 3782 1456 3814 1507; x_wconf 85' lang='lat' dir='ltr'><strong>in</strong></span> 
     </span>
    </p>
   </div>
   <div class='ocr_carea' id='block_1_74' title="bbox 2310 1547 3815 1620">
    <p class='ocr_par' dir='ltr' id='par_1_74' title="bbox 2310 1547 3815 1620">
     <span class='ocr_line' id='line_1_74' title="bbox 2310 1547 3815 1620; baseline -0.003 -17"><span class='ocrx_word' id='word_1_584' title='bbox 2310 1549 2416 1604; x_wconf 83' lang='lat' dir='ltr'><strong>alio</strong></span> <span class='ocrx_word' id='word_1_585' title='bbox 2444 1550 2647 1619; x_wconf 87' lang='lat' dir='ltr'><strong>psalmo</strong></span> <span class='ocrx_word' id='word_1_586' title='bbox 2675 1569 2692 1604; x_wconf 88' lang='lat'><strong>:</strong></span> <span class='ocrx_word' id='word_1_587' title='bbox 2720 1550 2851 1620; x_wconf 80' lang='lat' dir='ltr'><strong>Spes</strong></span> <span class='ocrx_word' id='word_1_588' title='bbox 2872 1565 2980 1603; x_wconf 85' lang='lat' dir='ltr'><strong>utea</strong></span> <span class='ocrx_word' id='word_1_589' title='bbox 2999 1565 3052 1604; x_wconf 83' lang='lat' dir='ltr'><strong>es</strong></span> <span class='ocrx_word' id='word_1_590' title='bbox 3076 1559 3154 1613; x_wconf 83' lang='lat' dir='ltr'><strong>tu,</strong></span> <span class='ocrx_word' id='word_1_591' title='bbox 3180 1548 3350 1616; x_wconf 81' lang='lat' dir='ltr'><strong>portio</strong></span> <span class='ocrx_word' id='word_1_592' title='bbox 3372 1563 3482 1600; x_wconf 82' lang='lat' dir='ltr'><strong>mea</strong></span> <span class='ocrx_word' id='word_1_593' title='bbox 3497 1547 3548 1599; x_wconf 88' lang='lat' dir='ltr'><strong>in</strong></span> <span class='ocrx_word' id='word_1_594' title='bbox 3567 1556 3683 1599; x_wconf 72' lang='lat' dir='ltr'><strong>terra</strong></span> <span class='ocrx_word' id='word_1_595' title='bbox 3701 1547 3815 1599; x_wconf 73' lang='lat' dir='ltr'><strong>tim-</strong></span> 
     </span>
    </p>
   </div>
   <div class='ocr_carea' id='block_1_75' title="bbox 2311 1637 3816 1714">
    <p class='ocr_par' dir='ltr' id='par_1_75' title="bbox 2311 1637 3816 1714">
     <span class='ocr_line' id='line_1_75' title="bbox 2311 1637 3816 1714; baseline -0.004 -18"><span class='ocrx_word' id='word_1_596' title='bbox 2311 1641 2436 1696; x_wconf 85' lang='lat' dir='ltr'><strong>tium</strong></span> <span class='ocrx_word' id='word_1_597' title='bbox 2463 1639 2804 1714; x_wconf 71' lang='lat' dir='ltr'><strong>(Psal.cxt.t,</strong></span> <span class='ocrx_word' id='word_1_598' title='bbox 2829 1638 2920 1713; x_wconf 85' lang='lat'><strong>6).</strong></span> <span class='ocrx_word' id='word_1_599' title='bbox 2953 1640 3030 1695; x_wconf 84' lang='lat' dir='ltr'><strong>Tu</strong></span> <span class='ocrx_word' id='word_1_600' title='bbox 3072 1655 3132 1695; x_wconf 87' lang='lat' dir='ltr'><strong>es</strong></span> <span class='ocrx_word' id='word_1_601' title='bbox 3176 1639 3287 1709; x_wconf 71' lang='lat' dir='ltr'><strong>ipsa</strong></span> <span class='ocrx_word' id='word_1_602' title='bbox 3330 1637 3504 1708; x_wconf 85' lang='lat' dir='ltr'><strong>portio</strong></span> <span class='ocrx_word' id='word_1_603' title='bbox 3548 1653 3674 1700; x_wconf 80' lang='lat' dir='ltr'><strong>mea,</strong></span> <span class='ocrx_word' id='word_1_604' title='bbox 3699 1637 3816 1706; x_wconf 83' lang='lat' dir='ltr'><strong>inquit</strong></span> 
     </span>
    </p>
   </div>
   <div class='ocr_carea' id='block_1_76' title="bbox 2313 1729 3816 1799">
    <p class='ocr_par' dir='ltr' id='par_1_76' title="bbox 2313 1729 3816 1799">
     <span class='ocr_line' id='line_1_76' title="bbox 2313 1729 3816 1799; baseline -0.004 -9"><span class='ocrx_word' id='word_1_605' title='bbox 2313 1735 2458 1798; x_wconf 86' lang='lat' dir='ltr'><strong>Deo.</strong></span> <span class='ocrx_word' id='word_1_606' title='bbox 2485 1743 2540 1790; x_wconf 85' lang='lat' dir='ltr'><strong>et</strong></span> <span class='ocrx_word' id='word_1_607' title='bbox 2565 1751 2669 1790; x_wconf 88' lang='lat' dir='ltr'><strong>non</strong></span> <span class='ocrx_word' id='word_1_608' title='bbox 2709 1733 2964 1790; x_wconf 88' lang='lat' dir='ltr'><strong>dubitavit</strong></span> <span class='ocrx_word' id='word_1_609' title='bbox 3001 1732 3168 1788; x_wconf 88' lang='lat' dir='ltr'><strong>Deum</strong></span> <span class='ocrx_word' id='word_1_610' title='bbox 3198 1730 3302 1786; x_wconf 86' lang='lat' dir='ltr'><strong>sibi</strong></span> <span class='ocrx_word' id='word_1_611' title='bbox 3351 1730 3527 1785; x_wconf 75' lang='lat' dir='ltr'><strong>facere</strong></span> <span class='ocrx_word' id='word_1_612' title='bbox 3568 1729 3816 1799; x_wconf 68' lang='lat' dir='ltr'><strong>portionem.</strong></span> 
     </span>
    </p>
   </div>
   <div class='ocr_carea' id='block_1_77' title="bbox 2318 1823 3812 1899">
    <p class='ocr_par' dir='ltr' id='par_1_77' title="bbox 2318 1823 3812 1899">
     <span class='ocr_line' id='line_1_77' title="bbox 2318 1823 3812 1899; baseline -0.006 -16"><span class='ocrx_word' id='word_1_613' title='bbox 2318 1826 2626 1884; x_wconf 68' lang='lat' dir='ltr'><strong>&quot;meditate</strong></span> <span class='ocrx_word' id='word_1_614' title='bbox 2640 1827 2822 1899; x_wconf 65' lang='lat' dir='ltr'><strong>possid.</strong></span> <span class='ocrx_word' id='word_1_615' title='bbox 2839 1826 2962 1881; x_wconf 80' lang='lat' dir='ltr'><strong>bunt</strong></span> <span class='ocrx_word' id='word_1_616' title='bbox 2979 1834 3182 1881; x_wconf 71' lang='lat' dir='ltr'><strong>terram.</strong></span> <span class='ocrx_word' id='word_1_617' title='bbox 3200 1823 3251 1877; x_wconf 76' lang='grc' dir='ltr'><em>Μ</em></span> <span class='ocrx_word' id='word_1_618' title='bbox 3258 1824 3560 1878; x_wconf 80' lang='lat' dir='ltr'><strong>oledicetttes</strong></span> <span class='ocrx_word' id='word_1_619' title='bbox 3570 1833 3712 1876; x_wconf 77' lang='lat' dir='ltr'><strong>autem</strong></span> <span class='ocrx_word' id='word_1_620' title='bbox 3725 1837 3812 1881; x_wconf 75' lang='lat' dir='ltr'><strong>cru.</strong></span> 
     </span>
    </p>
   </div>
   <div class='ocr_carea' id='block_1_78' title="bbox 2315 1912 3812 1992">
    <p class='ocr_par' dir='ltr' id='par_1_78' title="bbox 2315 1912 3812 1992">
     <span class='ocr_line' id='line_1_78' title="bbox 2315 1912 3812 1992; baseline -0.005 -17"><span class='ocrx_word' id='word_1_621' title='bbox 2315 1921 2608 1992; x_wconf 81' lang='lat' dir='ltr'><strong>disperient.</strong></span> <span class='ocrx_word' id='word_1_622' title='bbox 2653 1918 2718 1975; x_wconf 84' lang='lat' dir='ltr'><strong>Ut</strong></span> <span class='ocrx_word' id='word_1_623' title='bbox 2762 1931 2939 1974; x_wconf 84' lang='lat' dir='ltr'><strong>autem</strong></span> <span class='ocrx_word' id='word_1_624' title='bbox 2993 1916 3310 1972; x_wconf 76' lang='lat' dir='ltr'><strong>bencdieant</strong></span> <span class='ocrx_word' id='word_1_625' title='bbox 3341 1917 3357 1948; x_wconf 83' lang='lat'><strong>&#39;</strong></span> <span class='ocrx_word' id='word_1_626' title='bbox 3408 1914 3495 1982; x_wconf 82' lang='lat' dir='ltr'><strong>qui</strong></span> <span class='ocrx_word' id='word_1_627' title='bbox 3539 1912 3812 1975; x_wconf 75' lang='lat' dir='ltr'><strong>heucdiomt.</strong></span> 
     </span>
    </p>
   </div>
   <div class='ocr_carea' id='block_1_79' title="bbox 2315 2005 3812 2083">
    <p class='ocr_par' dir='ltr' id='par_1_79' title="bbox 2315 2005 3812 2083">
     <span class='ocr_line' id='line_1_79' title="bbox 2315 2005 3812 2083; baseline -0.006 -17"><span class='ocrx_word' id='word_1_628' title='bbox 2315 2013 2609 2083; x_wconf 62' lang='lat' dir='ltr'><strong>praestitum</strong></span> <span class='ocrx_word' id='word_1_629' title='bbox 2635 2019 2717 2066; x_wconf 88' lang='lat' dir='ltr'><strong>cst</strong></span> <span class='ocrx_word' id='word_1_630' title='bbox 2742 2013 2842 2066; x_wconf 87' lang='lat' dir='ltr'><strong>eis.</strong></span> <span class='ocrx_word' id='word_1_631' title='bbox 2867 2007 2998 2066; x_wconf 80' lang='lat' dir='ltr'><strong>Nam</strong></span> <span class='ocrx_word' id='word_1_632' title='bbox 3029 2019 3244 2065; x_wconf 84' lang='lat' dir='ltr'><strong>ventum</strong></span> <span class='ocrx_word' id='word_1_633' title='bbox 3269 2015 3355 2062; x_wconf 85' lang='lat' dir='ltr'><strong>est</strong></span> <span class='ocrx_word' id='word_1_634' title='bbox 3382 2005 3448 2060; x_wconf 87' lang='lat' dir='ltr'><strong>ad</strong></span> <span class='ocrx_word' id='word_1_635' title='bbox 3476 2006 3812 2066; x_wconf 76' lang='lat' dir='ltr'><strong>maledicentes,</strong></span> 
     </span>
    </p>
   </div>
   <div class='ocr_carea' id='block_1_80' title="bbox 2315 2095 3814 2167">
    <p class='ocr_par' dir='ltr' id='par_1_80' title="bbox 2315 2095 3814 2167">
     <span class='ocr_line' id='line_1_80' title="bbox 2315 2095 3814 2167; baseline -0.009 -8"><span class='ocrx_word' id='word_1_636' title='bbox 2315 2112 2372 2160; x_wconf 92' lang='lat' dir='ltr'><strong>ct</strong></span> <span class='ocrx_word' id='word_1_637' title='bbox 2409 2103 2529 2158; x_wconf 88' lang='lat' dir='ltr'><strong>facti</strong></span> <span class='ocrx_word' id='word_1_638' title='bbox 2572 2113 2696 2157; x_wconf 88' lang='lat' dir='ltr'><strong>sunt</strong></span> <span class='ocrx_word' id='word_1_639' title='bbox 2727 2101 3101 2157; x_wconf 74' lang='lat' dir='ltr'><strong>bent-dicentes</strong></span> <span class='ocrx_word' id='word_1_640' title='bbox 3129 2118 3143 2154; x_wconf 89' lang='lat'><strong>:</strong></span> <span class='ocrx_word' id='word_1_641' title='bbox 3174 2107 3232 2155; x_wconf 87' lang='lat' dir='ltr'><strong>et</strong></span> <span class='ocrx_word' id='word_1_642' title='bbox 3263 2099 3375 2167; x_wconf 84' lang='lat' dir='ltr'><strong>jam</strong></span> <span class='ocrx_word' id='word_1_643' title='bbox 3424 2097 3501 2150; x_wconf 90' lang='lat' dir='ltr'><strong>sic</strong></span> <span class='ocrx_word' id='word_1_644' title='bbox 3539 2095 3814 2164; x_wconf 76' lang='lat' dir='ltr'><strong>disperit-nuit</strong></span> 
     </span>
    </p>
   </div>
   <div class='ocr_carea' id='block_1_81' title="bbox 2315 2185 3818 2259">
    <p class='ocr_par' dir='ltr' id='par_1_81' title="bbox 2315 2185 3818 2259">
     <span class='ocr_line' id='line_1_81' title="bbox 2315 2185 3818 2259; baseline -0.009 -10"><span class='ocrx_word' id='word_1_645' title='bbox 2315 2193 2699 2251; x_wconf 88' lang='lat' dir='ltr'><strong>maledicentes</strong></span> <span class='ocrx_word' id='word_1_646' title='bbox 2720 2208 2863 2254; x_wconf 88' lang='lat' dir='ltr'><strong>eum.</strong></span> <span class='ocrx_word' id='word_1_647' title='bbox 2891 2206 3011 2247; x_wconf 90' lang='lat' dir='ltr'><strong>cum</strong></span> <span class='ocrx_word' id='word_1_648' title='bbox 3036 2190 3154 2259; x_wconf 82' lang='lat' dir='ltr'><strong>ejus</strong></span> <span class='ocrx_word' id='word_1_649' title='bbox 3178 2201 3406 2244; x_wconf 85' lang='lat' dir='ltr'><strong>munere</strong></span> <span class='ocrx_word' id='word_1_650' title='bbox 3438 2185 3556 2242; x_wconf 87' lang='lat' dir='ltr'><strong>facti</strong></span> <span class='ocrx_word' id='word_1_651' title='bbox 3579 2194 3686 2239; x_wconf 89' lang='lat' dir='ltr'><strong>sunt</strong></span> <span class='ocrx_word' id='word_1_652' title='bbox 3708 2185 3818 2238; x_wconf 68' lang='lat' dir='ltr'><strong>lieno-</strong></span> 
     </span>
    </p>
   </div>
   <div class='ocr_carea' id='block_1_82' title="bbox 2315 2279 3815 2356">
    <p class='ocr_par' dir='ltr' id='par_1_82' title="bbox 2315 2279 3815 2356">
     <span class='ocr_line' id='line_1_82' title="bbox 2315 2279 3815 2356; baseline -0.007 -15"><span class='ocrx_word' id='word_1_653' title='bbox 2315 2284 2558 2342; x_wconf 87' lang='lat' dir='ltr'><strong>dicentes</strong></span> <span class='ocrx_word' id='word_1_654' title='bbox 2577 2326 2593 2348; x_wconf 87' lang='lat'><strong>,</strong></span> <span class='ocrx_word' id='word_1_655' title='bbox 2616 2300 2772 2356; x_wconf 90' lang='lat' dir='ltr'><strong>quem</strong></span> <span class='ocrx_word' id='word_1_656' title='bbox 2801 2282 2940 2338; x_wconf 88' lang='lat' dir='ltr'><strong>tualo</strong></span> <span class='ocrx_word' id='word_1_657' title='bbox 2963 2296 3062 2338; x_wconf 88' lang='lat' dir='ltr'><strong>suo</strong></span> <span class='ocrx_word' id='word_1_658' title='bbox 3083 2280 3477 2338; x_wconf 83' lang='lat' dir='ltr'><strong>maledicebant</strong></span> <span class='ocrx_word' id='word_1_659' title='bbox 3494 2320 3511 2347; x_wconf 94' lang='lat'><strong>,</strong></span> <span class='ocrx_word' id='word_1_660' title='bbox 3539 2279 3662 2334; x_wconf 85' lang='lat' dir='ltr'><strong>bono</strong></span> <span class='ocrx_word' id='word_1_661' title='bbox 3692 2287 3815 2330; x_wconf 74' lang='lat' dir='ltr'><strong>autem</strong></span> 
     </span>
    </p>
   </div>
   <div class='ocr_carea' id='block_1_83' title="bbox 2323 2374 2858 2446">
    <p class='ocr_par' dir='ltr' id='par_1_83' title="bbox 2323 2374 2858 2446">
     <span class='ocr_line' id='line_1_83' title="bbox 2323 2374 2858 2446; baseline -0.009 -15"><span class='ocrx_word' id='word_1_662' title='bbox 2323 2375 2493 2446; x_wconf 88' lang='lat' dir='ltr'><strong>ipsius</strong></span> <span class='ocrx_word' id='word_1_663' title='bbox 2519 2374 2858 2430; x_wconf 86' lang='lat' dir='ltr'><strong>benedicunt.</strong></span> 
     </span>
    </p>
   </div>
   <div class='ocr_carea' id='block_1_84' title="bbox 3810 2030 3908 6304">
    <p class='ocr_par' dir='ltr' id='par_1_84' title="bbox 3810 2105 3814 2145">
     <span class='ocr_line' id='line_1_84' title="bbox 3810 2105 3814 2145; baseline 0 0"><span class='ocrx_word' id='word_1_664' title='bbox 3810 2105 3814 2145; x_wconf 83' lang='grc' dir='ltr'><strong>Ι</strong></span> 
     </span>
    </p>

    <p class='ocr_par' dir='ltr' id='par_1_85' title="bbox 3810 2291 3815 2328">
     <span class='ocr_line' id='line_1_85' title="bbox 3810 2291 3815 2328; baseline 0 0"><span class='ocrx_word' id='word_1_665' title='bbox 3810 2291 3815 2328; x_wconf 93' lang='lat'>|</span> 
     </span>
    </p>

    <p class='ocr_par' dir='ltr' id='par_1_86' title="bbox 3810 2473 3815 2503">
     <span class='ocr_line' id='line_1_86' title="bbox 3810 2473 3815 2503; baseline 0 0"><span class='ocrx_word' id='word_1_666' title='bbox 3810 2473 3815 2503; x_wconf 79' lang='grc' dir='ltr'>ι</span> 
     </span>
    </p>

    <p class='ocr_par' dir='ltr' id='par_1_87' title="bbox 3810 2742 3814 2779">
     <span class='ocr_line' id='line_1_87' title="bbox 3810 2742 3814 2779; baseline 0 0"><span class='ocrx_word' id='word_1_667' title='bbox 3810 2742 3814 2779; x_wconf 81' lang='grc' dir='ltr'>ι</span> 
     </span>
    </p>

    <p class='ocr_par' dir='ltr' id='par_1_88' title="bbox 3810 3206 3812 3228">
     <span class='ocr_line' id='line_1_88' title="bbox 3810 3206 3812 3228; baseline 0 0"><span class='ocrx_word' id='word_1_668' title='bbox 3810 3206 3812 3228; x_wconf 81' lang='lat' dir='ltr'><strong>l</strong></span> 
     </span>
    </p>

    <p class='ocr_par' dir='ltr' id='par_1_89' title="bbox 3810 3297 3812 3322">
     <span class='ocr_line' id='line_1_89' title="bbox 3810 3297 3812 3322; baseline 0 0"><span class='ocrx_word' id='word_1_669' title='bbox 3810 3297 3812 3322; x_wconf 66' lang='grc' dir='ltr'>ι</span> 
     </span>
    </p>

    <p class='ocr_par' dir='ltr' id='par_1_90' title="bbox 3820 2030 3894 6300">
     <span class='ocr_line' id='line_1_90' title="bbox 3820 2030 3894 6300; baseline 0 0"><span class='ocrx_word' id='word_1_670' title='bbox 3821 2030 3894 6300; x_wconf 47' lang='grc' dir='ltr'><strong>ΑΞ</strong></span> 
     </span>
     <span class='ocr_line' id='line_1_91' title="bbox 3892 5955 3893 5976; baseline 0 0"><span class='ocrx_word' id='word_1_671' title='bbox 3892 5955 3893 5976; x_wconf 61' lang='grc' dir='ltr'>ι</span> 
     </span>
    </p>
   </div>
   <div class='ocr_carea' id='block_1_85' title="bbox 2391 2453 3815 2542">
    <p class='ocr_par' dir='ltr' id='par_1_91' title="bbox 2391 2453 3815 2542">
     <span class='ocr_line' id='line_1_92' title="bbox 2391 2453 3815 2542; baseline -0.011 -19"><span class='ocrx_word' id='word_1_672' title='bbox 2391 2467 2479 2523; x_wconf 71' lang='grc'><strong>15.</strong></span> <span class='ocrx_word' id='word_1_673' title='bbox 2513 2463 2673 2542; x_wconf 65' lang='lat' dir='ltr'><strong>[rem</strong></span> <span class='ocrx_word' id='word_1_674' title='bbox 2701 2463 2789 2521; x_wconf 74' lang='grc'><strong>23.</strong></span> <span class='ocrx_word' id='word_1_675' title='bbox 2814 2463 2840 2537; x_wconf 88' lang='grc'><strong>]</strong></span> <span class='ocrx_word' id='word_1_676' title='bbox 2867 2463 3052 2520; x_wconf 75' lang='lat' dir='ltr'><strong>Videte</strong></span> <span class='ocrx_word' id='word_1_677' title='bbox 3095 2461 3221 2535; x_wconf 83' lang='lat' dir='ltr'><strong>quid</strong></span> <span class='ocrx_word' id='word_1_678' title='bbox 3262 2461 3505 2532; x_wconf 74' lang='lat' dir='ltr'><strong>sequitur</strong></span> <span class='ocrx_word' id='word_1_679' title='bbox 3543 2473 3558 2515; x_wconf 90' lang='lat'><strong>:</strong></span> <span class='ocrx_word' id='word_1_680' title='bbox 3594 2457 3631 2512; x_wconf 82' lang='grc' dir='ltr'><em>Α</em></span> <span class='ocrx_word' id='word_1_681' title='bbox 3664 2453 3815 2511; x_wconf 76' lang='lat' dir='ltr'><strong>Dostisa</strong></span> 
     </span>
    </p>
   </div>
   <div class='ocr_carea' id='block_1_86' title="bbox 2319 2550 3817 2631">
    <p class='ocr_par' dir='ltr' id='par_1_92' title="bbox 2319 2550 3817 2631">
     <span class='ocr_line' id='line_1_93' title="bbox 2319 2550 3817 2631; baseline -0.008 -19"><span class='ocrx_word' id='word_1_682' title='bbox 2319 2574 2520 2631; x_wconf 83' lang='lat' dir='ltr'><strong>gressus</strong></span> <span class='ocrx_word' id='word_1_683' title='bbox 2547 2557 2765 2612; x_wconf 71' lang='lat' dir='ltr'><strong>[taurinis</strong></span> <span class='ocrx_word' id='word_1_684' title='bbox 2793 2557 3092 2628; x_wconf 79' lang='lat' dir='ltr'><strong>dirigentur,</strong></span> <span class='ocrx_word' id='word_1_685' title='bbox 3122 2565 3169 2610; x_wconf 89' lang='lat' dir='ltr'><strong>et</strong></span> <span class='ocrx_word' id='word_1_686' title='bbox 3194 2556 3331 2610; x_wconf 75' lang='lat' dir='ltr'><strong>viam</strong></span> <span class='ocrx_word' id='word_1_687' title='bbox 3359 2553 3466 2624; x_wconf 69' lang='lat' dir='ltr'><strong>ejus</strong></span> <span class='ocrx_word' id='word_1_688' title='bbox 3487 2552 3625 2607; x_wconf 70' lang='lat' dir='ltr'><strong>volet.</strong></span> <span class='ocrx_word' id='word_1_689' title='bbox 3648 2551 3739 2619; x_wconf 73' lang='lat' dir='ltr'><strong>Ipse</strong></span> <span class='ocrx_word' id='word_1_690' title='bbox 3757 2550 3817 2600; x_wconf 73' lang='lat' dir='ltr'><strong>lto-</strong></span> 
     </span>
    </p>
   </div>
   <div class='ocr_carea' id='block_1_87' title="bbox 2321 2640 3814 2716">
    <p class='ocr_par' dir='ltr' id='par_1_93' title="bbox 2321 2640 3814 2716">
     <span class='ocr_line' id='line_1_94' title="bbox 2321 2640 3814 2716; baseline -0.011 -9"><span class='ocrx_word' id='word_1_691' title='bbox 2321 2667 2410 2707; x_wconf 89' lang='lat' dir='ltr'><strong>mo</strong></span> <span class='ocrx_word' id='word_1_692' title='bbox 2439 2659 2497 2706; x_wconf 94' lang='lat' dir='ltr'><strong>ut</strong></span> <span class='ocrx_word' id='word_1_693' title='bbox 2519 2651 2647 2706; x_wconf 88' lang='lat' dir='ltr'><strong>velit</strong></span> <span class='ocrx_word' id='word_1_694' title='bbox 2672 2650 2809 2704; x_wconf 88' lang='lat' dir='ltr'><strong>viam</strong></span> <span class='ocrx_word' id='word_1_695' title='bbox 2835 2648 3040 2703; x_wconf 87' lang='lat' dir='ltr'><strong>Domini</strong></span> <span class='ocrx_word' id='word_1_696' title='bbox 3061 2688 3076 2711; x_wconf 88' lang='lat'><strong>,</strong></span> <span class='ocrx_word' id='word_1_697' title='bbox 3108 2645 3178 2700; x_wconf 86' lang='lat' dir='ltr'><strong>ab</strong></span> <span class='ocrx_word' id='word_1_698' title='bbox 3205 2647 3327 2716; x_wconf 87' lang='lat' dir='ltr'><strong>ipso</strong></span> <span class='ocrx_word' id='word_1_699' title='bbox 3353 2644 3569 2700; x_wconf 66' lang='lat' dir='ltr'><strong>[mnino</strong></span> <span class='ocrx_word' id='word_1_700' title='bbox 3597 2640 3814 2707; x_wconf 68' lang='lat' dir='ltr'><strong>diriguntur</strong></span> 
     </span>
    </p>
   </div>
   <div class='ocr_carea' id='block_1_88' title="bbox 2319 2735 3814 2815">
    <p class='ocr_par' dir='ltr' id='par_1_94' title="bbox 2319 2735 3814 2815">
     <span class='ocr_line' id='line_1_95' title="bbox 2319 2735 3814 2815; baseline -0.012 -16"><span class='ocrx_word' id='word_1_701' title='bbox 2319 2756 2536 2815; x_wconf 82' lang='lat' dir='ltr'><strong>gressus</strong></span> <span class='ocrx_word' id='word_1_702' title='bbox 2569 2743 2704 2813; x_wconf 82' lang='lat' dir='ltr'><strong>ejus.</strong></span> <span class='ocrx_word' id='word_1_703' title='bbox 2735 2738 2868 2797; x_wconf 82' lang='lat' dir='ltr'><strong>Nam</strong></span> <span class='ocrx_word' id='word_1_704' title='bbox 2906 2739 2952 2795; x_wconf 90' lang='lat' dir='ltr'><strong>si</strong></span> <span class='ocrx_word' id='word_1_705' title='bbox 2993 2737 3246 2794; x_wconf 86' lang='lat' dir='ltr'><strong>Dominus</strong></span> <span class='ocrx_word' id='word_1_706' title='bbox 3268 2753 3382 2791; x_wconf 79' lang='lat' dir='ltr'><strong>non</strong></span> <span class='ocrx_word' id='word_1_707' title='bbox 3412 2735 3647 2804; x_wconf 81' lang='lat' dir='ltr'><strong>dirigeret</strong></span> <span class='ocrx_word' id='word_1_708' title='bbox 3665 2740 3814 2802; x_wconf 68' lang='lat' dir='ltr'><strong>gressu</strong></span> 
     </span>
    </p>
   </div>
   <div class='ocr_carea' id='block_1_89' title="bbox 2322 2824 3810 2906">
    <p class='ocr_par' dir='ltr' id='par_1_95' title="bbox 2322 2824 3810 2906">
     <span class='ocr_line' id='line_1_96' title="bbox 2322 2824 3810 2906; baseline -0.014 -12"><span class='ocrx_word' id='word_1_709' title='bbox 2322 2837 2574 2904; x_wconf 88' lang='lat' dir='ltr'><strong>hominis,</strong></span> <span class='ocrx_word' id='word_1_710' title='bbox 2608 2847 2715 2892; x_wconf 90' lang='lat' dir='ltr'><strong>tam</strong></span> <span class='ocrx_word' id='word_1_711' title='bbox 2747 2834 2892 2906; x_wconf 82' lang='lat' dir='ltr'><strong>pravi</strong></span> <span class='ocrx_word' id='word_1_712' title='bbox 2913 2840 3089 2898; x_wconf 83' lang='lat' dir='ltr'><strong>erant,</strong></span> <span class='ocrx_word' id='word_1_713' title='bbox 3119 2840 3178 2885; x_wconf 87' lang='lat' dir='ltr'><strong>ut</strong></span> <span class='ocrx_word' id='word_1_714' title='bbox 3202 2844 3423 2900; x_wconf 83' lang='lat' dir='ltr'><strong>semper</strong></span> <span class='ocrx_word' id='word_1_715' title='bbox 3445 2841 3536 2898; x_wconf 88' lang='lat' dir='ltr'><strong>per</strong></span> <span class='ocrx_word' id='word_1_716' title='bbox 3556 2840 3690 2896; x_wconf 78' lang='lat' dir='ltr'><strong>prava</strong></span> <span class='ocrx_word' id='word_1_717' title='bbox 3709 2824 3810 2883; x_wconf 69' lang='lat' dir='ltr'><strong>item,</strong></span> 
     </span>
    </p>
   </div>
   <div class='ocr_carea' id='block_1_90' title="bbox 2321 2911 3814 2998">
    <p class='ocr_par' dir='ltr' id='par_1_96' title="bbox 2321 2911 3814 2998">
     <span class='ocr_line' id='line_1_97' title="bbox 2321 2911 3814 2998; baseline -0.017 -9"><span class='ocrx_word' id='word_1_718' title='bbox 2321 2941 2376 2990; x_wconf 89' lang='lat' dir='ltr'><strong>et</strong></span> <span class='ocrx_word' id='word_1_719' title='bbox 2403 2932 2623 2989; x_wconf 83' lang='lat' dir='ltr'><strong>semitas</strong></span> <span class='ocrx_word' id='word_1_720' title='bbox 2646 2943 2836 2986; x_wconf 73' lang='lat' dir='ltr'><strong>cumis</strong></span> <span class='ocrx_word' id='word_1_721' title='bbox 2860 2924 3131 2998; x_wconf 78' lang='lat' dir='ltr'><strong>sequendo</strong></span> <span class='ocrx_word' id='word_1_722' title='bbox 3152 2924 3336 2979; x_wconf 88' lang='lat' dir='ltr'><strong>redire</strong></span> <span class='ocrx_word' id='word_1_723' title='bbox 3357 2938 3460 2978; x_wconf 88' lang='lat' dir='ltr'><strong>non</strong></span> <span class='ocrx_word' id='word_1_724' title='bbox 3485 2925 3694 2990; x_wconf 85' lang='lat' dir='ltr'><strong>pus-ent.</strong></span> <span class='ocrx_word' id='word_1_725' title='bbox 3713 2911 3814 2967; x_wconf 81' lang='lat' dir='ltr'><strong>\leait</strong></span> 
     </span>
    </p>
   </div>
   <div class='ocr_carea' id='block_1_91' title="bbox 2320 3005 3812 3089">
    <p class='ocr_par' dir='ltr' id='par_1_97' title="bbox 2320 3005 3812 3089">
     <span class='ocr_line' id='line_1_98' title="bbox 2320 3005 3812 3089; baseline -0.018 -7"><span class='ocrx_word' id='word_1_726' title='bbox 2320 3035 2498 3083; x_wconf 88' lang='lat' dir='ltr'><strong>autem</strong></span> <span class='ocrx_word' id='word_1_727' title='bbox 2529 3023 2639 3089; x_wconf 88' lang='lat' dir='ltr'><strong>ille,</strong></span> <span class='ocrx_word' id='word_1_728' title='bbox 2665 3030 2721 3077; x_wconf 89' lang='lat' dir='ltr'><strong>et</strong></span> <span class='ocrx_word' id='word_1_729' title='bbox 2748 3017 2976 3084; x_wconf 79' lang='lat' dir='ltr'><strong>vocavit,</strong></span> <span class='ocrx_word' id='word_1_730' title='bbox 3006 3028 3060 3073; x_wconf 89' lang='lat' dir='ltr'><strong>et</strong></span> <span class='ocrx_word' id='word_1_731' title='bbox 3089 3015 3356 3080; x_wconf 86' lang='lat' dir='ltr'><strong>redemit,</strong></span> <span class='ocrx_word' id='word_1_732' title='bbox 3393 3023 3446 3071; x_wconf 87' lang='lat' dir='ltr'><strong>et</strong></span> <span class='ocrx_word' id='word_1_733' title='bbox 3479 3010 3743 3081; x_wconf 81' lang='lat' dir='ltr'><strong>sanguinem</strong></span> <span class='ocrx_word' id='word_1_734' title='bbox 3761 3005 3812 3056; x_wconf 80' lang='lat' dir='ltr'><strong>ln-</strong></span> 
     </span>
    </p>
   </div>
   <div class='ocr_carea' id='block_1_92' title="bbox 2320 3098 3813 3185">
    <p class='ocr_par' dir='ltr' id='par_1_98' title="bbox 2320 3098 3813 3185">
     <span class='ocr_line' id='line_1_99' title="bbox 2320 3098 3813 3185; baseline -0.018 -11"><span class='ocrx_word' id='word_1_735' title='bbox 2320 3117 2401 3174; x_wconf 83' lang='lat' dir='ltr'><strong>dit</strong></span> <span class='ocrx_word' id='word_1_736' title='bbox 2428 3134 2442 3172; x_wconf 90' lang='lat'>:</span> <span class='ocrx_word' id='word_1_737' title='bbox 2477 3115 2577 3170; x_wconf 91' lang='lat' dir='ltr'><strong>hoc</strong></span> <span class='ocrx_word' id='word_1_738' title='bbox 2599 3113 2825 3185; x_wconf 85' lang='lat' dir='ltr'><strong>pretium</strong></span> <span class='ocrx_word' id='word_1_739' title='bbox 2864 3109 3029 3176; x_wconf 80' lang='lat' dir='ltr'><strong>dedit,</strong></span> <span class='ocrx_word' id='word_1_740' title='bbox 3068 3110 3184 3165; x_wconf 70' lang='lat' dir='ltr'><strong>hare</strong></span> <span class='ocrx_word' id='word_1_741' title='bbox 3207 3109 3348 3163; x_wconf 80' lang='lat' dir='ltr'><strong>bona</strong></span> <span class='ocrx_word' id='word_1_742' title='bbox 3377 3106 3516 3167; x_wconf 68' lang='grc' dir='ltr'><strong>ἥδοίὶ,</strong></span> <span class='ocrx_word' id='word_1_743' title='bbox 3537 3113 3587 3158; x_wconf 87' lang='lat' dir='ltr'><strong>et</strong></span> <span class='ocrx_word' id='word_1_744' title='bbox 3608 3098 3718 3154; x_wconf 68' lang='lat' dir='ltr'><strong>nnla</strong></span> <span class='ocrx_word' id='word_1_745' title='bbox 3739 3107 3813 3165; x_wconf 72' lang='lat' dir='ltr'><strong>pot-</strong></span> 
     </span>
    </p>
   </div>
   <div class='ocr_carea' id='block_1_93' title="bbox 2321 3192 3812 3277">
    <p class='ocr_par' dir='ltr' id='par_1_99' title="bbox 2321 3192 3812 3277">
     <span class='ocr_line' id='line_1_100' title="bbox 2321 3192 3812 3277; baseline -0.014 -9"><span class='ocrx_word' id='word_1_746' title='bbox 2321 3225 2416 3268; x_wconf 84' lang='lat' dir='ltr'><strong>sus</strong></span> <span class='ocrx_word' id='word_1_747' title='bbox 2440 3217 2541 3267; x_wconf 89' lang='lat' dir='ltr'><strong>est.</strong></span> <span class='ocrx_word' id='word_1_748' title='bbox 2565 3207 2797 3266; x_wconf 78' lang='lat' dir='ltr'><strong>Attende</strong></span> <span class='ocrx_word' id='word_1_749' title='bbox 2830 3222 2949 3277; x_wconf 84' lang='lat' dir='ltr'><strong>quae</strong></span> <span class='ocrx_word' id='word_1_750' title='bbox 2975 3205 3156 3260; x_wconf 83' lang='lat' dir='ltr'><strong>fecerit</strong></span> <span class='ocrx_word' id='word_1_751' title='bbox 3181 3218 3197 3269; x_wconf 90' lang='lat'><strong>;</strong></span> <span class='ocrx_word' id='word_1_752' title='bbox 3229 3203 3380 3258; x_wconf 78' lang='lat' dir='ltr'><strong>Deus</strong></span> <span class='ocrx_word' id='word_1_753' title='bbox 3396 3209 3478 3257; x_wconf 86' lang='lat' dir='ltr'><strong>est</strong></span> <span class='ocrx_word' id='word_1_754' title='bbox 3501 3216 3516 3253; x_wconf 90' lang='lat'><strong>:</strong></span> <span class='ocrx_word' id='word_1_755' title='bbox 3540 3192 3722 3251; x_wconf 82' lang='lat' dir='ltr'><strong>attende</strong></span> <span class='ocrx_word' id='word_1_756' title='bbox 3738 3202 3812 3259; x_wconf 70' lang='lat' dir='ltr'><strong>qua</strong></span> 
     </span>
    </p>
   </div>
   <div class='ocr_carea' id='block_1_94' title="bbox 2323 3284 3812 3376">
    <p class='ocr_par' dir='ltr' id='par_1_100' title="bbox 2323 3284 3812 3376">
     <span class='ocr_line' id='line_1_101' title="bbox 2323 3284 3812 3376; baseline -0.014 -17"><span class='ocrx_word' id='word_1_757' title='bbox 2323 3316 2514 3376; x_wconf 84' lang='lat' dir='ltr'><strong>passus</strong></span> <span class='ocrx_word' id='word_1_758' title='bbox 2551 3303 2649 3367; x_wconf 87' lang='lat' dir='ltr'><strong>sit;</strong></span> <span class='ocrx_word' id='word_1_759' title='bbox 2677 3299 2836 3354; x_wconf 91' lang='lat' dir='ltr'><strong>ltomo</strong></span> <span class='ocrx_word' id='word_1_760' title='bbox 2863 3307 2965 3354; x_wconf 89' lang='lat' dir='ltr'><strong>cst.</strong></span> <span class='ocrx_word' id='word_1_761' title='bbox 2997 3295 3128 3365; x_wconf 85' lang='lat' dir='ltr'><strong>Quis</strong></span> <span class='ocrx_word' id='word_1_762' title='bbox 3154 3296 3255 3351; x_wconf 83' lang='lat' dir='ltr'><strong>istc</strong></span> <span class='ocrx_word' id='word_1_763' title='bbox 3289 3293 3434 3350; x_wconf 83' lang='lat' dir='ltr'><strong>Deus</strong></span> <span class='ocrx_word' id='word_1_764' title='bbox 3461 3287 3642 3345; x_wconf 78' lang='lat' dir='ltr'><strong>homo?</strong></span> <span class='ocrx_word' id='word_1_765' title='bbox 3660 3284 3704 3340; x_wconf 79' lang='lat' dir='ltr'><strong>Si</strong></span> <span class='ocrx_word' id='word_1_766' title='bbox 3725 3291 3812 3343; x_wconf 68' lang='grc' dir='ltr'><strong>ιιε.ο</strong></span> 
     </span>
    </p>
   </div>
   <div class='ocr_carea' id='block_1_95' title="bbox 2324 3372 3812 3458">
    <p class='ocr_par' dir='ltr' id='par_1_101' title="bbox 2324 3372 3812 3458">
     <span class='ocr_line' id='line_1_102' title="bbox 2324 3372 3812 3458; baseline -0.015 -10"><span class='ocrx_word' id='word_1_767' title='bbox 2324 3372 2488 3449; x_wconf 78' lang='lat' dir='ltr'><strong>homo</strong></span> <span class='ocrx_word' id='word_1_768' title='bbox 2512 3433 2527 3458; x_wconf 89' lang='lat'><strong>,</strong></span> <span class='ocrx_word' id='word_1_769' title='bbox 2556 3405 2662 3447; x_wconf 89' lang='lat' dir='ltr'><strong>non</strong></span> <span class='ocrx_word' id='word_1_770' title='bbox 2687 3389 2988 3446; x_wconf 88' lang='lat' dir='ltr'><strong>dimitteres</strong></span> <span class='ocrx_word' id='word_1_771' title='bbox 3015 3387 3181 3442; x_wconf 89' lang='lat' dir='ltr'><strong>Deum</strong></span> <span class='ocrx_word' id='word_1_772' title='bbox 3201 3427 3217 3451; x_wconf 78' lang='lat'><strong>,</strong></span> <span class='ocrx_word' id='word_1_773' title='bbox 3248 3401 3362 3440; x_wconf 82' lang='lat' dir='ltr'><strong>non</strong></span> <span class='ocrx_word' id='word_1_774' title='bbox 3387 3381 3535 3439; x_wconf 72' lang='lat' dir='ltr'><strong>ﬂeret</strong></span> <span class='ocrx_word' id='word_1_775' title='bbox 3561 3395 3645 3449; x_wconf 85' lang='lat' dir='ltr'><strong>pro</strong></span> <span class='ocrx_word' id='word_1_776' title='bbox 3665 3385 3705 3430; x_wconf 87' lang='lat' dir='ltr'><strong>te</strong></span> <span class='ocrx_word' id='word_1_777' title='bbox 3725 3372 3812 3426; x_wconf 67' lang='lat' dir='ltr'><strong>De»</strong></span> 
     </span>
    </p>
   </div>
   <div class='ocr_carea' id='block_1_96' title="bbox 2325 3461 3812 3543">
    <p class='ocr_par' dir='ltr' id='par_1_102' title="bbox 2325 3461 3812 3543">
     <span class='ocr_line' id='line_1_103' title="bbox 2325 3461 3812 3543; baseline -0.015 0"><span class='ocrx_word' id='word_1_778' title='bbox 2325 3486 2508 3543; x_wconf 86' lang='lat' dir='ltr'><strong>homo.</strong></span> <span class='ocrx_word' id='word_1_779' title='bbox 2531 3481 2724 3540; x_wconf 87' lang='lat' dir='ltr'><strong>Parum</strong></span> <span class='ocrx_word' id='word_1_780' title='bbox 2752 3482 2897 3542; x_wconf 89' lang='lat' dir='ltr'><strong>enim</strong></span> <span class='ocrx_word' id='word_1_781' title='bbox 2926 3479 3019 3537; x_wconf 90' lang='lat' dir='ltr'><strong>tibi</strong></span> <span class='ocrx_word' id='word_1_782' title='bbox 3055 3487 3172 3536; x_wconf 82' lang='lat' dir='ltr'><strong>erat</strong></span> <span class='ocrx_word' id='word_1_783' title='bbox 3199 3479 3265 3534; x_wconf 87' lang='lat' dir='ltr'><strong>ad</strong></span> <span class='ocrx_word' id='word_1_784' title='bbox 3294 3472 3736 3534; x_wconf 80' lang='lat' dir='ltr'><strong>remunerationem</strong></span> <span class='ocrx_word' id='word_1_785' title='bbox 3761 3461 3812 3515; x_wconf 73' lang='lat' dir='ltr'><strong>vel</strong></span> 
     </span>
    </p>
   </div>
   <div class='ocr_carea' id='block_1_97' title="bbox 2324 3557 3811 3646">
    <p class='ocr_par' dir='ltr' id='par_1_103' title="bbox 2324 3557 3811 3646">
     <span class='ocr_line' id='line_1_104' title="bbox 2324 3557 3811 3646; baseline -0.014 -14"><span class='ocrx_word' id='word_1_786' title='bbox 2324 3576 2390 3632; x_wconf 88' lang='lat' dir='ltr'><strong>ad</strong></span> <span class='ocrx_word' id='word_1_787' title='bbox 2411 3575 2608 3633; x_wconf 88' lang='lat' dir='ltr'><strong>donum</strong></span> <span class='ocrx_word' id='word_1_788' title='bbox 2629 3574 2765 3646; x_wconf 89' lang='lat' dir='ltr'><strong>ejus,</strong></span> <span class='ocrx_word' id='word_1_789' title='bbox 2788 3574 2909 3644; x_wconf 90' lang='lat' dir='ltr'><strong>quia</strong></span> <span class='ocrx_word' id='word_1_790' title='bbox 2929 3582 2984 3628; x_wconf 91' lang='lat' dir='ltr'><strong>et</strong></span> <span class='ocrx_word' id='word_1_791' title='bbox 3004 3572 3272 3627; x_wconf 83' lang='lat' dir='ltr'><strong>hominem</strong></span> <span class='ocrx_word' id='word_1_792' title='bbox 3303 3581 3360 3625; x_wconf 90' lang='lat' dir='ltr'><strong>te</strong></span> <span class='ocrx_word' id='word_1_793' title='bbox 3385 3569 3522 3629; x_wconf 88' lang='lat' dir='ltr'><strong>fecit.</strong></span> <span class='ocrx_word' id='word_1_794' title='bbox 3545 3563 3634 3619; x_wconf 86' lang='lat' dir='ltr'><strong>nisi</strong></span> <span class='ocrx_word' id='word_1_795' title='bbox 3650 3569 3696 3616; x_wconf 88' lang='lat' dir='ltr'><strong>et</strong></span> <span class='ocrx_word' id='word_1_796' title='bbox 3710 3557 3811 3612; x_wconf 68' lang='lat' dir='ltr'><strong>homo</strong></span> 
     </span>
    </p>
   </div>
   <div class='ocr_carea' id='block_1_98' title="bbox 2325 3659 3840 3740">
    <p class='ocr_par' dir='ltr' id='par_1_104' title="bbox 2325 3659 3840 3740">
     <span class='ocr_line' id='line_1_105' title="bbox 2325 3659 3840 3740; baseline -0.013 -18"><span class='ocrx_word' id='word_1_797' title='bbox 2325 3683 2424 3740; x_wconf 80' lang='lat' dir='ltr'><strong>pro</strong></span> <span class='ocrx_word' id='word_1_798' title='bbox 2451 3677 2504 3725; x_wconf 89' lang='lat' dir='ltr'><strong>te</strong></span> <span class='ocrx_word' id='word_1_799' title='bbox 2528 3665 2718 3723; x_wconf 84' lang='lat' dir='ltr'><strong>fieret?</strong></span> <span class='ocrx_word' id='word_1_800' title='bbox 2743 3666 2858 3736; x_wconf 85' lang='lat' dir='ltr'><strong>ipse</strong></span> <span class='ocrx_word' id='word_1_801' title='bbox 2884 3676 2968 3720; x_wconf 92' lang='lat' dir='ltr'><strong>est</strong></span> <span class='ocrx_word' id='word_1_802' title='bbox 2991 3663 3134 3719; x_wconf 89' lang='lat' dir='ltr'><strong>enim</strong></span> <span class='ocrx_word' id='word_1_803' title='bbox 3174 3662 3263 3734; x_wconf 90' lang='lat' dir='ltr'><strong>qui</strong></span> <span class='ocrx_word' id='word_1_804' title='bbox 3314 3659 3508 3716; x_wconf 74' lang='lat' dir='ltr'><strong>direxit</strong></span> <span class='ocrx_word' id='word_1_805' title='bbox 3550 3666 3727 3740; x_wconf 76' lang='lat' dir='ltr'><strong>gressus</strong></span> <span class='ocrx_word' id='word_1_806' title='bbox 3756 3659 3810 3740; x_wconf 64' lang='lat' dir='ltr'><strong>nt-</strong></span> <span class='ocrx_word' id='word_1_807' title='bbox 3836 3663 3840 3666; x_wconf 77' lang='lat'>&#39;</span> 
     </span>
    </p>
   </div>
   <div class='ocr_carea' id='block_1_99' title="bbox 2326 3732 3810 3826">
    <p class='ocr_par' dir='ltr' id='par_1_105' title="bbox 2326 3732 3810 3826">
     <span class='ocr_line' id='line_1_106' title="bbox 2326 3732 3810 3826; baseline -0.013 -9"><span class='ocrx_word' id='word_1_808' title='bbox 2326 3732 2488 3826; x_wconf 77' lang='lat' dir='ltr'><strong>stros,</strong></span> <span class='ocrx_word' id='word_1_809' title='bbox 2513 3767 2570 3813; x_wconf 92' lang='lat' dir='ltr'><strong>ut</strong></span> <span class='ocrx_word' id='word_1_810' title='bbox 2595 3757 2733 3813; x_wconf 86' lang='lat' dir='ltr'><strong>viam</strong></span> <span class='ocrx_word' id='word_1_811' title='bbox 2756 3732 2874 3826; x_wconf 82' lang='lat' dir='ltr'><strong>ejus</strong></span> <span class='ocrx_word' id='word_1_812' title='bbox 2899 3753 3176 3810; x_wconf 87' lang='lat' dir='ltr'><strong>vellemus.</strong></span> <span class='ocrx_word' id='word_1_813' title='bbox 3195 3732 3247 3806; x_wconf 17' lang='lat' dir='ltr'><strong>VA</strong></span> <span class='ocrx_word' id='word_1_814' title='bbox 3277 3750 3494 3806; x_wconf 85' lang='lat' dir='ltr'><strong>Domino</strong></span> <span class='ocrx_word' id='word_1_815' title='bbox 3515 3753 3690 3820; x_wconf 67' lang='lat' dir='ltr'><strong>gressi!</strong></span> <span class='ocrx_word' id='word_1_816' title='bbox 3707 3732 3810 3791; x_wconf 66' lang='lat' dir='ltr'><strong>Iw&quot;</strong></span> 
     </span>
    </p>
   </div>
   <div class='ocr_carea' id='block_1_100' title="bbox 2325 3846 3262 3926">
    <p class='ocr_par' dir='ltr' id='par_1_106' title="bbox 2325 3846 3262 3926">
     <span class='ocr_line' id='line_1_107' title="bbox 2325 3846 3262 3926; baseline -0.012 -16"><span class='ocrx_word' id='word_1_817' title='bbox 2325 3854 2406 3910; x_wconf 83' lang='lat' dir='ltr'><strong>uis</strong></span> <span class='ocrx_word' id='word_1_818' title='bbox 2425 3853 2724 3926; x_wconf 84' lang='lat' dir='ltr'><strong>dirigentur,</strong></span> <span class='ocrx_word' id='word_1_819' title='bbox 2749 3859 2794 3905; x_wconf 90' lang='lat' dir='ltr'><strong>et</strong></span> <span class='ocrx_word' id='word_1_820' title='bbox 2819 3849 2948 3904; x_wconf 77' lang='lat' dir='ltr'><strong>viam</strong></span> <span class='ocrx_word' id='word_1_821' title='bbox 2971 3849 3084 3918; x_wconf 85' lang='lat' dir='ltr'><strong>ejus</strong></span> <span class='ocrx_word' id='word_1_822' title='bbox 3109 3846 3262 3900; x_wconf 78' lang='lat' dir='ltr'><strong>volet.</strong></span> 
     </span>
    </p>
   </div>
   <div class='ocr_carea' id='block_1_101' title="bbox 2396 3926 3807 4014">
    <p class='ocr_par' dir='ltr' id='par_1_107' title="bbox 2396 3926 3807 4014">
     <span class='ocr_line' id='line_1_108' title="bbox 2396 3926 3807 4014; baseline -0.02 -10"><span class='ocrx_word' id='word_1_823' title='bbox 2396 3949 2484 4005; x_wconf 77' lang='lat' dir='ltr'><strong>t6.</strong></span> <span class='ocrx_word' id='word_1_824' title='bbox 2515 3945 2630 4002; x_wconf 84' lang='lat' dir='ltr'><strong>Jam</strong></span> <span class='ocrx_word' id='word_1_825' title='bbox 2657 3961 2779 4001; x_wconf 91' lang='lat' dir='ltr'><strong>cum</strong></span> <span class='ocrx_word' id='word_1_826' title='bbox 2821 3942 3060 4014; x_wconf 88' lang='lat' dir='ltr'><strong>sequeris</strong></span> <span class='ocrx_word' id='word_1_827' title='bbox 3100 3939 3238 3996; x_wconf 91' lang='lat' dir='ltr'><strong>viam</strong></span> <span class='ocrx_word' id='word_1_828' title='bbox 3277 3936 3508 4001; x_wconf 84' lang='lat' dir='ltr'><strong>Christi,</strong></span> <span class='ocrx_word' id='word_1_829' title='bbox 3530 3942 3625 3988; x_wconf 84' lang='lat' dir='ltr'><strong>non</strong></span> <span class='ocrx_word' id='word_1_830' title='bbox 3649 3926 3720 3982; x_wconf 83' lang='lat' dir='ltr'><strong>tibi</strong></span> <span class='ocrx_word' id='word_1_831' title='bbox 3742 3934 3807 4014; x_wconf 46' lang='lat' dir='ltr'><strong>se:</strong></span> 
     </span>
    </p>
   </div>
   <div class='ocr_carea' id='block_1_102' title="bbox 2324 4007 3807 4111">
    <p class='ocr_par' dir='ltr' id='par_1_108' title="bbox 2324 4007 3807 4111">
     <span class='ocr_line' id='line_1_109' title="bbox 2324 4007 3807 4111; baseline -0.023 -14"><span class='ocrx_word' id='word_1_832' title='bbox 2324 4039 2429 4098; x_wconf 92' lang='lat' dir='ltr'><strong>culi</strong></span> <span class='ocrx_word' id='word_1_833' title='bbox 2456 4038 2836 4111; x_wconf 81' lang='lat' dir='ltr'><strong>prOSpcritates</strong></span> <span class='ocrx_word' id='word_1_834' title='bbox 2865 4007 3161 4107; x_wconf 73' lang='lat' dir='ltr'><strong>promittas.</strong></span> <span class='ocrx_word' id='word_1_835' title='bbox 3185 4030 3288 4087; x_wconf 86' lang='lat' dir='ltr'><strong>Per</strong></span> <span class='ocrx_word' id='word_1_836' title='bbox 3315 4029 3444 4085; x_wconf 88' lang='lat' dir='ltr'><strong>dura</strong></span> <span class='ocrx_word' id='word_1_837' title='bbox 3466 4017 3726 4081; x_wconf 84' lang='lat' dir='ltr'><strong>ambulavit,</strong></span> <span class='ocrx_word' id='word_1_838' title='bbox 3748 4007 3807 4065; x_wconf 75' lang='lat' dir='ltr'><strong>sui</strong></span> 
     </span>
    </p>
   </div>
   <div class='ocr_carea' id='block_1_103' title="bbox 2325 4114 3808 4204">
    <p class='ocr_par' dir='ltr' id='par_1_109' title="bbox 2325 4114 3808 4204">
     <span class='ocr_line' id='line_1_110' title="bbox 2325 4114 3808 4204; baseline -0.018 -13"><span class='ocrx_word' id='word_1_839' title='bbox 2325 4148 2514 4204; x_wconf 83' lang='lat' dir='ltr'><strong>magna</strong></span> <span class='ocrx_word' id='word_1_840' title='bbox 2543 4131 2806 4204; x_wconf 88' lang='lat' dir='ltr'><strong>promisit.</strong></span> <span class='ocrx_word' id='word_1_841' title='bbox 2844 4127 3101 4199; x_wconf 88' lang='lat' dir='ltr'><strong>Sequere.</strong></span> <span class='ocrx_word' id='word_1_842' title='bbox 3125 4123 3242 4182; x_wconf 78' lang='lat' dir='ltr'><strong>Noli</strong></span> <span class='ocrx_word' id='word_1_843' title='bbox 3274 4133 3474 4180; x_wconf 91' lang='lat' dir='ltr'><strong>tantum</strong></span> <span class='ocrx_word' id='word_1_844' title='bbox 3500 4114 3730 4173; x_wconf 76' lang='lat' dir='ltr'><strong>attendere</strong></span> <span class='ocrx_word' id='word_1_845' title='bbox 3745 4115 3808 4175; x_wconf 66' lang='lat' dir='ltr'><strong>qui</strong></span> 
     </span>
    </p>
   </div>
   <div class='ocr_carea' id='block_1_104' title="bbox 2326 4205 3807 4293">
    <p class='ocr_par' dir='ltr' id='par_1_110' title="bbox 2326 4205 3807 4293">
     <span class='ocr_line' id='line_1_111' title="bbox 2326 4205 3807 4293; baseline -0.019 -11"><span class='ocrx_word' id='word_1_846' title='bbox 2326 4226 2516 4293; x_wconf 89' lang='lat' dir='ltr'><strong>iturus,</strong></span> <span class='ocrx_word' id='word_1_847' title='bbox 2539 4221 2632 4280; x_wconf 91' lang='lat' dir='ltr'><strong>sed</strong></span> <span class='ocrx_word' id='word_1_848' title='bbox 2661 4230 2717 4278; x_wconf 91' lang='lat' dir='ltr'><strong>et</strong></span> <span class='ocrx_word' id='word_1_849' title='bbox 2751 4235 2856 4292; x_wconf 91' lang='lat' dir='ltr'><strong>quo</strong></span> <span class='ocrx_word' id='word_1_850' title='bbox 2882 4230 3138 4275; x_wconf 87' lang='lat' dir='ltr'><strong>venturus</strong></span> <span class='ocrx_word' id='word_1_851' title='bbox 3172 4217 3266 4272; x_wconf 86' lang='lat' dir='ltr'><strong>sis.</strong></span> <span class='ocrx_word' id='word_1_852' title='bbox 3297 4209 3564 4270; x_wconf 83' lang='lat' dir='ltr'><strong>Tolerabis</strong></span> <span class='ocrx_word' id='word_1_853' title='bbox 3594 4205 3699 4260; x_wconf 82' lang='lat' dir='ltr'><strong>dura</strong></span> <span class='ocrx_word' id='word_1_854' title='bbox 3721 4208 3807 4250; x_wconf 45' lang='lat' dir='ltr'><strong>temo</strong></span> 
     </span>
    </p>
   </div>
   <div class='ocr_carea' id='block_1_105' title="bbox 2326 4290 3806 4390">
    <p class='ocr_par' dir='ltr' id='par_1_111' title="bbox 2326 4290 3806 4390">
     <span class='ocr_line' id='line_1_112' title="bbox 2326 4290 3806 4390; baseline -0.02 -15"><span class='ocrx_word' id='word_1_855' title='bbox 2326 4290 2546 4390; x_wconf 84' lang='lat' dir='ltr'><strong>poralia.</strong></span> <span class='ocrx_word' id='word_1_856' title='bbox 2577 4315 2670 4370; x_wconf 79' lang='lat' dir='ltr'><strong>Sed</strong></span> <span class='ocrx_word' id='word_1_857' title='bbox 2691 4314 2757 4370; x_wconf 89' lang='lat' dir='ltr'><strong>ad</strong></span> <span class='ocrx_word' id='word_1_858' title='bbox 2773 4290 2896 4368; x_wconf 73' lang='lat' dir='ltr'><strong>ireta</strong></span> <span class='ocrx_word' id='word_1_859' title='bbox 2924 4311 3203 4384; x_wconf 90' lang='lat' dir='ltr'><strong>pervenies</strong></span> <span class='ocrx_word' id='word_1_860' title='bbox 3245 4306 3578 4378; x_wconf 86' lang='lat' dir='ltr'><strong>sempiterna.</strong></span> <span class='ocrx_word' id='word_1_861' title='bbox 3596 4297 3643 4353; x_wconf 87' lang='lat' dir='ltr'><strong>Si</strong></span> <span class='ocrx_word' id='word_1_862' title='bbox 3678 4290 3806 4346; x_wconf 70' lang='lat' dir='ltr'><strong>viss&quot;-</strong></span> 
     </span>
    </p>
   </div>
   <div class='ocr_carea' id='block_1_106' title="bbox 2327 4391 3805 4472">
    <p class='ocr_par' dir='ltr' id='par_1_112' title="bbox 2327 4391 3805 4472">
     <span class='ocr_line' id='line_1_113' title="bbox 2327 4391 3805 4472; baseline -0.018 -6"><span class='ocrx_word' id='word_1_863' title='bbox 2327 4410 2526 4466; x_wconf 77' lang='lat' dir='ltr'><strong>sﬁuere</strong></span> <span class='ocrx_word' id='word_1_864' title='bbox 2566 4405 2831 4472; x_wconf 87' lang='lat' dir='ltr'><strong>laborem,</strong></span> <span class='ocrx_word' id='word_1_865' title='bbox 2861 4403 3079 4459; x_wconf 89' lang='lat' dir='ltr'><strong>attende</strong></span> <span class='ocrx_word' id='word_1_866' title='bbox 3122 4399 3441 4455; x_wconf 90' lang='lat' dir='ltr'><strong>mercedem.</strong></span> <span class='ocrx_word' id='word_1_867' title='bbox 3471 4392 3594 4450; x_wconf 78' lang='lat' dir='ltr'><strong>Nam</strong></span> <span class='ocrx_word' id='word_1_868' title='bbox 3616 4395 3662 4443; x_wconf 89' lang='lat' dir='ltr'><strong>ct</strong></span> <span class='ocrx_word' id='word_1_869' title='bbox 3682 4391 3805 4449; x_wconf 66' lang='grc' dir='ltr'><strong>ορεη·</strong></span> 
     </span>
    </p>
   </div>
   <div class='ocr_carea' id='block_1_107' title="bbox 2326 4477 3802 4562">
    <p class='ocr_par' dir='ltr' id='par_1_113' title="bbox 2326 4477 3802 4562">
     <span class='ocr_line' id='line_1_114' title="bbox 2326 4477 3802 4562; baseline -0.016 -2"><span class='ocrx_word' id='word_1_870' title='bbox 2326 4503 2438 4560; x_wconf 91' lang='lat' dir='ltr'><strong>rius</strong></span> <span class='ocrx_word' id='word_1_871' title='bbox 2464 4500 2515 4556; x_wconf 92' lang='lat' dir='ltr'><strong>in</strong></span> <span class='ocrx_word' id='word_1_872' title='bbox 2539 4500 2691 4555; x_wconf 89' lang='lat' dir='ltr'><strong>vinea</strong></span> <span class='ocrx_word' id='word_1_873' title='bbox 2715 4495 2971 4554; x_wconf 79' lang='lat' dir='ltr'><strong>deﬁceret</strong></span> <span class='ocrx_word' id='word_1_874' title='bbox 2993 4535 3010 4562; x_wconf 95' lang='lat'><strong>,</strong></span> <span class='ocrx_word' id='word_1_875' title='bbox 3037 4493 3138 4548; x_wconf 89' lang='lat' dir='ltr'><strong>nisi</strong></span> <span class='ocrx_word' id='word_1_876' title='bbox 3177 4489 3474 4548; x_wconf 83' lang='lat' dir='ltr'><strong>attenderet</strong></span> <span class='ocrx_word' id='word_1_877' title='bbox 3496 4479 3611 4557; x_wconf 91' lang='lat' dir='ltr'><strong>quid</strong></span> <span class='ocrx_word' id='word_1_878' title='bbox 3629 4477 3802 4538; x_wconf 65' lang='lat' dir='ltr'><strong>accepw‘</strong></span> 
     </span>
    </p>
   </div>
   <div class='ocr_carea' id='block_1_108' title="bbox 2327 4568 3797 4652">
    <p class='ocr_par' dir='ltr' id='par_1_114' title="bbox 2327 4568 3797 4652">
     <span class='ocr_line' id='line_1_115' title="bbox 2327 4568 3797 4652; baseline -0.022 0"><span class='ocrx_word' id='word_1_879' title='bbox 2327 4609 2422 4652; x_wconf 89' lang='lat' dir='ltr'><strong>rus</strong></span> <span class='ocrx_word' id='word_1_880' title='bbox 2447 4600 2607 4650; x_wconf 89' lang='lat' dir='ltr'><strong>esset.</strong></span> <span class='ocrx_word' id='word_1_881' title='bbox 2629 4588 2763 4645; x_wconf 90' lang='lat' dir='ltr'><strong>Cum</strong></span> <span class='ocrx_word' id='word_1_882' title='bbox 2793 4595 2968 4643; x_wconf 87' lang='lat' dir='ltr'><strong>autem</strong></span> <span class='ocrx_word' id='word_1_883' title='bbox 2992 4583 3282 4640; x_wconf 87' lang='lat' dir='ltr'><strong>attenderis</strong></span> <span class='ocrx_word' id='word_1_884' title='bbox 3308 4579 3434 4652; x_wconf 88' lang='lat' dir='ltr'><strong>quid</strong></span> <span class='ocrx_word' id='word_1_885' title='bbox 3461 4576 3532 4633; x_wconf 85' lang='lat' dir='ltr'><strong>sis</strong></span> <span class='ocrx_word' id='word_1_886' title='bbox 3557 4568 3797 4652; x_wconf 66' lang='lat' dir='ltr'><strong>acceptum</strong></span> 
     </span>
    </p>
   </div>
   <div class='ocr_carea' id='block_1_109' title="bbox 2326 4651 3800 4749">
    <p class='ocr_par' dir='ltr' id='par_1_115' title="bbox 2326 4651 3800 4749">
     <span class='ocr_line' id='line_1_116' title="bbox 2326 4651 3800 4749; baseline -0.024 -6"><span class='ocrx_word' id='word_1_887' title='bbox 2326 4685 2504 4743; x_wconf 87' lang='lat' dir='ltr'><strong>omnia</strong></span> <span class='ocrx_word' id='word_1_888' title='bbox 2533 4683 2625 4740; x_wconf 87' lang='lat' dir='ltr'><strong>tibi</strong></span> <span class='ocrx_word' id='word_1_889' title='bbox 2649 4689 2804 4739; x_wconf 89' lang='lat' dir='ltr'><strong>erunt</strong></span> <span class='ocrx_word' id='word_1_890' title='bbox 2832 4679 2951 4735; x_wconf 86' lang='lat' dir='ltr'><strong>vilia</strong></span> <span class='ocrx_word' id='word_1_891' title='bbox 2974 4693 3093 4749; x_wconf 67' lang='lat' dir='ltr'><strong>qua:</strong></span> <span class='ocrx_word' id='word_1_892' title='bbox 3122 4651 3337 4745; x_wconf 75' lang='lat' dir='ltr'><strong>pateris,</strong></span> <span class='ocrx_word' id='word_1_893' title='bbox 3368 4684 3466 4727; x_wconf 81' lang='lat' dir='ltr'><strong>nec</strong></span> <span class='ocrx_word' id='word_1_894' title='bbox 3483 4668 3624 4737; x_wconf 80' lang='lat' dir='ltr'><strong>digna</strong></span> <span class='ocrx_word' id='word_1_895' title='bbox 3642 4651 3800 4749; x_wconf 51' lang='lat' dir='ltr'><strong>astuti:</strong></span> 
     </span>
    </p>
   </div>
   <div class='ocr_carea' id='block_1_110' title="bbox 2327 4738 3824 4850">
    <p class='ocr_par' dir='ltr' id='par_1_116' title="bbox 2327 4738 3824 4850">
     <span class='ocr_line' id='line_1_117' title="bbox 2327 4738 3824 4850; baseline -0.029 -14"><span class='ocrx_word' id='word_1_896' title='bbox 2327 4738 2766 4850; x_wconf 86' lang='lat' dir='ltr'><strong>quibus</strong></span> <span class='ocrx_word' id='word_1_897' title='bbox 2797 4769 2926 4827; x_wconf 89' lang='lat' dir='ltr'><strong>illud</strong></span> <span class='ocrx_word' id='word_1_898' title='bbox 2955 4738 3206 4838; x_wconf 75' lang='lat' dir='ltr'><strong>accipias.</strong></span> <span class='ocrx_word' id='word_1_899' title='bbox 3251 4738 3518 4820; x_wconf 75' lang='lat' dir='ltr'><strong>Miraberis</strong></span> <span class='ocrx_word' id='word_1_900' title='bbox 3544 4738 3824 4850; x_wconf 68' lang='lat' dir='ltr'><strong>tantum</strong></span> 
     </span>
    </p>
   </div>
   <div class='ocr_carea' id='block_1_111' title="bbox 2328 4835 3798 4943">
    <p class='ocr_par' dir='ltr' id='par_1_117' title="bbox 2328 4835 3798 4943">
     <span class='ocr_line' id='line_1_118' title="bbox 2328 4835 3798 4943; baseline -0.021 -17"><span class='ocrx_word' id='word_1_901' title='bbox 2328 4885 2425 4943; x_wconf 90' lang='lat' dir='ltr'><strong>pro</strong></span> <span class='ocrx_word' id='word_1_902' title='bbox 2451 4835 2659 4924; x_wconf 71' lang='lat' dir='ltr'><strong>tantillo</strong></span> <span class='ocrx_word' id='word_1_903' title='bbox 2701 4863 2901 4921; x_wconf 88' lang='lat' dir='ltr'><strong>labore.</strong></span> <span class='ocrx_word' id='word_1_904' title='bbox 2931 4835 3290 4928; x_wconf 26' lang='lat' dir='ltr'><strong>Namvutique,</strong></span> <span class='ocrx_word' id='word_1_905' title='bbox 3319 4853 3503 4911; x_wconf 78' lang='lat' dir='ltr'><strong>intres</strong></span> <span class='ocrx_word' id='word_1_906' title='bbox 3523 4888 3538 4913; x_wconf 92' lang='lat'><strong>,</strong></span> <span class='ocrx_word' id='word_1_907' title='bbox 3561 4856 3644 4915; x_wconf 80' lang='lat' dir='ltr'><strong>pro</strong></span> <span class='ocrx_word' id='word_1_908' title='bbox 3664 4835 3798 4943; x_wconf 45' lang='lat' dir='ltr'><strong>aut”:</strong></span> 
     </span>
    </p>
   </div>
   <div class='ocr_carea' id='block_1_112' title="bbox 2327 4928 3795 5034">
    <p class='ocr_par' dir='ltr' id='par_1_118' title="bbox 2327 4928 3795 5034">
     <span class='ocr_line' id='line_1_119' title="bbox 2327 4928 3795 5034; baseline -0.03 -12"><span class='ocrx_word' id='word_1_909' title='bbox 2327 4928 2511 5034; x_wconf 70' lang='lat' dir='ltr'><strong>requie</strong></span> <span class='ocrx_word' id='word_1_910' title='bbox 2553 4958 2705 5014; x_wconf 89' lang='lat' dir='ltr'><strong>labor</strong></span> <span class='ocrx_word' id='word_1_911' title='bbox 2743 4963 2976 5011; x_wconf 67' lang='lat' dir='ltr'><strong>internus</strong></span> <span class='ocrx_word' id='word_1_912' title='bbox 3017 4947 3326 5007; x_wconf 87' lang='lat' dir='ltr'><strong>subeundus</strong></span> <span class='ocrx_word' id='word_1_913' title='bbox 3361 4949 3474 5001; x_wconf 86' lang='lat' dir='ltr'><strong>erat</strong></span> <span class='ocrx_word' id='word_1_914' title='bbox 3499 4955 3512 5004; x_wconf 91' lang='lat'><strong>;</strong></span> <span class='ocrx_word' id='word_1_915' title='bbox 3541 4943 3590 4991; x_wconf 91' lang='lat' dir='ltr'><strong>et</strong></span> <span class='ocrx_word' id='word_1_916' title='bbox 3621 4928 3795 5034; x_wconf 47' lang='lat' dir='ltr'><strong>sterni</strong></span> 
     </span>
    </p>
   </div>
   <div class='ocr_carea' id='block_1_113' title="bbox 2327 5017 3797 5121">
    <p class='ocr_par' dir='ltr' id='par_1_119' title="bbox 2327 5017 3797 5121">
     <span class='ocr_line' id='line_1_120' title="bbox 2327 5017 3797 5121; baseline -0.029 -7"><span class='ocrx_word' id='word_1_917' title='bbox 2327 5017 2634 5115; x_wconf 77' lang='lat' dir='ltr'><strong>felicitatem</strong></span> <span class='ocrx_word' id='word_1_918' title='bbox 2677 5057 3027 5121; x_wconf 90' lang='lat' dir='ltr'><strong>accepturus,</strong></span> <span class='ocrx_word' id='word_1_919' title='bbox 3056 5053 3282 5101; x_wconf 64' lang='lat' dir='ltr'><strong>aternas</strong></span> <span class='ocrx_word' id='word_1_920' title='bbox 3313 5036 3572 5112; x_wconf 68' lang='lat' dir='ltr'><strong>passiones</strong></span> <span class='ocrx_word' id='word_1_921' title='bbox 3611 5017 3797 5121; x_wconf 43' lang='lat' dir='ltr'><strong>sumini:o</strong></span> 
     </span>
    </p>
   </div>
   <div class='ocr_carea' id='block_1_114' title="bbox 2327 5098 3792 5208">
    <p class='ocr_par' dir='ltr' id='par_1_120' title="bbox 2327 5098 3792 5208">
     <span class='ocr_line' id='line_1_121' title="bbox 2327 5098 3792 5208; baseline -0.031 1"><span class='ocrx_word' id='word_1_922' title='bbox 2327 5151 2552 5208; x_wconf 84' lang='lat' dir='ltr'><strong>deberes</strong></span> <span class='ocrx_word' id='word_1_923' title='bbox 2579 5163 2594 5201; x_wconf 91' lang='lat'><strong>:</strong></span> <span class='ocrx_word' id='word_1_924' title='bbox 2624 5144 2718 5201; x_wconf 91' lang='lat' dir='ltr'><strong>sed</strong></span> <span class='ocrx_word' id='word_1_925' title='bbox 2744 5142 2789 5200; x_wconf 90' lang='lat' dir='ltr'><strong>si</strong></span> <span class='ocrx_word' id='word_1_926' title='bbox 2808 5098 3068 5198; x_wconf 45' lang='lat' dir='ltr'><strong>internum</strong></span> <span class='ocrx_word' id='word_1_927' title='bbox 3098 5127 3633 5192; x_wconf 85' lang='lat' dir='ltr'><strong>sustinereslaborem,</strong></span> 
     </span>
    </p>
   </div>
   <div class='ocr_carea' id='block_1_115' title="bbox 2327 5197 3793 5297">
    <p class='ocr_par' dir='ltr' id='par_1_121' title="bbox 2327 5197 3793 5297">
     <span class='ocr_line' id='line_1_122' title="bbox 2327 5197 3793 5297; baseline -0.031 0"><span class='ocrx_word' id='word_1_928' title='bbox 2327 5239 2540 5297; x_wconf 90' lang='lat' dir='ltr'><strong>venires</strong></span> <span class='ocrx_word' id='word_1_929' title='bbox 2564 5235 2630 5292; x_wconf 88' lang='lat' dir='ltr'><strong>ad</strong></span> <span class='ocrx_word' id='word_1_930' title='bbox 2657 5243 2909 5290; x_wconf 75' lang='lat' dir='ltr'><strong>mternam</strong></span> <span class='ocrx_word' id='word_1_931' title='bbox 2938 5225 3281 5287; x_wconf 83' lang='lat' dir='ltr'><strong>felicitatem?</strong></span> <span class='ocrx_word' id='word_1_932' title='bbox 3318 5223 3389 5278; x_wconf 85' lang='lat' dir='ltr'><strong>Ita</strong></span> <span class='ocrx_word' id='word_1_933' title='bbox 3412 5215 3485 5283; x_wconf 89' lang='lat' dir='ltr'><strong>llt,</strong></span> <span class='ocrx_word' id='word_1_934' title='bbox 3511 5219 3562 5267; x_wconf 93' lang='lat' dir='ltr'><strong>ut</strong></span> <span class='ocrx_word' id='word_1_935' title='bbox 3581 5197 3793 5297; x_wconf 42' lang='lat' dir='ltr'><strong>accessa:to</strong></span> 
     </span>
    </p>
   </div>
   <div class='ocr_carea' id='block_1_116' title="bbox 2330 5281 3750 5402">
    <p class='ocr_par' dir='ltr' id='par_1_122' title="bbox 2330 5281 3750 5402">
     <span class='ocr_line' id='line_1_123' title="bbox 2330 5281 3750 5402; baseline -0.034 -13"><span class='ocrx_word' id='word_1_936' title='bbox 2330 5328 2637 5402; x_wconf 87' lang='lat' dir='ltr'><strong>temporalis</strong></span> <span class='ocrx_word' id='word_1_937' title='bbox 2682 5329 2752 5381; x_wconf 89' lang='lat' dir='ltr'><strong>sit</strong></span> <span class='ocrx_word' id='word_1_938' title='bbox 2775 5320 3050 5379; x_wconf 87' lang='lat' dir='ltr'><strong>tribulatio</strong></span> <span class='ocrx_word' id='word_1_939' title='bbox 3078 5327 3164 5374; x_wconf 92' lang='lat' dir='ltr'><strong>tua</strong></span> <span class='ocrx_word' id='word_1_940' title='bbox 3186 5359 3202 5384; x_wconf 96' lang='lat'><strong>,</strong></span> <span class='ocrx_word' id='word_1_941' title='bbox 3233 5329 3334 5386; x_wconf 86' lang='lat' dir='ltr'><strong>qua</strong></span> <span class='ocrx_word' id='word_1_942' title='bbox 3361 5307 3496 5366; x_wconf 84' lang='lat' dir='ltr'><strong>finita</strong></span> <span class='ocrx_word' id='word_1_943' title='bbox 3519 5281 3750 5402; x_wconf 48' lang='lat' dir='ltr'><strong>veniasjdml</strong></span> 
     </span>
    </p>
   </div>
   <div class='ocr_carea' id='block_1_117' title="bbox 2332 5376 3789 5488">
    <p class='ocr_par' dir='ltr' id='par_1_123' title="bbox 2332 5376 3789 5488">
     <span class='ocr_line' id='line_1_124' title="bbox 2332 5376 3789 5488; baseline -0.019 -7"><span class='ocrx_word' id='word_1_944' title='bbox 2332 5376 2583 5480; x_wconf 59' lang='lat' dir='ltr'><strong>licitatem</strong></span> <span class='ocrx_word' id='word_1_945' title='bbox 2611 5418 2890 5474; x_wconf 87' lang='lat' dir='ltr'><strong>infinitam.</strong></span> <span class='ocrx_word' id='word_1_946' title='bbox 2925 5411 3030 5470; x_wconf 87' lang='lat' dir='ltr'><strong>Sed</strong></span> <span class='ocrx_word' id='word_1_947' title='bbox 3074 5376 3283 5471; x_wconf 35' lang='lat' dir='ltr'><strong>tamen;</strong></span> <span class='ocrx_word' id='word_1_948' title='bbox 3314 5376 3789 5488; x_wconf 82' lang='lat' dir='ltr'><strong>fratres</strong></span> 
     </span>
    </p>
   </div>
   <div class='ocr_carea' id='block_1_118' title="bbox 2331 5469 3784 5603">
    <p class='ocr_par' dir='ltr' id='par_1_124' title="bbox 2331 5469 3784 5603">
     <span class='ocr_line' id='line_1_125' title="bbox 2331 5469 3784 5603; baseline -0.01 -29"><span class='ocrx_word' id='word_1_949' title='bbox 2331 5469 2938 5588; x_wconf 54' lang='lat' dir='ltr'><strong>iliigl&#39;iilaiuiiupm</strong></span> <span class='ocrx_word' id='word_1_950' title='bbox 2977 5515 3192 5603; x_wconf 42' lang='lat' dir='ltr'><strong>:eterna‘</strong></span> <span class='ocrx_word' id='word_1_951' title='bbox 3221 5469 3482 5556; x_wconf 69' lang='lat' dir='ltr'><strong>felicitate.</strong></span> <span class='ocrx_word' id='word_1_952' title='bbox 3508 5469 3784 5603; x_wconf 51' lang='grc' dir='ltr'><strong>ξξξξξῶεηὲξς</strong></span> 
     </span>
    </p>
   </div>
   <div class='ocr_carea' id='block_1_119' title="bbox 2332 5566 3750 5684">
    <p class='ocr_par' dir='ltr' id='par_1_125' title="bbox 2332 5566 3750 5684">
     <span class='ocr_line' id='line_1_126' title="bbox 2332 5566 3750 5684; baseline -0.032 -15"><span class='ocrx_word' id='word_1_953' title='bbox 2332 5621 2389 5669; x_wconf 91' lang='lat' dir='ltr'><strong>ut</strong></span> <span class='ocrx_word' id='word_1_954' title='bbox 2417 5566 2666 5684; x_wconf 59' lang='lat' dir='ltr'><strong>quoniam</strong></span> <span class='ocrx_word' id='word_1_955' title='bbox 2694 5566 2918 5660; x_wconf 66' lang='lat' dir='ltr'><strong>felicitas</strong></span> <span class='ocrx_word' id='word_1_956' title='bbox 2955 5611 3134 5656; x_wconf 88' lang='lat' dir='ltr'><strong>nostra</strong></span> <span class='ocrx_word' id='word_1_957' title='bbox 3160 5595 3321 5652; x_wconf 82' lang='lat' dir='ltr'><strong>linem</strong></span> <span class='ocrx_word' id='word_1_958' title='bbox 3365 5601 3465 5645; x_wconf 85' lang='lat' dir='ltr'><strong>non</strong></span> <span class='ocrx_word' id='word_1_959' title='bbox 3508 5566 3750 5634; x_wconf 64' lang='lat' dir='ltr'><strong>hebeti“.in</strong></span> 
     </span>
    </p>
   </div>
   <div class='ocr_carea' id='block_1_120' title="bbox 2403 5721 3702 5819">
    <p class='ocr_par' dir='ltr' id='par_1_126' title="bbox 2403 5721 3702 5819">
     <span class='ocr_line' id='line_1_127' title="bbox 2403 5721 3702 5819; baseline -0.015 -1"><span class='ocrx_word' id='word_1_960' title='bbox 2403 5770 2424 5802; x_wconf 58' lang='lat' dir='ltr'><strong>t</strong></span> <span class='ocrx_word' id='word_1_961' title='bbox 2448 5768 2810 5817; x_wconf 59' lang='grc' dir='ltr'><strong>διατι-,ειη</strong></span> <span class='ocrx_word' id='word_1_962' title='bbox 2832 5764 3041 5819; x_wconf 61' lang='lat' dir='ltr'><strong>utan.</strong></span> <span class='ocrx_word' id='word_1_963' title='bbox 3059 5749 3415 5810; x_wconf 63' lang='lat' dir='ltr'><strong>Mediocriter.</strong></span> <span class='ocrx_word' id='word_1_964' title='bbox 3433 5721 3702 5794; x_wconf 58' lang='lat' dir='ltr'><strong>mm</strong></span> 
     </span>
    </p>
   </div>
  </div>
