3960 6468
183 275 310 322 Σιιε)

195 371 349 432 seria
381 379 566 426 nostra
595 377 648 432 et
686 365 832 420 labor
860 369 1043 416 noster
1083 368 1137 414 et
1183 357 1554 412 tribulationes
1603 362 1804 410 nostra:

137 471 152 503 ἰ
196 462 480 523 diuturni.)
504 473 703 518 essent.
733 456 862 513 Nam
900 464 957 511 et
990 455 1033 508 si
1081 453 1226 508 mille
1274 464 1537 506 annorum
1583 455 1802 516 essent,

201 555 457 630 appende
483 553 627 609 mille
648 565 816 607 annos
835 557 1020 604 contra
1047 545 1398 601 aeternitatem
1422 559 1438 600 :
1460 540 1585 614 quid
1606 555 1809 611 appen.

200 651 290 707 dis
339 664 460 703 cum
507 644 717 701 infinito
768 650 1256 713 quantumcumque
1311 635 1559 693 finitum?
1609 635 1805 690 Decem

202 742 381 799 millia
409 752 670 793 atntorum
691 779 707 803 ,
738 719 918 791 decies
943 741 1170 788 centena
1207 729 1372 786 millia
1401 772 1418 800 ,
1451 729 1494 785 si
1521 726 1804 784 dicendum

202 846 316 900 Erl,
348 845 400 888 et
422 831 584 888 millia
611 829 835 884 millium
861 871 877 896 ,
904 843 1026 899 qua:
1056 825 1215 884 [luem
1241 823 1458 890 habent,
1491 837 1613 879 cum
1643 829 1804 876 teter-

203 933 382 988 nitate
407 926 703 1004 comparari
739 941 843 983 non
869 931 1112 996 possunt.
1149 919 1263 976 Hoc
1289 916 1516 986 accedit,
1545 916 1668 987 quia
1697 931 1804 970 non

202 1026 390 1082 solum
432 1021 776 1094 temporalem
825 1019 994 1079 voluit
1035 1016 1272 1074 laborem
1310 1022 1457 1068 tuum
1507 1011 1679 1078 Deus,
1709 1008 1804 1065 sed

201 1122 378 1175 etiam
419 1114 652 1170 brevem.
685 1113 984 1170 Paucorum
1021 1109 1228 1166 dicrqu
1253 1116 1335 1170 est
1360 1115 1468 1162 tota
1496 1104 1601 1160 vita
1633 1103 1808 1158 homi-

200 1212 320 1272 nis.
351 1208 554 1266 etiamsi
586 1208 706 1263 beta
752 1206 902 1261 duris
946 1219 1053 1260 nou
1083 1203 1443 1258 miscerentur
1466 1239 1480 1264 ,
1510 1213 1629 1270 qua:
1655 1196 1804 1267 plura

200 1315 258 1363 et
293 1302 529 1374 longiora
559 1310 684 1363 sunt
726 1308 906 1368 certe,
937 1313 1100 1370 quam
1130 1295 1299 1359 dura;
1327 1303 1382 1348 et
1408 1291 1529 1349 ideo
1555 1290 1802 1348 breviora

199 1408 259 1458 et
291 1399 542 1471 pauciora
573 1404 700 1452 sunt
737 1394 896 1462 dura,
929 1402 986 1450 ut
1022 1390 1217 1447 durare
1262 1388 1549 1460 possimus.
1589 1384 1644 1441 Si
1676 1399 1804 1460 ergo

201 1511 307 1566 per
352 1501 512 1558 totum
551 1491 713 1552 vitam
740 1504 890 1555 suam
923 1486 1085 1542 homo
1127 1484 1180 1539 in
1209 1481 1480 1540 laboribus
1500 1479 1633 1536 etin
1664 1494 1804 1534 mru-

204 1587 354 1646 muis
377 1591 536 1650 esset,
570 1582 621 1648 in
649 1581 942 1646 doloribus,
966 1579 1020 1634 in
1048 1575 1350 1641 tormentis,
1379 1574 1432 1629 in
1461 1587 1679 1628 carcere
1697 1614 1714 1642 ,
1747 1571 1802 1628 in

205 1679 399 1752 plagis,
431 1678 481 1736 in
505 1675 642 1742 fame
664 1684 717 1732 et
738 1675 826 1732 siti
851 1673 1100 1730 omnibus
1119 1671 1330 1738 diebus,
1357 1668 1502 1730 boris
1527 1666 1799 1736 omnibus,

209 1790 309 1846 per
337 1781 496 1836 totam
537 1771 697 1830 vitam
734 1784 885 1831 suam
923 1781 1092 1838 usque
1129 1763 1195 1820 ad
1233 1772 1444 1828 tetatem
1485 1759 1798 1828 senectutis,

212 1865 366 1939 pauci
389 1864 500 1924 dies
527 1871 654 1930 sunt
681 1870 788 1918 tota
815 1858 919 1915 vita
950 1856 1182 1922 hominis
1220 1873 1234 1910 :
1273 1871 1379 1927 quo
1412 1854 1592 1916 labore
1627 1861 1801 1906 trans-

211 1972 354 2028 acto,
382 1959 559 2018 veniet
587 1971 806 2028 regnum
833 1962 1116 2016 :cternum.
1148 1949 1324 2008 veniet
1350 1949 1469 2006 sine
1495 1948 1598 2004 line
1630 1945 1797 2012 fclici-

212 2064 292 2111 tas
316 2096 330 2118 ,
352 2051 527 2107 veniet
569 2048 844 2119 aequalitas
891 2044 1217 2116 Angrlorum
1242 2084 1260 2112 ,
1301 2041 1480 2106 veniet
1514 2038 1800 2099 haereditas

208 2145 425 2216 Christi,
458 2144 633 2206 veniet
657 2142 896 2202 colubros
923 2139 1187 2198 Christus.
1241 2137 1347 2201 Pro
1371 2145 1570 2208 quanto
1617 2133 1798 2196 labore

211 2247 459 2313 quantam
482 2233 783 2296 mercedem
805 2231 1128 2306 accipimus!
1161 2228 1408 2292 Veterani
1436 2227 1683 2290 homines
1706 2223 1798 2296 qui

211 2330 452 2404 laborant
495 2330 548 2394 in
585 2328 811 2396 militia,
842 2336 898 2388 et
924 2331 1207 2388 versantur
1255 2324 1397 2380 inter
1441 2321 1665 2380 vulnera
1720 2326 1799 2376 tot

212 2439 399 2497 annos,
431 2422 691 2495 incipiunt
731 2421 1012 2486 militarea
1035 2418 1338 2490 juventute,
1369 2421 1568 2478 exeunt
1597 2427 1796 2482 senes;

217 2528 267 2576 et
308 2526 364 2580 ut
406 2516 636 2582 habeant
679 2528 876 2588 paucos
915 2513 1032 2580 dies
1066 2511 1278 2584 quietos
1327 2507 1620 2566 senectutis
1662 2523 1795 2578 sum,

219 2608 418 2682 quando
443 2624 536 2665 eos
560 2608 668 2679 jam
700 2608 812 2689 ipsa
843 2615 974 2662 mtas
1004 2604 1189 2681 incipit
1223 2618 1448 2679 gravare
1481 2616 1616 2672 quos
1657 2600 1796 2668 bella

223 2718 317 2768 non
337 2712 574 2775 gravant,
606 2711 802 2776 quanta
831 2700 962 2757 dura
989 2698 1250 2763 tolerant;
1275 2711 1397 2768 qua:
1423 2695 1610 2751 itinera
1632 2735 1648 2760 ,
1675 2708 1798 2766 qum

225 2795 400 2869 frigora
421 2839 436 2866 ,
465 2812 602 2868 quos
642 2795 782 2849 soles
804 2835 819 2860 ,
844 2802 1070 2864 quantas
1100 2789 1449 2846 necessitates
1468 2829 1482 2852 ,
1516 2801 1635 2856 qua:
1677 2784 1797 2849 vul-

229 2903 362 2955 nera,
387 2903 504 2961 quae
528 2885 759 2958 pericula
784 2885 797 2940 !
823 2884 892 2943 Et
921 2898 1028 2947 non
1061 2881 1345 2944 attendunt
1386 2879 1654 2954 patientes
1681 2876 1797 2940 lucc

232 2979 387 3048 omnia
416 3020 430 3045 ,
452 2978 552 3046 nisi
601 2992 799 3052 paucos
825 2976 938 3042 dies
964 2976 1173 3047 quietos
1207 2973 1328 3029 illos
1373 2971 1703 3046 senectutis,
1730 2968 1798 3026 ad

232 3087 348 3144 quos
366 3081 536 3128 utrum
569 3069 880 3142 perveniant
904 3068 1172 3132 nesciunt.
1203 3066 1342 3141 Ergo
1363 3082 1394 3120 α
1419 3063 1637 3126 Domina
1657 3077 1799 3135 gres-

233 3179 304 3234 sus
326 3163 533 3226 liomiuis
561 3161 843 3234 dirigentur
870 3203 885 3232 ,
908 3170 956 3216 et
985 3160 1116 3224 viam
1142 3159 1251 3230 ejus
1277 3157 1425 3213 uolet.
1460 3156 1592 3212 lline
1619 3155 1799 3212 dicere

235 3270 473 3332 coeperam
501 3273 516 3312 :
543 3255 683 3320 viam
705 3252 903 3326 Clu-isti
928 3253 971 3307 si
1003 3253 1103 3320 vis,
1132 3259 1189 3312 et
1214 3265 1337 3306 vere
1361 3249 1680 3312 christianos
1706 3261 1795 3313 es,

235 3346 330 3422 ipse
363 3356 444 3412 est,
483 3346 626 3417 enim
667 3343 992 3410 christianos
1025 3343 1114 3414 qui
1159 3358 1264 3400 non
1304 3349 1623 3413 aspernatur
1657 3339 1796 3400 viam

234 3434 443 3506 Christi,
483 3437 576 3494 sed
625 3435 738 3500 vult
781 3435 918 3500 viam
973 3433 1171 3494 Christi
1211 3432 1364 3506 sequi
1388 3449 1483 3510 per
1524 3431 1799 3504 passiones

233 3528 398 3604 ipsius,
430 3529 536 3589 noli
570 3543 666 3601 per
695 3528 854 3592 aliam
883 3526 1020 3587 viam
1049 3525 1186 3588 velle
1212 3526 1290 3586 ire
1329 3539 1490 3604 quam
1529 3539 1624 3600 per
1654 3524 1796 3586 illam

232 3632 318 3695 qua
341 3623 450 3696 ipse
489 3622 604 3680 ivit.
651 3620 789 3686 Dura
833 3617 1082 3694 videtur,
1111 3617 1207 3674 sed
1255 3618 1368 3694 ipsa
1399 3626 1484 3680 est
1511 3627 1621 3679 tuta
1663 3616 1746 3676 via
1780 3633 1794 3674 :

225 3714 316 3778 alia
342 3714 478 3776 forte
503 3713 726 3780 delicias
746 3712 929 3785 habet,
956 3711 1052 3774 scd
1076 3711 1372 3778 latronibus
1398 3712 1556 3784 plena
1595 3723 1698 3776 est.
1729 3709 1799 3786 Et

223 3805 344 3874 riunt
371 3807 479 3884 ejus
501 3805 655 3874 volet.

288 3899 370 3956 i7.
409 3896 431 3972 [
458 3914 586 3958 vers.
612 3896 703 3962 25.
729 3893 903 3970 ]Cttm
943 3894 1210 3966 ceciderit,
1243 3910 1342 3956 non
1385 3893 1798 3966 conturbabitur,

218 3991 440 4064 quoniam
486 3989 737 4054 Dominus
774 3988 1041 4061 conﬁt-nuit
1079 4004 1282 4046 omnum
1322 3990 1452 4061 ejus.
1505 3989 1641 4059 Ecce
1674 3989 1798 4060 quid

219 4095 328 4154 est,
353 4083 485 4150 velle
515 4085 652 4146 viain
682 4081 901 4139 Christi.
935 4080 1220 4152 Cooliugat
1257 4082 1327 4136 illi
1361 4093 1416 4138 ut
1442 4081 1670 4154 aliquam
1702 4084 1800 4150 tri-

219 4175 532 4246 bulationem
554 4177 800 4249 patiatur,
815 4175 1045 4246 aliquam
1060 4175 1557 4243 exltonoratinuem,
1568 4177 1801 4249 aliquam

219 4271 606 4336 contumeliam,
639 4269 867 4340 aliquam
897 4266 1262 4331 afﬂictionem.
1289 4269 1465 4340 aliqua
1489 4269 1682 4336 damna
1703 4309 1719 4338 ,
1748 4281 1804 4328 et

220 4375 401 4423 czetera
437 4376 786 4436 quaecumque
822 4359 1096 4424 abundant
1122 4361 1176 4426 in
1206 4361 1310 4424 vita
1337 4361 1436 4422 ista
1471 4362 1654 4433 generi
1700 4363 1802 4424 bu.

222 4472 376 4513 mauo
403 4473 418 4514 t
447 4455 694 4526 proponit
724 4453 823 4517 sibi
853 4447 1138 4514 Dominum
1169 4468 1322 4516 suum
1344 4494 1360 4516 ,
1383 4463 1580 4524 quanta
1605 4469 1803 4528 genera

225 4552 561 4610 tentationum
587 4564 772 4620 passus
795 4557 878 4610 est
901 4566 914 4602 :
937 4557 989 4604 et
1009 4565 1108 4604 nou
1134 4548 1510 4612 ceuittrbttbitur
1535 4567 1650 4606 cum
1676 4551 1806 4613 ceci-

225 4644 370 4701 derit.
396 4644 513 4711 quia
545 4640 796 4711 Dentium
824 4641 1091 4711 ceu/imm!
1117 4658 1322 4712 intutum
1348 4643 1482 4712 ejus;
1507 4643 1630 4714 quia
1659 4644 1806 4714 prior

229 4752 401 4808 paSsus
425 4747 527 4793 est.
557 4736 693 4817 Quid
723 4736 864 4791 enim
899 4735 1128 4804 timebis,
1160 4749 1194 4788 ο
1218 4733 1410 4797 homo.
1438 4737 1591 4807 cujus
1614 4738 1802 4794 directi

227 4840 343 4886 simt
377 4845 625 4902 gressus,
649 4839 707 4886 ut
735 4829 901 4886 velles
932 4829 1068 4882 viam
1107 4827 1355 4883 Domini?
1381 4829 1516 4896 Quid
1555 4831 1806 4889 timebis?

229 4921 479 4979 Dolores?
500 4920 816 5002 Flagellatus
851 4930 933 4980 est
970 4919 1215 4976 Christus
1245 4918 1456 4994 (Matth.
1487 4937 1657 4990 xxvn,
1685 4924 1804 4996 26).

232 5010 578 5076 Contumelias
601 5011 854 5080 timebis?
884 5012 1099 5070 Audivit
1117 5052 1133 5079 ,
1164 5010 1484 5070 Dmmouimu
1507 5014 1659 5071 habes
1678 5058 1692 5081 ,
1715 5018 1806 5088 qui

234 5105 478 5162 dtcmonia
520 5106 833 5162 excludebat
879 5105 1214 5182 (Joan.vnt,
1245 5106 1363 5182 48).
1411 5108 1574 5166 Forte
1622 5109 1808 5167 factio-

238 5217 345 5261 nem
363 5212 414 5267 et
433 5201 879 5272 conspirationem
903 5204 1160 5264 malorum
1178 5203 1202 5260 7
1222 5203 1593 5275 Conspiratum
1613 5215 1697 5260 est
1715 5205 1811 5262 ad-

241 5310 407 5350 versus
442 5296 587 5350 illum
614 5293 738 5369 (Id.
772 5310 853 5362 ts,
881 5293 998 5365 εξ).
1031 5293 1146 5350 Non
1181 5305 1332 5366 potes
1355 5297 1641 5352 ostendere
1671 5296 1808 5356 forte

241 5387 600 5442 conscientiam
630 5398 770 5441 tuam
811 5385 1001 5440 bonam
1032 5385 1084 5440 in
1122 5385 1298 5458 aliqua
1337 5388 1676 5444 accusatione
1706 5429 1722 5455 ,
1754 5398 1810 5446 et

244 5480 332 5534 vim
361 5481 555 5551 pateris
583 5479 723 5554 quod
766 5481 1022 5536 atin'l‘SlIS
1061 5490 1114 5536 te
1143 5479 1255 5536 falsi
1299 5490 1462 5536 testes
1502 5481 1807 5539 audiuntur.

243 5572 420 5632 Contra
450 5579 622 5646 ipsum
653 5575 878 5646 priunun
911 5575 1099 5632 falsum
1134 5576 1494 5634 testimonium
1525 5577 1808 5648 dixerunt,

245 5685 336 5725 non
356 5669 526 5725 solum
551 5679 674 5725 ante
703 5679 928 5726 mortem
949 5711 966 5737 ,
997 5668 1093 5726 sed
1123 5670 1280 5726 etiam
1309 5680 1427 5742 post
1461 5674 1812 5730 resurrectio-

246 5778 374 5824 neri.
401 5760 607 5824 inducti
631 5770 756 5822 sunt
783 5761 902 5825 falsi
927 5771 1113 5830 testes.
1141 5771 1199 5836 με
1221 5779 1254 5825 I
1278 5763 1546 5834 iudicibus
1587 5765 1812 5831 damus:-

1347 237 1743 298 ENARRATIO
1783 236 1845 291 IN
1877 236 2197 298 PSALMUM
2226 241 2464 298 XXXVI.

3399 251 3498 314 574

1913 361 2064 409 retur
2091 355 2300 427 (ΜιιιιΙι.
2328 375 2489 428 xxvr,
2517 361 2608 433 60)
2642 379 2654 416 :
2685 375 3028 422 accesserunt
3070 367 3185 424 falsi
3224 377 3386 429 testes
3410 390 3502 432 cu.

1910 445 2091 500 studes
2141 447 2207 502 ad
2259 451 2584 520 sepulcrum.
2639 453 2950 512 Resurrexit
3016 459 3104 516 ille
3175 477 3295 518 cum
3356 475 3498 525 tanto

1911 540 2201 604 miraculo;
2233 556 2497 600 commota
2547 555 2688 603 terra
2729 549 2962 620 prodidit
3005 552 3284 611 Dominum
3326 571 3502 614 resur-
3581 570 3588 586 ’

1910 643 2146 704 gentem.
2176 634 2302 690 Erat
2338 635 2447 692 illic
2489 647 2542 694 et
2591 649 2734 696 terra
2785 643 3094 700 custodiens
3140 653 3373 716 terram;
3405 650 3504 708 sed

1912 735 2053 784 terra
2084 728 2267 786 durior
2306 732 2503 789 mutari
2546 748 2652 789 non
2696 736 2888 805 potuit.
2915 736 3188 796 Nuntiavit
3213 757 3336 798 vera
3361 785 3376 811 ,
3405 745 3505 802 sed

1910 821 2129 878 seducta
2154 832 2238 880 est
2263 839 2294 878 a
2317 825 2464 881 falsa.
2489 824 2748 882 Dixerunt
2769 829 2909 884 enim
2933 830 3005 885 illi
3027 832 3275 889 custodes
3299 834 3504 896 Judmis

1911 929 2030 987 qum
2060 917 2290 979 viderint
2315 961 2330 988 ,
2357 927 2412 976 et
2439 919 2564 994 quid
2605 920 2800 977 factum
2831 923 2901 984 sit
2932 940 2946 979 :
2975 937 3300 999 acceperunt
3339 946 3505 1003 pecu-

1910 1007 2073 1073 niam,
2102 1018 2158 1065 et
2181 1009 2378 1066 dictum
2405 1022 2487 1068 est
2510 1013 2620 1070 eis:
2647 1013 2809 1070 Dicite
2832 1017 2968 1086 quod
2986 1018 3120 1074 vobis
3141 1022 3504 1082 dormientibus

1911 1114 2146 1160 uenerunt
2172 1105 2412 1177 discipuli
2439 1109 2549 1180 ejus
2569 1150 2583 1174 ,
2614 1120 2660 1164 et
2685 1110 2995 1168 abstulerunt
3014 1130 3127 1168 eum
3149 1114 3259 1188 (Id.
3290 1134 3455 1175 xxvm
3481 1161 3500 1190 ,

1911 1195 2023 1267 12).
2058 1197 2193 1253 Eet'e
2223 1197 2340 1254 falsi
2364 1207 2557 1268 testes,
2585 1213 2639 1257 et
2661 1213 2847 1260 contra
2874 1215 3260 1276 resurgentem.
3291 1211 3502 1280 Quanta

1909 1298 2084 1344 autem
2111 1293 2322 1348 caecitas
2351 1293 2402 1348 in
2431 1291 2578 1351 falsis
2603 1295 2827 1352 testibus
2845 1337 2862 1363 ,
2889 1310 3087 1369 quanta
3118 1301 3329 1359 caecitas
3347 1346 3364 1372 ,
3392 1303 3503 1362 fra-

1909 1382 2048 1437 tres!
2080 1381 2264 1439 Solent
2302 1383 2402 1440 hoc
2440 1386 2582 1441 enim
2611 1387 2720 1459 pati
2761 1385 2876 1444 falsi
2918 1396 3107 1458 testes,
3144 1401 3200 1448 ut
3224 1409 3502 1455 exetccen-

1908 1481 2011 1540 tur,
2042 1484 2094 1530 et
2121 1487 2305 1532 contra
2327 1493 2386 1533 se
2408 1479 2582 1535 dicant
2609 1480 2906 1538 nescientes
2933 1482 3072 1538 unde
3095 1495 3348 1556 appareat
3374 1487 3502 1560 quia

1909 1571 2022 1632 falsi
2061 1580 2187 1627 sunt
2228 1583 2413 1630 testes.
2441 1573 2577 1644 Quid
2622 1574 2765 1631 enim
2795 1575 2872 1630 illi
2899 1587 3084 1633 contra
3119 1593 3178 1634 se
3203 1577 3500 1640 dixerunt?

1904 1661 2040 1720 Cum
2082 1664 2468 1731 dormiremus,
2501 1678 2739 1722 venerunt
2764 1668 3002 1742 discipuli
3040 1671 3183 1744 ejus,
3207 1682 3252 1726 et
3281 1673 3504 1734 abstule-

1904 1767 2024 1814 runt
2070 1775 2201 1816 eum.
2233 1759 2368 1830 Quid
2399 1769 2478 1815 est
2509 1759 2805 1829 boc?Quis
2841 1772 2925 1819 est
2961 1763 3048 1836 qui
3089 1765 3219 1820 dicit
3255 1768 3501 1827 testimo-

1903 1850 2049 1907 nimn
2071 1854 2096 1906 ?
2121 1852 2219 1921 Qtti
2250 1853 2570 1911 dormiebat.
2602 1855 2818 1912 Talibus
2859 1873 2958 1928 ego
3011 1862 3351 1919 narrantibus
3390 1879 3501 1924 non

1903 1945 2180 2002 crederem
2204 1988 2220 2014 ,
2253 1961 2352 2010 nec
2374 1946 2418 2002 si
2446 1949 2652 2006 somnia
2683 1963 2777 2006 sua
2806 1949 2937 2005 mihi
2967 1951 3282 2010 indicarent.
3324 1937 3500 2016 Stulta

1902 2037 2143 2100 insania!
2171 2038 2215 2096 si
2247 2038 2518 2112 vigilabas,
2544 2055 2712 2112 quare
2739 2042 3071 2122 permisisti?
3095 2044 3141 2108 si
3168 2045 3497 2120 dormiebas,

1903 2131 2046 2192 unde
2072 2131 2260 2191 scisti?

1975 2226 2064 2288 is.
2105 2227 2192 2284 Sic
2216 2234 2272 2284 et
2302 2226 2387 2288 isti
2416 2226 2493 2300 (α)
2523 2226 2614 2284 lilii
2640 2241 2824 2284 eorum
2843 2229 2888 2298 ⁸,
2917 2228 3054 2286 sicut
3081 2233 3421 2303 meministis,
3441 2244 3502 2299 et

1904 2319 2413 2392 prmtermittentlum
2441 2335 2508 2376 ex
2537 2320 2820 2378 occasione
2845 2337 2950 2380 non
2981 2332 3085 2380 est.
3114 2324 3286 2384 Tanto
3328 2329 3500 2402 magis

1901 2413 2044 2472 enim
2061 2410 2317 2474 debemus
2332 2427 2753 2476 commemorare
2768 2413 3054 2476 vanitatem
3077 2431 3283 2484 eorum,
3297 2429 3498 2490 quanto

1901 2505 2071 2578 magis
2093 2506 2382 2576 quan-imus
2414 2505 2639 2561 salutem
2671 2519 2881 2566 eorum.
2915 2505 3054 2564 Ecce
3077 2522 3272 2581 corpus
3299 2509 3500 2572 Christi

1903 2599 2100 2671 patitur
2139 2597 2303 2658 falsos
2330 2608 2525 2670 testes,
2549 2599 2778 2660 sustinet
2813 2614 3009 2670 corpus
3045 2602 3186 2674 quod
3223 2606 3501 2676 praecessit

1901 2691 1954 2747 in
1984 2691 2178 2762 capite,
2200 2690 2314 2760 Non
2333 2692 2526 2750 mirum
2557 2700 2659 2760 est,
2682 2701 2736 2750 et
2752 2693 2912 2752 modo
2934 2710 3040 2750 non
3060 2695 3254 2753 desunt
3280 2700 3498 2771 corpori

1900 2781 2096 2846 Christi
2121 2781 2312 2844 diil'uso
2335 2797 2430 2855 per
2460 2791 2626 2840 totum
2653 2783 2839 2840 orbem
2872 2794 3132 2842 terrarum
3160 2789 3248 2858 qui
3277 2789 3494 2848 dicant:

1900 2875 2193 2948 Progenies
2231 2875 2568 2944 traditarum.
2592 2875 2806 2936 Falsum
2839 2878 3201 2934 tcsnmonium
3234 2879 3388 2938 dicis.
3420 2881 3498 2940 lbi

1905 2976 1956 3025 to
1979 2969 2244 3033 cotn'iueo
2269 2967 2456 3034 falsum
2485 2976 2678 3026 testem
2707 3008 2724 3040 ,
2757 2980 2976 3026 secutus
3003 2985 3169 3040 pauca
3201 2973 3383 3029 verba.
3413 2973 3497 3031 Tu

1901 3062 2030 3118 mihi
2059 3060 2194 3128 dicis
2220 3079 2234 3118 :
2263 3059 2513 3128 Traditur
2548 3076 2627 3124 es.
2669 3061 2782 3134 Ego
2825 3061 2917 3117 tibi
2959 3060 3118 3118 dico:
3148 3061 3369 3121 Mendax
3411 3081 3493 3124 es.

1899 3154 2003 3217 Sed
2034 3163 2088 3211 tu
2119 3153 2456 3219 traditionem
2484 3169 2657 3218 meam
2687 3168 2950 3225 nusquam
2976 3163 3030 3212 et
3055 3171 3324 3228 nunquam
3367 3172 3495 3230 pro-

1901 3250 1998 3310 bas
2023 3269 2038 3306 :
2059 3266 2158 3320 ego
2176 3248 2509 3310 mendacium
2535 3257 2680 3313 tuum
2702 3248 2790 3310 hic
2812 3248 2865 3312 in
2893 3249 3009 3305 istis
3030 3249 3160 3322 ipsis
3185 3250 3363 3312 verbis
3387 3253 3494 3314 tuis

1902 3343 2062 3400 modo
2094 3343 2282 3414 probo.
2305 3339 2463 3398 Certo
2502 3342 2571 3402 ibi
2597 3340 2776 3407 dixisti
2798 3382 2814 3406 .
2844 3341 2969 3412 quia
2997 3357 3091 3397 nos
3118 3344 3357 3402 acuimus
3383 3346 3498 3418 gla-

1901 3436 2021 3493 dios
2049 3446 2264 3495 nostros
2293 3454 2306 3490 :
2337 3435 2508 3495 recito
2535 3444 2685 3505 gesta
2727 3443 2935 3494 tuorum
2967 3433 3492 3496 Circumcelliouum.

1902 3529 2060 3585 Certe
2093 3526 2166 3602 (b)
2196 3528 2266 3585 ibi
2295 3527 2511 3594 dixisti,
2533 3525 2656 3596 quia
2686 3527 3051 3598 praetermittis
3073 3527 3246 3584 ablata
3278 3546 3294 3586 :
3328 3530 3495 3588 recito

1903 3622 2098 3685 Gesta,
2130 3620 2217 3677 ubi
2260 3617 2685 3691 procurationem
2715 3615 2784 3679 ad
2812 3617 3069 3690 exigenda
3112 3619 3301 3676 fecisti.
3335 3618 3497 3686 Certe

1904 3713 1977 3771 ibi
2011 3715 2191 3770 dixiin
2222 3731 2235 3767 :
2265 3711 2374 3769 Nos
2403 3711 2516 3771 sola
2561 3709 2834 3774 offerimus
2862 3709 3148 3782 Evangelia
3176 3726 3195 3766 :
3223 3711 3388 3770 recito
3417 3721 3498 3776 tot

1898 3806 2170 3880 jussiones
2192 3805 2452 3877 indicum,
2479 3803 2674 3876 quibus
2697 3818 2728 3860 ει
2755 3811 2808 3860 te
2827 3802 3033 3866 divisos
3057 3814 3365 3874 persecutus
3391 3820 3493 3866 es:

1904 3877 2276 3957 recitoPreecs
2288 3897 2354 3953 ad
2372 3899 2677 3968 Apostatam
2693 3897 3091 3967 imperatorem,
3103 3896 3188 3954 cui
3205 3897 3381 3954 dixisti
3398 3897 3492 3969 (r),

1904 3993 2027 4065 quia
2056 3994 2170 4047 sola
2204 3990 2406 4060 justiti:
2447 3989 2588 4060 apud
2631 4005 2751 4045 cum
2797 3989 2957 4048 habet
2991 3989 3190 4045 locum.
3221 3990 3303 4052 An
3352 3987 3494 4048 forte

1905 4085 2168 4157 apostasia
2210 4083 2405 4140 Juliani
2429 4124 2446 4148 ,
2484 4097 2607 4152 pars
2647 4081 2916 4153 Evangelii
2963 4080 3057 4136 tibi
3087 4080 3332 4136 videtur?
3359 4079 3498 4141 Ecce

1905 4183 2216 4239 mendaeem
2247 4190 2300 4236 te
2334 4179 2523 4235 teneo.
2551 4177 2689 4245 Quid
2731 4176 2798 4235 de
2844 4191 2932 4238 me
2953 4176 3134 4234 dixisti
3172 4174 3311 4246 quod
3347 4173 3497 4239 credi

1905 4277 2139 4334 debeat?
2165 4275 2388 4332 Etiamsi
2413 4290 2519 4330 non
2546 4273 2842 4330 invenirem
2871 4272 3013 4330 unde
3040 4270 3377 4336 ostenderem
3397 4270 3500 4331 fal-

1905 4386 2022 4428 sum
2051 4381 2103 4428 te
2119 4371 2319 4438 dicere,
2340 4369 2538 4426 sufﬁcit
2558 4379 2616 4425 ut
2635 4369 2917 4426 ostendam
2941 4376 2995 4425 te
3015 4366 3330 4426 mendacem
3351 4381 3495 4424 esse.

1907 4463 2046 4534 Quid
2070 4463 2240 4519 dicis?
2263 4463 2448 4532 Qualis
2476 4473 2529 4518 tu
2549 4503 2566 4532 ,
2598 4461 2732 4518 tales
2757 4469 2812 4518 et
2847 4460 3028 4524 caueri
3054 4462 3097 4516 ³.
3127 4459 3260 4516 Nam
3304 4459 3499 4516 merito

1908 4557 2036 4613 talia
2066 4557 2225 4614 verba
2253 4555 2503 4614 omnibus
2529 4554 2760 4612 misisti:
2791 4552 3065 4610 abundare
3089 4551 3302 4608 voluisti
3324 4550 3501 4609 socie-

1974 4693 1993 4759 ξ
2027 4693 2111 4746 Hic
2132 4694 2180 4743 in
2205 4691 2317 4749 Edd.
2340 4691 2548 4759 additur,
2571 4703 2722 4759 usque
2742 4689 2837 4741 huc
2858 4701 2878 4759 ξ
2899 4688 3028 4759 quod
3049 4701 3078 4738 a
3096 4688 3383 4759 Itss._abest.

1973 4757 1996 4788 ⁸
2027 4763 2142 4805 Octo
2160 4763 2284 4805 Mss.:
2304 4753 2394 4816 Qui
2409 4750 2551 4814 dicis,
2569 4750 2731 4816 onst
2753 4760 2823 4810 tu,
2847 4750 2966 4802 tales
2987 4758 3031 4816 et
3048 4750 3230 4816 Crateri.
3249 4755 3389 4816 Forte
3410 4761 3502 4800 ve-

1909 4817 2031 4877 rius,
2043 4819 2187 4883 juxta
2213 4812 2330 4883 illud
2351 4817 2478 4883 quod
2501 4812 2846 4883 bie‘aliquanto
2868 4821 2975 4883 post
2993 4812 3192 4883 legitur,
3213 4826 3263 4863 ιι.
3284 4812 3377 4863 20:
3402 4821 3501 4883 {Ioc

1908 4871 2086 4934 eratin
2110 4879 2301 4945 regula,
2319 4871 2487 4940 Quales
2506 4871 2809 4945 fuerirgt'cum
2831 4871 3002 4938 quibus
3019 4871 3166 4938 fuerit
3179 4871 3506 4926 conmunica-

1909 4949 2030 5003 tum,
2053 4936 2182 4993 tales'
2191 4936 2301 5005 ﬁeri
2321 4936 2484 4991 euntes
2503 4936 2550 4991 'et
2571 4936 3087 4991 universam'massam.

1973 5025 2048 5083 (α)
2074 5024 2345 5074 Donatistae.

1978 5025 2048 5088 (α)
2074 5025 2345 5074 Donatistae.

1978 5087 2052 5149 (b)
2077 5087 2195 5136 Hinc
2219 5087 2374 5148 liquet
2415 5083 2732 5149 Augustinum
2755 5081 2868 5149 hoc
2899 5094 3131 5149 sermone
3172 5081 3503 5149 refellendum

1913 5145 2190 5210 suscepisse
2215 5145 2430 5198 Primiani
2455 5145 2737 5210 mandatum
2751 5145 3053 5210 ill_ud,_cuju§
3074 5146 3295 5210 meminit
3316 5146 3363 5196 in
3387 5152 3506 5210 Bre-

1913 5205 2074 5262 viculo
2090 5209 2361 5261 collationis
2382 5224 2492 5260 cum
2510 5208 2768 5262 Donatistis
2781 5207 2865 5262 die
2879 5205 2930 5268 3,
2953 5205 2998 5257 (Ξ.
3012 5205 3085 5270 ί8;
3108 5207 3198 5262 sed
3223 5207 3509 5270 expressius

1914 5272 1967 5323 in
1989 5271 2074 5322 lib.
2099 5273 2132 5322 4
2153 5282 2319 5324 contra
2339 5273 2666 5336 (armenium,
2691 5283 2797 5336 cap.
2821 5270 2899 5330 47,
2938 5271 2985 5322 in
3010 5269 3115 5336 huic
3148 5269 3302 5336 verba
3323 5284 3336 5336 ξ
3371 5274 3508 5336 εοιιι

1921 5352 1947 5383 ιι
1970 5348 2090 5399 ergo
2101 5336 2361 5399 Primianus
2377 5334 2503 5399 apud
2523 5342 2631 5387 Acta
2652 5329 2963 5399 magistratus
2976 5331 3364 5399 Cartliaginensis
3378 5329 3509 5399 inter

1922 5415 1947 5444 ι
1969 5391 2062 5448 alia
2099 5411 2211 5458 quae
2241 5398 2306 5448 de
2350 5391 2492 5448 nobis
2531 5391 2886 5458 contumelioso
2932 5391 3280 5458 prosequénda
3310 5391 3509 5458 manda-

1924 5477 1947 5508 ι
1969 5463 2067 5572 lvilt,
2109 5455 2206 5520 Illi,
2242 5462 2423 5526 inquit,
2451 5459 2682 5511 auferunt
2701 5457 2860 5508 aliena
2878 5492 2895 5520 ,
2921 5455 3010 5507 nos
3031 5455 3394 5508 intermittimus
3416 5455 3507 5505 ab-

1924 5541 1948 5572 ι
1987 5538 2014 5572 tl
2037 5537 2082 5572 a.
2107 5541 2128 5568 ι

1923 5541 1948 5572 ι
1969 5533 2082 5574 tata.
2107 5541 2128 5568 ι

1982 5587 2053 5649 (c)
2074 5586 2126 5652 td
2147 5599 2286 5649 porro
2303 5587 2352 5652 in
2373 5585 2604 5638 Precibus
2623 5584 2812 5652 Juliano
2847 5579 3278 5652 Apostatteoblatis
3302 5579 3504 5652 nomine

1917 5644 2269 5701 Donatistarum
2305 5648 2538 5701 dixerunt
2581 5646 2867 5710 negationes
2889 5644 2955 5694 et
2991 5644 3215 5710 Pontius,
3259 5653 3322 5693 ex
3359 5644 3505 5710 Epist.z

1920 5711 2127 5824 ioue,ch
2149 5712 2438 5772 Donatistas,
2461 5726 2511 5762 ιι.
2535 5711 2570 5763 9
2587 5745 2602 5771 ,
2627 5701 2679 5760 ει
2701 5707 2788 5757 lib.
2812 5705 2844 5757 2
2862 5713 3030 5758 contra
3051 5701 3359 5767 PetilianUm,
3383 5701 3427 5756 ὁ,
3449 5701 3516 5757 91

1923 5789 1952 5824 e
2043 5795 2083 5824 ι.

1923 5783 1973 5826 et
2003 5776 2083 5824 97.
