3960 6470
533 304 639 360 575

531 428 642 474 tate
679 414 1014 474 mendacium
1039 455 1053 480 ,
1084 425 1150 468 ne
1196 419 1252 466 tn
1294 407 1439 465 solus
1478 407 1825 463 erubesceres
1867 404 1935 461 dc
1963 418 2116 461 men-

530 509 704 656 mild):
735 597 841 655 Sed
890 597 1099 660 valeat,
1130 591 1336 663 inquit,
1369 591 1423 646 in
1474 587 1813 646 Caecilianum
1855 590 2117 661 judicium

527 700 742 763 patrum
780 699 1105 744 nostrorum.
1133 683 1309 752 Quare
1337 681 1576 738 valebit?
1601 682 1736 748 Quia
1763 681 2001 751 episcOpi
2027 682 2115 751 ju—

527 787 859 844 dicaverunt.
880 779 1065 838 Valeat
1089 787 1145 834 et
1167 778 1218 832 in
1248 786 1321 846 te,
1348 775 1491 847 quod
1521 774 1920 829 Maximianistrc
1939 775 1954 806 ³
1977 773 2127 854 Ῑιιιιίιι⁸

527 882 805 933 caverunt.
834 873 1011 938 Prius,
1040 868 1184 926 enim
1213 867 1354 940 quod
1376 866 1538 923 credo
1551 881 1646 921 vos
1667 882 1847 933 nosse,
1879 866 2130 945 episcopi.

523 968 921 1028 consentientes
953 981 1073 1020 cum
1104 961 1425 1018 Maximiano
1450 961 1627 1015 adhuc
1662 960 1887 1017 diacono
1914 959 2113 1029 ipsius,

522 1070 786 1118 venerunt
808 1059 876 1115 ad
893 1056 1292 1129 Carthaginem,
1319 1054 1453 1110 sicut
1470 1067 1528 1109 se
1552 1052 1712 1109 habet
1726 1053 2050 1107 'l'ractatoria
2068 1054 2113 1120 ³,

522 1170 681 1228 quam
716 1154 876 1209 etiam
910 1151 1087 1207 Cestis
1110 1150 1481 1220 alligaverunt.
1507 1162 1629 1204 cum
1658 1148 1924 1217 litigareut
1949 1145 2023 1219 (a)
2048 1144 2117 1201 de

521 1246 683 1304 domo
712 1262 834 1303 cum
861 1252 1206 1316 procuratore
1236 1242 1377 1297 illius
1398 1239 1471 1313 (ὑ)
1494 1240 1584 1312 qui
1605 1239 1960 1311 praetermittit
1978 1237 2118 1293 abla-

521 1349 599 1396 ta.
627 1339 772 1409 Ergo
818 1336 991 1407 primo
1031 1336 1073 1390 Τ
1078 1336 1414 1391 ractatoriam
1442 1333 1509 1389 de
1532 1334 1622 1388 illo
1650 1333 1949 1397 miserunt,
1980 1346 2114 1386 con-

521 1438 815 1502 querentes
843 1427 963 1499 quia
996 1426 1165 1480 uoluit
1188 1426 1253 1480 ad
1286 1424 1408 1479 illos
1433 1424 1582 1480 exire
1609 1442 1623 1478 :
1648 1424 1751 1479 hoc
1776 1423 1916 1478 enim
1945 1419 2115 1477 maxi-

524 1535 613 1575 me
636 1518 912 1589 conquesti
943 1524 1087 1571 sunt.
1118 1515 1252 1571 Vide
1278 1513 1544 1586 quomodo
1569 1513 1674 1568 illis
1712 1513 1849 1569 Deus
1883 1512 2117 1569 reddidit

521 1609 665 1680 quod
693 1610 760 1665 de
803 1609 1086 1665 Caeciliano
1112 1605 1380 1662 dixerunt.
1414 1605 1542 1660 Mira
1573 1603 1867 1660 similitudo
1900 1621 1913 1658 :
1949 1604 2117 1660 voluit

523 1702 667 1760 Deus
696 1711 813 1773 post
835 1710 909 1755 tot
931 1715 1100 1754 annos
1129 1699 1403 1753 revolvere
1430 1697 1536 1752 illis
1563 1695 1614 1751 in
1641 1695 1827 1751 faciem
1853 1694 1993 1767 quod
2021 1710 2115 1766 ge-

520 1805 664 1850 stum
693 1801 794 1858 est,
824 1800 878 1847 ut
896 1792 1112 1847 omnino
1131 1791 1270 1845 unde
1291 1788 1626 1845 dissimulent
1649 1798 1706 1844 et
1732 1803 1833 1859 qtta
1859 1786 2114 1858 effugiant

521 1903 631 1943 non
677 1884 967 1940 inveniant.
996 1881 1202 1938 Ohlitos
1247 1895 1307 1936 se
1355 1881 1596 1936 dicerent
1643 1894 1764 1951 qua:
1799 1887 1946 1949 gesta
1987 1885 2113 1933 sunt

516 1987 677 2042 ante;
710 1990 813 2029 non
840 1990 932 2030 eos
958 1974 1098 2028 Dens
1124 1972 1250 2028 sinit
1275 1971 1514 2028 oblivisci
1547 1987 1559 2025 :
1591 1978 1751 2041 atque
1788 1969 1989 2024 utinam
2019 1984 2114 2024 va-

517 2071 626 2125 leat
666 2069 746 2125 eis
774 2066 839 2121 ad
870 2067 1127 2121 salutem!
1162 2064 1291 2120 Nam
1321 2061 1685 2119 misericordia
1725 2076 1819 2116 sua
1852 2059 1974 2117 fecit
2012 2060 2114 2117 hoc

515 2161 659 2218 Deus
683 2202 697 2226 ,
725 2162 768 2215 si
820 2159 1164 2214 consulerent
1212 2155 1338 2229 quid
1390 2155 1460 2211 sit
1506 2154 1724 2210 factum.
1754 2153 1945 2209 Ponite
1980 2165 2112 2224 ergo

514 2251 667 2308 vobis
696 2261 819 2305 ante
847 2252 1051 2309 oculos.
1082 2249 1296 2313 fratres,
1327 2246 1585 2301 unitatem
1615 2254 1740 2299 tunc
1761 2244 1906 2299 orbis
1938 2251 2107 2299 terra-

514 2358 633 2399 rum
654 2384 669 2409 ,
700 2341 837 2395 unde
879 2356 937 2395 se
980 2340 1064 2394 isti
1096 2339 1389 2393 diviserunt
1430 2336 1690 2391 adversus
1716 2333 2060 2389 C:rciliannm
2090 2350 2107 2388 :

513 2432 693 2502 ponite
728 2430 884 2485 modo
908 2440 960 2485 et
983 2438 1185 2500 partem
1218 2427 1431 2492 Donati,
1453 2425 1593 2480 unde
1621 2438 1679 2479 se
1706 2421 2109 2481 Maximianistte

513 2522 807 2581 diviserunt
832 2522 1087 2577 adversus
1116 2518 1459 2574 Primianutn.
1492 2515 1645 2584 Quod
1692 2525 1815 2571 tunc
1843 2514 1917 2569 illi
1943 2514 2110 2573 Cinci-

516 2616 683 2683 liano,
717 2614 818 2672 hoc
848 2630 987 2671 nunc
1015 2613 1099 2668 isti
1130 2611 1369 2668 fecerunt
1394 2609 1685 2665 Primiano.
1732 2607 2019 2678 Propterea
2046 2622 2108 2665 se

512 2719 567 2766 et
592 2710 831 2765 veriores
865 2705 1151 2761 Donatistis
1192 2702 1375 2757 dicunt
1399 2701 1837 2767 Maximianistae,
1863 2699 1984 2771 quia
2015 2715 2107 2772 re-

510 2816 637 2856 vera
669 2800 799 2854 facta
828 2798 1087 2868 majorum
1110 2808 1328 2849 suorum
1358 2792 1459 2864 ipsi
1485 2791 1669 2846 imitati
1690 2798 1832 2845 sunt.
1854 2789 1942 2847 Sic
1959 2791 2105 2847 enim

510 2900 802 2948 erexerunt
829 2888 1230 2945 -lllaxitnianum
1279 2883 1534 2940 adversus
1580 2883 1902 2938 Priutianum
1931 2924 1947 2950 ,
1972 2896 2107 2954 quo-

509 2983 671 3039 modo
702 2982 774 3035 illi
802 2985 1084 3035 erexerunt
1108 2976 1423 3046 Majorittum
1450 2973 1704 3030 adversus
1729 2971 2099 3040 Cmciliantttu;

508 3084 564 3132 et
599 3078 677 3132 sic
705 3074 880 3146 questi
922 3080 1046 3125 stitit
1084 3070 1167 3125 isti
1205 3069 1272 3124 de
1299 3068 1604 3133 Primiano,
1635 3065 1904 3137 quomodo
1929 3065 2002 3119 illi
2033 3064 2103 3121 de

507 3166 812 3224 Czeciliano.
830 3163 962 3218 Nam
989 3161 1035 3216 si
1062 3159 1378 3215 meministis
1402 3198 1417 3223 ,
1440 3157 1539 3211 hoc
1555 3156 1807 3211 dixerunt
1833 3155 1938 3223 illi,
1961 3153 2105 3225 quod

506 3258 575 3314 ad
606 3273 700 3313 eos
726 3258 875 3311 exire
902 3253 1129 3309 uoluerit
1160 3249 1491 3314 Czccilianus,
1520 3259 1731 3303 memor
1752 3245 2099 3301 conscientia:

506 3365 654 3415 sum;
679 3349 767 3403 ille
798 3355 972 3401 autem
1002 3351 1222 3399 noverat
1249 3342 1532 3398 factionem
1561 3353 1747 3396 eorum
1783 3355 1797 3392 :
1830 3338 1909 3393 sic
1933 3346 1988 3391 ct
2013 3336 2100 3392 isti

506 3447 907 3511 conqueruntur
928 3478 942 3503 ,
974 3437 1099 3507 quia
1129 3432 1296 3490 noluit
1341 3432 1407 3489 ad
1437 3431 1556 3486 illos
1592 3429 1740 3486 exire
1777 3427 2099 3484 Primianus.

506 3528 685 3600 Quare
731 3527 1000 3583 Primiano
1028 3523 1372 3591 conceditur,
1406 3532 1566 3577 nosse
1610 3519 1892 3575 factionem
1931 3516 2101 3572 Maxi-

508 3618 921 3682 mianistarum,
977 3625 1031 3672 et
1081 3614 1363 3672 Czeciliano
1421 3627 1525 3668 non
1575 3609 1886 3667 conceditur
1942 3622 2103 3664 nosse

507 3713 795 3770 factionem
854 3708 1290 3765 Donatistarum?
1346 3703 1592 3761 Nondum
1646 3711 1763 3758 erat
1825 3701 2102 3757 ordinatus

506 3804 873 3868 Maximianus,
902 3802 1124 3857 erimina
1153 3799 1468 3855 dicebantur
1493 3796 1561 3851 de
1589 3794 1860 3851 Primiano
1892 3810 1905 3847 :
1939 3807 2102 3885 vene-

505 3903 631 3952 runt
679 3894 915 3965 episcopi
936 3935 950 3960 ,
979 3892 1263 3947 voluerunt
1291 3899 1349 3945 ut
1390 3888 1456 3944 ad
1483 3903 1579 3943 eos
1621 3887 1790 3941 exiret
1819 3903 1833 3940 :
1862 3899 1968 3940 non
2017 3890 2102 3940 est

505 3999 754 4057 egressus
778 4027 793 4051 ,
823 3984 959 4039 sicut
1001 3996 1188 4037 eorum
1231 3979 1428 4035 indicat
1459 3976 1789 4033 Tractatoria
1833 3976 1983 4032 Actis
2012 3975 2098 4030 in-

506 4091 667 4136 serta.
696 4078 811 4135 Non
833 4088 915 4133 est
939 4089 1187 4147 egressus
1218 4091 1232 4128 :
1263 4088 1368 4128 non
1400 4070 1663 4143 improbo,
1697 4069 1806 4124 imo
1834 4076 1889 4122 et
1915 4067 2094 4123 laudo.

505 4172 564 4228 Si
591 4173 822 4243 aliquam
854 4169 1137 4225 factionem
1166 4164 1340 4221 vidisti
1367 4205 1381 4229 ,
1412 4177 1516 4218 non
1541 4161 1772 4218 debuisti
1812 4158 1880 4214 ad
1907 4157 2099 4215 factio-

505 4279 598 4322 sos
644 4261 975 4334 procedere,
1020 4258 1113 4315 sed
1166 4270 1382 4312 servare
1427 4267 1644 4309 causam
1692 4261 1836 4307 tuam
1889 4249 2098 4305 meliori

503 4355 705 4428 judicio
735 4353 897 4423 partis
923 4360 1048 4406 tum.
1076 4349 1331 4406 Restabat
1356 4346 1497 4402 enim
1526 4358 1713 4415 magna
1743 4357 1865 4413 pars
1886 4343 2097 4410 Donati,

508 4447 600 4503 ubi
626 4461 683 4503 se
714 4456 892 4518 posset
935 4457 1161 4515 purgare
1193 4440 1494 4496 Primianns
1523 4455 1538 4492 :
1568 4446 1848 4507 propterea
1887 4434 1953 4490 ad
1982 4434 2099 4490 illos

507 4540 595 4612 qui
620 4539 729 4610 jam
773 4539 999 4593 factione
1029 4534 1501 4605 conspiraverant,
1526 4530 1680 4585 exire
1721 4528 1908 4584 noluit.
1936 4526 2100 4584 Vides

507 4630 776 4701 quomodo
824 4627 1100 4682 laudamus
1136 4623 1416 4680 Consilium
1456 4630 1602 4676 tttum
1633 4621 1890 4675 adversus
1932 4618 2100 4674 Maxi-

508 4719 787 4773 mianistas
817 4759 831 4779 ,
862 4718 996 4772 bene
1035 4714 1253 4770 attende
1297 4722 1351 4768 et
1396 4726 1609 4767 causam
1649 4709 1917 4766 Caeciliani
1949 4727 1962 4763 :
1995 4725 2100 4765 non

508 4812 589 4863 vis
633 4819 689 4861 ul.
744 4808 944 4872 frater;
974 4804 1242 4875 quomodo
1278 4812 1566 4860 extraneas
1590 4844 1604 4866 ,
1631 4802 1709 4855 sie
1747 4798 1947 4868 judica.
1991 4799 2100 4856 No-

509 4899 652 4954 luisti
680 4898 847 4960 exire,
881 4896 1004 4967 quid
1035 4897 1125 4951 tibi
1153 4896 1335 4950 dicens
1358 4894 1423 4948 '?
1450 4892 1538 4948 lsti
1571 4892 1798 4946 factione
1823 4890 2101 4959 conSpira-

508 4998 699 5044 verunt
726 4999 908 5043 contra
931 4986 1155 5042 salutem
1180 5000 1385 5051 meum,
1414 4982 1650 5054 corrupti
1676 4989 1800 5036 sunt
1819 4978 2099 5035 adversum

579 5147 597 5179 ι
635 5145 768 5204 Μαι,
797 5140 1217 5194 maximiniwtisttr
1237 5152 1253 5192 :
1277 5139 1516 5205 sicquein
1540 5135 1648 5185 aliis
1664 5140 1831 5205 postea
1854 5130 2101 5205 lociseos-

509 5207 623 5259 dem
646 5198 879 5258 senarios
902 5208 1042 5255 istbie
1067 5205 1308 5253 nominaut
1329 5236 1344 5260 ,
1368 5198 1424 5249 'et
1447 5201 1616 5249 horum
1642 5198 1904 5260 principem
1943 5198 2101 5243 Maxi-

511 5275 792 5325 nttnianton,
818 5268 1127 5331 superaddita
1152 5265 1328 5331 notitiai
1344 5261 1539 5327 syllaba.
1558 5267 1610 5331 Αι
1629 5270 1802 5329 omnes
1825 5268 1974 5331 prope
1994 5264 2098 5304 Mss.

510 5323 788 5382 constanter
813 5323 889 5391 ap;
909 5329 1057 5378 ellaxtt
1094 5323 1439 5391 Maaintiuuum
1476 5331 1527 5391 et
1551 5323 1939 5391 _N_ux_imiattt:tas
1969 5329 2103 5391 :_nec

510 5393 674 5445 δύεται
700 5394 813 5502 (idin
845 5384 1121 5440 dissentire
1162 5390 1209 5437 ia
1233 5388 1442 5446 caeteris,
1484 5386 1565 5433 ttbi
1603 5384 1752 5433 iidem
1777 5384 2099 5438 nominantur,

516 5469 697 5502 OLIIDCU
724 5466 778 5502 l5.

572 5466 778 5503 ,ιιδςυιι5.

511 5469 778 5629 ἒξ
800 5524 900 5575 ns,
946 5511 1190 5563 Tractoria
1229 5523 1248 5562 :
1276 5507 1677 5561 dissentientibus
1713 5503 1908 5555 caeteris
1948 5501 2101 5563 libris,

614 5616 625 5628 .
654 5586 705 5627 et
725 5586 827 5627 uss.

614 5616 625 5628 .
654 5586 705 5627 ρι
725 5586 827 5627 ‘iLSS.

579 5586 625 5628 (ι.
654 5586 705 5627 et
725 5586 827 5635 uss.

577 5640 600 5671 ³
662 5639 735 5688 sic
758 5648 863 5687 mss.
891 5644 947 5687 At
970 5636 1102 5699 Edd.,
1126 5636 1299 5686 dicant.

601 5722 652 5772 al
674 5722 1045 5772 Maximiantstat.

601 5733 630 5769 a
674 5722 910 5771 Maximlat

577 5721 653 5847 Eb}
675 5781 910 5834 Primiani.

1805 289 1863 343 S.
1903 283 2273 344 AUGUSTINI
2308 286 2613 347 EPISCOPI
3720 307 3806 365 εἶς

2233 419 2320 460 me
2350 422 2364 460 :
2392 405 2437 461 si
2466 421 2551 461 me
2576 405 2679 463 illis
2706 421 3048 474 commisero,
3083 409 3219 468 facio
3243 412 3635 484 praeiudicium
3660 433 3807 481 causa:

2226 511 2362 552 mea:
2392 515 2406 554 :
2434 513 2539 553 non
2566 498 2633 554 ad
2661 514 2754 556 eos
2779 502 2957 566 exibo,
2986 513 3227 559 servetur
3250 520 3433 561 causa
3463 522 3584 562 mea
3604 510 3807 570 melica-

2225 588 2326 645 bus
2375 598 2430 645 et
2479 591 2795 648 auctoritate
2847 595 3199 664 gravioribus.
3246 596 3478 652 Bonum
3534 601 3807 662 consilium.

2224 681 2364 752 Quid
2412 683 2458 739 si
2499 683 2602 741 hoc
2643 684 2777 741 dixit
2817 672 3170 744 Cmciliattus?
3194 689 3534 761 Quanquam
3575 691 3808 752 laborabis

2227 785 2318 843 tu,
2346 786 2406 832 ut
2445 776 2695 835 ostendas
2738 794 2857 850 qua:
2895 780 3151 839 adversus
3197 793 3249 839 te
3303 783 3450 839 istos
3489 785 3595 840 alia
3637 786 3808 847 Lucili:

2223 870 2557 940 corruperit,
2586 879 2641 927 ct
2681 871 2820 930 forte
2866 860 2972 929 non
3017 875 3384 941 inventurus;
3414 874 3567 944 quod
3604 877 3688 934 ille
3711 888 3810 939 tunc

2223 975 2395 1032 usque
2436 961 2570 1017 adeo
2596 975 2817 1021 noverat
2841 1008 2858 1032 ,
2881 975 2939 1020 ut
2966 976 3147 1036 postea
3176 966 3250 1040 (a)
3277 965 3476 1024 Gestis
3521 970 3806 1038 aperiretur.

2222 1052 2327 1109 Sed
2357 1053 2535 1110 vidisti
2562 1057 2743 1111 nescio
2768 1058 2893 1127 qttid
2915 1058 3204 1125 occultum,
3231 1062 3619 1116 renuntiatum
3640 1066 3809 1123 esttibi

2221 1142 2418 1213 aliquid
2473 1145 2837 1202 metuendum.
2887 1147 3136 1204 Concedo
3191 1150 3385 1206 timori
3441 1161 3539 1208 tuo
3577 1157 3807 1212 cautelam

2222 1232 2376 1287 istam
2406 1250 2420 1288 :
2449 1244 2593 1291 recte
2640 1236 2843 1302 fecisti,
2874 1239 2942 1293 ad
2988 1240 3120 1295 tales
3156 1256 3261 1296 non
3309 1242 3655 1311 procedere;
3682 1258 3807 1304 erant

2221 1325 2365 1379 cnim
2412 1324 2501 1380 alii
2545 1327 2634 1396 qui
2664 1326 2733 1383 de
2776 1337 2826 1383 le
2853 1339 3099 1400 poterant
3121 1330 3406 1400 judicare.
3438 1332 3661 1389 Auente
3693 1351 3807 1397 nunc

2219 1413 2563 1471 Cmciliauum
2596 1436 2611 1472 :
2644 1426 2698 1472 tu
2742 1418 2837 1474 tibi
2876 1421 3105 1476 servasti
3139 1420 3461 1477 Numidiam
3490 1463 3508 1489 ,
3540 1424 3628 1482 ille
3651 1426 3806 1486 orbem

2220 1513 2505 1562 terrarum.
2536 1507 2644 1564 Sed
2670 1510 2714 1565 si
2740 1510 2917 1567 valere
2942 1511 3023 1568 vis
3041 1511 3308 1569 adversus
3340 1513 3506 1569 illum
3544 1521 3805 1576 sententias

2221 1608 2348 1655 tunc
2375 1601 2792 1668 Donatistarum,
2822 1604 3035 1660 valeant
3060 1620 3204 1661 nunc
3229 1604 3514 1666 adversus
3538 1616 3592 1664 te
3616 1620 3805 1667 senten-

2219 1692 2308 1747 tia:
2334 1692 2840 1750 lllaximianistarum
2873 1713 2886 1751 :
2916 1696 3156 1768 episcopi
3195 1698 3355 1756 illum
3402 1697 3800 1770 damnaverunt;

2219 1785 2455 1855 episc0pi
2494 1795 2548 1841 et
2575 1796 2647 1842 te.
2673 1786 2851 1855 Quare
2887 1798 3074 1858 postea
3116 1788 3278 1860 egisti
3306 1805 3542 1846 causam
3572 1801 3803 1860 tuam,et

2218 1877 2491 1932 obtinuisti
2539 1877 2610 1933 ibi
2656 1877 3108 1946 Maximianistas;
3150 1882 3292 1936 sicut
3345 1882 3447 1938 illc
3495 1896 3675 1953 postea
3715 1887 3798 1956 egit

2217 1984 2433 2026 causam
2460 1986 2610 2026 suam
2636 2012 2653 2040 ,
2684 1981 2739 2029 et
2762 1972 2995 2030 obtinuit
3032 1972 3104 2029 ibi
3135 1974 3499 2032 Donatistas?
3524 1976 3673 2045 Quod
3698 1993 3798 2049 ergo

2219 2072 2347 2121 tunc
2371 2063 2568 2121 factum
2599 2074 2702 2131 est,
2735 2065 2949 2121 videtur
2976 2078 3101 2122 ante
3129 2068 3325 2123 oculos
3353 2068 3502 2124 miro
3528 2077 3583 2124 et
3610 2069 3796 2126 monile.

2218 2164 2274 2209 to
2315 2156 2563 2225 exemplo
2591 2155 2892 2211 revolutum
2910 2197 2927 2221 ,
2957 2157 3079 2212 talia
3107 2158 3554 2215 Maximianistas
3576 2163 3795 2233 conqueri

2215 2246 2283 2303 de
2308 2247 2597 2314 Primiano,
2619 2249 2795 2320 qualia
2821 2264 3010 2306 omnes
3036 2250 3122 2306 isti
3149 2252 3447 2321 conquesti
3470 2261 3595 2308 sunt
3618 2253 3679 2317 de
3697 2254 3792 2309 Ca-

2214 2340 2431 2396 ciliano.
2460 2339 2649 2395 Mirum
2680 2350 2757 2396 est
2783 2383 2799 2409 ,
2830 2340 3023 2398 fratres
3046 2383 3062 2408 ,
3090 2341 3375 2412 quomodo
3404 2358 3661 2410 moveor,
3685 2360 3793 2414 que-

2215 2431 2377 2490 modo
2403 2433 2514 2489 Deo
2538 2433 2735 2504 gratias
2758 2449 2860 2505 ago
2892 2448 2906 2489 :
2933 2435 3057 2506 quia
3079 2450 3209 2490 vere
3233 2434 3618 2493 misericordia
3645 2435 3725 2492 Dei
3739 2434 3789 2492 ad

2214 2524 2368 2592 istos,
2388 2524 2433 2580 si
2486 2527 2728 2596 sapiant,
2759 2525 3136 2585 illuminandos
3183 2525 3451 2583 formavit
3500 2529 3788 2600 exemplum.

2212 2615 2447 2673 Proinde
2469 2617 2513 2672 si
2542 2618 2714 2688 placet
2739 2618 3008 2689 paululum
3029 2659 3044 2685 ,
3076 2617 3277 2676 fratres
3297 2660 3317 2686 ,
3348 2618 3481 2691 quia
3507 2628 3562 2676 et
3590 2620 3684 2676 hoc
3707 2635 3786 2676 uo-

2211 2708 2296 2765 bis
2324 2709 2464 2764 Deus
2489 2709 2545 2765 in
2571 2725 2759 2766 manus
2796 2709 2942 2767 dedit
2969 2751 2986 2779 ,
3013 2709 3196 2768 audite
3218 2712 3524 2767 concilium
3549 2710 3785 2767 Maximia-

2212 2801 2470 2857 nislarum
2498 2800 2598 2875 (b).

2280 2892 2374 2949 20.
2416 2893 2764 2951 Sanctissimis
2793 2894 3038 2968 fratribus
3069 2903 3221 2969 atque
3250 2897 3473 2968 collegis
3500 2913 3590 2967 per
3611 2896 3779 2951 univer-

2210 2986 2797 3058 samAfricam.—'l‘ota
2828 2988 3004 3042 unitas
3029 2989 3270 3057 ipsorum
3302 3004 3404 3059 per
3431 2987 3678 3044 Africam.
3697 2985 3778 3044 Sed

2213 3079 2299 3137 hic
2322 3094 2442 3134 cum
2468 3080 2571 3135 illis
2598 3086 2681 3135 est
2716 3079 2988 3135 Catholica
3013 3097 3029 3136 :
3059 3080 3113 3135 in
3138 3080 3257 3135 aliis
3284 3091 3473 3137 autem
3496 3080 3637 3135 orbis
3655 3077 3775 3149 parti

2209 3171 2311 3227 bus
2352 3173 2450 3243 ipsi
2479 3186 2583 3228 non
2611 3181 2878 3241 suntcum
2899 3172 3191 3229 Catholica.
3213 3202 3292 3215 ι-
3318 3174 3666 3231 Sanctissimis
3689 3172 3775 3242 [ra-

2211 3265 2368 3320 tribus
2391 3275 2540 3335 atque
2558 3265 2765 3337 collegis
2790 3282 2879 3337 per
2896 3267 3183 3322 universam
3206 3266 3285 3337 Af
3281 3269 3469 3333 ricam,
3492 3268 3587 3321 hoc
3604 3275 3687 3330 est,
3707 3279 3776 3336 per

2210 3355 2520 3427 provinciam
2548 3353 2996 3424 Proconsularent,
3027 3356 3372 3422 Numidiam,
3405 3356 3772 3418 Mauritaniam,

2207 3444 2528 3518 Byzacenam
2548 3488 2563 3513 ,
2601 3455 2649 3501 et
2684 3446 2933 3517 Tripolim
2964 3448 3289 3515 constitutis;
3315 3450 3411 3505 sed
3433 3459 3482 3503 et
3508 3444 3773 3520 presbyteris

2206 3548 2255 3593 et
2273 3539 2521 3604 diaconis,
2553 3539 2799 3594 universis
2824 3539 3069 3612 plebibus,
3106 3542 3159 3597 in
3183 3543 3400 3599 veritate
3424 3542 3676 3614 Evangelii
3695 3556 3772 3596 uo-

2209 3633 2400 3687 biscum
2426 3632 2777 3699 militantibus,
2824 3630 3135 3699 Victorinus,
3168 3633 3510 3702 Fortunatus,
3551 3633 3769 3688 Victoria-

2205 3739 2325 3786 nus.
2364 3722 2624 3795 Migginus
2662 3724 2703 3791 ³,
2742 3722 3079 3791 Saturninus,
3106 3723 3462 3791 Constantius,
3501 3722 3765 3788 Candarius,

2206 3811 2537 3869 Innocentius
2557 3855 2573 3881 ,
2604 3811 2933 3877 Cresconius,
2976 3812 3273 3871 Florentius
3309 3817 3359 3885 ⁸,
3400 3815 3635 3878 Satrius,
3656 3812 3765 3866 aliis

2207 3904 2434 3969 Salvius,
2465 3902 2719 3969 Donatus,
2750 3902 3029 3971 Geminius,
3063 3902 3435 3961 Prtrtcxtatus.
3478 3934 3545 3949 -
3576 3904 3682 3975 Ipse
3698 3911 3764 3958 cst

2203 3996 2573 4060 Assuritanus,
2601 4009 2760 4066 quem
2789 4004 2974 4067 postea
3004 4005 3331 4066 receperunt
3354 4013 3372 4053 :
3395 4012 3516 4052 cum
3541 3995 3623 4066 qui
3650 3995 3693 4048 in
3714 4004 3760 4047 se

2204 4087 2340 4143 dixit
2381 4088 2742 4155 sententiam,
2791 4089 2994 4159 recepit
3041 4100 3248 4159 postea.
3288 4119 3366 4132 —-
3408 4080 3755 4150 Maxiimmui,

2203 4179 2520 4246 Theodorus,
2550 4179 2867 4248 Anastasius,
2897 4179 3231 4247 Donatianus,
3255 4177 3512 4247 Donatus,
3536 4178 3656 4235 obus
3679 4175 3757 4231 Do-

2204 4283 2376 4340 natus,
2410 4272 2752 4343 Pomponius,
2787 4270 3095 4327 Pancratius
3113 4273 3157 4337 ³,
3188 4272 3509 4335 Ianuarius.
3541 4266 3755 4327 Secundi-

2203 4379 2318 4429 nus,
2362 4360 2658 4426 Pascasius,
2700 4360 3020 4429 Cresconius,
3065 4362 3408 4433 Rogatianus,
3447 4362 3573 4418 alius
3613 4356 3752 4412 Masi-

2203 4455 2422 4521 mianus,
2467 4452 2773 4516 Bcnenatus,
2821 4453 3075 4517 Gaianas,
3132 4453 3442 4521 Victorinus,
3491 4451 3749 4509 Guntasitu,

2207 4547 2523 4617 Quintasius,
2567 4544 2879 4603 Fclicianus.
2914 4577 2987 4588 —
3017 4547 3122 4603 Istc
3159 4559 3244 4604 est
3283 4547 3596 4604 Mustitauus
3627 4541 3647 4573 ⁸
3678 4537 3747 4611 qui

2269 4660 2287 4724 ξ
2322 4653 2638 4724 aliquot-Mss.
2659 4659 2944 4724 constanter
2962 4652 3042 4703 hic
3065 4660 3117 4704 et
3137 4659 3328 4724 restes,
3353 4649 3544 4724 Niggilt.

2267 4718 2289 4750 ³
2320 4714 2453 4775 adol,
2480 4714 2605 4766 Non
2617 4714 2794 4768 minus.
2817 4723 2871 4765 At
2891 4727 3064 4777 omnes
3087 4714 3237 4777 prope
3260 4723 3388 4773 Mss,
3416 4714 3672 4777 Florentius.

2237 4768 2541 4891 orrggin'que
2562 4783 2656 4828 Mss
2676 4810 2693 4838 ,
2716 4774 3003 4827 Prancutius
3017 4768 3143 4827 :néc
3162 4768 3306 4827 aliter
3325 4768 3508 4827 habent
3527 4775 3571 4822 in
3586 4768 3669 4819 line
3680 4772 3743 4829 Sy-

2303 4856 2315 4889 I
2395 4878 2405 4888 .

2204 4853 2405 4891 ηοαιοξε.

2266 4902 2288 4934 ἰ
2320 4903 2393 4951 sic
2413 4906 2521 4950 Mss.
2544 4906 2596 4950 At
2624 4898 2757 4959 l-Zdtl.,
2782 4898 3086 4950 Mustt'camts.

2268 4949 2342 5026 (a)
2365 4949 2507 5026 uesta
2532 4949 2851 5026 indicatapud
2869 4949 3032 5023 iz’enol
3049 4959 3201 5026 hilum
3230 4960 3532 5026 Consularem

2204 5020 2334 5075 anno
2350 5024 2460 5081 320,
2480 5035 2684 5086 quorum
2708 5020 2980 5086 fragmenta
3014 5020 3235 5086 quidam
3253 5026 3303 5074 in
3338 5025 3370 5074 3
3394 5027 3557 5086 contra

2204 5072 2335 5136 sua
2359 5072 2462 5145 liii};
2482 5072 2526 5135 ὁ.
2552 5084 2631 5142 29,
2656 5072 2851 5133 re'eft:
2891 5085 2974 5133 ubi
3010 5072 3572 5145 i’tdeticét'ﬁuhuimnus
3601 5072 3735 5145 sinant

2205 5158 2220 5197 ί
2237 5149 2435 5218 ῇῃιθι]είδ
2693 5145 2923 5218 diaconus
2948 5146 3172 5218 ['I‘Odlqll.
3198 5149 3448 5218 episcolu§

2206 5198 2331 5259 cillae
2356 5222 2469 5272 priet
2488 5198 2671 5258 otentis
2694 5205 2890 5272 feminae
2935 5198 3137 5272 fecunia
3159 5198 3318 5272 curru]
3338 5198 3410 5272 tos
3432 5198 3649 5272 inissent
3663 5198 3732 5272 ltit-

2201 5263 2392 5334 jorinu's
2430 5263 2599 5334 contra
2642 5263 2945 5334 C'rcilianuuj
2984 5268 3131 5334 fleret
3173 5263 3549 5334 Carthaginensis
3586 5263 3731 5334 erisf-

2205 5317 2472 5445 gum}:
2494 5317 2762 5394 Rugosum
2788 5317 2855 5380 ad
2889 5317 3131 5393 Gloriam,
3171 5317 3442 5388 εἰάίιὲἰιῖω,
3472 5334 3590 5383 εις-ι
3612 5317 3726 5378 om.

2281 5432 2295 5445 .
2324 5408 2373 5444 ιι.
2437 5412 2477 5443 l.

2281 5432 2295 5450 ς
2324 5408 2373 5444 ιι.
2402 5408 2477 5443 11.

2271 5443 2341 5527 (ὁ)
2366 5457 2447 5505 llic
2472 5458 2768 5527 Augustinus
2796 5469 2842 5527 et
2862 5455 3050 5527 istolam
3076 5443 3726 5527 t‘asimianistanlmffﬁfsufg

2204 5490 2367 5568 set‘tsi’s
2388 5493 2577 5581 concilii
2599 5518 2720 5581 regit
2727 5525 2775 5566 at
2796 5490 3050 5581 buxique.
3063 5490 3722 5581 :‘evnnlncnutriglgoﬂ

2205 5566 2389 5643 rectam
2416 5590 2464 5643 ιιἶ
2490 5577 2551 5630 20
2570 5566 2972 5643 intelligentiam:
3000 5566 3425 5643 multumlntercst
3444 5566 3723 5643 ueremni}:

2206 5611 2389 5630 ..ω-ι..
2492 5611 2551 5630 ,ν
2570 5611 2940 5643 “asangm”...
2958 5618 2972 5637 ,
3224 5611 3425 5629 ,ηιυιω
3448 5611 3495 5621 --

2206 5641 2388 5708 guslini
2425 5641 2487 5708 ab
2522 5640 2747 5708 epistolae
2783 5641 2960 5708 _v_erhis
2990 5643 3208 5708 apprime
3240 5611 3720 5708 distingttmllﬂﬁn‘jﬁjf

2209 5688 2428 5774 parum
2446 5688 2588 5750 facile
2611 5688 2869 5773 sissent
2885 5688 3067 5754 least:
3082 5688 3525 5805 strategema
3544 5688 3717 5753 τσηὲπηθ

2210 5772 2266 5805 ut
2287 5769 2441 5805 munt.
2464 5761 2847 5805 abundantius-
2876 5765 3143 5805 mutarint-2
3165 5779 3286 5805 vam
3310 5766 3327 5805 ἀ
3493 5747 3651 5805 rcfom-
3675 5742 3716 5785 ι’

2210 5761 2266 5815 ut
2287 5764 2441 5826 aiunt,
2464 5761 2850 5826 characteribus,
2876 5765 3144 5828 posteriora
3165 5779 3286 5818 vero
3310 5766 3327 5817 i

3396 5820 3904 6393 ,Δ
