3960 6428
491 355 602 418 883

496 468 781 528 noluisses:
813 468 929 525 [loc
951 465 1165 537 quidem
1206 463 1418 525 simile,
1449 462 1528 518 sic
1573 471 1629 517 et
1675 460 1751 518 illi
1796 461 2084 516 damnave-

494 573 620 621 runt
658 560 935 617 absentem
980 558 1360 621 (λιέῖῑίειηιιιιι,
1388 571 1511 609 cmn
1562 554 1847 611 factionem
1896 570 2085 610 eorum

492 656 783 712 devitasset
810 670 823 705 :
852 651 946 707 sed
975 660 1030 705 tu
1056 664 1241 704 rursus
1268 648 1322 703 in
1352 647 1605 703 absentes
1628 647 1752 703 illos
1783 645 1955 701 fecisti
1978 645 2086 701 dici

491 747 786 804 sententias
814 745 866 800 iu
894 743 1120 799 concilio
1159 740 1450 813 Bagaitauo
1482 756 1497 794 :
1527 747 1583 794 at
1609 753 1738 794 vero
1761 737 2085 794 Caecilianus

490 853 734 911 praesens
781 834 1091 891 adversario
1137 840 1403 903 pra-sente
1445 839 1703 902 purgatus
1742 838 1845 885 est.
1882 827 2085 885 Deinde

491 931 592 985 alia
633 942 824 1000 inagna
851 925 1155 982 differentia
1192 942 1206 979 :
1252 923 1460 993 judiccs
1488 920 1746 977 Numidas
1774 919 1916 992 apud
1945 933 2085 992 quos

489 1032 542 1078 te
566 1037 841 1092 pingat-es,
873 1029 927 1076 tu
957 1020 1072 1090 ipse
1097 1017 1279 1081 adisti,
1315 1029 1371 1072 tu
1398 1015 1728 1073 constituisti
1753 1055 1771 1083 ,
1802 1015 2086 1071 Maximia-

490 1115 644 1169 uista:
668 1113 788 1167 illos
815 1128 921 1167 nou
953 1111 1215 1181 petierunt
1249 1126 1261 1164 :
1288 1110 1429 1180 apud
1460 1123 1554 1165 eos
1579 1118 1758 1164 autem
1785 1124 1815 1163 a
1841 1106 2085 1163 Caecilia-

490 1221 561 1261 no
592 1205 829 1261 Donatus
858 1204 1032 1259 victus
1057 1212 1145 1259 est
1167 1243 1183 1266 ,
1209 1218 1346 1274 quos
1374 1216 1497 1272 pars
1528 1200 1718 1256 Donati
1744 1200 1956 1271 judices
1989 1215 2086 1269 po-

486 1297 800 1352 stulaverat.
845 1295 1196 1365 lieSpoudent
1237 1294 1330 1350 tibi
1366 1294 1526 1349 modo
1566 1293 2000 1357 Masintianistte,
2026 1302 2083 1349 ct

483 1388 606 1457 jure
631 1387 817 1442 dicunt
845 1404 859 1439 :
889 1385 998 1442 Nos
1039 1387 1213 1457 primo
1253 1385 1498 1441 venimus
1523 1384 1590 1440 ad
1623 1394 1674 1441 te
1711 1385 1779 1440 de
1809 1385 2080 1454 provincia

489 1490 615 1547 tua,
656 1480 724 1536 de
751 1480 970 1537 dimcesi
1002 1479 1067 1533 ad
1111 1488 1163 1535 te
1192 1480 1493 1550 pertinente
1520 1479 1536 1511 ¹
1579 1477 1851 1549 episcopi;
1889 1487 1946 1533 et
1986 1493 2084 1533 vo—

485 1571 687 1628 luimus
722 1571 910 1627 audire
934 1585 1149 1625 causam
1187 1583 1333 1626 tuam
1368 1589 1379 1624 :
1408 1570 1780 1640 contempsisti
1809 1583 1908 1624 nos
1928 1609 1942 1632 ,
1972 1584 2079 1625 non

482 1661 552 1718 ad
585 1676 682 1716 nos
709 1660 891 1717 existi.
918 1660 974 1715 Si
1000 1660 1219 1715 timuisti
1248 1671 1489 1716 nostrum
1509 1660 1792 1732 judicium,
1813 1661 1897 1715 vel
1921 1660 2079 1717 simul

478 1755 691 1826 judices
714 1754 1055 1825 eligeremus,
1086 1766 1190 1809 non
1218 1753 1326 1808 ires
1352 1753 1420 1808 ad
1443 1769 1579 1824 quos
1608 1762 1663 1807 tu
1692 1753 1877 1808 velles.
1898 1752 2081 1820 Quan-

485 1856 597 1905 tum
626 1848 868 1914 intersit,
899 1845 1098 1903 videte.
1130 1845 1284 1902 Tunc
1310 1856 1487 1901 autem
1529 1846 1628 1917 ipsi
1662 1845 1949 1901 Donatista:
1985 1845 2077 1902 lit-

481 1943 615 1999 tet-is
632 1942 745 1998 suis
776 1941 1158 2012 Imperatorem
1188 1938 1485 2011 petierunt,
1515 1947 1575 1996 ιιι
1598 1939 1916 1995 decerneret
1934 1937 2077 2009 judi-

479 2050 573 2092 ces
600 2053 615 2091 :
647 2033 1083 2105 improbaverunt
1107 2046 1203 2088 eos
1236 2031 1378 2103 apud
1418 2046 1555 2102 quos
1591 2032 1716 2088 victi
1753 2040 1911 2097 sunt,
1938 2046 2076 2102 quos

478 2138 768 2198 antequam
814 2125 1159 2182 vincerentur
1194 2123 1639 2195 postulaverunt:
1677 2122 1788 2180 dati
1817 2132 1944 2179 sunt
1981 2121 2075 2180 alii

476 2220 545 2275 ad
572 2234 758 2275 eorum
792 2218 1035 2289 petitum,
1059 2227 1116 2273 et
1145 2217 1214 2273 ibi
1243 2215 1364 2270 victi
1385 2224 1510 2271 sunt
1537 2233 1552 2270 :
1577 2216 1981 2286 appellaverunt
2003 2214 2074 2269 ad

475 2307 859 2379 Imperatorem
886 2353 903 2375 ,
928 2318 986 2364 ct
1012 2307 1084 2363 ibi
1113 2307 1236 2362 victi
1266 2314 1414 2362 sunt.
1452 2305 1633 2362 Semel
1671 2305 1845 2360 victus
1869 2311 1953 2361 cst
1978 2304 2073 2361 ab.

476 2417 603 2458 scus
643 2401 1067 2467 Maximianista,
1099 2406 1154 2456 et
1190 2407 1328 2455 tacet
1358 2414 1373 2453 :
1415 2407 1473 2454 et
1509 2406 1592 2454 ter
1629 2397 1803 2454 victus
1832 2409 2073 2467 praesens

476 2489 753 2549 Donatisu
784 2506 889 2547 non
917 2490 1095 2546 tacet?

543 2583 636 2640 εδ.
676 2583 781 2641 Sed
808 2584 877 2639 de
916 2598 1140 2639 numero
1167 2582 1447 2639 contendis
1484 2597 1607 2639 cum
1644 2579 2069 2638 Maximianistis.

478 2675 549 2734 Ut
576 2676 687 2733 dixi
713 2718 728 2740 ,
757 2675 913 2734 faveo
934 2677 1050 2733 tibi.
1074 2676 1321 2735 Trecenti
1351 2677 1537 2734 decem
1563 2676 1743 2749 plures
1766 2686 1889 2732 sunt
1909 2692 2071 2747 qnam

472 2778 688 2825 centum
718 2808 733 2830 .
779 2768 862 2824 vel
901 2777 1033 2839 quot
1074 2767 1287 2825 fuerunt
1330 2769 1419 2841 qui
1445 2769 1833 2825 damnaverunt
1867 2783 1898 2822 a
1924 2779 2072 2839 parte

470 2861 771 2919 Maximiani
787 2861 1116 2918 Primiauum
1146 2880 1161 2917 :
1186 2863 1348 2919 millia
1370 2862 1745 2935 episcoporum
1765 2877 1859 2934 per
1882 2862 2072 2920 orbem

470 2964 732 3011 terrarum
759 2957 848 3026 qui
869 2955 1260 3013 damnaverunt
1280 2972 1310 3012 a
1339 2966 1490 3027 parte
1516 2954 1781 3013 Caeciliani
1807 2956 2068 3011 Donatum

469 3047 602 3103 nihil
630 3047 883 3117 ponderis
909 3047 1049 3119 apttd
1079 3057 1132 3103 te
1163 3048 1359 3103 habere
1390 3056 1542 3117 putas
1561 3050 1586 3100 ?
1612 3046 1718 3102 Sed
1745 3046 1986 3102 dicturus
2008 3061 2071 3102 es

469 3138 601 3194 mihi
626 3156 640 3193 :
662 3138 930 3210 Numquid
945 3139 1247 3196 Donatistas
1275 3138 1437 3194 millia
1456 3140 1826 3210 episcoporum
1843 3138 2069 3194 damna-

467 3236 663 3287 verunt
698 3230 767 3303 de
797 3239 909 3285 toto
938 3229 1072 3286 Orbe
1101 3228 1400 3285 terrarum?
1429 3227 1642 3300 Optime
1660 3270 1678 3297 ,
1707 3245 1812 3284 non
1842 3230 2068 3285 damna-

465 3332 613 3378 runt.
645 3322 822 3388 Quare
850 3339 954 3377 non
985 3321 1305 3378 damnarunt
1332 3322 1357 3375 ‘I
1382 3319 1514 3389 Quia
1540 3320 1746 3391 judicio
1766 3335 1871 3376 non
1899 3322 2065 3377 inter-

467 3412 706 3469 fuerunt.
733 3413 789 3468 Si
830 3413 1035 3483 judicio
1073 3428 1180 3467 non
1219 3411 1617 3479 interfuerunt,
1648 3426 1928 3485 propterea
1960 3428 2068 3471 non

465 3501 895 3568 damnaverunt,
922 3504 1046 3574 quia
1072 3517 1289 3559 causam
1328 3502 1470 3557 illam
1500 3504 1711 3574 penitus
1739 3505 2062 3561 nescierunt.

471 3596 557 3650 Ab
584 3595 958 3651 innocentibus
983 3610 1148 3666 quare
1170 3603 1221 3651 te
1248 3595 1553 3666 scparasti?
1582 3595 1739 3651 Venit
1762 3597 1866 3652 lutc
1918 3598 1985 3651 ad
2013 3606 2067 3654 te

466 3682 538 3743 de
565 3687 696 3743 urbe
724 3693 985 3742 terrarum
1013 3686 1344 3756 baptizatus,
1374 3701 1532 3757 quem
1579 3687 1659 3742 vis
1684 3686 2014 3759 rebaptizare
2045 3706 2061 3745 :

466 3786 522 3832 et
544 3787 595 3833 te
616 3778 728 3849 jam
756 3778 954 3834 letbale
983 3778 1338 3835 ministerium
1359 3778 1379 3809 '
1410 3788 1773 3843 exercentem,
1801 3788 1858 3836 et
1881 3780 2065 3835 volen-

467 3875 574 3925 tem
605 3868 802 3924 iterarc
846 3867 992 3941 quod
1036 3869 1202 3927 semel
1242 3868 1400 3924 datur
1423 3877 1478 3925 et
1508 3885 1615 3925 non
1643 3870 1924 3935 amittitur,
1953 3869 2065 3928 adit

465 3971 588 4015 cum
616 3974 803 4031 magna
831 3974 964 4016 voce
1004 3968 1059 4016 et
1094 3960 1295 4031 gcn‘iitu
1319 3999 1337 4022 .
1383 3971 1439 4016 et
1480 3960 1612 4017 dicit
1650 3961 1742 4017 tibi
1776 3980 1789 4015 :
1817 3960 1955 4028 Quid
1980 3971 2063 4019 cst

463 4055 603 4125 quod
653 4055 734 4110 vis
774 4052 990 4112 faccre?
1040 4054 1374 4124 rebaptizare
1402 4052 1531 4110 me?
1571 4055 1668 4122 ait,
1717 4056 1899 4111 nescio
1942 4055 2063 4126 quis

463 4146 947 4217 Mesopotamenus,
975 4147 1155 4203 nescio
1193 4147 1312 4218 quis
1350 4144 1539 4217 Syrus,
1568 4147 1749 4202 nescio
1771 4148 1891 4218 quis
1916 4145 2062 4203 Putt-

464 4239 625 4305 ticus,
649 4238 732 4292 vel
760 4237 970 4308 lo:.gius
1011 4238 1353 4292 constitutus.
1383 4235 1698 4306 Respondes
1728 4254 1743 4291 :
1786 4236 1919 4303 Quia
1953 4253 2060 4293 non

463 4328 631 4385 babes
657 4328 1001 4400 baptismum.
1026 4328 1243 4398 Quare?
1263 4329 1405 4402 Lege
1443 4328 1711 4398 Epistolas
1731 4329 1972 4399 Apostoli
1993 4329 2063 4386 ad

462 4436 552 4478 me
592 4420 764 4477 datas.
799 4420 957 4476 Venit
1006 4422 1188 4477 nescio
1228 4422 1349 4490 quis
1386 4420 1455 4476 de
1480 4418 1684 4477 Galatia
1707 4461 1724 4486 ,
1755 4421 1822 4477 de.
1846 4421 2019 4476 Ponto
2041 4465 2059 4491 ,

462 4513 610 4567 venit
657 4511 840 4568 nescio
880 4514 1002 4582 quis
1029 4512 1097 4568 de
1124 4511 1512 4581 Philadelphia,
1535 4510 1602 4565 ad
1632 4526 1764 4582 quas
1792 4512 2063 4570 Ecclesias

459 4602 695 4660 Joannes
733 4603 947 4674 scripsit
976 4603 1177 4673 (Apoc.
1210 4618 1248 4668 ι,
1275 4604 1312 4658 At
1338 4604 1394 4673 );
1428 4603 1619 4658 venita
1638 4602 1894 4672 Colossis,
1920 4607 2063 4663 venit

459 4709 490 4748 a
511 4692 791 4764 Philippis,
813 4710 843 4748 a
858 4692 1235 4749 Thessalonica
1261 4710 1276 4749 :
1299 4693 1413 4765 Ego
1428 4709 1530 4749 non
1545 4692 1718 4752 habeo
1738 4696 2058 4766 baptismum

461 4785 528 4842 ad
556 4802 713 4857 quem
740 4787 954 4858 scripsit
980 4787 1266 4856 Apostolus
1286 4828 1302 4850 ,
1332 4803 1431 4860 per
1458 4804 1617 4858 quem
1649 4796 1701 4844 tu
1725 4788 1930 4847 babes?
1949 4795 2059 4847 Au-

462 4878 558 4937 des
587 4878 767 4951 legerc
812 4878 1094 4952 epistolam
1148 4896 1345 4949 meum,
1396 4881 1488 4954 qui
1541 4880 1830 4941 detestaris
1870 4899 2056 4956 pacem

463 4972 678 5029 mwm?

1102 5098 1275 5142 SEBIO
1308 5100 1388 5143 111.

923 5218 1007 5275 De
1029 5221 1175 5276 tertio
1200 5232 1344 5294 parte
1372 5220 1589 5280 Psalmi.

532 5378 585 5434 ί.
624 5376 799 5452 [rei-3.
829 5375 972 5451 25.]
1011 5377 1143 5434 Pars
1192 5379 1484 5435 novissima
1530 5379 1718 5451 psalmi
1766 5380 1924 5450 lmjus
1968 5381 2051 5438 in-

457 5469 697 5527 disLllSStl
728 5470 1000 5526 vobiscum
1031 5479 1087 5526 ct
1130 5471 1410 5528 intractato
1450 5482 1794 5529 remanserat.
1823 5473 2054 5532 Proinde

459 5562 598 5620 sicut
623 5564 796 5633 video,
823 5580 927 5622 non
960 5563 1178 5637 quidem
1207 5565 1501 5623 secundum
1528 5564 1930 5637 dispositionem
1951 5582 2052 5625 no-

521 5718 540 5751 ί
563 5717 638 5768 sic
658 5723 735 5783 Fr.
771 5724 824 5769 et
865 5717 1054 5783 aliquot.
1087 5723 1200 5769 llas.
1235 5726 1294 5771 At
1330 5723 1464 5781 ων..
1493 5717 1785 5783 pertinentis.
1825 5723 2052 5778 Nonnulli

455 5783 562 5833 Is.
570 5813 599 5843 ,ν
611 5779 916 5843 munientes.

518 5842 540 5873 ο
560 5840 637 5893 sic
657 5849 763 5894 uss.
788 5850 843 5892 Αι
865 5842 1002 5906 add,
1022 5840 1304 5907 arguerim

1745 347 1806 404 S.
1846 345 2219 406 AUGUSTI.“
2255 346 2562 408 EPISCOPI

3655 372 3737 435 388

2198 472 2389 532 ιιιιδιιι,
2419 466 2515 520 sed
2539 477 2714 522 tamen
2747 480 2852 523 non
2879 478 3073 539 praeter
3094 472 3497 543 dispositionem
3519 497 3667 551 suam.
3685 492 3737 546 ad

2198 556 2527 612 reddendum
2566 559 2802 615 debitum
2848 578 2947 617 nos
2978 564 3236 621 Dominus
3265 574 3549 630 revocavit.
3584 575 3738 640 Intenti

2195 659 2328 743 ergo
2371 659 2542 743 estote
2565 692 2581 715 ,
2610 650 2800 708 fratres
2822 694 2838 719 ,
2872 664 2930 709 ut
2957 654 3003 710 si
3035 666 3318 727 possumus
3347 664 3455 719 Deo
3472 666 3739 743 adjuvantc,

2195 738 2280 792 vel
2323 739 2484 795 modo
2521 742 2794 799 solvamus
2837 746 2980 816 quod
3027 763 3127 804 nos
3167 749 3367 808 debere
3396 738 3740 826 cogtntscimus;

2194 826 2327 897 Quis
2355 839 2438 886 cst
2466 833 2560 903 qui
2583 833 2741 901 dicit,
2791 836 2935 907 quod
2974 839 3135 895 modo
3179 844 3547 902 enatavimus?
3569 847 3743 910 literni:

2193 920 2273 991 [ni
2288 963 2302 984 ,
2330 930 2380 976 et
2406 939 2519 978 ecce
2543 926 2689 980 νηιιὶ
2710 965 2725 992 ,
2752 937 2799 982 et
2826 944 2928 984 non
2957 930 3065 986 vidi
3095 933 3296 1004 justum
3338 938 3651 1008 derelictum,
3674 961 3745 1000 nec

2192 1031 2362 1071 semen
2390 1018 2501 1090 ejus
2519 1035 2749 1091 quarens
2776 1039 2979 1095 panem.
3007 1024 3063 1081 Si
3091 1032 3242 1098 quasi
3270 1045 3410 1086 unus
3435 1031 3586 1089 homo
3603 1037 3742 1108 loqui-

2193 1114 2302 1174 tur,
2333 1124 2490 1179 quant
2517 1111 2740 1168 nmltum
2768 1122 2982 1186 tempus
3008 1125 3091 1174 cst
3115 1128 3247 1176 tetas
3275 1121 3432 1177 tutius
3455 1124 3679 1195 hominis;
3703 1142 3743 1187 et

2190 1198 2320 1269 quid
2347 1215 2595 1271 maguum
2615 1215 2718 1270 est,
2745 1215 2802 1260 ut
2832 1207 2993 1263 homo
3012 1210 3217 1279 positus
3239 1210 3291 1266 in
3316 1228 3417 1268 una
3441 1216 3605 1287 aliqua
3626 1235 3745 1287 parte

2193 1297 2453 1383 terrarum
2493 1310 2590 1366 per
2634 1305 2797 1354 totam
2835 1301 2995 1357 vitam
3034 1316 3186 1359 suam
3211 1314 3317 1360 tant
3346 1308 3586 1375 brevem,
3614 1330 3744 1383 quant

2191 1379 2426 1440 humana
2454 1388 2556 1441 vita
2584 1389 2761 1445 brevis
2788 1402 2891 1458 est,
2921 1398 3166 1465 quamvis
3195 1398 3261 1451 ad
3287 1411 3609 1459 senectutem
3630 1379 3742 1476 aju—

2189 1486 2407 1534 ventnte
2425 1484 2745 1551 pervenerit,
2771 1501 2878 1540 non
2896 1488 3085 1543 viderit
3103 1490 3305 1560 justum
3324 1494 3644 1567 derelictum,
3666 1517 3744 1559 nec

2188 1580 2375 1627 semen
2404 1572 2521 1642 ejus
2548 1590 2796 1645 quaerens
2823 1581 3052 1649 panem?
3074 1582 3190 1638 Non
3216 1596 3298 1642 est
3328 1589 3638 1647 mirandum.
3660 1595 3742 1648 Po-

2189 1661 2290 1757 tuit
2324 1666 2465 1720 enim
2507 1666 2621 1722 fieri
2670 1677 2731 1725 ut
2774 1681 2899 1728 ante
2950 1673 3111 1730 vitam
3142 1675 3313 1749 ipsius
3355 1678 3542 1738 fuisset
3585 1683 3743 1757 aliquis

2180 1754 2361 1826 justus
2387 1774 2634 1830 quaerens
2663 1778 2855 1833 panem
2879 1806 2896 1834 ,
2929 1771 3103 1838 potuit
3145 1770 3259 1827 fieri
3311 1784 3369 1829 ut
3402 1774 3454 1830 in
3500 1778 3597 1834 alia
3623 1754 3743 1849 parte

2186 1858 2450 1906 terrarum
2481 1868 2589 1909 non
2621 1855 2710 1911 ubi
2752 1857 2865 1925 ipse
2892 1868 3055 1916 esset.
3093 1862 3293 1924 Deinde
3317 1866 3461 1921 aliud
3487 1869 3619 1939 quod
3652 1887 3742 1927 tuo-

2184 1949 2295 1999 vet.
2323 1941 2503 2000 audite
2533 1963 2545 1999 :
2572 1945 2710 2002 Ecce
2735 1951 3097 2023 unusquisque
3125 1954 3178 2009 in
3204 1957 3379 2024 vobis,
3406 1960 3496 2030 qui
3518 1960 3740 2035 forteiam

2182 2034 2400 2103 senuit,
2451 2040 2744 2109 respiciens
2789 2058 2981 2101 cursus
3021 2049 3196 2104 anatis
3223 2064 3338 2106 sum
3376 2053 3487 2123 jam
3537 2034 3740 2127 peractos

2181 2127 2307 2221 sibi,
2331 2129 2421 2185 ubi
2446 2132 2770 2200 cogitatione
2797 2145 3039 2194 versatus
3066 2140 3223 2197 fuerit
3255 2142 3308 2198 in
3336 2143 3423 2201 bis
3448 2162 3576 2218 quos
3602 2153 3736 2221 novit,

2182 2219 2321 2281 forte
2349 2238 2454 2280 non
2477 2225 2526 2280 ei
2554 2230 2784 2285 occurrit
2800 2230 2978 2301 justus
3009 2249 3256 2305 quaerens
3284 2253 3499 2310 panem,
3524 2253 3610 2299 aut
3629 2219 3738 2306 titius

2176 2314 2307 2386 justi
2351 2333 2601 2388 quau-ens
2647 2335 2838 2393 panem
2872 2343 2887 2381 :
2918 2327 3013 2381 sed
3057 2338 3232 2386 tamen
3284 2336 3501 2404 respicit
3537 2338 3598 2394 ad
3622 2340 3738 2396 Scri-

2184 2414 2367 2475 pturas
2393 2405 2607 2503 divinas
2630 2453 2646 2480 ,
2677 2422 2732 2468 et
2777 2414 2978 2472 invenit
3004 2431 3348 2491 angustatum
3374 2426 3628 2486 Abraham
3665 2432 3736 2503 ju-

2180 2508 2345 2568 stum,
2373 2510 2429 2558 et
2456 2500 2631 2560 famen
2653 2520 2868 2576 passum
2898 2510 2952 2566 in
2975 2513 3190 2584 regione
3215 2532 3338 2588 sua,
3362 2534 3589 2582 mutasse
3609 2500 3735 2583 aliam

2180 2594 2457 2688 regionem
2552 2597 2682 2654 Cen.
2728 2616 2838 2669 xu,
2872 2603 3017 2676 l0);
3068 2608 3270 2665 invenit
3311 2620 3367 2670 et
3396 2614 3557 2671 filium
3603 2617 3735 2688 ipsius

2178 2683 2330 2743 Isaac
2356 2687 2597 2759 ejusdem
2625 2690 2782 2747 famis
2803 2710 2962 2755 causa
2989 2698 3041 2753 in
3069 2698 3204 2756 alias
3226 2702 3333 2760 isse
3362 2706 3596 2776 regiones
3617 2683 3736 2781 qua:-

2176 2787 2388 2837 rentem
2433 2795 2624 2853 panem
2671 2784 2691 2856 (
2712 2782 2800 2841 Id.
2829 2790 3045 2856 n.th
3080 2790 3122 2863 ).
3155 2790 3221 2849 Et
3261 2797 3531 2866 quomodo
3553 2802 3643 2856 erit
3666 2815 3737 2856 ve-

2179 2884 2321 2933 rum,
2351 2869 2632 2943 Nunquam
2653 2875 2758 2931 vidi
2773 2879 2974 2949 justum
3003 2880 3327 2953 derelictum,
3360 2906 3450 2944 nec
3476 2907 3629 2947 senarii
3646 2892 3733 2963 ejus

2175 2977 2406 3057 quierant
2437 2969 2666 3036 panem?
2692 2968 2757 3024 Et
2791 2970 2837 3025 si
2883 2987 3069 3031 verum
3115 2974 3217 3033 hoc
3253 2978 3458 3038 invenit
3502 2983 3551 3038 in
3591 2984 3732 3057 spatio

2178 3055 2303 3148 vita:
2323 3072 2435 3115 sua:
2457 3074 2472 3124 ;
2491 3058 2649 3114 aliter
2671 3067 2848 3118 tamen
2872 3063 3073 3123 invenit
3098 3067 3150 3124 in
3172 3068 3407 3131 lectione
3426 3055 3730 3148 divina—qua

2175 3145 2387 3204 fidelior
2410 3158 2671 3221 estquam
2699 3153 2804 3230 vita
2832 3152 3127 3217 hominum.

2246 3242 2302 3297 2.
2335 3242 2473 3312 Quid
2505 3260 2634 3316 ergo
2662 3244 2927 3304 facimus?
2947 3251 3213 3324 Adjuvcnt
3240 3272 3342 3314 nos
3366 3260 3452 3333 pia
3477 3262 3635 3317 studia
3657 3276 3729 3317 ve.

2175 3340 2308 3401 stra,
2341 3345 2399 3389 ιιι
2429 3334 2773 3407 inspiciamus
2816 3340 2870 3396 in
2910 3342 2992 3398 his
3022 3346 3265 3405 versibus
3301 3349 3495 3408 Psalmi
3525 3353 3728 3409 volunta-

2177 3434 2283 3482 tem
2318 3428 2408 3483 Dei
2437 3470 2455 3494 ,
2482 3430 2609 3500 quid
2641 3446 2739 3488 nos
2767 3433 3065 3508 intelligere
3110 3442 3255 3499 velit.
3303 3444 3476 3503 Metus
3498 3456 3575 3504 est
3610 3446 3726 3503 enim

2173 3516 2244 3575 ne
2291 3522 2656 3592 unusquisque
2686 3523 2930 3585 infirmus
2954 3569 2970 3596 ,
3000 3546 3106 3587 non
3154 3535 3377 3607 capiens
3422 3539 3726 3609 spiritualiter

2174 3611 2476 3684 intelligere
2527 3614 2871 3687 Seripturas,
2912 3632 3000 3678 eat
3050 3624 3102 3680 in
3151 3630 3399 3701 exempla
3429 3630 3638 3687 humana
3663 3634 3725 3686 vi-

2172 3703 2402 3776 deatque
2440 3707 2725 3779 aliquando
2752 3711 2922 3769 bonus
2942 3730 3129 3773 servos
3158 3718 3248 3776 Dei
3279 3738 3402 3781 esse
3432 3725 3479 3779 iu
3523 3722 3723 3781 necessi-

2173 3804 2282 3852 tate
2308 3799 2483 3870 aliqua
2509 3811 2563 3856 et
2591 3801 2767 3873 inopia
2789 3808 3062 3875 qmeremli
3090 3811 3279 3879 panis;
3304 3818 3531 3871 maxime
3550 3825 3599 3872 et
3620 3813 3724 3870 Pau-

2169 3887 2279 3944 lum
2305 3891 2605 3962 apostolum
2646 3895 2881 3966 cogitet,
2922 3899 3014 3969 qui
3041 3899 3202 3967 dicit,
3237 3902 3302 3959 In
3332 3907 3469 3974 fame
3488 3917 3534 3962 el
3567 3906 3656 3972 siti,
3677 3904 3721 3959 in

2168 3981 2362 4053 [rigore
2386 3993 2430 4037 cf
2455 3984 2684 4041 nuditate
2708 3987 2726 4055 (
2754 3985 2797 4042 ll
2826 3986 2946 4045 Cor.
2978 4006 3034 4045 XI
3060 4034 3075 4057 ,
3102 3992 3173 4049 27
3198 3996 3218 4066 )
3250 4012 3265 4050 :
3296 4008 3354 4054 et
3377 3997 3721 4055 scandalizetur

2168 4074 2311 4144 apud
2340 4075 2576 4148 seipsum
2621 4079 2807 4136 dicens
2834 4121 2849 4148 ,
2879 4081 3107 4144 Certeue
3134 4103 3321 4145 verum
3358 4101 3439 4149 est
3465 4089 3593 4163 quod
3617 4104 3719 4163 can-

2165 4165 2315 4220 tavi?
2339 4176 2487 4223 certe
2515 4184 2698 4225 verum
2726 4182 2809 4228 est
2833 4174 2976 4244 quod
3008 4174 3060 4231 in
3088 4179 3313 4236 ecclesia
3343 4189 3487 4239 stans
3524 4191 3618 4237 tam
3637 4177 3715 4234 de-

2168 4269 2293 4315 vota
2320 4273 2452 4318 voce
2480 4265 2754 4333 personui,
2788 4263 3067 4339 Nunquam
3095 4271 3200 4324 vidi
3216 4273 3417 4345 justum
3437 4270 3713 4338 derelictum,

2169 4367 2262 4406 nec
2287 4369 2455 4408 tentet:
2479 4356 2591 4425 ejus
2604 4372 2836 4426 qurerens
2855 4375 3036 4430 panem
3054 4361 3081 4416 2
3097 4361 3312 4420 Fallunt
3335 4381 3433 4421 nos
3444 4364 3711 4435 Scriptura.

2166 4442 2310 4500 dicat
2347 4445 2486 4516 apud
2525 4461 2616 4513 se;
2666 4457 2722 4504 et
2756 4449 3117 4509 dissolvantur
3156 4457 3337 4513 omnia
3376 4458 3487 4529 ejus
3511 4452 3713 4512 membra

2168 4536 2239 4592 ab
2267 4553 2430 4605 opere
2450 4539 2629 4605 bono;
2658 4541 2852 4612 quibus
2874 4544 3131 4600 membris
3155 4546 3492 4608 intrinsecus.
3510 4544 3633 4619 quod
3646 4548 3710 4598 est

2164 4631 2399 4700 gravius,
2429 4640 2484 4687 et
2516 4631 2569 4686 in
2591 4631 2847 4691 interiore
2869 4634 3085 4694 homine
3107 4641 3376 4708 resolutis,
3400 4644 3504 4712 jam
3524 4639 3709 4694 desistat

2165 4720 2236 4776 ab
2264 4737 2426 4793 opere
2465 4722 2604 4779 bono
2629 4764 2645 4789 ,
2676 4735 2733 4781 et
2760 4726 2903 4782 dicat
2928 4728 3032 4785 sibi
3071 4748 3087 4786 :
3132 4730 3325 4803 thuid
3354 4734 3485 4791 bene
3507 4725 3706 4802 cperor?

2165 4813 2363 4887 thuid
2396 4832 2585 4888 panem
2612 4834 2790 4875 mcum
2819 4820 3005 4893 frango
3041 4825 3320 4893 esurienti,
3346 4837 3399 4883 et
3434 4823 3611 4881 nudum
3633 4832 3705 4874 γε*

2162 4914 2289 4976 stio,
2319 4921 2374 4968 et
2402 4913 2519 4971 sine
2544 4923 2685 4972 tecto
2712 4916 2905 4975 imlncu
2933 4917 2987 4974 in
3012 4918 3232 4977 domum
3258 4940 3449 4990 meam,
3468 4915 3701 4978 attendens

2160 5003 2231 5060 ad
2262 5005 2312 5060 id
2340 5006 2481 5077 quod
2508 5008 2767 5079 scriptum
2793 5019 2908 5074 est,
2941 5009 3224 5086 Nunquam
3249 5017 3353 5074 ridi
3368 5016 3551 5088 justum
3584 5009 3699 5063 dm-

2164 5094 2359 5164 lirtnm,
2390 5114 2482 5152 nec
2518 5114 2683 5154 uinea
2721 5102 2833 5172 ejus
2859 5115 3094 5173 quicum
3136 5121 3317 5176 panem
3346 5124 3368 5164 .'
3392 5120 3506 5163 cam
3531 5100 3697 5155 videam

2163 5196 2243 5243 tot
2270 5185 2517 5245 homines
2545 5189 2684 5247 bene
2716 5191 2976 5262 viventes,
3001 5194 3317 5269 plerumque
3337 5198 3466 5254 fame
3489 5192 3695 5249 laborati.

2161 5280 2277 5335 tes?
2303 5279 2409 5335 Sed
2457 5281 2504 5335 si
2550 5281 2684 5338 forte
2710 5297 2833 5338 erro
2872 5298 3013 5355 ego,
3045 5296 3104 5342 ut
3140 5296 3249 5344 tam
3300 5290 3439 5345 illum
3473 5283 3552 5356 qui
3588 5282 3693 5334 bene

2160 5373 2289 5429 vivit
2310 5388 2466 5444 quam
2501 5372 2649 5431 illurn
2670 5376 2762 5448 qui
2792 5377 2928 5434 male
2955 5379 3125 5448 vivit,
3154 5394 3334 5453 putem
3364 5382 3492 5438 bene
3520 5374 3663 5431 vitm
3684 5405 3697 5429 ο

2157 5475 2213 5523 et
2238 5468 2394 5523 aliter
2420 5468 2569 5524 illum
2601 5471 2750 5525 novit
2779 5470 2938 5537 Deus,
2966 5472 3016 5529 id
3041 5487 3123 5530 es:
3148 5474 3382 5547 iniquum
3408 5484 3536 5535 esse.
3564 5471 3685 5535 lim”

2156 5577 2256 5634 ego
2292 5563 2495 5633 justum
2526 5574 2688 5634 pulo;
2717 5564 2842 5634 quid
2884 5564 3019 5622 facio
3046 5569 3115 5624 de
3144 5570 3404 5625 Abraham
3427 5609 3443 5633 ,
3468 5574 3602 5635 quem
3620 5554 3687 5623 Ῐ⁰⁴

2156 5662 2297 5711 ilum
2330 5656 2442 5726 ipsa
2472 5653 2747 5727 Scriptura
2794 5658 3173 5718 commendat?
3199 5661 3336 5732 Quid
3366 5658 3489 5719 facio
3512 5653 3570 5708 dc
3593 5648 3680 5716 5P”

2153 5749 2398 5817 apostolo
2423 5746 2606 5815 Paulo,
2631 5748 2724 5819 qui
2752 5748 2926 5808 dicit:
2954 5749 3249 5810 lmitatores
3280 5755 3561 5811 maiestate,
3581 5736 3681 5795 ἀπ’

2156 5849 2326 5915 “ego
2362 5838 2786 5914 ChristHlCor.
2815 5859 2891 5921 tv,
2920 5840 3074 5918 ων
3117 5840 3291 5908 Anut
3326 5827 3673 5909 etiamcgotim

3664 5860 3884 6330 J
