3960 6418
254 479 348 540 in
374 476 530 533 malis
554 475 735 548 qualia
762 473 853 531 ille
875 471 1134 546 pertulit,
1158 470 1370 541 infame
1392 478 1440 525 et
1462 467 1549 525 siti
1572 509 1590 535 ,
1620 469 1673 524 in
1698 468 1894 540 {rigore

268 576 344 624 et
366 568 598 622 nuditate
619 567 647 621 .’

362 659 412 713 5.
438 657 511 713 lia
531 657 876 728 cogitantem.
895 663 970 714 et.
989 662 1048 709 nt
1062 651 1197 717 dixi,
1216 650 1486 707 dissolutis
1506 649 1761 707 membris
1772 666 1892 708 om-

260 750 448 808 nibus
475 748 821 803 interioribus
836 762 865 799 a
887 745 1135 801 faenilate
1156 745 1337 813 operis
1353 744 1498 810 boni,
1516 758 1888 813 possumusne,

259 840 503 905 fratres,
526 849 776 910 tanquam
794 836 1143 911 pamlyticum
1160 835 1366 901 tollere,
1385 842 1439 890 et
1459 835 1670 904 aperire
1690 844 1887 891 tectum

266 933 588 1003 Scriptura:
618 932 777 1002 hujus
804 972 821 996 ,
852 940 907 986 et
952 944 1077 986 eum
1120 926 1437 983 submittere
1461 925 1527 981 ad
1559 925 1890 982 Dominum?

274 1027 497 1084 Videtis
521 1026 666 1082 enim
710 1026 831 1098 quia
858 1024 1145 1080 obscurum
1172 1032 1274 1078 est.
1315 1022 1485 1078 Porro
1514 1019 1559 1076 si
1598 1020 1885 1076 obscurum

275 1130 394 1187 εει,
427 1128 620 1174 tectum
654 1126 735 1173 cst
763 1134 778 1170 :
811 1125 866 1172 et
894 1115 1240 1186 paralyticum
1289 1114 1470 1168 animo
1495 1111 1778 1182 quemdam
1807 1112 1888 1168 in-

285 1223 463 1270 tueor.
513 1212 583 1269 Et
626 1212 730 1267 hoc
775 1219 974 1265 tectum
1007 1208 1162 1263 video
1189 1250 1205 1275 ,
1236 1215 1287 1263 et
1311 1205 1411 1261 sub
1436 1205 1538 1262 hoc
1567 1215 1705 1261 tecto
1730 1204 1887 1261 Chri-

286 1319 430 1365 Stum
460 1308 626 1362 latere
649 1320 900 1375 agnosco.
928 1301 1164 1363 Faciam.
1192 1309 1449 1372 quantum
1482 1314 1720 1369 possunt,
1741 1298 1884 1369 quod

290 1399 557 1455 laudatum
580 1407 663 1455 est
692 1400 744 1453 in
769 1398 870 1452 illis
896 1396 983 1467 qtti
1012 1401 1198 1464 aperto
1228 1402 1367 1447 tecto
1399 1391 1464 1445 ad
1488 1390 1756 1445 Christum
1787 1405 1882 1459 pa-

292 1493 567 1564 ralyticnm
634 1490 1040 1553 suhmiserunt,
1092 1496 1149 1541 ut
1195 1487 1400 1541 diceret
1448 1484 1523 1540 illi
1571 1502 1584 1537 :
1633 1482 1882 1539 Constans

294 1594 417 1652 esto,
445 1586 539 1655 ﬁli,
564 1585 772 1640 remissa
802 1594 918 1638 sunt
945 1583 1077 1635 enim
1107 1581 1195 1637 tibi
1225 1590 1429 1647 peccata
1466 1588 1573 1633 tua.
1619 1579 1709 1633 Sic
1735 1579 1879 1633 enim

296 1677 417 1737 fecit
457 1678 760 1734 interiorem
791 1676 1062 1730 hominem
1094 1674 1297 1729 salvum
1326 1688 1357 1726 a
1389 1670 1658 1743 paralysi,
1692 1671 1880 1725 remit-

300 1771 451 1828 tendo
494 1779 745 1841 peccata,
781 1778 836 1825 et
886 1763 1305 1833 constt-ingenito
1356 1762 1537 1817 fidem.
1573 1761 1679 1817 Sed
1726 1770 1883 1817 erant

297 1864 365 1918 ibi
391 1862 625 1917 homines
651 1902 667 1926 ,
700 1860 789 1932 qui
832 1875 936 1914 non
967 1857 1236 1913 habebant
1261 1855 1446 1911 oculos
1493 1854 1560 1909 ad
1592 1854 1877 1910 videndum

297 1953 589 2009 interiorem
614 1951 965 2024 paralyticum
986 1949 1097 2019 jam
1126 1962 1246 2003 esse
1295 1958 1541 2000 sanatum
1569 1987 1584 2009 ,
1615 1954 1670 2001 et
1700 1945 1875 2001 medi-

294 2061 409 2100 cum
445 2055 721 2101 curantem
765 2050 1086 2114 putaverunt
1135 2038 1616 2109 blasphemantem.
1648 2036 1776 2104 Quis
1804 2046 1878 2093 est

293 2139 390 2204 hic,
423 2140 699 2210 inquittttt,
740 2138 827 2208 qui
866 2145 1074 2207 peccata
1115 2134 1319 2188 dimittit
1342 2134 1369 2187 ?
1395 2132 1723 2200 Blaspltemat
1760 2133 1872 2187 iste.

294 2233 416 2300 Quis
439 2244 597 2301 potest
624 2234 880 2286 dimittere
905 2239 1131 2305 peccata,
1164 2228 1263 2283 nisi
1281 2229 1420 2283 solus
1454 2226 1634 2282 Deus?
1665 2226 1729 2281 Et
1752 2226 1876 2296 quia

286 2325 374 2382 ille
416 2335 525 2379 erat
579 2324 757 2391 Deus,
805 2322 927 2377 talia
976 2320 1276 2392 cogitantes
1320 2318 1571 2374 audiebat
1599 2320 1617 2388 (
1645 2316 1773 2373 an.
1802 2334 1870 2385 v,

283 2415 351 2471 18
378 2414 509 2487 2'2).
544 2415 655 2470 Hoc
694 2429 876 2469 verum
910 2414 927 2445 ί
965 2413 1034 2467 de
1063 2412 1170 2466 Deo
1199 2408 1505 2477 cogitabant
1532 2450 1547 2475 ,
1577 2409 1673 2465 sed
1706 2410 1871 2465 Deum

279 2520 600 2575 pmrscutem
631 2519 735 2560 non
767 2503 1035 2559 videbant.
1060 2500 1208 2558 Fecit
1228 2516 1359 2572 ergo
1388 2501 1477 2554 ille
1504 2500 1743 2557 medicus
1770 2502 1869 2555 ali-

272 2598 399 2667 qttid
429 2608 481 2652 et
512 2602 566 2653 in
597 2610 824 2666 corpore
855 2593 1128 2667 pat'alytici
1150 2635 1166 2658 ,
1200 2603 1257 2646 ιιι
1294 2601 1351 2647 ct
1380 2592 1589 2647 illorum
1624 2594 1713 2663 qui
1747 2594 1871 2648 talia

267 2689 557 2756 dixerunt,
612 2688 918 2744 interiorem
966 2684 1253 2756 paralysitn
1285 2692 1519 2738 sanaret.
1553 2682 1697 2738 Fecit
1725 2685 1869 2739 enim

258 2785 405 2858 quod
460 2783 711 2839 viderent
737 2824 754 2848 ,
783 2791 837 2837 et
883 2779 1035 2835 dedit
1076 2775 1224 2849 quod
1274 2776 1578 2834 crederent.
1622 2777 1713 2831 Eia
1741 2792 1870 2846 ergo

257 2878 508 2949 quisquis
539 2892 598 2931 es
628 2884 733 2930 tam
764 2872 1006 2928 infirmus
1034 2880 1088 2927 et
1118 2871 1377 2941 languens
1403 2869 1585 2930 corde.
1611 2879 1666 2923 ut
1692 2878 1870 2925 attenc

252 2968 389 3027 deus
413 2967 679 3039 .humaua
711 2964 951 3036 exempla
976 3005 993 3031 ,
1020 2963 1154 3018 velis
1192 2977 1222 3015 a
1255 2961 1407 3017 bonis
1435 2961 1688 3032 operibus
1710 2961 1859 3017 desi-

248 3069 424 3126 stere,
453 3068 511 3115 et
540 3040 768 3129 paralysi
792 3055 1019 3128 quadam
1048 3053 1301 3108 interiore
1320 3052 1612 3107 dissolutus
1633 3069 1712 3114 es.
1738 3068 1859 3124 age,

249 3153 297 3209 si
347 3164 649 3224 possumus
675 3190 692 3215 ,
723 3159 911 3219 aperto
942 3147 1045 3202 isto
1076 3153 1215 3201 tecto
1244 3143 1560 3200 submittere
1584 3143 1653 3201 ad
1688 3144 1870 3201 Domi-

250 3258 384 3303 num
393 3283 408 3297 .

329 3338 387 3393 ι.
430 3335 702 3401 Dominus
749 3333 893 3390 enim
927 3332 1041 3402 ipse
1071 3332 1123 3386 in
1170 3344 1396 3401 corpore
1426 3343 1525 3383 suo
1546 3368 1562 3393 ,
1608 3327 1751 3399 quod
1784 3336 1868 3384 est

256 3432 531 3493 Ecclesia,
563 3428 747 3498 junior
790 3426 889 3481 fuit
912 3426 1098 3496 primis
1130 3422 1488 3493 temporibus.
1529 3432 1580 3477 et
1609 3436 1734 3476 ecce
1756 3420 1866 3489 jam

262 3524 461 3580 sonuit.
494 3521 696 3587 Nostis,
721 3528 773 3575 et
800 3518 1112 3590 agnoscitis,
1135 3527 1186 3571 et
1209 3516 1523 3585 iutelligitis,
1546 3516 1667 3585 quia
1691 3512 1741 3568 in
1766 3512 1866 3569 hoc

265 3616 423 3689 positi
454 3615 624 3681 estis,
670 3623 723 3668 ct
772 3614 842 3667 ita
897 3610 1201 3667 credidistis
1226 3651 1239 3673 ,
1271 3610 1393 3679 quia
1424 3617 1578 3677 (aput
1624 3615 1865 3662 nostrum

270 3710 514 3765 Christus
542 3715 658 3770 cst;
687 3719 884 3775 corpus
921 3703 1111 3774 rapitis
1144 3702 1287 3756 illius
1314 3715 1411 3755 nos
1438 3715 1623 3754 sumus
1651 3701 1668 3769 (
1698 3698 1716 3753 l
1745 3698 1863 3753 Cor.

273 3814 363 3865 xu,
390 3799 495 3864 27;
533 3798 721 3869 [ip/tes.
774 3812 846 3858 tv,
886 3796 1013 3866 l5).
1058 3793 1321 3863 Numquid
1367 3792 1464 3847 soli
1496 3810 1627 3855 nos,
1659 3799 1713 3846 et
1760 3806 1866 3847 non

276 3894 432 3949 etiam
462 3894 538 3946 illi
571 3892 660 3963 qui
702 3892 912 3946 fuerunt
954 3897 1076 3943 ante
1104 3887 1247 3941 nos?
1274 3884 1473 3941 Omnes
1501 3884 1590 3955 qui
1621 3884 1689 3939 ab
1719 3884 1868 3940 initio

278 3984 450 4040 saeculi
482 3983 696 4037 fuerunt
733 3979 899 4048 justi,
941 3986 1103 4047 caput
1145 3976 1414 4030 Christum
1449 3974 1666 4029 habent.
1715 3972 1865 4027 Ilium

282 4078 417 4131 enim
448 4084 733 4130 venturum
774 4086 896 4126 esse
939 4069 1276 4125 crediderunt
1301 4109 1317 4131 ,
1349 4081 1507 4136 quem
1537 4081 1634 4118 nos
1654 4066 1868 4119 venisse

280 4168 383 4236 jam
412 4166 717 4228 credimus;
751 4173 802 4218 et
826 4164 876 4215 iu
908 4163 1023 4231 ejus
1054 4160 1156 4215 fide
1183 4167 1235 4213 et
1285 4158 1381 4229 ipsi
1414 4157 1585 4211 sanati
1614 4165 1737 4231 sunt
1764 4197 1779 4221 ,
1815 4156 1865 4210 itt

283 4259 431 4328 cujus
456 4269 510 4314 et
536 4272 633 4312 nos
664 4267 755 4312 :ut
777 4264 917 4309 esset
938 4263 985 4307 et
1022 4254 1134 4321 ipse
1156 4251 1319 4306 totius
1347 4258 1504 4319 caput
1529 4249 1759 4303 civitatis
1778 4247 1869 4303 Je-

288 4354 510 4408 rusalem
537 4395 553 4417 ,
585 4351 834 4406 omnibus
881 4344 1280 4404 conuumeratis
1326 4343 1569 4399 fidelibus
1614 4342 1683 4397 ab
1717 4343 1869 4397 initio

297 4461 454 4515 usque
481 4446 533 4498 in
564 4443 742 4507 finem,
766 4440 1030 4509 adjuncns
1058 4439 1216 4493 etiam
1262 4436 1558 4505 legionibus
1578 4444 1630 4488 et
1658 4435 1869 4489 exerci-

293 4536 424 4590 tibus
439 4535 781 4605 Augelorum,
796 4542 853 4585 ut
875 4534 963 4585 fiat
988 4531 1071 4585 illa
1088 4544 1188 4583 una
1208 4528 1394 4584 civitas
1408 4526 1506 4580 sub
1531 4542 1634 4581 uno
1656 4542 1799 4596 rege,
1816 4534 1871 4581 et

298 4645 391 4684 una
406 4628 641 4699 qua-dam
657 4625 926 4696 provincia
950 4626 1048 4677 sub
1062 4640 1167 4676 uno
1191 4623 1529 4691 imperatore,
1548 4620 1665 4674 felix
1684 4620 1733 4673 in
1750 4635 1870 4688 per-

294 4730 438 4791 petua
464 4736 588 4790 pace
600 4727 655 4773 et
675 4719 865 4779 salute,
884 4716 1105 4771 laudans
1122 4715 1283 4768 Deum
1308 4714 1422 4767 sine
1438 4712 1559 4773 line,
1579 4714 1727 4765 beata
1756 4712 1871 4767 sine

282 4817 409 4873 line.
430 4815 634 4883 Corpus
662 4808 1070 4871 autetnChristi,
1095 4808 1233 4876 quod
1251 4815 1329 4859 cst
1348 4805 1579 4860 Ecclesia
1596 4804 1810 4874 (Colosv.
1830 4820 1867 4869 r,

279 4912 375 4970 l8.
401 4910 516 4979 Ξῖ),
551 4916 798 4975 tanquam
838 4918 976 4957 unus
1005 4901 1217 4974 quidam
1247 4898 1407 4953 homo
1429 4936 1446 4962 ,
1501 4897 1671 4966 primo
1694 4898 1873 4963 junior

271 5002 404 5065 fuit,
434 5010 486 5056 et
512 5013 637 5055 cccc
662 5001 775 5066 jam
806 4997 855 5049 in
890 4996 994 5050 fine
1024 4993 1203 5049 sreculi
1232 5000 1316 5047 est
1342 4992 1393 5045 in
1416 4999 1627 5045 senecta
1654 4988 1869 5059 pingui;

270 5094 532 5166 quoniam
565 5090 631 5145 de
669 5090 755 5145 illa
783 5088 983 5142 dictum
1011 5097 1091 5141 est
1122 5105 1134 5138 :
1167 5085 1343 5141 Adhuc
1370 5082 1784 5154 multiplicubitur
1819 5083 1873 5138 in

269 5195 484 5243 senecta
529 5182 704 5254 pingui
735 5182 752 5249 (
785 5178 931 5234 Psal.
968 5194 1078 5243 XCI,
1116 5178 1181 5233 l5
1213 5179 1251 5247 ).
1280 5175 1620 5244 Multiplicata
1672 5184 1752 5228 cst
1778 5189 1874 5244 per

273 5291 477 5335 omnes
523 5284 708 5346 gentes
739 5314 755 5339 ,
788 5282 839 5329 et
895 5274 1059 5342 ipsius
1089 5287 1190 5327 vox
1244 5283 1325 5326 est
1370 5267 1697 5325 attendentis
1722 5269 1873 5339 quasi

274 5378 447 5433 unius
474 5373 703 5429 hominis
732 5371 954 5441 primam
992 5379 1203 5424 aetatem
1228 5384 1401 5429 suam,
1425 5377 1475 5421 et
1510 5366 1664 5419 istam
1693 5367 1870 5417 novis-

275 5470 478 5527 simam
507 5508 519 5518 .
547 5466 780 5533 respcait
807 5479 899 5533 per
923 5463 1124 5528 omnia,
1152 5462 1275 5532 quia
1298 5474 1487 5515 omnes
1513 5470 1697 5514 estates
1724 5470 1876 5513 notas

284 5560 454 5616 habet
500 5574 595 5630 per
646 5556 985 5625 Seripturas;
1014 5562 1068 5608 et
1096 5554 1170 5607 ait
1211 5553 1482 5608 exsultans
1510 5560 1562 5605 et
1603 5565 1828 5604 monens
1860 5569 1872 5605 :

283 5650 479 5707 Juniur
530 5650 628 5723 ﬁni,
660 5647 844 5720 primis
876 5646 1203 5716 temporibus
1231 5644 1440 5707 sa'culi;
1469 5653 1514 5697 rt
1539 5659 1652 5698 ecce
1695 5643 1836 5697 senui
1860 5683 1874 5706 ,

291 5758 411 5802 tum
435 5745 595 5799 etiam
624 5740 930 5797 novissimis
959 5738 1287 5808 temporibus
1307 5736 1518 5803 seculi;
1545 5745 1593 5791 et
1620 5752 1880 5809 nunquam

353 5854 375 5887 ⁸
398 5853 842 5917 sicpleriqueltss.
866 5850 1073 5913 MM,
1093 5849 1304 5903 uerbum

1356 353 1762 414 ENARRATIO
1782 354 1870 414 ,ιιι
1906 354 2236 417 PSALMUM
2271 356 2517 417 XXXVI.

1999 468 2101 524 vidi
2138 471 2339 542 justum
2388 471 2728 543 derelictum,
2757 489 2849 531 uec
2889 470 3059 534 semen
3096 484 3208 551 ejus
3239 472 3468 553 quarens
3495 505 3591 561 ραι

1997 576 2135 616 nem.

2068 655 2125 711 5.
2167 656 2497 728 Agnovimtts
2543 659 2812 718 hominem
2858 663 3128 733 juniorem
3183 677 3239 725 et
3278 686 3485 741 senem,
3535 684 3591 733 et

1997 755 2249 819 tanquam
2280 760 2470 819 aperto
2498 761 2637 807 tecto
2666 758 3007 825 pervenimus
3049 760 3115 814 ad
3147 762 3439 821 Christum.
3482 767 3590 826 Sed

1994 839 2114 908 quis
2139 842 2535 912 cstjustus,qui
2560 860 2665 901 non
2683 856 2765 901 est
2782 849 2924 904 visus
2942 850 3252 920 derelictus,
3275 870 3373 912 nec
3402 875 3588 918 semen

1992 929 2108 1025 ejus
2159 948 2405 1002 quaerens
2449 939 2683 1007 panem?
2712 938 2766 995 Si
2800 942 3049 1015 intelligis
3078 961 3267 1016 panem
3289 988 3306 1017 ,
3335 950 3589 1025 intelligis

1992 1022 2165 1077 illum.
2200 1025 2358 1081 Panis
2387 1038 2466 1082 est
2494 1031 2635 1085 enim
2658 1031 2879 1087 verbum
2912 1035 3025 1099 Dei,
3054 1039 3193 1107 qttod
3226 1022 3585 1113 nunquamab

1991 1116 2230 1185 orejusti
2257 1117 2648 1175 discedit.Nam
2679 1132 2734 1177 et
2764 1124 2815 1177 in
2838 1127 3011 1197 capite
3032 1136 3319 1199 suojustns
3340 1141 3437 1191 iste
3467 1147 3585 1192 ten-

1991 1214 2153 1273 tatus,
2184 1208 2285 1263 hoc
2316 1213 2609 1282 rcSpoudit.
2634 1214 2857 1282 Quando
2885 1219 3027 1273 enim
3073 1221 3171 1288 ξιεί
3207 1224 3429 1280 Domino
3456 1243 3585 1285 esu-

1989 1300 2147 1355 rienti
2176 1310 2229 1356 et
2258 1302 2450 1358 famem
2494 1307 2714 1374 patienti
2753 1307 3000 1364 diabolus
3042 1310 3117 1367 ait
3148 1331 3163 1368 :
3195 1310 3290 1369 Dic
3328 1318 3585 1388 lapidibus

1987 1395 2098 1449 istis
2144 1405 2197 1448 ut
2235 1413 2389 1463 panes
2436 1400 2601 1468 ﬁant;
2657 1402 2934 1470 reSpondit
2988 1421 3002 1458 :
3059 1402 3180 1459 Non
3221 1407 3274 1461 in
3303 1411 3411 1465 solo
3453 1429 3586 1477 pane

1986 1484 2103 1538 uirit
2130 1486 2301 1551 Itonto,
2354 1490 2442 1543 sed
2488 1491 2541 1544 in
2592 1493 2730 1545 onmi
2772 1493 2916 1548 ιρι·ὺο
2948 1493 3040 1548 Dei
3068 1497 3084 1563 (
3117 1495 3302 1551 Matth.
3328 1517 3400 1567 tv,
3432 1502 3580 1570 5,4).

1988 1578 2210 1646 Deinde,
2245 1581 2436 1637 fratres
2465 1585 2591 1647 mei.
2620 1587 2901 1649 attendite,
2935 1589 3148 1658 quando
3178 1603 3283 1646 ttOn
3324 1572 3587 1665 faciatju-

1983 1678 2101 1724 stus
2127 1671 2452 1728 voluntatem
2484 1677 2599 1731 Dei.
2622 1676 2845 1747 Semper
2870 1682 3012 1733 enim
3039 1681 3182 1749 facit,
3206 1692 3259 1738 et
3286 1687 3581 1747 secundum

1983 1764 2311 1820 voluntatem
2342 1768 2458 1835 ejus
2486 1768 2896 1827 vivit.Voluntas
2925 1772 3017 1827 Dei
3046 1774 3112 1828 de
3137 1775 3302 1831 corde
3328 1778 3445 1847 ejus
3472 1795 3578 1838 non

1983 1855 2188 1909 recedit
2228 1875 2243 1911 :
2270 1858 2392 1926 quia
2422 1859 2667 1913 voluntas
2692 1862 2780 1915 Dei
2807 1904 2820 1925 ,
2848 1863 2958 1932 ipsa
2987 1871 3071 1920 est
3098 1862 3183 1919 lex
3208 1866 3321 1920 Dei.
3359 1868 3425 1924 Et
3451 1872 3580 1941 quid

1982 1945 2181 2001 dictum
2211 1960 2293 2003 est
2323 1950 2389 2004 de
2420 1951 2548 2005 tali?
2574 1949 2641 2005 Et
2668 1954 2719 2005 in
2765 1952 2873 2023 lege
2896 1957 3004 2025 ejus
3033 1956 3351 2013 meditabitur
3393 1962 3477 2015 die
3518 1979 3580 2019 ac

1982 2048 2126 2092 nocte
2153 2040 2172 2113 (
2204 2039 2347 2096 Psul.
2374 2059 2410 2108 I,
2439 2042 2474 2097 9.
2496 2044 2534 2112 ).
2567 2043 2763 2100 Panem
2794 2046 2949 2100 istum
2979 2048 3266 2105 manducas
3293 2066 3394 2106 una
3424 2052 3575 2122 hora,

1981 2140 2035 2185 et
2055 2131 2318 2198 dimittis;
2352 2150 2544 2204 putem
2575 2137 2719 2191 illum
2748 2138 2893 2193 verbi
2928 2138 3015 2195 die
3041 2156 3104 2195 ac
3154 2153 3329 2200 nocte.
3355 2145 3578 2213 Quando

1979 2224 2122 2278 enim
2151 2225 2327 2291 audis,
2356 2236 2449 2281 aut
2498 2229 2711 2298 quando
2764 2230 2933 2301 legis,
2981 2233 3313 2301 mandueas;
3364 2239 3578 2308 quando

1979 2312 2104 2370 inde
2132 2317 2335 2387 cogitas
2365 2360 2381 2386 ,
2414 2319 2651 2375 ruminas
2674 2362 2690 2387 ,
2718 2328 2776 2376 ut
2800 2323 2873 2377 sis
2903 2322 3100 2380 animal
3144 2327 3400 2382 mumlum
3419 2372 3435 2395 ,
3468 2346 3576 2388 non

1979 2407 2313 2464 imtuundunt
2365 2411 2386 2481 (
2430 2412 2633 2468 Levit.t
2679 2412 2722 2484 ).
2765 2414 2917 2482 Quod
2973 2417 3238 2485 significat
3273 2420 3435 2476 etiam
3485 2438 3577 2479 sa-

1979 2499 2174 2569 pientia
2209 2517 2303 2571 per
2350 2502 2691 2560 Safomonem
2730 2505 2912 2561 dicens
2943 2524 2957 2562 ι
2993 2506 3280 2566 Tltesattrus
3314 2512 3577 2570 desidera-

1976 2590 2090 2646 bilis
2116 2593 2377 2662 requiescit
2402 2595 2452 2648 in
2496 2611 2584 2649 ore
2607 2597 2850 2667 sapientis
2875 2615 2893 2663 ;
2919 2598 2993 2653 vir
3017 2610 3184 2656 autem
3214 2603 3396 2660 stultus
3421 2605 3572 2677 glutit

1974 2682 2123 2737 illum
2170 2686 2186 2757 (
2216 2684 2367 2739 Prov.
2404 2703 2533 2750 xxi.
2562 2688 2633 2744 ΞΟ
2657 2689 2702 2760 ).
2753 2689 2854 2757 Qui
2908 2695 3049 2746 enim
3082 2694 3233 2763 glutit
3257 2736 3271 2760 ,
3303 2706 3361 2752 ut
3388 2714 3493 2753 non
3522 2698 3576 2756 ili

1975 2774 2067 2831 illo
2093 2786 2345 2848 appareat
2394 2779 2533 2848 quod
2559 2780 2785 2846 voravit,
2816 2781 3012 2836 oblitus
3042 2794 3126 2839 est
3155 2786 3297 2856 ηυηά
3343 2790 3571 2847 audivit.

1972 2865 2073 2933 Qui
2099 2879 2276 2923 autem
2309 2885 2413 2922 non
2447 2883 2527 2923 est
2552 2871 2771 2935 oblitus,
2804 2875 2997 2942 cogitat
3029 2916 3045 2939 ,
3076 2886 3130 2931 ct
3175 2878 3458 2948 cogitando
3485 2896 3577 2936 rit-

1973 2958 2139 3012 ntinat
2165 3000 2180 3025 ,
2222 2960 2541 3014 rttminamlo
2588 2960 2904 3018 delectatur.
2950 2962 3102 3020 Unde
3152 2963 3348 3021 dicitur
3376 2985 3391 3022 :
3424 2968 3575 3042 Cogi-

1971 3052 2094 3106 tatio
2122 3064 2297 3109 sancta
2322 3054 2536 3109 servabit
2563 3064 2611 3109 te
2641 3057 2659 3127 (
2694 3054 2848 3112 Pror.
2883 3072 2939 3123 tt,
2976 3057 3031 3112 ll
3060 3058 3099 3127 ).
3134 3058 3199 3114 Et
3225 3075 3349 3116 ecce
3374 3062 3419 3117 si
3449 3078 3570 3119 ser-

1973 3154 2062 3199 vat
2091 3154 2141 3200 te
2170 3146 2225 3201 in
2266 3146 2623 3201 ruminatione
2664 3149 2813 3217 panis
2853 3147 3011 3219 hujus
3051 3163 3236 3206 Sancta
3277 3153 3525 3224 cogitatio
3549 3199 3567 3225 ,

1972 3255 2228 3309 nunquam
2259 3240 2427 3294 vidisti
2442 3241 2642 3312 justum
2658 3240 2976 3309 derelictum,
2999 3257 3091 3296 nec
3114 3258 3283 3301 semen
3302 3246 3413 3318 ejus
3431 3263 3570 3318 qua:-

1972 3348 2089 3387 rens
2120 3349 2323 3401 panem.

2042 3425 2095 3480 6.
2139 3424 2289 3499 [vers.
2318 3423 2433 3499 26.]
2476 3424 2601 3479 Tota
2626 3426 2707 3480 die
2742 3428 3021 3496 miseretur,
3063 3440 3112 3485 et
3148 3430 3425 3499 feneratur.
3458 3432 3569 3492 Fe-

1971 3530 2178 3573 neratnr
2206 3518 2420 3588 quidem
2455 3519 2617 3575 latine
2645 3519 2874 3585 dicitur,
2904 3531 2955 3576 et
2985 3523 3071 3591 qui
3103 3523 3192 3579 dat
3221 3534 3484 3592 mutuum,
3513 3537 3571 3584 et

1970 3611 2058 3682 qui
2107 3612 2299 3680 accipit
2342 3629 2355 3666 :
2401 3611 2606 3680 planius
2635 3609 2737 3665 hoc
2767 3624 2946 3668 autem
2986 3614 3200 3681 dicitur,
3243 3617 3289 3673 si
3328 3618 3570 3676 d'cunus

1971 3705 2185 3773 fenerat.
2214 3702 2348 3770 Quid
2385 3705 2450 3756 ad
2498 3720 2595 3757 nos
2621 3703 2745 3775 quid
2777 3706 3108 3775 grammatici
3142 3724 3189 3760 γι
3211 3706 3345 3763 lint?
3382 3709 3569 3769 Melius

1972 3795 2024 3850 itt
2068 3795 2397 3850 hat-harisnto
2427 3806 2611 3849 nostro
2641 3810 2737 3849 vos
2760 3796 3075 3867 iutelligitis,
3110 3814 3267 3869 quam
3302 3800 3353 3854 itt
3386 3810 3569 3859 nostra

1971 3888 2340 3944 disertitudine
2382 3904 2478 3945 vos
2516 3890 2714 3946 deserti
2744 3890 2911 3946 eritis.
2957 3890 3099 3961 Ergo
3134 3892 3311 3962 justus
3340 3895 3437 3949 iste
3466 3905 3571 3949 tota

1970 3982 2052 4034 die
2076 3981 2337 4034 miseretur
2359 4021 2374 4045 ,
2404 3990 2450 4035 et
2479 3984 2692 4052 fenerat.
2739 3979 2845 4036 Sed
2876 3997 2979 4036 non
3009 3983 3271 4052 gaudeant
3301 3988 3568 4041 fenerato-

1970 4089 2078 4129 rcs.
2112 4071 2411 4128 Invenimus
2436 4074 2577 4128 enim
2605 4074 2889 4144 quemdam
2923 4076 3295 4139 li‘nt‘ratorem,
3325 4080 3462 4134 siett
3485 4080 3569 4132 it;-

1972 4166 2215 4221 vcnimus
2261 4165 2545 4235 quemdam
2596 4182 2784 4235 panem
2826 4185 2838 4218 :
2875 4177 2930 4220 ιιι
2961 4168 3158 4239 ubique
3201 4180 3386 4240 :‘perto
3427 4180 3570 4227 tecto

1973 4257 2347 4326 perveniamus
2375 4256 2440 4310 ad
2472 4256 2762 4311 Christum.
2797 4256 2933 4311 Nolo
2972 4258 3089 4313 sitis
3133 4258 3486 4327 feneratores,
3515 4270 3570 4317 et

1974 4348 2093 4403 ideo
2136 4348 2281 4414 nolo,
2308 4348 2428 4418 quia
2474 4346 2613 4401 Detts
2643 4362 2748 4402 non
2792 4350 2924 4405 vult.
2968 4347 3097 4405 Nam
3132 4351 3177 4406 si
3220 4367 3317 4422 ego
3343 4354 3487 4419 nelo,
3516 4363 3572 4412 et

1974 4443 2116 4499 Deus
2142 4444 2270 4506 vult,
2305 4444 2480 4514 agite:
2511 4442 2554 4497 si
2576 4453 2752 4497 autem
2780 4443 2919 4499 Deus
2942 4459 3043 4498 non
3073 4446 3203 4508 vult,
3234 4447 3441 4501 etiamsi
3463 4462 3569 4516 ego

1974 4536 2188 4597 vellem,
2224 4534 2364 4588 malo
2406 4549 2504 4589 suo
2544 4543 2728 4604 ageret
2772 4536 2861 4603 qui
2906 4545 3106 4605 ageret.
3156 4535 3305 4591 Unde
3350 4554 3454 4608 app
3491 4548 3573 4594 ret

1975 4630 2139 4685 Deun
2173 4629 2272 4685 hoc
2302 4627 2484 4683 nolle?
2516 4626 2721 4682 Dictum
2751 4637 2835 4682 est
2857 4628 2961 4683 alio
2992 4628 3146 4685 loco:
3177 4628 3276 4693 Qui
3305 4631 3570 4699 p‘cmtt'am

1974 4738 2116 4775 suam
2143 4738 2240 4775 non
2266 4720 2401 4774 dedit
2423 4720 2490 4772 ad
2520 4736 2723 4773 usurum
2752 4717 2922 4789 (Prol.
2952 4735 3057 4782 xw,
3081 4720 3160 4790 5).
3198 4721 3262 4775 Et
3287 4738 3445 4791 quam
3475 4723 3569 4777 tle-

1977 4817 2220 4872 testabile
2263 4819 2365 4880 sit,
2417 4828 2573 4884 quam
2623 4813 2890 4875 odiosum,
2938 4826 3097 4882 quam
3151 4796 3595 4880 exseeraudumﬁ‘

1976 4920 2105 4981 pulo
2129 4909 2249 4980 quia
2276 4920 2327 4963 et
2357 4908 2453 4978 ipsi
2486 4905 2810 4961 feneratores
2843 4920 3061 4959 ttoverttt
3086 4914 3126 4959 ι.
3160 4905 3364 4961 llatsus
3390 4917 3591 4967 autem.

1976 5017 2075 5073 ego
2098 5002 2231 5071 ipse,
2265 5002 2371 5054 into
2400 5001 2537 5055 Deus
2567 5008 2767 5063 noster,
2795 4998 2882 5068 qui
2911 5007 2962 5053 te
2994 4999 3237 5068 prohibet
3266 5016 3383 5056 esse
3416 4992 3589 5056 fene-'

1976 5106 2227 5159 ratorem,
2269 5092 2418 5163 jubet
2464 5101 2514 5145 te
2544 5105 2663 5144 e~se
2695 5089 3085 5155 feneratorem;
3125 5100 3181 5147 et
3218 5091 3412 5147 dicitur
3453 5092 3568 5159 tibi.

1978 5189 2178 5244 Fenera
2204 5188 2329 5241 Deo.
2360 5186 2414 5240 Si
2443 5184 2653 5239 funeras
2680 5184 2899 5247 homini,
2935 5183 3101 5239 babes
3129 5199 3313 5255 spem;
3346 5194 3403 5240 et
3425 5186 3466 5240 si
3494 5187 3572 5241 fe-

1978 5296 2136 5337 neras
2164 5280 2291 5339 Deo.
2322 5293 2469 5348 Spem
2497 5294 2601 5330 non
2633 5275 2886 5331 habebis?
2912 5277 2965 5330 Si
2991 5276 3312 5332 feneraveris
3339 5276 3568 5347 homini,

1980 5374 2032 5428 id
2076 5380 2178 5437 est,
2224 5381 2459 5425 mutuam
2501 5370 2779 5441 peeuniant
2812 5378 2953 5422 tuatn
2982 5368 3194 5423 dederis
3215 5410 3230 5434 ,
3279 5384 3310 5423 a
3341 5385 3445 5441 quo
3475 5370 3562 5426 ali-

1979 5465 2103 5536 quid
2137 5465 2251 5534 ptus
2281 5479 2435 5533 quam
2466 5462 2656 5515 dediin
2698 5468 2976 5528 exslicetes
3004 5460 3286 5527 accipere;
3330 5476 3438 5517 non
3482 5476 3561 5531 po-

1981 5556 2192 5612 cuniam
2236 5556 2427 5617 solam,
2477 5551 2567 5608 sed
2612 5551 2811 5622 aliquid
2842 5553 2958 5622 plus
2987 5566 3147 5623 quam
3191 5552 3407 5621 dedisti,
3461 5556 3574 5613 sive

1983 5649 2109 5705 illud
2144 5647 2371 5704 triticnm
2399 5646 2490 5712 sit,
2517 5646 2628 5700 sive
2654 5646 2856 5706 vinum,
2887 5645 2999 5699 sive
3028 5642 3224 5708 oleum,
3257 5647 3372 5701 sive
3399 5647 3570 5718 quod-

1983 5745 2112 5801 libet
2140 5741 2320 5807 aliud;
2352 5741 2395 5796 si
2436 5740 2552 5811 plus
2575 5754 2733 5811 quam
2759 5735 2957 5793 dedisti
3000 5749 3280 5811 exspectas
3304 5739 3567 5810 accipere,

1985 5840 2254 5896 fenerator
2278 5851 2360 5902 es.
2384 5834 2519 5891 etin
2549 5832 2653 5889 hoc
2681 5829 3087 5909 improbandus,
3116 5846 3224 5887 non
3252 5830 3561 5888 laudandus.
