3960 6410
602 492 736 564 Quid
774 501 922 560 ergo,
953 485 1150 554 inuris,
1187 473 1346 550 iacio,
1371 489 1430 538 ut
1458 479 1560 540 sim
1593 477 1795 540 utiliter
1821 482 1840 517 ¹
1869 479 2182 541 fenerator?

599 582 832 638 Attende
872 580 998 650 quid
1034 577 1157 632 facit
1185 576 1472 631 fenerator.
1503 574 1678 631 Minus
1705 575 1817 630 vult
1853 576 1983 633 dare
2015 585 2180 644 Certe,

597 685 654 734 et
691 675 807 746 plus
847 675 1087 741 accipere
1120 686 1133 724 :
1165 669 1266 725 hoc
1296 669 1376 725 iac
1411 677 1466 724 et
1501 677 1588 736 ttt;
1627 667 1694 724 da
1727 669 1964 735 modica,
2001 671 2184 741 accipe

595 778 803 836 magna.
853 755 980 820 Vide
1013 779 1169 833 quam
1197 762 1302 818 late
1329 772 1535 819 crescat
1565 761 1718 818 fenus
1750 773 1914 817 ιιιιιιιι.
1951 761 2022 817 Da
2049 771 2183 818 tem-

593 858 816 931 poralia,
845 859 1028 926 accipe
1056 866 1254 911 :eterna
1285 874 1299 913 :
1326 854 1392 911 da
1421 863 1636 918 terram,
1668 855 1849 925 accipe
1869 855 2084 912 malum.
2114 855 2181 912 Et

590 953 671 1008 cui
718 949 876 1015 dabo,
925 951 1058 1002 tutae
1084 945 1257 1004 dicis?
1297 947 1413 1019 Ipse
1457 946 1710 1002 Dominus
1755 949 1992 1018 procedit
2018 963 2177 1018 quem

591 1043 816 1107 teneres,
852 1044 940 1114 qui
975 1044 1066 1096 tibi
1093 1041 1312 1112 jubebat
1341 1057 1407 1096 ne
1437 1041 1726 1096 fenerares.
1771 1041 1904 1096 Audi
1933 1039 2177 1111 Scriptu-

589 1153 701 1193 ratn
723 1179 739 1200 ,
772 1136 1042 1206 quomodo
1086 1131 1295 1192 fenei-es
1325 1135 1606 1190 Dominum
1637 1153 1649 1188 :
1700 1131 1914 1190 Fenerat
1935 1176 1951 1202 ,
1983 1135 2173 1207 inquit,

587 1223 885 1293 Dominum,
909 1231 994 1300 qui
1015 1231 1276 1285 miseretur
1305 1229 1542 1299 pauperis
1564 1227 1744 1298 (Prov.
1772 1246 1885 1296 six,
1920 1222 2032 1298 17).
2059 1225 2172 1284 Non

586 1327 727 1382 enim
759 1334 880 1396 eget
915 1333 944 1376 a
988 1332 1038 1377 te
1071 1321 1342 1387 Dominus,
1387 1322 1479 1376 sed
1511 1319 1675 1376 habes
1713 1319 1876 1375 alium
1916 1321 2004 1391 qui
2045 1337 2074 1375 a
2122 1330 2174 1377 le

586 1427 740 1491 egeat
766 1439 780 1473 :
813 1418 884 1472 illi
914 1419 1157 1488 porrigis,
1182 1417 1271 1472 ille
1294 1413 1505 1485 accipit.
1537 1413 1653 1470 Non
1681 1415 1822 1470 enim
1857 1414 2017 1470 habet
2045 1431 2174 1486 pau-

587 1527 683 1584 per
706 1509 846 1582 quod
873 1510 965 1565 tibi
995 1510 1284 1566 retribuat:
1311 1519 1365 1564 et
1385 1513 1560 1563 tamen
1585 1507 1697 1578 ipse
1718 1509 1827 1562 vult
1850 1506 2168 1576 retribuere,

585 1614 640 1662 et
667 1623 770 1660 non
803 1603 1004 1660 invenit
1027 1603 1189 1674 quid;
1218 1601 1328 1660 sola
1371 1604 1424 1659 in
1453 1603 1542 1658 illo
1574 1613 1817 1660 remanet
1843 1603 2169 1660 benevolen-

584 1697 654 1752 tia
696 1697 879 1752 orandi
921 1713 1016 1766 pro
1065 1707 1135 1753 te.
1180 1695 1313 1754 Cum
1353 1708 1529 1753 autem
1577 1713 1776 1768 pauper
1809 1707 1929 1752 orat
1967 1715 2064 1770 pro
2093 1709 2166 1766 te,

584 1794 832 1861 tauquam
864 1789 970 1845 Deo
1007 1789 1136 1845 dicit
1161 1807 1175 1844 :
1210 1789 1451 1856 Domine,
1479 1799 1718 1846 mutuum
1747 1790 1950 1860 accepi,
1979 1788 2170 1847 lidedie

581 1899 668 1939 me
695 1883 738 1937 ³.
770 1879 1000 1938 Proinde
1027 1895 1082 1939 et
1103 1883 1149 1939 si
1179 1899 1280 1939 non
1313 1894 1464 1940 tenes
1491 1900 1780 1954 pauperem
1815 1883 2164 1952 redditorem,

579 1973 673 2036 sed
714 1977 959 2034 idoneum
1008 1989 1156 2034 tenes
1187 1979 1576 2046 lidejussorem.
1627 1974 1762 2035 Ecce
1810 1979 1948 2035 Deus
1977 1979 2070 2034 tibi
2098 1979 2166 2036 de

579 2064 848 2140 Scriptura
871 2086 964 2124 sua
991 2070 1116 2128 dicit
1150 2089 1164 2126 :
1197 2070 1268 2125 Da
1295 2086 1537 2134 securus,
1556 2086 1656 2141 ego
1679 2067 1864 2126 reddo.
1887 2071 2166 2139 Quomodo

581 2163 751 2219 solent
786 2162 964 2218 dicere
995 2163 1370 2232 lidejussorcs?
1391 2163 1516 2234 quid
1549 2165 1732 2220 dicunt
1750 2163 1812 2218 ³ἳ
1839 2164 1950 2236 Ego
1973 2163 2160 2230 reddo,

579 2269 679 2323 ego
705 2254 928 2324 accipio,
961 2254 1089 2310 mihi
1116 2253 1233 2309 das.
1264 2253 1586 2310 Putatnusue
1617 2266 1672 2310 et
1697 2253 1800 2310 hoc
1827 2255 1957 2310 dicit
1984 2255 2162 2311 Deus:

581 2337 694 2414 Ego
716 2344 939 2414 accipio,
965 2343 1092 2398 mihi
1122 2345 1256 2401 das?
1302 2346 1460 2400 Plane
1489 2341 1532 2400 si
1562 2345 1701 2402 Deus
1724 2346 1988 2408 Christus,
2020 2347 2161 2418 quod

579 2454 686 2492 non
717 2436 1021 2503 dubitatur,
1061 2437 1176 2506 ipse
1217 2433 1390 2492 dixit:
1425 2433 1656 2506 Esurioi,
1703 2448 1750 2493 et
1788 2438 1997 2494 dedistis
2037 2435 2165 2494 mihi

579 2528 902 2583 manducare.
948 2528 1158 2584 Etcum
1192 2527 1264 2583 illi
1293 2527 1562 2593 dicerent,
1598 2527 1815 2594 Quando
1857 2540 1905 2584 te
1947 2527 2162 2586 uidimus

577 2617 878 2675 esurientem
899 2618 926 2673 .9
953 2627 1008 2674 ιιι
1035 2619 1341 2674 ostenderet
1363 2631 1421 2677 se
1449 2636 1736 2691 pauperum
1766 2620 2156 2692 lidejussorem,

577 2709 814 2764 omnium
856 2710 1213 2766 membrorum
1259 2725 1474 2767 suorum
1519 2727 1868 2782 sponsorem;
1917 2712 2036 2784 quia
2069 2709 2161 2770 ille

575 2812 754 2870 caput,
799 2801 870 2857 illi
897 2803 1157 2870 membra,
1188 2811 1384 2858 etcum
1411 2805 1676 2875 accipiunt
1712 2801 1968 2870 membra.
1999 2816 2162 2878 caput

573 2893 767 2963 accipit
814 2910 829 2948 :
891 2893 1015 2948 Cum
1067 2894 1190 2956 uni,
1253 2894 1458 2962 ittqttit,
1512 2912 1574 2950 ea:
1629 2897 1707 2951 his
1765 2897 1986 2952 minimis
2036 2898 2159 2953 meis

573 2983 796 3056 fecistis.
856 2985 980 3038 mihi
1031 2979 1238 3057 fecistis.
1293 2983 1429 3051 Eia,
1479 3002 1636 3042 avare
1681 2979 1984 3050 fenerator.
2037 2989 2159 3046 vide

572 3079 698 3150 qttid
747 3077 962 3146 dedisti,
1011 3079 1134 3134 vide
1175 3079 1300 3151 quid
1347 3089 1660 3149 accepturus
1697 3083 1789 3137 es!
1829 3079 1885 3139 Si
1916 3080 2157 3139 dedisses

572 3185 796 3244 paucam
828 3171 1128 3243 pecuniam,
1169 3183 1222 3229 et
1268 3172 1356 3228 ille
1380 3173 1467 3228 cui
1503 3173 1728 3228 dederas
1753 3189 1849 3244 pro
1875 3191 2036 3246 parva
2066 3190 2158 3244 pe-

573 3264 727 3320 cunia
761 3274 843 3318 ltta
875 3262 1024 3320 daret
1050 3263 1142 3318 tibi
1175 3279 1416 3335 magnam
1439 3263 1637 3329 villam,
1671 3263 2159 3335 incomparabiliter

573 3355 800 3427 amplius
827 3355 1091 3413 valentem
1123 3371 1279 3428 quam
1307 3353 1533 3411 dederas
1568 3366 1623 3409 ttt
1647 3357 1954 3426 pecuniam;
1983 3371 2156 3429 quan-

573 3457 656 3505 tas
700 3448 896 3519 gratias
946 3463 1154 3515 ageres,
1200 3455 1398 3518 quanta
1443 3446 1623 3501 la-titia
1669 3445 1962 3503 tollereris!
2016 3447 2155 3504 Audi

571 3553 728 3614 quam
759 3542 1151 3614 possessionem
1181 3539 1273 3596 det
1316 3556 1473 3611 quem
1507 3535 1754 3596 feuerasti
1788 3558 1803 3595 :
1845 3539 2040 3609 Venite,
2068 3543 2155 3599 beo

571 3631 755 3690 nedicti
809 3633 976 3688 Patris
1015 3634 1133 3699 mei,
1181 3631 1437 3704 percipite.
1489 3631 1665 3701 Quid?
1711 3631 1852 3704 quod
1890 3632 2156 3690 dedistis?

572 3727 744 3784 Absit.
791 3721 1025 3780 Terrena
1075 3723 1313 3788 dedistis,
1361 3740 1478 3794 qua:
1516 3722 1560 3780 si
1615 3741 1719 3780 non
1764 3721 2068 3790 dedissetis,
2098 3724 2154 3781 in

574 3829 718 3874 terra
745 3825 1136 3889 putrescerent.
1162 3815 1296 3886 Quid
1324 3816 1467 3872 cuitu
1497 3813 1620 3872 inde
1648 3814 1882 3872 facturus
1907 3831 2076 3884 esses,
2108 3818 2154 3874 si

573 3925 678 3968 non
726 3907 1000 3964 dedisses?
1038 3905 1189 3978 Quod
1222 3909 1509 3979 periturum
1537 3917 1651 3964 erat
1690 3908 1741 3963 in
1773 3916 1934 3975 terra,
1970 3925 2153 3965 serva-

572 4013 682 4061 tum
707 4013 789 4059 est
818 4003 869 4057 in
899 4001 1059 4057 etelo.
1093 3999 1231 4072 Ergo
1254 4000 1393 4072 quod
1422 4008 1690 4058 servatum
1719 4012 1797 4057 est
1821 4041 1838 4068 ,
1872 4000 1975 4057 hoc
2003 4017 2156 4058 acce-

574 4093 714 4168 pturi
745 4109 948 4151 sumus.
987 4093 1264 4150 Servatqu
1292 4102 1377 4150 est
1407 4093 1650 4148 meritum
1681 4110 1696 4148 :
1726 4091 1896 4149 lactus
1924 4103 2010 4152 est
2039 4094 2155 4151 the-

571 4203 764 4243 Saurus
802 4195 920 4241 tuus
947 4186 1194 4242 meritum
1226 4194 1394 4240 tttutn.
1439 4181 1568 4240 Nam
1601 4181 1722 4240 vide
1746 4183 1875 4256 quid
1903 4187 1977 4240 sis
2002 4203 2156 4243 acce-

573 4289 762 4349 pturus
792 4298 807 4334 :
857 4273 1110 4346 Percipite
1137 4294 1376 4348 regnum,
1415 4275 1548 4346 quod
1572 4275 1706 4330 vobis
1734 4286 1972 4347 paratum
1997 4288 2068 4333 est
2091 4279 2155 4332 ab

573 4367 718 4422 initio
741 4367 936 4420 mundi.
958 4365 1177 4428 Contra,
1205 4367 1278 4420 illi
1310 4366 1400 4436 qui
1424 4366 1664 4423 fenerare
1693 4369 1998 4434 noluerunt,
2026 4369 2152 4440 quid

575 4459 824 4515 audient?
854 4457 932 4512 Ite
956 4459 1008 4512 in
1034 4459 1197 4529 ignem
1223 4468 1484 4524 wternuut,
1516 4458 1603 4529 qui
1631 4469 1838 4537 paratus
1860 4470 1931 4515 est
1957 4459 2154 4514 diabolo

573 4562 622 4606 et
645 4551 836 4623 angelis
861 4551 991 4623 ejus.
1041 4547 1109 4606 Et
1135 4548 1261 4620 quid
1289 4559 1505 4606 vocatur
1545 4568 1764 4624 regnum
1797 4551 1934 4625 quod
1962 4552 2153 4624 accipi-

575 4647 731 4703 mus?
757 4645 1028 4702 Atleudite
1055 4649 1327 4714 sequentia
1362 4663 1375 4698 :
1409 4643 1505 4702 Isti
1529 4647 1668 4701 ibunt
1692 4646 1744 4702 iu
1766 4649 2153 4704 combustianem

573 4750 830 4805 cateruam,
885 4739 1006 4806 iusti
1033 4749 1197 4793 autem
1237 4739 1288 4793 in
1315 4739 1466 4794 vitam
1506 4751 1743 4796 (sternam
1785 4741 1991 4816 (Matth.
2022 4758 2150 4810 xxv,

576 4833 790 4902 54-5ιι).
839 4831 916 4887 Ad
946 4832 1046 4888 hoc
1065 4832 1283 4898 ambite,
1318 4833 1417 4889 lzoe
1442 4831 1625 4897 emite,
1657 4833 1722 4889 ad
1753 4833 1855 4889 hoc
1896 4832 2149 4890 fenerate.

576 4924 794 4980 llabetis
820 4921 1089 4979 Christum
1119 4925 1170 4980 in
1213 4925 1349 4980 cmlo
1373 4921 1684 4990 sedentem,
1719 4926 1770 4981 iu
1808 4935 1942 4980 terra
1971 4938 2156 4999 peten-

572 5027 701 5076 tem.
731 5017 1030 5075 luvenimus
1053 5020 1316 5087 quomodo
1347 5019 1548 5078 feneret
1569 5019 1766 5092 justus.
1799 5021 1921 5078 Tota
1951 5023 2032 5078 die
2059 5025 2154 5080 mi-

569 5121 778 5172 seretur,
809 5122 853 5166 et
879 5111 1090 5182 fenerat.

642 5203 693 5259 7.
738 5201 804 5258 Et
829 5217 996 5257 semen
1022 5203 1131 5273 ejus
1156 5202 1207 5257 in
1234 5201 1569 5261 benedictione
1587 5205 1698 5263 erit.
1726 5203 1790 5262 Et
1815 5205 1902 5264 hie
1931 5223 2035 5264 non
2058 5219 2150 5265 oc-

573 5306 747 5353 currat
774 5295 1001 5351 carnalis
1029 5295 1299 5365 cogitatio.
1325 5291 1577 5353 Videmus
1603 5297 1796 5352 multos
1823 5299 1959 5356 [illos
1983 5301 2153 5371 justo-

571 5405 687 5444 rum
734 5387 869 5445 l'atue
919 5389 1209 5445 morientes
1241 5406 1254 5442 :
1299 5389 1568 5461 quomodo
1603 5406 1727 5460 ergo
1753 5409 1921 5447 semen
1957 5395 2064 5465 ejus
2100 5395 2154 5448 in

576 5483 915 5539 benedictione
937 5482 1074 5538 erit?
1103 5482 1296 5540 Semen
1323 5483 1437 5554 ejus
1466 5483 1700 5555 reliquiae.
1721 5484 1857 5557 ejus,
1891 5486 2029 5542 unde
2070 5486 2154 5544 hic

633 5619 652 5650 ³
677 5618 748 5666 sio
763 5624 868 5668 vss.
895 5623 948 5667 Αι
971 5615 1102 5672 εδδ..
1128 5615 1276 5668 milia.

634 5681 778 5742 ’_Dll0
801 5687 926 5742 Ms§.,
944 5679 1276 5742 Iidejussorem
1295 5678 1434 5742 do'te.
1453 5686 1588 5742 tres,
1609 5677 1705 5735 ﬁde
1726 5694 1847 5742 mea,
1863 5685 2040 5735 omisso
2054 5685 2153 5738 dic.

568 5717 1434 5815 camararum:regis;
1454 5717 2153 5815 uitiiid‘i'uiirit’ri;"éii7$ii§;

567 5805 698 5857 eirea
721 5803 867 5853 tinem
898 5815 947 5851 η.
974 5802 1051 5851 28.

627 5868 657 5906 ³
673 5866 899 5932 Plerique
919 5871 1044 5949 uss,
1067 5861 1249 5919 diem.

1837 357 1899 425 ε
1931 356 2161 427 Αυϐυε

2266 361 2300 428 ιι
2328 347 2636 436 cris‘cort
3716 407 3798 469 π,

2290 490 2536 557 seminat,
2576 495 2631 546 et
2660 497 2841 563 postea
2874 499 3057 552 metet.
3102 491 3346 574 Namque
3387 502 3652 577 Apostolus
3671 513 3797 578 dicit:

2286 580 2486 637 Bonum
2513 594 2679 639 autem
2715 587 2954 657 facientes
2978 606 3078 645 non
3102 592 3413 661 deﬁciamus
3435 614 3455 653 :
3491 607 3686 674 tempore
3706 612 3800 668 cium

2285 691 2379 730 suo
2405 686 2640 732 metemus
2661 679 3017 750 infatigabiles.
3046 673 3227 751 Itaque
3244 684 3362 740 dum
3385 697 3572 761 tempus
3594 693 3796 771 habemus,

2284 770 2379 836 ait,
2420 785 2688 843 operemur
2724 771 2906 827 bonum
2953 773 3023 828 ad
3051 792 3222 831 omnes
3252 773 3390 848 (Gal.
3424 796 3496 849 vr,
3523 777 3598 854 9)·
3639 783 3728 846 “"0
3745 770 3802 852 θεέ

2285 877 2468 919 semen
2502 877 2671 929 tutttn,
2694 865 2838 939 quod
2879 868 2981 923 erit
3006 865 3058 926 in
3087 867 3476 932 benedictione.
3501 873 3664 937 Terra
3693 901 3800 943 com.

2285 955 2472 1020 mittis,
2502 967 2557 1013 et
2599 969 2746 1014 tanto
2771 961 3001 1029 amplius
3029 961 3236 1036 colligis
3265 982 3280 1018 :
3315 965 3528 1024 Christo
3554 977 3800 1046 committis,

2283 1057 2338 1103 et
2364 1047 2580 1122 perdis?
2610 1047 2740 1106 Vide
2778 1052 2950 1122 ipsum
2988 1068 3168 1110 semen
3200 1058 3506 1128 expressius
3541 1065 3804 1125 nominatum

2280 1139 2350 1195 ab
2377 1140 2654 1212 Apostolo,
2694 1157 2814 1197 cuin
2851 1139 2919 1198 de
2947 1141 3306 1220 eleemosynis
3334 1148 3556 1208 diceret.
3583 1153 3680 1210 Hoc
3701 1160 3804 1216 enim

2278 1231 2353 1290 ait
2381 1253 2395 1290 :
2424 1234 2520 1299 Qui
2547 1253 2696 1306 parce
2719 1237 2958 1304 seminat,
2995 1254 3154 1308 parce
3181 1250 3229 1294 et
3255 1252 3439 1308 metet;
3466 1253 3513 1298 ct
3547 1247 3626 1316 qui
3647 1251 3806 1307 sentiunt
3888 1257 3889 1316 ἦ

2277 1323 2331 1380 in
2374 1323 2814 1395 benedictionibus,
2855 1330 2918 1383 de
2945 1327 3371 1387 benedictionibus
3396 1339 3446 1388 et
3475 1342 3612 1392 metet
3633 1339 3690 1411 (ll
3718 1339 3802 1399 Cor.

2278 1432 2354 1479 Ix.
2386 1413 2464 1488 ϐ).
2505 1417 2608 1474 Sed
2637 1418 2848 1474 laboras
2877 1420 3012 1477 lorte
3035 1437 3156 1477 cum
3188 1423 3423 1480 setniuas
3447 1466 3462 1491 ,
3489 1435 3542 1482 et
3567 1427 3700 1484 doles
3720 1442 3804 1489 eum

2276 1509 2565 1575 misereris,
2596 1512 2718 1583 quia
2746 1512 2971 1569 miseros
2997 1514 3164 1570 vides.
3195 1503 3386 1571 Melius
3411 1519 3550 1576 enim
3576 1520 3803 1594 aliquando

2277 1619 2380 1659 non
2407 1601 2720 1660 habebimus
2747 1604 2940 1676 quibus
2965 1606 3064 1662 ista
3090 1605 3298 1664 demus.
3327 1606 3462 1665 Cum
3492 1625 3666 1670 omnes
3686 1615 3802 1675 inin-

2274 1694 2670 1765 corruptionem
2693 1696 3181 1764 comtmttabuntur,
3206 1697 3383 1756 nullus
3403 1702 3597 1761 esuriet
3616 1703 3689 1761 cui
3708 1719 3797 1776 por-

2274 1786 2414 1858 rigas
2442 1802 2651 1858 panem,
2684 1785 2861 1844 nullus
2885 1789 3030 1845 sitiet
3055 1790 3142 1846 cui
3168 1787 3265 1846 des
3293 1802 3500 1862 putum,
3553 1793 3708 1852 nullus
3733 1813 3803 1854 ttu-

2271 1879 2372 1937 dus
2397 1883 2498 1938 erit
2518 1899 2672 1953 quem
2700 1884 2914 1950 vestias,
2955 1879 3134 1939 nullus
3164 1884 3477 1955 peregrinus
3506 1897 3652 1958 quem
3677 1891 3800 1946 susci-

2272 1974 2386 2046 pias
2414 1993 2429 2031 :
2455 1969 2546 2030 hic
2569 1983 2746 2031 autem
2772 1973 2911 2032 inter
2938 1991 3227 2042 :erumnas,
3253 1979 3591 2043 tcnlalimtes,
3621 1979 3798 2048 dolores,

2269 2067 2520 2140 gemitus,
2553 2070 2814 2125 mittimus
2841 2084 3048 2146 semen.
3092 2069 3197 2128 Sed
3244 2072 3456 2141 respice
3492 2071 3557 2127 ad
3598 2075 3800 2144 psalmum

2269 2159 2433 2216 alium
2463 2179 2477 2217 :
2511 2155 2700 2215 Euntes
2736 2151 2974 2223 ibantﬁet
3001 2158 3212 2232 ﬂebant,
3258 2164 3511 2219 mittentes
3537 2167 3703 2220 semina
3721 2183 3800 2222 sua.

2269 2251 2517 2311 Attende,
2543 2253 2665 2322 quia
2691 2268 2859 2306 semen
2887 2254 2998 2322 ejus
3026 2251 3076 2307 in
3108 2249 3455 2308 benedictione
3478 2255 3566 2310 erit
3589 2271 3608 2310 :
3641 2251 3794 2312 Venien-

2271 2354 2342 2399 tes
2370 2354 2537 2399 outem
2562 2346 2755 2399 venient
2776 2361 2890 2399 cum
2911 2343 3262 2414 exsultatione,
3292 2356 3552 2418 pertantcs
3571 2347 3796 2420 manipulos

2265 2452 2384 2492 suos
2409 2433 2579 2507 (I’sut.
2603 2451 2765 2503 cxxv,
2789 2432 2872 2506 ϐ).

2336 2528 2390 2585 8.
2432 2521 2579 2602 [vers.
2610 2521 2726 2602 ελ]
2767 2525 2900 2584 Vide
2923 2545 3051 2602 ergo
3071 2527 3212 2601 quod
3239 2530 3502 2602 sequitur,
3527 2537 3578 2590 et
3607 2529 3695 2588 noli
3714 2543 3796 2590 esse

2265 2617 2416 2690 piger
2445 2637 2460 2672 :
2494 2613 2706 2674 Declina
2732 2638 2764 2674 a
2789 2620 2944 2682 malo,
2973 2631 3018 2676 et
3044 2619 3128 2694 fuc
3157 2615 3364 2677 bonum.
3409 2615 3524 2680 Noli
3551 2623 3635 2680 tibi
3659 2635 3794 2696 putare

2264 2711 2530 2776 sullicere,
2560 2703 2606 2765 si
2637 2718 2741 2767 ιιοιι
2771 2710 3038 2783 esspolias
3067 2713 3342 2768 vestitum.
3375 2707 3492 2770 Non
3516 2713 3793 2788 exspatiatth

2264 2804 2404 2858 enim
2427 2805 2673 2859 VOalillllll
2708 2846 2722 2870 ,
2747 2801 3022 2860 decliuasti
3050 2821 3080 2860 a
3110 2806 3253 2860 malo
3283 2819 3297 2861 :
3329 2805 3427 2862 sed
3457 2805 3561 2863 noli
3587 2821 3790 2872 arescere,

2263 2905 2317 2952 et
2339 2897 2535 2953 sterilis
2559 2913 2697 2954 esse.
2734 2893 2821 2954 Sic
2859 2896 2966 2953 noli
3004 2897 3303 2968 exspoliare
3346 2903 3620 2966 vestitum,
3653 2909 3700 2956 ut
3731 2913 3793 2956 rc-

2263 2988 2393 3044 stias
2413 2987 2610 3044 nudum
2635 3008 2649 3043 :
2685 2989 2782 3045 huc
2799 3000 2880 3045 est
2905 2989 3046 3046 enim
3078 2989 3347 3046 declinare
3363 3007 3394 3047 a
3420 2989 3576 3060 malo,
3601 3001 3644 3048 et
3665 2987 3791 3048 laecre

2262 3077 2482 3136 bonum.
2529 3080 2595 3136 Et
2623 3079 2746 3152 quid
2796 3080 2918 3136 imle
2949 3079 3178 3148 habebo,
3222 3079 3464 3139 dicturus
3487 3079 3581 3140 es?
3606 3083 3703 3139 .ltun
3723 3083 3788 3137 tibi

2261 3171 2656 3227 commendavit
2683 3171 2770 3227 ille
2797 3187 2954 3242 quem
2988 3167 3199 3228 Teucras
3225 3214 3238 3238 ,
3271 3174 3401 3246 quid
3435 3175 3524 3229 tibi
3553 3171 3710 3229 dabit:
3733 3172 3786 3228 ti-

2264 3272 2369 3319 tatn
2408 3273 2662 3318 aitet-nam
2693 3263 2837 3318 dabit
2883 3263 3011 3329 tibi;
3043 3263 3110 3319 da
3157 3264 3230 3319 illi
3275 3280 3518 3320 securus.
3551 3262 3675 3322 Audi
3695 3272 3735 3319 ct
3755 3261 3788 3318 id

2261 3355 2401 3425 quod
2428 3355 2710 3425 sequitur:
2743 3351 2955 3408 Declina
2977 3372 3008 3408 a
3034 3354 3188 3421 malo,
3229 3363 3275 3410 et
3304 3351 3392 3426 [ac
3435 3357 3638 3423 bonum;
3675 3364 3709 3409 et
3736 3356 3789 3407 itt-

2262 3443 2435 3501 habita
2460 3448 2512 3502 in
2538 3447 2727 3503 sarcula
2763 3447 3084 3503 stcculorutn.
3129 3445 3193 3504 Et
3220 3450 3329 3504 noti
3360 3459 3547 3522 putare
3579 3459 3682 3505 cum
3706 3445 3785 3510 das.

2259 3539 2404 3614 quod
2455 3555 2612 3595 nemo
2661 3550 2712 3596 te
2765 3540 2974 3606 videat;
3015 3547 3108 3596 aut
3167 3539 3288 3611 quia
3344 3543 3543 3598 deserit
3587 3551 3633 3597 te
3671 3535 3785 3601 licus.

2260 3629 2472 3701 quando
2502 3630 2638 3688 forte
2675 3630 2890 3687 dederis
2921 3629 3161 3702 pauperi,
3207 3641 3263 3688 et
3305 3639 3639 3690 consecutum
3673 3627 3786 3686 fuerit

2259 3721 2476 3796 aliquod
2520 3725 2796 3794 damnum,
2829 3735 2919 3781 aut
2961 3725 3140 3796 aliqua
3171 3726 3387 3782 tristitia
3417 3729 3493 3784 rei
3519 3725 3721 3788 amissa,
3751 3731 3785 3778 et

2259 3817 2406 3872 dicas
2462 3817 2550 3872 tibi
2601 3835 2614 3872 :
2668 3815 2804 3885 Quid
2849 3813 3046 3888 profuit
3087 3816 3224 3873 bona
3270 3831 3360 3875 me
3412 3813 3592 3874 fecisse
3635 3813 3783 3886 opera?

2259 3905 2396 3964 Puto
2455 3923 2560 3964 non
2630 3916 2774 3963 amat
2831 3909 2971 3964 Deus
3037 3907 3280 3964 homines
3337 3911 3429 3981 qui
3491 3904 3781 3965 benefaciunt.

2259 3999 2412 4059 Unde
2439 4002 2537 4057 ista
2565 4011 2738 4057 vestra
2769 3999 3239 4069 submurmuratio,
3274 4001 3419 4058 unde
3447 4003 3543 4058 iste
3565 3999 3778 4071 Strepitus,

2260 4094 2363 4151 nisi
2409 4095 2530 4166 quia
2578 4093 2850 4149 abundant
2893 4094 3008 4150 ista:
3052 4089 3241 4150 voces?
3287 4089 3644 4166 Unusquisque
3666 4086 3780 4146 modo

2258 4186 2531 4260 cognoscit
2558 4185 2653 4243 has
2680 4200 2864 4254 voces,
2893 4191 2986 4241 aut
3012 4184 3062 4241 in
3094 4200 3187 4242 ore
3213 4200 3332 4254 suo,
3371 4197 3462 4242 attt
3488 4186 3539 4242 iu
3562 4196 3645 4240 ore
3663 4177 3777 4236 vicini

2258 4282 2373 4347 sui,
2423 4290 2514 4335 aut
2552 4281 2604 4334 in
2656 4294 2752 4336 ore
2803 4277 2961 4333 amici
3006 4277 3110 4334 sui.
3165 4277 3348 4334 Deleat
3387 4277 3502 4333 illas
3544 4277 3696 4340 Deus,
3737 4275 3774 4324 et

2258 4372 2514 4442 exstirpet
2531 4369 2711 4441 Spinas
2735 4368 2803 4424 de
2825 4383 2954 4440 agro
2980 4383 3078 4425 suo
3104 4385 3118 4423 :
3153 4367 3352 4439 plantet
3393 4363 3587 4438 frugem
3612 4364 3772 4424 bonam,

2257 4473 2312 4521 et
2335 4461 2580 4518 arborem
2623 4461 2967 4518 fructiferam.
2999 4458 3137 4531 Quid
3161 4461 3305 4516 enim
3328 4460 3652 4516 centrislatus
3673 4463 3733 4514 es,
3751 4463 3772 4504 ο

2259 4558 2442 4624 homo,
2469 4557 2591 4629 quia
2619 4553 2810 4612 dedisti
2841 4553 3080 4628 pauperi,
3101 4562 3156 4610 et
3177 4553 3278 4609 alia
3306 4545 3608 4625 perdidisti?
3637 4543 3772 4602 Nonne

2259 4651 2408 4708 vides
2427 4649 2549 4722 quia
2583 4647 2858 4720 perdidisti
2884 4647 3024 4720 qttod
3048 4662 3152 4701 non
3175 4640 3407 4700 dedisti?
3432 4641 3594 4714 Quare
3615 4651 3698 4695 non
3715 4646 3770 4689 re

2258 4746 2422 4819 spicis
2447 4743 2514 4799 ad
2541 4741 2708 4800 Deum
2740 4737 2928 4798 tuum?
2973 4739 3072 4796 Ubi
3104 4743 3185 4793 est
3219 4729 3352 4793 ﬁdes
3371 4734 3398 4791 i
3419 4748 3574 4807 quare
3597 4731 3662 4788 sit:
3681 4727 3768 4819 dot-

2259 4818 2393 4896 mit?
2424 4836 2605 4893 Excita
2638 4834 2780 4891 illam
2811 4835 2862 4889 in
2899 4831 3061 4889 corde
3090 4837 3199 4886 tuo.
3231 4829 3460 4886 Attende
3481 4825 3594 4899 quid
3618 4821 3692 4878 tibi
3711 4818 3766 4873 di-

2257 4933 2397 4992 xerit
2441 4932 2554 5003 ipse
2589 4929 2866 4994 Dominus,
2912 4925 3126 4999 quando
3156 4931 3209 4981 te
3234 4923 3302 4980 ad
3349 4917 3764 4995 hujusmodiopct:
3790 4903 3797 4982 _'

2256 5027 2395 5084 bona
2423 5024 2809 5083 exhortabatur
2849 5039 2863 5076 :
2896 5017 3074 5076 Facite
3103 5019 3240 5074 vobis
3265 5017 3488 5075 sacculos
3511 5031 3602 5070 non
3627 5018 3765 5067 actaa-

2257 5129 2472 5184 scentes,
2503 5115 2791 5174 thesaurum
2815 5131 2916 5169 non
2935 5111 3248 5182 deﬁcientem
3270 5109 3321 5165 in
3342 5107 3494 5176 catis,
3513 5120 3598 5178 quo
3614 5105 3683 5175 μιν
3693 5112 3761 5154 twn

2255 5212 2449 5269 accedit
2476 5209 2621 5281 (Luc.
2651 5225 2745 5274 xu,
2768 5203 2880 5280 53).
2929 5203 3044 5260 lloc
3068 5217 3195 5276 ergo
3221 5209 3589 5286 commemora,
3607 5186 3759 5286 quando

2256 5275 2550 5380 plangis‘in
2575 5300 2792 5356 damno.
2838 5275 2976 5366 Quid
3021 5275 3197 5367 ploras
3225 5292 3383 5346 stulte
3412 5286 3550 5362 parvi
3574 5275 3756 5380 "cordis:

2257 5363 2350 5454 aut
2370 5363 2473 5452 rion
2501 5394 2615 5450 sani
2645 5363 3054 5458 cordis?quare
3092 5383 3385 5457 perdidisti,
3417 5381 3509 5435 nisi
3535 5374 3636 5447 quia
3667 5363 3754 5423 milli

2258 5507 2364 5548 non
2385 5481 2813 5545 commodasti’?
2837 5480 3013 5551 Quare
3039 5473 3354 5550 perdidisti!
3375 5470 3498 5540 Quis
3521 5467 3598 5522 tibi
3622 5460 3754 5516 sistu-

2258 5583 2351 5640 lit?
2379 5576 2780 5651 Respondebis:
2810 5571 2941 5631 Fur.
2973 5570 3161 5628 Nonne
3190 5569 3291 5623 hoc
3311 5577 3363 5622 te
3389 5558 3747 5651 prtemonttetttn:

2358 5635 2679 5746 ibivpoueres
2700 5684 2806 5742 quo
2830 5667 2913 5722 iur
2943 5671 3123 5738 posset
3141 5655 3434 5720 accedere?
3454 5652 3506 5714 Si
3525 5659 3632 5718 ergo
3647 5635 3746 5698 αοίεί

2323 5813 2568 5939 ἶὲΐρῗέῗῗ
2584 5802 2980 5931 έῗὲεῗὲξμπηεηαί
2823 5811 3090 5916 ρωωά

3427 5797 3890 6398 Δ
