3960 6400
142 428 232 490 389

136 548 211 619 qui
243 540 494 615 perdidit,
524 538 629 595 hoc
649 532 849 601 doleat,
876 528 998 605 quia
1026 532 1134 587 nun
1158 524 1228 585 ibi
1252 523 1429 598 posuit
1453 523 1595 579 unde
1611 536 1706 595 pe-

136 641 228 695 rire
258 652 355 690 ιιιιιι
384 646 469 704 pot
485 632 578 685 nit.

193 730 235 784 9.
280 728 423 799 [rers.
450 718 576 794 28.]
620 718 872 789 Quoniam
916 712 1166 771 Dominus
1191 721 1328 767 amat
1356 706 1629 784 judicium,
1660 716 1708 766 et

137 842 221 879 non
243 820 544 885 derelittqttel
574 825 773 871 sanctos
793 822 933 870 suos.
956 806 1178 879 Qdando
1204 809 1478 880 patiuntur
1496 806 1707 863 labores

142 913 309 971 sancti.
344 912 505 965 nolite
536 917 724 980 putare
753 906 874 977 quia
907 919 1011 960 non
1043 900 1241 973 iudicat
1278 900 1437 967 Deus,
1469 909 1563 955 aut
1587 913 1709 970 per-

144 1020 275 1060 verse
295 1001 514 1072 iudicat.
544 994 642 1069 Qui
669 1010 719 1055 te
746 1006 928 1054 mouet
950 995 1164 1066 utjuste
1184 992 1413 1065 indices,
1443 988 1556 1064 ipse
1583 1007 1708 1061 per-

140 1111 273 1150 verse
290 1091 620 1164 judicaturus
646 1086 770 1148 est?
799 1089 944 1144 Amat
967 1088 1056 1145 ille
1074 1080 1351 1158 judicium,
1375 1096 1421 1140 et
1444 1099 1545 1140 non
1565 1082 1709 1140 dere-

140 1188 309 1255 linquat
346 1194 546 1240 sanctos
577 1200 715 1240 suos.
756 1176 859 1240 Sed
892 1198 998 1252 quo
1038 1177 1198 1235 modo
1236 1172 1350 1234 sit‘
1398 1176 1708 1233 abscondita

138 1276 259 1348 apud
304 1276 452 1331 illum
484 1278 587 1331 vita
617 1282 948 1338 sanctorum,
978 1280 1037 1328 ut
1078 1272 1169 1345 qui
1198 1268 1355 1326 modo
1377 1268 1627 1326 laborant
1654 1269 1710 1325 in

139 1382 280 1434 terra,
328 1367 480 1437 quasi
518 1377 758 1438 tempore
805 1362 997 1423 hiemis
1034 1362 1255 1421 arbores
1300 1378 1403 1418 non
1451 1360 1709 1418 habentes

138 1461 342 1517 fructum
374 1467 430 1515 et
474 1458 593 1515 folia
616 1502 630 1526 ,
674 1454 766 1516 illo
802 1469 1093 1530 apparente
1139 1458 1389 1528 tanquam
1421 1470 1560 1510 novo
1597 1454 1709 1511 sole

138 1558 325 1617 ctorto,
352 1548 478 1606 illud
497 1548 639 1622 quod
669 1550 718 1608 in
746 1551 923 1608 radice
938 1544 1169 1618 vivebat,
1197 1550 1248 1604 in
1271 1546 1528 1604 fructibus
1544 1561 1709 1618 appa-

137 1652 250 1701 reat.
274 1642 423 1698 Amat
444 1659 574 1713 ergo
600 1642 686 1698 ille
695 1640 974 1709 judicium,
998 1650 1162 1695 etnon
1183 1638 1493 1711 derelinquat
1511 1646 1710 1692 sanctos

138 1752 253 1793 suos.
274 1732 375 1792 Sed
405 1733 614 1791 laborat
638 1748 855 1790 sanctus
883 1735 935 1789 in
964 1728 1134 1789 laute?
1161 1728 1275 1789 Non
1300 1728 1445 1787 illum
1472 1731 1709 1788 derelin-

138 1839 245 1900 quct
265 1820 398 1883 Deus
423 1846 435 1882 :
462 1822 920 1899 ﬂagellatamnem
940 1822 1123 1893 lilium,
1141 1841 1297 1897 quem
1317 1824 1501 1897 recipit
1519 1827 1535 1893 (
1554 1820 1708 1878 llebr.

140 1936 215 1986 xu,
237 1914 309 1992 ϐ).
332 1920 642 1975 Contemnis
665 1918 810 1975 illum
838 1919 1048 1991 quando
1064 1914 1381 1990 ﬂagellatur,
1401 1915 1711 1988 expavescis

140 2012 323 2085 quando
346 2012 569 2069 ditatur.
602 2012 752 2070 Unde
768 2014 910 2071 enim
930 2013 1260 2084 ﬂagellatur?
1280 2004 1554 2067 Pressuris
1578 2018 1712 2064 tem-

142 2104 1184 2179 paratibus.Quandoditabitur?Quando
1200 2104 1399 2171 audiet,
1428 2094 1621 2159 Venite.
1637 2101 1713 2155 be-
1764 2164 1767 2165 ν

141 2200 299 2256 uedicti
320 2194 488 2256 Putris
510 2204 626 2266 mel,
649 2202 891 2273 percipite
906 2217 1135 2273 regnum,
1156 2200 1293 2272 quod
1312 2198 1447 2253 uobis
1474 2207 1713 2267 paratum

143 2305 200 2348 est
223 2292 279 2348 ab
306 2292 444 2349 initio
472 2290 675 2348 natandi.
721 2292 836 2349 Noli
867 2309 994 2364 ergo
1024 2294 1170 2365 piger
1191 2307 1311 2349 esse
1338 2282 1590 2362 ﬂagellari
1610 2330 1628 2358 ,
1655 2297 1714 2345 ut

138 2387 201 2441 sis
221 2387 346 2441 inter
366 2401 460 2442 eos
479 2385 574 2458 qtti
595 2395 869 2441 merentur
889 2385 1072 2456 recipi.
1097 2380 1275 2456 Usque
1301 2381 1436 2439 adeo
1459 2381 1549 2437 ille
1568 2389 1713 2438 amat

139 2476 385 2549 judicium,
410 2489 468 2535 ut
507 2496 619 2534 non
649 2478 981 2551 derelinquat
1007 2481 1028 2511 ³
1054 2486 1291 2545 sanctos,
1322 2492 1456 2548 quos
1482 2468 1714 2547 ﬂagellat

142 2569 195 2624 ad
220 2580 430 2641 tempus.
454 2571 523 2626 Et
554 2571 805 2642 quoniam
836 2570 1067 2641 ﬂagellat
1092 2586 1306 2626 omnem
1334 2567 1522 2635 lilium,
1554 2582 1711 2639 quem

142 2663 322 2736 recipit,
358 2680 455 2721 nec
497 2661 673 2722 Unico
699 2665 962 2736 pepercit,
990 2664 1043 2719 in
1073 2679 1179 2734 quo
1206 2660 1462 2718 delictum
1490 2675 1598 2715 non
1626 2657 1711 2714 in-

142 2758 278 2812 venit.
311 2756 570 2837 Quoniam
594 2756 843 2814 Dominus
866 2768 1002 2813 amat
1022 2758 1298 2829 judicium,
1343 2765 1392 2811 et
1429 2771 1530 2810 non
1567 2753 1713 2809 dere-

144 2848 303 2919 linquet
346 2861 556 2907 sanctos
587 2867 725 2906 suos.
756 2850 890 2919 Quia
932 2865 1059 2922 ergo
1094 2863 1322 2907 noneos
1359 2847 1711 2919 derelinquct,

144 2934 257 2995 forte
281 2940 377 2998 hoc
400 2942 478 2998 eis
508 2941 663 2997 dabit
692 2941 834 3014 quod
862 2940 948 2997 bic
982 2956 1131 2997 amas
1156 2982 1172 3009 ,
1213 2938 1411 2997 multos
1438 2952 1610 2995 annos
1639 2937 1717 2991 vi-

143 3047 280 3103 vere,
308 3034 641 3092 senescere?
681 3030 798 3091 Non
842 3034 1073 3090 attendis
1116 3033 1241 3105 quia
1284 3024 1331 3089 si
1378 3040 1715 3088 seuertutem

143 3133 269 3196 opLas
289 3128 486 3195 venire,
526 3125 670 3184 banc
698 3137 855 3199 Optas
879 3127 947 3183 de
971 3143 1074 3198 qua
1105 3142 1228 3183 eum
1254 3126 1461 3183 venerit
1481 3139 1718 3195 conque-

144 3216 273 3273 raris.
301 3212 413 3275 Non
456 3219 562 3274 tibi
611 3235 739 3292 ergo
767 3219 907 3273 dicat
935 3219 1135 3284 anima,
1186 3218 1271 3274 vel
1317 3217 1474 3281 mala,
1518 3216 1601 3271 vel
1638 3215 1718 3272 in-

144 3302 286 3376 llrma,
314 3309 392 3367 vel
441 3311 671 3382 parvula
714 3330 728 3366 :
776 3310 1056 3380 Quomodo
1084 3326 1269 3367 verum
1318 3320 1422 3376 est,
1466 3308 1719 3366 Dominus

144 3399 262 3456 amat
271 3399 556 3473 judicium,
576 3414 624 3460 et
654 3421 754 3460 nou
780 3404 1088 3479 derelinquet
1110 3416 1313 3462 sanctos
1332 3406 1490 3461 suos?
1512 3406 1719 3462 Revera

144 3509 231 3549 non
255 3492 547 3569 dereliquit
587 3504 696 3552 tres
726 3504 921 3567 pueras
960 3498 1011 3552 in
1038 3498 1249 3555 camino
1279 3497 1577 3563 laudantes.
1613 3512 1721 3554 non

144 3603 222 3644 cos
246 3591 409 3663 tetigit
438 3587 589 3664 ignis
627 3590 790 3663 (Dan.
832 3608 914 3661 tu,
953 3586 1045 3665 50)
1073 3610 1087 3649 τ
1119 3592 1378 3664 numquid
1405 3592 1575 3648 sancti
1604 3593 1721 3662 ejus

144 3672 394 3739 llaclntbzci
420 3701 539 3741 non
562 3692 735 3753 erant,
765 3684 851 3756 qui
882 3684 935 3738 in
966 3684 1175 3755 ignibus
1201 3683 1515 3740 defecerunt
1536 3697 1718 3749 carne,

145 3787 231 3829 non
258 3772 353 3832 lide
382 3772 445 3850 (ll
476 3774 669 3833 Maeli.
696 3792 789 3840 vn,
819 3776 916 3847 7)?
943 3775 1050 3832 Sed
1089 3775 1212 3839 hoc,
1241 3774 1440 3846 inquis,
1464 3774 1724 3843 majorem

150 3868 465 3933 qu-rstiouem
510 3867 703 3935 liabet,
730 3867 853 3939 quia
881 3882 999 3922 cum
1045 3866 1149 3922 tide
1174 3866 1245 3921 illi
1275 3881 1378 3921 non
1406 3865 1719 3929 defecerint,

155 3952 231 4011 ille
252 3956 361 4015 illos
384 3959 752 4029 dereliquerit.
776 3958 912 4015 Audi
939 3958 1079 4030 quod
1109 3960 1381 4029 sequitur:
1404 3957 1467 4012 In
1484 3968 1725 4013 tcternum

155 4053 570 4109 continuabuntur.
594 4052 674 4110 Tu
700 4068 897 4125 paucos
921 4067 1093 4108 annos
1114 4053 1194 4109 eis
1223 4051 1464 4122 optabas,
1493 4065 1627 4122 quos
1646 4050 1726 4106 eis

157 4142 194 4197 si
226 4144 364 4202 daret
404 4148 688 4213 Dominus,
736 4162 840 4201 non
888 4146 1286 4218 derelinqueret.
1324 4152 1536 4199 sanctos
1573 4157 1722 4199 suos.

158 4233 418 4297 Visibiliter
459 4257 571 4296 non
622 4239 905 4310 dereliquit
943 4248 1052 4295 tres
1102 4253 1334 4311 pueros.
1374 4236 1581 4293 occulte
1618 4251 1726 4293 non

158 4324 415 4402 dereliquit
479 4332 814 4388 Macltabazos
876 4349 890 4386 :
956 4331 1063 4387 illis
1121 4331 1279 4385 etiam
1346 4329 1495 4385 dedit
1564 4330 1726 4383 vitam

159 4424 478 4492 temporalem
524 4424 595 4479 ad
637 4423 1037 4480 confundendos
1082 4424 1358 4490 infideles;
1392 4425 1511 4480 illos
1550 4433 1727 4480 autem

159 4514 341 4570 occulte
394 4512 671 4571 coronavit
714 4513 780 4571 ad
829 4514 1168 4585 iudicandam
1231 4515 1556 4586 impietatem
1610 4530 1731 4585 per-

162 4606 395 4661 secutoris
434 4626 446 4661 :
489 4624 591 4664 nec
656 4607 774 4663 illos
824 4617 999 4663 tamen
1029 4649 1047 4675 ,
1091 4624 1188 4663 nec
1232 4608 1352 4663 illos
1409 4607 1727 4679 dereliquit,

163 4697 238 4765 qui
263 4716 355 4754 non
383 4701 691 4771 derelinquet
717 4713 918 4757 sanctos
946 4718 1087 4756 suos.
1113 4701 1180 4758 Et
1209 4702 1335 4757 nihil
1366 4718 1612 4772 magnum
1641 4718 1732 4758 ac-

165 4804 393 4861 ceperunt
420 4806 527 4852 tres
554 4798 725 4868 pueri,
762 4798 805 4852 si
840 4812 943 4852 non
974 4796 1025 4850 in
1056 4806 1315 4852 :etcrnum
1344 4812 1733 4854 conservaren-

168 4890 255 4937 tur.
288 4885 344 4942 ln
372 4900 609 4945 retentant
631 4890 1070 4946 eonscreubuntur.

231 4977 306 5031 10.
351 4977 529 5051 lnjnsti
553 4992 719 5036 autem
749 4983 1036 5054 punientur,
1066 4991 1114 5037 et
1128 4996 1293 5035 semen
1318 4981 1587 5052 impiorum
1614 4997 1731 5052 per-

171 5061 264 5118 ibit.
293 5068 562 5136 Quomodo
601 5089 782 5128 semen
827 5075 964 5129 illius
998 5075 1048 5128 in
1096 5073 1462 5129 benedictione
1490 5078 1624 5139 erit,
1655 5074 1733 5129 sic

173 5170 316 5213 semen
341 5164 601 5231 impiorum
624 5168 819 5237 peribit.
851 5167 1045 5224 Semen
1075 5169 1215 5222 enim
1241 5168 1543 5238 impiorum,
1571 5182 1732 5238 opera

177 5245 449 5319 impiorum.
475 5259 602 5317 Nam
624 5263 917 5317 invenimus
941 5278 1151 5317 rursum
1177 5263 1341 5317 lilium
1365 5262 1508 5331 impii
1533 5263 1727 5317 ﬂorere

182 5337 226 5396 in
253 5352 461 5419 sa'culo,
504 5364 556 5409 et
602 5354 885 5427 aliquando
932 5356 1043 5411 fieri
1077 5356 1299 5423 justum.
1343 5365 1396 5411 et
1445 5352 1637 5410 ﬂorere
1680 5352 1731 5409 in

183 5431 388 5495 Christo.
420 5444 544 5501 \‘ide
570 5464 696 5517 ergo
721 5448 986 5517 quomodo
1016 5449 1264 5517 accipias,
1294 5458 1351 5503 ιιι
1378 5457 1573 5503 teotum
1604 5462 1732 5516 ape-

188 5523 294 5591 rias.
319 5544 367 5587 et
391 5536 451 5590 ad
480 5539 744 5595 Clu-istum
778 5542 1053 5609 pervenias
1084 5557 1099 5594 :
1144 5540 1253 5596 noli
1282 5542 1587 5607 carnaliter,
1610 5554 1734 5595 nam

187 5612 453 5689 tl"Clllieris.
476 5630 575 5686 Sed
603 5648 787 5689 semen
818 5633 1122 5703 impiorum,
1151 5634 1326 5687 munia
1349 5644 1508 5703 Opera
1541 5633 1734 5703 impio-

193 5719 290 5764 ¹”¹¹¹¹¹
334 5720 582 5789 l‘l't‘ibttut,
641 5726 864 5781 fructum
910 5741 1014 5781 ttou
1054 5725 1364 5781 habebunt:
1420 5726 1485 5781 ad
1527 5737 1735 5797 tempus

198 5826 343 5934 “Luc
362 5836 457 5883 uss.
483 5844 534 5886 At
551 5838 681 5890 add;
700 5839 791 5893 sed
814 5836 1051 5907 quomodo
1063 5837 1089 5894 ἒ
1103 5836 1180 5894 sic
1201 5837 1479 5894 abscondita
1499 5847 1571 5895 est
1583 5841 1734 5909 apud,

243 5921 364 6002 ius.
382 5952 682 6029 derelinquit.

1215 392 1614 467 catenario
1654 388 1721 461 tu
1758 386 2086 461 assumit
2124 398 2367 461 χχχιι.

1816 518 1959 575 enim
1986 518 2184 590 aliquid
2205 520 2412 586 valent;
2440 522 2622 592 postea
2648 524 2909 595 quaerent,
2937 528 2989 583 et
3010 534 3113 583 non
3133 528 3407 596 invenient

1812 607 1955 681 quod
2002 609 2205 681 operati
2254 622 2401 670 sunt.
2457 612 2590 668 Nam
2636 617 2969 686 per‘dcntitmt
3012 622 3153 691 quod
3199 630 3405 695 operati

1814 706 1960 771 sunt,
2007 716 2106 758 vox
2147 703 2251 759 erit
2276 703 2363 759 illa
2393 722 2406 759 :
2456 706 2590 771 Quid
2617 707 2757 762 nobis
2782 710 2973 781 profuit
3006 717 3262 785 superbia,
3315 732 3405 777 attt

1813 792 1937 865 quid
1984 794 2269 849 divitiarum
2320 796 2535 865 jaetatlo
2580 799 2789 855 contulit
2847 802 3029 859 nobis?
3079 805 3405 867 Transierunt

1815 888 1987 944 omnia
2012 887 2103 943 illa
2124 898 2362 962 tauquam
2387 891 2562 947 unibra
2582 890 2734 966 (Sap.
2761 908 2817 966 v,
2848 892 2927 971 8).
2956 897 3098 972 Ergo
3121 919 3287 961 semen
3306 908 3404 963 lm-

1816 981 2015 1053 piorum
2041 981 2238 1052 peribit.

1886 1075 1975 1132 ll.
2019 1070 2168 1149 [vers
2196 1071 2312 1151 29.]
2340 1065 2377 1132 Ι
2381 1077 2479 1133 usti
2506 1076 2795 1137 hmreditate
2834 1085 3154 1154 possidebunt
3197 1099 3402 1151 terram.

1815 1166 2022 1224 Rursus
2050 1168 2270 1224 avaritia
2300 1183 2404 1227 non
2434 1170 2707 1242 subrepat,
2733 1184 2832 1231 nec
2855 1175 2945 1233 tibi
2964 1180 3191 1250 aliquam
3224 1186 3402 1243 villam

1816 1268 2060 1333 magnam
2091 1262 2385 1333 promittat,
2428 1278 2495 1320 ne
2521 1264 2662 1337 quod
2700 1266 2784 1323 ltic
2804 1269 3009 1339 juberis
3035 1286 3402 1348 contemnere,

1816 1351 1887 1410 ibi
1916 1364 2118 1424 speres.
2158 1355 2320 1442 Terra
2361 1365 2444 1413 est
2477 1360 2717 1429 qtta'dam
2757 1362 2841 1416 illa
2882 1365 3149 1436 vivorum,
3182 1387 3403 1442 regnum

1816 1454 2142 1502 saneturum.
2172 1440 2323 1503 Unde
2348 1446 2561 1513 dicitur,
2595 1449 2726 1521 Spes
2763 1465 2874 1509 mea
2899 1466 2951 1511 es
2988 1464 3064 1524 tu,
3111 1440 3275 1530 portio
3299 1483 3409 1521 mea

1814 1536 1869 1592 in
1898 1546 2030 1593 terra
2049 1538 2269 1593 vivorum
2296 1538 2465 1611 (Psat.
2498 1552 2637 1608 cata,
2667 1540 2744 1615 6).
2777 1545 2907 1601 Nam
2935 1559 2987 1604 et
3014 1550 3058 1605 si
3086 1554 3191 1607 vita
3215 1563 3300 1611 tua
3322 1557 3407 1611 illa

1815 1636 1918 1693 est,
1966 1630 2200 1701 intelligo
2228 1632 2438 1702 qualem
2485 1641 2678 1690 terram
2723 1646 3038 1711 acCcptnrus
3074 1643 3169 1698 sis.
3209 1643 3298 1698 Illa
3330 1658 3410 1702 est

1816 1722 1958 1776 terra
2000 1721 2334 1777 viventium:
2384 1723 2497 1781 luce
2525 1735 2809 1783 astantem
2854 1738 2995 1787 terra
3043 1736 3405 1803 tttorirntiutn,

1814 1819 2092 1882 receptum
2142 1820 2380 1870 martuos
2423 1831 2557 1887 quos
2604 1820 2821 1875 nutrivit
2861 1821 3028 1879 vivos.
3066 1825 3247 1893 Qualis
3282 1845 3410 1900 ergo

1815 1902 1905 1959 illa
1949 1906 2112 1972 terra,
2153 1905 2275 1960 talis
2309 1914 2364 1962 et
2402 1908 2514 1978 ipSa
2546 1910 2688 1964 vita:
2734 1911 2777 1967 si
2814 1920 3011 1968 aeterna
3046 1917 3174 1977 vita,
3208 1926 3410 1975 mterna

1816 2003 1979 2053 terra.
2027 1990 2094 2053 Et
2121 1992 2386 2069 quomodo
2430 2008 2628 2058 :eterna
2668 1998 2849 2061 terra?
2881 2004 2949 2061 Et
2974 2008 3322 2066 inhabitabant
3358 2016 3409 2070 in

1815 2091 2058 2147 sarculum
2082 2094 2256 2150 steculi
2278 2114 2430 2166 super
2446 2115 2579 2156 eam.
2610 2092 2721 2155 Alia
2751 2117 2878 2172 ergo
2906 2110 3043 2159 terra
3076 2104 3178 2161 erit
3210 2106 3295 2161 ubi
3330 2109 3413 2163 in-

1816 2182 2174 2247 ltabitabitnus
2212 2190 2265 2247 in
2292 2192 2542 2250 smeulum
2579 2194 2781 2252 surculi.
2823 2196 2951 2254 Nam
2981 2200 3051 2257 de
3083 2202 3176 2257 ista
3209 2203 3241 2258 d
3265 2214 3409 2262 ctum

1816 2284 1900 2336 cst
1929 2297 1942 2334 :
1973 2274 2163 2337 Caelum
2185 2291 2232 2338 et
2263 2295 2395 2338 terra
2427 2284 2707 2343 transibunt
2731 2288 2943 2359 (Matth.
2978 2309 3128 2361 xxw,
3156 2294 3270 2364 55).

1890 2368 1977 2428 12.
2020 2372 2166 2448 [υενδ.
2200 2372 2411 2451 50-52.]
2464 2378 2534 2433 Os
2553 2378 2687 2451 justi
2715 2374 3037 2439 meditabitur
3087 2387 3405 2457 sapientium.

1816 2463 1955 2521 Ecce
1990 2464 2082 2523 ille
2112 2476 2194 2523 est
2231 2469 2380 2538 panis
2412 2488 2426 2525 :
2454 2469 2631 2527 videte
2665 2490 2821 2543 qnam
2861 2472 3087 2532 libenter
3126 2480 3411 2538 manducet

1811 2557 1988 2629 justus
2008 2560 2128 2626 iste.
2158 2564 2425 2635 quomodo
2453 2573 2627 2622 verset
2646 2567 2695 2621 in
2724 2585 2818 2624 ore
2842 2586 2941 2624 suo
2971 2573 3305 2641 sapientiam.
3338 2573 3407 2630 Et

1818 2650 1993 2725 lingua
2037 2656 2146 2726 ejus
2182 2652 2412 2727 loquetur
2431 2656 2706 2728 judicium.
2754 2652 2859 2716 Lex
2894 2661 2991 2715 Dei
3024 2665 3135 2735 ejus
3169 2664 3220 2718 in
3259 2666 3412 2722 corde

1817 2736 1995 2814 ipsius.
2036 2738 2113 2800 Ne
2156 2742 2292 2802 forte
2341 2756 2556 2816 ptttares
2586 2765 2707 2803 eum
2758 2744 2808 2805 in
2838 2767 2933 2807 ore
2962 2752 3158 2808 habere
3184 2754 3323 2824 quod
3357 2757 3409 2813 in

1817 2832 1979 2892 corde
2001 2852 2102 2891 non
2129 2832 2325 2893 habet:
2352 2856 2420 2894 ne
2450 2838 2584 2895 forte
2614 2853 2954 2909 computares
2982 2861 3102 2898 eum
3134 2862 3253 2901 cum
3285 2847 3405 2916 illis,

1817 2918 1887 2984 de
1910 2928 2103 3000 quibus
2143 2928 2341 2984 dictum
2373 2941 2453 2985 est
2477 2974 2491 2995 ,
2528 2930 2755 3001 Populus
2782 2928 2862 2987 llic
2892 2934 3037 2989 labiis
3065 2953 3143 2990 me
3170 2937 3407 3008 ltouorut,

1819 3036 1907 3076 cor
1926 3030 2093 3075 autent
2118 3034 2290 3077 eorum
2315 3022 2546 3095 longeest
2562 3042 2593 3078 a
2613 3042 2690 3078 me
2716 3020 2765 3095 (1
2772 3026 2867 3079 sai.
2902 3043 2930 3081 ιι
2944 3043 3054 3091 XIX,
3080 3029 3168 3099 13)
3190 3047 3202 3079 τ
3228 3024 3289 3084 Et
3311 3030 3413 3086 lin-

1819 3124 1923 3186 gua
1938 3114 2049 3185 ejus
2070 3113 2300 3183 loquetur
2309 3115 2585 3188 judirium.
2614 3116 2721 3172 Lex
2742 3112 2836 3172 Dei
2853 3119 2963 3190 ejus
2983 3122 3033 3174 in
3056 3120 3206 3175 corde
3229 3123 3411 3193 ipsius.

1822 3205 1889 3261 Et
1928 3205 2050 3277 quid
2089 3206 2161 3261 illi
2204 3200 2467 3278 prodest?
2497 3206 2562 3263 Et
2592 3227 2691 3264 non
2720 3212 3180 3283 supplautubuntur
3208 3233 3412 3286 gressus

1822 3299 1951 3372 ejus.
1986 3298 2249 3354 Liberata
2280 3301 2469 3372 laqueo
2495 3301 2713 3358 verbum
2746 3304 2835 3358 Dei
2870 3304 2919 3358 in
2947 3305 3128 3370 corde,
3160 3308 3350 3363 liberat
3378 3325 3412 3367 a

1824 3392 1911 3447 via
1962 3409 2119 3463 prava
2175 3394 2396 3449 verbum
2448 3388 2539 3450 Dei
2584 3396 2636 3451 in
2673 3396 2856 3465 corde,
2905 3398 3092 3455 liberat
3130 3416 3157 3454 a
3191 3402 3365 3458 laliiua
3395 3405 3412 3438 ⁸

1823 3484 2043 3540 verbum
2077 3485 2167 3541 Dei
2197 3486 2246 3542 in
2276 3486 2458 3543 corde.
2498 3486 2696 3545 Tecum
2733 3500 2837 3555 est,
2880 3493 3034 3560 cujus
3057 3494 3277 3549 verbum
3306 3510 3332 3549 τι
3362 3504 3416 3553 te

1825 3590 1930 3631 non
1961 3575 2183 3631 recedit.
2227 3578 2363 3644 Quid
2397 3589 2575 3634 autem
2624 3580 2748 3637 mali
2782 3583 2976 3652 patitur
3000 3601 3156 3655 quem
3184 3588 3416 3644 custodit

1826 3668 2007 3723 Deus?
2028 3667 2311 3725 Custodem
2346 3673 2497 3741 ponis
2527 3674 2576 3727 in
2602 3673 2773 3741 vinea,
2803 3686 2855 3730 et
2876 3688 3060 3731 contra
3095 3679 3237 3734 l‘nres
3257 3698 3414 3736 secu-

1826 3774 1919 3815 rus
1938 3774 1997 3816 es
2021 3776 2036 3827 ;
2078 3770 2131 3815 ct
2159 3771 2331 3831 potest
2359 3763 2595 3820 dormire
2617 3775 2797 3821 custos
2824 3767 2931 3832 ille,
2962 3780 3015 3823 et
3055 3772 3167 3840 ipse
3198 3773 3412 3842 cadere,

1828 3860 1885 3909 ct
1913 3852 2079 3908 furem
2105 3854 2386 3911 admittere
2420 3874 2433 3910 :
2480 3873 2582 3912 non
2613 3870 2790 3915 autem
2829 3860 3044 3924 dormit,
3084 3880 3254 3935 neque
3291 3868 3418 3922 dor.

1829 3945 2054 4011 mitaltit,
2114 3948 2204 4016 qui
2249 3947 2481 4003 custodit
2515 3949 2673 4004 Israel
2705 3950 2876 4019 (Psal.
2909 3968 3038 4014 cxx.
3084 3955 3160 4024 4).
3190 3956 3293 4011 Lex
3321 3957 3418 4013 Dei

1828 4037 1939 4107 ejus
1959 4038 2010 4091 iu
2026 4038 2177 4092 corde
2195 4039 2354 4108 ipsius
2369 4056 2387 4093 :
2405 4051 2450 4093 et
2472 4059 2570 4096 nou
2591 4044 3050 4113 supplantabuntur
3066 4063 3266 4115 gressus
3283 4052 3413 4120 ejus.

1832 4127 1985 4185 Vivat
2012 4146 2139 4200 ergo
2180 4147 2421 4201 seettrns,
2471 4145 2525 4189 et
2553 4135 2689 4190 inter
2718 4138 2884 4192 malos
2917 4138 3059 4193 vivat
3096 4156 3334 4207 St'L‘lll'llS,
3364 4155 3419 4200 et

1830 4221 1971 4279 inter
2012 4224 2204 4294 impios
2256 4227 2397 4281 vivat
2440 4242 2679 4282 securus.
2736 4229 2870 4298 Quid
2925 4230 3065 4285 enim
3110 4234 3233 4288 mali
3272 4235 3418 4303 jmto

1830 4324 2008 4388 potest
2034 4317 2225 4387 impius
2254 4328 2345 4373 aut
2376 4319 2601 4389 injustus
2630 4322 2835 4377 facere?
2874 4324 3007 4378 Ecce
3036 4326 3152 4381 vide
3177 4328 3300 4396 quid
3330 4344 3416 4381 se-
3464 4388 3479 4403 ο

1830 4410 2047 4481 quitur:
2087 4409 2383 4466 Considerat
2406 4416 2866 4482 pescatorjustnm,
2902 4426 2947 4469 et
2985 4418 3161 4487 aluerit
3198 4420 3417 4486 tttorli/i-

1831 4517 1949 4557 core
1977 4519 2107 4558 eum.
2162 4504 2295 4559 Dicit
2320 4504 2462 4559 enim
2489 4506 2627 4574 quod
2661 4505 2710 4558 in
2761 4506 2894 4558 libro
2931 4507 3211 4575 Sapientiae
3241 4509 3419 4566 dicere

1834 4595 2143 4665 praedictum
2174 4606 2257 4651 est
2289 4613 2301 4648 :
2347 4594 2526 4649 Gravis
2560 4607 2629 4650 est
2669 4597 2809 4649 nobis
2848 4598 2996 4649 etiam
3024 4596 3093 4650 ad
3129 4599 3414 4665 videndum,

1832 4690 2071 4761 quoniam
2113 4689 2370 4743 dissimilis
2404 4698 2476 4744 est
2519 4690 2633 4743 aliis
2677 4690 2776 4743 rita
2819 4690 2974 4755 ipsius
3024 4690 3175 4762 (Sap.
3212 4708 3264 4751 ιι.
3313 4693 3417 4762 l5).

1835 4783 2035 4852 Qumrit
2056 4799 2185 4855 ergo
2222 4783 2561 4838 mortiliearc.
2609 4782 2788 4850 Quid?
2834 4782 3086 4835 Dominus
3119 4784 3209 4854 qui
3244 4795 3421 4840 costo-

1835 4876 1934 4943 dit,
1978 4878 2067 4947 qui
2113 4893 2232 4931 cum
2262 4876 2350 4930 illo
2382 4877 2598 4937 habitat,
2649 4876 2734 4944 qui
2766 4873 2834 4929 de
2875 4891 2967 4929 ore
3008 4876 3193 4945 ip~ius,
3239 4877 3329 4946 qui
3356 4878 3421 4933 de

1836 4969 1997 5025 corde
2026 4985 2128 5023 non
2162 4969 2381 5033 recedit,
2412 4968 2627 5021 dimittit
2654 4967 2822 5021 cum?
2869 4965 2966 5022 Ubi
2989 4977 3068 5021 est
3096 4969 3233 5038 quod
3266 4986 3424 5041 supe-

1834 5061 1947 5115 rius
1975 5060 2173 5115 dictmn
2194 5070 2295 5120 est.
2332 5058 2393 5113 Et
2416 5076 2513 5112 non
2542 5058 2845 5128 derelinquet
2870 5069 3070 5114 sanctos
3094 5061 3247 5115 suos?

1911 5152 1995 5207 15.
2040 5150 2187 5223 [νει-δ.
2228 5147 2342 5222 53.]
2386 5149 2543 5219 Ergo.
2597 5149 2889 5203 (Iousiderut
2942 5161 3173 5219 peccator
3197 5152 3419 5223 justum,

1838 5255 1885 5301 et
1908 5247 2085 5317 quatrit
2113 5246 2420 5313 morti/icore
2443 5259 2557 5297 eum
2581 5258 2599 5296 :
2625 5240 2871 5297 Dominus
2897 5254 3063 5296 autem
3087 5260 3185 5297 non
3206 5244 3420 5299 derelin-

1836 5350 1954 5411 quet
1980 5355 2091 5393 eum
2118 5338 2167 5391 iu
2194 5338 2426 5391 manibus
2453 5338 2581 5406 ejus.
2616 5336 2790 5401 Quare
2818 5352 2946 5404 ergo
2972 5335 3252 5403 tleseliqttit
3283 5353 3423 5390 mar-

1841 5440 1986 5504 tyres
2033 5429 2084 5485 in
2133 5430 2380 5484 manilius
2434 5426 2764 5496 impiorum?
2825 5427 2998 5490 Quare
3052 5425 3288 5479 fecerunt
3322 5426 3425 5481 illis

1839 5538 2185 5597 quzrcumquc
2231 5520 2557 5577 voluerunt?
2614 5520 2758 5575 Alios
2802 5518 2978 5587 gladio
3020 5530 3419 5588 percusserunt,

1838 5619 1973 5675 alios
2011 5619 2411 5680 crucilixerunt,
2465 5615 2599 5669 alios
2634 5613 2814 5667 bestiis
2861 5612 3246 5679 tradidernnt',
3292 5614 3426 5668 alios

1906 5715 1922 5747 ³
1950 5711 2084 5767 Edd.
2109 5724 2137 5759 ιι
2162 5710 2316 5771 lapsu.
2344 5717 2395 5758 At
2429 5707 2643 5771 melioris
2665 5712 2948 5771 notaﬁtttss”
2968 5719 2997 5753 ιι
3028 5703 3291 5771 lalr.’uu;_et
3321 5705 3427 5771 gni-

1840 5775 1968 5863 dam,
1994 5787 2024 5823 a
2052 5765 2223 5860 latina:
2255 5781 2363 5821 tunc
2385 5783 2476 5819 vox
2499 5770 2561 5817 ab
2591 5768 2766 5817 Isidoro
2799 5767 3091 5827 illustratur,
3112 5776 3164 5817 et
3193 5765 3427 5829 signiﬁcat

1865 5840 2078 5863 ..Ιιπὶηηηι
2118 5849 2254 5863 nni-vn

1842 5837 2079 5887 lubricum
2101 5837 2273 5884 locum.

1908 5902 1928 5932 ι
1956 5902 2096 5948 \atic.
2124 5898 2275 5946 codex
2296 5932 2310 5954 ,
2334 5892 2650 5944 subrexerunt
2685 5904 2703 5944 :
2734 5892 2805 5948 sic
2837 5893 2983 5947 etiam
3002 5889 3164 5948 Gallic.
3193 5895 3304 5944 ως.
3326 5902 3425 5944 uno

1849 5971 2057 6026 excepto
2074 5961 2153 6025 qui
2180 5960 2344 6021 habet,
2369 5956 2686 6019 subjecerwtt.
