3960 6402
634 377 740 440 891

636 492 845 564 ignibus
879 490 1270 551 cremaverunt,
1309 481 1442 536 alios
1481 481 1534 535 in
1564 487 1752 536 eatena
1794 476 2052 534 ducentes
2094 474 2218 531 tabo

635 581 881 637 diuturna
907 576 1267 633 confecerunt.
1290 573 1448 631 Certe
1470 589 1575 628 non
1599 573 1932 640 derelinquat
1964 567 2220 624 Dominus

635 684 847 730 sanctos
877 686 1001 726 suos
1032 687 1044 722 :
1090 666 1339 722 Dominus
1365 676 1528 720 autem
1568 681 1668 719 non
1695 664 2001 733 derclinqnet
2026 676 2137 715 eum
2164 660 2217 714 in

635 764 864 820 manibus
888 763 1015 829 eius.
1047 761 1321 814 POstremo
1353 758 1523 826 ipsum
1545 757 1737 811 Filium
1769 769 1921 808 suum
1949 768 2115 824 quare
2139 752 2221 806 di-

640 859 782 912 misit
826 855 878 910 in
930 853 1174 907 manibus
1221 848 1561 906 Judaeorum?
1615 849 1680 904 Et
1723 847 1808 902 bic
1844 856 2039 902 lectum
2075 845 2221 914 aperi

634 947 783 1022 (Luc.
813 960 864 1008 v,
896 943 1006 1009 19),
1032 943 1078 997 si
1102 943 1179 996 vis
1201 942 1344 995 omni
1369 940 1605 994 interiori
1631 939 1871 994 membro
1895 937 2219 1006 constringi;

633 1040 849 1112 perveni
880 1039 944 1092 ad
976 1034 1253 1092 Dominum
1280 1051 1294 1088 :
1325 1034 1444 1087 audi
1477 1032 1601 1104 quid
1631 1032 1772 1087 dicat
1798 1033 1897 1087 alia
1920 1030 2214 1098 Scriptura,

632 1132 914 1188 hominum
962 1127 1258 1196 pra-videns
1285 1141 1565 1195 passurum
1608 1123 1676 1179 ab
1707 1123 1898 1194 impiis,
1952 1121 2076 1192 quid
2106 1120 2222 1176 ait?

635 1222 791 1278 Terra
828 1221 1016 1274 tradita
1051 1231 1121 1272 est
1151 1219 1201 1271 in
1233 1233 1410 1270 manus
1447 1215 1590 1286 impii
1625 1213 1745 1284 (Job
1805 1230 1880 1278 lx,
1909 1214 2047 1282 ειη
2085 1211 2222 1280 Quid

632 1323 737 1379 cst,
765 1309 925 1365 Terra
953 1308 1141 1361 tradita
1171 1316 1243 1359 est
1267 1306 1318 1358 in
1346 1321 1523 1358 manus
1549 1303 1728 1373 impii?
1755 1302 1890 1358 Caro
1925 1302 2112 1355 tradita
2139 1311 2223 1356 est.

632 1404 686 1462 in
724 1418 911 1457 manus
939 1397 1393 1470 persequentimn.
1436 1395 1550 1450 Non
1592 1394 1662 1448 ibi
1689 1402 1867 1448 autem
1898 1391 2103 1446 dimisit
2129 1392 2220 1461 ju-

631 1506 775 1551 stum
804 1507 956 1546 suum
993 1491 1130 1543 Deus
1161 1505 1174 1540 :
1206 1488 1275 1542 de
1300 1502 1459 1541 carne
1489 1499 1639 1554 capta
1672 1484 1847 1538 educit
1875 1485 2105 1537 animum
2138 1484 2220 1537 iu-

635 1588 850 1640 victam.
906 1581 1207 1637 Dimitteret
1260 1579 1398 1633 Deus
1445 1578 1648 1649 justum
1696 1591 1849 1629 suum
1897 1575 2222 1630 inmanibus

634 1675 802 1746 impii,
825 1675 868 1728 si
898 1674 1042 1727 illmn
1072 1672 1280 1727 fecisset
1309 1671 1608 1725 eansentire
1631 1669 1791 1737 impio
1825 1684 1838 1720 :
1867 1677 2050 1722 contra
2078 1668 2220 1738 quod

636 1767 830 1823 nialnm
863 1773 981 1818 orat
1016 1763 1066 1815 in
1101 1763 1205 1816 alio
1234 1761 1460 1830 psalmo,
1500 1769 1550 1814 et
1579 1759 1706 1813 dicit
1736 1775 1748 1811 :
1796 1757 1879 1811 Ne
1913 1757 2084 1812 tradas
2119 1775 2217 1824 me,

630 1859 866 1919 Domine,
902 1875 935 1910 a
973 1855 1221 1909 desiderio
1247 1870 1355 1908 ineo
1387 1853 1635 1922 peccatori
1671 1849 1838 1923 (Psal.
1874 1866 2096 1913 CXXXIX.
2135 1849 2216 1920 9).

629 1953 775 2022 Opus
800 1960 960 2007 estut
987 1965 1015 2002 a
1043 1947 1308 2004 desiderio
1333 1958 1420 2000 tuo
1448 1962 1554 2000 nnn
1575 1945 1800 2000 tradaris
1834 1944 2122 2014 pcccatori,
2151 1959 2219 1998 ne

628 2060 750 2100 cum
789 2042 1062 2097 desideras
1098 2040 1258 2093 vitam
1294 2047 1607 2108 prtescntcm
1631 2077 1646 2101 ,
1683 2037 1854 2090 irruas
1885 2035 1934 2089 in
1965 2035 2133 2096 illum,
2165 2042 2220 2088 et

629 2136 822 2208 perdas
861 2143 1137 2189 a-ternam.
1183 2134 1226 2185 A
1261 2145 1367 2200 quo
1410 2127 1677 2183 desiderio
1733 2142 1836 2181 non
1881 2125 2040 2180 debet
2083 2125 2218 2181 tradi

630 2225 932 2300 peccatori't
975 2225 1056 2280 Ab
1085 2223 1172 2277 illa
1204 2220 1272 2276 de
1299 2237 1404 2290 quo
1440 2220 1565 2273 item
1597 2218 1788 2273 dicitur
1810 2233 1830 2271 :
1878 2215 1940 2270 Et
1967 2217 2097 2270 diem
2127 2217 2219 2271 ho-

628 2321 778 2375 minis
803 2313 1199 2384 nonconcupivi,
1229 2326 1279 2367 tu
1306 2313 1403 2366 scis
1425 2310 1634 2380 (Jerem.
1661 2325 1789 2374 xvu,
1820 2309 1928 2377 16).
1952 2308 2052 2375 Qui
2074 2309 2215 2363 enim

630 2412 902 2468 desiderat
938 2419 992 2464 et
1039 2405 1366 2475 concupiscit
1401 2404 1539 2458 diem
1587 2401 1846 2466 hominis,
1889 2400 2102 2471 quando
2139 2400 2216 2455 illi

629 2505 862 2560 minatus
891 2502 1049 2556 fuerit
1089 2498 1444 2562 adversarius,
1477 2494 1615 2566 quod
1644 2493 1792 2548 tollat
1829 2492 1899 2547 illi
1936 2492 2080 2547 diem
2117 2495 2217 2546 bu-

630 2610 867 2658 manum,
897 2594 1017 2663 quia
1045 2590 1252 2645 accidet
1280 2605 1424 2650 eum,
1459 2596 1513 2643 ct
1537 2585 1719 2657 perdet
1749 2585 1885 2639 banc
1908 2584 2098 2649 vitam;
2124 2584 2213 2652 qui

629 2704 738 2743 non
769 2695 946 2755 Sperat
974 2685 1130 2739 aliam
1158 2682 1344 2748 vitam,
1376 2679 1574 2745 delicit,
1601 2688 1652 2733 et
1678 2677 1946 2732 consentit
1976 2675 2210 2730 inimico.

625 2778 725 2846 Qui
757 2787 932 2831 autem
959 2775 1105 2828 audit
1127 2773 1406 2829 Dominum
1429 2771 1710 2835 dicentem,
1746 2768 1920 2822 Nolite
1939 2768 2111 2822 timere
2127 2783 2212 2822 eos

622 2871 709 2938 qni
737 2885 918 2938 corpus
943 2867 1198 2930 occidunt,
1240 2865 1464 2917 animam
1502 2872 1671 2915 autem
1712 2878 1811 2915 non
1854 2871 2059 2932 possunt
2081 2861 2213 2914 occi-

623 2960 773 3023 dere;
799 2958 894 3012 etsi
924 2957 1161 3010 tradatur
1199 2965 1336 3009 terra
1377 2953 1426 3008 ia
1461 2967 1651 3007 manus
1677 2953 1844 3023 impii,
1885 2963 2039 3020 capta
2070 2961 2209 3006 terra

621 3053 838 3118 spiritus
861 3049 1068 3112 evadit;
1122 3047 1310 3116 spiritu
1341 3046 1620 3108 evadente,
1661 3053 1716 3099 et
1756 3055 1894 3100 terra
1945 3053 2207 3116 resurget.

621 3139 850 3209 Spiritus
885 3139 1148 3192 mutatur'
1185 3137 1251 3191 ad
1292 3137 1590 3199 Domitium,
1639 3146 1776 3189 terra
1824 3134 2115 3189 mutabitur
2155 3134 2208 3189 in

621 3232 842 3288 ciuium.
870 3228 984 3285 Non
1016 3230 1158 3282 enim
1186 3228 1380 3295 aliquid
1409 3227 1474 3284 de
1505 3227 1617 3296 ipsa
1647 3236 1782 3280 terra
1807 3226 1965 3296 perit,
1999 3241 2116 3296 qua:
2141 3224 2207 3280 ad

625 3332 836 3390 tempus
867 3318 1091 3373 traditur
1117 3319 1166 3372 in
1199 3333 1386 3372 manus
1417 3317 1560 3386 impii
1592 3336 1604 3370 :
1657 3315 1842 3386 Capilli
1862 3316 2038 3384 capitis
2059 3315 2209 3370 vestri

623 3412 870 3467 numerati
894 3419 1008 3462 sunt
1033 3407 1242 3480 (Matth.
1276 3425 1329 3473 κ,
1355 3407 1446 3468 28.
1492 3407 1605 3476 50).
1652 3405 1793 3476 Ergo
1822 3417 1904 3460 est
1929 3406 2204 3472 securitas,

623 3503 719 3560 sed
755 3503 799 3557 si
835 3504 973 3555 intus
1002 3502 1071 3555 sit
1105 3501 1261 3555 Deus.
1308 3499 1366 3554 Si
1406 3510 1585 3552 autem
1629 3498 1923 3565 expoliatur
1944 3497 2205 3562 diabolus,

626 3596 920 3651 admittitur
941 3596 1092 3648 Dens.
1127 3593 1368 3647 Dominus
1383 3602 1550 3646 autent
1571 3608 1669 3645 non
1691 3591 1996 3662 derelinquat
2017 3607 2129 3644 eum
2153 3591 2207 3646 in

630 3689 866 3742 manibus
891 3689 1018 3756 ejus.
1066 3683 1174 3739 Nec
1202 3684 1462 3737 damnabit
1491 3698 1622 3745 eunt,
1650 3699 1760 3735 cum
1776 3683 2088 3752 jndicabitur
2106 3681 2203 3736 illi.

628 3780 831 3836 ilabenl
861 3780 1034 3847 aliqua
1061 3775 1406 3843 exmnplaria,
1445 3773 1511 3827 Et
1542 3791 1652 3828 cum
1673 3773 1924 3844 judicabit
1953 3789 2083 3837 cum,
2111 3777 2205 3844 ju-

623 3875 874 3930 dicabitur
893 3874 987 3927 illi.
1019 3871 1110 3925 Illi
1143 3881 1319 3925 autem
1357 3869 1554 3923 dictum
1579 3877 1680 3935 est,
1717 3883 1835 3922 curn
1863 3868 2120 3938 judicium
2149 3859 2208 3922 ῐῑὶ

621 3984 690 4022 ne
721 3967 810 4023 illo
841 3983 854 4020 :
899 3980 1179 4035 possumus
1205 3964 1346 4018 enim
1373 3962 1450 4016 sic
1471 3962 1612 4032 loqui
1642 3970 1698 4015 ut
1723 3961 1962 4017 dicamus
1979 3960 2202 4029 homini,

620 4061 806 4117 Jmlica
848 4059 998 4121 mibi,
1032 4057 1083 4114 id
1118 4066 1218 4122 est,
1251 4055 1371 4110 audi
1410 4069 1624 4108 causam
1674 4068 1870 4108 meam.
1913 4053 2045 4108 Cum
2077 4066 2206 4122 ergo

621 4151 840 4220 emperit
863 4150 1045 4202 audire
1074 4163 1286 4202 CdllSﬂlil
1315 4146 1442 4214 justi
1471 4145 1551 4199 sai
1581 4145 1717 4199 Deus
1741 4161 1754 4208 ;
1793 4143 2029 4214 quoniam
2048 4159 2204 4212 opor-

623 4252 689 4296 tet
710 4257 878 4294 omnes
899 4237 1118 4294 exhiberi
1147 4248 1262 4291 ante
1287 4235 1505 4290 tribunal
1524 4233 1732 4299 Christi,
1765 4242 1810 4287 et
1836 4243 1987 4298 stare,
2026 4243 2080 4287 ut
2099 4232 2207 4287 illic

621 4334 828 4403 recipiat
859 4331 1192 4400 unusquisque
1218 4344 1332 4399 qua!
1361 4343 1449 4393 per
1473 4342 1656 4394 corpus
1678 4326 1846 4396 gessit,
1891 4325 1994 4379 sive
2021 4324 2205 4380 bonum

620 4425 724 4479 sire
752 4424 937 4476 malum
965 4420 1028 4488 (II
1052 4420 1168 4473 Cor.
1201 4434 1252 4484 v,
1278 4417 1366 4486 10)
1390 4433 1404 4481 ;
1437 4415 1648 4496 quando
1671 4429 1798 4484 ergo
1814 4423 2027 4469 ventum
2046 4413 2205 4470 fuerit

621 4515 688 4569 ad
721 4514 844 4567 illud
863 4511 1145 4582 judicium,
1177 4523 1283 4562 non
1315 4523 1436 4561 eum
1465 4504 1756 4572 damnabit,
1781 4505 1879 4560 etsi
1907 4505 1972 4560 ad
1997 4515 2204 4577 tempus

623 4606 865 4660 videatur
910 4602 1147 4656 damnari
1189 4600 1254 4654 ab
1300 4598 1534 4654 homine.
1589 4599 1703 4653 Etsi
1734 4598 1864 4653 dixit
1887 4601 2203 4657 sententiam

625 4696 907 4771 proconsul
941 4696 991 4748 in
1015 4694 1332 4764 Cyprianum
1363 4709 1376 4745 :
1410 4691 1508 4745 alia
1539 4699 1620 4747 est
1650 4690 1778 4745 sella
1809 4700 2035 4759 terrena,
2060 4691 2203 4748 aliud

625 4789 849 4846 tribu-tul
881 4786 1135 4843 curiarum
1162 4802 1176 4850 ;
1203 4785 1272 4838 ab
1298 4783 1551 4839 iul‘eriorc
1575 4783 1780 4853 accepit
1808 4785 2146 4850 sententiam,
2169 4799 2202 4840 a

622 4880 897 4950 superiore
917 4893 1190 4933 coronam.
1225 4874 1336 4932 Nec
1361 4875 1617 4930 damnabit
1642 4889 1777 4941 eunt,
1805 4890 1917 4928 cum
1941 4874 2200 4946 judicabi-

622 4986 703 5029 tur
725 4972 820 5027 it'li.

695 5064 780 5119 Η.
823 5060 974 5136 [τετε.
1013 5060 1101 5115 54.
1128 5057 1243 5132 36.]
1291 5056 1395 5115 Sed
1439 5056 1651 5129 quando
1693 5057 1832 5113 erit?
1878 5055 1999 5113 Noli
2031 5057 2202 5114 modo

620 5169 840 5229 putare:
874 5165 1079 5222 tempus
1105 5153 1301 5207 laboris
1329 5160 1429 5215 est,
1458 5160 1665 5222 tempus
1686 5149 1907 5206 seminis
1932 5159 2033 5215 est,
2067 5159 2202 5206 tem-

622 5264 718 5316 pus
753 5246 962 5316 frigoris
987 5254 1070 5299 est
1105 5261 1118 5297 :
1150 5243 1248 5298 etsi
1280 5242 1417 5297 inter
1438 5251 1645 5308 ventos,
1677 5242 1775 5295 etsi
1807 5242 1947 5296 inter
1974 5242 2198 5312 pluvias,

617 5337 818 5391 semitm
845 5355 860 5402 ;
892 5337 996 5390 nali
1029 5350 1147 5391 esse
1175 5335 1360 5405 piger:
1399 5341 1556 5388 testas
1589 5333 1766 5388 veniet
1799 5349 1917 5402 qum
1939 5343 1990 5388 to
2022 5334 2197 5388 hutili-

617 5440 721 5493 cet,
767 5430 819 5484 ia
856 5445 955 5498 qua
1005 5437 1056 5483 te
1098 5427 1330 5498 gaudeas
1371 5426 1686 5480 seminasse.
1723 5424 1858 5492 Quid
1898 5440 2024 5495 ergo
2065 5427 2200 5482 iacio

619 5520 824 5576 modo?
876 5519 1126 5590 Exspecta
1161 5517 1452 5572 Dominum.
1494 5517 1711 5572 Etcum
1751 5528 2022 5587 exspecto,
2072 5517 2199 5590 quid

617 5614 760 5684 ago?
807 5612 875 5668 Et
907 5612 1102 5667 custodi
1137 5613 1242 5666 uias
1270 5612 1398 5682 ejus.
1436 5610 1504 5665 Et
1532 5609 1575 5663 si
1602 5609 1923 5678 custodiam,
1955 5609 2080 5684 quid
2105 5627 2199 5669 ac-

621 5705 804 5776 cipio?
832 5701 895 5760 Et
917 5705 1156 5759 exaltabit
1187 5715 1251 5769 te,
1283 5713 1337 5758 ut
1375 5703 1667 5758 hereditate
1695 5704 1951 5775 possideas
1989 5704 2200 5765 témm.

683 5839 702 5873 ⁸
727 5839 798 5888 sic
818 5838 1041 5901 plerique
1063 5845 1166 5887 Mss.
1197 5845 1245 5888 Αι
1271 5837 1402 5899 add,
1425 5836 1700 5890 mutabitur.

1861 365 1923 422 S.
1963 359 2328 420 AUGUSTINI
2367 361 2668 420 EPlSCOPi
3748 384 3820 443 .59:

2327 473 2494 542 Quam
2563 474 2798 530 terram?
2865 474 3061 532 Iterum
3126 491 3194 534 ne
3252 481 3428 553 aliqua
3479 485 3593 540 villa
3646 503 3824 554 occurrit

2325 567 2539 620 animo:
2585 569 2723 622 illam
2751 569 2818 624 de
2857 586 2959 641 qua
2991 572 3206 638 dicitur,
3242 574 3435 644 Venite,
3463 579 3678 638 benedicti
3708 585 3824 648 Patri:

2324 657 2441 721 mei,
2466 659 2706 728 percipite
2730 677 2939 730 regnant
2968 657 3104 730 quod
3143 666 3277 716 vobis
3307 650 3539 736 punitum
3567 685 3630 727 ρει
3661 679 3710 730 ab
3731 681 3826 737 ξηξηο

2323 748 2502 800 ntundi
2547 747 2757 819 (Matth.
2805 766 2937 818 xxv,
2971 753 3082 824 5i).
3114 754 3250 822 Quid
3277 756 3341 810 de
3374 758 3477 813 illis
3503 762 3586 828 qui
3619 781 3698 818 nos
3718 787 3828 840 uaga.

2325 845 2618 905 staverunt,
2661 841 2800 896 inter
2842 858 2976 912 quos
3019 847 3338 915 genmimtts,
3391 866 3610 920 quorum
3651 863 3828 921 scandala

2326 929 2694 998 toleravimus,
2744 947 2839 1002 pro
2877 934 3071 1004 quibus
3118 940 3460 996 szevicntibus
3506 944 3681 1002 frustra
3713 959 3828 1009 urni-

2324 1038 2482 1090 mus;
2506 1026 2631 1095 quid
2658 1025 2726 1080 de
2754 1027 2859 1080 illis
2889 1029 3024 1083 erit?
3053 1030 3325 1102 Sequitur,
3358 1032 3487 1088 Cum
3515 1052 3702 1103 pereunt
3731 1046 3829 1114 ιρα.

2324 1125 2536 1184 calores,
2563 1117 2770 1173 videbis.
2799 1119 2865 1173 Et
2894 1123 3138 1190 quamde
3163 1126 3406 1196 proximo
3448 1129 3639 1185 videbis
3664 1149 3675 1184 :
3709 1145 3830 1193 tueris

2323 1207 2390 1261 ad
2415 1208 2710 1272 dexteram,
2755 1211 2827 1265 illi
2869 1212 2935 1265 ad
2980 1215 3268 1269 sinistram.
3313 1218 3433 1274 Hoc
3476 1233 3645 1276 autem
3679 1226 3731 1280 ad
3753 1230 3831 1288 lidci

2323 1299 2506 1352 oculos
2547 1301 2796 1367 pertinet.
2847 1302 2993 1370 Quos
3031 1304 3150 1360 fidei
3196 1308 3383 1362 oculos
3422 1311 3510 1380 qui
3540 1326 3636 1366 non
3677 1315 3828 1384 habent.

2323 1388 2507 1443 dolent
2533 1391 2838 1447 felicitatem
2865 1395 3145 1463 impiorum
3176 1399 3217 1462 ',
3250 1408 3304 1452 et
3328 1412 3517 1470 putant
3541 1405 3708 1460 scsine
3726 1424 3831 1468 eius:

2323 1494 2443 1535 esse
2465 1481 2660 1550 justos,
2686 1485 2806 1553 quia
2832 1484 3013 1541 vident
3040 1488 3125 1543 hic
3155 1487 3346 1546 ﬂorere
3372 1492 3582 1562 impios.
3609 1496 3695 1566 Qui
3711 1511 3829 1558 autem

2325 1571 2485 1629 habet
2515 1577 2724 1630 oculum
2778 1578 2926 1632 illttm
2975 1578 3118 1648 fidei,
3173 1583 3297 1652 quid
3345 1583 3510 1639 dicit?
3548 1585 3652 1642 Vidi
3685 1591 3830 1661 impium

2322 1667 2688 1736 superexaltari
2730 1678 2778 1721 et
2817 1669 2998 1724 elevari
3033 1689 3186 1742 super
3222 1675 3404 1730 cedros
3437 1674 3630 1733 Libani.
3667 1680 3722 1736 Et
3752 1697 3829 1754 put:

2322 1757 2443 1826 quia
2475 1757 2897 1827 superevaltatus
2927 1771 3028 1823 est,
3060 1774 3182 1832 puta
3211 1765 3331 1834 quia
3357 1768 3596 1824 elevatus
3617 1784 3722 1826 e51:
3749 1778 3830 1846 quid

2321 1850 2603 1919 sequitur?
2632 1849 2698 1904 Et
2726 1853 2952 1920 transivi,
2979 1863 3026 1908 et
3051 1870 3162 1910 ecce
3184 1873 3284 1911 non
3313 1869 3463 1924 erat;
3489 1871 3534 1914 et
3551 1865 3825 1931 qutt'siviemu,

2320 1949 2367 1994 et
2393 1958 2492 1995 non
2529 1951 2601 1995 est
2629 1942 2858 1999 inventas
2885 1945 3026 2000 locus
3051 1947 3180 2018 ejus.
3217 1950 3395 2016 Quare
3425 1967 3530 2007 non
3561 1965 3682 2022 crat,
3701 1967 3742 2011 ct
3763 1975 3827 2015 non

2320 2041 2403 2087 est
2459 2035 2703 2088 inventus
2757 2035 2904 2090 locus
2962 2037 3115 2106 ejus?
3163 2039 3295 2107 Quia
3345 2045 3601 2100 transisti.
3626 2046 3672 2102 Si
3709 2061 3825 2106 autem

2319 2126 2494 2182 adlmc
2519 2129 2805 2184 carnaliter
2822 2131 3043 2200 cogitas,
3067 2143 3120 2188 et
3151 2134 3247 2187 ista
3283 2144 3500 2192 terrena
3526 2137 3724 2196 felicitas
3749 2159 3826 2198 vera

2319 2219 2544 2274 felicitas
2576 2221 2668 2276 tibi
2698 2221 2924 2289 videtur,
2970 2224 3200 2279 nondum
3235 2230 3476 2284 transisti
3509 2247 3522 2283 ε
3565 2243 3649 2286 aut
3675 2237 3824 2303 :cqualis

2319 2309 2392 2365 illi
2416 2326 2494 2376 es,
2528 2321 2618 2366 ant
2649 2312 2782 2366 infra
2808 2327 2866 2368 es
2890 2331 2904 2367 :
2931 2315 3152 2384 proﬁce,
3181 2325 3233 2371 ct
3262 2320 3464 2385 transi;
3511 2330 3565 2376 et
3590 2338 3693 2376 cum
3719 2329 3821 2393 |Nii°

2317 2406 2508 2461 eiendo
2536 2409 2831 2475 transieris,
2863 2411 3094 2466 attendis
3129 2428 3249 2467 eum
3282 2414 3411 2482 lide,
3447 2415 3595 2471 vides
3619 2419 3824 2474 novissima

2319 2499 2503 2569 ipsius,
2523 2511 2576 2556 et
2595 2502 2728 2556 dicis
2756 2503 2868 2569 tibi,
2891 2504 3024 2559 Ecce
3053 2519 3156 2559 non
3175 2518 3255 2561 ρει
3277 2508 3383 2562 iste
3404 2509 3583 2578 quisic
3605 2521 3821 2575 tunutcrat;

2316 2592 2582 2662 quomodo
2603 2594 2644 2647 si
2671 2596 2921 2650 transires
2938 2596 3086 2665 juvta
3110 2597 3335 2653 fumum.
3365 2599 3497 2656 Nam
3516 2612 3567 2658 et
3584 2602 3671 2657 boc
3689 2603 3819 2658 dictum

2315 2696 2399 2740 est
2428 2689 2475 2739 iu
2501 2687 2602 2741 isto
2625 2686 2827 2758 psalmo
2848 2689 3113 2759 superius,
3146 2690 3449 2761 Deﬁcientes
3473 2696 3597 2750 velut
3618 2699 3751 2766 [anno
3767 2698 3821 2751 de-

2315 2777 2510 2844 ﬁcient.
2563 2779 2792 2848 Erigitur
2819 2780 2870 2833 in
2900 2781 3063 2834 altum
3092 2782 3286 2849 fumus,
3335 2795 3390 2840 et
3420 2787 3470 2840 in
3495 2787 3688 2859 globum
3717 2790 3819 2844 tumi-

2314 2867 2439 2922 dum
2482 2872 2652 2940 pergit
2680 2889 2695 2924 :
2741 2881 2938 2942 quanto
2969 2873 3136 2943 magis
3165 2876 3449 2943 attollitur,
3499 2889 3636 2933 tanta
3664 2882 3816 2950 amplius

2315 2960 2636 3016 intumescit.
2670 2963 2774 3018 Sed
2805 2979 2925 3019 cmn
2952 2966 3247 3031 transieris,
3275 2970 3496 3026 attende
3521 2981 3633 3042 post
3651 2980 3691 3026 te
3713 2990 3723 3024 :
3743 2979 3817 3038 post

2315 3061 2368 3106 te
2393 3053 2533 3106 enim
2563 3054 2757 3120 fumus,
2786 3057 2829 3108 si
2857 3065 2939 3111 est
2962 3065 3085 3111 ante
3111 3067 3161 3112 te
3186 3057 3349 3116 Deus.
3374 3060 3489 3115 Noli
3512 3063 3756 3132 posteriora
3774 3075 3815 3114 cx

2313 3141 2576 3197 desiderio
2613 3147 2907 3212 attendere,
2943 3148 3079 3203 sicut
3114 3150 3339 3204 attendit
3377 3167 3512 3206 uxor
3548 3152 3656 3217 Lot,
3694 3163 3734 3208 et
3762 3167 3815 3206 rc-

2313 3237 2505 3290 mansit
2536 3237 2589 3290 in
2618 3239 2696 3291 via
2723 3237 2873 3307 (Cen.
2895 3240 3147 3312 six,26):
3182 3242 3274 3296 sed
3305 3245 3513 3314 respice
3535 3261 3594 3301 es
3615 3245 3813 3315 chpectn,

2311 3339 2363 3384 et
2395 3330 2596 3384 videbis
2636 3331 2852 3400 impium
2899 3350 3155 3404 nus-piam
3212 3351 3356 3401 csse,
3403 3347 3455 3393 et
3490 3339 3814 3410 qumreslneum

2311 3420 2446 3488 ejus.
2470 3422 2600 3490 Quis
2620 3432 2702 3478 est
2719 3425 2860 3478 locus
2876 3425 2991 3495 ejus
3005 3427 3028 3467 ν
3050 3428 3165 3496 Quo
3189 3429 3348 3483 modo
3376 3430 3534 3486 habet
3557 3438 3811 3502 potestatem,

2311 3510 2472 3568 babct
2494 3513 2727 3579 divitias,
2753 3515 2907 3571 liabet
2927 3520 3207 3588 quemdam
3231 3521 3475 3578 ordinem
3491 3539 3633 3578 suum
3652 3525 3692 3576 in
3710 3520 3811 3576 rebus

2313 3605 2577 3671 Immanis,
2599 3615 2653 3659 ut
2672 3607 2820 3660 multi
2840 3608 2886 3662 ci
2902 3609 3280 3680 obsequantur,
3297 3623 3352 3666 ut
3365 3614 3542 3682 jubeat
3557 3623 3604 3670 et
3621 3612 3806 3667 audiatur.

2311 3695 2415 3752 Iste
2442 3699 2588 3754 locus
2614 3714 2718 3754 non
2747 3702 2870 3770 erit,
2899 3703 2990 3757 sed
3018 3705 3256 3771 transiet,
3278 3715 3334 3759 ut
3359 3716 3414 3761 tu
3434 3707 3455 3739 ³
3488 3709 3645 3778 pas-is
3664 3706 3806 3758 dicere:

2312 3787 2558 3853 Transivi,
2591 3800 2636 3844 et
2663 3807 2774 3845 ecce
2797 3809 2893 3846 non
2921 3804 3044 3846 erat.
3081 3794 3214 3862 ρςιίἀ
3244 3806 3345 3856 est.
3378 3799 3615 3853 transiri?
3645 3795 3805 3856 Proici,

2313 3880 2525 3949 perveni
2547 3879 2612 3934 ad
2641 3880 2954 3950 spiritualia,
2987 3884 3177 3938 intravi
3211 3886 3262 3939 in
3294 3889 3644 3943 sanctuarium
3673 3886 3755 3948 Dei.
3773 3889 3807 3936 ut

2309 3971 2640 4029 intenderem
2681 3977 2733 4029 in
2768 3975 3054 4032 novissima
3106 3976 3276 4050 (Psal.
3309 3997 3475 4048 Lnn,
3521 3982 3642 4052 i7):
3682 3989 3719 4035 et
3736 3993 3806 4031 (τα

2309 4079 2407 4117 non
2439 4073 2564 4130 erat,
2613 4074 2658 4119 et
2707 4067 2909 4138 qnccsivi
2945 4084 3078 4135 eum,
3132 4078 3179 4123 et
3223 4087 3323 4126 non
3365 4083 3438 4129 est
3483 4074 3686 4128 inventus
3715 4071 3804 4125 lactt

2307 4155 2437 4227 ejus.

2381 4249 2466 4303 15.
2499 4246 2647 4321 [ttcrs.
2669 4248 2784 4324 57.]
2811 4249 3018 4318 Custodi
3042 4254 3398 4311 innocentiam.
3430 4256 3586 4323 Tene,
3609 4249 3801 4328 quomodo

2308 4353 2428 4394 cum
2491 4356 2680 4397 avarus
2739 4358 2912 4408 esses,
2963 4345 3245 4400 sacccllum
3305 4348 3563 4404 tenebas:
3610 4341 3797 4418 ιιιιοηιοδο

2307 4433 2527 4487 tenebas
2559 4436 2864 4501 sacccilnm,
2908 4453 2976 4493 ne
3016 4439 3108 4495 tibi
3142 4453 3540 4513 extorqueretur
3563 4459 3590 4498 ιι
3615 4442 3731 4502 iure;
3752 4436 3797 4491 sic

2306 4527 2510 4583 custodi
2547 4529 2921 4597 innocentiam,
2955 4548 3021 4588 ne
3051 4533 3144 4586 tibi
3173 4545 3548 4605 extorquentur
3579 4550 3606 4588 a
3631 4526 3790 4587 diabolo.

2307 4621 2390 4675 Sit
2417 4620 2501 4674 illa
2523 4629 2723 4676 certum
2753 4624 3123 4692 patrimonium
3148 4635 3314 4694 tuum,
3336 4629 3404 4684 de
3425 4645 3522 4700 qua
3541 4635 3649 4682 sunt
3667 4623 3792 4676 divites

2306 4719 2361 4768 ct
2387 4728 2663 4784 pauperes.
2717 4716 2922 4770 Custodi
2960 4715 3310 4772 innocentiam.
3362 4721 3495 4788 Quid
3529 4720 3608 4773 tibi
3643 4711 3791 4786 prodest
3863 4739 3866 4746 -

2308 4805 2512 4861 lucrum
2558 4807 2692 4872 auri,
2735 4817 2786 4862 et
2816 4806 3065 4863 damnum
3094 4809 3447 4867 innocentize?
3492 4809 3669 4866 Custodi
3697 4806 3790 4858 inuo-

2304 4901 2538 4966 centiam,
2585 4910 2630 4955 ct
2660 4900 2769 4955 vide
2795 4901 3133 4957 directionem.
3175 4901 3379 4958 Ilabeto
3418 4903 3586 4960 oculos
3609 4899 3784 4955 directas,

2305 5001 2363 5047 ut
2408 4992 2590 5048 videas
2643 4991 3024 5049 directionem:
3067 5010 3170 5049 non
3222 5009 3437 5065 pravos,
3475 4995 3643 5066 quibus
3677 4983 3786 5043 malos

2305 5084 2486 5149 vides;
2515 5094 2567 5140 et
2593 5083 2865 5150 distortos,
2889 5094 2946 5138 ut
2963 5085 3216 5141 distortus
3244 5089 3335 5143 tibi
3353 5097 3406 5143 et
3426 5100 3599 5159 pravus
3620 5079 3784 5136 videatur

2307 5177 2465 5242 Dens,
2495 5176 2612 5247 quia
2643 5175 2777 5231 favet
2817 5177 3012 5246 impiis,
3059 5189 3112 5235 et
3141 5182 3470 5250 persequitur
3505 5178 3673 5233 ﬁdeles.
3710 5167 3781 5222 Νοπ

2306 5268 2453 5323 vides
2476 5283 2631 5338 quam
2662 5269 2939 5323 distortum
2971 5271 3193 5327 videas?
3219 5274 3434 5344 Corrige
3451 5271 3612 5327 oculos
3638 5275 3736 5325 tuos.
3753 5261 3781 5308 τί

2309 5362 2416 5414 ride
2441 5363 2774 5414 directionem.
2806 5362 2972 5430 Quam
3004 5363 3384 5420 directionem?
3409 5365 3516 5420 Noli
3540 5361 3596 5415 ad
3621 5363 3780 5430 ppcsctt-

2304 5446 2412 5507 tia"
2428 5452 2723 5508 attendere.
2751 5453 2816 5507 Et
2837 5453 2962 5523 quid
2987 5454 3224 5512 videbis?
3251 5457 3491 5522 Quoniam
3510 5459 3608 5508 sunt
3623 5439 3777 5511 rit/it]th

3883 2143 3892 2435 l

3881 2435 3892 2520 l

3867 4369 3892 4644 l

3513 5709 3690 5775 ιυςὼηιτιι.
3865 5695 3892 6356 Ι

3513 5791 3548 5823 υ.
3889 5811 3891 5814 ι

2369 5593 2388 5626 ⁸
2413 5597 2542 5656 Unus
2563 5598 2643 5640 aut
2666 5591 2802 5656 alter
2836 5597 2942 5656 his,
2973 5604 3084 5656 cum
3117 5590 3317 5656 perium.
3352 5601 3483 5643 Porro
3505 5592 3548 5640 ia
3565 5593 3690 5636 Graeco
3705 5577 3773 5624 ω

2307 5658 2403 5708 est.
2422 5667 2480 5704 ert
2497 5653 2544 5703 to
2563 5652 3012 5704 eaalothrcuesthai.

2367 5717 2388 5780 ξ
2411 5723 2483 5780 Er.
2507 5723 2559 5765 et
2581 5716 2745 5780 plures
2765 5722 2870 5780 Mss.
2888 5752 2904 5772 ,
2921 5715 3215 5780 delectmttur
3237 5716 3453 5780 felicitate
3472 5709 3690 5775 historian.

2368 5777 2391 5842 ξ
2413 5777 2599 5842 Aliquot
2622 5778 2745 5835 suis,
2769 5777 2852 5829 sed
2875 5778 3095 5842 transiet
3117 5787 3186 5839 tu,
3211 5777 3261 5828 ut
3285 5777 3442 5842 possis,
3467 5785 3548 5825 etc.

2369 5839 2392 5869 ⁸
2415 5839 2582 5890 Plures
2604 5848 2726 5898 uss,
2752 5839 3073 5902 jirtesentiam.
