  <div class='ocr_page' id='page_1' title='image "/cluster/home/n/w/nwhite01/storage/ocr_20150623/36/uva.x000827105/206.png"; bbox 0 0 3960 6428; ppageno 0'>
   <div class='ocr_carea' id='block_1_1' title="bbox 159 376 322 440">
    <p class='ocr_par' dir='ltr' id='par_1_1' title="bbox 159 376 322 440">
     <span class='ocr_line' id='line_1_1' title="bbox 159 376 322 440; baseline -0.049 0"><span class='ocrx_word' id='word_1_1' title='bbox 159 376 322 440; x_wconf 74' lang='lat'><strong>395</strong></span> 
     </span>
    </p>
   </div>
   <div class='ocr_carea' id='block_1_2' title="bbox 169 475 1801 556">
    <p class='ocr_par' dir='ltr' id='par_1_2' title="bbox 169 475 1801 556">
     <span class='ocr_line' id='line_1_2' title="bbox 169 475 1801 556; baseline -0.013 -8"><span class='ocrx_word' id='word_1_2' title='bbox 169 491 400 554; x_wconf 78' lang='lat' dir='ltr'><strong>homini</strong></span> <span class='ocrx_word' id='word_1_3' title='bbox 425 485 658 556; x_wconf 82' lang='lat' dir='ltr'><strong>paciﬁca.</strong></span> <span class='ocrx_word' id='word_1_4' title='bbox 682 483 822 553; x_wconf 85' lang='lat' dir='ltr'><strong>Quid</strong></span> <span class='ocrx_word' id='word_1_5' title='bbox 845 487 949 548; x_wconf 89' lang='lat' dir='ltr'><strong>est,</strong></span> <span class='ocrx_word' id='word_1_6' title='bbox 977 485 1094 535; x_wconf 84' lang='lat' dir='ltr'><strong>sunt</strong></span> <span class='ocrx_word' id='word_1_7' title='bbox 1114 476 1376 547; x_wconf 71' lang='lat' dir='ltr'><strong>reliquiae?</strong></span> <span class='ocrx_word' id='word_1_8' title='bbox 1401 475 1534 534; x_wconf 89' lang='lat' dir='ltr'><strong>Cum</strong></span> <span class='ocrx_word' id='word_1_9' title='bbox 1555 483 1801 531; x_wconf 90' lang='lat' dir='ltr'><strong>mortuus</strong></span> 
     </span>
    </p>
   </div>
   <div class='ocr_carea' id='block_1_3' title="bbox 173 566 1800 645">
    <p class='ocr_par' dir='ltr' id='par_1_3' title="bbox 173 566 1800 645">
     <span class='ocr_line' id='line_1_3' title="bbox 173 566 1800 645; baseline -0.015 -2"><span class='ocrx_word' id='word_1_10' title='bbox 173 580 392 645; x_wconf 78' lang='lat' dir='ltr'><strong>(ueris,</strong></span> <span class='ocrx_word' id='word_1_11' title='bbox 443 593 545 632; x_wconf 91' lang='lat' dir='ltr'><strong>non</strong></span> <span class='ocrx_word' id='word_1_12' title='bbox 594 575 706 632; x_wconf 83' lang='lat' dir='ltr'><strong>eris</strong></span> <span class='ocrx_word' id='word_1_13' title='bbox 756 576 1045 633; x_wconf 75' lang='lat' dir='ltr'><strong>martuus:</strong></span> <span class='ocrx_word' id='word_1_14' title='bbox 1088 569 1191 626; x_wconf 91' lang='lat' dir='ltr'><strong>hoc</strong></span> <span class='ocrx_word' id='word_1_15' title='bbox 1235 577 1354 636; x_wconf 87' lang='lat' dir='ltr'><strong>est,</strong></span> <span class='ocrx_word' id='word_1_16' title='bbox 1398 576 1516 623; x_wconf 89' lang='lat' dir='ltr'><strong>sunt</strong></span> <span class='ocrx_word' id='word_1_17' title='bbox 1552 566 1800 637; x_wconf 68' lang='lat' dir='ltr'><strong>reliquiae.</strong></span> 
     </span>
    </p>
   </div>
   <div class='ocr_carea' id='block_1_4' title="bbox 179 655 1804 739">
    <p class='ocr_par' dir='ltr' id='par_1_4' title="bbox 179 655 1804 739">
     <span class='ocr_line' id='line_1_4' title="bbox 179 655 1804 739; baseline -0.01 -12"><span class='ocrx_word' id='word_1_18' title='bbox 179 671 326 732; x_wconf 75' lang='lat' dir='ltr'><strong>Erit</strong></span> <span class='ocrx_word' id='word_1_19' title='bbox 355 670 425 726; x_wconf 86' lang='lat' dir='ltr'><strong>illi</strong></span> <span class='ocrx_word' id='word_1_20' title='bbox 469 667 667 739; x_wconf 85' lang='lat' dir='ltr'><strong>aliquid</strong></span> <span class='ocrx_word' id='word_1_21' title='bbox 712 673 768 722; x_wconf 90' lang='lat' dir='ltr'><strong>et</strong></span> <span class='ocrx_word' id='word_1_22' title='bbox 806 673 927 736; x_wconf 89' lang='lat' dir='ltr'><strong>post</strong></span> <span class='ocrx_word' id='word_1_23' title='bbox 958 663 1096 718; x_wconf 89' lang='lat' dir='ltr'><strong>hanc</strong></span> <span class='ocrx_word' id='word_1_24' title='bbox 1143 660 1341 725; x_wconf 89' lang='lat' dir='ltr'><strong>vitam;</strong></span> <span class='ocrx_word' id='word_1_25' title='bbox 1373 659 1476 715; x_wconf 90' lang='lat' dir='ltr'><strong>hoc</strong></span> <span class='ocrx_word' id='word_1_26' title='bbox 1519 666 1623 725; x_wconf 90' lang='lat' dir='ltr'><strong>est,</strong></span> <span class='ocrx_word' id='word_1_27' title='bbox 1673 655 1804 712; x_wconf 89' lang='lat' dir='ltr'><strong>illud</strong></span> 
     </span>
    </p>
   </div>
   <div class='ocr_carea' id='block_1_5' title="bbox 194 749 1801 832">
    <p class='ocr_par' dir='ltr' id='par_1_5' title="bbox 194 749 1801 832">
     <span class='ocr_line' id='line_1_5' title="bbox 194 749 1801 832; baseline -0.012 -10"><span class='ocrx_word' id='word_1_28' title='bbox 194 779 391 822; x_wconf 81' lang='lat' dir='ltr'><strong>semen</strong></span> <span class='ocrx_word' id='word_1_29' title='bbox 442 760 582 832; x_wconf 87' lang='lat' dir='ltr'><strong>quod</strong></span> <span class='ocrx_word' id='word_1_30' title='bbox 632 761 688 815; x_wconf 89' lang='lat' dir='ltr'><strong>in</strong></span> <span class='ocrx_word' id='word_1_31' title='bbox 730 757 1102 815; x_wconf 91' lang='lat' dir='ltr'><strong>benedictione</strong></span> <span class='ocrx_word' id='word_1_32' title='bbox 1148 754 1271 810; x_wconf 89' lang='lat' dir='ltr'><strong>erit.</strong></span> <span class='ocrx_word' id='word_1_33' title='bbox 1325 751 1476 808; x_wconf 85' lang='lat' dir='ltr'><strong>Unde</strong></span> <span class='ocrx_word' id='word_1_34' title='bbox 1523 749 1801 814; x_wconf 88' lang='lat' dir='ltr'><strong>Dominus,</strong></span> 
     </span>
    </p>
   </div>
   <div class='ocr_carea' id='block_1_6' title="bbox 209 839 1799 923">
    <p class='ocr_par' dir='ltr' id='par_1_6' title="bbox 209 839 1799 923">
     <span class='ocr_line' id='line_1_6' title="bbox 209 839 1799 923; baseline -0.009 -14"><span class='ocrx_word' id='word_1_35' title='bbox 209 854 315 923; x_wconf 82' lang='lat' dir='ltr'><strong>Qui</strong></span> <span class='ocrx_word' id='word_1_36' title='bbox 336 852 488 909; x_wconf 87' lang='lat' dir='ltr'><strong>credit</strong></span> <span class='ocrx_word' id='word_1_37' title='bbox 512 853 566 905; x_wconf 88' lang='lat' dir='ltr'><strong>in</strong></span> <span class='ocrx_word' id='word_1_38' title='bbox 592 867 694 917; x_wconf 82' lang='lat' dir='ltr'><strong>nte,</strong></span> <span class='ocrx_word' id='word_1_39' title='bbox 724 849 918 921; x_wconf 79' lang='lat' dir='ltr'><strong>inquit,</strong></span> <span class='ocrx_word' id='word_1_40' title='bbox 951 848 1066 902; x_wconf 85' lang='lat' dir='ltr'><strong>licet</strong></span> <span class='ocrx_word' id='word_1_41' title='bbox 1087 845 1354 909; x_wconf 75' lang='lat' dir='ltr'><strong>moriatur,</strong></span> <span class='ocrx_word' id='word_1_42' title='bbox 1379 842 1503 897; x_wconf 81' lang='lat' dir='ltr'><strong>vivet</strong></span> <span class='ocrx_word' id='word_1_43' title='bbox 1524 839 1704 915; x_wconf 84' lang='lat' dir='ltr'><strong>(Joan.</strong></span> <span class='ocrx_word' id='word_1_44' title='bbox 1723 855 1799 908; x_wconf 79' lang='lat' dir='ltr'><strong>xl,</strong></span> 
     </span>
    </p>
   </div>
   <div class='ocr_carea' id='block_1_7' title="bbox 206 935 1504 1016">
    <p class='ocr_par' dir='ltr' id='par_1_7' title="bbox 206 935 1504 1016">
     <span class='ocr_line' id='line_1_7' title="bbox 206 935 1504 1016; baseline -0.008 -17"><span class='ocrx_word' id='word_1_45' title='bbox 206 943 306 1016; x_wconf 68' lang='lat'><strong>25)</strong></span> <span class='ocrx_word' id='word_1_46' title='bbox 339 962 353 997; x_wconf 90' lang='lat'>:</span> <span class='ocrx_word' id='word_1_47' title='bbox 384 943 633 1012; x_wconf 81' lang='lat' dir='ltr'><strong>Quoniam</strong></span> <span class='ocrx_word' id='word_1_48' title='bbox 657 949 773 996; x_wconf 84' lang='lat' dir='ltr'><strong>sunt</strong></span> <span class='ocrx_word' id='word_1_49' title='bbox 800 939 1027 1006; x_wconf 66' lang='lat' dir='ltr'><strong>reliquiae</strong></span> <span class='ocrx_word' id='word_1_50' title='bbox 1054 936 1246 991; x_wconf 81' lang='lat' dir='ltr'><strong>homini</strong></span> <span class='ocrx_word' id='word_1_51' title='bbox 1268 935 1504 1007; x_wconf 82' lang='lat' dir='ltr'><strong>paci/ica.</strong></span> 
     </span>
    </p>
   </div>
   <div class='ocr_carea' id='block_1_8' title="bbox 293 1027 1800 1111">
    <p class='ocr_par' dir='ltr' id='par_1_8' title="bbox 293 1027 1800 1111">
     <span class='ocr_line' id='line_1_8' title="bbox 293 1027 1800 1111; baseline -0.01 -18"><span class='ocrx_word' id='word_1_52' title='bbox 293 1038 378 1093; x_wconf 77' lang='grc'><strong>16.</strong></span> <span class='ocrx_word' id='word_1_53' title='bbox 409 1035 560 1111; x_wconf 84' lang='lat' dir='ltr'><strong>[vers.</strong></span> <span class='ocrx_word' id='word_1_54' title='bbox 592 1033 709 1108; x_wconf 75' lang='lat'><strong>58.]</strong></span> <span class='ocrx_word' id='word_1_55' title='bbox 742 1033 931 1104; x_wconf 80' lang='lat' dir='ltr'><strong>Iniusti</strong></span> <span class='ocrx_word' id='word_1_56' title='bbox 959 1040 1124 1086; x_wconf 82' lang='lat' dir='ltr'><strong>autent</strong></span> <span class='ocrx_word' id='word_1_57' title='bbox 1164 1029 1441 1100; x_wconf 86' lang='lat' dir='ltr'><strong>disperient</strong></span> <span class='ocrx_word' id='word_1_58' title='bbox 1480 1028 1534 1082; x_wconf 90' lang='lat' dir='ltr'><strong>in</strong></span> <span class='ocrx_word' id='word_1_59' title='bbox 1557 1027 1800 1098; x_wconf 81' lang='lat' dir='ltr'><strong>idipsum.</strong></span> 
     </span>
    </p>
   </div>
   <div class='ocr_carea' id='block_1_9' title="bbox 220 1120 1806 1198">
    <p class='ocr_par' dir='ltr' id='par_1_9' title="bbox 220 1120 1806 1198">
     <span class='ocr_line' id='line_1_9' title="bbox 220 1120 1806 1198; baseline -0.008 -13"><span class='ocrx_word' id='word_1_60' title='bbox 220 1125 355 1198; x_wconf 86' lang='lat' dir='ltr'><strong>Quid</strong></span> <span class='ocrx_word' id='word_1_61' title='bbox 382 1138 489 1195; x_wconf 90' lang='lat' dir='ltr'><strong>est,</strong></span> <span class='ocrx_word' id='word_1_62' title='bbox 521 1127 574 1181; x_wconf 86' lang='lat' dir='ltr'><strong>in</strong></span> <span class='ocrx_word' id='word_1_63' title='bbox 607 1126 868 1196; x_wconf 79' lang='lat' dir='ltr'><strong>idipsum?</strong></span> <span class='ocrx_word' id='word_1_64' title='bbox 896 1123 951 1179; x_wconf 84' lang='lat' dir='ltr'><strong>In</strong></span> <span class='ocrx_word' id='word_1_65' title='bbox 993 1122 1412 1192; x_wconf 83' lang='lat' dir='ltr'><strong>sempiternum;</strong></span> <span class='ocrx_word' id='word_1_66' title='bbox 1457 1120 1539 1174; x_wconf 89' lang='lat' dir='ltr'><strong>vel</strong></span> <span class='ocrx_word' id='word_1_67' title='bbox 1566 1161 1582 1187; x_wconf 94' lang='lat'><strong>,</strong></span> <span class='ocrx_word' id='word_1_68' title='bbox 1615 1130 1806 1173; x_wconf 88' lang='lat' dir='ltr'><strong>omnes</strong></span> 
     </span>
    </p>
   </div>
   <div class='ocr_carea' id='block_1_10' title="bbox 224 1208 1806 1285">
    <p class='ocr_par' dir='ltr' id='par_1_10' title="bbox 224 1208 1806 1285">
     <span class='ocr_line' id='line_1_10' title="bbox 224 1208 1806 1285; baseline -0.009 -7"><span class='ocrx_word' id='word_1_69' title='bbox 224 1218 382 1278; x_wconf 85' lang='lat' dir='ltr'><strong>simul</strong></span> <span class='ocrx_word' id='word_1_70' title='bbox 415 1220 467 1274; x_wconf 90' lang='lat' dir='ltr'><strong>in</strong></span> <span class='ocrx_word' id='word_1_71' title='bbox 509 1234 693 1272; x_wconf 90' lang='lat' dir='ltr'><strong>unum.</strong></span> <span class='ocrx_word' id='word_1_72' title='bbox 739 1215 985 1285; x_wconf 79' lang='lat' dir='ltr'><strong>Reliquia:</strong></span> <span class='ocrx_word' id='word_1_73' title='bbox 1028 1214 1303 1285; x_wconf 82' lang='lat' dir='ltr'><strong>impiorum</strong></span> <span class='ocrx_word' id='word_1_74' title='bbox 1339 1211 1630 1267; x_wconf 86' lang='lat' dir='ltr'><strong>interibunt.</strong></span> <span class='ocrx_word' id='word_1_75' title='bbox 1670 1208 1806 1267; x_wconf 91' lang='lat' dir='ltr'><strong>Sunt</strong></span> 
     </span>
    </p>
   </div>
   <div class='ocr_carea' id='block_1_11' title="bbox 222 1303 1805 1381">
    <p class='ocr_par' dir='ltr' id='par_1_11' title="bbox 222 1303 1805 1381">
     <span class='ocr_line' id='line_1_11' title="bbox 222 1303 1805 1381; baseline -0.008 -14"><span class='ocrx_word' id='word_1_76' title='bbox 222 1321 395 1367; x_wconf 90' lang='lat' dir='ltr'><strong>autem</strong></span> <span class='ocrx_word' id='word_1_77' title='bbox 437 1309 672 1381; x_wconf 75' lang='lat' dir='ltr'><strong>reliquiae</strong></span> <span class='ocrx_word' id='word_1_78' title='bbox 711 1307 912 1363; x_wconf 92' lang='lat' dir='ltr'><strong>homini</strong></span> <span class='ocrx_word' id='word_1_79' title='bbox 958 1305 1180 1377; x_wconf 81' lang='lat' dir='ltr'><strong>paciﬁco</strong></span> <span class='ocrx_word' id='word_1_80' title='bbox 1205 1325 1218 1360; x_wconf 91' lang='lat'><strong>:</strong></span> <span class='ocrx_word' id='word_1_81' title='bbox 1246 1320 1374 1374; x_wconf 84' lang='lat' dir='ltr'><strong>ergo</strong></span> <span class='ocrx_word' id='word_1_82' title='bbox 1401 1303 1494 1375; x_wconf 86' lang='lat' dir='ltr'><strong>qui</strong></span> <span class='ocrx_word' id='word_1_83' title='bbox 1526 1318 1632 1358; x_wconf 91' lang='lat' dir='ltr'><strong>non</strong></span> <span class='ocrx_word' id='word_1_84' title='bbox 1681 1308 1805 1356; x_wconf 90' lang='lat' dir='ltr'><strong>sunt</strong></span> 
     </span>
    </p>
   </div>
   <div class='ocr_carea' id='block_1_12' title="bbox 223 1392 1802 1477">
    <p class='ocr_par' dir='ltr' id='par_1_12' title="bbox 223 1392 1802 1477">
     <span class='ocr_line' id='line_1_12' title="bbox 223 1392 1802 1477; baseline -0.006 -21"><span class='ocrx_word' id='word_1_85' title='bbox 223 1404 443 1477; x_wconf 81' lang='lat' dir='ltr'><strong>paciﬁci,</strong></span> <span class='ocrx_word' id='word_1_86' title='bbox 471 1402 615 1473; x_wconf 89' lang='lat' dir='ltr'><strong>impii</strong></span> <span class='ocrx_word' id='word_1_87' title='bbox 645 1411 788 1458; x_wconf 91' lang='lat' dir='ltr'><strong>sunt.</strong></span> <span class='ocrx_word' id='word_1_88' title='bbox 821 1400 968 1455; x_wconf 81' lang='lat' dir='ltr'><strong>Beati</strong></span> <span class='ocrx_word' id='word_1_89' title='bbox 1000 1400 1142 1454; x_wconf 89' lang='lat' dir='ltr'><strong>enim</strong></span> <span class='ocrx_word' id='word_1_90' title='bbox 1169 1397 1374 1470; x_wconf 82' lang='lat' dir='ltr'><strong>paciﬁci</strong></span> <span class='ocrx_word' id='word_1_91' title='bbox 1399 1437 1417 1466; x_wconf 90' lang='lat'><strong>,</strong></span> <span class='ocrx_word' id='word_1_92' title='bbox 1444 1397 1568 1467; x_wconf 84' lang='lat' dir='ltr'><strong>quia</strong></span> <span class='ocrx_word' id='word_1_93' title='bbox 1592 1395 1690 1465; x_wconf 88' lang='lat' dir='ltr'><strong>ipsi</strong></span> <span class='ocrx_word' id='word_1_94' title='bbox 1713 1392 1802 1448; x_wconf 88' lang='lat' dir='ltr'><strong>lilii</strong></span> 
     </span>
    </p>
   </div>
   <div class='ocr_carea' id='block_1_13' title="bbox 224 1490 1088 1566">
    <p class='ocr_par' dir='ltr' id='par_1_13' title="bbox 224 1490 1088 1566">
     <span class='ocr_line' id='line_1_13' title="bbox 224 1490 1088 1566; baseline -0.01 -13"><span class='ocrx_word' id='word_1_95' title='bbox 224 1497 316 1554; x_wconf 86' lang='lat' dir='ltr'><strong>Dei</strong></span> <span class='ocrx_word' id='word_1_96' title='bbox 342 1495 660 1552; x_wconf 90' lang='lat' dir='ltr'><strong>vocabuntur</strong></span> <span class='ocrx_word' id='word_1_97' title='bbox 681 1492 893 1566; x_wconf 81' lang='lat' dir='ltr'><strong>(Matth.</strong></span> <span class='ocrx_word' id='word_1_98' title='bbox 925 1508 978 1557; x_wconf 84' lang='grc' dir='ltr'><strong>ν,</strong></span> <span class='ocrx_word' id='word_1_99' title='bbox 1008 1490 1088 1562; x_wconf 89' lang='grc'><strong>9).</strong></span> 
     </span>
    </p>
   </div>
   <div class='ocr_carea' id='block_1_14' title="bbox 298 1577 1801 1660">
    <p class='ocr_par' dir='ltr' id='par_1_14' title="bbox 298 1577 1801 1660">
     <span class='ocr_line' id='line_1_14' title="bbox 298 1577 1801 1660; baseline -0.008 -16"><span class='ocrx_word' id='word_1_100' title='bbox 298 1587 383 1645; x_wconf 74' lang='lat' dir='ltr'><strong>l7.</strong></span> <span class='ocrx_word' id='word_1_101' title='bbox 414 1585 566 1660; x_wconf 87' lang='lat' dir='ltr'><strong>[vers.</strong></span> <span class='ocrx_word' id='word_1_102' title='bbox 593 1585 682 1653; x_wconf 80' lang='lat'><strong>39,</strong></span> <span class='ocrx_word' id='word_1_103' title='bbox 711 1583 826 1656; x_wconf 70' lang='lat'><strong>40.]</strong></span> <span class='ocrx_word' id='word_1_104' title='bbox 859 1583 1015 1639; x_wconf 83' lang='lat' dir='ltr'><strong>Salus</strong></span> <span class='ocrx_word' id='word_1_105' title='bbox 1035 1590 1203 1637; x_wconf 85' lang='lat' dir='ltr'><strong>autem</strong></span> <span class='ocrx_word' id='word_1_106' title='bbox 1217 1582 1479 1650; x_wconf 86' lang='lat' dir='ltr'><strong>justorum</strong></span> <span class='ocrx_word' id='word_1_107' title='bbox 1504 1596 1537 1632; x_wconf 92' lang='lat' dir='ltr'><strong>a</strong></span> <span class='ocrx_word' id='word_1_108' title='bbox 1562 1577 1801 1644; x_wconf 89' lang='lat' dir='ltr'><strong>Domino,</strong></span> 
     </span>
    </p>
   </div>
   <div class='ocr_carea' id='block_1_15' title="bbox 213 1671 1804 1751">
    <p class='ocr_par' dir='ltr' id='par_1_15' title="bbox 213 1671 1804 1751">
     <span class='ocr_line' id='line_1_15' title="bbox 213 1671 1804 1751; baseline -0.009 -14"><span class='ocrx_word' id='word_1_109' title='bbox 213 1692 272 1738; x_wconf 78' lang='grc' dir='ltr'>ἐι</span> <span class='ocrx_word' id='word_1_110' title='bbox 302 1690 541 1751; x_wconf 76' lang='lat' dir='ltr'><strong>protector</strong></span> <span class='ocrx_word' id='word_1_111' title='bbox 567 1696 742 1733; x_wconf 88' lang='lat' dir='ltr'><strong>eorum</strong></span> <span class='ocrx_word' id='word_1_112' title='bbox 767 1686 840 1732; x_wconf 87' lang='lat' dir='ltr'><strong>est</strong></span> <span class='ocrx_word' id='word_1_113' title='bbox 869 1678 922 1732; x_wconf 87' lang='lat' dir='ltr'><strong>in</strong></span> <span class='ocrx_word' id='word_1_114' title='bbox 954 1687 1175 1747; x_wconf 84' lang='lat' dir='ltr'><strong>tempore</strong></span> <span class='ocrx_word' id='word_1_115' title='bbox 1214 1671 1558 1728; x_wconf 83' lang='lat' dir='ltr'><strong>tribulationis</strong></span> <span class='ocrx_word' id='word_1_116' title='bbox 1585 1688 1605 1726; x_wconf 88' lang='lat'><strong><em>:</em></strong></span> <span class='ocrx_word' id='word_1_117' title='bbox 1631 1683 1676 1726; x_wconf 88' lang='lat' dir='ltr'><strong>et</strong></span> <span class='ocrx_word' id='word_1_118' title='bbox 1705 1671 1804 1724; x_wconf 85' lang='lat' dir='ltr'><strong>ad-</strong></span> 
     </span>
    </p>
   </div>
   <div class='ocr_carea' id='block_1_16' title="bbox 221 1766 1805 1845">
    <p class='ocr_par' dir='ltr' id='par_1_16' title="bbox 221 1766 1805 1845">
     <span class='ocr_line' id='line_1_16' title="bbox 221 1766 1805 1845; baseline -0.006 -21"><span class='ocrx_word' id='word_1_119' title='bbox 221 1771 410 1845; x_wconf 68' lang='lat' dir='ltr'><strong>iuvabit</strong></span> <span class='ocrx_word' id='word_1_120' title='bbox 429 1787 510 1825; x_wconf 85' lang='lat' dir='ltr'><strong>eos</strong></span> <span class='ocrx_word' id='word_1_121' title='bbox 532 1767 803 1837; x_wconf 76' lang='lat' dir='ltr'><strong>Dominus,</strong></span> <span class='ocrx_word' id='word_1_122' title='bbox 831 1776 874 1823; x_wconf 90' lang='lat' dir='ltr'><strong>et</strong></span> <span class='ocrx_word' id='word_1_123' title='bbox 895 1777 1033 1823; x_wconf 84' lang='lat' dir='ltr'><strong>eruet</strong></span> <span class='ocrx_word' id='word_1_124' title='bbox 1059 1784 1164 1831; x_wconf 88' lang='lat' dir='ltr'><strong>eos,</strong></span> <span class='ocrx_word' id='word_1_125' title='bbox 1204 1774 1251 1820; x_wconf 87' lang='lat' dir='ltr'><strong>et</strong></span> <span class='ocrx_word' id='word_1_126' title='bbox 1271 1766 1453 1820; x_wconf 71' lang='lat' dir='ltr'><strong>eximet</strong></span> <span class='ocrx_word' id='word_1_127' title='bbox 1475 1781 1557 1819; x_wconf 85' lang='lat' dir='ltr'><strong>eos</strong></span> <span class='ocrx_word' id='word_1_128' title='bbox 1577 1781 1608 1817; x_wconf 91' lang='lat' dir='ltr'><strong>a</strong></span> <span class='ocrx_word' id='word_1_129' title='bbox 1630 1780 1805 1833; x_wconf 85' lang='lat' dir='ltr'><strong>pecca-</strong></span> 
     </span>
    </p>
   </div>
   <div class='ocr_carea' id='block_1_17' title="bbox 223 1854 1803 1932">
    <p class='ocr_par' dir='ltr' id='par_1_17' title="bbox 223 1854 1803 1932">
     <span class='ocr_line' id='line_1_17' title="bbox 223 1854 1803 1932; baseline -0.006 -14"><span class='ocrx_word' id='word_1_130' title='bbox 223 1863 425 1918; x_wconf 75' lang='lat' dir='ltr'><strong>toribus.</strong></span> <span class='ocrx_word' id='word_1_131' title='bbox 453 1861 704 1918; x_wconf 87' lang='lat' dir='ltr'><strong>Tolerent</strong></span> <span class='ocrx_word' id='word_1_132' title='bbox 749 1875 876 1932; x_wconf 88' lang='lat' dir='ltr'><strong>ergo</strong></span> <span class='ocrx_word' id='word_1_133' title='bbox 921 1858 1081 1914; x_wconf 90' lang='lat' dir='ltr'><strong>modo</strong></span> <span class='ocrx_word' id='word_1_134' title='bbox 1124 1865 1432 1928; x_wconf 90' lang='lat' dir='ltr'><strong>peccatores</strong></span> <span class='ocrx_word' id='word_1_135' title='bbox 1474 1854 1638 1926; x_wconf 87' lang='lat' dir='ltr'><strong>justi,</strong></span> <span class='ocrx_word' id='word_1_136' title='bbox 1669 1854 1803 1909; x_wconf 87' lang='lat' dir='ltr'><strong>tole-</strong></span> 
     </span>
    </p>
   </div>
   <div class='ocr_carea' id='block_1_18' title="bbox 219 1946 1805 2020">
    <p class='ocr_par' dir='ltr' id='par_1_18' title="bbox 219 1946 1805 2020">
     <span class='ocr_line' id='line_1_18' title="bbox 219 1946 1805 2020; baseline -0.007 -9"><span class='ocrx_word' id='word_1_137' title='bbox 219 1965 338 2011; x_wconf 89' lang='lat' dir='ltr'><strong>rent</strong></span> <span class='ocrx_word' id='word_1_138' title='bbox 363 1953 622 2010; x_wconf 88' lang='lat' dir='ltr'><strong>frumenta</strong></span> <span class='ocrx_word' id='word_1_139' title='bbox 647 1952 852 2008; x_wconf 86' lang='lat' dir='ltr'><strong>zizania</strong></span> <span class='ocrx_word' id='word_1_140' title='bbox 875 1994 890 2019; x_wconf 93' lang='lat'><strong>,</strong></span> <span class='ocrx_word' id='word_1_141' title='bbox 930 1950 1120 2007; x_wconf 91' lang='lat' dir='ltr'><strong>toleret</strong></span> <span class='ocrx_word' id='word_1_142' title='bbox 1147 1949 1378 2005; x_wconf 85' lang='lat' dir='ltr'><strong>triticum</strong></span> <span class='ocrx_word' id='word_1_143' title='bbox 1408 1948 1650 2020; x_wconf 84' lang='lat' dir='ltr'><strong>paleam;</strong></span> <span class='ocrx_word' id='word_1_144' title='bbox 1681 1946 1805 2018; x_wconf 88' lang='lat' dir='ltr'><strong>quia</strong></span> 
     </span>
    </p>
   </div>
   <div class='ocr_carea' id='block_1_19' title="bbox 217 2040 1803 2120">
    <p class='ocr_par' dir='ltr' id='par_1_19' title="bbox 217 2040 1803 2120">
     <span class='ocr_line' id='line_1_19' title="bbox 217 2040 1803 2120; baseline -0.008 -15"><span class='ocrx_word' id='word_1_145' title='bbox 217 2051 393 2106; x_wconf 79' lang='lat' dir='ltr'><strong>veniet</strong></span> <span class='ocrx_word' id='word_1_146' title='bbox 421 2058 630 2120; x_wconf 89' lang='lat' dir='ltr'><strong>tempus</strong></span> <span class='ocrx_word' id='word_1_147' title='bbox 666 2045 1017 2117; x_wconf 88' lang='lat' dir='ltr'><strong>separationis</strong></span> <span class='ocrx_word' id='word_1_148' title='bbox 1039 2087 1056 2112; x_wconf 88' lang='lat'><strong>,</strong></span> <span class='ocrx_word' id='word_1_149' title='bbox 1084 2054 1136 2099; x_wconf 92' lang='lat' dir='ltr'><strong>ct</strong></span> <span class='ocrx_word' id='word_1_150' title='bbox 1177 2043 1447 2099; x_wconf 79' lang='lat' dir='ltr'><strong>eximelur</strong></span> <span class='ocrx_word' id='word_1_151' title='bbox 1482 2056 1666 2096; x_wconf 89' lang='lat' dir='ltr'><strong>semen</strong></span> <span class='ocrx_word' id='word_1_152' title='bbox 1705 2040 1803 2094; x_wconf 89' lang='lat' dir='ltr'><strong>bo-</strong></span> 
     </span>
    </p>
   </div>
   <div class='ocr_carea' id='block_1_20' title="bbox 213 2132 1802 2210">
    <p class='ocr_par' dir='ltr' id='par_1_20' title="bbox 213 2132 1802 2210">
     <span class='ocr_line' id='line_1_20' title="bbox 213 2132 1802 2210; baseline -0.008 -12"><span class='ocrx_word' id='word_1_153' title='bbox 213 2158 341 2198; x_wconf 89' lang='lat' dir='ltr'><strong>num</strong></span> <span class='ocrx_word' id='word_1_154' title='bbox 378 2141 442 2197; x_wconf 89' lang='lat' dir='ltr'><strong>ab</strong></span> <span class='ocrx_word' id='word_1_155' title='bbox 469 2155 534 2196; x_wconf 87' lang='lat' dir='ltr'><strong>eo</strong></span> <span class='ocrx_word' id='word_1_156' title='bbox 563 2138 707 2210; x_wconf 91' lang='lat' dir='ltr'><strong>quod</strong></span> <span class='ocrx_word' id='word_1_157' title='bbox 749 2138 857 2209; x_wconf 89' lang='lat' dir='ltr'><strong>igni</strong></span> <span class='ocrx_word' id='word_1_158' title='bbox 889 2145 1272 2192; x_wconf 87' lang='lat' dir='ltr'><strong>consumetur:</strong></span> <span class='ocrx_word' id='word_1_159' title='bbox 1306 2133 1438 2188; x_wconf 89' lang='lat' dir='ltr'><strong>illud</strong></span> <span class='ocrx_word' id='word_1_160' title='bbox 1475 2134 1525 2187; x_wconf 90' lang='lat' dir='ltr'><strong>in</strong></span> <span class='ocrx_word' id='word_1_161' title='bbox 1553 2132 1802 2188; x_wconf 87' lang='lat' dir='ltr'><strong>horreum</strong></span> 
     </span>
    </p>
   </div>
   <div class='ocr_carea' id='block_1_21' title="bbox 215 2223 1802 2297">
    <p class='ocr_par' dir='ltr' id='par_1_21' title="bbox 215 2223 1802 2297">
     <span class='ocr_line' id='line_1_21' title="bbox 215 2223 1802 2297; baseline -0.008 -8"><span class='ocrx_word' id='word_1_162' title='bbox 215 2233 476 2297; x_wconf 88' lang='lat' dir='ltr'><strong>mittetur,</strong></span> <span class='ocrx_word' id='word_1_163' title='bbox 513 2229 646 2285; x_wconf 89' lang='lat' dir='ltr'><strong>illud</strong></span> <span class='ocrx_word' id='word_1_164' title='bbox 675 2239 852 2284; x_wconf 91' lang='lat' dir='ltr'><strong>autem</strong></span> <span class='ocrx_word' id='word_1_165' title='bbox 909 2227 962 2283; x_wconf 89' lang='lat' dir='ltr'><strong>in</strong></span> <span class='ocrx_word' id='word_1_166' title='bbox 999 2236 1253 2283; x_wconf 70' lang='lat' dir='ltr'><strong>mtcrnam</strong></span> <span class='ocrx_word' id='word_1_167' title='bbox 1298 2223 1802 2294; x_wconf 83' lang='lat' dir='ltr'><strong>conﬂagrationem;</strong></span> 
     </span>
    </p>
   </div>
   <div class='ocr_carea' id='block_1_22' title="bbox 213 2315 1806 2395">
    <p class='ocr_par' dir='ltr' id='par_1_22' title="bbox 213 2315 1806 2395">
     <span class='ocr_line' id='line_1_22' title="bbox 213 2315 1806 2395; baseline -0.006 -15"><span class='ocrx_word' id='word_1_168' title='bbox 213 2325 340 2395; x_wconf 89' lang='lat' dir='ltr'><strong>quia</strong></span> <span class='ocrx_word' id='word_1_169' title='bbox 383 2323 502 2379; x_wconf 90' lang='lat' dir='ltr'><strong>ideo</strong></span> <span class='ocrx_word' id='word_1_170' title='bbox 540 2321 704 2377; x_wconf 87' lang='lat' dir='ltr'><strong>simul</strong></span> <span class='ocrx_word' id='word_1_171' title='bbox 736 2321 950 2376; x_wconf 82' lang='lat' dir='ltr'><strong>fuerunt</strong></span> <span class='ocrx_word' id='word_1_172' title='bbox 974 2319 1146 2390; x_wconf 89' lang='lat' dir='ltr'><strong>primo</strong></span> <span class='ocrx_word' id='word_1_173' title='bbox 1172 2318 1349 2388; x_wconf 84' lang='lat' dir='ltr'><strong>justus</strong></span> <span class='ocrx_word' id='word_1_174' title='bbox 1377 2327 1432 2373; x_wconf 91' lang='lat' dir='ltr'><strong>et</strong></span> <span class='ocrx_word' id='word_1_175' title='bbox 1460 2315 1720 2386; x_wconf 81' lang='lat' dir='ltr'><strong>injustas,</strong></span> <span class='ocrx_word' id='word_1_176' title='bbox 1749 2324 1806 2370; x_wconf 89' lang='lat' dir='ltr'><strong>ut</strong></span> 
     </span>
    </p>
   </div>
   <div class='ocr_carea' id='block_1_23' title="bbox 214 2408 1806 2487">
    <p class='ocr_par' dir='ltr' id='par_1_23' title="bbox 214 2408 1806 2487">
     <span class='ocr_line' id='line_1_23' title="bbox 214 2408 1806 2487; baseline -0.006 -13"><span class='ocrx_word' id='word_1_177' title='bbox 214 2418 305 2474; x_wconf 80' lang='lat' dir='ltr'><strong>ille</strong></span> <span class='ocrx_word' id='word_1_178' title='bbox 338 2416 704 2487; x_wconf 88' lang='lat' dir='ltr'><strong>supplantaret</strong></span> <span class='ocrx_word' id='word_1_179' title='bbox 726 2415 767 2482; x_wconf 72' lang='grc'><strong>⁸,</strong></span> <span class='ocrx_word' id='word_1_180' title='bbox 798 2413 888 2468; x_wconf 88' lang='lat' dir='ltr'><strong>ille</strong></span> <span class='ocrx_word' id='word_1_181' title='bbox 905 2413 1247 2484; x_wconf 86' lang='lat' dir='ltr'><strong>probaretur;</strong></span> <span class='ocrx_word' id='word_1_182' title='bbox 1283 2419 1468 2483; x_wconf 88' lang='lat' dir='ltr'><strong>postea</strong></span> <span class='ocrx_word' id='word_1_183' title='bbox 1497 2418 1678 2466; x_wconf 90' lang='lat' dir='ltr'><strong>autem</strong></span> <span class='ocrx_word' id='word_1_184' title='bbox 1717 2408 1806 2464; x_wconf 90' lang='lat' dir='ltr'><strong>ille</strong></span> 
     </span>
    </p>
   </div>
   <div class='ocr_carea' id='block_1_24' title="bbox 217 2505 1087 2573">
    <p class='ocr_par' dir='ltr' id='par_1_24' title="bbox 217 2505 1087 2573">
     <span class='ocr_line' id='line_1_24' title="bbox 217 2505 1087 2573; baseline -0.008 -9"><span class='ocrx_word' id='word_1_185' title='bbox 217 2505 574 2573; x_wconf 81' lang='lat' dir='ltr'><strong>damnaretur,</strong></span> <span class='ocrx_word' id='word_1_186' title='bbox 604 2505 696 2561; x_wconf 90' lang='lat' dir='ltr'><strong>ille</strong></span> <span class='ocrx_word' id='word_1_187' title='bbox 717 2512 1087 2561; x_wconf 86' lang='lat' dir='ltr'><strong>coronaretur.</strong></span> 
     </span>
    </p>
   </div>
   <div class='ocr_carea' id='block_1_25' title="bbox 292 2593 1807 2670">
    <p class='ocr_par' dir='ltr' id='par_1_25' title="bbox 292 2593 1807 2670">
     <span class='ocr_line' id='line_1_25' title="bbox 292 2593 1807 2670; baseline -0.005 -14"><span class='ocrx_word' id='word_1_188' title='bbox 292 2600 379 2657; x_wconf 74' lang='grc'><strong>18.</strong></span> <span class='ocrx_word' id='word_1_189' title='bbox 418 2601 526 2657; x_wconf 90' lang='lat' dir='ltr'><strong>Deo</strong></span> <span class='ocrx_word' id='word_1_190' title='bbox 566 2599 765 2670; x_wconf 76' lang='lat' dir='ltr'><strong>gratias</strong></span> <span class='ocrx_word' id='word_1_191' title='bbox 788 2641 803 2667; x_wconf 94' lang='lat'><strong>,</strong></span> <span class='ocrx_word' id='word_1_192' title='bbox 838 2597 1061 2664; x_wconf 83' lang='lat' dir='ltr'><strong>fratres,</strong></span> <span class='ocrx_word' id='word_1_193' title='bbox 1095 2594 1425 2652; x_wconf 83' lang='lat' dir='ltr'><strong>reddidimus</strong></span> <span class='ocrx_word' id='word_1_194' title='bbox 1467 2593 1707 2650; x_wconf 89' lang='lat' dir='ltr'><strong>debitum</strong></span> <span class='ocrx_word' id='word_1_195' title='bbox 1751 2593 1807 2649; x_wconf 91' lang='lat' dir='ltr'><strong>in</strong></span> 
     </span>
    </p>
   </div>
   <div class='ocr_carea' id='block_1_26' title="bbox 225 2688 1808 2760">
    <p class='ocr_par' dir='ltr' id='par_1_26' title="bbox 225 2688 1808 2760">
     <span class='ocr_line' id='line_1_26' title="bbox 225 2688 1808 2760; baseline -0.004 -11"><span class='ocrx_word' id='word_1_196' title='bbox 225 2695 434 2749; x_wconf 83' lang='lat' dir='ltr'><strong>nomine</strong></span> <span class='ocrx_word' id='word_1_197' title='bbox 477 2691 718 2758; x_wconf 86' lang='lat' dir='ltr'><strong>Christi;</strong></span> <span class='ocrx_word' id='word_1_198' title='bbox 747 2690 841 2747; x_wconf 89' lang='lat' dir='ltr'><strong>sed</strong></span> <span class='ocrx_word' id='word_1_199' title='bbox 881 2705 982 2746; x_wconf 91' lang='lat' dir='ltr'><strong>nos</strong></span> <span class='ocrx_word' id='word_1_200' title='bbox 1017 2689 1251 2746; x_wconf 90' lang='lat' dir='ltr'><strong>cbaritas</strong></span> <span class='ocrx_word' id='word_1_201' title='bbox 1289 2688 1557 2744; x_wconf 89' lang='lat' dir='ltr'><strong>debitores</strong></span> <span class='ocrx_word' id='word_1_202' title='bbox 1593 2703 1808 2760; x_wconf 82' lang='lat' dir='ltr'><strong>semper</strong></span> 
     </span>
    </p>
   </div>
   <div class='ocr_carea' id='block_1_27' title="bbox 227 2779 1805 2853">
    <p class='ocr_par' dir='ltr' id='par_1_27' title="bbox 227 2779 1805 2853">
     <span class='ocr_line' id='line_1_27' title="bbox 227 2779 1805 2853; baseline -0.004 -13"><span class='ocrx_word' id='word_1_203' title='bbox 227 2793 374 2842; x_wconf 87' lang='lat' dir='ltr'><strong>tenet</strong></span> <span class='ocrx_word' id='word_1_204' title='bbox 400 2787 444 2839; x_wconf 85' lang='grc'><strong>¹.</strong></span> <span class='ocrx_word' id='word_1_205' title='bbox 474 2783 569 2839; x_wconf 87' lang='lat' dir='ltr'><strong>llla</strong></span> <span class='ocrx_word' id='word_1_206' title='bbox 598 2784 742 2840; x_wconf 90' lang='lat' dir='ltr'><strong>enim</strong></span> <span class='ocrx_word' id='word_1_207' title='bbox 769 2798 872 2838; x_wconf 90' lang='lat' dir='ltr'><strong>una</strong></span> <span class='ocrx_word' id='word_1_208' title='bbox 897 2791 1000 2849; x_wconf 88' lang='lat' dir='ltr'><strong>est,</strong></span> <span class='ocrx_word' id='word_1_209' title='bbox 1037 2797 1155 2853; x_wconf 74' lang='lat' dir='ltr'><strong>qua:</strong></span> <span class='ocrx_word' id='word_1_210' title='bbox 1184 2791 1238 2836; x_wconf 91' lang='lat' dir='ltr'><strong>et</strong></span> <span class='ocrx_word' id='word_1_211' title='bbox 1269 2781 1314 2836; x_wconf 89' lang='lat' dir='ltr'><strong>si</strong></span> <span class='ocrx_word' id='word_1_212' title='bbox 1345 2779 1580 2852; x_wconf 87' lang='lat' dir='ltr'><strong>quotidie</strong></span> <span class='ocrx_word' id='word_1_213' title='bbox 1623 2779 1805 2834; x_wconf 52' lang='lat' dir='ltr'><strong>reddi.</strong></span> 
     </span>
    </p>
   </div>
   <div class='ocr_carea' id='block_1_28' title="bbox 231 2871 1806 2947">
    <p class='ocr_par' dir='ltr' id='par_1_28' title="bbox 231 2871 1806 2947">
     <span class='ocr_line' id='line_1_28' title="bbox 231 2871 1806 2947; baseline -0.003 -17"><span class='ocrx_word' id='word_1_214' title='bbox 231 2881 334 2944; x_wconf 88' lang='lat' dir='ltr'><strong>tur,</strong></span> <span class='ocrx_word' id='word_1_215' title='bbox 362 2889 567 2947; x_wconf 88' lang='lat' dir='ltr'><strong>semper</strong></span> <span class='ocrx_word' id='word_1_216' title='bbox 593 2874 835 2931; x_wconf 89' lang='lat' dir='ltr'><strong>debetur.</strong></span> <span class='ocrx_word' id='word_1_217' title='bbox 885 2873 1048 2928; x_wconf 87' lang='lat' dir='ltr'><strong>Multa</strong></span> <span class='ocrx_word' id='word_1_218' title='bbox 1081 2871 1313 2928; x_wconf 74' lang='lat' dir='ltr'><strong>diximus</strong></span> <span class='ocrx_word' id='word_1_219' title='bbox 1341 2871 1600 2926; x_wconf 88' lang='lat' dir='ltr'><strong>adversus</strong></span> <span class='ocrx_word' id='word_1_220' title='bbox 1631 2871 1806 2926; x_wconf 84' lang='lat' dir='ltr'><strong>Dona-</strong></span> 
     </span>
    </p>
   </div>
   <div class='ocr_carea' id='block_1_29' title="bbox 233 2963 1808 3038">
    <p class='ocr_par' dir='ltr' id='par_1_29' title="bbox 233 2963 1808 3038">
     <span class='ocr_line' id='line_1_29' title="bbox 233 2963 1808 3038; baseline -0.001 -16"><span class='ocrx_word' id='word_1_221' title='bbox 233 2969 394 3038; x_wconf 88' lang='lat' dir='ltr'><strong>tistas,</strong></span> <span class='ocrx_word' id='word_1_222' title='bbox 425 2969 588 3026; x_wconf 90' lang='lat' dir='ltr'><strong>multa</strong></span> <span class='ocrx_word' id='word_1_223' title='bbox 609 2969 760 3025; x_wconf 83' lang='lat' dir='ltr'><strong>vobis</strong></span> <span class='ocrx_word' id='word_1_224' title='bbox 781 2967 1143 3030; x_wconf 89' lang='lat' dir='ltr'><strong>recitavimus,</strong></span> <span class='ocrx_word' id='word_1_225' title='bbox 1166 2965 1360 3021; x_wconf 90' lang='lat' dir='ltr'><strong>multas</strong></span> <span class='ocrx_word' id='word_1_226' title='bbox 1380 2963 1616 3031; x_wconf 87' lang='lat' dir='ltr'><strong>chartas,</strong></span> <span class='ocrx_word' id='word_1_227' title='bbox 1639 2963 1808 3020; x_wconf 86' lang='lat' dir='ltr'><strong>multa</strong></span> 
     </span>
    </p>
   </div>
   <div class='ocr_carea' id='block_1_30' title="bbox 230 3056 1806 3132">
    <p class='ocr_par' dir='ltr' id='par_1_30' title="bbox 230 3056 1806 3132">
     <span class='ocr_line' id='line_1_30' title="bbox 230 3056 1806 3132; baseline -0.003 -16"><span class='ocrx_word' id='word_1_228' title='bbox 230 3071 414 3132; x_wconf 72' lang='lat' dir='ltr'><strong>prmter</strong></span> <span class='ocrx_word' id='word_1_229' title='bbox 440 3076 699 3118; x_wconf 86' lang='lat' dir='ltr'><strong>canonem</strong></span> <span class='ocrx_word' id='word_1_230' title='bbox 726 3060 1138 3130; x_wconf 90' lang='lat' dir='ltr'><strong>Scripturarum,</strong></span> <span class='ocrx_word' id='word_1_231' title='bbox 1172 3057 1276 3113; x_wconf 89' lang='lat' dir='ltr'><strong>illis</strong></span> <span class='ocrx_word' id='word_1_232' title='bbox 1305 3056 1640 3129; x_wconf 84' lang='lat' dir='ltr'><strong>cogentibus.</strong></span> <span class='ocrx_word' id='word_1_233' title='bbox 1669 3057 1806 3112; x_wconf 89' lang='lat' dir='ltr'><strong>Nam</strong></span> 
     </span>
    </p>
   </div>
   <div class='ocr_carea' id='block_1_31' title="bbox 229 3149 1809 3224">
    <p class='ocr_par' dir='ltr' id='par_1_31' title="bbox 229 3149 1809 3224">
     <span class='ocr_line' id='line_1_31' title="bbox 229 3149 1809 3224; baseline -0.002 -15"><span class='ocrx_word' id='word_1_234' title='bbox 229 3161 280 3209; x_wconf 92' lang='lat' dir='ltr'><strong>et</strong></span> <span class='ocrx_word' id='word_1_235' title='bbox 304 3153 347 3209; x_wconf 89' lang='lat' dir='ltr'><strong>si</strong></span> <span class='ocrx_word' id='word_1_236' title='bbox 371 3153 765 3224; x_wconf 88' lang='lat' dir='ltr'><strong>reprehendent</strong></span> <span class='ocrx_word' id='word_1_237' title='bbox 789 3152 925 3219; x_wconf 80' lang='lat' dir='ltr'><strong>haec,</strong></span> <span class='ocrx_word' id='word_1_238' title='bbox 947 3151 1069 3222; x_wconf 88' lang='lat' dir='ltr'><strong>quia</strong></span> <span class='ocrx_word' id='word_1_239' title='bbox 1097 3150 1248 3206; x_wconf 82' lang='lat' dir='ltr'><strong>vobis</strong></span> <span class='ocrx_word' id='word_1_240' title='bbox 1269 3149 1392 3205; x_wconf 91' lang='lat' dir='ltr'><strong>talia</strong></span> <span class='ocrx_word' id='word_1_241' title='bbox 1418 3149 1646 3221; x_wconf 77' lang='lat' dir='ltr'><strong>legimus</strong></span> <span class='ocrx_word' id='word_1_242' title='bbox 1670 3167 1686 3216; x_wconf 89' lang='lat'><strong>;</strong></span> <span class='ocrx_word' id='word_1_243' title='bbox 1709 3164 1809 3206; x_wconf 89' lang='lat' dir='ltr'><strong>nos</strong></span> 
     </span>
    </p>
   </div>
   <div class='ocr_carea' id='block_1_32' title="bbox 227 3241 1809 3319">
    <p class='ocr_par' dir='ltr' id='par_1_32' title="bbox 227 3241 1809 3319">
     <span class='ocr_line' id='line_1_32' title="bbox 227 3241 1809 3319; baseline -0.003 -17"><span class='ocrx_word' id='word_1_244' title='bbox 227 3245 711 3319; x_wconf 84' lang='lat' dir='ltr'><strong>reprehendamur,</strong></span> <span class='ocrx_word' id='word_1_245' title='bbox 762 3244 888 3300; x_wconf 91' lang='lat' dir='ltr'><strong>dum</strong></span> <span class='ocrx_word' id='word_1_246' title='bbox 941 3259 1038 3298; x_wconf 88' lang='lat' dir='ltr'><strong>vos</strong></span> <span class='ocrx_word' id='word_1_247' title='bbox 1093 3241 1452 3297; x_wconf 86' lang='lat' dir='ltr'><strong>instrnamini.</strong></span> <span class='ocrx_word' id='word_1_248' title='bbox 1514 3241 1809 3298; x_wconf 88' lang='lat' dir='ltr'><strong>Possumus</strong></span> 
     </span>
    </p>
   </div>
   <div class='ocr_carea' id='block_1_33' title="bbox 224 3331 1811 3408">
    <p class='ocr_par' dir='ltr' id='par_1_33' title="bbox 224 3331 1811 3408">
     <span class='ocr_line' id='line_1_33' title="bbox 224 3331 1811 3408; baseline -0.004 -13"><span class='ocrx_word' id='word_1_249' title='bbox 224 3339 360 3395; x_wconf 86' lang='lat' dir='ltr'><strong>enim</strong></span> <span class='ocrx_word' id='word_1_250' title='bbox 387 3341 463 3394; x_wconf 92' lang='lat' dir='ltr'><strong>eis</strong></span> <span class='ocrx_word' id='word_1_251' title='bbox 491 3346 547 3394; x_wconf 90' lang='lat' dir='ltr'><strong>et</strong></span> <span class='ocrx_word' id='word_1_252' title='bbox 588 3338 646 3393; x_wconf 91' lang='lat' dir='ltr'><strong>in</strong></span> <span class='ocrx_word' id='word_1_253' title='bbox 681 3336 781 3391; x_wconf 90' lang='lat' dir='ltr'><strong>hac</strong></span> <span class='ocrx_word' id='word_1_254' title='bbox 809 3344 958 3408; x_wconf 89' lang='lat' dir='ltr'><strong>parte</strong></span> <span class='ocrx_word' id='word_1_255' title='bbox 984 3335 1061 3390; x_wconf 91' lang='lat' dir='ltr'><strong>sic</strong></span> <span class='ocrx_word' id='word_1_256' title='bbox 1085 3334 1410 3405; x_wconf 87' lang='lat' dir='ltr'><strong>respondere</strong></span> <span class='ocrx_word' id='word_1_257' title='bbox 1437 3350 1451 3389; x_wconf 91' lang='lat'><strong>:</strong></span> <span class='ocrx_word' id='word_1_258' title='bbox 1479 3331 1669 3389; x_wconf 81' lang='lat' dir='ltr'><strong>Factus</strong></span> <span class='ocrx_word' id='word_1_259' title='bbox 1695 3351 1811 3389; x_wconf 88' lang='lat' dir='ltr'><strong>sum</strong></span> 
     </span>
    </p>
   </div>
   <div class='ocr_carea' id='block_1_34' title="bbox 223 3424 1807 3500">
    <p class='ocr_par' dir='ltr' id='par_1_34' title="bbox 223 3424 1807 3500">
     <span class='ocr_line' id='line_1_34' title="bbox 223 3424 1807 3500; baseline -0.002 -17"><span class='ocrx_word' id='word_1_260' title='bbox 223 3428 486 3500; x_wconf 76' lang='lat' dir='ltr'><strong>insipiens,</strong></span> <span class='ocrx_word' id='word_1_261' title='bbox 520 3444 607 3484; x_wconf 82' lang='lat' dir='ltr'><strong>vos</strong></span> <span class='ocrx_word' id='word_1_262' title='bbox 648 3444 728 3482; x_wconf 83' lang='lat' dir='ltr'><strong>me</strong></span> <span class='ocrx_word' id='word_1_263' title='bbox 760 3427 992 3499; x_wconf 87' lang='lat' dir='ltr'><strong>coegistis</strong></span> <span class='ocrx_word' id='word_1_264' title='bbox 1043 3425 1111 3497; x_wconf 88' lang='lat' dir='ltr'><strong>(ll</strong></span> <span class='ocrx_word' id='word_1_265' title='bbox 1143 3424 1378 3488; x_wconf 78' lang='lat' dir='ltr'><strong>Comm,</strong></span> <span class='ocrx_word' id='word_1_266' title='bbox 1416 3425 1530 3497; x_wconf 79' lang='grc'><strong>11).</strong></span> <span class='ocrx_word' id='word_1_267' title='bbox 1576 3424 1807 3494; x_wconf 88' lang='lat' dir='ltr'><strong>Tamen,</strong></span> 
     </span>
    </p>
   </div>
   <div class='ocr_carea' id='block_1_35' title="bbox 226 3515 1808 3585">
    <p class='ocr_par' dir='ltr' id='par_1_35' title="bbox 226 3515 1808 3585">
     <span class='ocr_line' id='line_1_35' title="bbox 226 3515 1808 3585; baseline -0.001 -11"><span class='ocrx_word' id='word_1_268' title='bbox 226 3519 430 3585; x_wconf 73' lang='lat' dir='ltr'><strong>intres,</strong></span> <span class='ocrx_word' id='word_1_269' title='bbox 452 3528 578 3575; x_wconf 90' lang='lat' dir='ltr'><strong>ante</strong></span> <span class='ocrx_word' id='word_1_270' title='bbox 606 3518 784 3574; x_wconf 90' lang='lat' dir='ltr'><strong>omnia</strong></span> <span class='ocrx_word' id='word_1_271' title='bbox 815 3515 1078 3572; x_wconf 91' lang='lat' dir='ltr'><strong>custodite</strong></span> <span class='ocrx_word' id='word_1_272' title='bbox 1102 3516 1122 3547; x_wconf 85' lang='grc'>³</span> <span class='ocrx_word' id='word_1_273' title='bbox 1147 3515 1511 3571; x_wconf 74' lang='lat' dir='ltr'><strong>hmreditatem</strong></span> <span class='ocrx_word' id='word_1_274' title='bbox 1546 3526 1808 3585; x_wconf 88' lang='lat' dir='ltr'><strong>nostram,</strong></span> 
     </span>
    </p>
   </div>
   <div class='ocr_carea' id='block_1_36' title="bbox 226 3607 1811 3683">
    <p class='ocr_par' dir='ltr' id='par_1_36' title="bbox 226 3607 1811 3683">
     <span class='ocr_line' id='line_1_36' title="bbox 226 3607 1811 3683; baseline -0.002 -16"><span class='ocrx_word' id='word_1_275' title='bbox 226 3609 288 3668; x_wconf 89' lang='lat' dir='ltr'><strong>de</strong></span> <span class='ocrx_word' id='word_1_276' title='bbox 311 3628 410 3683; x_wconf 86' lang='lat' dir='ltr'><strong>qua</strong></span> <span class='ocrx_word' id='word_1_277' title='bbox 436 3609 614 3667; x_wconf 87' lang='lat' dir='ltr'><strong>securi</strong></span> <span class='ocrx_word' id='word_1_278' title='bbox 659 3623 844 3665; x_wconf 90' lang='lat' dir='ltr'><strong>sumus</strong></span> <span class='ocrx_word' id='word_1_279' title='bbox 877 3623 976 3664; x_wconf 92' lang='lat' dir='ltr'><strong>nos</strong></span> <span class='ocrx_word' id='word_1_280' title='bbox 1010 3608 1062 3662; x_wconf 92' lang='lat' dir='ltr'><strong>in</strong></span> <span class='ocrx_word' id='word_1_281' title='bbox 1090 3614 1410 3663; x_wconf 90' lang='lat' dir='ltr'><strong>testamento</strong></span> <span class='ocrx_word' id='word_1_282' title='bbox 1439 3607 1612 3664; x_wconf 89' lang='lat' dir='ltr'><strong>Patris</strong></span> <span class='ocrx_word' id='word_1_283' title='bbox 1641 3608 1811 3664; x_wconf 87' lang='lat' dir='ltr'><strong>nostri</strong></span> 
     </span>
    </p>
   </div>
   <div class='ocr_carea' id='block_1_37' title="bbox 232 3699 1806 3772">
    <p class='ocr_par' dir='ltr' id='par_1_37' title="bbox 232 3699 1806 3772">
     <span class='ocr_line' id='line_1_37' title="bbox 232 3699 1806 3772; baseline -0.004 -12"><span class='ocrx_word' id='word_1_284' title='bbox 232 3720 379 3762; x_wconf 85' lang='lat' dir='ltr'><strong>esse:</strong></span> <span class='ocrx_word' id='word_1_285' title='bbox 412 3721 519 3760; x_wconf 92' lang='lat' dir='ltr'><strong>non</strong></span> <span class='ocrx_word' id='word_1_286' title='bbox 562 3705 612 3758; x_wconf 91' lang='lat' dir='ltr'><strong>in</strong></span> <span class='ocrx_word' id='word_1_287' title='bbox 640 3704 812 3772; x_wconf 87' lang='lat' dir='ltr'><strong>aliqua</strong></span> <span class='ocrx_word' id='word_1_288' title='bbox 843 3701 1024 3756; x_wconf 85' lang='lat' dir='ltr'><strong>charta</strong></span> <span class='ocrx_word' id='word_1_289' title='bbox 1069 3701 1253 3756; x_wconf 76' lang='lat' dir='ltr'><strong>frivola</strong></span> <span class='ocrx_word' id='word_1_290' title='bbox 1295 3699 1520 3772; x_wconf 81' lang='lat' dir='ltr'><strong>alicujus</strong></span> <span class='ocrx_word' id='word_1_291' title='bbox 1552 3701 1806 3768; x_wconf 87' lang='lat' dir='ltr'><strong>hominis,</strong></span> 
     </span>
    </p>
   </div>
   <div class='ocr_carea' id='block_1_38' title="bbox 233 3792 1807 3860">
    <p class='ocr_par' dir='ltr' id='par_1_38' title="bbox 233 3792 1807 3860">
     <span class='ocr_line' id='line_1_38' title="bbox 233 3792 1807 3860; baseline -0.003 -7"><span class='ocrx_word' id='word_1_292' title='bbox 233 3797 316 3853; x_wconf 86' lang='lat' dir='ltr'><strong>sed</strong></span> <span class='ocrx_word' id='word_1_293' title='bbox 346 3798 394 3852; x_wconf 91' lang='lat' dir='ltr'><strong>in</strong></span> <span class='ocrx_word' id='word_1_294' title='bbox 441 3802 761 3851; x_wconf 87' lang='lat' dir='ltr'><strong>testamento</strong></span> <span class='ocrx_word' id='word_1_295' title='bbox 801 3794 977 3848; x_wconf 88' lang='lat' dir='ltr'><strong>Patris</strong></span> <span class='ocrx_word' id='word_1_296' title='bbox 1009 3793 1198 3848; x_wconf 88' lang='lat' dir='ltr'><strong>nostri.</strong></span> <span class='ocrx_word' id='word_1_297' title='bbox 1230 3792 1359 3848; x_wconf 86' lang='lat' dir='ltr'><strong>Inde</strong></span> <span class='ocrx_word' id='word_1_298' title='bbox 1385 3792 1557 3849; x_wconf 90' lang='lat' dir='ltr'><strong>securi</strong></span> <span class='ocrx_word' id='word_1_299' title='bbox 1589 3809 1807 3860; x_wconf 92' lang='lat' dir='ltr'><strong>sumus;</strong></span> 
     </span>
    </p>
   </div>
   <div class='ocr_carea' id='block_1_39' title="bbox 238 3883 1808 3958">
    <p class='ocr_par' dir='ltr' id='par_1_39' title="bbox 238 3883 1808 3958">
     <span class='ocr_line' id='line_1_39' title="bbox 238 3883 1808 3958; baseline -0.001 -17"><span class='ocrx_word' id='word_1_300' title='bbox 238 3889 346 3956; x_wconf 83' lang='lat' dir='ltr'><strong>quia</strong></span> <span class='ocrx_word' id='word_1_301' title='bbox 374 3887 461 3958; x_wconf 87' lang='lat' dir='ltr'><strong>qui</strong></span> <span class='ocrx_word' id='word_1_302' title='bbox 505 3886 632 3941; x_wconf 84' lang='lat' dir='ltr'><strong>fecit</strong></span> <span class='ocrx_word' id='word_1_303' title='bbox 680 3893 1095 3950; x_wconf 85' lang='lat' dir='ltr'><strong>testamentum,</strong></span> <span class='ocrx_word' id='word_1_304' title='bbox 1138 3883 1302 3938; x_wconf 87' lang='lat' dir='ltr'><strong>vivit:</strong></span> <span class='ocrx_word' id='word_1_305' title='bbox 1335 3884 1425 3954; x_wconf 87' lang='lat' dir='ltr'><strong>qui</strong></span> <span class='ocrx_word' id='word_1_306' title='bbox 1469 3883 1595 3940; x_wconf 84' lang='lat' dir='ltr'><strong>fecit</strong></span> <span class='ocrx_word' id='word_1_307' title='bbox 1642 3894 1808 3940; x_wconf 81' lang='lat' dir='ltr'><strong>teSta-</strong></span> 
     </span>
    </p>
   </div>
   <div class='ocr_carea' id='block_1_40' title="bbox 239 3976 1811 4048">
    <p class='ocr_par' dir='ltr' id='par_1_40' title="bbox 239 3976 1811 4048">
     <span class='ocr_line' id='line_1_40' title="bbox 239 3976 1811 4048; baseline 0.001 -16"><span class='ocrx_word' id='word_1_308' title='bbox 239 3991 457 4034; x_wconf 86' lang='lat' dir='ltr'><strong>mentum</strong></span> <span class='ocrx_word' id='word_1_309' title='bbox 509 3978 706 4033; x_wconf 70' lang='lat' dir='ltr'><strong>haercdi</strong></span> <span class='ocrx_word' id='word_1_310' title='bbox 759 3993 876 4044; x_wconf 91' lang='lat' dir='ltr'><strong>suo,</strong></span> <span class='ocrx_word' id='word_1_311' title='bbox 934 3978 1046 4047; x_wconf 90' lang='lat' dir='ltr'><strong>ipse</strong></span> <span class='ocrx_word' id='word_1_312' title='bbox 1088 3976 1344 4048; x_wconf 88' lang='lat' dir='ltr'><strong>judicabit</strong></span> <span class='ocrx_word' id='word_1_313' title='bbox 1384 3977 1451 4033; x_wconf 90' lang='lat' dir='ltr'><strong>de</strong></span> <span class='ocrx_word' id='word_1_314' title='bbox 1493 3986 1811 4034; x_wconf 89' lang='lat' dir='ltr'><strong>testamento</strong></span> 
     </span>
    </p>
   </div>
   <div class='ocr_carea' id='block_1_41' title="bbox 245 4067 1807 4139">
    <p class='ocr_par' dir='ltr' id='par_1_41' title="bbox 245 4067 1807 4139">
     <span class='ocr_line' id='line_1_41' title="bbox 245 4067 1807 4139; baseline -0.001 -16"><span class='ocrx_word' id='word_1_315' title='bbox 245 4084 344 4123; x_wconf 89' lang='lat' dir='ltr'><strong>suo.</strong></span> <span class='ocrx_word' id='word_1_316' title='bbox 375 4071 427 4125; x_wconf 91' lang='lat' dir='ltr'><strong>ln</strong></span> <span class='ocrx_word' id='word_1_317' title='bbox 453 4070 614 4126; x_wconf 90' lang='lat' dir='ltr'><strong>rebus</strong></span> <span class='ocrx_word' id='word_1_318' title='bbox 637 4069 882 4124; x_wconf 84' lang='lat' dir='ltr'><strong>humanis</strong></span> <span class='ocrx_word' id='word_1_319' title='bbox 903 4068 1038 4124; x_wconf 84' lang='lat' dir='ltr'><strong>alius</strong></span> <span class='ocrx_word' id='word_1_320' title='bbox 1059 4077 1141 4123; x_wconf 92' lang='lat' dir='ltr'><strong>est</strong></span> <span class='ocrx_word' id='word_1_321' title='bbox 1166 4076 1391 4124; x_wconf 86' lang='lat' dir='ltr'><strong>testator</strong></span> <span class='ocrx_word' id='word_1_322' title='bbox 1410 4110 1426 4137; x_wconf 92' lang='lat'><strong>,</strong></span> <span class='ocrx_word' id='word_1_323' title='bbox 1459 4067 1767 4139; x_wconf 84' lang='lat' dir='ltr'><strong>aliusjudex</strong></span> <span class='ocrx_word' id='word_1_324' title='bbox 1791 4084 1807 4122; x_wconf 89' lang='lat'><strong>:</strong></span> 
     </span>
    </p>
   </div>
   <div class='ocr_carea' id='block_1_42' title="bbox 249 4159 1808 4232">
    <p class='ocr_par' dir='ltr' id='par_1_42' title="bbox 249 4159 1808 4232">
     <span class='ocr_line' id='line_1_42' title="bbox 249 4159 1808 4232; baseline 0.001 -17"><span class='ocrx_word' id='word_1_325' title='bbox 249 4169 294 4215; x_wconf 88' lang='lat' dir='ltr'><strong>et</strong></span> <span class='ocrx_word' id='word_1_326' title='bbox 312 4170 477 4217; x_wconf 83' lang='lat' dir='ltr'><strong>tamen</strong></span> <span class='ocrx_word' id='word_1_327' title='bbox 497 4161 589 4232; x_wconf 89' lang='lat' dir='ltr'><strong>qui</strong></span> <span class='ocrx_word' id='word_1_328' title='bbox 620 4169 764 4217; x_wconf 92' lang='lat' dir='ltr'><strong>tenet</strong></span> <span class='ocrx_word' id='word_1_329' title='bbox 793 4168 1190 4227; x_wconf 86' lang='lat' dir='ltr'><strong>testamentum,</strong></span> <span class='ocrx_word' id='word_1_330' title='bbox 1219 4159 1380 4215; x_wconf 88' lang='lat' dir='ltr'><strong>vincit</strong></span> <span class='ocrx_word' id='word_1_331' title='bbox 1408 4159 1549 4230; x_wconf 89' lang='lat' dir='ltr'><strong>apud</strong></span> <span class='ocrx_word' id='word_1_332' title='bbox 1571 4159 1808 4230; x_wconf 90' lang='lat' dir='ltr'><strong>judicem</strong></span> 
     </span>
    </p>
   </div>
   <div class='ocr_carea' id='block_1_43' title="bbox 254 4249 1808 4322">
    <p class='ocr_par' dir='ltr' id='par_1_43' title="bbox 254 4249 1808 4322">
     <span class='ocr_line' id='line_1_43' title="bbox 254 4249 1808 4322; baseline 0.002 -18"><span class='ocrx_word' id='word_1_333' title='bbox 254 4249 474 4318; x_wconf 86' lang='lat' dir='ltr'><strong>alterum,</strong></span> <span class='ocrx_word' id='word_1_334' title='bbox 505 4268 613 4307; x_wconf 86' lang='lat' dir='ltr'><strong>non</strong></span> <span class='ocrx_word' id='word_1_335' title='bbox 636 4250 777 4321; x_wconf 89' lang='lat' dir='ltr'><strong>apud</strong></span> <span class='ocrx_word' id='word_1_336' title='bbox 801 4250 1029 4306; x_wconf 89' lang='lat' dir='ltr'><strong>alterum</strong></span> <span class='ocrx_word' id='word_1_337' title='bbox 1060 4250 1296 4322; x_wconf 90' lang='lat' dir='ltr'><strong>judicem</strong></span> <span class='ocrx_word' id='word_1_338' title='bbox 1326 4261 1616 4307; x_wconf 91' lang='lat' dir='ltr'><strong>mortuum.</strong></span> <span class='ocrx_word' id='word_1_339' title='bbox 1639 4251 1808 4320; x_wconf 86' lang='lat' dir='ltr'><strong>Quam</strong></span> 
     </span>
    </p>
   </div>
   <div class='ocr_carea' id='block_1_44' title="bbox 253 4333 1832 4414">
    <p class='ocr_par' dir='ltr' id='par_1_44' title="bbox 253 4333 1832 4414">
     <span class='ocr_line' id='line_1_44' title="bbox 253 4333 1832 4414; baseline 0.002 -17"><span class='ocrx_word' id='word_1_340' title='bbox 253 4358 356 4414; x_wconf 85' lang='lat' dir='ltr'><strong>ergo</strong></span> <span class='ocrx_word' id='word_1_341' title='bbox 395 4360 579 4402; x_wconf 90' lang='lat' dir='ltr'><strong>secura</strong></span> <span class='ocrx_word' id='word_1_342' title='bbox 621 4352 704 4400; x_wconf 88' lang='lat' dir='ltr'><strong>est</strong></span> <span class='ocrx_word' id='word_1_343' title='bbox 752 4352 934 4399; x_wconf 91' lang='lat' dir='ltr'><strong>nostra</strong></span> <span class='ocrx_word' id='word_1_344' title='bbox 987 4343 1224 4410; x_wconf 90' lang='lat' dir='ltr'><strong>victoria,</strong></span> <span class='ocrx_word' id='word_1_345' title='bbox 1269 4359 1391 4399; x_wconf 93' lang='lat' dir='ltr'><strong>cum</strong></span> <span class='ocrx_word' id='word_1_346' title='bbox 1430 4344 1520 4399; x_wconf 91' lang='lat' dir='ltr'><strong>ille</strong></span> <span class='ocrx_word' id='word_1_347' title='bbox 1550 4333 1832 4414; x_wconf 16' lang='lat' dir='ltr'><strong>iudicabit.</strong></span> 
     </span>
    </p>
   </div>
   <div class='ocr_carea' id='block_1_45' title="bbox 254 4434 1808 4505">
    <p class='ocr_par' dir='ltr' id='par_1_45' title="bbox 254 4434 1808 4505">
     <span class='ocr_line' id='line_1_45' title="bbox 254 4434 1808 4505; baseline 0.003 -17"><span class='ocrx_word' id='word_1_348' title='bbox 254 4436 325 4505; x_wconf 85' lang='lat' dir='ltr'><strong>qui</strong></span> <span class='ocrx_word' id='word_1_349' title='bbox 351 4445 567 4492; x_wconf 83' lang='lat' dir='ltr'><strong>testatus</strong></span> <span class='ocrx_word' id='word_1_350' title='bbox 593 4444 679 4492; x_wconf 89' lang='lat' dir='ltr'><strong>est</strong></span> <span class='ocrx_word' id='word_1_351' title='bbox 711 4436 725 4489; x_wconf 84' lang='grc' dir='ltr'><strong>ι</strong></span> <span class='ocrx_word' id='word_1_352' title='bbox 757 4434 860 4490; x_wconf 91' lang='lat' dir='ltr'><strong>etsi</strong></span> <span class='ocrx_word' id='word_1_353' title='bbox 898 4434 1041 4490; x_wconf 89' lang='lat' dir='ltr'><strong>enim</strong></span> <span class='ocrx_word' id='word_1_354' title='bbox 1079 4443 1323 4489; x_wconf 92' lang='lat' dir='ltr'><strong>mortuus</strong></span> <span class='ocrx_word' id='word_1_355' title='bbox 1371 4444 1452 4491; x_wconf 92' lang='lat' dir='ltr'><strong>est</strong></span> <span class='ocrx_word' id='word_1_356' title='bbox 1475 4434 1720 4492; x_wconf 83' lang='lat' dir='ltr'><strong>Christus</strong></span> <span class='ocrx_word' id='word_1_357' title='bbox 1741 4435 1808 4492; x_wconf 90' lang='lat' dir='ltr'><strong>ad</strong></span> 
     </span>
    </p>
   </div>
   <div class='ocr_carea' id='block_1_46' title="bbox 255 4524 1303 4597">
    <p class='ocr_par' dir='ltr' id='par_1_46' title="bbox 255 4524 1303 4597">
     <span class='ocr_line' id='line_1_46' title="bbox 255 4524 1303 4597; baseline 0 -18"><span class='ocrx_word' id='word_1_358' title='bbox 255 4532 457 4597; x_wconf 87' lang='lat' dir='ltr'><strong>tempus,</strong></span> <span class='ocrx_word' id='word_1_359' title='bbox 481 4526 575 4583; x_wconf 89' lang='lat' dir='ltr'><strong>sed</strong></span> <span class='ocrx_word' id='word_1_360' title='bbox 597 4526 707 4596; x_wconf 85' lang='lat' dir='ltr'><strong>jam</strong></span> <span class='ocrx_word' id='word_1_361' title='bbox 733 4524 865 4580; x_wconf 80' lang='lat' dir='ltr'><strong>vivit</strong></span> <span class='ocrx_word' id='word_1_362' title='bbox 894 4524 948 4580; x_wconf 91' lang='lat' dir='ltr'><strong>in</strong></span> <span class='ocrx_word' id='word_1_363' title='bbox 979 4534 1237 4581; x_wconf 73' lang='lat' dir='ltr'><strong>aeternum</strong></span> <span class='ocrx_word' id='word_1_364' title='bbox 1259 4533 1303 4579; x_wconf 68' lang='grc' dir='ltr'><strong>δ.</strong></span> 
     </span>
    </p>
   </div>
   <div class='ocr_carea' id='block_1_47' title="bbox 171 4615 1807 4689">
    <p class='ocr_par' dir='ltr' id='par_1_47' title="bbox 171 4615 1807 4689">
     <span class='ocr_line' id='line_1_47' title="bbox 171 4615 1807 4689; baseline 0.001 -16"><span class='ocrx_word' id='word_1_365' title='bbox 171 4643 196 4656; x_wconf 74' lang='grc' dir='ltr'><strong><em>ο</em></strong></span> <span class='ocrx_word' id='word_1_366' title='bbox 297 4617 390 4675; x_wconf 70' lang='lat' dir='ltr'><strong>i9.</strong></span> <span class='ocrx_word' id='word_1_367' title='bbox 419 4619 730 4689; x_wconf 91' lang='lat' dir='ltr'><strong>Loquantur</strong></span> <span class='ocrx_word' id='word_1_368' title='bbox 751 4631 879 4688; x_wconf 89' lang='lat' dir='ltr'><strong>ergo</strong></span> <span class='ocrx_word' id='word_1_369' title='bbox 908 4615 1164 4672; x_wconf 84' lang='lat' dir='ltr'><strong>adversus</strong></span> <span class='ocrx_word' id='word_1_370' title='bbox 1189 4633 1288 4672; x_wconf 91' lang='lat' dir='ltr'><strong>nos</strong></span> <span class='ocrx_word' id='word_1_371' title='bbox 1313 4617 1565 4689; x_wconf 87' lang='lat' dir='ltr'><strong>quidquid</strong></span> <span class='ocrx_word' id='word_1_372' title='bbox 1589 4618 1807 4675; x_wconf 88' lang='lat' dir='ltr'><strong>volunt:</strong></span> 
     </span>
    </p>
   </div>
   <div class='ocr_carea' id='block_1_48' title="bbox 250 4709 1812 4782">
    <p class='ocr_par' dir='ltr' id='par_1_48' title="bbox 250 4709 1812 4782">
     <span class='ocr_line' id='line_1_48' title="bbox 250 4709 1812 4782; baseline 0.001 -16"><span class='ocrx_word' id='word_1_373' title='bbox 250 4725 333 4766; x_wconf 90' lang='lat' dir='ltr'><strong>nos</strong></span> <span class='ocrx_word' id='word_1_374' title='bbox 354 4711 631 4782; x_wconf 77' lang='lat' dir='ltr'><strong>diligamus</strong></span> <span class='ocrx_word' id='word_1_375' title='bbox 673 4709 793 4766; x_wconf 90' lang='lat' dir='ltr'><strong>illos</strong></span> <span class='ocrx_word' id='word_1_376' title='bbox 833 4716 890 4766; x_wconf 88' lang='lat' dir='ltr'><strong>et</strong></span> <span class='ocrx_word' id='word_1_377' title='bbox 915 4710 1180 4766; x_wconf 89' lang='lat' dir='ltr'><strong>nolentes.</strong></span> <span class='ocrx_word' id='word_1_378' title='bbox 1213 4710 1467 4768; x_wconf 87' lang='lat' dir='ltr'><strong>Novimus</strong></span> <span class='ocrx_word' id='word_1_379' title='bbox 1494 4713 1635 4769; x_wconf 90' lang='lat' dir='ltr'><strong>enim</strong></span> <span class='ocrx_word' id='word_1_380' title='bbox 1656 4755 1672 4780; x_wconf 95' lang='lat'><strong>,</strong></span> <span class='ocrx_word' id='word_1_381' title='bbox 1700 4714 1812 4768; x_wconf 81' lang='lat' dir='ltr'><strong>fra-</strong></span> 
     </span>
    </p>
   </div>
   <div class='ocr_carea' id='block_1_49' title="bbox 239 4801 1810 4874">
    <p class='ocr_par' dir='ltr' id='par_1_49' title="bbox 239 4801 1810 4874">
     <span class='ocr_line' id='line_1_49' title="bbox 239 4801 1810 4874; baseline 0.001 -14"><span class='ocrx_word' id='word_1_382' title='bbox 239 4813 376 4870; x_wconf 85' lang='lat' dir='ltr'><strong>tres,</strong></span> <span class='ocrx_word' id='word_1_383' title='bbox 419 4801 668 4859; x_wconf 86' lang='lat' dir='ltr'><strong>novimus</strong></span> <span class='ocrx_word' id='word_1_384' title='bbox 709 4801 916 4874; x_wconf 78' lang='lat' dir='ltr'><strong>linguas</strong></span> <span class='ocrx_word' id='word_1_385' title='bbox 951 4817 1136 4857; x_wconf 89' lang='lat' dir='ltr'><strong>eorum</strong></span> <span class='ocrx_word' id='word_1_386' title='bbox 1160 4820 1174 4856; x_wconf 91' lang='lat'><strong>:</strong></span> <span class='ocrx_word' id='word_1_387' title='bbox 1201 4811 1418 4872; x_wconf 86' lang='lat' dir='ltr'><strong>propter</strong></span> <span class='ocrx_word' id='word_1_388' title='bbox 1445 4818 1575 4874; x_wconf 90' lang='lat' dir='ltr'><strong>quas</strong></span> <span class='ocrx_word' id='word_1_389' title='bbox 1599 4805 1678 4860; x_wconf 91' lang='lat' dir='ltr'><strong>eis</strong></span> <span class='ocrx_word' id='word_1_390' title='bbox 1703 4819 1810 4861; x_wconf 92' lang='lat' dir='ltr'><strong>non</strong></span> 
     </span>
    </p>
   </div>
   <div class='ocr_carea' id='block_1_50' title="bbox 233 4891 1811 4964">
    <p class='ocr_par' dir='ltr' id='par_1_50' title="bbox 233 4891 1811 4964">
     <span class='ocr_line' id='line_1_50' title="bbox 233 4891 1811 4964; baseline -0.001 -12"><span class='ocrx_word' id='word_1_391' title='bbox 233 4903 522 4952; x_wconf 81' lang='lat' dir='ltr'><strong>irascamur</strong></span> <span class='ocrx_word' id='word_1_392' title='bbox 541 4935 558 4961; x_wconf 94' lang='lat'><strong>,</strong></span> <span class='ocrx_word' id='word_1_393' title='bbox 589 4892 851 4964; x_wconf 88' lang='lat' dir='ltr'><strong>patienter</strong></span> <span class='ocrx_word' id='word_1_394' title='bbox 875 4891 1013 4964; x_wconf 87' lang='lat' dir='ltr'><strong>ferte</strong></span> <span class='ocrx_word' id='word_1_395' title='bbox 1039 4893 1335 4948; x_wconf 88' lang='lat' dir='ltr'><strong>nobiscum.</strong></span> <span class='ocrx_word' id='word_1_396' title='bbox 1364 4892 1560 4949; x_wconf 82' lang='lat' dir='ltr'><strong>Vident</strong></span> <span class='ocrx_word' id='word_1_397' title='bbox 1586 4894 1728 4950; x_wconf 89' lang='lat' dir='ltr'><strong>enim</strong></span> <span class='ocrx_word' id='word_1_398' title='bbox 1755 4896 1811 4950; x_wconf 90' lang='lat' dir='ltr'><strong>in</strong></span> 
     </span>
    </p>
   </div>
   <div class='ocr_carea' id='block_1_51' title="bbox 227 4961 1808 5054">
    <p class='ocr_par' dir='ltr' id='par_1_51' title="bbox 227 4961 1808 5054">
     <span class='ocr_line' id='line_1_51' title="bbox 227 4961 1808 5054; baseline -0.001 -10"><span class='ocrx_word' id='word_1_399' title='bbox 227 5007 282 5044; x_wconf 77' lang='lat' dir='ltr'><strong>ta</strong></span> <span class='ocrx_word' id='word_1_400' title='bbox 297 5001 387 5043; x_wconf 89' lang='lat' dir='ltr'><strong>usa</strong></span> <span class='ocrx_word' id='word_1_401' title='bbox 411 5000 470 5042; x_wconf 87' lang='lat' dir='ltr'><strong>se</strong></span> <span class='ocrx_word' id='word_1_402' title='bbox 499 4983 632 5040; x_wconf 90' lang='lat' dir='ltr'><strong>nihil</strong></span> <span class='ocrx_word' id='word_1_403' title='bbox 662 4982 860 5039; x_wconf 90' lang='lat' dir='ltr'><strong>habere</strong></span> <span class='ocrx_word' id='word_1_404' title='bbox 883 5026 899 5051; x_wconf 94' lang='lat'><strong>,</strong></span> <span class='ocrx_word' id='word_1_405' title='bbox 927 4961 1216 5054; x_wconf 34' lang='lat' dir='ltr'><strong>et‘linguas</strong></span> <span class='ocrx_word' id='word_1_406' title='bbox 1245 4993 1564 5040; x_wconf 89' lang='lat' dir='ltr'><strong>convertunt</strong></span> <span class='ocrx_word' id='word_1_407' title='bbox 1605 4986 1658 5040; x_wconf 92' lang='lat' dir='ltr'><strong>in</strong></span> <span class='ocrx_word' id='word_1_408' title='bbox 1688 5000 1808 5052; x_wconf 92' lang='lat' dir='ltr'><strong>nos,</strong></span> 
     </span>
    </p>
   </div>
   <div class='ocr_carea' id='block_1_52' title="bbox 224 5076 1806 5149">
    <p class='ocr_par' dir='ltr' id='par_1_52' title="bbox 224 5076 1806 5149">
     <span class='ocr_line' id='line_1_52' title="bbox 224 5076 1806 5149; baseline -0.003 -10"><span class='ocrx_word' id='word_1_409' title='bbox 224 5095 274 5139; x_wconf 88' lang='lat' dir='ltr'><strong>et</strong></span> <span class='ocrx_word' id='word_1_410' title='bbox 309 5079 564 5149; x_wconf 89' lang='lat' dir='ltr'><strong>incipiunt</strong></span> <span class='ocrx_word' id='word_1_411' title='bbox 590 5077 660 5133; x_wconf 89' lang='lat' dir='ltr'><strong>de</strong></span> <span class='ocrx_word' id='word_1_412' title='bbox 690 5076 845 5132; x_wconf 89' lang='lat' dir='ltr'><strong>nobis</strong></span> <span class='ocrx_word' id='word_1_413' title='bbox 873 5076 1054 5132; x_wconf 90' lang='lat' dir='ltr'><strong>dicere</strong></span> <span class='ocrx_word' id='word_1_414' title='bbox 1085 5077 1245 5145; x_wconf 88' lang='lat' dir='ltr'><strong>mala,</strong></span> <span class='ocrx_word' id='word_1_415' title='bbox 1268 5077 1434 5133; x_wconf 89' lang='lat' dir='ltr'><strong>multa</strong></span> <span class='ocrx_word' id='word_1_416' title='bbox 1459 5093 1578 5148; x_wconf 73' lang='lat' dir='ltr'><strong>qua:</strong></span> <span class='ocrx_word' id='word_1_417' title='bbox 1600 5078 1806 5147; x_wconf 89' lang='lat' dir='ltr'><strong>sciunt,</strong></span> 
     </span>
    </p>
   </div>
   <div class='ocr_carea' id='block_1_53' title="bbox 224 5168 1812 5242">
    <p class='ocr_par' dir='ltr' id='par_1_53' title="bbox 224 5168 1812 5242">
     <span class='ocr_line' id='line_1_53' title="bbox 224 5168 1812 5242; baseline -0.003 -13"><span class='ocrx_word' id='word_1_418' title='bbox 224 5173 394 5229; x_wconf 80' lang='lat' dir='ltr'><strong>mttlta</strong></span> <span class='ocrx_word' id='word_1_419' title='bbox 437 5186 556 5242; x_wconf 70' lang='lat' dir='ltr'><strong>qua:</strong></span> <span class='ocrx_word' id='word_1_420' title='bbox 593 5169 856 5226; x_wconf 88' lang='lat' dir='ltr'><strong>nesciunt.</strong></span> <span class='ocrx_word' id='word_1_421' title='bbox 899 5168 1031 5238; x_wconf 74' lang='lat' dir='ltr'><strong>Qua:</strong></span> <span class='ocrx_word' id='word_1_422' title='bbox 1076 5169 1284 5236; x_wconf 92' lang='lat' dir='ltr'><strong>sciunt,</strong></span> <span class='ocrx_word' id='word_1_423' title='bbox 1312 5169 1580 5239; x_wconf 74' lang='lat' dir='ltr'><strong>prtctcrita</strong></span> <span class='ocrx_word' id='word_1_424' title='bbox 1629 5177 1812 5225; x_wconf 88' lang='lat' dir='ltr'><strong>nostra</strong></span> 
     </span>
    </p>
   </div>
   <div class='ocr_carea' id='block_1_54' title="bbox 229 5261 1806 5334">
    <p class='ocr_par' dir='ltr' id='par_1_54' title="bbox 229 5261 1806 5334">
     <span class='ocr_line' id='line_1_54' title="bbox 229 5261 1806 5334; baseline -0.004 -9"><span class='ocrx_word' id='word_1_425' title='bbox 229 5275 352 5325; x_wconf 87' lang='lat' dir='ltr'><strong>sunt</strong></span> <span class='ocrx_word' id='word_1_426' title='bbox 382 5281 399 5319; x_wconf 86' lang='lat'>:</span> <span class='ocrx_word' id='word_1_427' title='bbox 428 5263 624 5319; x_wconf 84' lang='lat' dir='ltr'><strong>fuimus</strong></span> <span class='ocrx_word' id='word_1_428' title='bbox 653 5265 798 5318; x_wconf 89' lang='lat' dir='ltr'><strong>enim</strong></span> <span class='ocrx_word' id='word_1_429' title='bbox 833 5261 1151 5333; x_wconf 87' lang='lat' dir='ltr'><strong>aliquando,</strong></span> <span class='ocrx_word' id='word_1_430' title='bbox 1183 5263 1321 5318; x_wconf 86' lang='lat' dir='ltr'><strong>sicut</strong></span> <span class='ocrx_word' id='word_1_431' title='bbox 1346 5263 1475 5318; x_wconf 84' lang='lat' dir='ltr'><strong>dicit</strong></span> <span class='ocrx_word' id='word_1_432' title='bbox 1499 5264 1806 5334; x_wconf 85' lang='lat' dir='ltr'><strong>Apostolus,</strong></span> 
     </span>
    </p>
   </div>
   <div class='ocr_carea' id='block_1_55' title="bbox 228 5351 1810 5425">
    <p class='ocr_par' dir='ltr' id='par_1_55' title="bbox 228 5351 1810 5425">
     <span class='ocr_line' id='line_1_55' title="bbox 228 5351 1810 5425; baseline -0.004 -9"><span class='ocrx_word' id='word_1_433' title='bbox 228 5356 375 5416; x_wconf 83' lang='lat' dir='ltr'><strong>stulti</strong></span> <span class='ocrx_word' id='word_1_434' title='bbox 417 5364 470 5410; x_wconf 90' lang='lat' dir='ltr'><strong>et</strong></span> <span class='ocrx_word' id='word_1_435' title='bbox 498 5351 790 5420; x_wconf 90' lang='lat' dir='ltr'><strong>increduli,</strong></span> <span class='ocrx_word' id='word_1_436' title='bbox 823 5361 877 5408; x_wconf 89' lang='lat' dir='ltr'><strong>et</strong></span> <span class='ocrx_word' id='word_1_437' title='bbox 901 5351 966 5408; x_wconf 89' lang='lat' dir='ltr'><strong>ad</strong></span> <span class='ocrx_word' id='word_1_438' title='bbox 1004 5367 1162 5409; x_wconf 89' lang='lat' dir='ltr'><strong>omne</strong></span> <span class='ocrx_word' id='word_1_439' title='bbox 1205 5368 1337 5423; x_wconf 91' lang='lat' dir='ltr'><strong>opus</strong></span> <span class='ocrx_word' id='word_1_440' title='bbox 1374 5353 1568 5409; x_wconf 91' lang='lat' dir='ltr'><strong>bonum</strong></span> <span class='ocrx_word' id='word_1_441' title='bbox 1600 5355 1810 5425; x_wconf 88' lang='lat' dir='ltr'><strong>reprobi</strong></span> 
     </span>
    </p>
   </div>
   <div class='ocr_carea' id='block_1_56' title="bbox 229 5445 1811 5526">
    <p class='ocr_par' dir='ltr' id='par_1_56' title="bbox 229 5445 1811 5526">
     <span class='ocr_line' id='line_1_56' title="bbox 229 5445 1811 5526; baseline -0.002 -19"><span class='ocrx_word' id='word_1_442' title='bbox 229 5450 299 5526; x_wconf 75' lang='grc' dir='ltr'><strong>(Τ</strong></span> <span class='ocrx_word' id='word_1_443' title='bbox 299 5451 363 5504; x_wconf 88' lang='lat' dir='ltr'><strong>it.</strong></span> <span class='ocrx_word' id='word_1_444' title='bbox 391 5464 470 5514; x_wconf 85' lang='grc' dir='ltr'>ιιι,</span> <span class='ocrx_word' id='word_1_445' title='bbox 497 5448 578 5517; x_wconf 74' lang='lat'><strong>3).</strong></span> <span class='ocrx_word' id='word_1_446' title='bbox 609 5445 665 5501; x_wconf 94' lang='lat' dir='ltr'><strong>In</strong></span> <span class='ocrx_word' id='word_1_447' title='bbox 686 5460 872 5502; x_wconf 90' lang='lat' dir='ltr'><strong>errore</strong></span> <span class='ocrx_word' id='word_1_448' title='bbox 908 5461 1162 5516; x_wconf 89' lang='lat' dir='ltr'><strong>perverso</strong></span> <span class='ocrx_word' id='word_1_449' title='bbox 1202 5445 1523 5517; x_wconf 84' lang='lat' dir='ltr'><strong>desipientes</strong></span> <span class='ocrx_word' id='word_1_450' title='bbox 1565 5457 1619 5502; x_wconf 88' lang='lat' dir='ltr'><strong>et</strong></span> <span class='ocrx_word' id='word_1_451' title='bbox 1670 5447 1811 5504; x_wconf 89' lang='lat' dir='ltr'><strong>insa-</strong></span> 
     </span>
    </p>
   </div>
   <div class='ocr_carea' id='block_1_57' title="bbox 292 5556 1376 5628">
    <p class='ocr_par' dir='ltr' id='par_1_57' title="bbox 292 5556 1376 5628">
     <span class='ocr_line' id='line_1_57' title="bbox 292 5556 1376 5628; baseline -0.001 -18"><span class='ocrx_word' id='word_1_452' title='bbox 292 5565 310 5597; x_wconf 77' lang='grc' dir='ltr'><strong>ι</strong></span> <span class='ocrx_word' id='word_1_453' title='bbox 336 5569 388 5610; x_wconf 84' lang='grc' dir='ltr'><strong>ιιι</strong></span> <span class='ocrx_word' id='word_1_454' title='bbox 409 5560 632 5610; x_wconf 87' lang='lat' dir='ltr'><strong>omnibus</strong></span> <span class='ocrx_word' id='word_1_455' title='bbox 654 5571 806 5621; x_wconf 89' lang='lat' dir='ltr'><strong>prope</strong></span> <span class='ocrx_word' id='word_1_456' title='bbox 825 5566 951 5628; x_wconf 38' lang='lat' dir='ltr'><strong>uss.)</strong></span> <span class='ocrx_word' id='word_1_457' title='bbox 968 5556 1376 5628; x_wconf 65' lang='lat' dir='ltr'><strong>supplantaretur.</strong></span> 
     </span>
    </p>
   </div>
   <div class='ocr_carea' id='block_1_58' title="bbox 288 5620 1694 5690">
    <p class='ocr_par' dir='ltr' id='par_1_58' title="bbox 288 5620 1694 5690">
     <span class='ocr_line' id='line_1_58' title="bbox 288 5620 1694 5690; baseline -0.001 -16"><span class='ocrx_word' id='word_1_458' title='bbox 288 5629 311 5690; x_wconf 61' lang='grc' dir='ltr'>ξ</span> <span class='ocrx_word' id='word_1_459' title='bbox 332 5629 527 5690; x_wconf 78' lang='lat' dir='ltr'><strong>septem</strong></span> <span class='ocrx_word' id='word_1_460' title='bbox 551 5620 676 5681; x_wconf 71' lang='lat' dir='ltr'><strong>Mss,</strong></span> <span class='ocrx_word' id='word_1_461' title='bbox 691 5620 1041 5690; x_wconf 55' lang='lat' dir='ltr'><strong>nospharitatﬁ</strong></span> <span class='ocrx_word' id='word_1_462' title='bbox 1056 5620 1296 5690; x_wconf 53' lang='lat' dir='ltr'><strong>debitores</strong></span> <span class='ocrx_word' id='word_1_463' title='bbox 1315 5635 1503 5681; x_wconf 82' lang='lat' dir='ltr'><strong>semper</strong></span> <span class='ocrx_word' id='word_1_464' title='bbox 1514 5627 1694 5690; x_wconf 85' lang='lat' dir='ltr'><strong>_tenete.</strong></span> 
     </span>
    </p>
   </div>
   <div class='ocr_carea' id='block_1_59' title="bbox 290 5681 1810 5748">
    <p class='ocr_par' dir='ltr' id='par_1_59' title="bbox 290 5681 1810 5748">
     <span class='ocr_line' id='line_1_59' title="bbox 290 5681 1810 5748; baseline 0.003 -15"><span class='ocrx_word' id='word_1_465' title='bbox 290 5688 313 5720; x_wconf 83' lang='grc'>³</span> <span class='ocrx_word' id='word_1_466' title='bbox 337 5681 521 5748; x_wconf 78' lang='lat' dir='ltr'><strong>Aliquot</strong></span> <span class='ocrx_word' id='word_1_467' title='bbox 679 5719 694 5745; x_wconf 90' lang='lat'><strong>,</strong></span> <span class='ocrx_word' id='word_1_468' title='bbox 717 5681 884 5748; x_wconf 75' lang='lat' dir='ltr'><strong>scitote</strong></span> <span class='ocrx_word' id='word_1_469' title='bbox 900 5681 1248 5748; x_wconf 79' lang='lat' dir='ltr'><strong>hcereditatem,</strong></span> <span class='ocrx_word' id='word_1_470' title='bbox 1266 5690 1394 5748; x_wconf 22' lang='lat' dir='ltr'><strong>Aetc.;</strong></span> <span class='ocrx_word' id='word_1_471' title='bbox 1419 5684 1661 5748; x_wconf 84' lang='lat' dir='ltr'><strong>pauloque</strong></span> <span class='ocrx_word' id='word_1_472' title='bbox 1684 5694 1810 5748; x_wconf 88' lang='lat' dir='ltr'><strong>post,</strong></span> 
     </span>
    </p>
   </div>
   <div class='ocr_carea' id='block_1_60' title="bbox 226 5744 1812 5818">
    <p class='ocr_par' dir='ltr' id='par_1_60' title="bbox 226 5744 1812 5818">
     <span class='ocr_line' id='line_1_60' title="bbox 226 5744 1812 5818; baseline -0.001 -17"><span class='ocrx_word' id='word_1_473' title='bbox 226 5744 451 5818; x_wconf 71' lang='lat' dir='ltr'><strong>plerique</strong></span> <span class='ocrx_word' id='word_1_474' title='bbox 465 5746 644 5796; x_wconf 83' lang='lat' dir='ltr'><strong>omisso</strong></span> <span class='ocrx_word' id='word_1_475' title='bbox 664 5744 769 5808; x_wconf 81' lang='lat' dir='ltr'><strong>nos,</strong></span> <span class='ocrx_word' id='word_1_476' title='bbox 790 5744 975 5796; x_wconf 84' lang='lat' dir='ltr'><strong>habent</strong></span> <span class='ocrx_word' id='word_1_477' title='bbox 991 5745 1062 5796; x_wconf 91' lang='lat' dir='ltr'><strong>sic</strong></span> <span class='ocrx_word' id='word_1_478' title='bbox 1086 5759 1098 5794; x_wconf 90' lang='lat'><strong>:</strong></span> <span class='ocrx_word' id='word_1_479' title='bbox 1119 5745 1277 5798; x_wconf 75' lang='lat' dir='ltr'><strong>securi</strong></span> <span class='ocrx_word' id='word_1_480' title='bbox 1293 5744 1458 5797; x_wconf 73' lang='lat' dir='ltr'><strong>sumtis</strong></span> <span class='ocrx_word' id='word_1_481' title='bbox 1487 5746 1540 5798; x_wconf 88' lang='lat' dir='ltr'><strong>in</strong></span> <span class='ocrx_word' id='word_1_482' title='bbox 1559 5744 1812 5801; x_wconf 62' lang='grc' dir='ltr'><strong>ιὲδιαὶιιεηὲ</strong></span> 
     </span>
    </p>
   </div>
   <div class='ocr_carea' id='block_1_61' title="bbox 227 5818 1656 5934">
    <p class='ocr_par' dir='ltr' id='par_1_61' title="bbox 227 5818 1656 5934">
     <span class='ocr_line' id='line_1_61' title="bbox 227 5818 1656 5934; baseline 0.001 -14"><span class='ocrx_word' id='word_1_483' title='bbox 227 5818 468 5933; x_wconf 33' lang='lat' dir='ltr'><strong>“aegid,</strong></span> <span class='ocrx_word' id='word_1_484' title='bbox 493 5869 605 5921; x_wconf 72' lang='lat' dir='ltr'><strong>vicit</strong></span> <span class='ocrx_word' id='word_1_485' title='bbox 622 5871 671 5920; x_wconf 86' lang='lat' dir='ltr'><strong>in</strong></span> <span class='ocrx_word' id='word_1_486' title='bbox 693 5877 939 5922; x_wconf 63' lang='lat' dir='ltr'><strong>(sternam.</strong></span> <span class='ocrx_word' id='word_1_487' title='bbox 968 5871 1130 5930; x_wconf 74' lang='lat' dir='ltr'><strong>Abest,</strong></span> <span class='ocrx_word' id='word_1_488' title='bbox 1149 5869 1198 5918; x_wconf 88' lang='lat' dir='ltr'><strong>in</strong></span> <span class='ocrx_word' id='word_1_489' title='bbox 1221 5877 1478 5934; x_wconf 60' lang='lat' dir='ltr'><strong>veternum,</strong></span> <span class='ocrx_word' id='word_1_490' title='bbox 1505 5885 1530 5921; x_wconf 90' lang='lat' dir='ltr'><strong>a</strong></span> <span class='ocrx_word' id='word_1_491' title='bbox 1552 5879 1656 5922; x_wconf 74' lang='lat' dir='ltr'><strong>uss.</strong></span> 
     </span>
    </p>
   </div>
   <div class='ocr_carea' id='block_1_62' title="bbox 590 5953 1288 6016">
    <p class='ocr_par' dir='ltr' id='par_1_62' title="bbox 590 5953 1288 6016">
     <span class='ocr_line' id='line_1_62' title="bbox 590 5953 1288 6016; baseline -0.001 0"><span class='ocrx_word' id='word_1_492' title='bbox 590 5957 805 6016; x_wconf 65' lang='grc' dir='ltr'><strong>Ξιῖιιετ.</strong></span> <span class='ocrx_word' id='word_1_493' title='bbox 861 5960 902 6015; x_wconf 83' lang='lat'><strong>.-\</strong></span> <span class='ocrx_word' id='word_1_494' title='bbox 917 5975 991 6016; x_wconf 71' lang='grc' dir='ltr'>ιη</span> <span class='ocrx_word' id='word_1_495' title='bbox 1002 5971 1136 6015; x_wconf 75' lang='grc' dir='ltr'><strong>ιτετ.</strong></span> <span class='ocrx_word' id='word_1_496' title='bbox 1183 5953 1288 6016; x_wconf 79' lang='grc' dir='ltr'><strong>ιν.</strong></span> 
     </span>
    </p>
   </div>
   <div class='ocr_carea' id='block_1_63' title="bbox 1297 351 2426 416">
    <p class='ocr_par' dir='ltr' id='par_1_63' title="bbox 1297 351 2426 416">
     <span class='ocr_line' id='line_1_63' title="bbox 1297 351 2426 416; baseline -0.004 0"><span class='ocrx_word' id='word_1_497' title='bbox 1297 354 1696 416; x_wconf 77' lang='lat' dir='ltr'><strong>ENARRATIO</strong></span> <span class='ocrx_word' id='word_1_498' title='bbox 1723 351 1792 412; x_wconf 86' lang='lat' dir='ltr'><strong>IN</strong></span> <span class='ocrx_word' id='word_1_499' title='bbox 1829 352 2157 414; x_wconf 80' lang='lat' dir='ltr'><strong>PSALMUM</strong></span> <span class='ocrx_word' id='word_1_500' title='bbox 2181 351 2426 414; x_wconf 81' lang='lat' dir='ltr'><strong>XXXVI.</strong></span> 
     </span>
    </p>
   </div>
   <div class='ocr_carea' id='block_1_64' title="bbox 3385 364 3501 425">
    <p class='ocr_par' dir='ltr' id='par_1_64' title="bbox 3385 364 3501 425">
     <span class='ocr_line' id='line_1_64' title="bbox 3385 364 3501 425; baseline 0.026 -3"><span class='ocrx_word' id='word_1_501' title='bbox 3385 364 3501 425; x_wconf 67' lang='grc' dir='ltr'><strong>ὅθι</strong></span> 
     </span>
    </p>
   </div>
   <div class='ocr_carea' id='block_1_65' title="bbox 1912 471 3504 548">
    <p class='ocr_par' dir='ltr' id='par_1_65' title="bbox 1912 471 3504 548">
     <span class='ocr_line' id='line_1_65' title="bbox 1912 471 3504 548; baseline 0.008 -22"><span class='ocrx_word' id='word_1_502' title='bbox 1912 471 2124 529; x_wconf 89' lang='lat' dir='ltr'><strong>nientes</strong></span> <span class='ocrx_word' id='word_1_503' title='bbox 2159 471 2353 528; x_wconf 89' lang='lat' dir='ltr'><strong>fuimus</strong></span> <span class='ocrx_word' id='word_1_504' title='bbox 2376 514 2392 542; x_wconf 91' lang='lat'><strong>,</strong></span> <span class='ocrx_word' id='word_1_505' title='bbox 2417 486 2524 529; x_wconf 92' lang='lat' dir='ltr'><strong>non</strong></span> <span class='ocrx_word' id='word_1_506' title='bbox 2549 487 2836 546; x_wconf 80' lang='lat' dir='ltr'><strong>negamus;</strong></span> <span class='ocrx_word' id='word_1_507' title='bbox 2865 481 2923 532; x_wconf 88' lang='lat' dir='ltr'><strong>et</strong></span> <span class='ocrx_word' id='word_1_508' title='bbox 2960 483 3221 547; x_wconf 88' lang='lat' dir='ltr'><strong>quantum</strong></span> <span class='ocrx_word' id='word_1_509' title='bbox 3269 488 3504 548; x_wconf 67' lang='lat' dir='ltr'><strong>praeter-</strong></span> 
     </span>
    </p>
   </div>
   <div class='ocr_carea' id='block_1_66' title="bbox 1911 563 3504 644">
    <p class='ocr_par' dir='ltr' id='par_1_66' title="bbox 1911 563 3504 644">
     <span class='ocr_line' id='line_1_66' title="bbox 1911 563 3504 644; baseline 0.009 -26"><span class='ocrx_word' id='word_1_510' title='bbox 1911 563 2045 618; x_wconf 91' lang='lat' dir='ltr'><strong>itum</strong></span> <span class='ocrx_word' id='word_1_511' title='bbox 2079 572 2320 619; x_wconf 91' lang='lat' dir='ltr'><strong>nostrum</strong></span> <span class='ocrx_word' id='word_1_512' title='bbox 2342 578 2448 618; x_wconf 92' lang='lat' dir='ltr'><strong>non</strong></span> <span class='ocrx_word' id='word_1_513' title='bbox 2488 578 2742 634; x_wconf 75' lang='lat' dir='ltr'><strong>negamus</strong></span> <span class='ocrx_word' id='word_1_514' title='bbox 2765 607 2779 632; x_wconf 91' lang='lat'><strong>,</strong></span> <span class='ocrx_word' id='word_1_515' title='bbox 2813 575 2962 623; x_wconf 90' lang='lat' dir='ltr'><strong>tanto</strong></span> <span class='ocrx_word' id='word_1_516' title='bbox 3004 570 3174 640; x_wconf 90' lang='lat' dir='ltr'><strong>magis</strong></span> <span class='ocrx_word' id='word_1_517' title='bbox 3202 570 3374 627; x_wconf 89' lang='lat' dir='ltr'><strong>Deum</strong></span> <span class='ocrx_word' id='word_1_518' title='bbox 3409 573 3504 644; x_wconf 86' lang='lat' dir='ltr'><strong>qui</strong></span> 
     </span>
    </p>
   </div>
   <div class='ocr_carea' id='block_1_67' title="bbox 1912 653 3506 731">
    <p class='ocr_par' dir='ltr' id='par_1_67' title="bbox 1912 653 3506 731">
     <span class='ocr_line' id='line_1_67' title="bbox 1912 653 3506 731; baseline 0.008 -21"><span class='ocrx_word' id='word_1_519' title='bbox 1912 656 2068 710; x_wconf 91' lang='lat' dir='ltr'><strong>nobis</strong></span> <span class='ocrx_word' id='word_1_520' title='bbox 2093 655 2313 726; x_wconf 78' lang='lat' dir='ltr'><strong>ignovit,</strong></span> <span class='ocrx_word' id='word_1_521' title='bbox 2346 653 2644 710; x_wconf 87' lang='lat' dir='ltr'><strong>laudamus.</strong></span> <span class='ocrx_word' id='word_1_522' title='bbox 2673 655 2812 723; x_wconf 85' lang='lat' dir='ltr'><strong>Quid</strong></span> <span class='ocrx_word' id='word_1_523' title='bbox 2835 675 2982 728; x_wconf 86' lang='lat' dir='ltr'><strong>ergo,</strong></span> <span class='ocrx_word' id='word_1_524' title='bbox 3010 660 3295 731; x_wconf 69' lang='lat' dir='ltr'><strong>bmretice,</strong></span> <span class='ocrx_word' id='word_1_525' title='bbox 3317 663 3506 722; x_wconf 81' lang='lat' dir='ltr'><strong>dimit-</strong></span> 
     </span>
    </p>
   </div>
   <div class='ocr_carea' id='block_1_68' title="bbox 1914 746 3506 828">
    <p class='ocr_par' dir='ltr' id='par_1_68' title="bbox 1914 746 3506 828">
     <span class='ocr_line' id='line_1_68' title="bbox 1914 746 3506 828; baseline 0.008 -26"><span class='ocrx_word' id='word_1_526' title='bbox 1914 747 1982 803; x_wconf 90' lang='lat' dir='ltr'><strong>tis</strong></span> <span class='ocrx_word' id='word_1_527' title='bbox 2005 762 2220 803; x_wconf 88' lang='lat' dir='ltr'><strong>causam</strong></span> <span class='ocrx_word' id='word_1_528' title='bbox 2241 785 2256 811; x_wconf 92' lang='lat'><strong>,</strong></span> <span class='ocrx_word' id='word_1_529' title='bbox 2289 755 2345 801; x_wconf 88' lang='lat' dir='ltr'><strong>et</strong></span> <span class='ocrx_word' id='word_1_530' title='bbox 2369 747 2413 800; x_wconf 93' lang='lat' dir='ltr'><strong>is</strong></span> <span class='ocrx_word' id='word_1_531' title='bbox 2437 746 2506 802; x_wconf 90' lang='lat' dir='ltr'><strong>ad</strong></span> <span class='ocrx_word' id='word_1_532' title='bbox 2538 747 2852 802; x_wconf 85' lang='lat' dir='ltr'><strong>hominem?</strong></span> <span class='ocrx_word' id='word_1_533' title='bbox 2877 747 3018 816; x_wconf 86' lang='lat' dir='ltr'><strong>Quid</strong></span> <span class='ocrx_word' id='word_1_534' title='bbox 3044 755 3186 810; x_wconf 86' lang='lat' dir='ltr'><strong>enim</strong></span> <span class='ocrx_word' id='word_1_535' title='bbox 3215 771 3314 828; x_wconf 86' lang='lat' dir='ltr'><strong>ego</strong></span> <span class='ocrx_word' id='word_1_536' title='bbox 3342 771 3462 818; x_wconf 87' lang='lat' dir='ltr'><strong>sum</strong></span> <span class='ocrx_word' id='word_1_537' title='bbox 3479 758 3506 812; x_wconf 66' lang='grc' dir='ltr'>ἲ</span> 
     </span>
    </p>
   </div>
   <div class='ocr_carea' id='block_1_69' title="bbox 1911 836 3504 922">
    <p class='ocr_par' dir='ltr' id='par_1_69' title="bbox 1911 836 3504 922">
     <span class='ocr_line' id='line_1_69' title="bbox 1911 836 3504 922; baseline 0.013 -33"><span class='ocrx_word' id='word_1_538' title='bbox 1911 839 2038 910; x_wconf 85' lang='lat' dir='ltr'><strong>quid</strong></span> <span class='ocrx_word' id='word_1_539' title='bbox 2080 839 2238 894; x_wconf 87' lang='lat' dir='ltr'><strong>sum?</strong></span> <span class='ocrx_word' id='word_1_540' title='bbox 2281 837 2548 909; x_wconf 84' lang='lat' dir='ltr'><strong>Numquid</strong></span> <span class='ocrx_word' id='word_1_541' title='bbox 2583 836 2859 895; x_wconf 88' lang='lat' dir='ltr'><strong>Catholica</strong></span> <span class='ocrx_word' id='word_1_542' title='bbox 2898 855 2998 912; x_wconf 86' lang='lat' dir='ltr'><strong>ego</strong></span> <span class='ocrx_word' id='word_1_543' title='bbox 3040 843 3200 899; x_wconf 82' lang='lat' dir='ltr'><strong>sum?</strong></span> <span class='ocrx_word' id='word_1_544' title='bbox 3244 850 3504 922; x_wconf 84' lang='lat' dir='ltr'><strong>numquid</strong></span> 
     </span>
    </p>
   </div>
   <div class='ocr_carea' id='block_1_70' title="bbox 1913 928 3504 1006">
    <p class='ocr_par' dir='ltr' id='par_1_70' title="bbox 1913 928 3504 1006">
     <span class='ocr_line' id='line_1_70' title="bbox 1913 928 3504 1006; baseline 0.009 -22"><span class='ocrx_word' id='word_1_545' title='bbox 1913 930 2197 986; x_wconf 68' lang='lat' dir='ltr'><strong>hazreditas</strong></span> <span class='ocrx_word' id='word_1_546' title='bbox 2233 929 2435 984; x_wconf 87' lang='lat' dir='ltr'><strong>Christi</strong></span> <span class='ocrx_word' id='word_1_547' title='bbox 2462 928 2656 985; x_wconf 77' lang='lat' dir='ltr'><strong>dill‘usa</strong></span> <span class='ocrx_word' id='word_1_548' title='bbox 2694 946 2792 1000; x_wconf 91' lang='lat' dir='ltr'><strong>per</strong></span> <span class='ocrx_word' id='word_1_549' title='bbox 2813 941 3002 1003; x_wconf 91' lang='lat' dir='ltr'><strong>gentes</strong></span> <span class='ocrx_word' id='word_1_550' title='bbox 3031 950 3131 1006; x_wconf 86' lang='lat' dir='ltr'><strong>ego</strong></span> <span class='ocrx_word' id='word_1_551' title='bbox 3156 939 3315 993; x_wconf 86' lang='lat' dir='ltr'><strong>sum?</strong></span> <span class='ocrx_word' id='word_1_552' title='bbox 3337 938 3504 998; x_wconf 76' lang='lat' dir='ltr'><strong>Sulli-</strong></span> 
     </span>
    </p>
   </div>
   <div class='ocr_carea' id='block_1_71' title="bbox 1911 1023 3496 1104">
    <p class='ocr_par' dir='ltr' id='par_1_71' title="bbox 1911 1023 3496 1104">
     <span class='ocr_line' id='line_1_71' title="bbox 1911 1023 3496 1104; baseline 0.009 -26"><span class='ocrx_word' id='word_1_553' title='bbox 1911 1024 1987 1079; x_wconf 92' lang='lat' dir='ltr'><strong>cit</strong></span> <span class='ocrx_word' id='word_1_554' title='bbox 2008 1023 2138 1078; x_wconf 89' lang='lat' dir='ltr'><strong>mihi</strong></span> <span class='ocrx_word' id='word_1_555' title='bbox 2169 1032 2229 1078; x_wconf 93' lang='lat' dir='ltr'><strong>ut</strong></span> <span class='ocrx_word' id='word_1_556' title='bbox 2259 1024 2310 1078; x_wconf 91' lang='lat' dir='ltr'><strong>in</strong></span> <span class='ocrx_word' id='word_1_557' title='bbox 2341 1037 2406 1078; x_wconf 91' lang='lat' dir='ltr'><strong>ea</strong></span> <span class='ocrx_word' id='word_1_558' title='bbox 2436 1023 2559 1078; x_wconf 88' lang='lat' dir='ltr'><strong>sim.</strong></span> <span class='ocrx_word' id='word_1_559' title='bbox 2593 1023 2874 1095; x_wconf 80' lang='lat' dir='ltr'><strong>Vituperas</strong></span> <span class='ocrx_word' id='word_1_560' title='bbox 2895 1028 3034 1083; x_wconf 89' lang='lat' dir='ltr'><strong>mala</strong></span> <span class='ocrx_word' id='word_1_561' title='bbox 3062 1045 3179 1087; x_wconf 89' lang='lat' dir='ltr'><strong>mea</strong></span> <span class='ocrx_word' id='word_1_562' title='bbox 3202 1035 3496 1104; x_wconf 68' lang='lat' dir='ltr'><strong>prccterita,</strong></span> 
     </span>
    </p>
   </div>
   <div class='ocr_carea' id='block_1_72' title="bbox 1912 1113 3505 1190">
    <p class='ocr_par' dir='ltr' id='par_1_72' title="bbox 1912 1113 3505 1190">
     <span class='ocr_line' id='line_1_72' title="bbox 1912 1113 3505 1190; baseline 0.011 -22"><span class='ocrx_word' id='word_1_563' title='bbox 1912 1114 2038 1186; x_wconf 89' lang='lat' dir='ltr'><strong>quid</strong></span> <span class='ocrx_word' id='word_1_564' title='bbox 2081 1129 2330 1184; x_wconf 86' lang='lat' dir='ltr'><strong>magnum</strong></span> <span class='ocrx_word' id='word_1_565' title='bbox 2362 1113 2532 1168; x_wconf 85' lang='lat' dir='ltr'><strong>facis?</strong></span> <span class='ocrx_word' id='word_1_566' title='bbox 2570 1113 2821 1172; x_wconf 89' lang='lat' dir='ltr'><strong>Severior</strong></span> <span class='ocrx_word' id='word_1_567' title='bbox 2849 1131 2966 1173; x_wconf 89' lang='lat' dir='ltr'><strong>sum</strong></span> <span class='ocrx_word' id='word_1_568' title='bbox 2995 1134 3096 1190; x_wconf 85' lang='lat' dir='ltr'><strong>ego</strong></span> <span class='ocrx_word' id='word_1_569' title='bbox 3134 1125 3186 1178; x_wconf 92' lang='lat' dir='ltr'><strong>in</strong></span> <span class='ocrx_word' id='word_1_570' title='bbox 3215 1125 3353 1180; x_wconf 89' lang='lat' dir='ltr'><strong>mala</strong></span> <span class='ocrx_word' id='word_1_571' title='bbox 3380 1143 3505 1189; x_wconf 77' lang='lat' dir='ltr'><strong>mea</strong></span> 
     </span>
    </p>
   </div>
   <div class='ocr_carea' id='block_1_73' title="bbox 1912 1206 3503 1281">
    <p class='ocr_par' dir='ltr' id='par_1_73' title="bbox 1912 1206 3503 1281">
     <span class='ocr_line' id='line_1_73' title="bbox 1912 1206 3503 1281; baseline 0.011 -20"><span class='ocrx_word' id='word_1_572' title='bbox 1912 1222 2073 1278; x_wconf 90' lang='lat' dir='ltr'><strong>quam</strong></span> <span class='ocrx_word' id='word_1_573' title='bbox 2104 1217 2158 1260; x_wconf 92' lang='lat' dir='ltr'><strong>tu</strong></span> <span class='ocrx_word' id='word_1_574' title='bbox 2183 1223 2196 1259; x_wconf 93' lang='lat'>:</span> <span class='ocrx_word' id='word_1_575' title='bbox 2229 1206 2372 1276; x_wconf 87' lang='lat' dir='ltr'><strong>quod</strong></span> <span class='ocrx_word' id='word_1_576' title='bbox 2399 1216 2456 1261; x_wconf 94' lang='lat' dir='ltr'><strong>tu</strong></span> <span class='ocrx_word' id='word_1_577' title='bbox 2477 1207 2790 1278; x_wconf 81' lang='lat' dir='ltr'><strong>vituperasti</strong></span> <span class='ocrx_word' id='word_1_578' title='bbox 2809 1249 2823 1274; x_wconf 95' lang='lat'><strong>,</strong></span> <span class='ocrx_word' id='word_1_579' title='bbox 2854 1226 2958 1281; x_wconf 86' lang='lat' dir='ltr'><strong>ego</strong></span> <span class='ocrx_word' id='word_1_580' title='bbox 2985 1212 3253 1272; x_wconf 86' lang='lat' dir='ltr'><strong>damnavi.</strong></span> <span class='ocrx_word' id='word_1_581' title='bbox 3282 1218 3503 1279; x_wconf 87' lang='lat' dir='ltr'><strong>Utinam</strong></span> 
     </span>
    </p>
   </div>
   <div class='ocr_carea' id='block_1_74' title="bbox 1913 1299 3504 1385">
    <p class='ocr_par' dir='ltr' id='par_1_74' title="bbox 1913 1299 3504 1385">
     <span class='ocr_line' id='line_1_74' title="bbox 1913 1299 3504 1385; baseline 0.011 -31"><span class='ocrx_word' id='word_1_582' title='bbox 1913 1299 2080 1355; x_wconf 87' lang='lat' dir='ltr'><strong>velles</strong></span> <span class='ocrx_word' id='word_1_583' title='bbox 2111 1300 2338 1367; x_wconf 88' lang='lat' dir='ltr'><strong>imitari,</strong></span> <span class='ocrx_word' id='word_1_584' title='bbox 2369 1307 2428 1354; x_wconf 93' lang='lat' dir='ltr'><strong>ut</strong></span> <span class='ocrx_word' id='word_1_585' title='bbox 2453 1309 2507 1356; x_wconf 91' lang='lat' dir='ltr'><strong>et</strong></span> <span class='ocrx_word' id='word_1_586' title='bbox 2529 1315 2683 1356; x_wconf 89' lang='lat' dir='ltr'><strong>error</strong></span> <span class='ocrx_word' id='word_1_587' title='bbox 2708 1309 2830 1358; x_wconf 88' lang='lat' dir='ltr'><strong>tuus</strong></span> <span class='ocrx_word' id='word_1_588' title='bbox 2859 1301 3016 1361; x_wconf 83' lang='lat' dir='ltr'><strong>ﬁeret</strong></span> <span class='ocrx_word' id='word_1_589' title='bbox 3048 1308 3337 1380; x_wconf 89' lang='lat' dir='ltr'><strong>aliquando</strong></span> <span class='ocrx_word' id='word_1_590' title='bbox 3363 1330 3504 1385; x_wconf 69' lang='lat' dir='ltr'><strong>prte-</strong></span> 
     </span>
    </p>
   </div>
   <div class='ocr_carea' id='block_1_75' title="bbox 1915 1391 3505 1479">
    <p class='ocr_par' dir='ltr' id='par_1_75' title="bbox 1915 1391 3505 1479">
     <span class='ocr_line' id='line_1_75' title="bbox 1915 1391 3505 1479; baseline 0.012 -33"><span class='ocrx_word' id='word_1_591' title='bbox 1915 1392 2139 1447; x_wconf 88' lang='lat' dir='ltr'><strong>teritus!</strong></span> <span class='ocrx_word' id='word_1_592' title='bbox 2197 1391 2302 1447; x_wconf 87' lang='lat' dir='ltr'><strong>Ista</strong></span> <span class='ocrx_word' id='word_1_593' title='bbox 2346 1400 2472 1447; x_wconf 91' lang='lat' dir='ltr'><strong>sunt</strong></span> <span class='ocrx_word' id='word_1_594' title='bbox 2513 1393 2651 1448; x_wconf 90' lang='lat' dir='ltr'><strong>mala</strong></span> <span class='ocrx_word' id='word_1_595' title='bbox 2693 1395 3001 1464; x_wconf 62' lang='lat' dir='ltr'><strong>praeterita,</strong></span> <span class='ocrx_word' id='word_1_596' title='bbox 3045 1416 3166 1469; x_wconf 72' lang='lat' dir='ltr'><strong>qua:</strong></span> <span class='ocrx_word' id='word_1_597' title='bbox 3204 1417 3505 1479; x_wconf 88' lang='lat' dir='ltr'><strong>noverunt,</strong></span> 
     </span>
    </p>
   </div>
   <div class='ocr_carea' id='block_1_76' title="bbox 1912 1481 3504 1572">
    <p class='ocr_par' dir='ltr' id='par_1_76' title="bbox 1912 1481 3504 1572">
     <span class='ocr_line' id='line_1_76' title="bbox 1912 1481 3504 1572; baseline 0.008 -32"><span class='ocrx_word' id='word_1_598' title='bbox 1912 1485 2145 1540; x_wconf 80' lang='lat' dir='ltr'><strong>maxime</strong></span> <span class='ocrx_word' id='word_1_599' title='bbox 2168 1485 2220 1538; x_wconf 93' lang='lat' dir='ltr'><strong>in</strong></span> <span class='ocrx_word' id='word_1_600' title='bbox 2259 1481 2359 1539; x_wconf 65' lang='lat' dir='ltr'><strong>iista</strong></span> <span class='ocrx_word' id='word_1_601' title='bbox 2395 1484 2634 1542; x_wconf 84' lang='lat' dir='ltr'><strong>civitate.</strong></span> <span class='ocrx_word' id='word_1_602' title='bbox 2667 1486 2766 1543; x_wconf 85' lang='lat' dir='ltr'><strong>Hic</strong></span> <span class='ocrx_word' id='word_1_603' title='bbox 2791 1489 2934 1544; x_wconf 90' lang='lat' dir='ltr'><strong>enim</strong></span> <span class='ocrx_word' id='word_1_604' title='bbox 2977 1491 3117 1546; x_wconf 91' lang='lat' dir='ltr'><strong>male</strong></span> <span class='ocrx_word' id='word_1_605' title='bbox 3140 1497 3368 1556; x_wconf 73' lang='lat' dir='ltr'><strong>viximus</strong></span> <span class='ocrx_word' id='word_1_606' title='bbox 3395 1501 3504 1572; x_wconf 83' lang='lat' dir='ltr'><strong>(a),</strong></span> 
     </span>
    </p>
   </div>
   <div class='ocr_carea' id='block_1_77' title="bbox 1912 1575 3504 1660">
    <p class='ocr_par' dir='ltr' id='par_1_77' title="bbox 1912 1575 3504 1660">
     <span class='ocr_line' id='line_1_77' title="bbox 1912 1575 3504 1660; baseline 0.011 -30"><span class='ocrx_word' id='word_1_607' title='bbox 1912 1575 2053 1647; x_wconf 92' lang='lat' dir='ltr'><strong>quod</strong></span> <span class='ocrx_word' id='word_1_608' title='bbox 2097 1590 2202 1647; x_wconf 85' lang='lat' dir='ltr'><strong>ego</strong></span> <span class='ocrx_word' id='word_1_609' title='bbox 2234 1577 2536 1634; x_wconf 80' lang='lat' dir='ltr'><strong>conﬁteor:</strong></span> <span class='ocrx_word' id='word_1_610' title='bbox 2581 1586 2637 1633; x_wconf 91' lang='lat' dir='ltr'><strong>et</strong></span> <span class='ocrx_word' id='word_1_611' title='bbox 2677 1588 2935 1649; x_wconf 87' lang='lat' dir='ltr'><strong>quantum</strong></span> <span class='ocrx_word' id='word_1_612' title='bbox 2977 1584 3183 1653; x_wconf 88' lang='lat' dir='ltr'><strong>gaudeo</strong></span> <span class='ocrx_word' id='word_1_613' title='bbox 3219 1586 3287 1642; x_wconf 89' lang='lat' dir='ltr'><strong>de</strong></span> <span class='ocrx_word' id='word_1_614' title='bbox 3336 1594 3504 1660; x_wconf 83' lang='lat' dir='ltr'><strong>gratia</strong></span> 
     </span>
    </p>
   </div>
   <div class='ocr_carea' id='block_1_78' title="bbox 1914 1668 3509 1744">
    <p class='ocr_par' dir='ltr' id='par_1_78' title="bbox 1914 1668 3509 1744">
     <span class='ocr_line' id='line_1_78' title="bbox 1914 1668 3509 1744; baseline 0.011 -22"><span class='ocrx_word' id='word_1_615' title='bbox 1914 1669 2030 1734; x_wconf 89' lang='lat' dir='ltr'><strong>Dei,</strong></span> <span class='ocrx_word' id='word_1_616' title='bbox 2060 1677 2263 1723; x_wconf 88' lang='lat' dir='ltr'><strong>tantum</strong></span> <span class='ocrx_word' id='word_1_617' title='bbox 2289 1668 2358 1725; x_wconf 90' lang='lat' dir='ltr'><strong>de</strong></span> <span class='ocrx_word' id='word_1_618' title='bbox 2384 1670 2522 1726; x_wconf 90' lang='lat' dir='ltr'><strong>meis</strong></span> <span class='ocrx_word' id='word_1_619' title='bbox 2542 1672 2830 1742; x_wconf 58' lang='lat' dir='ltr'><strong>praeteritis</strong></span> <span class='ocrx_word' id='word_1_620' title='bbox 2851 1673 2893 1740; x_wconf 90' lang='grc'><strong>¹,</strong></span> <span class='ocrx_word' id='word_1_621' title='bbox 2915 1674 3047 1744; x_wconf 89' lang='lat' dir='ltr'><strong>quid</strong></span> <span class='ocrx_word' id='word_1_622' title='bbox 3073 1675 3288 1733; x_wconf 87' lang='lat' dir='ltr'><strong>dicam?</strong></span> <span class='ocrx_word' id='word_1_623' title='bbox 3309 1681 3509 1740; x_wconf 70' lang='lat' dir='ltr'><strong>Doleo!</strong></span> 
     </span>
    </p>
   </div>
   <div class='ocr_carea' id='block_1_79' title="bbox 1914 1760 3507 1835">
    <p class='ocr_par' dir='ltr' id='par_1_79' title="bbox 1914 1760 3507 1835">
     <span class='ocr_line' id='line_1_79' title="bbox 1914 1760 3507 1835; baseline 0.014 -22"><span class='ocrx_word' id='word_1_624' title='bbox 1914 1760 2187 1828; x_wconf 81' lang='lat' dir='ltr'><strong>Dolorem,</strong></span> <span class='ocrx_word' id='word_1_625' title='bbox 2215 1762 2260 1817; x_wconf 90' lang='lat' dir='ltr'><strong>si</strong></span> <span class='ocrx_word' id='word_1_626' title='bbox 2290 1761 2465 1818; x_wconf 87' lang='lat' dir='ltr'><strong>adhuc</strong></span> <span class='ocrx_word' id='word_1_627' title='bbox 2493 1778 2691 1819; x_wconf 89' lang='lat' dir='ltr'><strong>essem.</strong></span> <span class='ocrx_word' id='word_1_628' title='bbox 2721 1763 2826 1820; x_wconf 91' lang='lat' dir='ltr'><strong>Sed</strong></span> <span class='ocrx_word' id='word_1_629' title='bbox 2854 1766 2982 1835; x_wconf 90' lang='lat' dir='ltr'><strong>quid</strong></span> <span class='ocrx_word' id='word_1_630' title='bbox 3011 1768 3222 1827; x_wconf 84' lang='lat' dir='ltr'><strong>dicam?</strong></span> <span class='ocrx_word' id='word_1_631' title='bbox 3247 1773 3507 1834; x_wconf 68' lang='lat' dir='ltr'><strong>Gaudeo?</strong></span> 
     </span>
    </p>
   </div>
   <div class='ocr_carea' id='block_1_80' title="bbox 1911 1850 3508 1939">
    <p class='ocr_par' dir='ltr' id='par_1_80' title="bbox 1911 1850 3508 1939">
     <span class='ocr_line' id='line_1_80' title="bbox 1911 1850 3508 1939; baseline 0.013 -32"><span class='ocrx_word' id='word_1_632' title='bbox 1911 1850 2026 1907; x_wconf 86' lang='lat' dir='ltr'><strong>Nec</strong></span> <span class='ocrx_word' id='word_1_633' title='bbox 2071 1851 2172 1907; x_wconf 89' lang='lat' dir='ltr'><strong>hoc</strong></span> <span class='ocrx_word' id='word_1_634' title='bbox 2227 1868 2445 1923; x_wconf 90' lang='lat' dir='ltr'><strong>possum</strong></span> <span class='ocrx_word' id='word_1_635' title='bbox 2493 1855 2674 1912; x_wconf 89' lang='lat' dir='ltr'><strong>dicere</strong></span> <span class='ocrx_word' id='word_1_636' title='bbox 2727 1875 2741 1912; x_wconf 90' lang='lat'><strong>:</strong></span> <span class='ocrx_word' id='word_1_637' title='bbox 2786 1857 2985 1913; x_wconf 89' lang='lat' dir='ltr'><strong>utinam</strong></span> <span class='ocrx_word' id='word_1_638' title='bbox 3035 1862 3178 1917; x_wconf 91' lang='lat' dir='ltr'><strong>enim</strong></span> <span class='ocrx_word' id='word_1_639' title='bbox 3234 1882 3508 1939; x_wconf 86' lang='lat' dir='ltr'><strong>nunquam</strong></span> 
     </span>
    </p>
   </div>
   <div class='ocr_carea' id='block_1_81' title="bbox 1915 1942 3506 2034">
    <p class='ocr_par' dir='ltr' id='par_1_81' title="bbox 1915 1942 3506 2034">
     <span class='ocr_line' id='line_1_81' title="bbox 1915 1942 3506 2034; baseline 0.016 -38"><span class='ocrx_word' id='word_1_640' title='bbox 1915 1942 2132 1998; x_wconf 83' lang='lat' dir='ltr'><strong>luissem</strong></span> <span class='ocrx_word' id='word_1_641' title='bbox 2157 1945 2170 1999; x_wconf 88' lang='lat'><strong>!</strong></span> <span class='ocrx_word' id='word_1_642' title='bbox 2199 1944 2462 2016; x_wconf 89' lang='lat' dir='ltr'><strong>Quidquid</strong></span> <span class='ocrx_word' id='word_1_643' title='bbox 2491 1955 2667 2003; x_wconf 87' lang='lat' dir='ltr'><strong>tamen</strong></span> <span class='ocrx_word' id='word_1_644' title='bbox 2695 1947 2788 2014; x_wconf 87' lang='lat' dir='ltr'><strong>fui,</strong></span> <span class='ocrx_word' id='word_1_645' title='bbox 2824 1950 2876 2004; x_wconf 92' lang='lat' dir='ltr'><strong>in</strong></span> <span class='ocrx_word' id='word_1_646' title='bbox 2900 1953 3115 2010; x_wconf 90' lang='lat' dir='ltr'><strong>nomine</strong></span> <span class='ocrx_word' id='word_1_647' title='bbox 3139 1955 3337 2016; x_wconf 91' lang='lat' dir='ltr'><strong>Christi</strong></span> <span class='ocrx_word' id='word_1_648' title='bbox 3364 1977 3506 2034; x_wconf 68' lang='lat' dir='ltr'><strong>pra:-</strong></span> 
     </span>
    </p>
   </div>
   <div class='ocr_carea' id='block_1_82' title="bbox 1916 2035 3506 2121">
    <p class='ocr_par' dir='ltr' id='par_1_82' title="bbox 1916 2035 3506 2121">
     <span class='ocr_line' id='line_1_82' title="bbox 1916 2035 3506 2121; baseline 0.018 -33"><span class='ocrx_word' id='word_1_649' title='bbox 1916 2035 2129 2090; x_wconf 85' lang='lat' dir='ltr'><strong>teritum</strong></span> <span class='ocrx_word' id='word_1_650' title='bbox 2165 2044 2267 2092; x_wconf 90' lang='lat' dir='ltr'><strong>est.</strong></span> <span class='ocrx_word' id='word_1_651' title='bbox 2306 2037 2458 2104; x_wconf 88' lang='lat' dir='ltr'><strong>Quod</strong></span> <span class='ocrx_word' id='word_1_652' title='bbox 2505 2053 2683 2096; x_wconf 84' lang='lat' dir='ltr'><strong>autem</strong></span> <span class='ocrx_word' id='word_1_653' title='bbox 2727 2042 2887 2098; x_wconf 91' lang='lat' dir='ltr'><strong>modo</strong></span> <span class='ocrx_word' id='word_1_654' title='bbox 2928 2047 3359 2121; x_wconf 87' lang='lat' dir='ltr'><strong>reprehendunt,</strong></span> <span class='ocrx_word' id='word_1_655' title='bbox 3391 2073 3506 2117; x_wconf 86' lang='lat' dir='ltr'><strong>non</strong></span> 
     </span>
    </p>
   </div>
   <div class='ocr_carea' id='block_1_83' title="bbox 1913 2129 3506 2212">
    <p class='ocr_par' dir='ltr' id='par_1_83' title="bbox 1913 2129 3506 2212">
     <span class='ocr_line' id='line_1_83' title="bbox 1913 2129 3506 2212; baseline 0.018 -30"><span class='ocrx_word' id='word_1_656' title='bbox 1913 2139 2130 2184; x_wconf 89' lang='lat' dir='ltr'><strong>norunt.</strong></span> <span class='ocrx_word' id='word_1_657' title='bbox 2174 2129 2311 2186; x_wconf 88' lang='lat' dir='ltr'><strong>Sunt</strong></span> <span class='ocrx_word' id='word_1_658' title='bbox 2337 2148 2455 2203; x_wconf 73' lang='lat' dir='ltr'><strong>qua:</strong></span> <span class='ocrx_word' id='word_1_659' title='bbox 2484 2132 2658 2189; x_wconf 90' lang='lat' dir='ltr'><strong>adhuc</strong></span> <span class='ocrx_word' id='word_1_660' title='bbox 2698 2135 2749 2189; x_wconf 91' lang='lat' dir='ltr'><strong>in</strong></span> <span class='ocrx_word' id='word_1_661' title='bbox 2781 2151 2868 2192; x_wconf 89' lang='lat' dir='ltr'><strong>me</strong></span> <span class='ocrx_word' id='word_1_662' title='bbox 2898 2141 3290 2209; x_wconf 85' lang='lat' dir='ltr'><strong>reprehendant</strong></span> <span class='ocrx_word' id='word_1_663' title='bbox 3313 2151 3335 2183; x_wconf 79' lang='grc'><strong>⁸</strong></span> <span class='ocrx_word' id='word_1_664' title='bbox 3365 2169 3379 2207; x_wconf 89' lang='lat'><strong>:</strong></span> <span class='ocrx_word' id='word_1_665' title='bbox 3405 2154 3506 2212; x_wconf 86' lang='lat' dir='ltr'><strong>sed</strong></span> 
     </span>
    </p>
   </div>
   <div class='ocr_carea' id='block_1_84' title="bbox 1916 2223 3507 2306">
    <p class='ocr_par' dir='ltr' id='par_1_84' title="bbox 1916 2223 3507 2306">
     <span class='ocr_line' id='line_1_84' title="bbox 1916 2223 3507 2306; baseline 0.02 -31"><span class='ocrx_word' id='word_1_666' title='bbox 1916 2228 2090 2276; x_wconf 87' lang='lat' dir='ltr'><strong>tamen</strong></span> <span class='ocrx_word' id='word_1_667' title='bbox 2135 2223 2362 2278; x_wconf 91' lang='lat' dir='ltr'><strong>multum</strong></span> <span class='ocrx_word' id='word_1_668' title='bbox 2399 2234 2482 2279; x_wconf 91' lang='lat' dir='ltr'><strong>cst</strong></span> <span class='ocrx_word' id='word_1_669' title='bbox 2513 2225 2581 2281; x_wconf 90' lang='lat' dir='ltr'><strong>ad</strong></span> <span class='ocrx_word' id='word_1_670' title='bbox 2627 2226 2747 2284; x_wconf 92' lang='lat' dir='ltr'><strong>illos</strong></span> <span class='ocrx_word' id='word_1_671' title='bbox 2779 2237 2839 2284; x_wconf 91' lang='lat' dir='ltr'><strong>ut</strong></span> <span class='ocrx_word' id='word_1_672' title='bbox 2877 2231 2992 2287; x_wconf 60' lang='lat' dir='ltr'><strong>haec</strong></span> <span class='ocrx_word' id='word_1_673' title='bbox 3031 2240 3295 2297; x_wconf 89' lang='lat' dir='ltr'><strong>noverint.</strong></span> <span class='ocrx_word' id='word_1_674' title='bbox 3339 2243 3507 2306; x_wconf 83' lang='lat' dir='ltr'><strong>Multa</strong></span> 
     </span>
    </p>
   </div>
   <div class='ocr_carea' id='block_1_85' title="bbox 1913 2314 3504 2395">
    <p class='ocr_par' dir='ltr' id='par_1_85' title="bbox 1913 2314 3504 2395">
     <span class='ocr_line' id='line_1_85' title="bbox 1913 2314 3504 2395; baseline 0.01 -29"><span class='ocrx_word' id='word_1_675' title='bbox 1913 2327 2015 2384; x_wconf 85' lang='lat' dir='ltr'><strong>ago</strong></span> <span class='ocrx_word' id='word_1_676' title='bbox 2036 2315 2056 2345; x_wconf 91' lang='grc'>³</span> <span class='ocrx_word' id='word_1_677' title='bbox 2084 2314 2135 2368; x_wconf 93' lang='lat' dir='ltr'><strong>in</strong></span> <span class='ocrx_word' id='word_1_678' title='bbox 2184 2316 2598 2386; x_wconf 87' lang='lat' dir='ltr'><strong>cogitationibus</strong></span> <span class='ocrx_word' id='word_1_679' title='bbox 2627 2319 2761 2376; x_wconf 90' lang='lat' dir='ltr'><strong>meis</strong></span> <span class='ocrx_word' id='word_1_680' title='bbox 2785 2362 2799 2386; x_wconf 93' lang='lat'><strong>,</strong></span> <span class='ocrx_word' id='word_1_681' title='bbox 2829 2337 3072 2394; x_wconf 89' lang='lat' dir='ltr'><strong>pugnans</strong></span> <span class='ocrx_word' id='word_1_682' title='bbox 3100 2327 3357 2392; x_wconf 87' lang='lat' dir='ltr'><strong>adversus</strong></span> <span class='ocrx_word' id='word_1_683' title='bbox 3381 2353 3504 2395; x_wconf 90' lang='lat' dir='ltr'><strong>ma-</strong></span> 
     </span>
    </p>
   </div>
   <div class='ocr_carea' id='block_1_86' title="bbox 1914 2407 3506 2486">
    <p class='ocr_par' dir='ltr' id='par_1_86' title="bbox 1914 2407 3506 2486">
     <span class='ocr_line' id='line_1_86' title="bbox 1914 2407 3506 2486; baseline 0.015 -24"><span class='ocrx_word' id='word_1_684' title='bbox 1914 2407 1992 2462; x_wconf 91' lang='lat' dir='ltr'><strong>las</strong></span> <span class='ocrx_word' id='word_1_685' title='bbox 2039 2409 2408 2479; x_wconf 85' lang='lat' dir='ltr'><strong>suggestiones</strong></span> <span class='ocrx_word' id='word_1_686' title='bbox 2452 2426 2634 2480; x_wconf 86' lang='lat' dir='ltr'><strong>meas,</strong></span> <span class='ocrx_word' id='word_1_687' title='bbox 2664 2422 2719 2467; x_wconf 90' lang='lat' dir='ltr'><strong>et</strong></span> <span class='ocrx_word' id='word_1_688' title='bbox 2760 2412 2962 2472; x_wconf 88' lang='lat' dir='ltr'><strong>habens</strong></span> <span class='ocrx_word' id='word_1_689' title='bbox 3007 2420 3506 2486; x_wconf 60' lang='lat' dir='ltr'><strong>conﬂictationem“</strong></span> 
     </span>
    </p>
   </div>
   <div class='ocr_carea' id='block_1_87' title="bbox 1913 2496 3506 2577">
    <p class='ocr_par' dir='ltr' id='par_1_87' title="bbox 1913 2496 3506 2577">
     <span class='ocr_line' id='line_1_87' title="bbox 1913 2496 3506 2577; baseline 0.015 -25"><span class='ocrx_word' id='word_1_690' title='bbox 1913 2496 2220 2553; x_wconf 89' lang='lat' dir='ltr'><strong>diuturnam</strong></span> <span class='ocrx_word' id='word_1_691' title='bbox 2241 2541 2256 2566; x_wconf 93' lang='lat'><strong>,</strong></span> <span class='ocrx_word' id='word_1_692' title='bbox 2298 2510 2353 2555; x_wconf 90' lang='lat' dir='ltr'><strong>et</strong></span> <span class='ocrx_word' id='word_1_693' title='bbox 2379 2515 2547 2570; x_wconf 89' lang='lat' dir='ltr'><strong>prope</strong></span> <span class='ocrx_word' id='word_1_694' title='bbox 2570 2503 2876 2560; x_wconf 90' lang='lat' dir='ltr'><strong>continuam</strong></span> <span class='ocrx_word' id='word_1_695' title='bbox 2901 2507 2922 2538; x_wconf 76' lang='grc'><strong><em>⁵</em></strong></span> <span class='ocrx_word' id='word_1_696' title='bbox 2947 2522 3071 2564; x_wconf 91' lang='lat' dir='ltr'><strong>cum</strong></span> <span class='ocrx_word' id='word_1_697' title='bbox 3118 2514 3506 2577; x_wconf 88' lang='lat' dir='ltr'><strong>tentationibus</strong></span> 
     </span>
    </p>
   </div>
   <div class='ocr_carea' id='block_1_88' title="bbox 1914 2588 3506 2670">
    <p class='ocr_par' dir='ltr' id='par_1_88' title="bbox 1914 2588 3506 2670">
     <span class='ocr_line' id='line_1_88' title="bbox 1914 2588 3506 2670; baseline 0.016 -26"><span class='ocrx_word' id='word_1_698' title='bbox 1914 2588 2116 2645; x_wconf 89' lang='lat' dir='ltr'><strong>inimici</strong></span> <span class='ocrx_word' id='word_1_699' title='bbox 2153 2592 2466 2650; x_wconf 86' lang='lat' dir='ltr'><strong>subvertere</strong></span> <span class='ocrx_word' id='word_1_700' title='bbox 2510 2609 2597 2650; x_wconf 91' lang='lat' dir='ltr'><strong>me</strong></span> <span class='ocrx_word' id='word_1_701' title='bbox 2634 2596 2880 2652; x_wconf 89' lang='lat' dir='ltr'><strong>volentis.</strong></span> <span class='ocrx_word' id='word_1_702' title='bbox 2919 2597 3090 2658; x_wconf 88' lang='lat' dir='ltr'><strong>Gemo</strong></span> <span class='ocrx_word' id='word_1_703' title='bbox 3134 2605 3200 2659; x_wconf 90' lang='lat' dir='ltr'><strong>ad</strong></span> <span class='ocrx_word' id='word_1_704' title='bbox 3237 2607 3405 2664; x_wconf 89' lang='lat' dir='ltr'><strong>Deum</strong></span> <span class='ocrx_word' id='word_1_705' title='bbox 3449 2611 3506 2670; x_wconf 89' lang='lat' dir='ltr'><strong>in</strong></span> 
     </span>
    </p>
   </div>
   <div class='ocr_carea' id='block_1_89' title="bbox 1914 2679 3501 2772">
    <p class='ocr_par' dir='ltr' id='par_1_89' title="bbox 1914 2679 3501 2772">
     <span class='ocr_line' id='line_1_89' title="bbox 1914 2679 3501 2772; baseline 0.016 -37"><span class='ocrx_word' id='word_1_706' title='bbox 1914 2679 2224 2738; x_wconf 82' lang='lat' dir='ltr'><strong>inﬁrmitate</strong></span> <span class='ocrx_word' id='word_1_707' title='bbox 2264 2699 2418 2750; x_wconf 89' lang='lat' dir='ltr'><strong>mea;</strong></span> <span class='ocrx_word' id='word_1_708' title='bbox 2444 2694 2498 2738; x_wconf 84' lang='lat' dir='ltr'><strong>et</strong></span> <span class='ocrx_word' id='word_1_709' title='bbox 2533 2687 2682 2741; x_wconf 91' lang='lat' dir='ltr'><strong>novit</strong></span> <span class='ocrx_word' id='word_1_710' title='bbox 2715 2688 2844 2758; x_wconf 90' lang='lat' dir='ltr'><strong>quid</strong></span> <span class='ocrx_word' id='word_1_711' title='bbox 2881 2694 3110 2761; x_wconf 88' lang='lat' dir='ltr'><strong>parturit</strong></span> <span class='ocrx_word' id='word_1_712' title='bbox 3151 2712 3246 2752; x_wconf 91' lang='lat' dir='ltr'><strong>cor</strong></span> <span class='ocrx_word' id='word_1_713' title='bbox 3285 2715 3501 2772; x_wconf 91' lang='lat' dir='ltr'><strong>meum,</strong></span> 
     </span>
    </p>
   </div>
   <div class='ocr_carea' id='block_1_90' title="bbox 1916 2771 3504 2849">
    <p class='ocr_par' dir='ltr' id='par_1_90' title="bbox 1916 2771 3504 2849">
     <span class='ocr_line' id='line_1_90' title="bbox 1916 2771 3504 2849; baseline 0.015 -23"><span class='ocrx_word' id='word_1_714' title='bbox 1916 2771 2156 2843; x_wconf 80' lang='lat' dir='ltr'><strong>ille°qui</strong></span> <span class='ocrx_word' id='word_1_715' title='bbox 2182 2775 2328 2828; x_wconf 83' lang='lat' dir='ltr'><strong>novit</strong></span> <span class='ocrx_word' id='word_1_716' title='bbox 2368 2785 2576 2845; x_wconf 90' lang='lat' dir='ltr'><strong>partum</strong></span> <span class='ocrx_word' id='word_1_717' title='bbox 2622 2793 2822 2839; x_wconf 90' lang='lat' dir='ltr'><strong>meum.</strong></span> <span class='ocrx_word' id='word_1_718' title='bbox 2870 2780 3004 2837; x_wconf 79' lang='lat' dir='ltr'><strong>Mihi</strong></span> <span class='ocrx_word' id='word_1_719' title='bbox 3030 2799 3197 2841; x_wconf 85' lang='lat' dir='ltr'><strong>autem</strong></span> <span class='ocrx_word' id='word_1_720' title='bbox 3239 2771 3504 2849; x_wconf 86' lang='lat' dir='ltr'><strong>minimum</strong></span> 
     </span>
    </p>
   </div>
   <div class='ocr_carea' id='block_1_91' title="bbox 1915 2868 3506 2959">
    <p class='ocr_par' dir='ltr' id='par_1_91' title="bbox 1915 2868 3506 2959">
     <span class='ocr_line' id='line_1_91' title="bbox 1915 2868 3506 2959; baseline 0.015 -39"><span class='ocrx_word' id='word_1_721' title='bbox 1915 2876 2009 2935; x_wconf 85' lang='lat' dir='ltr'><strong>est,</strong></span> <span class='ocrx_word' id='word_1_722' title='bbox 2049 2877 2105 2922; x_wconf 88' lang='lat' dir='ltr'><strong>ut</strong></span> <span class='ocrx_word' id='word_1_723' title='bbox 2129 2884 2161 2921; x_wconf 92' lang='lat' dir='ltr'><strong>a</strong></span> <span class='ocrx_word' id='word_1_724' title='bbox 2194 2868 2330 2923; x_wconf 84' lang='lat' dir='ltr'><strong>vobis</strong></span> <span class='ocrx_word' id='word_1_725' title='bbox 2358 2870 2611 2940; x_wconf 88' lang='lat' dir='ltr'><strong>dijudicer</strong></span> <span class='ocrx_word' id='word_1_726' title='bbox 2634 2913 2649 2939; x_wconf 96' lang='lat'><strong>,</strong></span> <span class='ocrx_word' id='word_1_727' title='bbox 2677 2885 2765 2928; x_wconf 87' lang='lat' dir='ltr'><strong>aut</strong></span> <span class='ocrx_word' id='word_1_728' title='bbox 2799 2876 2861 2930; x_wconf 88' lang='lat' dir='ltr'><strong>ab</strong></span> <span class='ocrx_word' id='word_1_729' title='bbox 2883 2877 3105 2935; x_wconf 84' lang='lat' dir='ltr'><strong>humano</strong></span> <span class='ocrx_word' id='word_1_730' title='bbox 3126 2884 3227 2950; x_wconf 85' lang='lat' dir='ltr'><strong>die,</strong></span> <span class='ocrx_word' id='word_1_731' title='bbox 3257 2887 3332 2942; x_wconf 87' lang='lat' dir='ltr'><strong>ait</strong></span> <span class='ocrx_word' id='word_1_732' title='bbox 3359 2890 3506 2959; x_wconf 84' lang='lat' dir='ltr'><strong>Apo-</strong></span> 
     </span>
    </p>
   </div>
   <div class='ocr_carea' id='block_1_92' title="bbox 1916 2961 3502 3051">
    <p class='ocr_par' dir='ltr' id='par_1_92' title="bbox 1916 2961 3502 3051">
     <span class='ocr_line' id='line_1_92' title="bbox 1916 2961 3502 3051; baseline 0.013 -37"><span class='ocrx_word' id='word_1_733' title='bbox 1916 2961 2083 3016; x_wconf 84' lang='lat' dir='ltr'><strong>stolus</strong></span> <span class='ocrx_word' id='word_1_734' title='bbox 2108 2977 2124 3028; x_wconf 90' lang='lat'><strong>;</strong></span> <span class='ocrx_word' id='word_1_735' title='bbox 2151 2962 2240 3016; x_wconf 86' lang='lat' dir='ltr'><strong>sed</strong></span> <span class='ocrx_word' id='word_1_736' title='bbox 2273 2979 2430 3034; x_wconf 85' lang='lat' dir='ltr'><strong>neque</strong></span> <span class='ocrx_word' id='word_1_737' title='bbox 2452 2981 2544 3036; x_wconf 89' lang='lat' dir='ltr'><strong>ego</strong></span> <span class='ocrx_word' id='word_1_738' title='bbox 2582 2967 2831 3039; x_wconf 82' lang='lat' dir='ltr'><strong>meipsum</strong></span> <span class='ocrx_word' id='word_1_739' title='bbox 2860 2971 3038 3040; x_wconf 85' lang='lat' dir='ltr'><strong>judico</strong></span> <span class='ocrx_word' id='word_1_740' title='bbox 3085 2974 3127 3044; x_wconf 83' lang='grc'><strong>(1</strong></span> <span class='ocrx_word' id='word_1_741' title='bbox 3148 2972 3267 3033; x_wconf 85' lang='lat' dir='ltr'><strong>Cor.</strong></span> <span class='ocrx_word' id='word_1_742' title='bbox 3296 2995 3369 3049; x_wconf 85' lang='lat' dir='ltr'><strong>tv,</strong></span> <span class='ocrx_word' id='word_1_743' title='bbox 3399 2984 3455 3051; x_wconf 79' lang='lat'><strong>3)</strong></span> <span class='ocrx_word' id='word_1_744' title='bbox 3485 3001 3502 3040; x_wconf 88' lang='lat'><strong>:</strong></span> 
     </span>
    </p>
   </div>
   <div class='ocr_carea' id='block_1_93' title="bbox 1915 3052 3505 3134">
    <p class='ocr_par' dir='ltr' id='par_1_93' title="bbox 1915 3052 3505 3134">
     <span class='ocr_line' id='line_1_93' title="bbox 1915 3052 3505 3134; baseline 0.017 -27"><span class='ocrx_word' id='word_1_745' title='bbox 1915 3052 2110 3109; x_wconf 90' lang='lat' dir='ltr'><strong>melius</strong></span> <span class='ocrx_word' id='word_1_746' title='bbox 2149 3055 2293 3110; x_wconf 90' lang='lat' dir='ltr'><strong>enim</strong></span> <span class='ocrx_word' id='word_1_747' title='bbox 2320 3070 2407 3111; x_wconf 93' lang='lat' dir='ltr'><strong>me</strong></span> <span class='ocrx_word' id='word_1_748' title='bbox 2435 3071 2536 3128; x_wconf 89' lang='lat' dir='ltr'><strong>ego</strong></span> <span class='ocrx_word' id='word_1_749' title='bbox 2566 3059 2686 3113; x_wconf 91' lang='lat' dir='ltr'><strong>novi</strong></span> <span class='ocrx_word' id='word_1_750' title='bbox 2714 3076 2874 3131; x_wconf 87' lang='lat' dir='ltr'><strong>quam</strong></span> <span class='ocrx_word' id='word_1_751' title='bbox 2898 3063 2990 3130; x_wconf 92' lang='lat' dir='ltr'><strong>illi,</strong></span> <span class='ocrx_word' id='word_1_752' title='bbox 3022 3066 3116 3120; x_wconf 89' lang='lat' dir='ltr'><strong>sed</strong></span> <span class='ocrx_word' id='word_1_753' title='bbox 3145 3071 3336 3127; x_wconf 91' lang='lat' dir='ltr'><strong>melius</strong></span> <span class='ocrx_word' id='word_1_754' title='bbox 3365 3075 3505 3134; x_wconf 91' lang='lat' dir='ltr'><strong>Deus</strong></span> 
     </span>
    </p>
   </div>
   <div class='ocr_carea' id='block_1_94' title="bbox 1915 3146 3506 3233">
    <p class='ocr_par' dir='ltr' id='par_1_94' title="bbox 1915 3146 3506 3233">
     <span class='ocr_line' id='line_1_94' title="bbox 1915 3146 3506 3233; baseline 0.016 -34"><span class='ocrx_word' id='word_1_755' title='bbox 1915 3161 2076 3217; x_wconf 90' lang='lat' dir='ltr'><strong>quam</strong></span> <span class='ocrx_word' id='word_1_756' title='bbox 2118 3161 2238 3218; x_wconf 88' lang='lat' dir='ltr'><strong>ego.</strong></span> <span class='ocrx_word' id='word_1_757' title='bbox 2283 3146 2402 3203; x_wconf 88' lang='lat' dir='ltr'><strong>Non</strong></span> <span class='ocrx_word' id='word_1_758' title='bbox 2434 3164 2562 3220; x_wconf 90' lang='lat' dir='ltr'><strong>ergo</strong></span> <span class='ocrx_word' id='word_1_759' title='bbox 2588 3151 2739 3207; x_wconf 88' lang='lat' dir='ltr'><strong>vobis</strong></span> <span class='ocrx_word' id='word_1_760' title='bbox 2784 3153 3040 3212; x_wconf 90' lang='lat' dir='ltr'><strong>insultent</strong></span> <span class='ocrx_word' id='word_1_761' title='bbox 3065 3157 3133 3214; x_wconf 90' lang='lat' dir='ltr'><strong>de</strong></span> <span class='ocrx_word' id='word_1_762' title='bbox 3177 3162 3362 3233; x_wconf 89' lang='lat' dir='ltr'><strong>nobis,</strong></span> <span class='ocrx_word' id='word_1_763' title='bbox 3395 3182 3506 3225; x_wconf 92' lang='lat' dir='ltr'><strong>non</strong></span> 
     </span>
    </p>
   </div>
   <div class='ocr_carea' id='block_1_95' title="bbox 1916 3237 3508 3320">
    <p class='ocr_par' dir='ltr' id='par_1_95' title="bbox 1916 3237 3508 3320">
     <span class='ocr_line' id='line_1_95' title="bbox 1916 3237 3508 3320; baseline 0.015 -26"><span class='ocrx_word' id='word_1_764' title='bbox 1916 3237 2078 3295; x_wconf 79' lang='lat' dir='ltr'><strong>faciat</strong></span> <span class='ocrx_word' id='word_1_765' title='bbox 2103 3238 2368 3298; x_wconf 89' lang='lat' dir='ltr'><strong>Christus.</strong></span> <span class='ocrx_word' id='word_1_766' title='bbox 2426 3243 2620 3299; x_wconf 92' lang='lat' dir='ltr'><strong>Dicunt</strong></span> <span class='ocrx_word' id='word_1_767' title='bbox 2658 3247 2800 3300; x_wconf 90' lang='lat' dir='ltr'><strong>enim</strong></span> <span class='ocrx_word' id='word_1_768' title='bbox 2823 3289 2837 3312; x_wconf 90' lang='lat'><strong>,</strong></span> <span class='ocrx_word' id='word_1_769' title='bbox 2871 3247 2940 3302; x_wconf 90' lang='lat' dir='ltr'><strong>Et</strong></span> <span class='ocrx_word' id='word_1_770' title='bbox 2959 3251 3048 3320; x_wconf 91' lang='lat' dir='ltr'><strong>qui</strong></span> <span class='ocrx_word' id='word_1_771' title='bbox 3087 3256 3253 3310; x_wconf 90' lang='lat' dir='ltr'><strong>sunt?</strong></span> <span class='ocrx_word' id='word_1_772' title='bbox 3281 3265 3336 3312; x_wconf 93' lang='lat' dir='ltr'><strong>et</strong></span> <span class='ocrx_word' id='word_1_773' title='bbox 3362 3261 3508 3319; x_wconf 85' lang='lat' dir='ltr'><strong>unde</strong></span> 
     </span>
    </p>
   </div>
   <div class='ocr_carea' id='block_1_96' title="bbox 1916 3331 3506 3412">
    <p class='ocr_par' dir='ltr' id='par_1_96' title="bbox 1916 3331 3506 3412">
     <span class='ocr_line' id='line_1_96' title="bbox 1916 3331 3506 3412; baseline 0.014 -24"><span class='ocrx_word' id='word_1_774' title='bbox 1916 3331 2080 3388; x_wconf 81' lang='lat' dir='ltr'><strong>sunt?</strong></span> <span class='ocrx_word' id='word_1_775' title='bbox 2105 3333 2277 3388; x_wconf 90' lang='lat' dir='ltr'><strong>malos</strong></span> <span class='ocrx_word' id='word_1_776' title='bbox 2302 3332 2389 3389; x_wconf 92' lang='lat' dir='ltr'><strong>hic</strong></span> <span class='ocrx_word' id='word_1_777' title='bbox 2412 3332 2534 3390; x_wconf 90' lang='lat' dir='ltr'><strong>illos</strong></span> <span class='ocrx_word' id='word_1_778' title='bbox 2559 3337 2826 3406; x_wconf 91' lang='lat' dir='ltr'><strong>novimus,</strong></span> <span class='ocrx_word' id='word_1_779' title='bbox 2855 3339 2943 3395; x_wconf 91' lang='lat' dir='ltr'><strong>ubi</strong></span> <span class='ocrx_word' id='word_1_780' title='bbox 2973 3340 3226 3412; x_wconf 87' lang='lat' dir='ltr'><strong>baptizati</strong></span> <span class='ocrx_word' id='word_1_781' title='bbox 3255 3351 3420 3406; x_wconf 85' lang='lat' dir='ltr'><strong>sunt?</strong></span> <span class='ocrx_word' id='word_1_782' title='bbox 3445 3353 3506 3410; x_wconf 90' lang='lat' dir='ltr'><strong>Si</strong></span> 
     </span>
    </p>
   </div>
   <div class='ocr_carea' id='block_1_97' title="bbox 1918 3423 3508 3507">
    <p class='ocr_par' dir='ltr' id='par_1_97' title="bbox 1918 3423 3508 3507">
     <span class='ocr_line' id='line_1_97' title="bbox 1918 3423 3508 3507; baseline 0.014 -29"><span class='ocrx_word' id='word_1_783' title='bbox 1918 3437 2019 3479; x_wconf 91' lang='lat' dir='ltr'><strong>nos</strong></span> <span class='ocrx_word' id='word_1_784' title='bbox 2056 3423 2194 3480; x_wconf 89' lang='lat' dir='ltr'><strong>bene</strong></span> <span class='ocrx_word' id='word_1_785' title='bbox 2233 3435 2532 3494; x_wconf 88' lang='lat' dir='ltr'><strong>noverunt,</strong></span> <span class='ocrx_word' id='word_1_786' title='bbox 2561 3429 2745 3484; x_wconf 89' lang='lat' dir='ltr'><strong>sciunt</strong></span> <span class='ocrx_word' id='word_1_787' title='bbox 2769 3428 2890 3500; x_wconf 90' lang='lat' dir='ltr'><strong>quia</strong></span> <span class='ocrx_word' id='word_1_788' title='bbox 2921 3441 2976 3488; x_wconf 91' lang='lat' dir='ltr'><strong>et</strong></span> <span class='ocrx_word' id='word_1_789' title='bbox 3009 3436 3372 3507; x_wconf 86' lang='lat' dir='ltr'><strong>navigavimus</strong></span> <span class='ocrx_word' id='word_1_790' title='bbox 3400 3444 3508 3501; x_wconf 89' lang='lat' dir='ltr'><strong>ali-</strong></span> 
     </span>
    </p>
   </div>
   <div class='ocr_carea' id='block_1_98' title="bbox 1918 3516 3505 3608">
    <p class='ocr_par' dir='ltr' id='par_1_98' title="bbox 1918 3516 3505 3608">
     <span class='ocr_line' id='line_1_98' title="bbox 1918 3516 3505 3608; baseline 0.016 -38"><span class='ocrx_word' id='word_1_791' title='bbox 1918 3516 2131 3588; x_wconf 89' lang='lat' dir='ltr'><strong>quando</strong></span> <span class='ocrx_word' id='word_1_792' title='bbox 2152 3535 2167 3584; x_wconf 90' lang='lat'><strong>;</strong></span> <span class='ocrx_word' id='word_1_793' title='bbox 2199 3519 2374 3574; x_wconf 90' lang='lat' dir='ltr'><strong>sciunt</strong></span> <span class='ocrx_word' id='word_1_794' title='bbox 2397 3521 2519 3589; x_wconf 90' lang='lat' dir='ltr'><strong>quia</strong></span> <span class='ocrx_word' id='word_1_795' title='bbox 2538 3531 2590 3576; x_wconf 90' lang='lat' dir='ltr'><strong>et</strong></span> <span class='ocrx_word' id='word_1_796' title='bbox 2611 3524 2929 3594; x_wconf 86' lang='lat' dir='ltr'><strong>percgrinati</strong></span> <span class='ocrx_word' id='word_1_797' title='bbox 2948 3541 3166 3597; x_wconf 90' lang='lat' dir='ltr'><strong>sumus;</strong></span> <span class='ocrx_word' id='word_1_798' title='bbox 3188 3533 3362 3591; x_wconf 91' lang='lat' dir='ltr'><strong>sciunt</strong></span> <span class='ocrx_word' id='word_1_799' title='bbox 3381 3537 3505 3608; x_wconf 86' lang='lat' dir='ltr'><strong>quia</strong></span> 
     </span>
    </p>
   </div>
   <div class='ocr_carea' id='block_1_99' title="bbox 1917 3610 3504 3694">
    <p class='ocr_par' dir='ltr' id='par_1_99' title="bbox 1917 3610 3504 3694">
     <span class='ocr_line' id='line_1_99' title="bbox 1917 3610 3504 3694; baseline 0.013 -29"><span class='ocrx_word' id='word_1_800' title='bbox 1917 3610 2007 3665; x_wconf 87' lang='lat' dir='ltr'><strong>alii</strong></span> <span class='ocrx_word' id='word_1_801' title='bbox 2039 3611 2250 3678; x_wconf 86' lang='lat' dir='ltr'><strong>ivimus,</strong></span> <span class='ocrx_word' id='word_1_802' title='bbox 2283 3620 2337 3667; x_wconf 91' lang='lat' dir='ltr'><strong>et</strong></span> <span class='ocrx_word' id='word_1_803' title='bbox 2360 3612 2450 3667; x_wconf 90' lang='lat' dir='ltr'><strong>alii</strong></span> <span class='ocrx_word' id='word_1_804' title='bbox 2489 3613 2796 3670; x_wconf 89' lang='lat' dir='ltr'><strong>redivimus.</strong></span> <span class='ocrx_word' id='word_1_805' title='bbox 2834 3616 2950 3672; x_wconf 89' lang='lat' dir='ltr'><strong>Non</strong></span> <span class='ocrx_word' id='word_1_806' title='bbox 2997 3620 3083 3674; x_wconf 90' lang='lat' dir='ltr'><strong>hic</strong></span> <span class='ocrx_word' id='word_1_807' title='bbox 3128 3624 3377 3694; x_wconf 89' lang='lat' dir='ltr'><strong>baptizati</strong></span> <span class='ocrx_word' id='word_1_808' title='bbox 3408 3645 3504 3686; x_wconf 64' lang='lat' dir='ltr'><strong>suo</strong></span> 
     </span>
    </p>
   </div>
   <div class='ocr_carea' id='block_1_100' title="bbox 1917 3703 3504 3782">
    <p class='ocr_par' dir='ltr' id='par_1_100' title="bbox 1917 3703 3504 3782">
     <span class='ocr_line' id='line_1_100' title="bbox 1917 3703 3504 3782; baseline 0.013 -24"><span class='ocrx_word' id='word_1_809' title='bbox 1917 3718 2036 3758; x_wconf 91' lang='lat' dir='ltr'><strong>mus</strong></span> <span class='ocrx_word' id='word_1_810' title='bbox 2063 3720 2076 3757; x_wconf 92' lang='lat'><strong>:</strong></span> <span class='ocrx_word' id='word_1_811' title='bbox 2100 3703 2193 3759; x_wconf 91' lang='lat' dir='ltr'><strong>sed</strong></span> <span class='ocrx_word' id='word_1_812' title='bbox 2237 3704 2322 3760; x_wconf 90' lang='lat' dir='ltr'><strong>ubi</strong></span> <span class='ocrx_word' id='word_1_813' title='bbox 2353 3704 2602 3774; x_wconf 86' lang='lat' dir='ltr'><strong>baptizati</strong></span> <span class='ocrx_word' id='word_1_814' title='bbox 2639 3722 2822 3763; x_wconf 90' lang='lat' dir='ltr'><strong>sumus</strong></span> <span class='ocrx_word' id='word_1_815' title='bbox 2849 3709 2926 3782; x_wconf 79' lang='grc' dir='ltr'><strong>(ὁ)</strong></span> <span class='ocrx_word' id='word_1_816' title='bbox 2951 3752 2964 3775; x_wconf 83' lang='grc'>,</span> <span class='ocrx_word' id='word_1_817' title='bbox 2999 3712 3238 3770; x_wconf 87' lang='lat' dir='ltr'><strong>Ecclesia</strong></span> <span class='ocrx_word' id='word_1_818' title='bbox 3267 3730 3348 3774; x_wconf 89' lang='lat' dir='ltr'><strong>est</strong></span> <span class='ocrx_word' id='word_1_819' title='bbox 3376 3732 3504 3780; x_wconf 90' lang='lat' dir='ltr'><strong>nota</strong></span> 
     </span>
    </p>
   </div>
   <div class='ocr_carea' id='block_1_101' title="bbox 1919 3794 3503 3883">
    <p class='ocr_par' dir='ltr' id='par_1_101' title="bbox 1919 3794 3503 3883">
     <span class='ocr_line' id='line_1_101' title="bbox 1919 3794 3503 3883; baseline 0.013 -34"><span class='ocrx_word' id='word_1_820' title='bbox 1919 3794 2168 3849; x_wconf 91' lang='lat' dir='ltr'><strong>universo</strong></span> <span class='ocrx_word' id='word_1_821' title='bbox 2195 3795 2311 3850; x_wconf 91' lang='lat' dir='ltr'><strong>orbi</strong></span> <span class='ocrx_word' id='word_1_822' title='bbox 2342 3802 2622 3851; x_wconf 89' lang='lat' dir='ltr'><strong>terrarum.</strong></span> <span class='ocrx_word' id='word_1_823' title='bbox 2659 3798 2725 3854; x_wconf 89' lang='lat' dir='ltr'><strong>Et</strong></span> <span class='ocrx_word' id='word_1_824' title='bbox 2755 3801 2906 3855; x_wconf 89' lang='lat' dir='ltr'><strong>multi</strong></span> <span class='ocrx_word' id='word_1_825' title='bbox 2935 3802 3124 3860; x_wconf 87' lang='lat' dir='ltr'><strong>fratres</strong></span> <span class='ocrx_word' id='word_1_826' title='bbox 3153 3811 3316 3864; x_wconf 85' lang='lat' dir='ltr'><strong>nostri</strong></span> <span class='ocrx_word' id='word_1_827' title='bbox 3343 3824 3503 3883; x_wconf 90' lang='lat' dir='ltr'><strong>sunt,</strong></span> 
     </span>
    </p>
   </div>
   <div class='ocr_carea' id='block_1_102' title="bbox 1918 3887 3502 3963">
    <p class='ocr_par' dir='ltr' id='par_1_102' title="bbox 1918 3887 3502 3963">
     <span class='ocr_line' id='line_1_102' title="bbox 1918 3887 3502 3963; baseline 0.016 -25"><span class='ocrx_word' id='word_1_828' title='bbox 1918 3887 2006 3957; x_wconf 90' lang='lat' dir='ltr'><strong>qui</strong></span> <span class='ocrx_word' id='word_1_829' title='bbox 2033 3895 2087 3941; x_wconf 90' lang='lat' dir='ltr'><strong>et</strong></span> <span class='ocrx_word' id='word_1_830' title='bbox 2116 3897 2308 3942; x_wconf 92' lang='lat' dir='ltr'><strong>norunt</strong></span> <span class='ocrx_word' id='word_1_831' title='bbox 2337 3889 2459 3958; x_wconf 88' lang='lat' dir='ltr'><strong>quia</strong></span> <span class='ocrx_word' id='word_1_832' title='bbox 2491 3889 2741 3960; x_wconf 87' lang='lat' dir='ltr'><strong>baptizati</strong></span> <span class='ocrx_word' id='word_1_833' title='bbox 2771 3909 2980 3960; x_wconf 91' lang='lat' dir='ltr'><strong>sumus,</strong></span> <span class='ocrx_word' id='word_1_834' title='bbox 3007 3906 3063 3952; x_wconf 90' lang='lat' dir='ltr'><strong>et</strong></span> <span class='ocrx_word' id='word_1_835' title='bbox 3093 3901 3371 3960; x_wconf 87' lang='lat' dir='ltr'><strong>nobiscum</strong></span> <span class='ocrx_word' id='word_1_836' title='bbox 3402 3908 3502 3963; x_wconf 87' lang='lat' dir='ltr'><strong>ba-</strong></span> 
     </span>
    </p>
   </div>
   <div class='ocr_carea' id='block_1_103' title="bbox 1917 3979 3504 4064">
    <p class='ocr_par' dir='ltr' id='par_1_103' title="bbox 1917 3979 3504 4064">
     <span class='ocr_line' id='line_1_103' title="bbox 1917 3979 3504 4064; baseline 0.015 -33"><span class='ocrx_word' id='word_1_837' title='bbox 1917 3979 2098 4050; x_wconf 88' lang='lat' dir='ltr'><strong>ptizati</strong></span> <span class='ocrx_word' id='word_1_838' title='bbox 2129 3988 2270 4034; x_wconf 87' lang='lat' dir='ltr'><strong>sunt.</strong></span> <span class='ocrx_word' id='word_1_839' title='bbox 2322 3979 2503 4036; x_wconf 86' lang='lat' dir='ltr'><strong>Facile</strong></span> <span class='ocrx_word' id='word_1_840' title='bbox 2535 3990 2773 4054; x_wconf 87' lang='lat' dir='ltr'><strong>estergo</strong></span> <span class='ocrx_word' id='word_1_841' title='bbox 2812 3985 2913 4041; x_wconf 93' lang='lat' dir='ltr'><strong>hoc</strong></span> <span class='ocrx_word' id='word_1_842' title='bbox 2944 4003 3100 4044; x_wconf 89' lang='lat' dir='ltr'><strong>nosse</strong></span> <span class='ocrx_word' id='word_1_843' title='bbox 3129 4032 3144 4056; x_wconf 92' lang='lat'><strong>,</strong></span> <span class='ocrx_word' id='word_1_844' title='bbox 3170 3993 3214 4046; x_wconf 92' lang='lat' dir='ltr'><strong>si</strong></span> <span class='ocrx_word' id='word_1_845' title='bbox 3242 3996 3362 4064; x_wconf 90' lang='lat' dir='ltr'><strong>quis</strong></span> <span class='ocrx_word' id='word_1_846' title='bbox 3388 3997 3504 4056; x_wconf 77' lang='lat' dir='ltr'><strong>fra-</strong></span> 
     </span>
    </p>
   </div>
   <div class='ocr_carea' id='block_1_104' title="bbox 1919 4072 3504 4148">
    <p class='ocr_par' dir='ltr' id='par_1_104' title="bbox 1919 4072 3504 4148">
     <span class='ocr_line' id='line_1_104' title="bbox 1919 4072 3504 4148; baseline 0.013 -21"><span class='ocrx_word' id='word_1_847' title='bbox 1919 4081 2060 4128; x_wconf 82' lang='lat' dir='ltr'><strong>trum</strong></span> <span class='ocrx_word' id='word_1_848' title='bbox 2091 4072 2324 4128; x_wconf 88' lang='lat' dir='ltr'><strong>estinde</strong></span> <span class='ocrx_word' id='word_1_849' title='bbox 2369 4073 2649 4130; x_wconf 91' lang='lat' dir='ltr'><strong>sollicitus.</strong></span> <span class='ocrx_word' id='word_1_850' title='bbox 2683 4075 2803 4132; x_wconf 91' lang='lat' dir='ltr'><strong>Istis</strong></span> <span class='ocrx_word' id='word_1_851' title='bbox 2835 4088 3013 4134; x_wconf 88' lang='lat' dir='ltr'><strong>autem</strong></span> <span class='ocrx_word' id='word_1_852' title='bbox 3044 4083 3365 4144; x_wconf 84' lang='lat' dir='ltr'><strong>satisfacturi</strong></span> <span class='ocrx_word' id='word_1_853' title='bbox 3416 4107 3504 4148; x_wconf 86' lang='lat' dir='ltr'><strong>su-</strong></span> 
     </span>
    </p>
   </div>
   <div class='ocr_carea' id='block_1_105' title="bbox 1917 4165 3503 4255">
    <p class='ocr_par' dir='ltr' id='par_1_105' title="bbox 1917 4165 3503 4255">
     <span class='ocr_line' id='line_1_105' title="bbox 1917 4165 3503 4255; baseline 0.013 -34"><span class='ocrx_word' id='word_1_854' title='bbox 1917 4180 2058 4229; x_wconf 90' lang='lat' dir='ltr'><strong>mus,</strong></span> <span class='ocrx_word' id='word_1_855' title='bbox 2074 4176 2128 4222; x_wconf 90' lang='lat' dir='ltr'><strong>et</strong></span> <span class='ocrx_word' id='word_1_856' title='bbox 2157 4165 2576 4222; x_wconf 89' lang='lat' dir='ltr'><strong>demonstraturi</strong></span> <span class='ocrx_word' id='word_1_857' title='bbox 2604 4169 2800 4237; x_wconf 85' lang='lat' dir='ltr'><strong>aliquid</strong></span> <span class='ocrx_word' id='word_1_858' title='bbox 2818 4170 2885 4226; x_wconf 90' lang='lat' dir='ltr'><strong>de</strong></span> <span class='ocrx_word' id='word_1_859' title='bbox 2903 4174 3203 4232; x_wconf 79' lang='lat' dir='ltr'><strong>tesumonio</strong></span> <span class='ocrx_word' id='word_1_860' title='bbox 3227 4178 3503 4255; x_wconf 76' lang='lat' dir='ltr'><strong>Ecclesiae,</strong></span> 
     </span>
    </p>
   </div>
   <div class='ocr_carea' id='block_1_106' title="bbox 1918 4260 3505 4336">
    <p class='ocr_par' dir='ltr' id='par_1_106' title="bbox 1918 4260 3505 4336">
     <span class='ocr_line' id='line_1_106' title="bbox 1918 4260 3505 4336; baseline 0.011 -20"><span class='ocrx_word' id='word_1_861' title='bbox 1918 4260 2006 4316; x_wconf 90' lang='lat' dir='ltr'><strong>cui</strong></span> <span class='ocrx_word' id='word_1_862' title='bbox 2033 4275 2139 4316; x_wconf 90' lang='lat' dir='ltr'><strong>non</strong></span> <span class='ocrx_word' id='word_1_863' title='bbox 2178 4260 2614 4315; x_wconf 88' lang='lat' dir='ltr'><strong>communicant?</strong></span> <span class='ocrx_word' id='word_1_864' title='bbox 2655 4262 2842 4318; x_wconf 88' lang='lat' dir='ltr'><strong>Merito</strong></span> <span class='ocrx_word' id='word_1_865' title='bbox 2870 4280 2976 4320; x_wconf 91' lang='lat' dir='ltr'><strong>non</strong></span> <span class='ocrx_word' id='word_1_866' title='bbox 3007 4283 3105 4323; x_wconf 92' lang='lat' dir='ltr'><strong>nos</strong></span> <span class='ocrx_word' id='word_1_867' title='bbox 3134 4281 3333 4328; x_wconf 91' lang='lat' dir='ltr'><strong>norunt</strong></span> <span class='ocrx_word' id='word_1_868' title='bbox 3356 4285 3505 4336; x_wconf 87' lang='lat' dir='ltr'><strong>trans</strong></span> 
     </span>
    </p>
   </div>
   <div class='ocr_carea' id='block_1_107' title="bbox 1918 4351 3506 4427">
    <p class='ocr_par' dir='ltr' id='par_1_107' title="bbox 1918 4351 3506 4427">
     <span class='ocr_line' id='line_1_107' title="bbox 1918 4351 3506 4427; baseline 0.012 -19"><span class='ocrx_word' id='word_1_869' title='bbox 1918 4367 2066 4408; x_wconf 88' lang='lat' dir='ltr'><strong>mare</strong></span> <span class='ocrx_word' id='word_1_870' title='bbox 2106 4351 2403 4421; x_wconf 85' lang='lat' dir='ltr'><strong>baptizatos</strong></span> <span class='ocrx_word' id='word_1_871' title='bbox 2433 4353 2486 4407; x_wconf 93' lang='lat' dir='ltr'><strong>in</strong></span> <span class='ocrx_word' id='word_1_872' title='bbox 2525 4353 2742 4409; x_wconf 89' lang='lat' dir='ltr'><strong>Christo</strong></span> <span class='ocrx_word' id='word_1_873' title='bbox 2768 4395 2782 4420; x_wconf 90' lang='lat'><strong>,</strong></span> <span class='ocrx_word' id='word_1_874' title='bbox 2811 4357 2934 4426; x_wconf 87' lang='lat' dir='ltr'><strong>quia</strong></span> <span class='ocrx_word' id='word_1_875' title='bbox 2963 4367 3017 4414; x_wconf 89' lang='lat' dir='ltr'><strong>et</strong></span> <span class='ocrx_word' id='word_1_876' title='bbox 3047 4370 3192 4417; x_wconf 85' lang='lat' dir='ltr'><strong>trans</strong></span> <span class='ocrx_word' id='word_1_877' title='bbox 3218 4380 3368 4422; x_wconf 88' lang='lat' dir='ltr'><strong>mare</strong></span> <span class='ocrx_word' id='word_1_878' title='bbox 3397 4385 3506 4427; x_wconf 91' lang='lat' dir='ltr'><strong>non</strong></span> 
     </span>
    </p>
   </div>
   <div class='ocr_carea' id='block_1_108' title="bbox 1918 4444 3577 4518">
    <p class='ocr_par' dir='ltr' id='par_1_108' title="bbox 1918 4444 3577 4518">
     <span class='ocr_line' id='line_1_108' title="bbox 1918 4444 3577 4518; baseline 0.01 -16"><span class='ocrx_word' id='word_1_879' title='bbox 1918 4446 2115 4503; x_wconf 87' lang='lat' dir='ltr'><strong>habent</strong></span> <span class='ocrx_word' id='word_1_880' title='bbox 2139 4444 2430 4501; x_wconf 86' lang='lat' dir='ltr'><strong>Christum.</strong></span> <span class='ocrx_word' id='word_1_881' title='bbox 2456 4445 2556 4501; x_wconf 90' lang='lat' dir='ltr'><strong>-llle</strong></span> <span class='ocrx_word' id='word_1_882' title='bbox 2597 4447 2742 4503; x_wconf 91' lang='lat' dir='ltr'><strong>enim</strong></span> <span class='ocrx_word' id='word_1_883' title='bbox 2770 4447 3040 4506; x_wconf 86' lang='lat' dir='ltr'><strong>Christum</strong></span> <span class='ocrx_word' id='word_1_884' title='bbox 3092 4463 3145 4507; x_wconf 93' lang='lat' dir='ltr'><strong>et</strong></span> <span class='ocrx_word' id='word_1_885' title='bbox 3185 4464 3330 4513; x_wconf 91' lang='lat' dir='ltr'><strong>trans</strong></span> <span class='ocrx_word' id='word_1_886' title='bbox 3356 4476 3506 4518; x_wconf 88' lang='lat' dir='ltr'><strong>mare</strong></span> <span class='ocrx_word' id='word_1_887' title='bbox 3567 4464 3577 4478; x_wconf 86' lang='lat'><strong><em>’</em></strong></span> 
     </span>
    </p>
   </div>
   <div class='ocr_carea' id='block_1_109' title="bbox 1917 4537 3506 4610">
    <p class='ocr_par' dir='ltr' id='par_1_109' title="bbox 1917 4537 3506 4610">
     <span class='ocr_line' id='line_1_109' title="bbox 1917 4537 3506 4610; baseline 0.011 -17"><span class='ocrx_word' id='word_1_888' title='bbox 1917 4537 2115 4604; x_wconf 85' lang='lat' dir='ltr'><strong>habet,</strong></span> <span class='ocrx_word' id='word_1_889' title='bbox 2145 4538 2236 4610; x_wconf 88' lang='lat' dir='ltr'><strong>qui</strong></span> <span class='ocrx_word' id='word_1_890' title='bbox 2279 4546 2334 4594; x_wconf 91' lang='lat' dir='ltr'><strong>et</strong></span> <span class='ocrx_word' id='word_1_891' title='bbox 2371 4548 2515 4593; x_wconf 89' lang='lat' dir='ltr'><strong>trans</strong></span> <span class='ocrx_word' id='word_1_892' title='bbox 2554 4555 2702 4594; x_wconf 90' lang='lat' dir='ltr'><strong>mare</strong></span> <span class='ocrx_word' id='word_1_893' title='bbox 2738 4543 3167 4598; x_wconf 90' lang='lat' dir='ltr'><strong>communionem</strong></span> <span class='ocrx_word' id='word_1_894' title='bbox 3193 4546 3212 4578; x_wconf 84' lang='grc'><strong>⁷</strong></span> <span class='ocrx_word' id='word_1_895' title='bbox 3235 4549 3506 4610; x_wconf 83' lang='lat' dir='ltr'><strong>universae</strong></span> 
     </span>
    </p>
   </div>
   <div class='ocr_carea' id='block_1_110' title="bbox 1918 4631 3499 4706">
    <p class='ocr_par' dir='ltr' id='par_1_110' title="bbox 1918 4631 3499 4706">
     <span class='ocr_line' id='line_1_110' title="bbox 1918 4631 3499 4706; baseline 0.009 -18"><span class='ocrx_word' id='word_1_896' title='bbox 1918 4632 2174 4689; x_wconf 56' lang='lat' dir='ltr'><strong>Ecclesia:</strong></span> <span class='ocrx_word' id='word_1_897' title='bbox 2202 4639 2365 4688; x_wconf 90' lang='lat' dir='ltr'><strong>tenet.</strong></span> <span class='ocrx_word' id='word_1_898' title='bbox 2397 4631 2676 4700; x_wconf 86' lang='lat' dir='ltr'><strong>Quomodo</strong></span> <span class='ocrx_word' id='word_1_899' title='bbox 2716 4643 2892 4704; x_wconf 87' lang='lat' dir='ltr'><strong>potest</strong></span> <span class='ocrx_word' id='word_1_900' title='bbox 2929 4651 3258 4706; x_wconf 87' lang='lat' dir='ltr'><strong>cognoscere</strong></span> <span class='ocrx_word' id='word_1_901' title='bbox 3288 4643 3377 4699; x_wconf 92' lang='lat' dir='ltr'><strong>ubi</strong></span> <span class='ocrx_word' id='word_1_902' title='bbox 3399 4648 3499 4704; x_wconf 70' lang='lat' dir='ltr'><strong>sint</strong></span> 
     </span>
    </p>
   </div>
   <div class='ocr_carea' id='block_1_111' title="bbox 1917 4724 3500 4797">
    <p class='ocr_par' dir='ltr' id='par_1_111' title="bbox 1917 4724 3500 4797">
     <span class='ocr_line' id='line_1_111' title="bbox 1917 4724 3500 4797; baseline 0.003 -18"><span class='ocrx_word' id='word_1_903' title='bbox 1917 4738 2020 4796; x_wconf 90' lang='lat' dir='ltr'><strong>ego</strong></span> <span class='ocrx_word' id='word_1_904' title='bbox 2064 4724 2363 4793; x_wconf 84' lang='lat' dir='ltr'><strong>baptizatus</strong></span> <span class='ocrx_word' id='word_1_905' title='bbox 2389 4764 2404 4790; x_wconf 93' lang='lat'><strong>,</strong></span> <span class='ocrx_word' id='word_1_906' title='bbox 2440 4738 2562 4778; x_wconf 91' lang='lat' dir='ltr'><strong>cum</strong></span> <span class='ocrx_word' id='word_1_907' title='bbox 2614 4724 2919 4779; x_wconf 91' lang='lat' dir='ltr'><strong>communio</strong></span> <span class='ocrx_word' id='word_1_908' title='bbox 2975 4725 3146 4797; x_wconf 86' lang='lat' dir='ltr'><strong>ipsius</strong></span> <span class='ocrx_word' id='word_1_909' title='bbox 3183 4732 3271 4788; x_wconf 77' lang='lat' dir='ltr'><strong>vix</strong></span> <span class='ocrx_word' id='word_1_910' title='bbox 3317 4740 3500 4794; x_wconf 65' lang='lat' dir='ltr'><strong>transit</strong></span> 
     </span>
    </p>
   </div>
   <div class='ocr_carea' id='block_1_112' title="bbox 1916 4813 3504 4892">
    <p class='ocr_par' dir='ltr' id='par_1_112' title="bbox 1916 4813 3504 4892">
     <span class='ocr_line' id='line_1_112' title="bbox 1916 4813 3504 4892; baseline 0.001 -22"><span class='ocrx_word' id='word_1_911' title='bbox 1916 4815 2108 4871; x_wconf 87' lang='lat' dir='ltr'><strong>mare?</strong></span> <span class='ocrx_word' id='word_1_912' title='bbox 2155 4814 2530 4870; x_wconf 84' lang='lat' dir='ltr'><strong>Verumtamen</strong></span> <span class='ocrx_word' id='word_1_913' title='bbox 2552 4854 2568 4880; x_wconf 91' lang='lat'><strong>,</strong></span> <span class='ocrx_word' id='word_1_914' title='bbox 2598 4813 2792 4870; x_wconf 85' lang='lat' dir='ltr'><strong>fratres</strong></span> <span class='ocrx_word' id='word_1_915' title='bbox 2831 4816 2976 4883; x_wconf 89' lang='lat' dir='ltr'><strong>mei,</strong></span> <span class='ocrx_word' id='word_1_916' title='bbox 3007 4821 3137 4892; x_wconf 88' lang='lat' dir='ltr'><strong>quid</strong></span> <span class='ocrx_word' id='word_1_917' title='bbox 3180 4825 3262 4881; x_wconf 77' lang='lat' dir='ltr'><strong>eis</strong></span> <span class='ocrx_word' id='word_1_918' title='bbox 3284 4826 3504 4886; x_wconf 65' lang='lat' dir='ltr'><strong>dicam?</strong></span> 
     </span>
    </p>
   </div>
   <div class='ocr_carea' id='block_1_113' title="bbox 1916 4903 3502 4990">
    <p class='ocr_par' dir='ltr' id='par_1_113' title="bbox 1916 4903 3502 4990">
     <span class='ocr_line' id='line_1_113' title="bbox 1916 4903 3502 4990; baseline 0.011 -28"><span class='ocrx_word' id='word_1_919' title='bbox 1916 4906 2270 4977; x_wconf 89' lang='lat' dir='ltr'><strong>Suspicamini</strong></span> <span class='ocrx_word' id='word_1_920' title='bbox 2296 4905 2437 4974; x_wconf 86' lang='lat' dir='ltr'><strong>quod</strong></span> <span class='ocrx_word' id='word_1_921' title='bbox 2471 4904 2628 4958; x_wconf 89' lang='lat' dir='ltr'><strong>vultis</strong></span> <span class='ocrx_word' id='word_1_922' title='bbox 2652 4903 2719 4960; x_wconf 90' lang='lat' dir='ltr'><strong>de</strong></span> <span class='ocrx_word' id='word_1_923' title='bbox 2744 4905 2924 4964; x_wconf 87' lang='lat' dir='ltr'><strong>nobis.</strong></span> <span class='ocrx_word' id='word_1_924' title='bbox 2950 4909 3005 4968; x_wconf 84' lang='lat' dir='ltr'><strong>Si</strong></span> <span class='ocrx_word' id='word_1_925' title='bbox 3038 4913 3160 4970; x_wconf 90' lang='lat' dir='ltr'><strong>boni</strong></span> <span class='ocrx_word' id='word_1_926' title='bbox 3187 4930 3374 4975; x_wconf 90' lang='lat' dir='ltr'><strong>sumus</strong></span> <span class='ocrx_word' id='word_1_927' title='bbox 3396 4964 3412 4990; x_wconf 91' lang='lat'><strong>,</strong></span> <span class='ocrx_word' id='word_1_928' title='bbox 3449 4923 3502 4980; x_wconf 90' lang='lat' dir='ltr'><strong>in</strong></span> 
     </span>
    </p>
   </div>
   <div class='ocr_carea' id='block_1_114' title="bbox 1918 4995 3505 5082">
    <p class='ocr_par' dir='ltr' id='par_1_114' title="bbox 1918 4995 3505 5082">
     <span class='ocr_line' id='line_1_114' title="bbox 1918 4995 3505 5082; baseline 0.011 -28"><span class='ocrx_word' id='word_1_929' title='bbox 1918 4997 2157 5054; x_wconf 88' lang='lat' dir='ltr'><strong>Ecclesia</strong></span> <span class='ocrx_word' id='word_1_930' title='bbox 2189 4996 2387 5052; x_wconf 90' lang='lat' dir='ltr'><strong>Christi</strong></span> <span class='ocrx_word' id='word_1_931' title='bbox 2416 4995 2680 5053; x_wconf 84' lang='lat' dir='ltr'><strong>frumenta</strong></span> <span class='ocrx_word' id='word_1_932' title='bbox 2718 5011 2947 5057; x_wconf 86' lang='lat' dir='ltr'><strong>sumus:</strong></span> <span class='ocrx_word' id='word_1_933' title='bbox 2975 5003 3020 5058; x_wconf 89' lang='lat' dir='ltr'><strong>si</strong></span> <span class='ocrx_word' id='word_1_934' title='bbox 3053 5005 3175 5061; x_wconf 89' lang='lat' dir='ltr'><strong>mali</strong></span> <span class='ocrx_word' id='word_1_935' title='bbox 3201 5022 3417 5082; x_wconf 89' lang='lat' dir='ltr'><strong>sumus,</strong></span> <span class='ocrx_word' id='word_1_936' title='bbox 3449 5016 3505 5072; x_wconf 89' lang='lat' dir='ltr'><strong>in</strong></span> 
     </span>
    </p>
   </div>
   <div class='ocr_carea' id='block_1_115' title="bbox 1917 5089 3504 5164">
    <p class='ocr_par' dir='ltr' id='par_1_115' title="bbox 1917 5089 3504 5164">
     <span class='ocr_line' id='line_1_115' title="bbox 1917 5089 3504 5164; baseline 0.01 -16"><span class='ocrx_word' id='word_1_937' title='bbox 1917 5091 2157 5148; x_wconf 89' lang='lat' dir='ltr'><strong>Ecclesia</strong></span> <span class='ocrx_word' id='word_1_938' title='bbox 2194 5089 2392 5146; x_wconf 90' lang='lat' dir='ltr'><strong>Christi</strong></span> <span class='ocrx_word' id='word_1_939' title='bbox 2421 5089 2576 5161; x_wconf 88' lang='lat' dir='ltr'><strong>palea</strong></span> <span class='ocrx_word' id='word_1_940' title='bbox 2601 5106 2809 5162; x_wconf 88' lang='lat' dir='ltr'><strong>sumus,</strong></span> <span class='ocrx_word' id='word_1_941' title='bbox 2840 5100 3020 5152; x_wconf 86' lang='lat' dir='ltr'><strong>tamen</strong></span> <span class='ocrx_word' id='word_1_942' title='bbox 3041 5097 3110 5154; x_wconf 90' lang='lat' dir='ltr'><strong>ab</strong></span> <span class='ocrx_word' id='word_1_943' title='bbox 3132 5114 3260 5158; x_wconf 83' lang='lat' dir='ltr'><strong>arca</strong></span> <span class='ocrx_word' id='word_1_944' title='bbox 3281 5119 3387 5161; x_wconf 90' lang='lat' dir='ltr'><strong>non</strong></span> <span class='ocrx_word' id='word_1_945' title='bbox 3417 5123 3504 5164; x_wconf 84' lang='lat' dir='ltr'><strong>re-</strong></span> 
     </span>
    </p>
   </div>
   <div class='ocr_carea' id='block_1_116' title="bbox 1985 5227 3497 5334">
    <p class='ocr_par' dir='ltr' id='par_1_116' title="bbox 1985 5227 3497 5334">
     <span class='ocr_line' id='line_1_116' title="bbox 1985 5227 3497 5334; baseline 0.015 -40"><span class='ocrx_word' id='word_1_946' title='bbox 1985 5227 2162 5334; x_wconf 46' lang='lat' dir='ltr'><strong>:Eddg</strong></span> <span class='ocrx_word' id='word_1_947' title='bbox 2187 5251 2372 5298; x_wconf 86' lang='lat' dir='ltr'><strong>tantum</strong></span> <span class='ocrx_word' id='word_1_948' title='bbox 2392 5244 2456 5298; x_wconf 89' lang='lat' dir='ltr'><strong>de</strong></span> <span class='ocrx_word' id='word_1_949' title='bbox 2473 5245 2593 5300; x_wconf 86' lang='lat' dir='ltr'><strong>meis</strong></span> <span class='ocrx_word' id='word_1_950' title='bbox 2631 5247 2891 5314; x_wconf 68' lang='lat' dir='ltr'><strong>prceteﬁtis</strong></span> <span class='ocrx_word' id='word_1_951' title='bbox 2919 5247 3083 5304; x_wconf 81' lang='lat' dir='ltr'><strong>timeo.</strong></span> <span class='ocrx_word' id='word_1_952' title='bbox 3115 5254 3288 5321; x_wconf 76' lang='lat' dir='ltr'><strong>Abest,</strong></span> <span class='ocrx_word' id='word_1_953' title='bbox 3327 5257 3497 5328; x_wconf 82' lang='lat' dir='ltr'><strong>timeo,</strong></span> 
     </span>
    </p>
   </div>
   <div class='ocr_carea' id='block_1_117' title="bbox 1917 5317 2782 5443">
    <p class='ocr_par' dir='ltr' id='par_1_117' title="bbox 1917 5317 2782 5443">
     <span class='ocr_line' id='line_1_117' title="bbox 1917 5317 2782 5443; baseline 0.003 -22"><span class='ocrx_word' id='word_1_954' title='bbox 1917 5324 1946 5363; x_wconf 63' lang='lat' dir='ltr'><strong>a</strong></span> <span class='ocrx_word' id='word_1_955' title='bbox 1967 5317 2249 5443; x_wconf 40' lang='lat' dir='ltr'><strong>nibidemque</strong></span> <span class='ocrx_word' id='word_1_956' title='bbox 2266 5370 2782 5443; x_wconf 67' lang='lat' dir='ltr'><strong>Mss.,_reprehendam.</strong></span> 
     </span>
    </p>
   </div>
   <div class='ocr_carea' id='block_1_118' title="bbox 1982 5432 2835 5499">
    <p class='ocr_par' dir='ltr' id='par_1_118' title="bbox 1982 5432 2835 5499">
     <span class='ocr_line' id='line_1_118' title="bbox 1982 5432 2835 5499; baseline 0.005 -17"><span class='ocrx_word' id='word_1_957' title='bbox 1982 5436 2003 5499; x_wconf 54' lang='grc' dir='ltr'>ξ</span> <span class='ocrx_word' id='word_1_958' title='bbox 2027 5443 2124 5484; x_wconf 85' lang='lat' dir='ltr'><strong>Duo</strong></span> <span class='ocrx_word' id='word_1_959' title='bbox 2147 5432 2274 5492; x_wconf 69' lang='lat' dir='ltr'><strong>Mss,</strong></span> <span class='ocrx_word' id='word_1_960' title='bbox 2299 5432 2646 5499; x_wconf 57' lang='lat' dir='ltr'><strong>Multuntenim</strong></span> <span class='ocrx_word' id='word_1_961' title='bbox 2666 5448 2835 5499; x_wconf 85' lang='lat' dir='ltr'><strong>angor.</strong></span> 
     </span>
    </p>
   </div>
   <div class='ocr_carea' id='block_1_119' title="bbox 1981 5493 2729 5558">
    <p class='ocr_par' dir='ltr' id='par_1_119' title="bbox 1981 5493 2729 5558">
     <span class='ocr_line' id='line_1_119' title="bbox 1981 5493 2729 5558; baseline 0.001 -15"><span class='ocrx_word' id='word_1_962' title='bbox 1981 5497 2003 5528; x_wconf 69' lang='grc' dir='ltr'><strong>ι</strong></span> <span class='ocrx_word' id='word_1_963' title='bbox 2029 5504 2124 5546; x_wconf 74' lang='lat' dir='ltr'><strong>Am.</strong></span> <span class='ocrx_word' id='word_1_964' title='bbox 2153 5503 2204 5545; x_wconf 91' lang='lat' dir='ltr'><strong>et</strong></span> <span class='ocrx_word' id='word_1_965' title='bbox 2225 5503 2354 5558; x_wconf 71' lang='lat' dir='ltr'><strong>Mss,</strong></span> <span class='ocrx_word' id='word_1_966' title='bbox 2371 5493 2729 5558; x_wconf 83' lang='lat' dir='ltr'><strong>conﬂictionem.</strong></span> 
     </span>
    </p>
   </div>
   <div class='ocr_carea' id='block_1_120' title="bbox 1980 5555 3343 5621">
    <p class='ocr_par' dir='ltr' id='par_1_120' title="bbox 1980 5555 3343 5621">
     <span class='ocr_line' id='line_1_120' title="bbox 1980 5555 3343 5621; baseline 0.021 -29"><span class='ocrx_word' id='word_1_967' title='bbox 1980 5561 2002 5592; x_wconf 71' lang='grc' dir='ltr'><strong>ι</strong></span> <span class='ocrx_word' id='word_1_968' title='bbox 2026 5558 2160 5621; x_wconf 54' lang='lat' dir='ltr'><strong>add,</strong></span> <span class='ocrx_word' id='word_1_969' title='bbox 2184 5555 2579 5621; x_wconf 65' lang='lat' dir='ltr'><strong>continumn&#39;vim.</strong></span> <span class='ocrx_word' id='word_1_970' title='bbox 2607 5566 2706 5608; x_wconf 68' lang='lat' dir='ltr'><strong>Vox</strong></span> <span class='ocrx_word' id='word_1_971' title='bbox 2732 5557 2826 5609; x_wconf 83' lang='lat' dir='ltr'><strong>vim</strong></span> <span class='ocrx_word' id='word_1_972' title='bbox 2848 5559 2990 5611; x_wconf 86' lang='lat' dir='ltr'><strong>abest</strong></span> <span class='ocrx_word' id='word_1_973' title='bbox 3011 5575 3040 5612; x_wconf 90' lang='lat' dir='ltr'><strong>a</strong></span> <span class='ocrx_word' id='word_1_974' title='bbox 3056 5562 3221 5617; x_wconf 89' lang='lat' dir='ltr'><strong>multis</strong></span> <span class='ocrx_word' id='word_1_975' title='bbox 3235 5571 3343 5621; x_wconf 82' lang='lat' dir='ltr'><strong>Mss.</strong></span> 
     </span>
    </p>
   </div>
   <div class='ocr_carea' id='block_1_121' title="bbox 1983 5617 2586 5684">
    <p class='ocr_par' dir='ltr' id='par_1_121' title="bbox 1983 5617 2586 5684">
     <span class='ocr_line' id='line_1_121' title="bbox 1983 5617 2586 5684; baseline -0.003 -14"><span class='ocrx_word' id='word_1_976' title='bbox 1983 5622 2004 5653; x_wconf 79' lang='lat'><strong><em>°</em></strong></span> <span class='ocrx_word' id='word_1_977' title='bbox 2027 5627 2075 5670; x_wconf 84' lang='lat' dir='ltr'><strong>In</strong></span> <span class='ocrx_word' id='word_1_978' title='bbox 2104 5619 2323 5684; x_wconf 85' lang='lat' dir='ltr'><strong>pluribus</strong></span> <span class='ocrx_word' id='word_1_979' title='bbox 2345 5626 2472 5684; x_wconf 73' lang='lat' dir='ltr'><strong>Mss,</strong></span> <span class='ocrx_word' id='word_1_980' title='bbox 2495 5617 2586 5684; x_wconf 76' lang='lat' dir='ltr'><strong>illi.</strong></span> 
     </span>
    </p>
   </div>
   <div class='ocr_carea' id='block_1_122' title="bbox 1981 5679 3500 5752">
    <p class='ocr_par' dir='ltr' id='par_1_122' title="bbox 1981 5679 3500 5752">
     <span class='ocr_line' id='line_1_122' title="bbox 1981 5679 3500 5752; baseline 0.013 -20"><span class='ocrx_word' id='word_1_981' title='bbox 1981 5685 2002 5716; x_wconf 82' lang='grc' dir='ltr'><strong><em>τ</em></strong></span> <span class='ocrx_word' id='word_1_982' title='bbox 2026 5679 2156 5744; x_wconf 77' lang='lat' dir='ltr'><strong>Lov.,</strong></span> <span class='ocrx_word' id='word_1_983' title='bbox 2175 5679 2659 5732; x_wconf 85' lang='lat' dir='ltr'><strong>communicationem.</strong></span> <span class='ocrx_word' id='word_1_984' title='bbox 2688 5680 2800 5733; x_wconf 82' lang='lat' dir='ltr'><strong>Edd.</strong></span> <span class='ocrx_word' id='word_1_985' title='bbox 2825 5683 2906 5734; x_wconf 86' lang='lat' dir='ltr'><strong>alii</strong></span> <span class='ocrx_word' id='word_1_986' title='bbox 2929 5699 3039 5736; x_wconf 88' lang='lat' dir='ltr'><strong>cum</strong></span> <span class='ocrx_word' id='word_1_987' title='bbox 3060 5695 3190 5752; x_wconf 84' lang='lat' dir='ltr'><strong>Mss.,</strong></span> <span class='ocrx_word' id='word_1_988' title='bbox 3215 5697 3500 5752; x_wconf 54' lang='lat' dir='ltr'><strong>communit»</strong></span> 
     </span>
    </p>
   </div>
   <div class='ocr_carea' id='block_1_123' title="bbox 1979 5805 3270 5933">
    <p class='ocr_par' dir='ltr' id='par_1_123' title="bbox 1979 5805 3270 5933">
     <span class='ocr_line' id='line_1_123' title="bbox 1979 5805 3270 5933; baseline 0.008 -77"><span class='ocrx_word' id='word_1_989' title='bbox 1979 5808 2056 5933; x_wconf 41' lang='lat'><strong>$18</strong></span> <span class='ocrx_word' id='word_1_990' title='bbox 2078 5805 2671 5921; x_wconf 51' lang='lat' dir='ltr'><strong>Wiq)eéo\gge.sl‘ib.c3</strong></span> <span class='ocrx_word' id='word_1_991' title='bbox 2682 5806 2923 5920; x_wconf 56' lang='lat' dir='ltr'><strong>galileae,</strong></span> <span class='ocrx_word' id='word_1_992' title='bbox 2942 5823 2986 5860; x_wconf 73' lang='grc' dir='ltr'><strong>θ.</strong></span> <span class='ocrx_word' id='word_1_993' title='bbox 3017 5813 3036 5861; x_wconf 78' lang='grc'><strong>1</strong></span> <span class='ocrx_word' id='word_1_994' title='bbox 3060 5820 3112 5864; x_wconf 89' lang='lat' dir='ltr'><strong>et</strong></span> <span class='ocrx_word' id='word_1_995' title='bbox 3129 5828 3270 5881; x_wconf 86' lang='lat' dir='ltr'><strong>seqq.</strong></span> 
     </span>
    </p>
   </div>
   <div class='ocr_carea' id='block_1_124' title="bbox 2008 5867 2731 5931">
    <p class='ocr_par' dir='ltr' id='par_1_124' title="bbox 2008 5867 2731 5931">
     <span class='ocr_line' id='line_1_124' title="bbox 2008 5867 2731 5931; baseline 0 -11"><span class='ocrx_word' id='word_1_996' title='bbox 2008 5867 2056 5931; x_wconf 74' lang='grc' dir='ltr'><strong>ὁ)</strong></span> <span class='ocrx_word' id='word_1_997' title='bbox 2078 5870 2180 5921; x_wconf 84' lang='lat' dir='ltr'><strong>vid.</strong></span> <span class='ocrx_word' id='word_1_998' title='bbox 2199 5867 2288 5921; x_wconf 74' lang='lat' dir='ltr'><strong>lib.</strong></span> <span class='ocrx_word' id='word_1_999' title='bbox 2311 5869 2344 5918; x_wconf 89' lang='lat'><strong>9</strong></span> <span class='ocrx_word' id='word_1_1000' title='bbox 2363 5867 2596 5931; x_wconf 63' lang='lat' dir='ltr'><strong>confess,</strong></span> <span class='ocrx_word' id='word_1_1001' title='bbox 2615 5881 2658 5921; x_wconf 80' lang='grc' dir='ltr'><strong>ο.</strong></span> <span class='ocrx_word' id='word_1_1002' title='bbox 2682 5870 2731 5920; x_wconf 84' lang='grc'><strong>6.</strong></span> 
     </span>
    </p>
   </div>
   <div class='ocr_carea' id='block_1_125' title="bbox 2759 5953 3062 6034">
    <p class='ocr_par' dir='ltr' id='par_1_125' title="bbox 2759 5953 3062 6034">
     <span class='ocr_line' id='line_1_125' title="bbox 2759 5953 3062 6034; baseline 0.017 -21"><span class='ocrx_word' id='word_1_1003' title='bbox 2759 5953 3062 6034; x_wconf 59' lang='lat' dir='ltr'><strong>(Troiae)</strong></span> 
     </span>
    </p>
   </div>
  </div>
