3960 6404
558 466 826 523 cedimus.
852 463 938 518 Tn
957 463 1050 533 qui
1078 467 1240 517 vento
1263 455 1572 514 temtationis
1593 454 1738 510 fores
1767 455 1990 521 volastl,
2021 453 2150 525 quid

559 558 662 615 ea?
691 556 952 612 Triticum
993 568 1100 610 non
1125 553 1263 608 tollit
1312 559 1503 606 verum
1533 563 1599 602 ex
1629 558 1774 604 arm.
1806 547 1886 603 ﬁat
1928 563 1999 604 eo
2019 556 2149 618 ergo

561 651 654 707 ubi
680 659 758 717 cs,
781 659 1017 720 agnosce
1035 645 1160 714 quid
1186 651 1268 696 es.

630 744 729 800 30.
755 742 863 799 Sed
895 749 986 803 tu,
1033 733 1243 804 inquit,
1271 731 1392 803 quis
1419 744 1480 788 es
1527 733 1618 802 qui
1655 741 1844 790 contra
1888 743 1992 789 nos
2011 735 2146 790 dicis

558 837 749 893 tant“
771 829 1102 898 Quicumque
1127 825 1231 880 sim
1255 857 1271 888 ,
1301 819 1449 894 quod
1471 820 1668 879 dicitur
1695 821 1912 880 attende
1931 867 1946 891 ,
1981 833 2086 880 non
2112 842 2142 880 a

556 933 668 997 duo
692 921 906 978 dicitur.
946 918 1055 976 Sed
1094 917 1596 988 peeea-tori,inquit
1621 955 1636 985 ,
1670 916 1799 972 dicit
1843 919 2138 973 Dominus:

559 1015 751 1089 unid
797 1026 850 1069 tu
890 1013 1105 1069 aestiuis
1159 1019 1512 1064 testamentum
1554 1022 1719 1064 meum
1761 1019 1851 1080 per
1893 1027 1949 1065 os
1998 1020 2139 1064 tuum

551 1107 726 1182 (Prol.
749 1123 897 1172 χιιι,
929 1103 1057 1177 id)?
1087 1104 1235 1157 Dicat
1256 1103 1510 1156 Dominus
1535 1100 1639 1156 hoc
1664 1103 1931 1172 peccaturi
1963 1121 1975 1156 :
2002 1102 2139 1158 forte

551 1211 824 1275 augentis
869 1208 1204 1271 peccatmum
1234 1197 1320 1252 cui
1362 1195 1464 1250 hoc
1491 1203 1635 1297 recte
1846 1196 2135 1299 Dominus;

549 1297 650 1353 sed
679 1295 734 1350 in
762 1291 1054 1366 quemlibet
1089 1290 1230 1344 dicat
1257 1289 1360 1342 hoc
1390 1287 1664 1350 Dormitum,
1690 1284 1810 1341 ideo
1836 1286 1984 1350 dicit,
2014 1287 2134 1356 quia

551 1388 826 1461 peccaturi
863 1402 974 1441 non
1015 1380 1232 1452 prodest
1275 1379 1492 1450 quando
1538 1379 1710 1448 legem
1743 1373 1838 1433 Dei
1877 1378 2131 1449 ioquitr.

547 1479 816 1554 Numquid
843 1487 896 1533 et
933 1475 1268 1531 auditoribus
1307 1479 1415 1529 non
1445 1473 1700 1562 prudenti
1727 1469 2022 1544 Utrumque
2041 1487 2134 1545 ge-

547 1587 654 1636 ltus
696 1588 800 1630 nos
833 1571 1088 1627 habemus
1132 1570 1184 1624 in
1227 1568 1462 1624 Ecclesia
1489 1609 1504 1634 ,
1534 1565 1770 1622 Domino
1804 1567 2051 1634 dicente,
2081 1574 2135 1622 et

543 1667 812 1726 honorum
856 1672 912 1720 et
964 1664 1244 1719 mulorum.
1301 1662 1432 1716 Boni
1477 1657 1622 1715 enim
1655 1667 1774 1714 cuin
1803 1659 2128 1729 pradicant,

545 1760 679 1834 quid
697 1757 920 1815 dicunt?
946 1755 1244 1810 ini-imane
1264 1753 1363 1806 mei
1381 1761 1557 1817 amre,
1611 1753 1742 1806 sicut
1773 1757 1823 1804 et
1849 1765 1940 1821 ego
1980 1749 2130 1803 Chri-

541 1854 611 1911 sti
632 1851 676 1926 (i
703 1852 820 1906 Cor.
855 1865 942 1917 iv,
986 1848 1094 1916 id).
1132 1847 1204 1899 De
1226 1845 1384 1899 bonis
1405 1838 1532 1914 quid
1559 1842 1791 1898 dicitur?
1825 1841 1931 1898 Sed
1966 1845 2131 1913 {arma

542 1955 654 2004 ato
680 1943 905 2015 ﬁdelium
936 1943 952 1974 ³
978 1941 1026 2012 (ι
1052 1939 1186 1994 Tim.
1219 1954 1296 2005 tv,
1331 1939 1403 1992 12
1426 1938 1462 2006 γ.
1509 1936 1626 2036 Hoc
1661 1943 1758 2036 nos
1795 1935 2127 2036 esseelabq.

541 2054 730 2098 rans
759 2057 771 2093 :
800 2037 924 2107 quid
953 2045 1128 2089 autem
1156 2033 1321 2086 simus
1340 2072 1354 2096 ,
1385 2030 1479 2084 ille
1505 2029 1651 2083 novit
1677 2028 1742 2083 ad
1773 2033 1934 2098 quiem
1963 2029 2129 2098 gemis

539 2143 683 2190 mus.
717 2130 796 2185 De
823 2127 976 2182 malis
1003 2135 1178 2179 tamen
1203 2122 1402 2177 dictum
1433 2127 1516 2176 est
1539 2119 1683 2174 aliud
1708 2137 1720 2172 :
1757 2119 1928 2187 Super
1954 2119 2128 2173 colite-

540 2227 694 2282 drum
723 2221 886 2294 Moysi
913 2219 1144 2273 «derum
1189 2214 1382 2270 Scriba
1407 2222 1452 2268 et
1483 2211 1735 2266 Pharism'
1757 2226 1776 2275 ξ
1815 2223 1928 2281 quia
1957 2212 2129 2265 dicunt

540 2321 730 2392 facile,
750 2330 866 2385 quae
889 2321 1056 2366 autem
1097 2310 1307 2381 faciunt,
1339 2306 1690 2408 {acere-nolite
1727 2303 1932 2408 (M'dll/r.
1972 2310 2128 2408 xxiii,

537 2408 604 2478 Ω,
624 2411 700 2477 ὅ).
747 2403 905 2460 Vides
951 2403 1073 2473 quia
1126 2401 1181 2455 in
1208 2397 1464 2454 cathedra
1491 2396 1700 2498 διανεί,
1730 2397 1815 2451 eui
1868 2396 2129 2498 successit

536 2495 796 2558 cathetbra
833 2494 1068 2560 Christi,
1097 2491 1286 2547 sedent
1312 2499 1364 2545 et
1400 2489 1530 2544 mali
1559 2506 1572 2542 :
1604 2496 1658 2543 et
1685 2495 1862 2542 tamen
1897 2487 2128 2543 dieende

534 2588 680 2650 bona
718 2599 826 2643 non
852 2586 1049 2641 obsunt
1077 2582 1428 2639 auditoribus.
1460 2582 1638 2649 Quare
1680 2587 1738 2635 tu
1766 2589 1984 2652 propter
2011 2595 2126 2636 mna

533 2679 621 2740 los
644 2682 812 2754 ipsam
840 2677 1147 2735 cathedram
1191 2674 1436 2732 dimisisti
1460 2676 1483 2728 ἳ
1510 2673 1644 2729 Redi
1669 2673 1741 2729 ad
1766 2682 1973 2744 pace'm,
2008 2675 2127 2731 redi

534 2776 606 2834 ad
627 2775 976 2832 concordiam
1003 2787 1120 2843 quae
1144 2777 1196 2826 te
1219 2785 1324 2826 non
1352 2768 1592 2824 offendit.
1642 2768 1698 2824 Si
1726 2767 1864 2824 bona
1893 2768 2085 2841 loquor
2102 2811 2117 2838 ,

532 2878 590 2928 et
612 2869 752 2927 bona
776 2868 934 2932 facio,
963 2865 1170 2920 imitare
1211 2877 1297 2918 me
1325 2879 1338 2915 :
1367 2862 1414 2916 si
1452 2871 1634 2918 autem
1662 2869 1772 2917 non
1809 2861 1946 2919 dicio
1975 2862 2120 2935 quod

532 2965 673 3032 dico,
698 2964 866 3021 habes
903 2963 1184 3019 consilium
1225 2959 1435 3015 Domini
1463 2976 1477 3024 ;
1505 2973 1626 3030 qua:
1661 2958 1783 3014 dico
1807 3001 1821 3026 ,
1851 2959 1964 3025 lac;
2000 2967 2122 3030 qua!

530 3068 710 3116 autem
735 3057 892 3122 facio,
927 3056 1034 3110 noli
1063 3055 1278 3118 facere;
1313 3060 1489 3107 tamen
1510 3065 1539 3106 a
1573 3051 1827 3107 cathedra
1852 3049 2116 3108 catholica

528 3151 642 3209 noli
666 3149 964 3205 discedere.
1012 3148 1150 3202 Ecce
1176 3146 1229 3200 in
1263 3146 1478 3200 nomine
1508 3144 1708 3200 Citriin
1749 3143 1872 3200 ituri
1899 3151 2114 3212 Sumus,

530 3243 776 3302 etmulta
819 3240 1010 3297 dicturi
1058 3247 1202 3297 sunt.
1242 3238 1370 3306 Quis
1416 3236 1575 3291 linis?
1620 3236 1744 3292 Cito
1787 3237 2114 3292 contemnite

528 3349 748 3395 causam
788 3342 1046 3389 nostram.
1092 3331 1208 3386 Non
1241 3329 1346 3385 illis
1370 3328 1560 3384 dicatis
1588 3319 1690 3383 nisi
1714 3370 1729 3396 ,
1765 3326 2012 3392 Fratres,
2047 3326 2119 3382 ad

527 3445 650 3488 rem
674 3426 1019 3498 respondete.
1065 3423 1389 3494 Augustinus
1419 3421 1700 3491 episcopus
1729 3422 1814 3475 est"
1852 3421 1905 3474 in
1933 3418 2116 3475 Eccle‘o-

528 3523 614 3579 ἐξ
635 3519 891 3577 catholica
920 3558 934 3583 ,
957 3516 1219 3572 sarcinam
1250 3527 1400 3568 suam
1425 3519 1622 3584 portat,
1649 3511 1907 3567 rationem
1933 3511 2115 3566 reddi.

528 3619 793 3673 tinusest
816 3613 926 3667 Deo
951 3627 964 3666 :
992 3609 1044 3663 in
1076 3609 1229 3664 bonis
1256 3621 1378 3661 eum
1406 3605 1526 3660 novi
1551 3621 1564 3667 ;
1599 3605 1640 3658 si
1665 3605 1835 3658 malus
1863 3611 1965 3670 est,
1999 3604 2112 3675 ipse

529 3709 711 3774 novit;
735 3707 782 3762 si
801 3707 974 3762 bonus
1021 3711 1103 3759 est
1127 3733 1145 3767 ο
1179 3715 1278 3755 nec
1307 3700 1384 3754 sic
1409 3711 1532 3768 spes
1561 3711 1679 3752 mea
1710 3703 1811 3752 est.
1845 3697 1955 3751 Hoc
1987 3701 2111 3801 ante

529 3802 712 3860 omnia
753 3798 915 3856 didici
943 3797 996 3851 in
1039 3793 1312 3849 Catholica
1341 3833 1355 3859 ,
1389 3799 1445 3845 ut
1485 3803 1609 3860 spes
1647 3802 1768 3845 mea
1814 3805 1920 3844 non
1967 3793 2112 3845 sitin

530 3900 768 3958 homine.
821 3895 1009 3953 Merito
1055 3903 1182 3963 ergo
1229 3904 1323 3946 vos
1387 3889 1629 3943 homines
1679 3886 2116 3956 reprehenditis,‘

531 3992 655 4067 quia
683 4003 834 4062 spem
878 3994 1112 4043 vestram
1150 3984 1204 4038 in
1232 3981 1445 4036 homine
1489 3978 1758 4050 posuistis.
1801 3976 1957 4036 Certe
1985 3995 2107 4035 eum

529 4082 979 4158 reprehenderint
1022 4091 1140 4146 nos,
1193 4074 1528 4130 contemnite
1574 4081 1628 4128 et
1659 4087 1796 4180 .vos.
1852 4071 2108 4180 Novimus

527 4181 673 4238 enim
699 4179 905 4249 qualem
935 4175 1224 4230 habeamus
1252 4172 1424 4226 locum
1455 4169 1507 4224 in
1547 4163 1708 4224 Corde
1733 4170 1912 4223 vestro
1937 4210 1951 4235 ,
1984 4168 2105 4238 quia

525 4273 731 4328 scimus
757 4269 969 4340 qualem
1004 4268 1174 4321 locum
1210 4263 1445 4318 habeatis
1476 4262 1528 4316 in
1575 4261 1739 4316 corde
1769 4268 1971 4315 nostro.
2003 4257 2110 4315 No-

525 4363 628 4419 lite
657 4375 755 4433 pro
797 4360 952 4416 nobis
991 4367 1199 4415 certare
1241 4355 1494 4410 adversus
1537 4355 1673 4408 illos.
1731 4353 1999 4426 Quidquid
2041 4353 2108 4410 de

524 4455 682 4512 nobis
719 4454 977 4521 dixerint,
1002 4453 1106 4507 cito
1145 4449 1406 4505 transite:
1449 4463 1517 4502 nc
1561 4447 1862 4502 laborantes
1907 4447 2107 4504 eausa’

525 4546 852 4602 delensionis
882 4553 1076 4598 nostr-.e
1098 4583 1112 4608 ,
1146 4539 1422 4595 dimittatis
1464 4551 1675 4593 causam
1707 4549 1962 4594 vestram.
1994 4537 2106 4595 Hoc

527 4639 671 4696 enim
710 4645 874 4708 agunt
915 4643 1090 4690 astute
1114 4632 1399 4687 rnolentes
1429 4640 1482 4687 et
1509 4632 1761 4687 timentes
1787 4639 1845 4686 ut
1883 4631 1949 4688 de
1993 4633 2104 4702 ipsa

523 4745 683 4788 causa
710 4730 950 4785 dicamus
971 4770 984 4794 ,
1013 4728 1266 4798 ingerunt
1307 4725 1457 4780 nobis
1487 4737 1592 4796 quo
1635 4735 1731 4780 nos
1764 4734 2017 4789 avocent;
2050 4735 2106 4781 ut

521 4837 648 4880 cum
672 4821 998 4877 intendimus
1037 4829 1261 4891 purgare
1286 4832 1383 4873 nos
1405 4860 1416 4883 ,
1441 4818 1690 4874 sileamus
1720 4817 1786 4873 al)
1812 4819 1939 4890 ipsis
1978 4833 2106 4876 cou-

520 4915 819 4973 vincendis.
862 4914 994 4970 Nam
1019 4923 1240 4984 prorsus
1271 4912 1359 4983 qui
1385 4927 1470 4967 me
1494 4909 1628 4967 dicis
1659 4913 1877 4982 malum,
1910 4913 2030 4969 dico
2051 4924 2104 4970 ct

520 5022 624 5082 ego
667 5009 776 5064 alia
816 5003 1226 5062 innumerabiiia
1260 5023 1277 5059 :
1321 5004 1431 5061 cito
1462 5003 1612 5063 anibr
1657 5007 1724 5063 de
1757 5007 1932 5063 medio
1961 5052 1975 5075 ,
2009 5007 2101 5064 lini

519 5118 739 5162 causam
768 5115 962 5167 meam,
993 5103 1060 5157 de
1087 5115 1146 5157 re
1169 5115 1286 5169 age,
1313 5096 1566 5157 Ecclesia:
1598 5113 1811 5157 causam
1843 5103 2061 5159 attende
2082 5146 2096 5169 ,

517 5196 614 5254 ubi
642 5197 716 5253 sis
744 5197 883 5251 vide.
921 5193 1128 5250 Veritas
1158 5193 1249 5248 tibi
1279 5193 1546 5250 undelibet
1575 5195 1836 5265 i0t-lllﬂllll',
1859 5195 2100 5251 esuriens

519 5289 743 5360 accipe;
793 5304 862 5344 ne
905 5302 1176 5356 nunquam
1216 5285 1280 5340 ad
1331 5295 1380 5340 te
1440 5288 1714 5356 perveniat
1761 5289 1940 5358 panis,
1974 5289 2099 5343 dum

517 5392 734 5452 semper
779 5382 905 5452 quid
952 5379 1311 5453 reprehendas
1361 5375 1412 5436 in
1451 5381 1665 5437 vasculo
1716 5379 2019 5438 faSIidiosus
2048 5393 2098 5440 et

518 5474 880 5532 calumniosus
902 5472 1142 5544 inquiris.

576 5651 605 5716 ι,
621 5654 693 5716 sic
714 5650 931 5701 melioris
956 5657 1209 5716 notzeotss.
1242 5656 1300 5702 At
1316 5647 1452 5714 ἰωὰ,
1476 5656 1546 5705 De
1569 5643 1704 5704 nobis
1730 5651 1848 5716 quid
1882 5653 2100 5708 dicitur?

507 5710 606 5769 Sed
626 5715 782 5776 forma
802 5719 943 5766 estote
963 5709 1197 5776 ﬁdelium.

487 5812 493 5823 .
573 5781 593 5811 ι
617 5784 745 5839 Mss,
770 5789 904 5830 σιω-α.

1771 333 1830 394 s.
1872 329 2239 395 AUGUSTINI
2279 333 2584 397 EPISCOPi
3698 353 3774 428 ac

2594 563 2676 638 ‘IN
2718 563 3101 678 PSALMUM
3142 567 3451 652 XXX’ViI

2819 697 3239 759 ENAllliATIO.

2743 818 2916 867 ςιαιο
2950 825 3024 868 AD
3057 819 3319 874 »οιυιυι

2321 936 2376 990 1.
2417 935 2723 1008 Opportune
2743 943 2809 998 ad
2836 933 2886 1000 id
2921 948 3061 1018 quod
3105 937 3459 1027 cantavimus,
3501 943 3775 1036 Iniquitatem

2248 1039 2409 1082 meam
2461 1043 2552 1101 ego
2601 1038 2889 1118 pronuntio,
2931 1049 2978 1094 et
3016 1060 3191 1099 curam
3225 1057 3394 1118 geram
3431 1049 3450 1083 ⁸
3496 1070 3583 1122 pro
3622 1075 3778 1128 peccato

2247 1133 2375 1185 meo,
2405 1124 2674 1192 respondit
2697 1113 2811 1181 ita-c'
2829 1131 3023 1212 mulier
3049 1134 3117 1190 de
3143 1136 3369 1196 lectione
3400 1113 3675 1217 Evangelii.
3699 1152 3776 1208 lai-

2245 1209 2476 1280 quiiates
2504 1215 2644 1268 enim
2680 1217 2796 1286 ejus
2821 1209 3034 1278 inmens
3060 1223 3346 1299 Dominus,
3378 1209 3778 1309 cancm'appclla-

2242 1299 2318 1356 vit
2343 1302 2525 1358 dicens
2550 1321 2562 1351 τ
2594 1301 2714 1361 Non
2745 1310 3044 1381 carbonum,
3073 1335 3253 1388 panem
3278 1311 3503 1391 ﬁliorum
3528 1299 3778 1389 ntitieicco-

2242 1394 2389 1448 nibus
2409 1393 2620 1469 (Matt/2.
2649 1411 2737 1466 xv,
2757 1401 2868 1473 26).
2900 1405 2968 1460 At
2990 1407 3074 1462 illa
3093 1417 3211 1480 quae
3239 1428 3461 1472 noverat
3490 1418 3773 1492 iniquitatem

2240 1501 2389 1543 suam
2422 1495 2787 1563 pronuntiare,
2817 1506 2871 1552 et
2898 1503 3076 1555 cuiam
3108 1519 3293 1573 gerere
3335 1513 3436 1577 pro
3468 1527 3667 1582 peccato
3686 1533 3772 1588 suo,

2239 1595 2344 1636 non
2373 1586 2584 1654 negavit
2629 1579 2770 1657 (μιοά
2813 1591 3008 1647 veritas
3048 1589 3208 1663 dixit;
3256 1601 3350 1656 sed
3396 1579 3651 1662 miseriam
3677 1626 3777 1667 con-

2237 1671 2396 1737 fessa,
2431 1668 2853 1736 misericordiam
2887 1685 3061 1765 potius
3089 1689 3393 1758 impetravit
3432 1683 3478 1763 ‘,
3514 1712 3679 1756 curam
3704 1719 3772 1774 ge-

2236 1770 2362 1820 i'cns
2390 1782 2483 1836 pro
2511 1777 2728 1838 peccato
2748 1775 2864 1828 suo.
2889 1761 3018 1830 Nam
3053 1789 3107 1834 et
3133 1773 3305 1838 curari
3354 1761 3606 1857 petiverat
3649 1761 3774 1850 filiam

2233 1869 2409 1925 suam,
2450 1859 2690 1919 fortassis
2720 1865 2772 1920 iu
2822 1865 2930 1924 tilia
2959 1866 3262 1941 significans
3290 1875 3452 1933 vitam
3483 1896 3642 1939 suam.
3662 1886 3772 1944 Psal-

2235 1965 2376 2006 ntum
2406 1961 2532 2025 ergo
2555 1953 2748 2024 totum,
2781 1961 3036 2029 quantum
3067 1969 3368 2038 possumus,
3395 1973 3520 2029 dum
3565 1981 3771 2038 conside-

2232 2048 2416 2098 ramus
2459 2053 2514 2100 et
2572 2055 2975 2120 pertra'ctatnus',
3030 2053 3309 2114 advertite.
3366 2061 3518 2120 Adsit
3566 2062 3770 2127 Dominus

2233 2135 2483 2191 cordibus
2513 2141 2730 2206 nostris,
2765 2147 2820 2197 ut
2862 2137 3145 2205 salubriter
3173 2150 3258 2206 hic
3303 2151 3630 2215 inveniamus
3652 2178 3770 2218 voces

2232 2238 2464 2296 nostras,
2496 2239 2548 2286 et
2589 2223 2856 2303 quomodo
2896 2237 3256 2299 invenerimus
3316 2237 3655 2318 proferamus,
3697 2270 3768 2310 uec

2231 2320 2518 2380 difficulter
2547 2325 2884 2410 inveniendo,
2919 2349 3016 2388 nec
3044 2333 3286 2406 imperite
3315 2333 3646 2410 proferendo.

2299 2413 2355 2469 2.
2387 2409 2536 2486 [vero
2568 2408 2646 2492 ‘l
2673 2417 2879 2476 Titulus
2908 2423 3022 2493 ejus
3051 2433 3152 2494 est,
3189 2408 3553 2506 Psdliuuiiipsi
3577 2421 3766 2494 Decidat

2229 2507 2627 2564 recordationem
2674 2512 2886 2568 sabbati.
2929 2513 3228 2586 Quaerimus
3267 2540 3394 2594 qua:
3433 2515 3580 2584 nobis
3615 2532 3766 2602 scripta

2231 2601 2353 2654 sunt
2379 2591 2445 2657 de
2467 2611 2654 2661 sancto
2683 2603 2846 2663 David
2876 2611 3158 2682 propheta,
3190 2613 3256 2672 ex'
3283 2591 3440 2690 cujus
3477 2625 3661 2680 semine
3689 2613 3764 2682 Do-

2240 2692 2406 2749 nlnus
2432 2705 2614 2752 noster
2637 2693 2792 2756 Jcsus
2809 2701 3049 2761 Christus
3072 2699 3369 2768 secundum
3389 2730 3595 2771 carnem
3624 2701 3762 2790 (liora.

2229 2801 2266 2855 ι,
2295 2779 2352 2860 3)
2384 2797 2397 2842 :
2426 2805 2478 2846 et
2509 2792 2648 2848 inter
2677 2793 2814 2852 bona
2845 2813 2963 2868 quae
2989 2801 3056 2857 de
3103 2794 3194 2858 illo
3219 2797 3376 2862 nobis
3415 2819 3536 2865 nota
3575 2779 3763 2883 sumpt:

2223 2877 2556 2951 Scripturas,
2589 2887 2694 2941 non
2742 2887 3044 2946 invenimus
3073 2908 3193 2948 eum
3232 2885 3521 2969 aliquando
3566 2902 3762 2958 resimis-

2224 2977 2336 3031 tum
2363 2971 2657 3032 sabbatum.
2691 2969 2827 3047 Quid
2849 2982 2988 3037 enim
3007 2984 3078 3039 ita
3105 2988 3500 3059 recordaretur,
3521 2993 3764 3048 secundum

2223 3055 2368 3120 illam
2426 3059 2855 3127 observationem
2915 3063 3218 3133 Iudaeorum
3279 3097 3388 3150 qua
3463 3055 3760 3141 observabant

2224 3151 2540 3228 sabbatum;
2570 3164 2696 3234 quid
2737 3165 2810 3220 ita
2841 3169 3234 3240 recordaretur,
3269 3177 3415 3246 quod
3445 3164 3577 3234 inter
3598 3177 3761 3250 Septem

2222 3247 2335 3304 dies
2392 3251 2696 3310 itecessario
2744 3258 3024 3316 veniebat?
3073 3262 3478 3326 Observandum
3506 3287 3624 3343 ergo
3653 3279 3754 3337 erat,

2220 3349 2327 3396 non
2372 3344 2450 3398 sic
2488 3345 2900 3404 recordantium.
2922 3349 3092 3408 Nemo
3125 3365 3301 3412 autem
3332 3362 3654 3429 recordatur,
3679 3361 3756 3418 nisi

2217 3432 2358 3504 quod
2390 3435 2440 3489 in
2472 3439 2756 3507 prtesentia
2785 3458 2890 3498 non
2917 3453 3000 3499 est
3019 3447 3269 3516 positum.
3303 3451 3465 3509 Verbi
3504 3456 3656 3525 gratia
3682 3454 3754 3509 :in

2219 3525 2318 3581 hac
2345 3527 2559 3585 civitate
2602 3531 2902 3590 recordaris
2929 3536 3344 3610 Carthaginem,
3379 3544 3469 3599 ubi
3512 3545 3640 3601 fuisti
3679 3546 3760 3601 ali-

2217 3619 2457 3690 quando;
2491 3631 2544 3679 et
2574 3623 2834 3682 hodierno
2860 3617 2948 3685 die
2968 3631 3266 3689 recordaris
3293 3633 3596 3693 hesternum
3623 3639 3750 3704 diem,

2216 3715 2298 3771 vel
2333 3716 2523 3785 prioris
2542 3721 2683 3785 anni,
2709 3721 2793 3776 vel
2822 3722 3112 3792 quemlibet
3141 3727 3485 3796 anteriorem,
3507 3740 3557 3786 et
3580 3729 3750 3802 aliquod

2214 3807 2410 3864 factum
2436 3821 2582 3868 tuum
2612 3807 2750 3884 quod
2777 3814 2885 3883 jam
2916 3814 3108 3882 fecisti,
3139 3831 3230 3874 aut
3266 3822 3467 3892 aliquid
3502 3824 3582 3878 ubi
3617 3824 3748 3887 fuisti,

2214 3895 2298 3956 vel
2323 3901 2406 3957 cui
2436 3905 2510 3958 rei
2539 3905 2841 3961 interfuisti.
2891 3908 3028 3978 Quid
3078 3912 3179 3966 sibi
3219 3915 3330 3970 vult
3369 3917 3466 3973 ista
3496 3916 3747 3974 recordatio

2215 3993 2442 4059 sabbati,
2473 3993 2662 4053 fratres
2691 3997 2836 4054 mei?
2867 4017 2986 4071 qua:
3015 4003 3192 4060 anima
3224 4007 3300 4062 sic
3336 4011 3632 4066 recordatur
3648 4009 3744 4066 salt-

2213 4079 2596 4160 batum?quod
2638 4100 2720 4146 est
2765 4090 2866 4148 hoc
2893 4095 3208 4152 sabbatum?
3249 4099 3383 4157 Cum
3420 4105 3609 4176 gemitu.
3635 4102 3746 4158 enim

2215 4179 2542 4238 recordatur.
2584 4175 2650 4238 Et
2699 4200 2820 4240 cum
2866 4176 3110 4245 Psaimus
3157 4175 3442 4264 legeretur,
3470 4194 3686 4258 audistis,
3704 4202 3744 4250 et

2215 4272 2372 4329 modo
2397 4285 2515 4329 eum
2547 4279 2918 4346 retexerimus,
2952 4280 3178 4338 audietis
3214 4296 3444 4355 quantus
3470 4288 3536 4343 sit
3561 4301 3738 4349 mror,

2213 4381 2440 4438 quantus
2461 4371 2708 4440 gemitus,
2761 4382 2988 4444 quantus
3034 4373 3213 4444 ﬂetus,-
3256 4395 3373 4452 qutc
3413 4382 3624 4438 miseria.
3660 4376 3740 4434 Sed

2214 4459 2338 4517 felix
2383 4472 2483 4531 cst,
2540 4465 2629 4534 qui
2678 4466 2756 4520 sic
2811 4467 2974 4523 miser
3015 4477 3116 4524 est.
3150 4469 3304 4528 Unde
3347 4483 3403 4530 et
3450 4471 3740 4531 Domintuil

2212 4553 2502 4628 Evangelio
2522 4557 2704 4614 beatos
2723 4560 3012 4632 appellavit
3029 4563 3293 4635 quosdam
3309 4567 3542 4640 lugentes
3564 4563 3732 4640 (Mattio

2213 4664 2267 4713 ν.
2291 4647 2366 4722 5).
2397 4649 2548 4706 Unde
2569 4651 2772 4724 beatus,
2800 4655 2844 4711 si
2868 4655 3093 4728 lugens?
3121 4659 3258 4717 unde
3281 4661 3488 4732 beatus,
3501 4662 3545 4718 si
3565 4655 3732 4716 uberi

2203 4740 2323 4819 imo
2348 4743 2510 4800 miser
2546 4756 2688 4802 esset
2716 4748 2762 4802 si
2791 4749 2980 4821 lugens
3001 4767 3108 4808 non
3133 4764 3300 4812 esset.
3337 4756 3520 4817 Talem.
3551 4769 3659 4827 ergo
3692 4759 3730 4807 et

2211 4835 2300 4891 hic.
2326 4837 2644 4908 accipiamus
2677 4841 2952 4899 sabbatum
2995 4847 3386 4920 recordantem,
3418 4849 3588 4907 nescia-
3606 4859 3728 4918 etiam

2210 4930 2477 5003 lugentem
2511 4950 2524 4988 :
2557 4943 2614 4990 et
2631 4935 2830 4991 utinam
2853 4953 2954 4994 nos
2970 4940 3137 4996 simus
3172 4943 3289 5014 ipse
3309 4942 3633 5016 nescioquis!
3656 4939 3727 4994 Esi

2208 5028 2349 5082 enim
2375 5028 2588 5099 quidam
2616 5028 2823 5098 dolens,
2855 5048 3094 5104 gemens,
3121 5035 3328 5107 lugens,
3355 5031 3722 5096 recordationib-

2208 5118 2410 5175 batum.
2433 5120 2741 5187 Sabbatum,
2765 5125 3095 5194 requiescat.
3124 5127 3252 5185 Sine
3283 5130 3447 5188 dubio
3473 5130 3568 5185 iste:
3589 5127 3632 5182 in
3655 5135 3720 5177 ac-

2208 5214 2322 5269 scio
2365 5230 2466 5285 qua
2495 5214 2860 5286 inquietudine
2886 5227 3022 5291 erat,
3049 5221 3144 5292 qui
3166 5234 3288 5280 cum
3314 5223 3512 5296 gemiti
3529 5217 3721 5290 recincta

2206 5309 2602 5367 recordabatur.

2277 5401 2329 5456 5.
2360 5399 2509 5474 [vers.
2549 5400 2630 5474 2.]
2657 5400 2774 5473 ipse
2824 5402 3003 5476 itaque
3027 5405 3440 5478 inquietudinem
3476 5411 3618 5477 omni
3643 5409 3713 5470 pa-

2196 5493 2455 5562 tiebatur,
2488 5502 2670 5548 narrat
2700 5504 2754 5551 et
2783 5499 3121 5554 commendat
3149 5500 3278 5570 Deo,
3308 5501 3478 5558 nescio
3499 5493 3710 5569 quidﬁfﬂ‘

2205 5587 2321 5643 vius
2350 5587 2544 5644 timens
2562 5602 2719 5658 quam
2740 5598 2856 5645 erat
2881 5591 2970 5647 ubi
3001 5593 3278 5650 eranttum
3304 5596 3422 5667 «(die
3443 5588 3708 5648 iamiam.

2267 5748 2283 5779 ¹
2311 5747 2383 5797 Er.
2406 5754 2454 5797 et
2477 5751 2607 5808 Lov.,
2630 5757 2759 5812 gero.
2785 5753 2839 5799 At
2861 5756 2958 5798 Am.
2986 5756 3037 5800 et
3059 5749 3224 5814 plores
3246 5753 3364 5813 Mss,
3385 5745 3548 5817 gerant.

2267 5813 2287 5842 1
2310 5819 2488 5846 nmnp:
2511 5823 2659 5846 τινι-πυ)
2695 5819 2783 5846 ch
2810 5843 2818 5846 Α
2851 5811 2932 5846 cm!
2969 5811 3346 5846 nnimro'rm-A.‘.-m.
3378 5814 3565 5846 ρηυὼςςα
3596 5805 3704 5846 malli

2204 5872 2224 5926 ἕ
2267 5813 2287 5842 ⁸
2310 5819 2488 5880 Omnes
2511 5823 2660 5874 prepe
2695 5819 2824 5873 MSS.,
2848 5811 2932 5863 sed
2969 5811 3358 5867 misericordiam
3377 5811 3565 5876 Earinus
3592 5811 3684 5866 FW"

2224 5877 2489 5938 mpetnwu.
