3960 6410
578 394 689 436 non
727 375 1009 442 habemus,
1036 383 1258 430 necesse
1283 375 1366 425 est
1394 374 1452 422 ut
1487 361 1784 421 doleamus.
1815 361 1954 419 Nam
1996 364 2085 422 ille
2112 373 2168 421 et

579 479 724 527 amat
751 478 805 526 et
830 483 936 524 non
966 465 1129 530 dolet,
1161 462 1252 533 qui
1281 460 1445 516 habet
1470 457 1612 529 quod
1641 465 1785 513 amat
1809 474 1823 510 :
1853 457 1946 529 qui
1987 465 2168 513 autem

507 547 510 552 ’
579 572 746 626 amat,
773 571 832 616 ut
866 559 998 626 dixi,
1044 565 1098 612 et
1127 554 1363 610 nondum
1395 551 1555 607 habet
1577 551 1718 623 quod
1748 559 1911 614 amat,
1944 564 2167 607 necesse

577 666 662 712 est
698 663 757 711 ut
781 654 833 708 in
859 651 1045 706 dolore
1067 655 1264 718 gemat.
1294 645 1422 701 lnde
1439 644 1566 700 illud
1588 647 1640 699 in
1659 658 1884 714 persona
1914 637 2169 699 Ecclesiae

577 761 770 818 Sponsa
797 741 996 799 Christi
1024 738 1078 794 in
1107 737 1331 794 Cantico
1366 736 1700 791 canticorum
1733 751 1746 787 :
1779 734 2032 801 Quoniam
2053 733 2167 788 vul-

575 845 751 892 nerata
779 831 1024 886 cliaritate
1046 845 1137 901 ego
1155 845 1268 883 sum
1291 825 1463 899 (Cant.
1487 842 1544 889 ιι,
1567 823 1625 892 5,
1645 834 1692 880 et
1720 840 1777 891 v,
1809 822 1887 895 8).
1909 824 2167 880 Vulnera-

576 937 686 982 tam
735 939 795 980 se
835 923 968 979 dixit
1001 919 1542 976 charitatezamabat
1587 917 1728 972 enim
1783 915 2066 987 quiddam,
2110 922 2167 970 et

571 1016 808 1073 nondum
867 1014 1110 1078 tenebat;
1156 1011 1406 1076 dolebat,
1459 1009 1583 1080 quia
1628 1007 1866 1064 nondum
1910 1006 2161 1063 habebat.

571 1113 715 1183 Ergo
741 1110 786 1165 si
815 1108 1050 1170 dolebat,
1075 1104 1356 1161 vulnerata
1382 1111 1500 1159 erat
1547 1120 1561 1156 :
1601 1102 1696 1158 sed
1747 1100 1850 1157 hoc
1878 1100 2072 1156 vulnus
2097 1099 2165 1155 ad

569 1218 754 1261 veram
782 1201 1064 1257 sanitatem
1083 1196 1325 1268 rapiebat
1345 1196 1384 1249 ί.
1411 1194 1512 1263 Qui
1530 1193 1634 1249 hoc
1657 1192 1877 1248 vulnere
1907 1207 2013 1247 non
2043 1191 2163 1246 fue-

567 1298 641 1355 rit
669 1296 1001 1357 vulneratus,
1029 1289 1096 1346 ad
1122 1305 1306 1345 veram
1331 1287 1615 1344 sanitatem
1637 1301 1745 1342 non
1776 1292 1951 1356 potest
1974 1298 2164 1356 perve-

566 1390 709 1448 nire.
754 1383 1019 1456 Numquid
1049 1398 1176 1454 ergo
1203 1380 1512 1436 vulneratus
1553 1392 1769 1448 semper
1807 1377 1913 1433 erit
1950 1376 2004 1432 in
2047 1374 2164 1432 vul-

567 1481 737 1539 nere?
790 1479 1081 1534 Possumus
1133 1474 1314 1544 itaque
1362 1471 1522 1528 etiam
1576 1471 1654 1527 sic
1705 1469 1895 1525 inﬁxas
1941 1468 2161 1540 sagittas

567 1572 836 1643 accipere,
859 1569 911 1625 id
939 1577 1041 1636 est,
1067 1566 1231 1623 verba
1268 1575 1356 1621 tua
1399 1563 1558 1619 inﬁxa
1591 1571 1717 1619 sunt
1742 1562 1891 1618 cordi
1933 1576 2076 1627 meo,
2107 1569 2162 1618 et

565 1681 638 1723 ex
666 1663 795 1735 ipsis
822 1661 1002 1717 verbis
1031 1660 1139 1714 tuis
1180 1658 1378 1713 factum
1409 1665 1492 1713 est
1530 1664 1589 1712 ut
1624 1653 1940 1710 recordarer
1963 1652 2158 1709 sabba-

563 1767 712 1823 tum;
741 1763 795 1812 et
819 1756 932 1826 ipsa
963 1751 1263 1810 recordatio
1288 1749 1515 1815 sabbati,
1547 1757 1603 1804 et
1639 1745 1874 1803 nondum
1904 1745 2155 1813 retentio,

560 1847 692 1924 facit
717 1861 803 1901 me
831 1843 1070 1900 nondum
1093 1840 1415 1914 gaudere,et
1432 1852 1728 1910 agnoscere
1751 1851 1852 1892 nec
1875 1836 2157 1893 sanitatem

561 1955 684 1998 esse
711 1940 766 1996 in
808 1938 922 2011 ipsa
959 1951 1142 2003 carne,
1173 1949 1348 2004 neque
1371 1932 1476 1988 dici
1501 1931 1720 1996 debere,
1749 1945 1872 1986 cum
1901 1943 2157 1999 comparo

559 2031 720 2089 istam
752 2029 1034 2085 sanitatem
1065 2024 1144 2081 illi
1168 2023 1383 2080 sanitati
1434 2036 1592 2092 quam
1640 2019 1850 2075 habebo
1876 2019 1928 2074 in
1971 2017 2157 2088 requie

559 2121 909 2194 sempiterna,
937 2117 1028 2174 ubi
1074 2113 1420 2186 oorruptibile
1444 2113 1549 2168 hoc
1588 2111 1773 2167 induet
1802 2109 2157 2182 incorruptio-

559 2228 709 2278 nem,
738 2220 792 2268 et
816 2209 1045 2266 mortale
1075 2207 1178 2263 hoc
1221 2204 1406 2261 induet
1446 2203 1896 2259 immortalitatem
1936 2199 2152 2272 (lCor.

558 2318 658 2370 xv,
687 2302 777 2375 55)
798 2318 812 2369 ;
845 2310 898 2357 et
916 2300 1071 2356 video
1087 2299 1210 2370 quia
1235 2298 1288 2352 in
1308 2296 1452 2353 illius
1470 2295 1713 2356 sanitatis
1727 2294 2150 2367 comparatione,

557 2395 661 2456 lata
687 2393 888 2450 sanitas
913 2390 1130 2446 morbus
1155 2397 1258 2444 est.

633 2485 689 2542 6.
719 2483 842 2539 Non
873 2493 946 2539 est
986 2499 1090 2554 paa:
1135 2481 1329 2536 ossibus
1398 2480 1522 2535 meis
1575 2497 1609 2535 a
1646 2479 1778 2550 facie
1833 2486 2151 2550 peccatorum

557 2596 808 2638 meorum.
837 2577 1013 2646 Qumri
1041 2575 1181 2632 solet
1227 2574 1381 2644 cujus
1422 2575 1492 2630 sit
1516 2588 1658 2640 vox;
1719 2580 1776 2630 et
1824 2572 1984 2644 aliqui
2010 2573 2152 2630 acci-

565 2677 722 2750 piunt
751 2673 968 2737 Christi,
1000 2681 1218 2743 propter
1242 2668 1486 2741 quaedam
1521 2685 1640 2740 qua:
1664 2667 1751 2725 hic
1789 2667 2040 2725 dicuntur
2080 2667 2148 2726 de

555 2773 815 2845 passione
841 2768 1062 2836 Christi,
1114 2766 1181 2823 ad
1224 2782 1344 2839 qua:
1374 2767 1533 2837 paulo
1578 2775 1698 2837 post
1725 2767 2040 2833 veniemus,
2092 2774 2149 2823 et

561 2882 660 2925 nos
686 2877 1040 2936 agnoscemus
1083 2861 1204 2931 quia
1253 2858 1321 2915 de
1350 2857 1598 2929 passione
1642 2857 1842 2913 Christi
1872 2857 2142 2914 dicuntur.

549 2956 683 3024 Sed,
713 2953 835 3010 Non
856 2963 926 3008 est
948 2968 1050 3024 pax
1075 2949 1268 3006 ossibus
1305 2949 1431 3006 meis
1455 2966 1486 3002 α
1516 2950 1646 3020 {acie
1665 2959 1985 3020 peccatorum
2009 2964 2145 3004 meo-

553 3065 692 3110 rum,
724 3043 992 3116 quomodo
1012 3042 1216 3098 diceret
1241 3041 1331 3111 qui
1373 3040 1578 3096 nullum
1608 3052 1885 3111 peccatum
1913 3039 2144 3096 habebat

550 3142 574 3210 (
605 3137 622 3191 Ι
652 3135 794 3191 Petr.
824 3149 882 3199 ιι,
917 3133 1054 3203 22)?
1080 3132 1332 3187 Coarctat
1363 3146 1460 3187 nos
1504 3145 1632 3202 ergo
1681 3130 2013 3203 intelligendi
2043 3147 2141 3189 ne-

549 3226 776 3285 cessitas
803 3226 868 3279 ad
891 3222 1324 3293 cognoscendum
1353 3230 1602 3292 tauquam
1636 3220 1850 3292 plenum
1887 3230 1943 3277 et
1971 3230 2138 3278 totum

529 3301 824 3376 LChristum
850 3359 864 3382 ,
899 3315 950 3370 id
982 3323 1066 3370 est
1091 3323 1250 3384 caput
1293 3321 1348 3368 et
1387 3327 1603 3383 corpus.
1636 3313 1772 3369 Cum
1803 3313 1945 3369 enim
1970 3312 2133 3370 Chri-

546 3417 665 3468 stus
686 3407 944 3478 loquitur,
966 3403 1251 3476 aliquando
1280 3419 1348 3459 ex
1379 3418 1604 3475 persona
1640 3404 1808 3460 solius
1836 3404 2025 3476 capitis
2051 3405 2135 3462 lo-

545 3501 749 3574 quitur,
781 3497 923 3570 quod
944 3505 1030 3554 est
1055 3496 1169 3566 ipse
1194 3495 1470 3563 Salvator,
1508 3504 1665 3550 natus
1684 3510 1750 3551 ex
1777 3495 1942 3552 Maria
1971 3496 2136 3569 virgi-

547 3609 651 3659 ne;
699 3589 985 3662 aliquando
1037 3605 1106 3646 ex
1155 3603 1387 3660 persona
1443 3588 1686 3660 corporis
1717 3589 1817 3656 sui,
1872 3589 2016 3660 quod
2050 3598 2136 3647 est

543 3695 730 3742 sancta
756 3681 1018 3748 Ecclesia,
1042 3679 1234 3736 ditl'usa
1261 3687 1374 3736 toto
1400 3679 1529 3735 orbe
1557 3688 1838 3735 terrarum.
1864 3680 1932 3736 Et
1951 3695 2049 3736 nos
2078 3680 2132 3736 in

541 3792 768 3848 corpore
798 3774 964 3845 ipsius
985 3787 1202 3838 sumus,
1233 3771 1276 3827 si
1308 3780 1482 3827 tamen
1525 3771 1659 3828 ﬁdes
1688 3780 1871 3827 nostra
1921 3771 2130 3828 sincera

542 3871 614 3928 sit
641 3870 691 3924 in
723 3869 831 3932 illo,
866 3875 920 3922 et
943 3881 1066 3937 spes
1086 3875 1264 3932 certa,
1293 3874 1348 3920 et
1370 3865 1604 3921 Charitas
1643 3879 1869 3922 accensa
1903 3882 1917 3919 :
1945 3880 2130 3920 sumus

539 3965 594 4020 in
621 3977 846 4034 corpore
882 3961 1081 4032 ipsius,
1122 3968 1176 4016 et
1211 3958 1449 4015 membra
1489 3958 1658 4030 ipsius
1682 3999 1697 4026 ,
1740 3967 1795 4014 et
1827 3957 2128 4015 invenimus

537 4069 637 4112 nos
663 4053 734 4110 ibi
763 4052 942 4122 loqui,
971 4051 1227 4122 Apostnlo
1255 4049 1484 4116 dicente,
1521 4049 1774 4118 Quoniam
1796 4049 2019 4104 membra
2036 4066 2126 4105 su-

533 4165 649 4203 mus
676 4144 903 4216 corporis
933 4144 1042 4214 ejus
1073 4141 1290 4213 (Ephes.
1319 4157 1353 4198 v
1377 4183 1393 4206 ,
1422 4139 1515 4211 30)
1542 4157 1556 4206 ;
1585 4149 1639 4195 et
1682 4140 1865 4195 multis
1886 4139 2018 4195 locis
2041 4139 2125 4195 di-

534 4240 610 4296 cit
639 4239 741 4292 hoc
768 4235 1075 4306 Apostolus.
1101 4232 1232 4288 Nam
1261 4234 1304 4287 si
1341 4232 1635 4287 dixerimus
1664 4231 1823 4286 verba
1853 4245 1960 4287 non
2004 4246 2124 4290 esse

533 4331 769 4396 Christi,
794 4345 896 4384 non
921 4337 1077 4384 erunt
1099 4335 1152 4383 ct
1179 4327 1263 4382 illa
1295 4326 1455 4381 verba
1485 4325 1686 4381 Christi
1715 4343 1728 4380 :
1757 4325 1896 4381 Deus
1939 4344 2082 4384 meus
2104 4371 2119 4397 ,

535 4423 674 4478 Deus
701 4437 872 4487 meus,
895 4419 1072 4491 utquid
1101 4434 1178 4472 me
1197 4415 1508 4486 dereliquisti
1522 4415 1548 4468 ?
1571 4414 1641 4470 Et
1666 4415 1737 4471 ibi
1762 4416 1902 4471 enim
1933 4416 2118 4487 habes,

533 4515 674 4571 Deus
703 4530 845 4568 meus
865 4554 878 4577 ,
915 4511 1054 4566 Deus
1083 4524 1223 4563 meus
1247 4549 1262 4575 ,
1286 4507 1462 4577 utquid
1486 4523 1566 4561 me
1599 4506 1948 4580 dereliquisti?
1975 4510 2123 4584 longe

529 4625 562 4663 a
592 4607 752 4662 salute
778 4621 889 4660 mea
909 4602 1056 4657 verba
1076 4601 1374 4655 delictorum
1399 4615 1625 4655 meorum
1655 4599 1826 4672 (Psal.
1850 4618 1945 4658 xxi
1967 4644 1982 4670 ,
2007 4602 2068 4675 2)
2100 4622 2116 4660 :

535 4697 809 4773 quomodo
832 4696 918 4751 hic
949 4693 1114 4749 habes
1132 4735 1146 4757 ,
1173 4709 1205 4746 a
1230 4693 1360 4763 facie
1403 4702 1722 4765 peccatorum
1749 4712 1974 4751 meorum
1996 4714 2016 4764 ;
2040 4697 2118 4754 sic

523 4799 582 4848 et
603 4791 675 4847 ibi
706 4789 873 4844 habes
897 4827 912 4852 ,
940 4785 1089 4840 verba
1110 4783 1403 4838 delictorum
1435 4800 1679 4841 meorum.
1711 4785 1842 4841 Etsi
1873 4786 2116 4845 Christus

524 4885 710 4954 utique
736 4881 852 4935 sine
876 4885 1096 4948 peccato
1123 4885 1179 4933 et
1205 4877 1322 4934 sine
1343 4877 1560 4944 delicto,
1579 4877 1866 4949 incipimus
1893 4895 2002 4936 non
2024 4896 2116 4953 puo

523 4986 644 5032 tare
663 4970 826 5028 verba
853 4969 942 5025 illa
966 4968 1164 5025 Psalmi
1194 4969 1336 5025 illius
1357 4984 1494 5027 esse.
1524 4969 1594 5025 Et
1638 4969 1792 5027 valde
1819 4970 2012 5028 durum
2059 4982 2116 5030 et

522 5066 851 5122 contrarium
891 5070 1012 5130 est,
1068 5071 1124 5117 ut
1173 5061 1262 5119 ille
1309 5062 1545 5133 psalmus
1587 5079 1694 5120 non
1738 5066 2003 5135 pertineat
2042 5065 2112 5123 ad

523 5157 820 5221 Christum,
841 5155 934 5210 ubi
956 5153 1214 5210 habemus
1245 5164 1352 5210 tam
1379 5165 1618 5227 apertam
1637 5159 1941 5228 passionem
1970 5159 2107 5231 ejus,

523 5259 778 5319 tanquam
807 5263 872 5303 ex
902 5246 1194 5318 Evangelia
1222 5246 1496 5302 recitetur.
1525 5247 1602 5303 lbi
1642 5249 1783 5305 enim
1812 5250 2106 5319 habemus,

526 5341 822 5397 Diviserunt
866 5337 960 5393 sibi
997 5338 1289 5393 vestimenta
1328 5354 1472 5405 mea,
1511 5348 1561 5394 et
1587 5356 1741 5411 super
1767 5342 2110 5398 vestimentum

522 5448 694 5490 meum
714 5432 956 5486 miserunt
978 5439 1164 5486 sortem
1193 5430 1496 5504 (lbid.,i9).
1525 5432 1662 5501 Quid
1687 5435 1832 5505 quod
1860 5437 1974 5506 ipse
2001 5437 2106 5493 Do-

519 5525 700 5582 minus
724 5523 779 5579 in
800 5537 958 5579 cruce
992 5521 1267 5594 pendens,
1315 5526 1546 5594 primum
1565 5540 1780 5581 versum
1813 5529 2003 5597 psalmi
2029 5529 2108 5603 ip-

516 5615 632 5674 sius
652 5629 752 5674 ore
773 5627 875 5671 suo
899 5615 1144 5687 protulit,
1167 5623 1223 5672 et
1245 5614 1379 5671 dixit
1403 5633 1420 5673 :
1440 5615 1580 5672 Deus
1595 5632 1754 5687 meus,
1777 5617 1916 5676 Deus
1934 5637 2102 5692 meus,

470 5762 481 5781 '
580 5757 597 5789 ⁸
623 5764 802 5808 omnes
821 5751 931 5806 fere
949 5760 1074 5816 uss,
1094 5749 1344 5804 ambiebat.

1814 239 1875 305 S.
1914 243 2281 306 AUGUSTINI
2317 236 2624 308 EPISCOP!

3751 269 3834 332 ιοο

2281 365 2464 437 utquid
2480 384 2561 424 me
2577 367 2888 441 dereliquisti
2906 368 3121 441 (Matth.
3143 389 3305 430 xxvn
3322 413 3342 441 ,
3380 376 3522 448 ‘6)?
3547 379 3680 450 Quid
3702 389 3836 450 voluit

2280 455 2540 552 intelligi,
2566 458 2669 552 nisi
2697 459 2848 518 illum
2867 461 3132 532 psalmum
3163 472 3347 521 totum
3369 465 3441 522 ad
3474 481 3536 526 se
3559 474 3796 542 pertinere
3815 525 3830 552 ,

2276 549 2401 620 quia
2429 560 2590 621 caput
2618 550 2788 622 ipsius
2812 552 2928 624 ipse
2979 556 3394 626 pronuntiavit?
3438 559 3541 618 Ubi
3567 573 3730 625 autem
3763 549 3832 631 se;

2275 642 2457 714 quitur
2484 651 2541 699 et
2566 642 2730 712 dicit,
2766 643 2932 702 Verba
2968 646 3275 705 delictomm
3331 667 3596 724 meorum,
3643 675 3738 718 non
3775 677 3835 726 est

2275 735 2496 794 dubium
2526 737 2653 808 quia
2678 753 2780 794 vox
2807 738 3008 797 Christi
3032 752 3135 798 est.
3161 742 3322 800 Unde
3349 759 3484 818 ergo
3502 762 3734 823 peccata,
3757 760 3832 818 nisi

2272 827 2344 920 de
2369 843 2597 920 corpore
2625 831 2771 902 quod
2795 841 2878 887 est
2907 831 3187 890 Ecclesia?
3212 833 3356 904 Quia
3408 836 3644 912 loquitur
3677 860 3832 920 corpus

2272 917 2474 976 Christi
2495 929 2552 977 et
2575 931 2754 992 caput.
2786 922 2964 991 Quare
2992 932 3244 996 tanquam
3271 942 3416 984 unus
3437 927 3706 1001 loquitur?
3732 917 3832 1008 Quia

2271 1022 2448 1084 erunt,
2475 1014 2666 1086 inquit,
2689 1015 2792 1071 duo
2816 1016 2871 1071 in
2903 1032 3055 1072 carne
3078 1033 3202 1072 una.
3227 1017 3627 1078 Sacramentum
3651 1025 3736 1084 hoc
3754 1039 3833 1085 ma.

2271 1121 2428 1177 gnum
2448 1115 2552 1173 est,
2573 1106 2649 1162 ait
2676 1107 2997 1177 Apostolus,
3045 1125 3138 1180 ego
3177 1118 3358 1165 autem
3384 1112 3502 1168 dico
3527 1114 3582 1169 in
3608 1115 3781 1176 Christo
3803 1135 3833 1179 ct

2269 1197 2324 1252 in
2351 1196 2582 1253 Ecclesia
2605 1197 2823 1270 (Ephes.
2851 1215 2920 1270 v,
2947 1201 3038 1270 51,
3064 1201 3177 1274 32).
3200 1201 3367 1260 Unde
3390 1206 3555 1262 etiam
3596 1224 3708 1267 cum
3746 1215 3830 1286 ipse

2269 1287 2579 1361 loqueretur
2601 1291 2656 1346 in
2676 1291 2965 1365 Evangelia
2986 1334 3002 1360 ,
3033 1293 3380 1366 respondens
3399 1298 3480 1356 eis
3505 1302 3594 1373 qui
3619 1308 3827 1374 quaestio-

2269 1398 2393 1439 nem
2415 1383 2707 1441 intulerant
2729 1385 2796 1442 de
2826 1402 2996 1445 uxore
3019 1387 3369 1458 dimittenda,
3391 1393 3472 1450 ait
3497 1412 3512 1450 :
3536 1394 3654 1452 Non
3677 1400 3828 1472 legistis

2266 1477 2404 1570 quod
2429 1478 2674 1570 scriptum
2696 1488 2798 1547 est,
2830 1481 2966 1550 quod
2986 1481 3123 1539 Deus
3145 1483 3209 1540 ab
3234 1487 3389 1543 initio
3414 1493 3686 1548 masculum
3710 1506 3750 1550 et
3771 1501 3827 1570 fe-

2268 1567 2459 1623 minam
2483 1569 2601 1640 fecit
2617 1585 2701 1626 eos
2715 1613 2730 1639 ,
2754 1579 2801 1627 et
2825 1574 3070 1646 relinquet
3089 1575 3242 1632 homo
3273 1587 3477 1650 patrem
3497 1591 3544 1637 et
3566 1567 3827 1656 matrenqet

2265 1660 2542 1754 adhterebit
2565 1664 2716 1719 uxori
2733 1680 2868 1735 sua,
2911 1677 2960 1722 et
2983 1679 3131 1724 erunt
3155 1671 3259 1727 duo
3290 1673 3348 1728 in
3371 1691 3530 1732 carne
3548 1680 3678 1732 una?
3694 1679 3824 1754 Igitur

2253 1752 2371 1822 jam
2392 1768 2494 1807 non
2517 1754 2619 1810 duo
2639 1796 2657 1824 ,
2683 1757 2773 1811 sed
2813 1773 2916 1812 una
2943 1770 3018 1815 est
3041 1776 3165 1817 caro
3198 1761 3424 1837 (Matth.
3479 1782 3572 1824 xtx
3593 1809 3610 1836 ,
3637 1752 3759 1843 4.6).
3780 1772 3822 1831 Si

2264 1859 2393 1916 ergo
2421 1844 2536 1917 ipse
2554 1846 2722 1914 dixit,
2749 1847 2872 1904 Jam
2893 1867 2993 1907 non
3019 1853 3122 1909 duo
3144 1896 3162 1923 ,
3188 1856 3283 1911 sed
3309 1873 3420 1912 una
3445 1869 3520 1915 est
3556 1879 3703 1929 caro;
3722 1866 3818 1938 quid

2262 1939 2458 1995 mirum
2484 1943 2530 1997 si
2560 1957 2664 1997 una
2684 1957 2845 2012 caro,
2876 1959 2982 2001 una
3027 1946 3238 2020 lingua,
3263 1951 3460 2009 eadem
3507 1955 3690 2022 verba,
3730 1967 3819 2015 tan-

2260 2047 2420 2103 quam
2444 2033 2598 2091 unius
2621 2037 2826 2105 carnis,
2857 2039 3047 2110 capitis
3069 2051 3124 2097 et
3149 2045 3447 2116 corporis?
3475 2047 3564 2105 Sic
3583 2050 3818 2112 audiamus

2260 2133 2513 2197 tanquam
2536 2143 2700 2183 unum
2733 2144 2749 2184 :
2777 2129 2873 2186 sed
2902 2139 3080 2189 tamen
3108 2144 3272 2205 caput
3303 2145 3558 2209 tanquam
3577 2152 3750 2213 caput,
3777 2155 3817 2202 et

2257 2234 2458 2290 corpus
2478 2228 2726 2292 tauquam
2751 2237 2967 2295 corpus.
2994 2225 3113 2282 Non
3142 2227 3463 2288 dividuntur
3481 2236 3814 2304 persone,sed

2257 2313 2605 2386 distinguitur
2628 2315 2859 2386 dignitas
2882 2336 2896 2374 :
2923 2319 3047 2390 quia
3068 2331 3230 2393 caput
3248 2325 3458 2392 salvat,
3491 2328 3715 2385 salvator
3728 2345 3814 2388 eor

2257 2421 2379 2478 pus.
2406 2406 2578 2478 Caput
2620 2408 2871 2466 exhibeat
2921 2412 3388 2485 misericordiam,
3436 2433 3629 2492 corpus
3657 2421 3812 2482 deﬂeat

2263 2495 2561 2554 miseriam.
2590 2499 2762 2572 Caput
2787 2511 2869 2559 est
2911 2502 2980 2559 ad
3033 2505 3310 2578 purganda
3335 2551 3353 2576 ,
3375 2524 3574 2584 corpus
3599 2513 3662 2570 ad
3682 2515 3814 2572 conli-

2256 2587 2414 2644 tenda
2436 2599 2654 2660 peccata
2688 2609 2700 2646 :
2735 2607 2839 2648 una
2867 2601 3044 2651 tamen
3070 2611 3196 2664 vox,
3228 2599 3326 2656 ubi
3356 2616 3465 2656 nou
3492 2603 3729 2676 scriptum
3748 2615 3810 2664 est

2253 2679 2469 2752 quando
2488 2681 2631 2739 dicat
2655 2699 2850 2756 corpus
2868 2727 2885 2753 ,
2909 2687 3124 2757 quando
3147 2700 3315 2760 caput
3341 2707 3358 2758 ;
3401 2693 3500 2750 sed
3528 2711 3624 2752 uos
3667 2696 3712 2753 in
3733 2713 3806 2754 au-

2251 2771 2449 2830 diendo
2467 2773 2878 2849 distinguimus;
2909 2778 3000 2836 ille
3019 2789 3198 2838 autem
3229 2792 3490 2857 tanquam
3518 2803 3646 2845 unus
3673 2789 3806 2862 loqui-

2250 2873 2356 2922 tur.
2386 2865 2564 2936 Quare
2591 2869 2734 2925 enim
2760 2884 2866 2926 non
2894 2870 3070 2941 dicat,
3094 2886 3423 2945 peccatorum
3453 2895 3668 2936 meorum
3685 2923 3699 2950 ,
3735 2881 3804 2952 qui

2249 2958 2422 3028 dixit,
2454 2958 2659 3016 Esuriui
2675 3002 2692 3028 ,
2719 2971 2766 3016 et
2786 2979 2888 3017 non
2908 2961 3117 3020 dedistis
3145 2966 3276 3022 mihi
3295 2970 3641 3039 manducare;
3668 2974 3800 3042 silici,

2249 3061 2298 3108 et
2317 3069 2420 3109 non
2440 3052 2649 3109 dedistis
2669 3053 2793 3108 mihi
2817 3064 3023 3126 potum;
3042 3056 3222 3130 hospes
3251 3062 3368 3132 fui,
3395 3072 3444 3118 et
3464 3080 3565 3119 non
3589 3065 3801 3136 recepistis

2246 3160 2367 3212 me;
2392 3145 2627 3214 inﬁrmus
2653 3145 2766 3216 fui,
2791 3154 2838 3201 et
2861 3146 2916 3202 in
2937 3164 3172 3220 carcere,
3217 3159 3265 3206 et
3294 3170 3399 3209 non
3438 3155 3667 3212 uisitastis
3701 3155 3799 3210 me!

2244 3233 2404 3294 Certe
2428 3236 2684 3293 Dominus
2705 3251 2811 3292 non
2839 3237 2939 3295 fuit
2961 3241 3015 3297 in
3036 3257 3277 3302 carcere.
3301 3247 3481 3316 Quare
3506 3264 3608 3305 non
3633 3249 3721 3306 hoc
3736 3247 3798 3305 di-

2242 3338 2423 3397 ceret,
2457 3331 2544 3386 cui
2565 3345 2687 3386 cum
2709 3329 2910 3388 dictum
2943 3342 3120 3402 esset,
3155 3336 3384 3406 Quando
3411 3351 3460 3397 te
3485 3342 3686 3399 uidimus
3705 3358 3793 3398 esu-

2239 3421 2452 3476 rientem
2473 3431 2518 3476 et
2541 3421 2821 3490 sitientem,
2851 3434 2938 3479 aut
2965 3425 3019 3480 in
3041 3441 3273 3498 carcere,
3299 3440 3349 3486 et
3387 3449 3490 3488 non
3531 3434 3794 3490 ministraui-

2240 3528 2354 3567 mus
2380 3510 2512 3566 tibi?
2534 3512 2848 3586 respondit,
2871 3515 2951 3571 sic
2977 3531 3045 3573 ex
3094 3532 3326 3589 persona
3373 3523 3612 3596 corporis
3647 3523 3718 3580 sui
3747 3536 3792 3578 se

2239 3603 2474 3672 dixisse,
2505 3603 2632 3660 Cum
2659 3607 2751 3661 uni
2794 3623 2858 3663 ea:
2897 3609 3120 3667 minimis
3164 3614 3292 3668 meis
3331 3632 3435 3672 non
3471 3617 3680 3688 fecistis,
3719 3630 3790 3672 nec

2237 3696 2363 3750 mihi
2390 3697 2576 3770 fecistis
2621 3696 2732 3769 (Id.
2765 3715 2875 3756 xxv
2894 3741 2913 3769 ,
2941 3699 3185 3774 42-45)?
3223 3703 3406 3774 Quare
3435 3724 3542 3765 non
3588 3708 3741 3775 dicat,
3764 3721 3789 3759 α

2234 3788 2369 3858 facie
2395 3799 2718 3862 peccatorum
2760 3807 3016 3862 meorum,
3065 3795 3153 3867 qui
3189 3795 3329 3855 dixit
3363 3799 3559 3867 Saulo,
3613 3799 3784 3866 Saulo,

2235 3880 2431 3947 Saule,
2460 3883 2582 3953 quid
2608 3899 2687 3938 me
2716 3887 3028 3956 persequeris
3058 3886 3192 3958 (Act.
3234 3905 3289 3944 ut
3309 3931 3328 3959 ,
3375 3892 3474 3964 ψ
3496 3893 3592 3960 Qui
3635 3891 3786 3962 utique

2231 3974 2286 4031 in
2313 3975 2453 4032 caelo
2476 3975 2590 4046 jam
2615 3977 2884 4035 neminem
2917 3991 3316 4050 persecutorem
3360 3985 3672 4057 patiebatur.
3696 3982 3781 4043 Sed

2230 4065 2500 4137 quomodo
2529 4067 2599 4124 ibi
2627 4077 2786 4139 caput
2812 4068 3130 4141 loquebatur
3158 4089 3254 4144 pro
3280 4091 3532 4149 corpore,
3555 4077 3629 4134 sic
3645 4085 3694 4132 et
3714 4074 3781 4132 hic

2229 4169 2389 4230 caput
2411 4159 2540 4217 dicit
2564 4163 2806 4232 corporis
2825 4178 2984 4222 voces
3007 4205 3023 4232 ,
3052 4181 3173 4222 cum
3198 4177 3254 4224 et
3293 4171 3487 4243 capitis
3518 4185 3667 4229 voces
3697 4184 3778 4225 au-

2228 4252 2374 4310 ditis.
2403 4253 2510 4311 Sed
2535 4270 2707 4328 neque
2727 4271 2848 4312 cum
2877 4259 3117 4330 corporis
3141 4275 3303 4319 voces
3323 4264 3594 4322 audieritis
3609 4304 3625 4332 ,
3648 4276 3778 4332 sepa-

2227 4347 2356 4402 retis
2399 4355 2594 4419 caput;
2647 4363 2820 4420 neque
2866 4364 2987 4408 cum
3039 4353 3228 4424 capitis
3273 4371 3438 4414 voces
3491 4355 3770 4419 audieritis,

2225 4437 2487 4510 separetis
2513 4453 2708 4512 corpus
2741 4458 2755 4495 :
2787 4441 2913 4514 quia
2946 4442 3056 4515 jam
3086 4461 3191 4502 non
3215 4446 3323 4505 duo
3345 4491 3364 4518 ,
3409 4449 3501 4507 sed
3532 4465 3627 4506 una
3652 4460 3772 4503 caro.

2297 4531 2350 4588 7.
2379 4530 2503 4587 Non
2531 4542 2603 4587 est
2623 4534 2817 4590 sanitas
2845 4537 2898 4590 in
2923 4553 3076 4593 carne
3097 4556 3208 4596 mea
3231 4559 3263 4596 a
3287 4545 3428 4600 vultu
3450 4545 3540 4600 ira:
3562 4553 3670 4599 tute.
3687 4537 3770 4597 Sed

2221 4621 2448 4680 fortasse
2476 4623 2669 4696 injuste
2698 4625 2791 4682 tibi
2822 4627 2961 4684 Deus
2986 4629 3152 4688 iratus
3171 4643 3274 4701 est,
3303 4651 3339 4692 ο
3366 4636 3554 4704 Adam,
3575 4651 3606 4693 ο
3631 4646 3770 4707 genus

2222 4713 2514 4771 humanum
2535 4757 2550 4782 ,
2582 4715 2779 4788 injuste
2805 4717 2974 4776 iratus
2993 4732 3076 4778 est
3113 4724 3289 4782 Deus!
3323 4729 3445 4800 quia
3472 4727 3642 4785 dixisti
3676 4725 3766 4796 jam

2219 4824 2520 4882 agnoscens
2544 4810 2712 4882 ipsam
2731 4827 2943 4884 poenam
2965 4822 3130 4884 tuam,
3146 4817 3256 4888 jam
3283 4820 3335 4877 in
3361 4836 3579 4893 corpore
3599 4814 3766 4876 Christi

2217 4906 2534 4963 constitutus
2564 4904 2768 4962 homo:
2802 4905 2927 4962 Non
2964 4918 3039 4964 est
3083 4913 3273 4968 sanitas
3311 4915 3367 4970 in
3419 4931 3565 4970 carne
3605 4927 3704 4968 mea
3740 4923 3765 4960 α

2215 5000 2356 5056 uultu
2383 5000 2474 5055 ira:
2494 5011 2612 5056 tute.
2635 5001 2856 5072 Expone
2881 5002 3142 5072 justitiam
3172 5007 3264 5063 irae
3303 5008 3398 5066 Dei
3425 5027 3440 5064 :
3468 5024 3534 5065 ne
3555 5016 3603 5064 te
3625 5017 3761 5063 excu-

2215 5106 2337 5149 sare
2364 5092 2622 5159 videaris,
2653 5092 2803 5148 illum
2830 5108 3086 5151 accusare
3113 5097 3151 5152 ί.
3177 5098 3434 5172 Sequere,
3466 5110 3519 5156 et
3540 5098 3619 5155 dic
3647 5091 3760 5150 unde

2215 5184 2293 5240 ira
2314 5184 2545 5240 Domini.
2575 5181 2699 5240 Non
2724 5195 2797 5240 est
2824 5187 3017 5243 sanitas
3046 5187 3098 5244 in
3137 5208 3292 5248 carne
3329 5209 3441 5248 mea
3480 5209 3512 5247 a
3535 5191 3662 5246 vultu
3686 5186 3759 5238 inc

2213 5285 2313 5332 ltttB
2331 5296 2351 5333 :
2378 5294 2479 5333 non
2507 5287 2579 5333 est
2604 5294 2707 5350 pax
2731 5277 2925 5335 ossibus
2946 5282 3086 5336 meis.
3113 5282 3377 5356 Repetivit
3400 5285 3451 5342 id
3472 5282 3602 5356 quod
3625 5275 3752 5335 dixit.

2217 5367 2338 5424 Non
2355 5377 2429 5424 est
2459 5369 2654 5426 sanitas
2677 5369 2730 5425 in
2754 5387 2908 5426 carne
2945 5389 3056 5428 mea
3083 5391 3104 5429 :
3135 5375 3234 5430 hoc
3259 5386 3342 5434 est
3384 5377 3552 5442 enim,
3589 5387 3676 5427 non
3698 5371 3753 5419 cst

2212 5477 2315 5533 pax
2331 5461 2523 5517 ossibus
2551 5462 2696 5518 meis.
2716 5461 2833 5518 Non
2851 5473 3028 5522 autem
3045 5468 3310 5538 repetivit,
3327 5487 3360 5525 a
3379 5469 3512 5525 vultu
3535 5467 3616 5521 ira;
3630 5473 3714 5515 tua!
3738 5470 3752 5509 ἔ

2209 5553 2304 5611 sed
2326 5569 2538 5610 causam
2565 5554 2697 5609 dixit
2719 5555 2812 5610 ira:
2837 5555 2973 5626 Dei,
3003 5556 3126 5614 Non
3154 5569 3227 5616 est
3254 5579 3359 5632 pas;
3381 5605 3400 5634 ,
3429 5559 3619 5634 inquit,
3648 5548 3750 5609 ossi-

2213 5644 2306 5701 bus
2330 5647 2453 5700 meis
2473 5662 2504 5699 a
2533 5645 2663 5716 [acie
2685 5656 3006 5718 peccatorum
3036 5667 3277 5707 meorum.

2278 5758 2294 5789 ¹
2319 5754 2544 5820 Plerique
2567 5763 2692 5823 Mss,
2711 5770 2772 5812 ne
2791 5763 2844 5811 tu
2859 5759 3032 5816 debere
3055 5761 3264 5818 videaris
3274 5764 3414 5820 illum
3431 5769 3654 5819 accitam-
