3960 6414
176 430 268 490 tot
770 394 776 400 ’
1232 429 1634 489 ENARRATIO
1670 427 1739 487 IN
1775 427 2105 490 PSALMUM
2138 433 2399 493 xxxv".

239 545 291 603 8.
323 544 473 620 [vers.
510 545 593 623 5.]
644 543 896 613 Quoniam
944 548 1229 620 iniquitates
1271 564 1396 603 mete
1439 549 1749 604 sustulerunt

174 648 315 710 caput
340 656 525 705 meum,
556 641 685 693 sicut
716 641 867 711 fascis
895 640 1062 712 gravis
1086 649 1312 711 gravata:
1336 646 1453 693 sunt
1483 655 1634 708 super
1654 655 1754 693 me.

115 800 121 807 ι
178 733 240 790 Et
266 732 349 788 hic
376 748 595 789 causam
633 734 892 805 przemisit
914 777 927 798 ,
960 743 1015 790 et
1054 732 1302 789 ell‘cctum
1333 732 1594 802 subjecit;
1628 731 1755 803 quid

112 837 137 894 ᾖ
177 826 310 883 unde
335 826 618 897 contigerit
646 825 781 882 dixit
809 844 824 883 :
857 826 1160 897 lniquitates
1181 842 1306 881 mete
1326 825 1637 880 sustulerunt
1664 842 1756 879 ca-

174 928 260 990 put
284 932 467 972 meum.
493 916 663 974 Nemo
690 919 833 975 enim
875 918 1138 989 superbus
1162 959 1179 983 ,
1230 916 1337 972 nisi
1375 917 1619 987 iniquus,
1669 917 1755 973 cui

108 1062 115 1067 ,
173 1011 460 1069 sustollitur
486 1020 666 1083 caput.
708 1011 933 1068 Sursum
981 1012 1218 1080 tollitur,
1250 1012 1340 1083 qui
1392 1012 1547 1082 erigit
1595 1019 1756 1081 caput

130 1144 135 1145 ν
171 1106 420 1157 adversus
457 1101 649 1157 Deum.
681 1100 921 1157 Audistis
970 1116 1090 1157 cum
1131 1102 1289 1157 lectio
1336 1100 1602 1172 legeretur
1629 1099 1753 1156 libri

175 1192 548 1260 Ecclesiastici,
585 1191 800 1248 Initium
826 1192 1077 1264 superbire
1097 1192 1349 1260 hominis,
1390 1198 1684 1263 apostatare
1711 1207 1744 1245 a

171 1285 277 1341 Deo
306 1282 489 1356 (Eccti.
518 1302 554 1341 ι
577 1329 594 1355 ,
623 1287 733 1358 ﬂ).
763 1286 859 1343 llle
900 1287 989 1358 qui
1021 1286 1168 1357 prior
1196 1286 1367 1341 noluit
1391 1284 1579 1340 audire
1617 1299 1755 1356 pra:-

171 1387 394 1449 ceptum,
412 1378 628 1434 sustulit
644 1378 895 1450 iniquitas
916 1378 1082 1449 ipsius
1102 1387 1259 1447 caput
1278 1376 1535 1433 adversus
1561 1376 1751 1432 Deum.

172 1468 238 1525 Et
262 1469 379 1541 quia
405 1469 716 1542 iniquitates
745 1469 1081 1526 sustulerunt
1106 1477 1268 1537 caput
1310 1468 1463 1539 ejus,
1512 1467 1639 1539 quid
1678 1465 1752 1524 illi

170 1558 289 1617 fecit
318 1558 500 1616 Deus?
524 1559 671 1615 Sicut
696 1560 853 1631 fascis
872 1561 1039 1633 gravis
1059 1569 1282 1632 gravata:
1299 1567 1416 1615 sunt
1456 1575 1609 1631 super
1652 1574 1750 1614 me.

169 1650 414 1709 Levitatis
443 1659 531 1708 est
553 1652 761 1724 erigere
782 1660 962 1721 caput,
987 1652 1138 1722 quasi
1167 1649 1298 1707 nihil
1330 1660 1504 1722 portat
1532 1652 1621 1723 qui
1647 1650 1750 1705 eri—

170 1744 241 1816 git
265 1751 440 1814 caput.
471 1743 603 1813 Quia
628 1759 756 1816 ergo
780 1744 898 1800 leve
925 1753 1007 1799 est
1035 1743 1177 1814 quod
1205 1753 1383 1813 potest
1411 1744 1577 1815 erigi,
1610 1743 1751 1798 acci-

170 1834 243 1907 pit
264 1833 469 1905 pondus
498 1833 639 1890 unde
669 1834 841 1905 possit
886 1834 1189 1903 comprimi.
1217 1834 1561 1889 Convertitur
1605 1835 1751 1893 enim

172 1925 312 1980 labor
328 1925 445 1995 ejus
467 1925 519 1980 in
540 1934 701 1996 caput
722 1925 840 1996 ejus
860 1966 875 1991 ,
905 1934 960 1981 et
984 1926 1238 1996 iniquitas
1267 1928 1382 1995 ejus
1411 1929 1462 1983 in
1488 1932 1748 1989 verticem

172 2018 277 2089 ejus
297 2018 572 2075 descendit
604 2018 774 2091 (Psal.
800 2033 909 2089 vn,
942 2019 1052 2093 l7).
1082 2018 1227 2073 Sicut
1265 2021 1418 2094 fastis
1443 2025 1609 2095 gravis
1631 2040 1751 2095 θνα-

171 2120 287 2167 eam
308 2121 422 2166 sunt
449 2129 605 2180 super
629 2128 727 2167 me.

233 2204 445 2279 9.[vers.
477 2202 557 2277 6.]
593 2204 1023 2280 Computruerunt
1060 2222 1105 2267 et
1132 2213 1604 2283 putuerttntlieores
1627 2213 1748 2267 mei.

164 2296 276 2355 1am
304 2306 395 2377 qui
419 2306 614 2360 livores
644 2304 822 2369 habet,
855 2320 961 2361 non
986 2313 1071 2361 est
1096 2320 1279 2361 sanus.
1313 2304 1462 2359 Adde
1499 2305 1620 2376 quia
1648 2305 1748 2373 ipsi

156 2398 354 2453 livores
378 2404 818 2468 eomputruerunt
844 2407 898 2453 et
922 2405 1230 2467 putueruut.
1263 2394 1415 2452 Unde
1439 2396 1749 2465 potuerunt?

152 2488 288 2559 Quia
317 2497 773 2560 contputruerunt.
796 2486 911 2542 Jam
941 2486 1211 2559 quomodo
1238 2486 1341 2541 hoc
1370 2487 1665 2557 explicetur
1693 2486 1746 2541 in

147 2584 260 2638 vita
292 2582 522 2637 humana
550 2581 669 2653 quis
697 2580 799 2636 hoc
826 2596 932 2636 non
960 2580 1109 2636 novit
1133 2579 1193 2634 ‘?
1225 2579 1427 2635 Habeat
1451 2579 1642 2651 aliquis
1662 2594 1748 2635 sa-

148 2690 281 2731 num
322 2674 573 2729 olfactum
620 2671 847 2740 animos,
875 2672 1037 2728 sentit
1073 2671 1343 2743 quomodo
1383 2682 1595 2742 puteant
1623 2688 1749 2741 pec-

148 2776 291 2823 cata.
325 2765 420 2821 Cui
451 2764 629 2837 putori
652 2774 992 2835 peccatorum
1020 2763 1319 2818 contrarius
1343 2773 1457 2817 erat
1486 2763 1617 2818 odor
1636 2764 1743 2831 ille,

150 2856 223 2915 de
250 2873 356 2930 quo
381 2856 511 2912 dicit
536 2856 824 2929 Apostolus
850 2873 866 2910 :
890 2854 1076 2910 Christi
1097 2854 1258 2908 bonus
1276 2854 1403 2908 odor
1418 2872 1592 2909 sumus
1615 2854 1742 2922 Deo,

148 2952 208 3006 in
228 2951 363 3005 omni
392 2949 525 3018 loco,
556 2949 619 3004 iis
648 2950 735 3019 qui
764 2948 892 3003 salvi
910 2948 1037 3020 fiunt
1062 2948 1125 3023 (ll
1146 2946 1264 3003 Cor.
1294 2963 1351 3014 ll,
1372 2946 1483 3021 15).
1512 2948 1615 3004 Sed
1642 2964 1745 3004 un-

152 3041 245 3110 de,
269 3040 371 3097 nisi
399 3040 467 3097 de
507 3040 640 3113 spe?
669 3038 844 3104 Unde,
884 3039 985 3094 nisi
1015 3039 1081 3094 de
1108 3038 1477 3094 recordatione
1502 3038 1745 3094 sabbati?

156 3134 313 3194 Aliud
340 3133 484 3190 enim
514 3133 816 3205 plangimus
838 3132 889 3186 in
918 3130 1019 3187 hac
1047 3131 1175 3198 vita,
1207 3131 1349 3185 aliud
1374 3131 1743 3202 przesumitnus

154 3227 211 3282 in
236 3225 322 3281 illa
353 3225 480 3279 vita.
514 3223 664 3293 Quod
689 3224 973 3295 plangitur,
1003 3230 1189 3293 putet:
1214 3221 1353 3292 quod
1383 3222 1739 3291 prxsutnitur,

156 3318 370 3390 fragrat.
398 3316 539 3389 Ergo
565 3315 664 3371 nisi
703 3324 847 3371 esset
874 3314 965 3370 ille
998 3314 1119 3369 talis
1148 3312 1281 3369 odor
1309 3314 1396 3385 qui
1429 3327 1528 3367 nos
1549 3312 1743 3368 invita-

155 3420 257 3479 ret,
284 3424 553 3482 nunquam
593 3408 871 3466 sabbatum
899 3407 1325 3464 recordaremur.
1368 3405 1474 3463 Sed
1501 3407 1622 3477 quia
1648 3406 1743 3461 ba-

156 3503 339 3560 bemus
387 3517 485 3573 per
529 3500 825 3572 Spiritum”
875 3500 1051 3571 ipsum
1106 3499 1351 3566 odorem,
1397 3507 1456 3553 ut
1502 3497 1741 3554 dicamus

156 3608 353 3666 sponso
380 3600 583 3659 nostro,
609 3589 738 3646 Post
767 3591 974 3645 odorem
994 3598 1364 3663 unguentorum
1396 3600 1596 3645 tuorum
1618 3606 1739 3643 cur-

156 3704 321 3745 remtts
350 3684 522 3759 (Cant.
555 3699 594 3752 t,
636 3683 723 3758 5);
752 3682 1041 3739 avertimus
1065 3698 1094 3737 a
1126 3684 1403 3753 putoribus
1434 3683 1633 3737 nostris
1658 3682 1741 3737 ol-

156 3780 372 3848 factum,
402 3785 457 3835 et
484 3785 857 3834 convertentes
882 3789 982 3830 nos
1005 3774 1071 3829 ad
1100 3774 1273 3844 ipsum
1306 3774 1635 3843 aliquantum
1658 3788 1744 3829 re-

154 3873 437 3944 spiramus.
462 3868 569 3926 Sed
590 3868 691 3923 nisi
716 3866 783 3923 ad
805 3881 904 3923 nos
931 3866 1113 3920 oleant
1134 3873 1189 3921 et
1209 3864 1346 3918 mala
1372 3873 1575 3925 nostra,
1606 3881 1743 3919 nun-

154 3979 311 4036 quam
353 3962 469 4018 istis
512 3959 798 4033 gemitibus
844 3958 1182 4023 confttetnur,
1231 3954 1654 4025 Compntruerunt
1698 3965 1743 4009 et

153 4061 425 4129 patuerunt
448 4052 624 4106 livores
660 4052 776 4105 mei.
810 4049 1000 4107 Unde?
1022 4049 1067 4103 A
1097 4049 1225 4121 facie
1260 4047 1563 4118 insipientite
1597 4064 1739 4103 mete.

154 4147 307 4205 Unde
332 4146 468 4202 dixit
492 4145 757 4216 superius,
789 4143 831 4197 Α
852 4143 983 4213 facie
1011 4150 1328 4212 peccatorum
1359 4156 1583 4195 meorum
1613 4154 1632 4195 :
1661 4142 1740 4196 in-

152 4240 219 4297 de
248 4254 412 4306 nunc,
436 4237 477 4293 Α
498 4238 629 4309 {acie
648 4236 950 4306 insipientia:
972 4250 1109 4291 ntete.

222 4332 314 4389 10.
355 4329 507 4405 [κη.
536 4326 615 4402 7.]
644 4328 865 4384 Miseriis
891 4328 1102 4398 aﬂlictus
1136 4342 1267 4394 sum,
1294 4336 1341 4381 et
1360 4335 1594 4381 curvatus
1630 4344 1744 4383 sum

152 4441 310 4499 usque
348 4425 403 4479 in
429 4424 602 4494 finem.
649 4419 799 4479 Unde
827 4429 1077 4476 curvatus
1104 4418 1224 4476 est?
1251 4415 1384 4486 Quia
1409 4418 1579 4475 elatus
1606 4428 1740 4478 erat.

152 4518 208 4575 Si
239 4516 406 4573 fueris
432 4514 669 4581 humilis,
698 4514 954 4585 erigeris;
985 4513 1031 4568 si
1060 4512 1225 4569 fueris
1252 4512 1444 4581 elatus,
1481 4514 1741 4570 curvabe-

152 4611 230 4668 ris
256 4628 272 4662 :
305 4622 412 4664 non
439 4607 580 4663 enim
608 4604 783 4662 deerit
809 4604 918 4660 Deo
954 4603 1160 4675 pondus
1188 4603 1328 4660 unde
1354 4612 1405 4660 te
1433 4614 1639 4661 curvet.
1669 4604 1741 4661 ll-

154 4702 246 4759 lud
275 4701 381 4759 erit
404 4697 647 4773 pondus,
691 4697 851 4752 fascis
879 4704 1214 4765 peccatorum
1244 4705 1454 4751 tuorum
1484 4713 1497 4750 :
1532 4697 1632 4753 hoc
1660 4712 1747 4752 re-

153 4793 441 4865 plicabitur
465 4793 518 4847 in
545 4798 704 4861 caput
728 4796 897 4856 tuum,
931 4797 985 4844 et
1018 4786 1341 4843 curvaberis.
1373 4786 1511 4855 Quid
1536 4799 1617 4844 est
1646 4804 1743 4844 au-

156 4896 267 4943 tem
293 4882 537 4941 curvari?
560 4881 676 4938 Non
698 4897 758 4938 se
783 4896 939 4952 posse
958 4881 1184 4951 erigere.
1212 4878 1393 4935 Talem
1421 4879 1621 4936 invenit
1643 4882 1746 4937 Do-

152 4980 336 5037 minus
366 4977 642 5034 mulierem
686 4989 782 5047 per
817 4974 1005 5029 decem
1035 4982 1089 5029 et
1130 4979 1252 5028 octo
1289 4987 1457 5026 annos
1486 4988 1740 5028 curvam:

152 5090 264 5131 non
296 5086 357 5129 se
381 5078 593 5143 poterat
616 5068 821 5141 erigere
864 5066 1013 5141 (Luc.
1040 5081 1157 5134 xm,
1186 5062 1298 5134 il).
1322 5065 1476 5121 Tales
1504 5074 1629 5122 sunt
1654 5068 1743 5139 qui

151 5166 210 5222 in
242 5174 386 5220 terra
406 5177 504 5218 cor
534 5160 756 5216 habent.
795 5159 865 5215 At
889 5174 1038 5227 vero,
1067 5158 1188 5229 quia
1215 5158 1418 5213 invenit
1444 5159 1632 5214 mulier
1655 5159 1745 5215 illa

152 5260 469 5323 Dominum,
485 5264 538 5311 et
558 5254 765 5310 sanavit
780 5268 919 5317 eam,
938 5251 1128 5307 habeat
1148 5264 1355 5306 sursum
1375 5265 1486 5306 cor.
1506 5249 1561 5306 ln
1578 5267 1747 5322 quan-

154 5360 272 5406 tum
302 5358 481 5404 tamen
501 5355 771 5409 curvatur,
803 5342 975 5399 adhuc
994 5344 1177 5415 gemit.
1200 5342 1463 5398 Curvatur
1486 5344 1627 5399 enim
1658 5345 1747 5401 ille

152 5444 248 5515 qui
297 5442 426 5497 dicit
456 5458 470 5495 :
502 5438 700 5513 Corpus
736 5439 869 5494 enim
909 5437 1044 5510 quod
1081 5438 1460 5507 corrumpitur,
1507 5449 1748 5511 aggravat

153 5540 405 5603 animam,
436 5546 482 5591 et
511 5535 750 5607 deprimit
781 5544 977 5587 terrena
1010 5531 1308 5586 inhabitatio
1343 5548 1546 5585 sensum
1587 5531 1748 5588 multa

154 5632 465 5705 cogitantem
494 5626 651 5702 (Sap.
685 5642 762 5696 lx,
790 5626 900 5697 l5).
932 5624 988 5680 In
1026 5623 1110 5680 his
1138 5632 1335 5697 gemat,
1369 5633 1428 5679 ut
1455 5624 1585 5680 illud
1610 5627 1749 5682 acci-

226 5810 256 5884 ξ
273 5815 375 5883 Am.
398 5813 547 5884 temet
565 5806 789 5884 plerique
808 5812 913 5855 Mss.
938 5807 1109 5855 carent
1125 5801 1375 5866 particula,
1389 5814 1500 5855 non.
1518 5802 1749 5865 Quidam:

226 5869 847 5985 mvmmitltmt.
869 5940 957 5992 per
979 5925 1219 5991 Spiritum.

3344 444 3454 505 403

1864 557 1996 620 ptat,
2022 550 2332 606 recordetur
2356 551 2656 615 sabbatum,
2688 560 2748 608 ut
2771 552 2840 608 ad
2866 553 3144 612 sabbatum
3171 561 3453 628 pervenire

1864 650 2153 696 mereatur.
2177 641 2326 708 Quod
2345 644 2485 698 enim
2506 645 2850 701 celebrabant
2869 645 3062 711 Judaei,
3080 650 3287 722 signum
3310 663 3453 712 erat.

1863 729 2025 800 Cujus
2054 733 2127 786 rei
2159 733 2412 802 signum?
2440 734 2608 801 Quam
2649 736 2748 791 iste
2786 739 3130 807 recordatur,
3159 743 3247 812 qui
3278 743 3405 801 dicit
3435 764 3452 801 :

1864 822 2086 879 Miseriis
2107 827 2318 897 amictus
2338 845 2477 894 sum,
2515 839 2565 883 et
2587 840 2822 884 curvatus
2851 849 2962 886 sum
2984 849 3139 904 usque
3170 835 3222 888 in
3276 837 3451 905 ﬁnem.

1861 912 2001 981 Quid
2029 926 2129 981 est,
2162 933 2317 986 usque
2350 919 2404 973 in
2433 920 2624 988 ﬁnem?
2649 921 2828 992 Usque
2859 924 2910 978 iu
2937 934 3187 981 mortem.
3214 925 3341 981 Tota
3369 931 3455 985 die

1861 1008 2185 1062 contristatus
2208 1010 2548 1067 ambulabam.
2581 1012 2709 1066 Tota
2734 1014 2815 1069 die
2832 1056 2846 1080 ,
2890 1016 3006 1072 sine
3030 1015 3452 1078 intermissione.

1860 1097 1975 1154 Hoc
1993 1100 2120 1156 dicit
2144 1111 2249 1156 tota
2268 1103 2370 1172 die,
2398 1112 2505 1159 tota
2534 1105 2663 1161 vita.
2696 1104 2803 1162 Sed
2830 1122 2894 1161 ex
2921 1124 3026 1179 quo
3054 1112 3343 1181 cognovit?
3370 1114 3454 1169 Ex

1860 1205 1967 1261 quo
1994 1191 2272 1248 sabbatum
2302 1195 2575 1250 recordari
2604 1197 2785 1268 coepit.
2818 1199 3078 1265 Quamdiu
3106 1201 3247 1256 enim
3270 1218 3454 1259 recor-

1858 1280 2017 1337 datur
2035 1284 2179 1355 quod
2206 1285 2439 1341 nondum
2465 1288 2645 1355 habet,
2679 1305 2783 1345 non
2817 1291 2893 1345 vis
2925 1300 2982 1347 ut
3008 1296 3348 1352 contristatus
3370 1296 3453 1352 in.

1858 1374 2053 1430 cedat?
2082 1375 2213 1431 Tota
2241 1378 2324 1433 die
2348 1382 2671 1435 contristatus
2700 1382 3045 1438 ambulabant.

1931 1466 2019 1520 11.
2048 1465 2197 1539 [vers.
2230 1468 2311 1544 8.]
2342 1471 2594 1538 Quoniam
2632 1474 2805 1527 animo
2829 1490 2938 1528 mea
2963 1477 3213 1545 completa
3233 1486 3305 1532 est
3325 1479 3453 1535 illu-

1856 1556 2104 1624 sionibus,
2133 1568 2179 1614 et
2219 1578 2321 1616 non
2346 1572 2417 1617 est
2446 1564 2636 1618 sanitas
2667 1565 2718 1618 in
2743 1582 2895 1620 carne
2923 1583 3056 1621 mea.
3090 1566 3188 1623 Ubi
3215 1584 3343 1640 ergo
3370 1580 3454 1628 est

1859 1658 2002 1707 totus
2033 1651 2227 1721 homo,
2257 1656 2432 1711 anima
2462 1667 2520 1712 et
2558 1672 2685 1712 caro
2709 1669 2813 1715 est.
2856 1661 3048 1717 Anima
3078 1664 3341 1734 completa
3371 1674 3456 1721 est

1857 1739 2214 1811 illusionibus,
2244 1761 2369 1802 caro
2390 1749 2671 1805 sanitatem
2698 1764 2804 1806 non
2828 1750 2989 1807 habet
3016 1771 3029 1807 :
3061 1755 3187 1824 quid
3210 1766 3455 1814 remanet

1858 1835 1999 1892 unde
2025 1837 2093 1892 sit
2122 1837 2347 1893 laetitia?
2376 1840 2561 1895 Nonne
2586 1851 2798 1911 oportet
2827 1853 2884 1898 ut
2907 1847 3291 1903 contristetur?
3324 1847 3454 1904 Tota

1857 1927 1940 1981 die
1962 1931 2284 1986 contristatus
2310 1932 2653 1987 ambulabant.
2697 1934 2934 1991 Tristitia
2974 1938 3128 1993 nobis
3154 1939 3245 2008 sit,
3279 1940 3453 1999 donec

1856 2027 1912 2074 et
1936 2021 2110 2075 anima
2151 2031 2333 2079 nostra
2358 2033 2587 2080 ematur
2626 2026 2991 2097 illusionibus,
3035 2039 3089 2085 et
3114 2046 3309 2102 corpus
3348 2050 3451 2089 no-

1855 2118 2025 2166 strum
2051 2112 2302 2169 induatur
2328 2116 2575 2171 sanitate.
2609 2116 2701 2172 llla
2742 2126 2826 2173 est
2864 2121 3005 2175 enim
3047 2137 3171 2176 vera
3215 2126 3448 2194 sanitas,

1854 2217 1975 2273 qua:
2012 2213 2095 2259 est
2133 2205 2528 2264 immortalitas.
2560 2208 2786 2276 Quanta:
2830 2211 2937 2267 sint
2961 2222 3142 2270 autem
3175 2216 3451 2277 illusiones

1854 2293 2082 2361 animm,
2124 2296 2171 2351 si
2210 2297 2434 2353 voluero
2478 2297 2678 2368 dicere,
2708 2310 2920 2371 tempus
2964 2305 3176 2374 quando
3206 2307 3451 2367 sufficit?

1853 2384 2017 2457 Cujus
2045 2389 2187 2444 enim
2226 2389 2407 2445 anima
2450 2390 2553 2447 ista
2592 2408 2698 2448 non
2731 2396 2970 2464 patitur?
3009 2396 3177 2453 Breve
3202 2403 3450 2471 estquod

1853 2480 2138 2546 admoneo,
2165 2482 2432 2553 quomodo
2452 2484 2628 2540 anima
2652 2496 2829 2541 nostra
2850 2488 3113 2558 completa
3136 2500 3218 2545 est
3238 2491 3445 2549 illusio-

1853 2572 2033 2627 nibus.
2060 2575 2108 2629 A
2137 2574 2270 2631 facie
2301 2577 2534 2649 ipsarum
2565 2578 2893 2647 illusionum,
2922 2582 3210 2652 aliquando
3230 2585 3316 2645 vix
3337 2601 3449 2641 ora-

1852 2679 1914 2719 re
1942 2667 2320 2735 permittimur.
2349 2669 2424 2724 De
2453 2672 2769 2741 corporibus
2798 2672 3032 2743 cogitare
3070 2690 3174 2730 non
3202 2678 3450 2735 novimus

1853 2759 1957 2813 nisi
1986 2759 2277 2829 imagines;
2318 2771 2373 2816 et
2400 2778 2545 2832 saepe
2589 2764 2803 2820 irruunt
2828 2782 2962 2837 quas
2997 2784 3101 2823 non
3133 2772 3444 2841 quaerimus,

1851 2859 1906 2905 et
1932 2852 2175 2905 volumus
2188 2868 2251 2907 ex
2277 2852 2441 2908 hacin
2467 2855 2604 2910 hanc
2626 2857 2722 2925 ire,
2747 2867 2801 2913 et
2828 2860 2894 2914 ab
2918 2860 3002 2915 illa
3026 2862 3077 2915 in
3102 2862 3245 2917 illam
3272 2873 3447 2920 trans-

1854 2941 1968 3008 ire;
1998 2951 2053 2997 et
2102 2942 2389 3013 aliquando
2429 2946 2505 3000 vis
2549 2948 2725 3003 redire
2751 2947 2819 3003 ad
2860 2949 2911 3004 id
2959 2951 3100 3020 quod
3144 2955 3444 3024 cogitabas,

1850 3042 1905 3088 et
1936 3032 2205 3087 dimittere
2230 3034 2371 3089 unde
2396 3037 2599 3107 cogitas
2619 3079 2633 3102 ,
2673 3048 2728 3094 et
2763 3038 2906 3094 aliud
2936 3041 3028 3095 tibi
3055 3046 3290 3100 occurrit
3319 3063 3333 3099 :
3365 3048 3448 3102 vis

1849 3124 2119 3179 recordari
2150 3126 2291 3195 quod
2312 3126 2511 3182 oblitus
2532 3143 2681 3194 eras;
2710 3138 2893 3186 etnon
2916 3131 3012 3186 tibi
3035 3134 3185 3189 venit
3214 3136 3267 3190 in
3291 3153 3444 3194 meu-

1850 3224 1978 3282 tem,
2007 3223 2063 3272 et
2103 3217 2248 3272 venit
2284 3220 2457 3288 potius
2499 3220 2639 3275 aliud
2679 3222 2821 3292 quod
2865 3224 3109 3281 nolebas.
3142 3226 3281 3284 Ubi‘
3327 3242 3446 3289 erat

1848 3308 1990 3380 quod
2011 3308 2207 3365 oblitus
2223 3312 2380 3365 eras?
2400 3310 2531 3366 Nam
2548 3329 2715 3384 quare
2738 3325 2919 3384 postea
2937 3320 3083 3373 venit
3105 3321 3161 3375 in
3180 3331 3434 3395 mentem,

1848 3414 1967 3454 cum
2004 3399 2115 3470 jam
2156 3417 2262 3457 non
2293 3406 2656 3473 quatrcretur?
2683 3404 2817 3461 Cum
2862 3418 3039 3465 autem
3082 3424 3436 3483 quaereretur,

1848 3502 2195 3548 occurrerunt
2222 3510 2317 3564 pro
2345 3495 2439 3551 illo
2480 3497 2890 3554 innumerabilia
2932 3518 3051 3573 quae
3082 3519 3188 3560 non
3231 3522 3442 3576 quzere-

1848 3582 2061 3640 bantur.
2081 3585 2215 3640 Rem
2232 3586 2339 3641 dixi
2362 3587 2601 3657 brevem,
2631 3590 2823 3647 fratres
2843 3610 2856 3646 :
2881 3595 3085 3664 aspersi
3112 3597 3295 3653 nescio
3315 3600 3443 3671 quid

1849 3675 2021 3742 vobis,
2047 3692 2153 3747 quo
2179 3687 2400 3747 accepto
2430 3690 2623 3735 caetera
2665 3697 2759 3738 vos
2799 3683 2899 3753 ipsi
2925 3687 3220 3756 cogitantes
3239 3729 3256 3756 ,
3289 3691 3440 3748 inve-

1850 3765 2007 3821 niatis
2030 3767 2157 3837 quid
2182 3768 2253 3821 sit
2276 3769 2527 3838 plangere
2557 3769 2832 3827 illusiones
2857 3774 3051 3829 animae
3077 3787 3298 3833 nostrze.
3333 3782 3440 3835 Ac-

1848 3860 1990 3928 cepit
2012 3874 2139 3929 ergo
2181 3874 2394 3930 pmnam
2426 3862 2720 3931 illusionis,
2746 3866 2926 3920 amisit
2954 3869 3258 3926 veritatem.
3291 3869 3442 3930 Sicut

1848 3950 1990 4005 enim
2015 3965 2170 4020 pcena
2194 3961 2275 4007 est
2299 3952 2490 4007 animm
2515 3954 2711 4021 illusio,
2730 3956 2809 4011 sic
2836 3960 3109 4026 prmmium
3134 3963 3327 4017 anima:
3346 3979 3441 4021 ve-

1848 4041 1999 4096 ritas.
2022 4042 2124 4097 Sed
2156 4043 2206 4096 in
2237 4043 2319 4097 bis
2346 4044 2680 4100 illusionibus
2710 4049 2982 4104 constituti
3008 4066 3128 4104 cum
3160 4067 3438 4126 essemus,

1847 4135 1994 4190 venit
2021 4136 2089 4190 ad
2113 4149 2213 4189 nos
2233 4137 2451 4200 veritas,
2481 4143 2535 4190 et
2558 4137 2761 4192 invenit
2800 4153 2898 4194 nos
2920 4153 3204 4211 coopertos
3229 4144 3441 4202 illusio-

1848 4227 2028 4295 nibus,
2058 4229 2292 4300 suscepit
2321 4244 2537 4285 caruem
2573 4240 2832 4299 nostram,
2862 4234 2949 4289 vel
2979 4236 3154 4305 potius
3179 4252 3209 4293 a
3239 4239 3392 4297 nobis
3418 4282 3438 4312 ,

1849 4318 1903 4375 id
1928 4331 2010 4375 est
2038 4336 2068 4376 a
2092 4336 2287 4392 genere
2315 4321 2567 4377 humano.
2607 4324 2865 4394 Apparuit
2899 4328 3101 4382 oculis'
3144 4331 3320 4386 carnis
3340 4374 3355 4400 ,
3382 4342 3442 4389 ut

1847 4428 1947 4484 per
1981 4414 2140 4469 fidem
2178 4424 2392 4471 sanaret
2423 4432 2519 4473 eos
2553 4419 2747 4488 quibus
2777 4422 3055 4478 veritatem
3085 4426 3254 4481 fuerat
3280 4444 3439 4485 mon-
3502 4494 3503 4497 η

1849 4514 2155 4561 straturus:
2190 4516 2247 4562 ut
2288 4519 2475 4563 sanato
2512 4510 2671 4565 oculo
2713 4512 2910 4568 veritas
2950 4524 3267 4586 patesceret.
3317 4519 3440 4592 ipse

1849 4597 1991 4652 enim
2019 4607 2104 4653 est
2123 4599 2340 4665 veritas,
2371 4615 2528 4670 quant
2557 4602 2711 4656 nobis
2734 4606 2996 4674 promisit,
3024 4622 3141 4662 cum
3170 4625 3296 4664 caro
3321 4613 3441 4682 ejus

1849 4688 2139 4752 videretur,
2171 4698 2230 4745 ut
2252 4690 2385 4746 fides
2415 4692 2778 4762 incltoaretur,
2807 4697 2958 4765 cujus
2994 4702 3274 4768 praemium
3299 4707 3440 4761 veri-

1849 4792 1932 4837 tas
1960 4793 2124 4838 esset.
2150 4782 2265 4838 Non
2294 4785 2435 4839 enim
2472 4800 2531 4841 se
2561 4788 2673 4856 ipse
2698 4788 2945 4844 Christus
2968 4792 3355 4852 demonstravit
3384 4799 3437 4854 in

1851 4883 2026 4941 terra,
2064 4874 2159 4930 sed
2196 4874 2584 4933 demonstravit
2620 4891 2836 4933 carnem
2867 4895 3035 4935 suam.
3082 4883 3215 4941 Nam
3265 4888 3313 4944 si
3349 4904 3437 4947 se-

1850 4966 2023 5038 ipsum
2059 4967 2473 5037 demonstraret,
2501 4968 2746 5026 viderent
2781 4972 2930 5028 illum
2956 4975 3125 5034 Judaei
3149 4990 3203 5035 et
3235 4997 3439 5055 cogno-

1851 5068 2065 5115 scerent
2097 5078 2111 5114 :
2144 5060 2238 5116 sed
2280 5062 2328 5115 si
2372 5062 2780 5131 cognovissent,
2830 5081 3102 5137 nunquam
3156 5072 3440 5131 Dominum

1850 5153 2035 5225 gloria:
2063 5154 2455 5210 crucilixissent
2478 5154 2522 5227 (I
2553 5154 2671 5212 Cor.
2696 5173 2755 5224 ιι,
2782 5156 2860 5231 8).
2890 5159 2997 5216 Sed
3032 5162 3171 5218 forte
3194 5165 3441 5239 discipuli

1852 5246 2123 5311 viderunt,
2153 5247 2368 5318 quando
2398 5248 2472 5303 illi
2493 5247 2776 5305 dicebant:
2805 5250 3026 5309 Ostende
3044 5257 3186 5311 nobis
3206 5257 3439 5327 Patrem,

1852 5350 1901 5395 et
1940 5340 2119 5411 stt/ﬁcit
2147 5339 2310 5395 nobis.
2345 5340 2411 5395 Et
2451 5341 2540 5396 ille
2584 5352 2639 5397 ut
2663 5343 2733 5398 ab
2769 5345 2848 5400 eis
2877 5361 2937 5400 se
2974 5363 3080 5402 non
3122 5350 3291 5404 visum
3322 5367 3441 5413 esse

1852 5443 2192 5500 monstraret,
2223 5434 2488 5504 subjecit:
2516 5434 2684 5490 Tanto
2711 5446 2934 5508 tempore
2961 5441 3214 5495 vobiscum
3236 5460 3369 5511 sum,
3393 5456 3441 5501 et

1854 5541 1955 5580 non
1974 5526 2273 5597 cognovistis
2297 5526 2416 5580 me?
2438 5525 2702 5597 Philippe,
2728 5531 2815 5600 qui
2841 5548 2919 5585 me
2938 5533 3087 5599 videt,
3116 5535 3246 5589 videt
3272 5547 3318 5590 et
3345 5537 3442 5593 Pa.

1856 5626 2001 5672 trem.
2032 5617 2090 5673 Si
2114 5632 2240 5688 ergo
2263 5615 2533 5673 Christum
2553 5620 2823 5687 videbant,
2849 5624 3118 5692 quomodo
3142 5625 3314 5682 adhuc
3338 5627 3443 5683 Pa~

1857 5716 1994 5764 trem
2022 5709 2373 5780 quaerebant?
2403 5708 2460 5764 Si
2489 5711 2634 5766 enim
2661 5711 2911 5770 viderent
2950 5715 3220 5773 Christum
3246 5758 3264 5789 ,
3292 5720 3441 5778 vide-

1922 5868 1948 5941 ξ
1966 5866 2305 5941 ’ἔιίίίυοξλίεδέε
2328 5868 2416 5941 ibi:

1926 5932 1949 5963 ³
1972 5937 2038 5979 Ita
2059 5930 2110 5979 in
2131 5937 2237 5979 uss.
2260 5938 2311 5981 Αῑ
2336 5934 2382 5979 in
2405 5930 2540 5994 Μὰ,
2565 5932 2760 5997 Aperuit
2776 5933 2953 5988 oculos.
