3960 6482
217 346 312 418 ωέο
1241 359 1640 433 suamutan
1675 360 1744 428 tu
1781 360 2108 432 PSALMUM
2148 362 2410 433 xxxvu.

184 466 202 478 ‘
269 485 358 547 ts.
399 484 554 559 [κη.
599 483 714 558 tu
759 482 862 546 εον
895 496 1064 544 meum
1097 480 1445 545 conturbatum
1488 491 1579 546 est.
1627 480 1781 542 utne

205 578 568 639 conturbatum
593 578 718 636 est?
746 577 817 637 Et
853 576 1072 638 deseruit
1107 591 1187 638 me
1230 574 1476 646 fortitudo
1502 589 1630 630 mea.
1663 573 1780 630 Pie-

201 689 419 747 rumque
444 673 599 732 irruit
615 672 798 731 nescio
817 671 942 744 quid
971 670 1309 742 repentinum
1329 688 1345 736 ;
1369 669 1426 724 tit
1446 668 1782 732 conturbatio

194 769 370 826 cordis
404 785 418 824 ε
448 766 814 832 ωηιωωιωῑι
848 774 985 825 terra
1007 805 1023 831 ,
1055 763 1282 824 tonitrus
1322 761 1479 827 datur
1517 761 1584 820 de
1607 761 1779 825 coelo,

187 858 466 919 horribilis
493 859 555 917 ιιι
595 859 825 929 impetus
851 858 934 916 vel
973 857 1262 929 strepitus,
1293 857 1381 913 leo
1419 856 1554 916 forte
1576 855 1786 916 videtur

180 953 237 1010 in
271 952 398 1017 via;
429 949 492 1008 ﬁt
515 951 853 1016 omnurbatiq
881 968 894 1005 ι
928 949 1159 1010 latrones
1183 947 1533 1014 insidiantur;
1565 946 1621 1010 tit
1648 962 1782 1010 Cﬂiir.

177 1044 428 1104 turbatio
446 1043 646 1111 cordis,
669 1053 911 1116 pavotnr,
931 1043 1165 1114 undique
1186 1041 1486 1099 sollicitudo
1506 1040 1779 1104 incutitur.

171 1137 344 1196 Unde
383 1136 524 1194 hoc?
555 1137 688 1209 Quia
719 1139 938 1194 deseruit
973 1154 1053 1193 ms
1097 1135 1340 1208 fortitudo
1369 1151 1498 1194 mea,
1545 1132 1604 1194 Si
1639 1135 1783 1193 enim

164 1240 435 1288 maneret
460 1231 546 1290 illa
573 1232 849 1300 fortitudo,
874 1231 1000 1304 quid
1027 1230 1340 1287 timeretur?
1360 1228 1626 1300 Quidquid
1646 1243 1784 1284 nun,

163 1325 449 1393 tinetur,
483 1324 741 1397 quidquid
766 1325 1054 1392 frenderet,
1081 1323 1336 1396 quidquid
1365 1331 1599 1390 sonaret,
1627 1321 1784 1394 quid-

164 1417 308 1490 quid
341 1418 597 1487 caderet,
643 1419 898 1491 quidquid
941 1418 1216 1485 horreret,
1249 1432 1354 1472 non
1387 1405 1629 1474 ter-reret.
1676 1415 1782 1472 Sed

165 1510 336 1568 unde
368 1510 459 1566 illa
493 1511 852 1582 perturbatio?
877 1510 1107 1566 Deseruit
1146 1526 1228 1564 me
1249 1509 1493 1580 fortitudo
1513 1525 1643 1564 mea.
1667 1507 1780 1564 Uni

167 1602 246 1659 de
275 1602 526 1659 deseruit
550 1601 840 1660 fortitudo?
871 1602 934 1658 Et
960 1603 1126 1661 lumen
1151 1603 1413 1658 oculorum
1437 1617 1658 1656 meorum
1681 1616 1782 1654 non

170 1705 276 1754 ω
303 1711 527 1758 mecum.
572 1694 823 1750 Latuerat
848 1696 865 1727 ί
906 1709 1035 1766 ergo
1074 1693 1243 1750 Adam
1284 1694 1462 1749 iumen
1503 1692 1779 1748 oculorum

171 1787 382 1859 ipsius.
408 1785 540 1842 Nam
567 1787 748 1848 iumen
785 1786 1062 1842 oculorum
1100 1785 1268 1856 ipsius
1298 1784 1409 1855 ipse
1450 1785 1590 1840 Deus
1615 1792 1731 1840 erat
1762 1800 1778 1840 ε

169 1893 353 1952 quem
375 1894 494 1934 eum
523 1877 852 1945 oﬂ‘endisset,
885 1876 1102 1948 fugitad
1131 1877 1394 1942 umbram,
1425 1883 1479 1931 et
1499 1874 1780 1940 abscondit

174 1986 241 2028 se
283 1971 591 2042 iptcriigna
617 1969 848 2042 paradisi
891 1968 1060 2043 (Gen.
1087 1984 1164 2036 ιιι,
1195 1967 1288 2041 8).
1331 1968 1563 2034 Pavebat
1590 1984 1620 2022 a
1645 1968 1780 2023 facie

177 2064 309 2130 Dei,
340 2073 398 2120 et
417 2064 664 2136 qumsivit
683 2063 927 2126 umbram
953 2063 1224 2119 arborum.
1254 2062 1369 2118 iam
1400 2063 1536 2118 inter
1556 2062 1779 2118 arbores

181 2157 375 2214 lumen
404 2159 678 2214 oculorum
703 2172 812 2214 non
837 2157 1085 2223 habebat,
1116 2157 1186 2213 ad
1227 2157 1368 2229 quod
1394 2157 1625 2227 gaudere
1649 2172 1780 2218 oon:

188 2259 458 2308 sueverat.
479 2250 534 2307 Si
553 2265 682 2323 ergo
711 2251 800 2308 ille
820 2251 886 2308 de
910 2252 1132 2323 origine,
1161 2260 1214 2308 et
1245 2266 1340 2306 nos
1365 2251 1432 2306 de
1459 2252 1775 2323 propagine;

191 2353 247 2401 et
271 2343 498 2401 redeunt
515 2343 584 2402 ad
623 2345 769 2401 illum
796 2345 1085 2401 secundum
1111 2345 1194 2400 vel
1231 2345 1574 2400 novissimum
1605 2344 1775 2399 Adam

196 2439 432 2496 membra
451 2440 570 2508 ista,
603 2439 724 2511 quia
756 2441 1075 2496 novissimus
1103 2440 1270 2495 Adam
1293 2441 1344 2494 in
1371 2440 1617 2512 spiritum
1643 2440 1776 2495 vivi-

201 2531 441 2587 ﬁcantem
466 2531 486 2603 (
507 2531 526 2587 1
545 2529 666 2588 dor.
691 2547 782 2599 xv,
811 2531 912 2605 45)
937 2550 950 2600 ;
982 2541 1036 2588 ει
1063 2533 1294 2588 clamant
1315 2529 1384 2589 de
1409 2548 1634 2604 corpore
1660 2533 1778 2603 ejus

203 2624 255 2680 in
279 2624 378 2680 ista
397 2625 762 2694 confessione,
803 2625 870 2680 Et
897 2627 1066 2682 lumen
1107 2628 1365 2682 oculorum
1404 2643 1631 2683 meorum
1675 2643 1776 2683 non

207 2726 273 2774 est
291 2735 476 2775 mecum
494 2735 514 2776 :
536 2719 646 2791 iam
667 2717 948 2786 confitens,
969 2719 1077 2791 iam
1104 2719 1430 2800 redemptus,
1451 2721 1560 2790 jam
1582 2721 1635 2776 in
1655 2735 1777 2776 cer-

211 2826 330 2881 βενε
367 2812 559 2868 Christi
587 2821 707 2881 est,
747 2819 800 2868 et
830 2813 1009 2868 lumen
1036 2813 1311 2868 oculorum
1343 2812 1508 2883 ipsius
1554 2827 1660 2868 non
1693 2822 1776 2870 est

213 2915 318 2961 eum
353 2907 494 2977 ipso?
527 2905 696 2962 Plane
723 2921 828 2961 non
860 2913 942 2962 est
969 2920 1088 2961 cum
1121 2905 1275 2976 ipso:
1322 2905 1416 2961 sed
1445 2914 1528 2961 est
1555 2906 1774 2977 quidem

219 3005 442 3071 tanquam
476 2997 650 3056 adhuc
686 2999 1078 3056 recordantium
1117 2999 1394 3054 sabbatum
1415 3002 1434 3033 ³
1457 3041 1473 3068 ,
1521 3009 1771 3071 tanquam

219 3093 518 3148 cernentium
553 3093 604 3148 in
645 3107 773 3162 Spe;
811 3091 903 3147 sed
943 3091 1181 3147 nondum
1222 3101 1304 3148 est
1332 3091 1459 3148 illud
1503 3093 1680 3149 lumen
1707 3092 1773 3149 de

219 3199 308 3256 quo
332 3186 531 3254 dicitur,
573 3169 848 3242 Ostendam
887 3186 1133 3258 meipsum
1175 3185 1255 3241 illi
1293 3185 1468 3256 (Joan.
1501 3202 1610 3255 xw,
1653 3186 1769 3258 ει).

222 3275 304 3332 Est
327 3277 568 3349 quiddam
598 3277 834 3345 luminis,
864 3278 985 3350 quia
1014 3277 1108 3332 lilii
1154 3277 1247 3333 Dei
1277 3293 1481 3346 sumus,
1513 3287 1565 3333 ct
1593 3279 1772 3352 utique

222 3365 307 3424 hoc
342 3369 391 3424 in
426 3369 526 3425 ilde
553 3368 845 3425 retinemus
879 3386 894 3420 :
927 3368 1021 3425 sed
1051 3367 1285 3424 nondum
1312 3379 1393 3425 est
1433 3369 1562 3426 illud
1591 3371 1769 3428 lumen

224 3459 339 3530 quod
359 3461 670 3518 videbimus.
701 3460 944 3516 Nondum
965 3462 1098 3516 enim
1123 3463 1363 3535 apparuit
1388 3462 1522 3534 quod
1547 3465 1729 3520 erimus
1749 3482 1770 3520 :

224 3552 376 3608 scimus
394 3555 506 3626 quia
531 3570 643 3608 cum
669 3555 987 3628 apparuerit,
1015 3554 1206 3610 similes
1225 3555 1271 3610 ei
1298 3557 1504 3622 erimus,
1533 3559 1770 3629 quoniam

224 3637 458 3723 ridebimus
485 3662 595 3700 eum
631 3647 780 3701 sicuti
813 3655 886 3700 est
932 3644 994 3719 (l
1023 3646 1180 3702 Joan.
1215 3663 1294 3713 III,
1321 3648 1357 3702 2
1379 3647 1418 3720 ).
1447 3647 1580 3720 Nam
1612 3651 1771 3718 modo

224 3734 369 3794 lumen
395 3739 512 3796 fidei
539 3747 594 3796 et
612 3739 788 3812 iumen
812 3738 924 3810 spei
946 3748 1046 3795 est.
1075 3740 1328 3806 Quamdiu
1354 3735 1487 3795 enim
1515 3758 1687 3796 sumus
1717 3743 1770 3796 in

223 3845 414 3901 corpore,
451 3833 828 3904 peregrinamur
855 3849 887 3885 α
915 3831 1136 3886 Domino
1156 3849 1176 3886 :
1203 3849 1292 3902 per
1317 3832 1469 3903 fidem
1503 3835 1634 3888 enim
1656 3851 1769 3888 am-

221 3918 432 3989 bulamus,
458 3917 666 4002 non'per
695 3923 905 3996 speciem
928 3921 993 3993 (II
1010 3921 1127 3978 Cor.
1169 3938 1223 3989 ν,
1250 3924 1303 3989 ϐ,
1337 3922 1414 3995 7).
1437 3921 1505 3977 Ει
1529 3923 1770 3996 quamdiu

219 4017 327 4085 quod
342 4035 433 4072 non
459 4016 681 4090 videmus
699 4033 982 4088 speramus,
1012 4033 1100 4086 per
1116 4016 1405 4087 patientiam
1425 4026 1770 4087 exspectamus

219 4103 362 4181 (Rom.
393 4126 503 4186 VIII,
526 4109 643 4180 25).
664 4108 835 4166 Voces
852 4119 974 4180 sunt
1000 4125 1128 4179 ergo
1149 4109 1263 4164 ista:
1289 4111 1764 4180 peregrinantium,

216 4199 416 4274 nondum
459 4201 517 4274 in.
559 4192 727 4272 patria
769 4201 1202 4268 constitutorum.
1247 4187 1315 4257 Et
1352 4211 1497 4258 recte
1533 4203 1682 4270 dicit,
1715 4213 1769 4260 et

214 4301 316 4348 vere
339 4293 480 4361 dicit,
514 4282 578 4350 et
595 4293 641 4350 si
665 4308 770 4362 non
802 4293 871 4348 sit
899 4293 1136 4359 dolosus,
1167 4295 1428 4350 veraciter
1447 4297 1763 4352 conﬁtetur:

213 4379 266 4437 Et
286 4385 443 4442 iumen
467 4383 725 4455 oculorum
752 4403 976 4440 meorum
1001 4403 1102 4441 non
1127 4396 1198 4441 est
1229 4404 1441 4442 mecum.
1479 4387 1605 4461 [iam
1635 4388 1770 4462 pati-

212 4482 281 4552 tur
301 4475 454 4558 homo
480 4478 648 4558 intus,
673 4479 742 4552 ibi
772 4493 971 4551 secum,
997 4480 1048 4534 iu
1073 4481 1269 4550 seipse,
1294 4488 1348 4535 et
1367 4481 1600 4554 seipsum
1627 4481 1669 4548 ³,
1700 4483 1768 4554 de

209 4556 397 4648 nomine
419 4556 488 4643 ad
519 4556 787 4649 nemiuem
821 4579 1014 4652 praeter
1046 4585 1105 4647 se
1135 4588 1148 4642 :_
1183 4571 1295 4646 haec
1325 4572 1424 4628 sibi
1457 4574 1567 4648 ipse
1611 4587 1770 4652 poena

206 4673 284 4716 sua
306 4677 421 4738 esse
449 4664 674 4748 meruit,
696 4663 950 4754 quidquid
977 4664 1221 4736 superius
1246 4657 1624 4739 enumeravitf

264 4737 344 4812 16.
381 4753 544 4832 [vers.
577 4737 808 4838 32,515,]
846 4737 962 4832 ‘scu
1008 4759 1263 4832 numquid
1313 4758 1415 4834 hoc
1463 4737 1639 4829 solum
1684 4769 1770 4832 est

197 4843 322 4920 quod
342 4841 539 4928 patitur
565 4847 766 4928 homo?
794 4839 999 4930 Patitur
1036 4839 1177 4926 enim
1218 4865 1283 4922 ex
1325 4866 1383 4906 se
1425 4851 1764 4930 intrinsecus,

192 4941 475 5022 forinsecus
511 4927 692 5018 autem
744 4927 818 5024 ex
853 4943 932 5016 eis
961 4927 1118 5014 inter
1161 4959 1293 5018 quos
1345 4943 1475 5018 vivit
1507 4963 1520 5000 :
1567 4927 1764 5022 patitur

182 5032 320 5091 Iuala
345 5019 462 5120 sua!
491 5034 698 5120 cogitur
725 5019 834 5110 pati
861 5042 916 5110 et
954 5034 1146 5108 aliena.
1177 5033 1304 5106 inde
1342 5045 1465 5108 sunt
1506 5038 1610 5096 illae
1648 5019 1766 5114 dure

181 5111 462 5195 voces:
483 5111 690 5205 occultis
712 5127 835 5200 meis
865 5126 1053 5187 munda
1082 5143 1179 5209 me,
1213 5126 1447 5202 Domine,
1479 5139 1525 5183 et
1554 5132 1615 5206 ab
1642 5111 1768 5202 alio?

138 5223 144 5235 "
176 5219 260 5275 nis
304 5233 454 5289 parce
478 5234 621 5299 seruo
652 5227 739 5290 tuo
769 5217 937 5294 (Psal.
972 5235 1122 5296 XVIII,
1161 5221 1247 5288 15,
1287 5220 1399 5294 ii).
1429 5223 1545 5296 Jam
1577 5223 1644 5292 de
1671 5239 1764 5292 oc:

177 5311 335 5367 cultis
357 5310 470 5394 suis
491 5305 780 5390 confessus
796 5319 903 5390 est,
936 5327 965 5366 a
994 5312 1186 5396 quibus
1213 5328 1270 5382 se
1310 5315 1455 5386 cupit
1483 5316 1761 5390 mandari:

173 5407 324 5462 dicat
365 5411 420 5486 et
461 5401 531 5484 de
573 5401 764 5484 alienis
791 5419 822 5482 a
850 5401 1041 5482 quibus
1087 5405 1187 5460 sibi
1233 5406 1346 5464 vult
1389 5408 1555 5482 parci.
1604 5409 1766 5484 Amici

177 5497 293 5552 mei.
463 5493 638 5575 dicam
658 5494 770 5592 join
789 5496 853 5572 de
881 5495 1142 5574 inimicis?
1173 5496 1339 5571 ᾼιηὶρί
1359 5499 1456 5560 mei
1477 5509 1523 5572 et
1544 5502 1765 5580 prosilui

245 5639 260 5670 ί
286 5643 382 5686 Duo
404 5643 530 5697 Mss,
550 5633 802 5697 habuerat.

244 5702 264 5730 ³
292 5695 527 5764 tanquam
547 5696 706 5764 adhuc
729 5696 1086 5764 recordantium
1108 5695 1371 5755 sabbatum.
1397 5704 1492 5756 Hoc
1531 5700 1578 5748 in
1610 5701 1764 5752 omni-

183 5759 270 5810 bus
287 5751 510 5812 ferc'Mss.
538 5767 588 5808 et
613 5761 660 5808 in
683 5751 1125 5818 Anilidesider'atur.

183 5823 353 5949 ig:
381 5825 435 5874 et
469 5819 692 5895 plerique
724 5823 864 5896 uss,
887 5819 998 5896 sibi,
1021 5833 1204 5892 secum,
1225 5819 1276 5874 in
1313 5819 1466 5886 seipse
1501 5832 1546 5875 et
1583 5823 1648 5876 ad
1685 5839 1760 5877 se-

3377 378 3484 444 ιοςι

1884 482 1984 552 mei
2009 481 2280 550 omnem
2297 500 2378 550 ue
2397 483 2950 557 apprppiuquaucrm,
2979 494 3027 553 et
3050 496 3328 566 tletexumt,
3359 493 3477 566 Hoc

1888 573 2028 642 quod
2056 574 2152 643 ait,
2181 575 2450 644 aduersum
2492 591 2576 646 me
2611 585 2874 646 steterunt,
2914 577 3174 653 intelligo.
3227 585 3282 642 Si
3335 589 3481 657 enim

1889 665 2171 734 adversum
2239 683 2328 736 me
2379 676 2674 740 steterunt,
2728 669 2988 740 adversus
3036 688 3097 734 se
3148 678 3477 752 ceciderunt.

1889 759 2051 824 Amici
2075 760 2173 828 utsi
2198 769 2245 818 et
2271 761 2490 832 proximi
2518 763 2616 826 mei
2644 763 2907 834 adversum
2933 781 3012 839 me
3040 771 3480 846 αρρτορὶιιφιαυρη

1887 860 2027 920 runt.
2058 861 2105 916 βι
2129 862 2389 919 deletum,
2416 853 2532 918 iam
2562 853 2924 925 intelligamus
2948 859 3137 930 capitis
3165 877 3344 932 voces,
3363 866 3479 939 iam

1889 943 2107 1014 incipiat
2135 945 2448 1014 “lucescere
2485 955 2646 1016 carui
2687 958 2928 1014 nostrum
2968 950 3021 1008 in
3069 955 3336 1024 passione.
3367 959 3479 1031 ,Sed

1887 1051 2101 1102 rursum
2127 1052 2248 1104 cum
2273 1038 2499 1108 seruerit
2528 1047 2690 1116 caput
2714 1039 2911 1112 dicere.
2942 1042 3052 1098 ηοιί
3077 1045 3202 1102 inde
3228 1063 3473 1122 separari;

1889 1143 2102 1202 corpus.
2148 1130 2204 1197 Si
2253 1140 2412 1201 caput
2460 1132 2628 1196 noluit
2671 1146 2732 1201 se
2774 1147 3080 1205 separarea
3107 1140 3326 1208 vocibus
3351 1159 3478 1204 core

1886 1224 2053 1296 poris,
2082 1239 2278 1295 corpus
2306 1241 2364 1286 se
2393 1225 2589 1290 audeat
2631 1240 2886 1298 separare
2910 1243 2940 1286 a
2967 1231 3303 1300 passionibus
3325 1240 3478 1312 capis
3508 1221 3511 1230 ’

1889 1317 1995 1375 tis?
2021 1317 2214 1384 Patere
2245 1320 2298 1379 in
2327 1318 2577 1386 Christo;
2609 1320 2730 1391 quia
2759 1328 3008 1391 tanquam
3039 1327 3275 1393 peccavit
3302 1331 3358 1402 in
3395 1332 3479 1394 in-

1887 1410 2137 1468 firmitate
2169 1421 2256 1474 tua
2294 1411 2556 1473 Christus.
2603 1412 2762 1482 Modo
2800 1413 2942 1470 enim
2988 1427 3205 1486 peccata
3242 1429 3333 1486 tua
3361 1436 3479 1483 tan-

1887 1522 2047 1577 quam
2075 1523 2141 1564 ex
2169 1522 2266 1564 ore
2293 1522 2393 1566 suo
2435 1506 2668 1574 dicebat,
2699 1515 2755 1562 et
2784 1521 2846 1563 ea
2873 1507 3085 1568 dicebat
3112 1527 3227 1571 sua.
3259 1516 3479 1587 Dicebat

1885 1599 2026 1656 enim
2036 1643 2050 1667 ,
2066 1599 2108 1653 A
2126 1600 2256 1670 faeie
2269 1609 2585 1672 peccatorum
2603 1616 2850 1668 meorum,
2868 1616 2987 1672 qua:
2999 1618 3104 1662 non
3124 1615 3276 1664 erant
3287 1608 3474 1680 ipsius.

1885 1693 2164 1763 Quomodo
2186 1709 2314 1766 ergo
2346 1703 2561 1765 peccata
2591 1705 2772 1750 nostra
2795 1710 2890 1753 sua
2913 1710 3035 1754 esse
3063 1700 3231 1756 voluit
3257 1713 3477 1776 propter

1884 1800 2080 1857 corpus
2108 1799 2285 1851 suum,
2313 1786 2392 1842 sic
2420 1794 2474 1843 et
2511 1801 2610 1842 nos
2640 1786 2918 1856 passiones
2956 1787 3073 1858 ejus
3118 1801 3329 1852 nostras
3354 1812 3476 1856 esse

1883 1880 2107 1936 velimus
2151 1889 2369 1950 propter
2411 1889 2570 1949 caput
2617 1887 2879 1935 nostrum.
2926 1879 3044 1936 Non
3089 1884 3232 1940 enim
3282 1887 3372 1944 ille
3407 1905 3477 1961 ex

1882 1973 2070 2032 amicis
2107 1988 2292 2044 passus
2317 1981 2402 2028 est
2425 1973 2691 2038 inimicos,
2734 1981 2789 2026 et
2827 1987 2926 2028 nos
2968 1988 3095 2030 non.
3127 1976 3239 2034 imo
3276 1988 3334 2036 et
3373 1999 3475 2044 nos

1881 2070 1947 2127 ad
1980 2072 2080 2128 hoc
2121 2087 2373 2143 paremus
2400 2073 2453 2127 in
2486 2055 2673 2128 eodem
2715 2074 2986 2130 convivari
3020 2093 3032 2129 :
3063 2075 3222 2131 talem
3249 2077 3472 2136 calicem

1883 2181 1989 2221 non
2034 2181 2369 2236 respuamus,
2392 2175 2452 2221 ut
2492 2166 2825 2222 celsitudinis
2864 2167 2981 2238 ejus
3024 2168 3344 2229 desiderium
3375 2189 3473 2244 per

1882 2259 2234 2314 humilitatem
2261 2258 2378 2329 ejus
2405 2258 2760 2315 inveniamus.
2792 2259 3089 2330 Respondit
3125 2262 3266 2318 enim
3305 2267 3469 2322 celsi-

1882 2350 2050 2405 tudini
2078 2350 2196 2421 ejus
2220 2349 2426 2406 hmrere
2450 2349 2774 2416 volentibus,
2815 2350 2906 2422 qui
2938 2350 3055 2422 ejus
3083 2352 3258 2410 adhuc
3293 2354 3470 2413 humi-

1881 2442 2082 2499 litatem
2123 2458 2229 2498 non
2275 2444 2600 2516 cogitabant,
2634 2453 2689 2500 et
2724 2443 2801 2500 ait
2843 2444 2949 2500 illis
2986 2462 2998 2498 :
3049 2445 3267 2502 Potestis
3311 2449 3474 2509 bibere

1880 2538 2089 2592 calicem
2115 2553 2260 2607 quem
2292 2554 2382 2609 ego
2412 2538 2658 2592 bibiturtts
2685 2553 2798 2592 sum
2829 2535 3043 2609 (Matth.
3067 2554 3158 2607 xx,
3176 2538 3306 2611 22)?
3331 2541 3472 2614 Ergo

1879 2638 1936 2687 et
1958 2633 2062 2687 illae
2107 2631 2384 2702 passiones
2427 2631 2658 2696 Domini,
2691 2632 2969 2701 passiones
2997 2640 3193 2686 nostrae
3221 2641 3346 2688 sunt
3373 2651 3388 2692 :
3419 2643 3474 2692 et

1879 2723 2245 2794 unusquisque
2279 2723 2323 2779 si
2361 2721 2499 2778 bene
2523 2723 2719 2778 serviat
2744 2723 2885 2791 Deo,
2919 2723 3058 2779 bene
3083 2731 3260 2780 servet
3287 2725 3470 2797 ﬁdem,

1879 2815 2127 2872 exhibeat
2155 2815 2295 2886 quod
2317 2814 2494 2880 debet,
2519 2823 2574 2872 et
2602 2823 2847 2870 versetur
2873 2816 3010 2870 inter
3039 2815 3282 2872 homines
3298 2817 3465 2889 juste,

1878 2909 2001 2966 voto
2026 2908 2210 2964 videre
2243 2908 2290 2963 si
2333 2924 2438 2963 non
2467 2909 2684 2978 patitur,
2716 2909 2878 2964 etiam
2907 2907 3047 2978 quod
3074 2906 3160 2962 hic
3184 2919 3466 2967 enumerat

1877 3001 1934 3059 in
1962 3001 2209 3073 passione
2237 3017 2330 3058 sua
2357 3001 2620 3058 Christus.

1948 3095 2036 3149 17.
2068 3093 2233 3148 Amici
2254 3094 2351 3148 mei
2379 3103 2424 3148 et
2449 3094 2668 3165 proximi
2687 3093 2784 3148 mei
2803 3093 3067 3149 adversum
3087 3111 3167 3149 me
3180 3096 3466 3167 appropin-

1875 3195 2173 3260 quoverttnt,
2189 3197 2233 3242 et
2251 3196 2490 3242 steterunt
2504 3204 2522 3241 :
2539 3197 2586 3242 et
2613 3187 2832 3258 proximi
2857 3203 2888 3240 a
2917 3187 3064 3258 longe
3085 3195 3342 3242 steterunt.
3365 3188 3470 3258 Qui

1875 3281 2103 3352 proximi
2121 3280 2699 3350 appmpinquaverunt,
2713 3288 2765 3334 et
2783 3279 2872 3349 qui
2893 3277 3118 3349 proximi
3135 3293 3164 3331 a
3182 3277 3338 3350 longe
3353 3288 3469 3335 ste-

1877 3372 2088 3427 terunt?
2111 3370 2347 3426 Proximi
2377 3378 2530 3425 erant
2552 3369 2744 3436 Judzei,
2763 3369 2886 3441 quia
2917 3369 3128 3440 cognati
3156 3366 3309 3426 erant
3331 3389 3344 3425 :
3369 3386 3467 3442 ap~

1874 3465 2381 3534 propinquaverunt,
2402 3472 2456 3517 et
2483 3462 2697 3534 quando
2724 3463 3124 3519 crucifixcrunt.
3151 3463 3387 3520 Proximi
3414 3473 3470 3522 et

1874 3556 2118 3628 Apostoli
2140 3575 2154 3612 :
2175 3565 2228 3613 et
2250 3565 2427 3612 tamen
2463 3555 2560 3626 ipsi
2589 3570 2620 3610 a
2644 3555 2801 3625 longe
2829 3563 3105 3622 steterunt,
3139 3569 3206 3610 ne
3232 3570 3351 3612 cum
3376 3555 3468 3612 illo

1873 3657 2201 3722 paterentur.
2231 3650 2415 3706 Potest
2440 3649 2601 3704 etiam
2635 3649 2739 3704 hoc
2764 3648 2842 3704 sic
2870 3648 3124 3720 intelligi:
3157 3647 3321 3704 Amici
3345 3650 3464 3717 mei,

1875 3742 1928 3798 id
1952 3750 2054 3809 est,
2083 3742 2173 3813 qui
2203 3756 2262 3797 se
2292 3741 2560 3797 finxerunt
2605 3740 2806 3795 amicos
2852 3754 3022 3795 meos.
3053 3739 3272 3795 Amicos
3317 3741 3465 3799 enim

1874 3847 1934 3890 se
1961 3833 2246 3896 tinxerunt,
2290 3833 2504 3904 quando
2542 3833 2812 3887 dixerunt.
2858 3830 3063 3886 Scimus
3089 3831 3208 3902 quia
3235 3831 3290 3884 in
3330 3832 3467 3887 veri-

1873 3933 1974 3980 tate
2007 3925 2140 3978 viam
2183 3923 2280 3977 Dei
2321 3923 2468 3978 doces
2516 3922 2626 3997 (Id.
2673 3935 2811 3990 xxII,
2855 3921 2946 3992 16)
2990 3937 3003 3976 :
3055 3920 3269 3992 quando
3314 3921 3465 3979 illum

1876 4025 2079 4072 tentare
2107 4016 2405 4078 voluerunt,
2441 4023 2618 4069 utrum
2661 4012 2978 4069 solvendum
3023 4022 3169 4067 esset
3208 4014 3466 4070 tributum

1873 4109 2104 4175 Caesari,
2143 4107 2362 4179 quando
2413 4108 2535 4162 illos
2582 4107 2812 4161 convicit
2851 4119 2946 4160 ore
3002 4105 3260 4174 ipsorum,
3307 4107 3468 4163 amici

1872 4201 2040 4256 videri
2069 4200 2358 4254 volebant:
2400 4198 2494 4255 sed
2542 4215 2646 4253 non
2677 4198 2750 4251 illi
2779 4206 2896 4252 erat
2925 4211 3058 4268 opus
3100 4205 3157 4252 ut
3181 4197 3465 4269 quisquam

1873 4293 1922 4349 ei
1969 4292 2329 4348 testimonium
2380 4291 2688 4361 perhiberet
2733 4288 2800 4346 de
2858 4289 3104 4355 homine;
3157 4291 3271 4360 ipse
3320 4291 3466 4346 enim

1872 4384 2074 4440 sciebat
2102 4383 2226 4455 quid
2256 4393 2401 4438 esset
2433 4383 2483 4436 in
2528 4382 2744 4437 homine
2787 4379 2966 4452 (Joarz.
2996 4395 3054 4447 II,
3083 4381 3174 4454 25)
3199 4399 3214 4437 :
3245 4381 3381 4438 adeo
3405 4391 3470 4439 ut

1873 4492 1992 4533 cum
2022 4478 2192 4530 amica
2239 4476 2399 4531 verba
2443 4473 2736 4538 dixissent,
2785 4473 3136 4542 responderet
3180 4473 3279 4539 eis,
3330 4473 3469 4542 Quid

1872 4586 1971 4636 me,
2003 4567 2191 4639 inquit,
2226 4567 2430 4621 tentatis
2461 4566 2741 4636 hypocrita:
2771 4563 2984 4637 (Matth.
3009 4579 3142 4632 xx",
3167 4564 3298 4634 ‘18)?
3326 4552 3468 4637 Ergo

1877 4659 2040 4716 Amici
2069 4660 2166 4713 mei
2203 4667 2258 4718 et,
2277 4657 2501 4729 proximi
2528 4657 2625 4711 mei
2665 4646 2929 4710 aduersum
2957 4671 3038 4710 me
3080 4655 3466 4729 appropinqua-

1872 4760 2068 4818 veruut,
2088 4759 2134 4805 et
2163 4757 2438 4806 steterunt:
2462 4756 2508 4803 et
2535 4749 2754 4819 proximi
2776 4764 2806 4800 α
2833 4748 2982 4817 longe
3001 4755 3262 4801 steterunt.
3285 4747 3468 4808 Nostis

1873 4844 1998 4916 quid
2027 4844 2155 4900 dixi.
2190 4844 2472 4900 Proximos
2510 4841 2617 4896 dixi
2645 4841 2737 4912 qui
2775 4840 3388 4911 appropinquaverunt’,
3417 4851 3472 4898 ct

1877 4943 2055 4990 tamen
2101 4937 2316 5007 alonge
2359 4941 2644 4990 steterunt.
2697 4921 3278 5005 Appropinquaverunt
3323 4933 3468 4990 enim

1872 5043 2114 5099 corpore,
2148 5029 2242 5084 sed
2272 5030 2428 5108 longe
2457 5034 2722 5108 steterunt
2749 5024 2931 5108 corde.
2962 5025 3062 5093 Qui
3091 5033 3199 5080 tam
3228 5027 3454 5097 propin-

1873 5121 1961 5193 qui
1999 5136 2239 5192 corpore,
2285 5103 2442 5191 quam
2482 5119 2572 5190 qui
2613 5103 2920 5174 inieru'ce'm
2965 5118 3318 5178 levaverunt?
3364 5119 3469 5188 Qui

1873 5221 1980 5268 tam
2008 5213 2162 5284 longe
2205 5211 2386 5277 corde,
2420 5225 2578 5282 quam
2628 5210 2718 5280 qui
2759 5196 3310 5279 blasphemaverunt?
3358 5212 3470 5267 Au-

1873 5305 1980 5361 dite
2025 5307 2180 5360 istam
2221 5293 2664 5374 longinquitatem
2710 5302 2777 5358 ab
2817 5302 2951 5358 lsaia
2982 5302 3263 5373 propheta,
3287 5303 3464 5360 videto

1873 5400 2028 5454 istam
2057 5399 2507 5469 prOpinquitatem
2536 5406 2589 5453 et
2613 5396 3056 5468 longinquitatem
3083 5414 3098 5450 :
3127 5395 3364 5468 Populus
3384 5398 3466 5452 hic

1871 5491 2017 5545 labiis
2044 5507 2121 5544 me
2148 5476 2405 5544 honorat:
2431 5504 2558 5545 ecce
2585 5488 2905 5558 propinquat
2937 5501 3164 5558 corpore
3189 5505 3203 5542 :
3233 5486 3334 5542 Gor
3369 5495 3469 5541 au-'

1873 5596 1968 5641 tem
2002 5603 2174 5641 eorum
2197 5585 2343 5656 longe
2367 5593 2438 5639 est
2464 5601 2495 5638 a
2519 5601 2598 5638 me
2623 5582 2774 5655 (1δαὶ.
2802 5598 2955 5648 χχιιι,
2987 5581 3097 5651 i3).
3138 5580 3304 5638 iidem
3336 5597 3462 5654 pro-

1935 5703 1950 5733 ι
1977 5707 2077 5750 Duo
2100 5709 2224 5772 lusa,
2250 5698 2406 5772 Nostis
2427 5696 2538 5772 quia
2551 5696 2944 5772 .dixiproaimos
2969 5697 3076 5769 Dei,
3097 5698 3463 5772 qui_appropin-

1871 5769 2150 5831 quaret-unt.
2174 5772 2265 5814 Sex
2287 5761 2369 5831 alii
2393 5775 2406 5810 :
2433 5759 2586 5831 iyostis
2604 5759 2717 5831 quia
2740 5761 2848 5831 dixi
2871 5759 3140 5831 proicimus,
3159 5759 3278 5828 diri
3288 5759 3463 5831 appro-

1871 5817 2391 5892 pitziquuvertmt.amis
2404 5817 2737 5892 utroque'locp
2759 5817 2940 5886 habet,
2962 5817 3230 5875 άὶπῖιζίΜιο
3255 5817 3462 5890 tat-Idem

1845 5881 2115 5950 _'omi'tt.unt.
2137 5883 2286 5934 Nostis
2308 5882 2424 5948 quid
2449 5881 2558 5934 diali
2574 5881 2831 5946 proximos.
